  <div class='ocr_page' id='page_1' title='image "/cluster/home/n/w/nwhite01/storage/ocr_20150623/105/njp.32101077772893/370.png"; bbox 0 0 2092 3156; ppageno 0'>
   <div class='ocr_carea' id='block_1_1' title="bbox 211 174 264 208">
    <p class='ocr_par' dir='ltr' id='par_1_1' title="bbox 211 174 264 208">
     <span class='ocr_line' id='line_1_1' title="bbox 211 174 264 208; baseline 0.019 -2"><span class='ocrx_word' id='word_1_1' title='bbox 211 174 264 208; x_wconf 79' lang='lat'><strong>617</strong></span> 
     </span>
    </p>
   </div>
   <div class='ocr_carea' id='block_1_2' title="bbox 639 149 1423 205">
    <p class='ocr_par' dir='ltr' id='par_1_2' title="bbox 639 149 1423 205">
     <span class='ocr_line' id='line_1_2' title="bbox 639 149 1423 205; baseline -0.004 -2"><span class='ocrx_word' id='word_1_2' title='bbox 639 149 861 203; x_wconf 79' lang='lat' dir='ltr'><strong>REFIlTATIO</strong></span> <span class='ocrx_word' id='word_1_3' title='bbox 880 169 1075 203; x_wconf 64' lang='lat' dir='ltr'><strong>EPlSTOLAE</strong></span> <span class='ocrx_word' id='word_1_4' title='bbox 1095 151 1211 205; x_wconf 75' lang='lat' dir='ltr'><strong>REGIS</strong></span> <span class='ocrx_word' id='word_1_5' title='bbox 1225 169 1423 201; x_wconf 71' lang='grc' dir='ltr'><strong>ΑΒΜΕΝΙᾸΞ.</strong></span> 
     </span>
    </p>
   </div>
   <div class='ocr_carea' id='block_1_3' title="bbox 1791 170 1846 203">
    <p class='ocr_par' dir='ltr' id='par_1_3' title="bbox 1791 170 1846 203">
     <span class='ocr_line' id='line_1_3' title="bbox 1791 170 1846 203; baseline 0 0"><span class='ocrx_word' id='word_1_6' title='bbox 1791 170 1846 203; x_wconf 74' lang='grc'><strong>618</strong></span> 
     </span>
    </p>
   </div>
   <div class='ocr_carea' id='block_1_4' title="bbox 212 227 1004 267">
    <p class='ocr_par' dir='ltr' id='par_1_4' title="bbox 212 229 1004 267">
     <span class='ocr_line' id='line_1_4' title="bbox 212 229 1004 267; baseline -0.003 -8"><span class='ocrx_word' id='word_1_7' title='bbox 212 233 312 267; x_wconf 74' lang='grc' dir='ltr'>νοήσας</span> <span class='ocrx_word' id='word_1_8' title='bbox 327 230 398 258; x_wconf 82' lang='grc' dir='ltr'><strong>κατὰ</strong></span> <span class='ocrx_word' id='word_1_9' title='bbox 432 230 462 257; x_wconf 77' lang='grc' dir='ltr'><strong>τὸ</strong></span> <span class='ocrx_word' id='word_1_10' title='bbox 481 229 606 266; x_wconf 84' lang='grc' dir='ltr'>βούλημα</span> <span class='ocrx_word' id='word_1_11' title='bbox 620 231 652 257; x_wconf 79' lang='grc' dir='ltr'><strong>τὸ</strong></span> <span class='ocrx_word' id='word_1_12' title='bbox 668 229 910 266; x_wconf 72' lang='grc' dir='ltr'><strong>ἐκκλησιαστικὸν,</strong></span> <span class='ocrx_word' id='word_1_13' title='bbox 929 230 944 257; x_wconf 78' lang='grc' dir='ltr'><strong>ὃ</strong></span> <span class='ocrx_word' id='word_1_14' title='bbox 959 230 1004 257; x_wconf 78' lang='grc' dir='ltr'><strong>καὶ</strong></span> 
     </span>
    </p>
   </div>
   <div class='ocr_carea' id='block_1_5' title="bbox 1055 227 1854 267">
    <p class='ocr_par' dir='ltr' id='par_1_5' title="bbox 1057 227 1854 264">
     <span class='ocr_line' id='line_1_5' title="bbox 1057 227 1854 264; baseline 0.001 -8"><span class='ocrx_word' id='word_1_15' title='bbox 1057 236 1146 264; x_wconf 87' lang='lat' dir='ltr'><strong>neque</strong></span> <span class='ocrx_word' id='word_1_16' title='bbox 1161 229 1188 256; x_wconf 91' lang='lat' dir='ltr'><strong>in</strong></span> <span class='ocrx_word' id='word_1_17' title='bbox 1200 229 1277 256; x_wconf 69' lang='lat' dir='ltr'><strong>hisee</strong></span> <span class='ocrx_word' id='word_1_18' title='bbox 1288 236 1352 257; x_wconf 89' lang='lat' dir='ltr'><strong>cum</strong></span> <span class='ocrx_word' id='word_1_19' title='bbox 1367 235 1401 256; x_wconf 92' lang='lat' dir='ltr'><strong>eo</strong></span> <span class='ocrx_word' id='word_1_20' title='bbox 1416 228 1565 256; x_wconf 73' lang='lat' dir='ltr'><strong>consentit.</strong></span> <span class='ocrx_word' id='word_1_21' title='bbox 1583 227 1687 256; x_wconf 91' lang='lat' dir='ltr'><strong>Scribit</strong></span> <span class='ocrx_word' id='word_1_22' title='bbox 1704 227 1854 257; x_wconf 77' lang='lat' dir='ltr'><strong>Nestorins</strong></span> 
     </span>
    </p>
   </div>
   <div class='ocr_carea' id='block_1_6' title="bbox 211 277 1006 314">
    <p class='ocr_par' dir='ltr' id='par_1_6' title="bbox 211 277 1006 314">
     <span class='ocr_line' id='line_1_6' title="bbox 211 277 1006 314; baseline -0.001 -9"><span class='ocrx_word' id='word_1_23' title='bbox 211 279 367 314; x_wconf 82' lang='grc' dir='ltr'><strong>φθάσαντες</strong></span> <span class='ocrx_word' id='word_1_24' title='bbox 384 278 510 313; x_wconf 78' lang='grc' dir='ltr'>εἴπομεν,</span> <span class='ocrx_word' id='word_1_25' title='bbox 536 278 567 304; x_wconf 89' lang='grc' dir='ltr'><strong>οὺ</strong></span> <span class='ocrx_word' id='word_1_26' title='bbox 598 277 788 311; x_wconf 83' lang='grc' dir='ltr'>συναπάγεται</span> <span class='ocrx_word' id='word_1_27' title='bbox 801 278 835 313; x_wconf 74' lang='grc' dir='ltr'><strong>τῇ</strong></span> <span class='ocrx_word' id='word_1_28' title='bbox 857 277 1006 313; x_wconf 75' lang='grc' dir='ltr'>διεστραμσ</span> 
     </span>
    </p>
   </div>
   <div class='ocr_carea' id='block_1_7' title="bbox 213 323 1008 363">
    <p class='ocr_par' dir='ltr' id='par_1_7' title="bbox 213 323 1008 363">
     <span class='ocr_line' id='line_1_7' title="bbox 213 323 1008 363; baseline -0.004 -10"><span class='ocrx_word' id='word_1_29' title='bbox 213 326 283 363; x_wconf 77' lang='grc' dir='ltr'>μένῃ</span> <span class='ocrx_word' id='word_1_30' title='bbox 299 324 448 361; x_wconf 79' lang='grc' dir='ltr'>νοήσειτοῦ</span> <span class='ocrx_word' id='word_1_31' title='bbox 463 324 613 360; x_wconf 80' lang='grc' dir='ltr'>Νεστορίου</span> <span class='ocrx_word' id='word_1_32' title='bbox 627 332 634 340; x_wconf 81' lang='lat'>&#39;</span> <span class='ocrx_word' id='word_1_33' title='bbox 652 324 696 351; x_wconf 87' lang='grc' dir='ltr'>διά</span> <span class='ocrx_word' id='word_1_34' title='bbox 711 333 752 351; x_wconf 83' lang='grc' dir='ltr'><strong>τοι</strong></span> <span class='ocrx_word' id='word_1_35' title='bbox 768 323 848 351; x_wconf 84' lang='grc' dir='ltr'><strong>τοῦτο</strong></span> <span class='ocrx_word' id='word_1_36' title='bbox 861 323 921 351; x_wconf 76' lang='grc' dir='ltr'><strong>οὐδὲ</strong></span> <span class='ocrx_word' id='word_1_37' title='bbox 938 332 1008 358; x_wconf 81' lang='grc' dir='ltr'>συμ-</span> 
     </span>
    </p>
   </div>
   <div class='ocr_carea' id='block_1_8' title="bbox 212 369 1005 408">
    <p class='ocr_par' dir='ltr' id='par_1_8' title="bbox 212 369 1005 408">
     <span class='ocr_line' id='line_1_8' title="bbox 212 369 1005 408; baseline -0.005 -9"><span class='ocrx_word' id='word_1_38' title='bbox 212 373 307 408; x_wconf 79' lang='grc' dir='ltr'>φρονεῖ</span> <span class='ocrx_word' id='word_1_39' title='bbox 318 371 394 407; x_wconf 81' lang='grc' dir='ltr'><strong>αὐτῷ</strong></span> <span class='ocrx_word' id='word_1_40' title='bbox 410 372 439 398; x_wconf 86' lang='grc' dir='ltr'><strong>ὲν</strong></span> <span class='ocrx_word' id='word_1_41' title='bbox 452 370 570 402; x_wconf 84' lang='grc' dir='ltr'><strong>τούτοις.</strong></span> <span class='ocrx_word' id='word_1_42' title='bbox 591 370 696 406; x_wconf 67' lang='grc' dir='ltr'>Γράφει</span> <span class='ocrx_word' id='word_1_43' title='bbox 718 370 878 405; x_wconf 84' lang='grc' dir='ltr'>Νεστόριος,</span> <span class='ocrx_word' id='word_1_44' title='bbox 895 369 944 401; x_wconf 79' lang='grc' dir='ltr'><strong>τὰς</strong></span> <span class='ocrx_word' id='word_1_45' title='bbox 958 369 1005 395; x_wconf 77' lang='grc' dir='ltr'><strong>δύο</strong></span> 
     </span>
    </p>
   </div>
   <div class='ocr_carea' id='block_1_9' title="bbox 213 415 1006 452">
    <p class='ocr_par' dir='ltr' id='par_1_9' title="bbox 213 415 1006 452">
     <span class='ocr_line' id='line_1_9' title="bbox 213 415 1006 452; baseline -0.003 -8"><span class='ocrx_word' id='word_1_46' title='bbox 213 417 309 452; x_wconf 86' lang='grc' dir='ltr'>φύσεις</span> <span class='ocrx_word' id='word_1_47' title='bbox 337 416 384 444; x_wconf 84' lang='grc' dir='ltr'><strong>τοῦ</strong></span> <span class='ocrx_word' id='word_1_48' title='bbox 410 416 530 451; x_wconf 78' lang='grc' dir='ltr'><strong>Χριστοῦ</strong></span> <span class='ocrx_word' id='word_1_49' title='bbox 555 415 690 451; x_wconf 71' lang='grc' dir='ltr'>χωρίζων,</span> <span class='ocrx_word' id='word_1_50' title='bbox 706 416 748 443; x_wconf 82' lang='grc' dir='ltr'><strong>ὅτι</strong></span> <span class='ocrx_word' id='word_1_51' title='bbox 769 415 866 449; x_wconf 64' lang='grc' dir='ltr'><strong>Διατλῆ</strong></span> <span class='ocrx_word' id='word_1_52' title='bbox 887 415 972 443; x_wconf 74' lang='grc' dir='ltr'><strong>ἐστιν</strong></span> <span class='ocrx_word' id='word_1_53' title='bbox 987 415 1006 449; x_wconf 71' lang='grc' dir='ltr'>ἡ</span> 
     </span>
    </p>
   </div>
   <div class='ocr_carea' id='block_1_10' title="bbox 210 461 1007 498">
    <p class='ocr_par' dir='ltr' id='par_1_10' title="bbox 210 461 1007 498">
     <span class='ocr_line' id='line_1_10' title="bbox 210 461 1007 498; baseline -0.004 -7"><span class='ocrx_word' id='word_1_54' title='bbox 210 464 303 498; x_wconf 70' lang='grc' dir='ltr'><em>φύσις</em></span> <span class='ocrx_word' id='word_1_55' title='bbox 319 464 362 496; x_wconf 82' lang='grc' dir='ltr'>είς</span> <span class='ocrx_word' id='word_1_56' title='bbox 374 462 410 490; x_wconf 80' lang='grc' dir='ltr'>ἐν</span> <span class='ocrx_word' id='word_1_57' title='bbox 420 463 545 497; x_wconf 79' lang='grc' dir='ltr'>ἀξίωμα.</span> <span class='ocrx_word' id='word_1_58' title='bbox 558 462 663 498; x_wconf 84' lang='grc' dir='ltr'><strong>Γράφει</strong></span> <span class='ocrx_word' id='word_1_59' title='bbox 684 462 761 489; x_wconf 84' lang='grc' dir='ltr'><strong>Λέων</strong></span> <span class='ocrx_word' id='word_1_60' title='bbox 771 470 778 477; x_wconf 94' lang='grc'><strong>·</strong></span> <span class='ocrx_word' id='word_1_61' title='bbox 798 461 833 489; x_wconf 86' lang='grc' dir='ltr'><strong>Τὸ</strong></span> <span class='ocrx_word' id='word_1_62' title='bbox 853 461 1007 496; x_wconf 82' lang='grc' dir='ltr'><strong>πεινῆσαι,</strong></span> 
     </span>
    </p>
   </div>
   <div class='ocr_carea' id='block_1_11' title="bbox 211 507 1009 543">
    <p class='ocr_par' dir='ltr' id='par_1_11' title="bbox 211 507 1009 543">
     <span class='ocr_line' id='line_1_11' title="bbox 211 507 1009 543; baseline -0.003 -7"><span class='ocrx_word' id='word_1_63' title='bbox 211 509 260 536; x_wconf 75' lang='grc' dir='ltr'><strong>καὶ</strong></span> <span class='ocrx_word' id='word_1_64' title='bbox 277 508 417 543; x_wconf 71' lang='grc' dir='ltr'><strong>διψῆσαι,</strong></span> <span class='ocrx_word' id='word_1_65' title='bbox 447 508 498 535; x_wconf 77' lang='grc' dir='ltr'><strong>καὶ</strong></span> <span class='ocrx_word' id='word_1_66' title='bbox 524 507 678 540; x_wconf 76' lang='grc' dir='ltr'>κοπιάσαι,</span> <span class='ocrx_word' id='word_1_67' title='bbox 700 507 900 542; x_wconf 78' lang='grc' dir='ltr'>ἀνθρώπινον,</span> <span class='ocrx_word' id='word_1_68' title='bbox 917 508 950 535; x_wconf 82' lang='grc' dir='ltr'><strong>τὸ</strong></span> <span class='ocrx_word' id='word_1_69' title='bbox 975 507 1009 534; x_wconf 78' lang='grc' dir='ltr'>δὲ</span> 
     </span>
    </p>
   </div>
   <div class='ocr_carea' id='block_1_12' title="bbox 210 553 1008 589">
    <p class='ocr_par' dir='ltr' id='par_1_12' title="bbox 210 553 1008 589">
     <span class='ocr_line' id='line_1_12' title="bbox 210 553 1008 589; baseline -0.001 -7"><span class='ocrx_word' id='word_1_70' title='bbox 210 556 246 583; x_wconf 81' lang='grc' dir='ltr'>ἐκ</span> <span class='ocrx_word' id='word_1_71' title='bbox 260 555 351 582; x_wconf 79' lang='grc' dir='ltr'>πέντε</span> <span class='ocrx_word' id='word_1_72' title='bbox 367 555 464 589; x_wconf 79' lang='grc' dir='ltr'>ἄρτων</span> <span class='ocrx_word' id='word_1_73' title='bbox 485 554 600 589; x_wconf 74' lang='grc' dir='ltr'>ἄνδρας</span> <span class='ocrx_word' id='word_1_74' title='bbox 620 555 889 589; x_wconf 75' lang='grc' dir='ltr'><strong>πεντακισχιλίους</strong></span> <span class='ocrx_word' id='word_1_75' title='bbox 901 553 1008 589; x_wconf 76' lang='grc' dir='ltr'>χορτά-</span> 
     </span>
    </p>
   </div>
   <div class='ocr_carea' id='block_1_13' title="bbox 211 599 1010 636">
    <p class='ocr_par' dir='ltr' id='par_1_13' title="bbox 211 599 1010 636">
     <span class='ocr_line' id='line_1_13' title="bbox 211 599 1010 636; baseline -0.001 -7"><span class='ocrx_word' id='word_1_76' title='bbox 211 610 274 635; x_wconf 86' lang='grc' dir='ltr'><strong>σαι,</strong></span> <span class='ocrx_word' id='word_1_77' title='bbox 304 602 355 629; x_wconf 74' lang='grc' dir='ltr'>καί</span> <span class='ocrx_word' id='word_1_78' title='bbox 378 601 412 628; x_wconf 87' lang='grc' dir='ltr'><strong>τὸ</strong></span> <span class='ocrx_word' id='word_1_79' title='bbox 431 601 510 636; x_wconf 79' lang='grc' dir='ltr'>ὕδωρ</span> <span class='ocrx_word' id='word_1_80' title='bbox 533 601 567 627; x_wconf 77' lang='grc' dir='ltr'><strong>τὸ</strong></span> <span class='ocrx_word' id='word_1_81' title='bbox 584 600 640 631; x_wconf 82' lang='grc' dir='ltr'><strong>ζῶν</strong></span> <span class='ocrx_word' id='word_1_82' title='bbox 651 602 835 635; x_wconf 81' lang='grc' dir='ltr'>χαρίσασθαι</span> <span class='ocrx_word' id='word_1_83' title='bbox 858 599 896 635; x_wconf 79' lang='grc' dir='ltr'><strong>τῇ</strong></span> <span class='ocrx_word' id='word_1_84' title='bbox 913 603 1010 636; x_wconf 88' lang='grc' dir='ltr'>Σαμα-</span> 
     </span>
    </p>
   </div>
   <div class='ocr_carea' id='block_1_14' title="bbox 209 645 1009 682">
    <p class='ocr_par' dir='ltr' id='par_1_14' title="bbox 209 645 1009 682">
     <span class='ocr_line' id='line_1_14' title="bbox 209 645 1009 682; baseline -0.001 -8"><span class='ocrx_word' id='word_1_85' title='bbox 209 647 326 682; x_wconf 79' lang='grc' dir='ltr'><strong>ρείτιδι,</strong></span> <span class='ocrx_word' id='word_1_86' title='bbox 343 646 433 674; x_wconf 82' lang='grc' dir='ltr'><strong>τοῦτο</strong></span> <span class='ocrx_word' id='word_1_87' title='bbox 448 647 599 680; x_wconf 86' lang='grc' dir='ltr'><strong>θεότητος.</strong></span> <span class='ocrx_word' id='word_1_88' title='bbox 624 645 694 673; x_wconf 80' lang='grc' dir='ltr'><strong>Ἀλλ’</strong></span> <span class='ocrx_word' id='word_1_89' title='bbox 718 647 733 674; x_wconf 80' lang='grc' dir='ltr'><strong>ὁ</strong></span> <span class='ocrx_word' id='word_1_90' title='bbox 755 647 805 682; x_wconf 79' lang='grc' dir='ltr'>μὲν</span> <span class='ocrx_word' id='word_1_91' title='bbox 819 646 966 682; x_wconf 81' lang='grc' dir='ltr'>Νεστόριος</span> <span class='ocrx_word' id='word_1_92' title='bbox 978 648 1009 673; x_wconf 82' lang='grc' dir='ltr'>οὐ</span> 
     </span>
    </p>
   </div>
   <div class='ocr_carea' id='block_1_15' title="bbox 210 692 1009 728">
    <p class='ocr_par' dir='ltr' id='par_1_15' title="bbox 210 692 1009 728">
     <span class='ocr_line' id='line_1_15' title="bbox 210 692 1009 728; baseline -0.001 -8"><span class='ocrx_word' id='word_1_93' title='bbox 210 693 255 720; x_wconf 78' lang='grc' dir='ltr'>διὰ</span> <span class='ocrx_word' id='word_1_94' title='bbox 273 693 304 720; x_wconf 84' lang='grc' dir='ltr'><strong>τὸ</strong></span> <span class='ocrx_word' id='word_1_95' title='bbox 325 694 425 726; x_wconf 81' lang='grc' dir='ltr'>εἰπεῖν,</span> <span class='ocrx_word' id='word_1_96' title='bbox 452 692 549 727; x_wconf 80' lang='grc' dir='ltr'><strong>Διπλῆ</strong></span> <span class='ocrx_word' id='word_1_97' title='bbox 566 693 653 720; x_wconf 81' lang='grc' dir='ltr'><strong>ἐστιν</strong></span> <span class='ocrx_word' id='word_1_98' title='bbox 670 693 689 726; x_wconf 87' lang='grc' dir='ltr'><em>ὴ</em></span> <span class='ocrx_word' id='word_1_99' title='bbox 704 693 808 727; x_wconf 70' lang='grc' dir='ltr'><em>φύσις,</em></span> <span class='ocrx_word' id='word_1_100' title='bbox 828 693 878 728; x_wconf 67' lang='grc' dir='ltr'><strong>ἤδη</strong></span> <span class='ocrx_word' id='word_1_101' title='bbox 890 693 1009 720; x_wconf 82' lang='grc' dir='ltr'>κατακέ-</span> 
     </span>
    </p>
   </div>
   <div class='ocr_carea' id='block_1_16' title="bbox 211 738 1010 775">
    <p class='ocr_par' dir='ltr' id='par_1_16' title="bbox 211 738 1010 775">
     <span class='ocr_line' id='line_1_16' title="bbox 211 738 1010 775; baseline 0 -10"><span class='ocrx_word' id='word_1_102' title='bbox 211 748 306 775; x_wconf 87' lang='grc' dir='ltr'>κριται</span> <span class='ocrx_word' id='word_1_103' title='bbox 322 748 329 754; x_wconf 87' lang='grc'>·</span> <span class='ocrx_word' id='word_1_104' title='bbox 344 738 465 765; x_wconf 85' lang='grc' dir='ltr'>πλεῖστοι</span> <span class='ocrx_word' id='word_1_105' title='bbox 477 739 532 773; x_wconf 89' lang='grc' dir='ltr'><strong>γὰρ</strong></span> <span class='ocrx_word' id='word_1_106' title='bbox 547 738 615 771; x_wconf 83' lang='grc' dir='ltr'>ὅσοι,</span> <span class='ocrx_word' id='word_1_107' title='bbox 637 738 737 773; x_wconf 80' lang='grc' dir='ltr'>μᾶλλον</span> <span class='ocrx_word' id='word_1_108' title='bbox 751 738 779 765; x_wconf 80' lang='grc' dir='ltr'>δὲ</span> <span class='ocrx_word' id='word_1_109' title='bbox 799 738 900 770; x_wconf 87' lang='grc' dir='ltr'>πάντες</span> <span class='ocrx_word' id='word_1_110' title='bbox 914 738 939 765; x_wconf 88' lang='grc' dir='ltr'><strong>οἱ</strong></span> <span class='ocrx_word' id='word_1_111' title='bbox 950 738 1010 765; x_wconf 83' lang='grc' dir='ltr'>θεο-</span> 
     </span>
    </p>
   </div>
   <div class='ocr_carea' id='block_1_17' title="bbox 212 783 1009 820">
    <p class='ocr_par' dir='ltr' id='par_1_17' title="bbox 212 783 1009 820">
     <span class='ocr_line' id='line_1_17' title="bbox 212 783 1009 820; baseline 0 -9"><span class='ocrx_word' id='word_1_112' title='bbox 212 785 291 820; x_wconf 74' lang='grc' dir='ltr'>φόροι</span> <span class='ocrx_word' id='word_1_113' title='bbox 307 784 429 820; x_wconf 85' lang='grc' dir='ltr'>Πατέρες</span> <span class='ocrx_word' id='word_1_114' title='bbox 442 783 518 811; x_wconf 79' lang='grc' dir='ltr'>τουτὶ</span> <span class='ocrx_word' id='word_1_115' title='bbox 546 783 736 820; x_wconf 84' lang='grc' dir='ltr'>διατρανοῠσιν</span> <span class='ocrx_word' id='word_1_116' title='bbox 750 784 798 810; x_wconf 71' lang='grc' dir='ltr'>ἐπὶ</span> <span class='ocrx_word' id='word_1_117' title='bbox 823 783 955 819; x_wconf 77' lang='grc' dir='ltr'><strong>Χριστοῦ,</strong></span> <span class='ocrx_word' id='word_1_118' title='bbox 969 785 1009 811; x_wconf 85' lang='grc' dir='ltr'><strong>ὃτι</strong></span> 
     </span>
    </p>
   </div>
   <div class='ocr_carea' id='block_1_18' title="bbox 211 828 1009 866">
    <p class='ocr_par' dir='ltr' id='par_1_18' title="bbox 211 828 1009 866">
     <span class='ocr_line' id='line_1_18' title="bbox 211 828 1009 866; baseline 0 -9"><span class='ocrx_word' id='word_1_119' title='bbox 211 829 323 862; x_wconf 79' lang='grc' dir='ltr'><strong>διπλοῦς</strong></span> <span class='ocrx_word' id='word_1_120' title='bbox 339 828 384 866; x_wconf 75' lang='grc' dir='ltr'><strong>ἦν.</strong></span> <span class='ocrx_word' id='word_1_121' title='bbox 403 830 459 857; x_wconf 83' lang='grc' dir='ltr'><strong>Καὶ</strong></span> <span class='ocrx_word' id='word_1_122' title='bbox 473 830 590 856; x_wconf 78' lang='grc' dir='ltr'>ἄκουσον</span> <span class='ocrx_word' id='word_1_123' title='bbox 606 829 653 856; x_wconf 78' lang='grc' dir='ltr'><strong>τοῦ</strong></span> <span class='ocrx_word' id='word_1_124' title='bbox 667 830 698 857; x_wconf 83' lang='grc' dir='ltr'><strong>ὲν</strong></span> <span class='ocrx_word' id='word_1_125' title='bbox 711 830 837 866; x_wconf 80' lang='grc' dir='ltr'>θεολογίᾳ</span> <span class='ocrx_word' id='word_1_126' title='bbox 856 830 1009 866; x_wconf 89' lang='grc' dir='ltr'>Γρηγορίου</span> 
     </span>
    </p>
   </div>
   <div class='ocr_carea' id='block_1_19' title="bbox 210 875 1009 911">
    <p class='ocr_par' dir='ltr' id='par_1_19' title="bbox 210 875 1009 911">
     <span class='ocr_line' id='line_1_19' title="bbox 210 875 1009 911; baseline 0 -8"><span class='ocrx_word' id='word_1_127' title='bbox 210 877 337 911; x_wconf 72' lang='grc' dir='ltr'>λέγοντος</span> <span class='ocrx_word' id='word_1_128' title='bbox 349 885 356 892; x_wconf 93' lang='grc'><strong>·</strong></span> <span class='ocrx_word' id='word_1_129' title='bbox 368 876 503 909; x_wconf 70' lang='grc' dir='ltr'><strong>Διπλοῦς</strong></span> <span class='ocrx_word' id='word_1_130' title='bbox 515 875 644 910; x_wconf 52' lang='lat' dir='ltr'><strong>ﬁta-£2162</strong></span> <span class='ocrx_word' id='word_1_131' title='bbox 656 875 706 903; x_wconf 75' lang='grc' dir='ltr'><strong>καὶ</strong></span> <span class='ocrx_word' id='word_1_132' title='bbox 719 876 874 909; x_wconf 75' lang='grc' dir='ltr'><strong>ἐκοπίασε,</strong></span> <span class='ocrx_word' id='word_1_133' title='bbox 890 876 1009 903; x_wconf 59' lang='lat' dir='ltr'><strong>ualedi-</strong></span> 
     </span>
    </p>
   </div>
   <div class='ocr_carea' id='block_1_20' title="bbox 211 920 1013 958">
    <p class='ocr_par' dir='ltr' id='par_1_20' title="bbox 211 920 1013 958">
     <span class='ocr_line' id='line_1_20' title="bbox 211 920 1013 958; baseline 0 -9"><span class='ocrx_word' id='word_1_134' title='bbox 211 923 305 956; x_wconf 70' lang='grc' dir='ltr'><strong>ψησε,</strong></span> <span class='ocrx_word' id='word_1_135' title='bbox 318 922 368 949; x_wconf 79' lang='grc' dir='ltr'>καὶ</span> <span class='ocrx_word' id='word_1_136' title='bbox 380 921 439 949; x_wconf 82' lang='grc' dir='ltr'><strong>ὅσα</strong></span> <span class='ocrx_word' id='word_1_137' title='bbox 452 923 536 957; x_wconf 84' lang='grc' dir='ltr'>νόμῳ</span> <span class='ocrx_word' id='word_1_138' title='bbox 551 921 690 957; x_wconf 83' lang='grc' dir='ltr'>σώματος</span> <span class='ocrx_word' id='word_1_139' title='bbox 702 920 741 958; x_wconf 83' lang='grc' dir='ltr'>ἦν</span> <span class='ocrx_word' id='word_1_140' title='bbox 750 930 757 938; x_wconf 90' lang='grc'><strong>·</strong></span> <span class='ocrx_word' id='word_1_141' title='bbox 770 922 826 949; x_wconf 83' lang='grc' dir='ltr'><strong>ἁλλ’</strong></span> <span class='ocrx_word' id='word_1_142' title='bbox 839 923 881 949; x_wconf 82' lang='grc' dir='ltr'><strong>ὃτι</strong></span> <span class='ocrx_word' id='word_1_143' title='bbox 896 922 1013 958; x_wconf 80' lang='grc' dir='ltr'>ἐπήνεγ-</span> 
     </span>
    </p>
   </div>
   <div class='ocr_carea' id='block_1_21' title="bbox 212 968 1008 1004">
    <p class='ocr_par' dir='ltr' id='par_1_21' title="bbox 212 968 1008 1004">
     <span class='ocr_line' id='line_1_21' title="bbox 212 968 1008 1004; baseline -0.001 -8"><span class='ocrx_word' id='word_1_144' title='bbox 212 977 271 1001; x_wconf 85' lang='grc' dir='ltr'><strong>κεν,</strong></span> <span class='ocrx_word' id='word_1_145' title='bbox 286 970 330 1001; x_wconf 73' lang='lat' dir='ltr'><strong>sic</strong></span> <span class='ocrx_word' id='word_1_146' title='bbox 344 968 380 996; x_wconf 81' lang='grc' dir='ltr'>ἐν</span> <span class='ocrx_word' id='word_1_147' title='bbox 397 968 524 1003; x_wconf 80' lang='grc' dir='ltr'>ἀξίωμα,</span> <span class='ocrx_word' id='word_1_148' title='bbox 544 968 668 1004; x_wconf 77' lang='grc' dir='ltr'>ἐναργῶς</span> <span class='ocrx_word' id='word_1_149' title='bbox 689 968 831 1003; x_wconf 84' lang='grc' dir='ltr'><strong>ὑποδηλῶν</strong></span> <span class='ocrx_word' id='word_1_150' title='bbox 847 968 896 999; x_wconf 68' lang='grc' dir='ltr'><strong>τὰς</strong></span> <span class='ocrx_word' id='word_1_151' title='bbox 911 969 1008 1003; x_wconf 81' lang='grc' dir='ltr'>φύσεις</span> 
     </span>
    </p>
   </div>
   <div class='ocr_carea' id='block_1_22' title="bbox 212 1014 1008 1051">
    <p class='ocr_par' dir='ltr' id='par_1_22' title="bbox 212 1014 1008 1051">
     <span class='ocr_line' id='line_1_22' title="bbox 212 1014 1008 1051; baseline 0.001 -10"><span class='ocrx_word' id='word_1_152' title='bbox 212 1014 432 1050; x_wconf 79' lang='grc' dir='ltr'><strong>κεχωρισμένας,</strong></span> <span class='ocrx_word' id='word_1_153' title='bbox 447 1015 494 1041; x_wconf 75' lang='grc' dir='ltr'>καὶ</span> <span class='ocrx_word' id='word_1_154' title='bbox 509 1014 711 1047; x_wconf 79' lang='grc' dir='ltr'>ἰδιοσυστὰτους</span> <span class='ocrx_word' id='word_1_155' title='bbox 735 1014 830 1049; x_wconf 79' lang='grc' dir='ltr'>ποιῶν,</span> <span class='ocrx_word' id='word_1_156' title='bbox 851 1015 898 1042; x_wconf 78' lang='grc' dir='ltr'>καὶ</span> <span class='ocrx_word' id='word_1_157' title='bbox 917 1024 1008 1051; x_wconf 84' lang='grc' dir='ltr'>σχετι-</span> 
     </span>
    </p>
   </div>
   <div class='ocr_carea' id='block_1_23' title="bbox 211 1060 1005 1098">
    <p class='ocr_par' dir='ltr' id='par_1_23' title="bbox 211 1060 1005 1098">
     <span class='ocr_line' id='line_1_23' title="bbox 211 1060 1005 1098; baseline 0.001 -11"><span class='ocrx_word' id='word_1_158' title='bbox 211 1060 275 1096; x_wconf 80' lang='grc' dir='ltr'>κὴν,</span> <span class='ocrx_word' id='word_1_159' title='bbox 290 1061 363 1095; x_wconf 80' lang='grc' dir='ltr'>λέγω</span> <span class='ocrx_word' id='word_1_160' title='bbox 392 1060 426 1096; x_wconf 81' lang='grc' dir='ltr'>δὴ</span> <span class='ocrx_word' id='word_1_161' title='bbox 450 1060 500 1096; x_wconf 80' lang='grc' dir='ltr'><strong>τὴν</strong></span> <span class='ocrx_word' id='word_1_162' title='bbox 515 1061 586 1088; x_wconf 87' lang='grc' dir='ltr'>κατὰ</span> <span class='ocrx_word' id='word_1_163' title='bbox 610 1061 752 1097; x_wconf 83' lang='grc' dir='ltr'>ἀναφορὰν</span> <span class='ocrx_word' id='word_1_164' title='bbox 764 1060 920 1097; x_wconf 79' lang='grc' dir='ltr'>ἀξιώματος</span> <span class='ocrx_word' id='word_1_165' title='bbox 936 1062 1005 1098; x_wconf 82' lang='grc' dir='ltr'>πρὸς</span> 
     </span>
    </p>
   </div>
   <div class='ocr_carea' id='block_1_24' title="bbox 211 1106 1008 1143">
    <p class='ocr_par' dir='ltr' id='par_1_24' title="bbox 211 1106 1008 1143">
     <span class='ocr_line' id='line_1_24' title="bbox 211 1106 1008 1143; baseline 0.001 -9"><span class='ocrx_word' id='word_1_166' title='bbox 211 1107 258 1134; x_wconf 86' lang='grc' dir='ltr'><strong>τὸν</strong></span> <span class='ocrx_word' id='word_1_167' title='bbox 270 1106 342 1134; x_wconf 85' lang='grc' dir='ltr'>θεῖον</span> <span class='ocrx_word' id='word_1_168' title='bbox 368 1106 456 1141; x_wconf 77' lang='grc' dir='ltr'>Λόγον</span> <span class='ocrx_word' id='word_1_169' title='bbox 484 1107 534 1142; x_wconf 83' lang='grc' dir='ltr'><strong>τὴν</strong></span> <span class='ocrx_word' id='word_1_170' title='bbox 557 1106 732 1142; x_wconf 73' lang='grc' dir='ltr'><strong>ἀνθρωπίνην</strong></span> <span class='ocrx_word' id='word_1_171' title='bbox 753 1107 834 1142; x_wconf 70' lang='grc' dir='ltr'>φύσιν</span> <span class='ocrx_word' id='word_1_172' title='bbox 848 1107 897 1143; x_wconf 81' lang='grc' dir='ltr'><strong>τὴν</strong></span> <span class='ocrx_word' id='word_1_173' title='bbox 909 1107 1008 1135; x_wconf 67' lang='grc' dir='ltr'>ἕνωσιν</span> 
     </span>
    </p>
   </div>
   <div class='ocr_carea' id='block_1_25' title="bbox 211 1152 1007 1190">
    <p class='ocr_par' dir='ltr' id='par_1_25' title="bbox 211 1152 1007 1190">
     <span class='ocr_line' id='line_1_25' title="bbox 211 1152 1007 1190; baseline 0.001 -10"><span class='ocrx_word' id='word_1_174' title='bbox 211 1152 380 1189; x_wconf 81' lang='grc' dir='ltr'>κεκτῆσθαι·</span> <span class='ocrx_word' id='word_1_175' title='bbox 414 1153 460 1180; x_wconf 85' lang='grc' dir='ltr'>διὰ</span> <span class='ocrx_word' id='word_1_176' title='bbox 488 1162 529 1180; x_wconf 86' lang='grc' dir='ltr'><strong>τοι</strong></span> <span class='ocrx_word' id='word_1_177' title='bbox 543 1153 624 1180; x_wconf 82' lang='grc' dir='ltr'><strong>τοῦτο</strong></span> <span class='ocrx_word' id='word_1_178' title='bbox 643 1153 690 1180; x_wconf 73' lang='grc' dir='ltr'>καὶ</span> <span class='ocrx_word' id='word_1_179' title='bbox 704 1153 868 1190; x_wconf 76' lang='grc' dir='ltr'><strong>ἀπόϐλητος.</strong></span> <span class='ocrx_word' id='word_1_180' title='bbox 888 1155 917 1180; x_wconf 89' lang='lat' dir='ltr'><strong>&#39;U</strong></span> <span class='ocrx_word' id='word_1_181' title='bbox 931 1154 959 1181; x_wconf 83' lang='grc' dir='ltr'>δὲ</span> <span class='ocrx_word' id='word_1_182' title='bbox 975 1155 1007 1190; x_wconf 84' lang='grc' dir='ltr'>δὴ</span> 
     </span>
    </p>
   </div>
   <div class='ocr_carea' id='block_1_26' title="bbox 210 1198 1008 1235">
    <p class='ocr_par' dir='ltr' id='par_1_26' title="bbox 210 1198 1008 1235">
     <span class='ocr_line' id='line_1_26' title="bbox 210 1198 1008 1235; baseline 0 -9"><span class='ocrx_word' id='word_1_183' title='bbox 210 1199 287 1226; x_wconf 77' lang='grc' dir='ltr'>Λέων</span> <span class='ocrx_word' id='word_1_184' title='bbox 303 1198 452 1234; x_wconf 79' lang='grc' dir='ltr'>ὀρθοδόξως</span> <span class='ocrx_word' id='word_1_185' title='bbox 479 1199 511 1226; x_wconf 81' lang='grc' dir='ltr'><strong>τὸ</strong></span> <span class='ocrx_word' id='word_1_186' title='bbox 532 1199 583 1235; x_wconf 82' lang='grc' dir='ltr'><strong>μὲν</strong></span> <span class='ocrx_word' id='word_1_187' title='bbox 597 1199 720 1234; x_wconf 76' lang='grc' dir='ltr'>διψῆσαι,</span> <span class='ocrx_word' id='word_1_188' title='bbox 737 1200 783 1226; x_wconf 76' lang='grc' dir='ltr'>καὶ</span> <span class='ocrx_word' id='word_1_189' title='bbox 804 1200 944 1235; x_wconf 81' lang='grc' dir='ltr'>πεινῆσαι,</span> <span class='ocrx_word' id='word_1_190' title='bbox 960 1200 1008 1226; x_wconf 80' lang='grc' dir='ltr'>καὶ</span> 
     </span>
    </p>
   </div>
   <div class='ocr_carea' id='block_1_27' title="bbox 211 1244 1007 1281">
    <p class='ocr_par' dir='ltr' id='par_1_27' title="bbox 211 1244 1007 1281">
     <span class='ocr_line' id='line_1_27' title="bbox 211 1244 1007 1281; baseline -0.001 -9"><span class='ocrx_word' id='word_1_191' title='bbox 211 1245 342 1272; x_wconf 83' lang='grc' dir='ltr'>κοπιάσαι</span> <span class='ocrx_word' id='word_1_192' title='bbox 352 1244 397 1272; x_wconf 82' lang='grc' dir='ltr'><strong>τὸν</strong></span> <span class='ocrx_word' id='word_1_193' title='bbox 412 1245 531 1281; x_wconf 79' lang='grc' dir='ltr'>Χριστὸν</span> <span class='ocrx_word' id='word_1_194' title='bbox 543 1245 614 1272; x_wconf 82' lang='grc' dir='ltr'><strong>κατὰ</strong></span> <span class='ocrx_word' id='word_1_195' title='bbox 624 1245 654 1272; x_wconf 78' lang='grc' dir='ltr'><strong>τὸ</strong></span> <span class='ocrx_word' id='word_1_196' title='bbox 666 1244 838 1280; x_wconf 84' lang='grc' dir='ltr'>ἀνθρώπινον</span> <span class='ocrx_word' id='word_1_197' title='bbox 855 1245 961 1281; x_wconf 74' lang='grc' dir='ltr'>εἴρηκε,</span> <span class='ocrx_word' id='word_1_198' title='bbox 977 1245 1007 1271; x_wconf 83' lang='grc' dir='ltr'><strong>τὸ</strong></span> 
     </span>
    </p>
   </div>
   <div class='ocr_carea' id='block_1_28' title="bbox 209 1290 1005 1327">
    <p class='ocr_par' dir='ltr' id='par_1_28' title="bbox 209 1290 1005 1327">
     <span class='ocr_line' id='line_1_28' title="bbox 209 1290 1005 1327; baseline 0 -9"><span class='ocrx_word' id='word_1_199' title='bbox 209 1290 239 1318; x_wconf 78' lang='grc' dir='ltr'>δὲ</span> <span class='ocrx_word' id='word_1_200' title='bbox 271 1291 517 1327; x_wconf 62' lang='grc' dir='ltr'>θαυματουργῖψαι</span> <span class='ocrx_word' id='word_1_201' title='bbox 539 1291 610 1318; x_wconf 85' lang='grc' dir='ltr'>κατὰ</span> <span class='ocrx_word' id='word_1_202' title='bbox 634 1291 665 1318; x_wconf 79' lang='grc' dir='ltr'><strong>τὸ</strong></span> <span class='ocrx_word' id='word_1_203' title='bbox 690 1292 781 1319; x_wconf 75' lang='grc' dir='ltr'>θεϊκὺν</span> <span class='ocrx_word' id='word_1_204' title='bbox 796 1292 878 1327; x_wconf 79' lang='grc' dir='ltr'>μέρος</span> <span class='ocrx_word' id='word_1_205' title='bbox 887 1291 1005 1324; x_wconf 75' lang='grc' dir='ltr'><strong>ἐξέθετο.</strong></span> 
     </span>
    </p>
   </div>
   <div class='ocr_carea' id='block_1_29' title="bbox 210 1337 1007 1374">
    <p class='ocr_par' dir='ltr' id='par_1_29' title="bbox 210 1337 1007 1374">
     <span class='ocr_line' id='line_1_29' title="bbox 210 1337 1007 1374; baseline 0 -10"><span class='ocrx_word' id='word_1_206' title='bbox 210 1337 304 1374; x_wconf 74' lang='grc' dir='ltr'><strong>Ταύτῃ</strong></span> <span class='ocrx_word' id='word_1_207' title='bbox 327 1339 359 1374; x_wconf 80' lang='grc' dir='ltr'><strong>τῇ</strong></span> <span class='ocrx_word' id='word_1_208' title='bbox 379 1337 470 1373; x_wconf 72' lang='grc' dir='ltr'>ἐννοίᾳ</span> <span class='ocrx_word' id='word_1_209' title='bbox 493 1339 511 1373; x_wconf 81' lang='grc' dir='ltr'><strong>ἠ</strong></span> <span class='ocrx_word' id='word_1_210' title='bbox 540 1337 672 1373; x_wconf 74' lang='grc' dir='ltr'>καθολικὴ</span> <span class='ocrx_word' id='word_1_211' title='bbox 695 1338 846 1373; x_wconf 82' lang='grc' dir='ltr'><strong>Ἐκκλησία</strong></span> <span class='ocrx_word' id='word_1_212' title='bbox 875 1338 921 1365; x_wconf 77' lang='grc' dir='ltr'><strong>ἐπὶ</strong></span> <span class='ocrx_word' id='word_1_213' title='bbox 943 1338 1007 1373; x_wconf 79' lang='grc' dir='ltr'>Χρι-</span> 
     </span>
    </p>
   </div>
   <div class='ocr_carea' id='block_1_30' title="bbox 209 1383 1007 1420">
    <p class='ocr_par' dir='ltr' id='par_1_30' title="bbox 209 1383 1007 1420">
     <span class='ocr_line' id='line_1_30' title="bbox 209 1383 1007 1420; baseline 0.001 -10"><span class='ocrx_word' id='word_1_214' title='bbox 209 1383 273 1411; x_wconf 80' lang='grc' dir='ltr'>στοῦ</span> <span class='ocrx_word' id='word_1_215' title='bbox 287 1385 356 1411; x_wconf 82' lang='grc' dir='ltr'>νοεῖν</span> <span class='ocrx_word' id='word_1_216' title='bbox 371 1385 445 1420; x_wconf 73' lang='grc' dir='ltr'>ἡμᾶς</span> <span class='ocrx_word' id='word_1_217' title='bbox 471 1384 637 1417; x_wconf 74' lang='grc' dir='ltr'>ἐκδιδάσκει,</span> <span class='ocrx_word' id='word_1_218' title='bbox 654 1384 688 1410; x_wconf 81' lang='grc' dir='ltr'><strong>τὰ</strong></span> <span class='ocrx_word' id='word_1_219' title='bbox 705 1384 756 1419; x_wconf 83' lang='grc' dir='ltr'><strong>μὲν</strong></span> <span class='ocrx_word' id='word_1_220' title='bbox 779 1384 897 1411; x_wconf 84' lang='grc' dir='ltr'>ταπεινὰ</span> <span class='ocrx_word' id='word_1_221' title='bbox 913 1385 945 1420; x_wconf 83' lang='grc' dir='ltr'><strong>τῇ</strong></span> <span class='ocrx_word' id='word_1_222' title='bbox 960 1385 1007 1411; x_wconf 88' lang='grc' dir='ltr'><strong>ἀν-</strong></span> 
     </span>
    </p>
   </div>
   <div class='ocr_carea' id='block_1_31' title="bbox 209 1429 1005 1465">
    <p class='ocr_par' dir='ltr' id='par_1_31' title="bbox 209 1429 1005 1465">
     <span class='ocr_line' id='line_1_31' title="bbox 209 1429 1005 1465; baseline 0 -9"><span class='ocrx_word' id='word_1_223' title='bbox 209 1429 365 1465; x_wconf 79' lang='grc' dir='ltr'>θρωπότητι</span> <span class='ocrx_word' id='word_1_224' title='bbox 390 1430 598 1465; x_wconf 78' lang='grc' dir='ltr'><strong>προσάπτουσα,</strong></span> <span class='ocrx_word' id='word_1_225' title='bbox 622 1429 657 1457; x_wconf 82' lang='grc' dir='ltr'><strong>τὰ</strong></span> <span class='ocrx_word' id='word_1_226' title='bbox 674 1429 703 1456; x_wconf 82' lang='grc' dir='ltr'>δὲ</span> <span class='ocrx_word' id='word_1_227' title='bbox 725 1429 816 1465; x_wconf 77' lang='grc' dir='ltr'><strong>ὑψηλὰ</strong></span> <span class='ocrx_word' id='word_1_228' title='bbox 834 1431 867 1465; x_wconf 85' lang='grc' dir='ltr'><strong>τῇ</strong></span> <span class='ocrx_word' id='word_1_229' title='bbox 886 1429 1005 1465; x_wconf 86' lang='grc' dir='ltr'><strong>θεότητι.</strong></span> 
     </span>
    </p>
   </div>
   <div class='ocr_carea' id='block_1_32' title="bbox 209 1475 1006 1512">
    <p class='ocr_par' dir='ltr' id='par_1_32' title="bbox 209 1475 1006 1512">
     <span class='ocr_line' id='line_1_32' title="bbox 209 1475 1006 1512; baseline 0.003 -11"><span class='ocrx_word' id='word_1_230' title='bbox 209 1475 333 1511; x_wconf 75' lang='grc' dir='ltr'>Εὐσεϐὴς</span> <span class='ocrx_word' id='word_1_231' title='bbox 348 1475 402 1511; x_wconf 80' lang='grc' dir='ltr'><strong>ἄρα</strong></span> <span class='ocrx_word' id='word_1_232' title='bbox 425 1476 439 1502; x_wconf 85' lang='grc' dir='ltr'>ὁ</span> <span class='ocrx_word' id='word_1_233' title='bbox 461 1476 538 1503; x_wconf 82' lang='grc' dir='ltr'>Λέων</span> <span class='ocrx_word' id='word_1_234' title='bbox 555 1476 756 1508; x_wconf 79' lang='grc' dir='ltr'>ἀποδέδεικται,</span> <span class='ocrx_word' id='word_1_235' title='bbox 776 1477 823 1503; x_wconf 73' lang='lat' dir='ltr'><strong>ml</strong></span> <span class='ocrx_word' id='word_1_236' title='bbox 839 1476 870 1503; x_wconf 80' lang='grc' dir='ltr'>οὐ</span> <span class='ocrx_word' id='word_1_237' title='bbox 892 1484 1006 1512; x_wconf 80' lang='grc' dir='ltr'>συμφω-</span> 
     </span>
    </p>
   </div>
   <div class='ocr_carea' id='block_1_33' title="bbox 209 1521 1004 1559">
    <p class='ocr_par' dir='ltr' id='par_1_33' title="bbox 209 1521 1004 1559">
     <span class='ocr_line' id='line_1_33' title="bbox 209 1521 1004 1559; baseline 0.001 -12"><span class='ocrx_word' id='word_1_238' title='bbox 209 1521 262 1547; x_wconf 83' lang='grc' dir='ltr'><strong>νῶν</strong></span> <span class='ocrx_word' id='word_1_239' title='bbox 270 1521 308 1556; x_wconf 83' lang='grc' dir='ltr'><strong>τῷ</strong></span> <span class='ocrx_word' id='word_1_240' title='bbox 321 1521 472 1557; x_wconf 82' lang='grc' dir='ltr'>Νεστορίῳ,</span> <span class='ocrx_word' id='word_1_241' title='bbox 487 1521 539 1548; x_wconf 81' lang='grc' dir='ltr'>κᾶν</span> <span class='ocrx_word' id='word_1_242' title='bbox 554 1522 654 1555; x_wconf 80' lang='grc' dir='ltr'>ἀδίκως</span> <span class='ocrx_word' id='word_1_243' title='bbox 670 1524 747 1559; x_wconf 86' lang='grc' dir='ltr'><strong>παρὰ</strong></span> <span class='ocrx_word' id='word_1_244' title='bbox 769 1522 815 1549; x_wconf 86' lang='grc' dir='ltr'>σοῦ</span> <span class='ocrx_word' id='word_1_245' title='bbox 833 1522 1004 1557; x_wconf 78' lang='grc' dir='ltr'><strong>συκοφαντῆ-</strong></span> 
     </span>
    </p>
   </div>
   <div class='ocr_carea' id='block_1_34' title="bbox 209 1567 1004 1605">
    <p class='ocr_par' dir='ltr' id='par_1_34' title="bbox 209 1567 1004 1605">
     <span class='ocr_line' id='line_1_34' title="bbox 209 1567 1004 1605; baseline 0.003 -12"><span class='ocrx_word' id='word_1_246' title='bbox 209 1573 265 1595; x_wconf 74' lang='grc' dir='ltr'><strong>ται.</strong></span> <span class='ocrx_word' id='word_1_247' title='bbox 282 1567 314 1594; x_wconf 79' lang='lat' dir='ltr'><strong>El</strong></span> <span class='ocrx_word' id='word_1_248' title='bbox 330 1567 360 1594; x_wconf 81' lang='grc' dir='ltr'>δὲ</span> <span class='ocrx_word' id='word_1_249' title='bbox 389 1567 479 1599; x_wconf 80' lang='grc' dir='ltr'><strong>τοῦτο,</strong></span> <span class='ocrx_word' id='word_1_250' title='bbox 512 1568 602 1604; x_wconf 85' lang='grc' dir='ltr'><strong>μάτην</strong></span> <span class='ocrx_word' id='word_1_251' title='bbox 631 1568 789 1605; x_wconf 62' lang='grc' dir='ltr'>προφασίζει</span> <span class='ocrx_word' id='word_1_252' title='bbox 808 1569 960 1604; x_wconf 69' lang='grc' dir='ltr'>προφάσεις</span> <span class='ocrx_word' id='word_1_253' title='bbox 976 1569 1004 1595; x_wconf 82' lang='grc' dir='ltr'>ἐν</span> 
     </span>
    </p>
   </div>
   <div class='ocr_carea' id='block_1_35' title="bbox 209 1612 1005 1651">
    <p class='ocr_par' dir='ltr' id='par_1_35' title="bbox 209 1612 1005 1651">
     <span class='ocr_line' id='line_1_35' title="bbox 209 1612 1005 1651; baseline 0.001 -11"><span class='ocrx_word' id='word_1_254' title='bbox 209 1612 371 1648; x_wconf 80' lang='grc' dir='ltr'><strong>ἁμαρτίαις,</strong></span> <span class='ocrx_word' id='word_1_255' title='bbox 401 1613 448 1641; x_wconf 77' lang='grc' dir='ltr'><strong>καὶ</strong></span> <span class='ocrx_word' id='word_1_256' title='bbox 475 1614 525 1641; x_wconf 81' lang='grc' dir='ltr'>οὐκ</span> <span class='ocrx_word' id='word_1_257' title='bbox 555 1614 676 1651; x_wconf 80' lang='grc' dir='ltr'><strong>ἀποδέχῃ</strong></span> <span class='ocrx_word' id='word_1_258' title='bbox 695 1615 744 1650; x_wconf 80' lang='grc' dir='ltr'><strong>τὴν</strong></span> <span class='ocrx_word' id='word_1_259' title='bbox 758 1614 841 1649; x_wconf 80' lang='grc' dir='ltr'><strong>ἁγίαν</strong></span> <span class='ocrx_word' id='word_1_260' title='bbox 869 1615 1005 1650; x_wconf 83' lang='grc' dir='ltr'><strong>τετάρτην</strong></span> 
     </span>
    </p>
   </div>
   <div class='ocr_carea' id='block_1_36' title="bbox 209 1658 1006 1696">
    <p class='ocr_par' dir='ltr' id='par_1_36' title="bbox 209 1658 1006 1696">
     <span class='ocr_line' id='line_1_36' title="bbox 209 1658 1006 1696; baseline 0.003 -11"><span class='ocrx_word' id='word_1_261' title='bbox 209 1658 331 1692; x_wconf 79' lang='grc' dir='ltr'><strong>σύνοδον,</strong></span> <span class='ocrx_word' id='word_1_262' title='bbox 344 1659 392 1686; x_wconf 75' lang='grc' dir='ltr'><strong>καὶ</strong></span> <span class='ocrx_word' id='word_1_263' title='bbox 405 1660 435 1687; x_wconf 85' lang='grc' dir='ltr'><strong>τὸ</strong></span> <span class='ocrx_word' id='word_1_264' title='bbox 449 1660 514 1696; x_wconf 81' lang='grc' dir='ltr'>παρ’</span> <span class='ocrx_word' id='word_1_265' title='bbox 528 1661 614 1696; x_wconf 83' lang='grc' dir='ltr'>αὐτῆς</span> <span class='ocrx_word' id='word_1_266' title='bbox 636 1661 715 1696; x_wconf 79' lang='grc' dir='ltr'>ὀρθὸν</span> <span class='ocrx_word' id='word_1_267' title='bbox 728 1661 826 1696; x_wconf 75' lang='grc' dir='ltr'>δόγμα,</span> <span class='ocrx_word' id='word_1_268' title='bbox 848 1661 877 1687; x_wconf 81' lang='grc' dir='ltr'><strong>τὸ</strong></span> <span class='ocrx_word' id='word_1_269' title='bbox 892 1661 940 1687; x_wconf 73' lang='grc' dir='ltr'>ἐπὶ</span> <span class='ocrx_word' id='word_1_270' title='bbox 955 1661 1006 1696; x_wconf 80' lang='grc' dir='ltr'><strong>τῆς</strong></span> 
     </span>
    </p>
   </div>
   <div class='ocr_carea' id='block_1_37' title="bbox 208 1704 1003 1742">
    <p class='ocr_par' dir='ltr' id='par_1_37' title="bbox 208 1704 1003 1742">
     <span class='ocr_line' id='line_1_37' title="bbox 208 1704 1003 1742; baseline 0.004 -12"><span class='ocrx_word' id='word_1_271' title='bbox 208 1704 366 1739; x_wconf 77' lang='grc' dir='ltr'><strong>οἰκονομίας</strong></span> <span class='ocrx_word' id='word_1_272' title='bbox 381 1705 501 1740; x_wconf 81' lang='grc' dir='ltr'><strong>Χριστοῦ</strong></span> <span class='ocrx_word' id='word_1_273' title='bbox 509 1705 629 1741; x_wconf 73' lang='grc' dir='ltr'>ὁρισθὲν.</span> <span class='ocrx_word' id='word_1_274' title='bbox 643 1706 682 1733; x_wconf 71' lang='lat' dir='ltr'><strong>Ob</strong></span> <span class='ocrx_word' id='word_1_275' title='bbox 692 1706 746 1741; x_wconf 88' lang='grc' dir='ltr'><strong>γὰρ</strong></span> <span class='ocrx_word' id='word_1_276' title='bbox 761 1706 807 1733; x_wconf 79' lang='grc' dir='ltr'><strong>τὸν</strong></span> <span class='ocrx_word' id='word_1_277' title='bbox 821 1707 870 1733; x_wconf 78' lang='grc' dir='ltr'>ἕνα</span> <span class='ocrx_word' id='word_1_278' title='bbox 883 1707 1003 1742; x_wconf 81' lang='grc' dir='ltr'>Χριστὸν</span> 
     </span>
    </p>
   </div>
   <div class='ocr_carea' id='block_1_38' title="bbox 209 1751 1006 1791">
    <p class='ocr_par' dir='ltr' id='par_1_38' title="bbox 209 1751 1006 1791">
     <span class='ocr_line' id='line_1_38' title="bbox 209 1751 1006 1791; baseline 0.004 -14"><span class='ocrx_word' id='word_1_279' title='bbox 209 1751 251 1783; x_wconf 82' lang='grc' dir='ltr'><strong>είς</strong></span> <span class='ocrx_word' id='word_1_280' title='bbox 264 1751 311 1778; x_wconf 85' lang='grc' dir='ltr'>δύο</span> <span class='ocrx_word' id='word_1_281' title='bbox 325 1751 434 1786; x_wconf 86' lang='grc' dir='ltr'>διαιρεῖ,</span> <span class='ocrx_word' id='word_1_282' title='bbox 447 1752 495 1779; x_wconf 77' lang='grc' dir='ltr'>καὶ</span> <span class='ocrx_word' id='word_1_283' title='bbox 507 1753 647 1791; x_wconf 64' lang='grc' dir='ltr'>χωρισμὸν</span> <span class='ocrx_word' id='word_1_284' title='bbox 663 1753 717 1780; x_wconf 81' lang='grc' dir='ltr'><strong>ἀπὸ</strong></span> <span class='ocrx_word' id='word_1_285' title='bbox 738 1753 806 1780; x_wconf 85' lang='grc' dir='ltr'><strong>Θεοῦ</strong></span> <span class='ocrx_word' id='word_1_286' title='bbox 825 1754 948 1788; x_wconf 69' lang='grc' dir='ltr'>ἐμποιεῖ,</span> <span class='ocrx_word' id='word_1_287' title='bbox 967 1754 1006 1786; x_wconf 84' lang='grc' dir='ltr'>ὡς</span> 
     </span>
    </p>
   </div>
   <div class='ocr_carea' id='block_1_39' title="bbox 209 1796 1005 1835">
    <p class='ocr_par' dir='ltr' id='par_1_39' title="bbox 209 1796 1005 1835">
     <span class='ocr_line' id='line_1_39' title="bbox 209 1796 1005 1835; baseline 0.004 -12"><span class='ocrx_word' id='word_1_288' title='bbox 209 1796 243 1823; x_wconf 75' lang='grc' dir='ltr'>σὺ</span> <span class='ocrx_word' id='word_1_289' title='bbox 265 1797 392 1833; x_wconf 77' lang='grc' dir='ltr'><strong>φανερῶς</strong></span> <span class='ocrx_word' id='word_1_290' title='bbox 402 1798 546 1835; x_wconf 79' lang='grc' dir='ltr'>διαψεύδῃ,</span> <span class='ocrx_word' id='word_1_291' title='bbox 567 1798 667 1833; x_wconf 86' lang='grc' dir='ltr'>μᾶλλον</span> <span class='ocrx_word' id='word_1_292' title='bbox 682 1799 732 1834; x_wconf 85' lang='grc' dir='ltr'>μὲν</span> <span class='ocrx_word' id='word_1_293' title='bbox 745 1797 792 1826; x_wconf 86' lang='grc' dir='ltr'><strong>οὖν</strong></span> <span class='ocrx_word' id='word_1_294' title='bbox 813 1799 881 1831; x_wconf 77' lang='grc' dir='ltr'>ἑνοῖ,</span> <span class='ocrx_word' id='word_1_295' title='bbox 895 1800 944 1826; x_wconf 81' lang='grc' dir='ltr'>καὶ</span> <span class='ocrx_word' id='word_1_296' title='bbox 954 1799 1005 1834; x_wconf 87' lang='grc' dir='ltr'><strong>βα-</strong></span> 
     </span>
    </p>
   </div>
   <div class='ocr_carea' id='block_1_40' title="bbox 210 1842 1001 1880">
    <p class='ocr_par' dir='ltr' id='par_1_40' title="bbox 210 1842 1001 1880">
     <span class='ocr_line' id='line_1_40' title="bbox 210 1842 1001 1880; baseline 0.004 -12"><span class='ocrx_word' id='word_1_297' title='bbox 210 1842 312 1874; x_wconf 85' lang='grc' dir='ltr'>σιλείας</span> <span class='ocrx_word' id='word_1_298' title='bbox 327 1843 451 1879; x_wconf 73' lang='grc' dir='ltr'>οὐρανῶν</span> <span class='ocrx_word' id='word_1_299' title='bbox 478 1844 610 1879; x_wconf 79' lang='grc' dir='ltr'>πρόξενον</span> <span class='ocrx_word' id='word_1_300' title='bbox 623 1843 671 1871; x_wconf 85' lang='grc' dir='ltr'><strong>τὸν</strong></span> <span class='ocrx_word' id='word_1_301' title='bbox 681 1844 785 1880; x_wconf 86' lang='grc' dir='ltr'><strong>ταύτην</strong></span> <span class='ocrx_word' id='word_1_302' title='bbox 795 1845 921 1880; x_wconf 81' lang='grc' dir='ltr'>ἀσμένως</span> <span class='ocrx_word' id='word_1_303' title='bbox 932 1845 1001 1872; x_wconf 86' lang='grc' dir='ltr'>ἁπο-</span> 
     </span>
    </p>
   </div>
   <div class='ocr_carea' id='block_1_41' title="bbox 208 1888 1005 1926">
    <p class='ocr_par' dir='ltr' id='par_1_41' title="bbox 208 1888 1005 1926">
     <span class='ocr_line' id='line_1_41' title="bbox 208 1888 1005 1926; baseline 0.001 -11"><span class='ocrx_word' id='word_1_304' title='bbox 208 1888 354 1924; x_wconf 61' lang='grc' dir='ltr'>ἃχόμενον</span> <span class='ocrx_word' id='word_1_305' title='bbox 369 1889 541 1925; x_wconf 70' lang='grc' dir='ltr'><strong>καθίστησιν,</strong></span> <span class='ocrx_word' id='word_1_306' title='bbox 560 1890 640 1926; x_wconf 82' lang='grc' dir='ltr'>εἴπερ</span> <span class='ocrx_word' id='word_1_307' title='bbox 663 1891 709 1917; x_wconf 79' lang='grc' dir='ltr'><strong>καὶ</strong></span> <span class='ocrx_word' id='word_1_308' title='bbox 725 1891 810 1926; x_wconf 83' lang='grc' dir='ltr'><strong>αὐτὴν</strong></span> <span class='ocrx_word' id='word_1_309' title='bbox 846 1891 1005 1926; x_wconf 72' lang='grc' dir='ltr'>ὀρθοφρόνω</span> 
     </span>
    </p>
   </div>
   <div class='ocr_carea' id='block_1_42' title="bbox 207 1937 892 1975">
    <p class='ocr_par' dir='ltr' id='par_1_42' title="bbox 207 1937 892 1975">
     <span class='ocr_line' id='line_1_42' title="bbox 207 1937 892 1975; baseline 0.004 -12"><span class='ocrx_word' id='word_1_310' title='bbox 207 1937 347 1973; x_wconf 82' lang='grc' dir='ltr'>ὲτράνωσε</span> <span class='ocrx_word' id='word_1_311' title='bbox 363 1937 454 1970; x_wconf 84' lang='grc' dir='ltr'>καλῶς</span> <span class='ocrx_word' id='word_1_312' title='bbox 465 1938 496 1964; x_wconf 82' lang='grc' dir='ltr'><strong>τὸ</strong></span> <span class='ocrx_word' id='word_1_313' title='bbox 512 1938 581 1965; x_wconf 82' lang='grc' dir='ltr'>κατὰ</span> <span class='ocrx_word' id='word_1_314' title='bbox 593 1939 711 1974; x_wconf 67' lang='grc' dir='ltr'>Χριστον</span> <span class='ocrx_word' id='word_1_315' title='bbox 730 1941 892 1975; x_wconf 81' lang='grc' dir='ltr'>μυστήριον.</span> 
     </span>
    </p>
   </div>
   <div class='ocr_carea' id='block_1_43' title="bbox 243 1982 1001 2022">
    <p class='ocr_par' dir='ltr' id='par_1_43' title="bbox 243 1982 1001 2022">
     <span class='ocr_line' id='line_1_43' title="bbox 243 1982 1001 2022; baseline 0.004 -12"><span class='ocrx_word' id='word_1_316' title='bbox 243 1982 288 2011; x_wconf 85' lang='grc' dir='ltr'><strong>ια’.</strong></span> <span class='ocrx_word' id='word_1_317' title='bbox 306 1984 383 2011; x_wconf 84' lang='grc' dir='ltr'>Ἐπεὶ</span> <span class='ocrx_word' id='word_1_318' title='bbox 409 1984 437 2011; x_wconf 73' lang='grc' dir='ltr'>δὲ</span> <span class='ocrx_word' id='word_1_319' title='bbox 462 1984 493 2011; x_wconf 80' lang='grc' dir='ltr'>οὐ</span> <span class='ocrx_word' id='word_1_320' title='bbox 520 1985 600 2021; x_wconf 86' lang='grc' dir='ltr'>μόνον</span> <span class='ocrx_word' id='word_1_321' title='bbox 624 1987 657 2012; x_wconf 84' lang='grc' dir='ltr'>ὲκ</span> <span class='ocrx_word' id='word_1_322' title='bbox 667 1986 719 2021; x_wconf 83' lang='grc' dir='ltr'><strong>τῆς</strong></span> <span class='ocrx_word' id='word_1_323' title='bbox 742 1986 922 2022; x_wconf 79' lang='grc' dir='ltr'><strong>παραθέσεως</strong></span> <span class='ocrx_word' id='word_1_324' title='bbox 946 1986 1001 2013; x_wconf 82' lang='grc' dir='ltr'><strong>τῶν</strong></span> 
     </span>
    </p>
   </div>
   <div class='ocr_carea' id='block_1_44' title="bbox 207 2030 1002 2069">
    <p class='ocr_par' dir='ltr' id='par_1_44' title="bbox 207 2030 1002 2069">
     <span class='ocr_line' id='line_1_44' title="bbox 207 2030 1002 2069; baseline 0.003 -12"><span class='ocrx_word' id='word_1_325' title='bbox 207 2031 333 2066; x_wconf 82' lang='grc' dir='ltr'>χρήσεων</span> <span class='ocrx_word' id='word_1_326' title='bbox 357 2030 406 2058; x_wconf 82' lang='grc' dir='ltr'><strong>τοῦ</strong></span> <span class='ocrx_word' id='word_1_327' title='bbox 435 2033 635 2067; x_wconf 80' lang='grc' dir='ltr'>ματαιόφρονος</span> <span class='ocrx_word' id='word_1_328' title='bbox 659 2033 822 2069; x_wconf 84' lang='grc' dir='ltr'>Νεστορίου,</span> <span class='ocrx_word' id='word_1_329' title='bbox 847 2033 895 2060; x_wconf 77' lang='grc' dir='ltr'>καὶ</span> <span class='ocrx_word' id='word_1_330' title='bbox 915 2034 961 2060; x_wconf 82' lang='grc' dir='ltr'><strong>τοῦ</strong></span> <span class='ocrx_word' id='word_1_331' title='bbox 974 2034 1002 2059; x_wconf 83' lang='grc' dir='ltr'><strong>ὲν</strong></span> 
     </span>
    </p>
   </div>
   <div class='ocr_carea' id='block_1_45' title="bbox 206 2077 1002 2115">
    <p class='ocr_par' dir='ltr' id='par_1_45' title="bbox 206 2077 1002 2115">
     <span class='ocr_line' id='line_1_45' title="bbox 206 2077 1002 2115; baseline 0.004 -12"><span class='ocrx_word' id='word_1_332' title='bbox 206 2077 295 2110; x_wconf 83' lang='grc' dir='ltr'>ἁγίοις</span> <span class='ocrx_word' id='word_1_333' title='bbox 311 2077 391 2104; x_wconf 83' lang='grc' dir='ltr'>πάπα</span> <span class='ocrx_word' id='word_1_334' title='bbox 405 2078 519 2110; x_wconf 72' lang='grc' dir='ltr'>Λέοντος</span> <span class='ocrx_word' id='word_1_335' title='bbox 545 2079 696 2114; x_wconf 74' lang='grc' dir='ltr'><strong>ἐπειράθης</strong></span> <span class='ocrx_word' id='word_1_336' title='bbox 706 2079 842 2106; x_wconf 76' lang='grc' dir='ltr'>διαῦαλεῖν</span> <span class='ocrx_word' id='word_1_337' title='bbox 857 2080 906 2115; x_wconf 78' lang='grc' dir='ltr'><strong>τὴν</strong></span> <span class='ocrx_word' id='word_1_338' title='bbox 920 2080 1002 2114; x_wconf 80' lang='grc' dir='ltr'>ἁγίαν</span> 
     </span>
    </p>
   </div>
   <div class='ocr_carea' id='block_1_46' title="bbox 205 2123 1000 2159">
    <p class='ocr_par' dir='ltr' id='par_1_46' title="bbox 205 2123 1000 2159">
     <span class='ocr_line' id='line_1_46' title="bbox 205 2123 1000 2159; baseline 0.003 -9"><span class='ocrx_word' id='word_1_339' title='bbox 205 2124 339 2159; x_wconf 80' lang='grc' dir='ltr'><strong>τετάρτην</strong></span> <span class='ocrx_word' id='word_1_340' title='bbox 353 2123 470 2155; x_wconf 85' lang='grc' dir='ltr'>σύνοδον,</span> <span class='ocrx_word' id='word_1_341' title='bbox 482 2125 505 2150; x_wconf 81' lang='grc' dir='ltr'>εἰ</span> <span class='ocrx_word' id='word_1_342' title='bbox 515 2124 562 2150; x_wconf 79' lang='grc' dir='ltr'><strong>καὶ</strong></span> <span class='ocrx_word' id='word_1_343' title='bbox 570 2124 670 2158; x_wconf 81' lang='grc' dir='ltr'>ὸλὸγος</span> <span class='ocrx_word' id='word_1_344' title='bbox 683 2133 729 2151; x_wconf 85' lang='grc' dir='ltr'><strong>σου</strong></span> <span class='ocrx_word' id='word_1_345' title='bbox 741 2125 852 2159; x_wconf 80' lang='grc' dir='ltr'>γέγονεν</span> <span class='ocrx_word' id='word_1_346' title='bbox 869 2125 1000 2157; x_wconf 77' lang='grc' dir='ltr'>ἀπίθανος</span> 
     </span>
    </p>
   </div>
   <div class='ocr_carea' id='block_1_47' title="bbox 206 2170 1000 2207">
    <p class='ocr_par' dir='ltr' id='par_1_47' title="bbox 206 2170 1000 2207">
     <span class='ocr_line' id='line_1_47' title="bbox 206 2170 1000 2207; baseline 0.001 -10"><span class='ocrx_word' id='word_1_347' title='bbox 206 2171 253 2198; x_wconf 79' lang='grc' dir='ltr'><strong>καὶ</strong></span> <span class='ocrx_word' id='word_1_348' title='bbox 260 2170 429 2206; x_wconf 76' lang='grc' dir='ltr'>ἁσύμόατος,</span> <span class='ocrx_word' id='word_1_349' title='bbox 445 2170 502 2196; x_wconf 83' lang='grc' dir='ltr'><strong>ἀλλ’</strong></span> <span class='ocrx_word' id='word_1_350' title='bbox 510 2170 527 2205; x_wconf 86' lang='grc' dir='ltr'>ἢ</span> <span class='ocrx_word' id='word_1_351' title='bbox 538 2171 584 2197; x_wconf 77' lang='grc' dir='ltr'>καὶ</span> <span class='ocrx_word' id='word_1_352' title='bbox 595 2171 624 2204; x_wconf 64' lang='lat' dir='ltr'><strong>ea</strong></span> <span class='ocrx_word' id='word_1_353' title='bbox 636 2171 721 2205; x_wconf 73' lang='grc' dir='ltr'><strong>αὐτῆς</strong></span> <span class='ocrx_word' id='word_1_354' title='bbox 729 2171 777 2206; x_wconf 80' lang='grc' dir='ltr'><strong>τῆς</strong></span> <span class='ocrx_word' id='word_1_355' title='bbox 792 2171 903 2198; x_wconf 81' lang='grc' dir='ltr'><strong>συνόδου</strong></span> <span class='ocrx_word' id='word_1_356' title='bbox 911 2181 1000 2207; x_wconf 79' lang='grc' dir='ltr'>παρα-</span> 
     </span>
    </p>
   </div>
   <div class='ocr_carea' id='block_1_48' title="bbox 206 2215 997 2252">
    <p class='ocr_par' dir='ltr' id='par_1_48' title="bbox 206 2215 997 2252">
     <span class='ocr_line' id='line_1_48' title="bbox 206 2215 997 2252; baseline 0 -10"><span class='ocrx_word' id='word_1_357' title='bbox 206 2216 380 2250; x_wconf 77' lang='grc' dir='ltr'>κεκομμένας</span> <span class='ocrx_word' id='word_1_358' title='bbox 400 2215 490 2243; x_wconf 79' lang='grc' dir='ltr'>λαΰὼν</span> <span class='ocrx_word' id='word_1_359' title='bbox 506 2217 611 2252; x_wconf 71' lang='grc' dir='ltr'>ῥήσεις,</span> <span class='ocrx_word' id='word_1_360' title='bbox 626 2215 666 2242; x_wconf 77' lang='grc' dir='ltr'><strong>ἔτι</strong></span> <span class='ocrx_word' id='word_1_361' title='bbox 678 2224 709 2249; x_wconf 87' lang='grc' dir='ltr'><strong>γε</strong></span> <span class='ocrx_word' id='word_1_362' title='bbox 727 2216 780 2251; x_wconf 87' lang='grc' dir='ltr'><strong>μὴν</strong></span> <span class='ocrx_word' id='word_1_363' title='bbox 796 2216 902 2243; x_wconf 76' lang='grc' dir='ltr'>καὶτοῦ</span> <span class='ocrx_word' id='word_1_364' title='bbox 918 2216 997 2250; x_wconf 80' lang='grc' dir='ltr'>ἁγίου</span> 
     </span>
    </p>
   </div>
   <div class='ocr_carea' id='block_1_49' title="bbox 1061 275 1856 311">
    <p class='ocr_par' dir='ltr' id='par_1_49' title="bbox 1061 275 1856 311">
     <span class='ocr_line' id='line_1_49' title="bbox 1061 275 1856 311; baseline -0.001 -7"><span class='ocrx_word' id='word_1_365' title='bbox 1061 277 1130 304; x_wconf 85' lang='lat' dir='ltr'><strong>duas</strong></span> <span class='ocrx_word' id='word_1_366' title='bbox 1146 275 1173 303; x_wconf 91' lang='lat' dir='ltr'><strong>in</strong></span> <span class='ocrx_word' id='word_1_367' title='bbox 1183 275 1293 304; x_wconf 92' lang='lat' dir='ltr'><strong>Christo</strong></span> <span class='ocrx_word' id='word_1_368' title='bbox 1305 280 1419 304; x_wconf 80' lang='lat' dir='ltr'><strong>naturas</strong></span> <span class='ocrx_word' id='word_1_369' title='bbox 1429 283 1575 311; x_wconf 81' lang='lat' dir='ltr'><strong>separaris:</strong></span> <span class='ocrx_word' id='word_1_370' title='bbox 1592 275 1696 311; x_wconf 74' lang='lat' dir='ltr'><strong>Duplex</strong></span> <span class='ocrx_word' id='word_1_371' title='bbox 1708 281 1746 303; x_wconf 77' lang='lat' dir='ltr'><strong>est</strong></span> <span class='ocrx_word' id='word_1_372' title='bbox 1758 283 1856 304; x_wconf 75' lang='lat' dir='ltr'><strong>natura</strong></span> 
     </span>
    </p>
   </div>
   <div class='ocr_carea' id='block_1_50' title="bbox 1061 321 1856 358">
    <p class='ocr_par' dir='ltr' id='par_1_50' title="bbox 1061 321 1856 358">
     <span class='ocr_line' id='line_1_50' title="bbox 1061 321 1856 358; baseline 0 -8"><span class='ocrx_word' id='word_1_373' title='bbox 1061 324 1088 350; x_wconf 88' lang='lat' dir='ltr'><strong>in</strong></span> <span class='ocrx_word' id='word_1_374' title='bbox 1107 331 1159 350; x_wconf 83' lang='lat' dir='ltr'><strong>una</strong></span> <span class='ocrx_word' id='word_1_375' title='bbox 1172 323 1312 358; x_wconf 74' lang='lat' dir='ltr'><strong>dignitate.</strong></span> <span class='ocrx_word' id='word_1_376' title='bbox 1331 322 1432 350; x_wconf 89' lang='lat' dir='ltr'><strong>Scribit</strong></span> <span class='ocrx_word' id='word_1_377' title='bbox 1447 321 1518 349; x_wconf 85' lang='lat' dir='ltr'><strong>Leo:</strong></span> <span class='ocrx_word' id='word_1_378' title='bbox 1532 321 1648 358; x_wconf 82' lang='lat' dir='ltr'><strong>Cumque</strong></span> <span class='ocrx_word' id='word_1_379' title='bbox 1657 323 1737 357; x_wconf 77' lang='lat' dir='ltr'><strong>fame,</strong></span> <span class='ocrx_word' id='word_1_380' title='bbox 1758 324 1813 356; x_wconf 77' lang='lat' dir='ltr'><strong>siti,</strong></span> <span class='ocrx_word' id='word_1_381' title='bbox 1830 328 1856 350; x_wconf 80' lang='lat' dir='ltr'><strong>et</strong></span> 
     </span>
    </p>
   </div>
   <div class='ocr_carea' id='block_1_51' title="bbox 1063 369 1857 405">
    <p class='ocr_par' dir='ltr' id='par_1_51' title="bbox 1063 369 1857 405">
     <span class='ocr_line' id='line_1_51' title="bbox 1063 369 1857 405; baseline 0.001 -9"><span class='ocrx_word' id='word_1_382' title='bbox 1063 369 1196 397; x_wconf 75' lang='lat' dir='ltr'><strong>laboribus</strong></span> <span class='ocrx_word' id='word_1_383' title='bbox 1207 369 1378 404; x_wconf 76' lang='lat' dir='ltr'><strong>depugnasse,</strong></span> <span class='ocrx_word' id='word_1_384' title='bbox 1391 370 1536 396; x_wconf 86' lang='lat' dir='ltr'><strong>Immannm</strong></span> <span class='ocrx_word' id='word_1_385' title='bbox 1550 374 1604 396; x_wconf 72' lang='lat' dir='ltr'><strong>est:</strong></span> <span class='ocrx_word' id='word_1_386' title='bbox 1615 369 1792 405; x_wconf 71' lang='lat' dir='ltr'><strong>quitiquet‘ero</strong></span> <span class='ocrx_word' id='word_1_387' title='bbox 1806 379 1857 405; x_wconf 84' lang='lat' dir='ltr'><strong>pa-</strong></span> 
     </span>
    </p>
   </div>
   <div class='ocr_carea' id='block_1_52' title="bbox 1062 415 1858 451">
    <p class='ocr_par' dir='ltr' id='par_1_52' title="bbox 1062 415 1858 451">
     <span class='ocr_line' id='line_1_52' title="bbox 1062 415 1858 451; baseline 0.001 -9"><span class='ocrx_word' id='word_1_388' title='bbox 1062 415 1149 449; x_wconf 79' lang='lat' dir='ltr'><strong>nibus,</strong></span> <span class='ocrx_word' id='word_1_389' title='bbox 1166 416 1280 451; x_wconf 86' lang='lat' dir='ltr'><strong>quinque</strong></span> <span class='ocrx_word' id='word_1_390' title='bbox 1292 415 1427 442; x_wconf 76' lang='lat' dir='ltr'><strong>hominum</strong></span> <span class='ocrx_word' id='word_1_391' title='bbox 1438 415 1524 442; x_wconf 85' lang='lat' dir='ltr'><strong>millia</strong></span> <span class='ocrx_word' id='word_1_392' title='bbox 1537 419 1716 448; x_wconf 71' lang='lat' dir='ltr'><strong>exsaturasse,</strong></span> <span class='ocrx_word' id='word_1_393' title='bbox 1727 421 1752 443; x_wconf 85' lang='lat' dir='ltr'><strong>et</strong></span> <span class='ocrx_word' id='word_1_394' title='bbox 1760 425 1858 451; x_wconf 84' lang='lat' dir='ltr'><strong>aquam</strong></span> 
     </span>
    </p>
   </div>
   <div class='ocr_carea' id='block_1_53' title="bbox 1062 461 1857 497">
    <p class='ocr_par' dir='ltr' id='par_1_53' title="bbox 1062 461 1857 497">
     <span class='ocr_line' id='line_1_53' title="bbox 1062 461 1857 497; baseline 0.001 -8"><span class='ocrx_word' id='word_1_395' title='bbox 1062 461 1148 489; x_wconf 77' lang='lat' dir='ltr'><strong>vivam</strong></span> <span class='ocrx_word' id='word_1_396' title='bbox 1157 461 1338 489; x_wconf 68' lang='lat' dir='ltr'><strong>Samaritanw</strong></span> <span class='ocrx_word' id='word_1_397' title='bbox 1348 461 1491 497; x_wconf 82' lang='lat' dir='ltr'><strong>elargitum</strong></span> <span class='ocrx_word' id='word_1_398' title='bbox 1507 462 1601 496; x_wconf 76' lang='lat' dir='ltr'><strong>fuisse,</strong></span> <span class='ocrx_word' id='word_1_399' title='bbox 1611 462 1660 490; x_wconf 80' lang='lat' dir='ltr'><strong>hoc</strong></span> <span class='ocrx_word' id='word_1_400' title='bbox 1677 471 1736 490; x_wconf 78' lang='lat' dir='ltr'><strong>vero</strong></span> <span class='ocrx_word' id='word_1_401' title='bbox 1747 464 1857 490; x_wconf 74' lang='lat' dir='ltr'><strong>dcitutis</strong></span> 
     </span>
    </p>
   </div>
   <div class='ocr_carea' id='block_1_54' title="bbox 1062 501 1857 544">
    <p class='ocr_par' dir='ltr' id='par_1_54' title="bbox 1062 501 1857 544">
     <span class='ocr_line' id='line_1_54' title="bbox 1062 501 1857 544; baseline 0.001 -9"><span class='ocrx_word' id='word_1_402' title='bbox 1062 513 1111 535; x_wconf 76' lang='lat' dir='ltr'><strong>est.</strong></span> <span class='ocrx_word' id='word_1_403' title='bbox 1123 508 1155 536; x_wconf 85' lang='lat' dir='ltr'><strong>Et</strong></span> <span class='ocrx_word' id='word_1_404' title='bbox 1163 507 1304 536; x_wconf 81' lang='lat' dir='ltr'><strong>Nestorius</strong></span> <span class='ocrx_word' id='word_1_405' title='bbox 1318 507 1438 543; x_wconf 87' lang='lat' dir='ltr'><strong>quidem,</strong></span> <span class='ocrx_word' id='word_1_406' title='bbox 1449 516 1503 535; x_wconf 87' lang='lat' dir='ltr'><strong>non</strong></span> <span class='ocrx_word' id='word_1_407' title='bbox 1523 501 1596 544; x_wconf 85' lang='lat' dir='ltr'><strong>quod</strong></span> <span class='ocrx_word' id='word_1_408' title='bbox 1609 508 1734 537; x_wconf 72' lang='lat' dir='ltr'><strong>dixerat:</strong></span> <span class='ocrx_word' id='word_1_409' title='bbox 1752 509 1857 544; x_wconf 64' lang='lat' dir='ltr'><strong>Duplam</strong></span> 
     </span>
    </p>
   </div>
   <div class='ocr_carea' id='block_1_55' title="bbox 1063 554 1909 596">
    <p class='ocr_par' dir='ltr' id='par_1_55' title="bbox 1063 554 1909 596">
     <span class='ocr_line' id='line_1_55' title="bbox 1063 554 1909 596; baseline 0.002 -15"><span class='ocrx_word' id='word_1_410' title='bbox 1063 559 1102 582; x_wconf 77' lang='lat' dir='ltr'><strong>est</strong></span> <span class='ocrx_word' id='word_1_411' title='bbox 1128 559 1237 587; x_wconf 85' lang='lat' dir='ltr'><strong>natura,</strong></span> <span class='ocrx_word' id='word_1_412' title='bbox 1269 554 1331 582; x_wconf 84' lang='lat' dir='ltr'><strong>ideo</strong></span> <span class='ocrx_word' id='word_1_413' title='bbox 1355 555 1557 583; x_wconf 69' lang='lat' dir='ltr'><strong>condemnatus</strong></span> <span class='ocrx_word' id='word_1_414' title='bbox 1572 561 1614 583; x_wconf 85' lang='lat' dir='ltr'><strong>est</strong></span> <span class='ocrx_word' id='word_1_415' title='bbox 1635 562 1641 582; x_wconf 91' lang='lat'><strong>:</strong></span> <span class='ocrx_word' id='word_1_416' title='bbox 1659 563 1721 583; x_wconf 84' lang='lat' dir='ltr'><strong>cum</strong></span> <span class='ocrx_word' id='word_1_417' title='bbox 1745 556 1856 591; x_wconf 81' lang='lat' dir='ltr'><strong>plurimi</strong></span> <span class='ocrx_word' id='word_1_418' title='bbox 1907 591 1909 596; x_wconf 24' lang='grc' dir='ltr'><strong>ν</strong></span> 
     </span>
    </p>
   </div>
   <div class='ocr_carea' id='block_1_56' title="bbox 1063 601 1856 631">
    <p class='ocr_par' dir='ltr' id='par_1_56' title="bbox 1063 601 1856 631">
     <span class='ocr_line' id='line_1_56' title="bbox 1063 601 1856 631; baseline 0.001 -2"><span class='ocrx_word' id='word_1_419' title='bbox 1063 601 1144 629; x_wconf 88' lang='lat' dir='ltr'><strong>etiam</strong></span> <span class='ocrx_word' id='word_1_420' title='bbox 1157 609 1191 629; x_wconf 79' lang='lat' dir='ltr'><strong>ex</strong></span> <span class='ocrx_word' id='word_1_421' title='bbox 1202 601 1307 629; x_wconf 78' lang='lat' dir='ltr'><strong>sanctis</strong></span> <span class='ocrx_word' id='word_1_422' title='bbox 1322 601 1452 630; x_wconf 85' lang='lat' dir='ltr'><strong>Patribus</strong></span> <span class='ocrx_word' id='word_1_423' title='bbox 1464 601 1518 630; x_wconf 90' lang='lat' dir='ltr'><strong>hoc</strong></span> <span class='ocrx_word' id='word_1_424' title='bbox 1528 601 1602 630; x_wconf 86' lang='lat' dir='ltr'><strong>idem</strong></span> <span class='ocrx_word' id='word_1_425' title='bbox 1615 602 1649 630; x_wconf 86' lang='lat' dir='ltr'><strong>de</strong></span> <span class='ocrx_word' id='word_1_426' title='bbox 1657 602 1768 630; x_wconf 84' lang='lat' dir='ltr'><strong>Christo</strong></span> <span class='ocrx_word' id='word_1_427' title='bbox 1779 610 1856 631; x_wconf 87' lang='lat' dir='ltr'><strong>asse-</strong></span> 
     </span>
    </p>
   </div>
   <div class='ocr_carea' id='block_1_57' title="bbox 1063 647 1858 685">
    <p class='ocr_par' dir='ltr' id='par_1_57' title="bbox 1063 647 1858 685">
     <span class='ocr_line' id='line_1_57' title="bbox 1063 647 1858 685; baseline 0.003 -11"><span class='ocrx_word' id='word_1_428' title='bbox 1063 652 1205 680; x_wconf 85' lang='lat' dir='ltr'><strong>verarunt,</strong></span> <span class='ocrx_word' id='word_1_429' title='bbox 1242 647 1378 682; x_wconf 85' lang='lat' dir='ltr'><strong>duplicem</strong></span> <span class='ocrx_word' id='word_1_430' title='bbox 1416 656 1488 677; x_wconf 87' lang='lat' dir='ltr'><strong>esse.</strong></span> <span class='ocrx_word' id='word_1_431' title='bbox 1516 649 1587 676; x_wconf 81' lang='lat' dir='ltr'><strong>Audi</strong></span> <span class='ocrx_word' id='word_1_432' title='bbox 1614 649 1640 676; x_wconf 92' lang='lat' dir='ltr'><strong>in</strong></span> <span class='ocrx_word' id='word_1_433' title='bbox 1668 649 1769 677; x_wconf 87' lang='lat' dir='ltr'><strong>divinis</strong></span> <span class='ocrx_word' id='word_1_434' title='bbox 1795 658 1858 685; x_wconf 86' lang='lat' dir='ltr'><strong>per-</strong></span> 
     </span>
    </p>
   </div>
   <div class='ocr_carea' id='block_1_58' title="bbox 1065 694 1854 731">
    <p class='ocr_par' dir='ltr' id='par_1_58' title="bbox 1065 694 1854 731">
     <span class='ocr_line' id='line_1_58' title="bbox 1065 694 1854 731; baseline 0.003 -10"><span class='ocrx_word' id='word_1_435' title='bbox 1065 694 1214 729; x_wconf 32' lang='lat' dir='ltr'><strong>tractamllis</strong></span> <span class='ocrx_word' id='word_1_436' title='bbox 1239 695 1377 729; x_wconf 78' lang='lat' dir='ltr'><strong>egregium</strong></span> <span class='ocrx_word' id='word_1_437' title='bbox 1393 694 1567 731; x_wconf 78' lang='lat' dir='ltr'><strong>Gregorium.</strong></span> <span class='ocrx_word' id='word_1_438' title='bbox 1592 695 1696 731; x_wconf 64' lang='lat' dir='ltr'><strong>Duplex:</strong></span> <span class='ocrx_word' id='word_1_439' title='bbox 1716 701 1784 730; x_wconf 83' lang='lat' dir='ltr'><strong>erat,</strong></span> <span class='ocrx_word' id='word_1_440' title='bbox 1798 698 1854 731; x_wconf 83' lang='lat' dir='ltr'><strong>ait;</strong></span> 
     </span>
    </p>
   </div>
   <div class='ocr_carea' id='block_1_59' title="bbox 1063 739 1858 779">
    <p class='ocr_par' dir='ltr' id='par_1_59' title="bbox 1063 739 1858 779">
     <span class='ocr_line' id='line_1_59' title="bbox 1063 739 1858 779; baseline 0.006 -13"><span class='ocrx_word' id='word_1_441' title='bbox 1063 748 1125 767; x_wconf 84' lang='lat' dir='ltr'><strong>nam</strong></span> <span class='ocrx_word' id='word_1_442' title='bbox 1136 744 1161 766; x_wconf 83' lang='lat' dir='ltr'><strong>et</strong></span> <span class='ocrx_word' id='word_1_443' title='bbox 1176 739 1319 773; x_wconf 74' lang='lat' dir='ltr'><strong>laboravit,</strong></span> <span class='ocrx_word' id='word_1_444' title='bbox 1335 745 1360 767; x_wconf 83' lang='lat' dir='ltr'><strong>et</strong></span> <span class='ocrx_word' id='word_1_445' title='bbox 1373 741 1469 775; x_wconf 67' lang='lat' dir='ltr'><strong>sitit-it,</strong></span> <span class='ocrx_word' id='word_1_446' title='bbox 1481 741 1599 776; x_wconf 83' lang='lat' dir='ltr'><strong>aliaque,</strong></span> <span class='ocrx_word' id='word_1_447' title='bbox 1609 750 1668 778; x_wconf 76' lang='lat' dir='ltr'><strong>qua:</strong></span> <span class='ocrx_word' id='word_1_448' title='bbox 1683 750 1716 770; x_wconf 82' lang='lat' dir='ltr'><strong>ea:</strong></span> <span class='ocrx_word' id='word_1_449' title='bbox 1726 743 1783 779; x_wconf 78' lang='lat' dir='ltr'><strong>lege</strong></span> <span class='ocrx_word' id='word_1_450' title='bbox 1801 753 1858 771; x_wconf 82' lang='lat' dir='ltr'><strong>cor-</strong></span> 
     </span>
    </p>
   </div>
   <div class='ocr_carea' id='block_1_60' title="bbox 1062 785 1856 823">
    <p class='ocr_par' dir='ltr' id='par_1_60' title="bbox 1062 785 1856 823">
     <span class='ocr_line' id='line_1_60' title="bbox 1062 785 1856 823; baseline 0.008 -12"><span class='ocrx_word' id='word_1_451' title='bbox 1062 785 1135 819; x_wconf 76' lang='lat' dir='ltr'><strong>poris</strong></span> <span class='ocrx_word' id='word_1_452' title='bbox 1150 785 1297 818; x_wconf 74' lang='lat' dir='ltr'><strong>tenebatur,</strong></span> <span class='ocrx_word' id='word_1_453' title='bbox 1314 793 1453 821; x_wconf 75' lang='lat' dir='ltr'><strong>perpessus</strong></span> <span class='ocrx_word' id='word_1_454' title='bbox 1467 792 1516 814; x_wconf 78' lang='lat' dir='ltr'><strong>est.</strong></span> <span class='ocrx_word' id='word_1_455' title='bbox 1534 787 1588 815; x_wconf 87' lang='lat' dir='ltr'><strong>Sed</strong></span> <span class='ocrx_word' id='word_1_456' title='bbox 1608 788 1681 823; x_wconf 90' lang='lat' dir='ltr'><strong>quod</strong></span> <span class='ocrx_word' id='word_1_457' title='bbox 1697 789 1815 822; x_wconf 85' lang='lat' dir='ltr'><strong>addidit,</strong></span> <span class='ocrx_word' id='word_1_458' title='bbox 1829 792 1856 817; x_wconf 85' lang='lat' dir='ltr'><strong>in</strong></span> 
     </span>
    </p>
   </div>
   <div class='ocr_carea' id='block_1_61' title="bbox 1063 831 1857 871">
    <p class='ocr_par' dir='ltr' id='par_1_61' title="bbox 1063 831 1857 871">
     <span class='ocr_line' id='line_1_61' title="bbox 1063 831 1857 871; baseline 0.009 -15"><span class='ocrx_word' id='word_1_459' title='bbox 1063 838 1117 857; x_wconf 84' lang='lat' dir='ltr'><strong>una</strong></span> <span class='ocrx_word' id='word_1_460' title='bbox 1132 831 1272 866; x_wconf 78' lang='lat' dir='ltr'><strong>dignitate,</strong></span> <span class='ocrx_word' id='word_1_461' title='bbox 1287 836 1381 867; x_wconf 86' lang='lat' dir='ltr'><strong>aperte</strong></span> <span class='ocrx_word' id='word_1_462' title='bbox 1391 832 1494 861; x_wconf 85' lang='lat' dir='ltr'><strong>divisas</strong></span> <span class='ocrx_word' id='word_1_463' title='bbox 1508 838 1620 861; x_wconf 84' lang='lat' dir='ltr'><strong>naturas</strong></span> <span class='ocrx_word' id='word_1_464' title='bbox 1632 834 1758 867; x_wconf 84' lang='lat' dir='ltr'><strong>innitens,</strong></span> <span class='ocrx_word' id='word_1_465' title='bbox 1775 841 1801 863; x_wconf 87' lang='lat' dir='ltr'><strong>et</strong></span> <span class='ocrx_word' id='word_1_466' title='bbox 1810 845 1857 871; x_wconf 76' lang='lat' dir='ltr'><strong>per</strong></span> 
     </span>
    </p>
   </div>
   <div class='ocr_carea' id='block_1_62' title="bbox 1064 876 1856 913">
    <p class='ocr_par' dir='ltr' id='par_1_62' title="bbox 1064 876 1856 913">
     <span class='ocr_line' id='line_1_62' title="bbox 1064 876 1856 913; baseline 0.008 -11"><span class='ocrx_word' id='word_1_467' title='bbox 1064 883 1093 903; x_wconf 91' lang='lat' dir='ltr'><strong>se</strong></span> <span class='ocrx_word' id='word_1_468' title='bbox 1103 876 1286 904; x_wconf 81' lang='lat' dir='ltr'><strong>subsistentes</strong></span> <span class='ocrx_word' id='word_1_469' title='bbox 1302 876 1460 910; x_wconf 82' lang='lat' dir='ltr'><strong>enuntians,</strong></span> <span class='ocrx_word' id='word_1_470' title='bbox 1474 881 1502 905; x_wconf 89' lang='lat' dir='ltr'><strong>et</strong></span> <span class='ocrx_word' id='word_1_471' title='bbox 1519 879 1709 913; x_wconf 78' lang='lat' dir='ltr'><strong>respectivam,</strong></span> <span class='ocrx_word' id='word_1_472' title='bbox 1724 888 1796 913; x_wconf 87' lang='lat' dir='ltr'><strong>eam,</strong></span> <span class='ocrx_word' id='word_1_473' title='bbox 1814 881 1856 908; x_wconf 91' lang='lat' dir='ltr'><strong>in-</strong></span> 
     </span>
    </p>
   </div>
   <div class='ocr_carea' id='block_1_63' title="bbox 1029 922 1855 959">
    <p class='ocr_par' dir='ltr' id='par_1_63' title="bbox 1029 922 1855 959">
     <span class='ocr_line' id='line_1_63' title="bbox 1029 922 1855 959; baseline 0.007 -11"><span class='ocrx_word' id='word_1_474' title='bbox 1029 925 1049 952; x_wconf 79' lang='grc' dir='ltr'><strong>Β</strong></span> <span class='ocrx_word' id='word_1_475' title='bbox 1065 930 1160 958; x_wconf 88' lang='lat' dir='ltr'><strong>quam,</strong></span> <span class='ocrx_word' id='word_1_476' title='bbox 1177 930 1260 957; x_wconf 85' lang='lat' dir='ltr'><strong>quam</strong></span> <span class='ocrx_word' id='word_1_477' title='bbox 1287 922 1437 951; x_wconf 78' lang='lat' dir='ltr'><strong>secundum</strong></span> <span class='ocrx_word' id='word_1_478' title='bbox 1465 923 1607 959; x_wconf 78' lang='lat' dir='ltr'><strong>dignitatis</strong></span> <span class='ocrx_word' id='word_1_479' title='bbox 1633 926 1793 954; x_wconf 87' lang='lat' dir='ltr'><strong>relationem</strong></span> <span class='ocrx_word' id='word_1_480' title='bbox 1821 928 1855 954; x_wconf 80' lang='lat' dir='ltr'><strong>ad</strong></span> 
     </span>
    </p>
   </div>
   <div class='ocr_carea' id='block_1_64' title="bbox 1060 968 1858 1009">
    <p class='ocr_par' dir='ltr' id='par_1_64' title="bbox 1060 968 1858 1009">
     <span class='ocr_line' id='line_1_64' title="bbox 1060 968 1858 1009; baseline 0.008 -14"><span class='ocrx_word' id='word_1_481' title='bbox 1060 969 1184 996; x_wconf 86' lang='lat' dir='ltr'><strong>divinum</strong></span> <span class='ocrx_word' id='word_1_482' title='bbox 1198 968 1317 997; x_wconf 75' lang='lat' dir='ltr'><strong>Verbum</strong></span> <span class='ocrx_word' id='word_1_483' title='bbox 1332 970 1451 997; x_wconf 85' lang='lat' dir='ltr'><strong>humana</strong></span> <span class='ocrx_word' id='word_1_484' title='bbox 1473 975 1570 1009; x_wconf 83' lang='lat' dir='ltr'><strong>natura</strong></span> <span class='ocrx_word' id='word_1_485' title='bbox 1590 973 1716 999; x_wconf 85' lang='lat' dir='ltr'><strong>unionem</strong></span> <span class='ocrx_word' id='word_1_486' title='bbox 1733 974 1858 1008; x_wconf 82' lang='lat' dir='ltr'><strong>possedit</strong></span> 
     </span>
    </p>
   </div>
   <div class='ocr_carea' id='block_1_65' title="bbox 1060 1015 1856 1052">
    <p class='ocr_par' dir='ltr' id='par_1_65' title="bbox 1060 1015 1856 1052">
     <span class='ocr_line' id='line_1_65' title="bbox 1060 1015 1856 1052; baseline 0.008 -11"><span class='ocrx_word' id='word_1_487' title='bbox 1060 1015 1242 1048; x_wconf 71' lang='lat' dir='ltr'><strong>confirmans;</strong></span> <span class='ocrx_word' id='word_1_488' title='bbox 1252 1020 1450 1052; x_wconf 84' lang='lat' dir='ltr'><strong>proptereaque</strong></span> <span class='ocrx_word' id='word_1_489' title='bbox 1465 1017 1635 1052; x_wconf 85' lang='lat' dir='ltr'><strong>proscriptus</strong></span> <span class='ocrx_word' id='word_1_490' title='bbox 1654 1023 1705 1046; x_wconf 89' lang='lat' dir='ltr'><strong>est.</strong></span> <span class='ocrx_word' id='word_1_491' title='bbox 1723 1018 1780 1047; x_wconf 86' lang='lat' dir='ltr'><strong>Leo</strong></span> <span class='ocrx_word' id='word_1_492' title='bbox 1792 1028 1856 1047; x_wconf 88' lang='lat' dir='ltr'><strong>vero</strong></span> 
     </span>
    </p>
   </div>
   <div class='ocr_carea' id='block_1_66' title="bbox 1062 1061 1855 1099">
    <p class='ocr_par' dir='ltr' id='par_1_66' title="bbox 1062 1061 1855 1099">
     <span class='ocr_line' id='line_1_66' title="bbox 1062 1061 1855 1099; baseline 0.006 -11"><span class='ocrx_word' id='word_1_493' title='bbox 1062 1061 1131 1088; x_wconf 82' lang='lat' dir='ltr'><strong>satis</strong></span> <span class='ocrx_word' id='word_1_494' title='bbox 1146 1061 1200 1096; x_wconf 88' lang='lat' dir='ltr'><strong>pie,</strong></span> <span class='ocrx_word' id='word_1_495' title='bbox 1228 1067 1255 1089; x_wconf 88' lang='lat' dir='ltr'><strong>et</strong></span> <span class='ocrx_word' id='word_1_496' title='bbox 1276 1069 1339 1089; x_wconf 81' lang='lat' dir='ltr'><strong>cum</strong></span> <span class='ocrx_word' id='word_1_497' title='bbox 1365 1066 1439 1090; x_wconf 87' lang='lat' dir='ltr'><strong>recte</strong></span> <span class='ocrx_word' id='word_1_498' title='bbox 1463 1062 1656 1097; x_wconf 85' lang='lat' dir='ltr'><strong>sentientibus,</strong></span> <span class='ocrx_word' id='word_1_499' title='bbox 1678 1072 1743 1092; x_wconf 89' lang='lat' dir='ltr'><strong>cum</strong></span> <span class='ocrx_word' id='word_1_500' title='bbox 1772 1065 1855 1099; x_wconf 78' lang='lat' dir='ltr'><strong>fame,</strong></span> 
     </span>
    </p>
   </div>
   <div class='ocr_carea' id='block_1_67' title="bbox 1059 1104 1855 1142">
    <p class='ocr_par' dir='ltr' id='par_1_67' title="bbox 1059 1104 1855 1142">
     <span class='ocr_line' id='line_1_67' title="bbox 1059 1104 1855 1142; baseline 0.009 -10"><span class='ocrx_word' id='word_1_501' title='bbox 1059 1104 1116 1138; x_wconf 82' lang='lat' dir='ltr'><strong>siti,</strong></span> <span class='ocrx_word' id='word_1_502' title='bbox 1131 1110 1158 1133; x_wconf 90' lang='lat' dir='ltr'><strong>et</strong></span> <span class='ocrx_word' id='word_1_503' title='bbox 1172 1105 1313 1134; x_wconf 86' lang='lat' dir='ltr'><strong>laboribus</strong></span> <span class='ocrx_word' id='word_1_504' title='bbox 1325 1106 1498 1142; x_wconf 75' lang='lat' dir='ltr'><strong>depugnasse</strong></span> <span class='ocrx_word' id='word_1_505' title='bbox 1512 1107 1653 1137; x_wconf 83' lang='lat' dir='ltr'><strong>Christum</strong></span> <span class='ocrx_word' id='word_1_506' title='bbox 1671 1110 1790 1140; x_wconf 86' lang='lat' dir='ltr'><strong>humana</strong></span> <span class='ocrx_word' id='word_1_507' title='bbox 1804 1120 1855 1139; x_wconf 84' lang='lat' dir='ltr'><strong>na-</strong></span> 
     </span>
    </p>
   </div>
   <div class='ocr_carea' id='block_1_68' title="bbox 1060 1152 1856 1192">
    <p class='ocr_par' dir='ltr' id='par_1_68' title="bbox 1060 1152 1856 1192">
     <span class='ocr_line' id='line_1_68' title="bbox 1060 1152 1856 1192; baseline 0.01 -15"><span class='ocrx_word' id='word_1_508' title='bbox 1060 1155 1119 1178; x_wconf 84' lang='lat' dir='ltr'><strong>tura</strong></span> <span class='ocrx_word' id='word_1_509' title='bbox 1136 1152 1265 1185; x_wconf 84' lang='lat' dir='ltr'><strong>asseruit,</strong></span> <span class='ocrx_word' id='word_1_510' title='bbox 1280 1157 1309 1180; x_wconf 89' lang='lat' dir='ltr'><strong>at</strong></span> <span class='ocrx_word' id='word_1_511' title='bbox 1325 1153 1458 1181; x_wconf 85' lang='lat' dir='ltr'><strong>miracula</strong></span> <span class='ocrx_word' id='word_1_512' title='bbox 1483 1153 1606 1182; x_wconf 72' lang='lat' dir='ltr'><strong>effecisse</strong></span> <span class='ocrx_word' id='word_1_513' title='bbox 1620 1156 1653 1183; x_wconf 88' lang='lat' dir='ltr'><strong>de</strong></span> <span class='ocrx_word' id='word_1_514' title='bbox 1670 1156 1762 1184; x_wconf 85' lang='lat' dir='ltr'><strong>divina</strong></span> <span class='ocrx_word' id='word_1_515' title='bbox 1779 1163 1856 1192; x_wconf 82' lang='lat' dir='ltr'><strong>parte</strong></span> 
     </span>
    </p>
   </div>
   <div class='ocr_carea' id='block_1_69' title="bbox 1060 1197 1855 1232">
    <p class='ocr_par' dir='ltr' id='par_1_69' title="bbox 1060 1197 1855 1232">
     <span class='ocr_line' id='line_1_69' title="bbox 1060 1197 1855 1232; baseline 0.01 -8"><span class='ocrx_word' id='word_1_516' title='bbox 1060 1197 1254 1232; x_wconf 82' lang='lat' dir='ltr'><strong>interpretatus</strong></span> <span class='ocrx_word' id='word_1_517' title='bbox 1279 1203 1331 1226; x_wconf 85' lang='lat' dir='ltr'><strong>est.</strong></span> <span class='ocrx_word' id='word_1_518' title='bbox 1357 1198 1463 1227; x_wconf 86' lang='lat' dir='ltr'><strong>Similia</strong></span> <span class='ocrx_word' id='word_1_519' title='bbox 1494 1200 1630 1229; x_wconf 78' lang='lat' dir='ltr'><strong>catholica</strong></span> <span class='ocrx_word' id='word_1_520' title='bbox 1670 1202 1793 1231; x_wconf 81' lang='lat' dir='ltr'><strong>Ecclesia</strong></span> <span class='ocrx_word' id='word_1_521' title='bbox 1821 1205 1855 1232; x_wconf 83' lang='lat' dir='ltr'><strong>de</strong></span> 
     </span>
    </p>
   </div>
   <div class='ocr_carea' id='block_1_70' title="bbox 1059 1243 1853 1282">
    <p class='ocr_par' dir='ltr' id='par_1_70' title="bbox 1059 1243 1853 1282">
     <span class='ocr_line' id='line_1_70' title="bbox 1059 1243 1853 1282; baseline 0.009 -12"><span class='ocrx_word' id='word_1_522' title='bbox 1059 1243 1170 1271; x_wconf 82' lang='lat' dir='ltr'><strong>Chrile</strong></span> <span class='ocrx_word' id='word_1_523' title='bbox 1185 1252 1236 1272; x_wconf 90' lang='lat' dir='ltr'><strong>nos</strong></span> <span class='ocrx_word' id='word_1_524' title='bbox 1263 1244 1353 1276; x_wconf 75' lang='lat' dir='ltr'><strong>docet.</strong></span> <span class='ocrx_word' id='word_1_525' title='bbox 1376 1245 1490 1273; x_wconf 86' lang='lat' dir='ltr'><strong>humilia</strong></span> <span class='ocrx_word' id='word_1_526' title='bbox 1515 1247 1679 1275; x_wconf 80' lang='lat' dir='ltr'><strong>humanitati</strong></span> <span class='ocrx_word' id='word_1_527' title='bbox 1699 1249 1853 1282; x_wconf 85' lang='lat' dir='ltr'><strong>ascribens.</strong></span> 
     </span>
    </p>
   </div>
   <div class='ocr_carea' id='block_1_71' title="bbox 1058 1289 1853 1328">
    <p class='ocr_par' dir='ltr' id='par_1_71' title="bbox 1058 1289 1853 1328">
     <span class='ocr_line' id='line_1_71' title="bbox 1058 1289 1853 1328; baseline 0.005 -10"><span class='ocrx_word' id='word_1_528' title='bbox 1058 1289 1187 1318; x_wconf 83' lang='lat' dir='ltr'><strong>sublimia</strong></span> <span class='ocrx_word' id='word_1_529' title='bbox 1206 1290 1300 1318; x_wconf 88' lang='lat' dir='ltr'><strong>deitati</strong></span> <span class='ocrx_word' id='word_1_530' title='bbox 1315 1291 1469 1319; x_wconf 83' lang='lat' dir='ltr'><strong>vindicans.</strong></span> <span class='ocrx_word' id='word_1_531' title='bbox 1496 1292 1545 1320; x_wconf 87' lang='lat' dir='ltr'><strong>Pie</strong></span> <span class='ocrx_word' id='word_1_532' title='bbox 1567 1293 1659 1328; x_wconf 82' lang='lat' dir='ltr'><strong>itaque</strong></span> <span class='ocrx_word' id='word_1_533' title='bbox 1680 1293 1736 1322; x_wconf 83' lang='lat' dir='ltr'><strong>Leo</strong></span> <span class='ocrx_word' id='word_1_534' title='bbox 1759 1295 1853 1327; x_wconf 86' lang='lat' dir='ltr'><strong>sentit,</strong></span> 
     </span>
    </p>
   </div>
   <div class='ocr_carea' id='block_1_72' title="bbox 1059 1336 1854 1372">
    <p class='ocr_par' dir='ltr' id='par_1_72' title="bbox 1059 1336 1854 1372">
     <span class='ocr_line' id='line_1_72' title="bbox 1059 1336 1854 1372; baseline 0.006 -9"><span class='ocrx_word' id='word_1_535' title='bbox 1059 1336 1098 1363; x_wconf 89' lang='lat' dir='ltr'><strong>uti</strong></span> <span class='ocrx_word' id='word_1_536' title='bbox 1114 1336 1333 1364; x_wconf 84' lang='lat' dir='ltr'><strong>demonstratum</strong></span> <span class='ocrx_word' id='word_1_537' title='bbox 1345 1342 1398 1371; x_wconf 82' lang='lat' dir='ltr'><strong>est,</strong></span> <span class='ocrx_word' id='word_1_538' title='bbox 1414 1346 1465 1366; x_wconf 90' lang='lat' dir='ltr'><strong>nec</strong></span> <span class='ocrx_word' id='word_1_539' title='bbox 1478 1346 1542 1365; x_wconf 90' lang='lat' dir='ltr'><strong>cum</strong></span> <span class='ocrx_word' id='word_1_540' title='bbox 1569 1338 1695 1367; x_wconf 77' lang='lat' dir='ltr'><strong>Nestor-io</strong></span> <span class='ocrx_word' id='word_1_541' title='bbox 1716 1342 1854 1372; x_wconf 83' lang='lat' dir='ltr'><strong>convenit,</strong></span> 
     </span>
    </p>
   </div>
   <div class='ocr_carea' id='block_1_73' title="bbox 1057 1382 1853 1422">
    <p class='ocr_par' dir='ltr' id='par_1_73' title="bbox 1057 1382 1853 1422">
     <span class='ocr_line' id='line_1_73' title="bbox 1057 1382 1853 1422; baseline 0.008 -13"><span class='ocrx_word' id='word_1_542' title='bbox 1057 1382 1121 1410; x_wconf 86' lang='lat' dir='ltr'><strong>licet</strong></span> <span class='ocrx_word' id='word_1_543' title='bbox 1136 1390 1151 1409; x_wconf 88' lang='lat' dir='ltr'><strong>a</strong></span> <span class='ocrx_word' id='word_1_544' title='bbox 1169 1388 1194 1410; x_wconf 83' lang='lat' dir='ltr'><strong>te</strong></span> <span class='ocrx_word' id='word_1_545' title='bbox 1209 1383 1347 1411; x_wconf 84' lang='lat' dir='ltr'><strong>immerito</strong></span> <span class='ocrx_word' id='word_1_546' title='bbox 1361 1383 1395 1411; x_wconf 90' lang='lat' dir='ltr'><strong>de</strong></span> <span class='ocrx_word' id='word_1_547' title='bbox 1404 1392 1437 1412; x_wconf 91' lang='lat' dir='ltr'><strong>eo</strong></span> <span class='ocrx_word' id='word_1_548' title='bbox 1452 1385 1642 1414; x_wconf 84' lang='lat' dir='ltr'><strong>insimuletur.</strong></span> <span class='ocrx_word' id='word_1_549' title='bbox 1659 1386 1687 1414; x_wconf 89' lang='lat' dir='ltr'><strong>ld</strong></span> <span class='ocrx_word' id='word_1_550' title='bbox 1709 1387 1732 1414; x_wconf 89' lang='lat' dir='ltr'><strong>si</strong></span> <span class='ocrx_word' id='word_1_551' title='bbox 1749 1388 1785 1415; x_wconf 85' lang='lat' dir='ltr'><strong>ita</strong></span> <span class='ocrx_word' id='word_1_552' title='bbox 1800 1395 1853 1422; x_wconf 80' lang='lat' dir='ltr'><strong>est,</strong></span> 
     </span>
    </p>
   </div>
   <div class='ocr_carea' id='block_1_74' title="bbox 1057 1428 1853 1466">
    <p class='ocr_par' dir='ltr' id='par_1_74' title="bbox 1057 1428 1853 1466">
     <span class='ocr_line' id='line_1_74' title="bbox 1057 1428 1853 1466; baseline 0.006 -11"><span class='ocrx_word' id='word_1_553' title='bbox 1057 1428 1159 1456; x_wconf 75' lang='lat' dir='ltr'><strong>frustra</strong></span> <span class='ocrx_word' id='word_1_554' title='bbox 1173 1433 1321 1463; x_wconf 63' lang='lat' dir='ltr'><strong>praeteritus</strong></span> <span class='ocrx_word' id='word_1_555' title='bbox 1338 1431 1465 1465; x_wconf 54' lang='lat' dir='ltr'><strong>praetextis</strong></span> <span class='ocrx_word' id='word_1_556' title='bbox 1487 1430 1514 1457; x_wconf 92' lang='lat' dir='ltr'><strong>in</strong></span> <span class='ocrx_word' id='word_1_557' title='bbox 1540 1432 1672 1466; x_wconf 86' lang='lat' dir='ltr'><strong>peccatis,</strong></span> <span class='ocrx_word' id='word_1_558' title='bbox 1689 1437 1716 1460; x_wconf 83' lang='lat' dir='ltr'><strong>et</strong></span> <span class='ocrx_word' id='word_1_559' title='bbox 1730 1439 1853 1460; x_wconf 84' lang='lat' dir='ltr'><strong>sanctam</strong></span> 
     </span>
    </p>
   </div>
   <div class='ocr_carea' id='block_1_75' title="bbox 1056 1475 1852 1512">
    <p class='ocr_par' dir='ltr' id='par_1_75' title="bbox 1056 1475 1852 1512">
     <span class='ocr_line' id='line_1_75' title="bbox 1056 1475 1852 1512; baseline 0.006 -11"><span class='ocrx_word' id='word_1_560' title='bbox 1056 1479 1182 1509; x_wconf 82' lang='lat' dir='ltr'><strong>quartam</strong></span> <span class='ocrx_word' id='word_1_561' title='bbox 1208 1475 1342 1509; x_wconf 79' lang='lat' dir='ltr'><strong>synodum</strong></span> <span class='ocrx_word' id='word_1_562' title='bbox 1371 1475 1516 1511; x_wconf 86' lang='lat' dir='ltr'><strong>ipsiusque</strong></span> <span class='ocrx_word' id='word_1_563' title='bbox 1533 1476 1648 1512; x_wconf 81' lang='lat' dir='ltr'><strong>probaui</strong></span> <span class='ocrx_word' id='word_1_564' title='bbox 1673 1478 1852 1506; x_wconf 76' lang='lat' dir='ltr'><strong>assertionem</strong></span> 
     </span>
    </p>
   </div>
   <div class='ocr_carea' id='block_1_76' title="bbox 1057 1520 1853 1559">
    <p class='ocr_par' dir='ltr' id='par_1_76' title="bbox 1057 1520 1853 1559">
     <span class='ocr_line' id='line_1_76' title="bbox 1057 1520 1853 1559; baseline 0.006 -13"><span class='ocrx_word' id='word_1_565' title='bbox 1057 1528 1110 1547; x_wconf 91' lang='lat' dir='ltr'><strong>non</strong></span> <span class='ocrx_word' id='word_1_566' title='bbox 1128 1520 1239 1555; x_wconf 62' lang='lat' dir='ltr'><strong>recipis,</strong></span> <span class='ocrx_word' id='word_1_567' title='bbox 1259 1528 1342 1555; x_wconf 80' lang='lat' dir='ltr'><strong>quam</strong></span> <span class='ocrx_word' id='word_1_568' title='bbox 1360 1521 1406 1548; x_wconf 84' lang='lat' dir='ltr'><strong>illa</strong></span> <span class='ocrx_word' id='word_1_569' title='bbox 1427 1521 1462 1549; x_wconf 84' lang='lat' dir='ltr'><strong>de</strong></span> <span class='ocrx_word' id='word_1_570' title='bbox 1486 1522 1642 1550; x_wconf 78' lang='lat' dir='ltr'><strong>teconomia</strong></span> <span class='ocrx_word' id='word_1_571' title='bbox 1660 1522 1763 1551; x_wconf 85' lang='lat' dir='ltr'><strong>Christi</strong></span> <span class='ocrx_word' id='word_1_572' title='bbox 1782 1532 1853 1559; x_wconf 69' lang='lat' dir='ltr'><strong>prte-</strong></span> 
     </span>
    </p>
   </div>
   <div class='ocr_carea' id='block_1_77' title="bbox 1057 1566 1853 1601">
    <p class='ocr_par' dir='ltr' id='par_1_77' title="bbox 1057 1566 1853 1601">
     <span class='ocr_line' id='line_1_77' title="bbox 1057 1566 1853 1601; baseline 0.005 -7"><span class='ocrx_word' id='word_1_573' title='bbox 1057 1566 1169 1601; x_wconf 76' lang='lat' dir='ltr'><strong>scripsit</strong></span> <span class='ocrx_word' id='word_1_574' title='bbox 1186 1576 1192 1593; x_wconf 94' lang='lat'>:</span> <span class='ocrx_word' id='word_1_575' title='bbox 1211 1575 1298 1601; x_wconf 83' lang='lat' dir='ltr'><strong>neque</strong></span> <span class='ocrx_word' id='word_1_576' title='bbox 1312 1568 1384 1594; x_wconf 88' lang='lat' dir='ltr'><strong>enim</strong></span> <span class='ocrx_word' id='word_1_577' title='bbox 1410 1575 1494 1594; x_wconf 93' lang='lat' dir='ltr'><strong>unum</strong></span> <span class='ocrx_word' id='word_1_578' title='bbox 1510 1567 1650 1595; x_wconf 84' lang='lat' dir='ltr'><strong>Christum</strong></span> <span class='ocrx_word' id='word_1_579' title='bbox 1672 1568 1699 1596; x_wconf 92' lang='lat' dir='ltr'><strong>in</strong></span> <span class='ocrx_word' id='word_1_580' title='bbox 1714 1570 1769 1597; x_wconf 92' lang='lat' dir='ltr'><strong>duo</strong></span> <span class='ocrx_word' id='word_1_581' title='bbox 1783 1570 1853 1597; x_wconf 76' lang='lat' dir='ltr'><strong>diri-</strong></span> 
     </span>
    </p>
   </div>
   <div class='ocr_carea' id='block_1_78' title="bbox 1019 1603 1853 1649">
    <p class='ocr_par' dir='ltr' id='par_1_78' title="bbox 1019 1603 1853 1649">
     <span class='ocr_line' id='line_1_78' title="bbox 1019 1603 1853 1649; baseline 0.005 -11"><span class='ocrx_word' id='word_1_582' title='bbox 1019 1603 1040 1632; x_wconf 80' lang='lat' dir='ltr'><strong>C</strong></span> <span class='ocrx_word' id='word_1_583' title='bbox 1057 1612 1106 1643; x_wconf 78' lang='lat' dir='ltr'><strong>dit,</strong></span> <span class='ocrx_word' id='word_1_584' title='bbox 1123 1616 1149 1638; x_wconf 89' lang='lat' dir='ltr'><strong>ct</strong></span> <span class='ocrx_word' id='word_1_585' title='bbox 1168 1619 1184 1638; x_wconf 90' lang='lat' dir='ltr'><strong>a</strong></span> <span class='ocrx_word' id='word_1_586' title='bbox 1199 1611 1252 1638; x_wconf 87' lang='lat' dir='ltr'><strong>Deo</strong></span> <span class='ocrx_word' id='word_1_587' title='bbox 1264 1612 1465 1645; x_wconf 85' lang='lat' dir='ltr'><strong>separationem</strong></span> <span class='ocrx_word' id='word_1_588' title='bbox 1490 1612 1650 1646; x_wconf 82' lang='lat' dir='ltr'><strong>introducit,</strong></span> <span class='ocrx_word' id='word_1_589' title='bbox 1673 1618 1702 1641; x_wconf 92' lang='lat' dir='ltr'><strong>ut</strong></span> <span class='ocrx_word' id='word_1_590' title='bbox 1718 1618 1744 1641; x_wconf 91' lang='lat' dir='ltr'><strong>tu</strong></span> <span class='ocrx_word' id='word_1_591' title='bbox 1760 1621 1853 1649; x_wconf 83' lang='lat' dir='ltr'><strong>aperte</strong></span> 
     </span>
    </p>
   </div>
   <div class='ocr_carea' id='block_1_79' title="bbox 1057 1653 1851 1696">
    <p class='ocr_par' dir='ltr' id='par_1_79' title="bbox 1057 1653 1851 1696">
     <span class='ocr_line' id='line_1_79' title="bbox 1057 1653 1851 1696; baseline 0.005 -12"><span class='ocrx_word' id='word_1_592' title='bbox 1057 1658 1198 1690; x_wconf 86' lang='lat' dir='ltr'><strong>mentiris;</strong></span> <span class='ocrx_word' id='word_1_593' title='bbox 1215 1658 1340 1692; x_wconf 83' lang='lat' dir='ltr'><strong>quinimo</strong></span> <span class='ocrx_word' id='word_1_594' title='bbox 1353 1653 1444 1693; x_wconf 81' lang='lat' dir='ltr'><strong>potius</strong></span> <span class='ocrx_word' id='word_1_595' title='bbox 1469 1658 1539 1691; x_wconf 87' lang='lat' dir='ltr'><strong>unit,</strong></span> <span class='ocrx_word' id='word_1_596' title='bbox 1567 1659 1755 1695; x_wconf 82' lang='lat' dir='ltr'><strong>hospitemquc</strong></span> <span class='ocrx_word' id='word_1_597' title='bbox 1778 1663 1851 1696; x_wconf 77' lang='lat' dir='ltr'><strong>regni</strong></span> 
     </span>
    </p>
   </div>
   <div class='ocr_carea' id='block_1_80' title="bbox 1056 1704 1852 1740">
    <p class='ocr_par' dir='ltr' id='par_1_80' title="bbox 1056 1704 1852 1740">
     <span class='ocr_line' id='line_1_80' title="bbox 1056 1704 1852 1740; baseline 0.005 -10"><span class='ocrx_word' id='word_1_598' title='bbox 1056 1704 1199 1737; x_wconf 66' lang='lat' dir='ltr'><strong>coalorum,</strong></span> <span class='ocrx_word' id='word_1_599' title='bbox 1225 1704 1271 1739; x_wconf 84' lang='lat' dir='ltr'><strong>qui</strong></span> <span class='ocrx_word' id='word_1_600' title='bbox 1309 1712 1370 1731; x_wconf 88' lang='lat' dir='ltr'><strong>eam</strong></span> <span class='ocrx_word' id='word_1_601' title='bbox 1412 1704 1527 1732; x_wconf 83' lang='lat' dir='ltr'><strong>libenter</strong></span> <span class='ocrx_word' id='word_1_602' title='bbox 1565 1706 1750 1740; x_wconf 87' lang='lat' dir='ltr'><strong>amplectitur,</strong></span> <span class='ocrx_word' id='word_1_603' title='bbox 1784 1715 1852 1734; x_wconf 82' lang='lat' dir='ltr'><strong>con-</strong></span> 
     </span>
    </p>
   </div>
   <div class='ocr_carea' id='block_1_81' title="bbox 1057 1750 1852 1785">
    <p class='ocr_par' dir='ltr' id='par_1_81' title="bbox 1057 1750 1852 1785">
     <span class='ocr_line' id='line_1_81' title="bbox 1057 1750 1852 1785; baseline 0.003 -7"><span class='ocrx_word' id='word_1_604' title='bbox 1057 1750 1162 1783; x_wconf 88' lang='lat' dir='ltr'><strong>stituit;</strong></span> <span class='ocrx_word' id='word_1_605' title='bbox 1175 1751 1198 1777; x_wconf 90' lang='lat' dir='ltr'><strong>si</strong></span> <span class='ocrx_word' id='word_1_606' title='bbox 1219 1756 1246 1778; x_wconf 86' lang='lat' dir='ltr'><strong>et</strong></span> <span class='ocrx_word' id='word_1_607' title='bbox 1258 1751 1318 1785; x_wconf 85' lang='lat' dir='ltr'><strong>ipsa</strong></span> <span class='ocrx_word' id='word_1_608' title='bbox 1332 1755 1406 1778; x_wconf 86' lang='lat' dir='ltr'><strong>recte</strong></span> <span class='ocrx_word' id='word_1_609' title='bbox 1433 1751 1555 1779; x_wconf 83' lang='lat' dir='ltr'><strong>sentiens</strong></span> <span class='ocrx_word' id='word_1_610' title='bbox 1570 1759 1632 1779; x_wconf 89' lang='lat' dir='ltr'><strong>eum</strong></span> <span class='ocrx_word' id='word_1_611' title='bbox 1648 1753 1752 1781; x_wconf 86' lang='lat' dir='ltr'><strong>sanctis</strong></span> <span class='ocrx_word' id='word_1_612' title='bbox 1764 1754 1852 1780; x_wconf 68' lang='lat' dir='ltr'><strong>tribus</strong></span> 
     </span>
    </p>
   </div>
   <div class='ocr_carea' id='block_1_82' title="bbox 1056 1797 1850 1836">
    <p class='ocr_par' dir='ltr' id='par_1_82' title="bbox 1056 1797 1850 1836">
     <span class='ocr_line' id='line_1_82' title="bbox 1056 1797 1850 1836; baseline 0.004 -11"><span class='ocrx_word' id='word_1_613' title='bbox 1056 1798 1169 1833; x_wconf 88' lang='lat' dir='ltr'><strong>synodis</strong></span> <span class='ocrx_word' id='word_1_614' title='bbox 1188 1797 1321 1830; x_wconf 84' lang='lat' dir='ltr'><strong>decrevit,</strong></span> <span class='ocrx_word' id='word_1_615' title='bbox 1342 1797 1483 1833; x_wconf 85' lang='lat' dir='ltr'><strong>probeque</strong></span> <span class='ocrx_word' id='word_1_616' title='bbox 1501 1797 1604 1826; x_wconf 88' lang='lat' dir='ltr'><strong>Christi</strong></span> <span class='ocrx_word' id='word_1_617' title='bbox 1624 1800 1782 1836; x_wconf 81' lang='lat' dir='ltr'><strong>mysterium</strong></span> <span class='ocrx_word' id='word_1_618' title='bbox 1800 1809 1850 1835; x_wconf 83' lang='lat' dir='ltr'><strong>pu-</strong></span> 
     </span>
    </p>
   </div>
   <div class='ocr_carea' id='block_1_83' title="bbox 1055 1843 1177 1871">
    <p class='ocr_par' dir='ltr' id='par_1_83' title="bbox 1055 1843 1177 1871">
     <span class='ocr_line' id='line_1_83' title="bbox 1055 1843 1177 1871; baseline -0.008 0"><span class='ocrx_word' id='word_1_619' title='bbox 1055 1843 1177 1871; x_wconf 86' lang='lat' dir='ltr'><strong>blicavit.</strong></span> 
     </span>
    </p>
   </div>
   <div class='ocr_carea' id='block_1_84' title="bbox 1012 1889 1851 1926">
    <p class='ocr_par' dir='ltr' id='par_1_84' title="bbox 1012 1889 1851 1926">
     <span class='ocr_line' id='line_1_84' title="bbox 1012 1889 1851 1926; baseline 0.004 -10"><span class='ocrx_word' id='word_1_620' title='bbox 1012 1889 1112 1925; x_wconf 79' lang='grc' dir='ltr'>ςμετὰ</span> <span class='ocrx_word' id='word_1_621' title='bbox 1142 1889 1197 1916; x_wconf 84' lang='grc' dir='ltr'><strong>τῶν</strong></span> <span class='ocrx_word' id='word_1_622' title='bbox 1233 1889 1320 1923; x_wconf 84' lang='grc' dir='ltr'>ἁγίων</span> <span class='ocrx_word' id='word_1_623' title='bbox 1348 1890 1433 1926; x_wconf 83' lang='grc' dir='ltr'>τριῶν</span> <span class='ocrx_word' id='word_1_624' title='bbox 1458 1889 1574 1917; x_wconf 82' lang='grc' dir='ltr'>συνόδων</span> <span class='ocrx_word' id='word_1_625' title='bbox 1603 1889 1765 1926; x_wconf 70' lang='grc' dir='ltr'><strong>ἐδογμάτισε</strong></span> <span class='ocrx_word' id='word_1_626' title='bbox 1804 1894 1851 1919; x_wconf 80' lang='grc' dir='ltr'>καὶ</span> 
     </span>
    </p>
   </div>
   <div class='ocr_carea' id='block_1_85' title="bbox 1010 1911 1020 1922">
    <p class='ocr_par' dir='ltr' id='par_1_85' title="bbox 1010 1911 1020 1922">
     <span class='ocr_line' id='line_1_85' title="bbox 1010 1911 1020 1922; baseline 0 0"><span class='ocrx_word' id='word_1_627' title='bbox 1010 1911 1020 1922; x_wconf 61' lang='grc' dir='ltr'><strong><em>τ</em></strong></span> 
     </span>
    </p>
   </div>
   <div class='ocr_carea' id='block_1_86' title="bbox 1091 1980 1849 2015">
    <p class='ocr_par' dir='ltr' id='par_1_86' title="bbox 1091 1980 1849 2015">
     <span class='ocr_line' id='line_1_86' title="bbox 1091 1980 1849 2015; baseline -0.003 -6"><span class='ocrx_word' id='word_1_628' title='bbox 1091 1983 1136 2009; x_wconf 79' lang='grc' dir='ltr'><strong>Η.</strong></span> <span class='ocrx_word' id='word_1_629' title='bbox 1153 1980 1268 2014; x_wconf 79' lang='lat' dir='ltr'><strong>Quando</strong></span> <span class='ocrx_word' id='word_1_630' title='bbox 1294 1987 1359 2007; x_wconf 78' lang='lat' dir='ltr'><strong>vero</strong></span> <span class='ocrx_word' id='word_1_631' title='bbox 1379 1987 1433 2006; x_wconf 90' lang='lat' dir='ltr'><strong>non</strong></span> <span class='ocrx_word' id='word_1_632' title='bbox 1449 1983 1555 2006; x_wconf 82' lang='lat' dir='ltr'><strong>tantum</strong></span> <span class='ocrx_word' id='word_1_633' title='bbox 1585 1987 1617 2006; x_wconf 85' lang='lat' dir='ltr'><strong>ex</strong></span> <span class='ocrx_word' id='word_1_634' title='bbox 1643 1981 1849 2015; x_wconf 65' lang='lat' dir='ltr'><strong>comparatione.</strong></span> 
     </span>
    </p>
   </div>
   <div class='ocr_carea' id='block_1_87' title="bbox 1055 2025 1846 2061">
    <p class='ocr_par' dir='ltr' id='par_1_87' title="bbox 1055 2025 1846 2061">
     <span class='ocr_line' id='line_1_87' title="bbox 1055 2025 1846 2061; baseline -0.003 -5"><span class='ocrx_word' id='word_1_635' title='bbox 1055 2030 1194 2057; x_wconf 86' lang='lat' dir='ltr'><strong>dictorum</strong></span> <span class='ocrx_word' id='word_1_636' title='bbox 1216 2026 1397 2054; x_wconf 89' lang='lat' dir='ltr'><strong>amentissimi</strong></span> <span class='ocrx_word' id='word_1_637' title='bbox 1414 2025 1549 2058; x_wconf 82' lang='lat' dir='ltr'><strong>Nestorii,</strong></span> <span class='ocrx_word' id='word_1_638' title='bbox 1563 2030 1590 2052; x_wconf 89' lang='lat' dir='ltr'><strong>et</strong></span> <span class='ocrx_word' id='word_1_639' title='bbox 1607 2026 1693 2053; x_wconf 86' lang='lat' dir='ltr'><strong>sancti</strong></span> <span class='ocrx_word' id='word_1_640' title='bbox 1711 2026 1846 2061; x_wconf 77' lang='lat' dir='ltr'><strong>pontiﬁris</strong></span> 
     </span>
    </p>
   </div>
   <div class='ocr_carea' id='block_1_88' title="bbox 1055 2073 1844 2106">
    <p class='ocr_par' dir='ltr' id='par_1_88' title="bbox 1055 2073 1844 2106">
     <span class='ocr_line' id='line_1_88' title="bbox 1055 2073 1844 2106; baseline -0.004 -5"><span class='ocrx_word' id='word_1_641' title='bbox 1055 2074 1156 2101; x_wconf 86' lang='lat' dir='ltr'><strong>Leonis</strong></span> <span class='ocrx_word' id='word_1_642' title='bbox 1172 2077 1288 2100; x_wconf 81' lang='lat' dir='ltr'><strong>conatus</strong></span> <span class='ocrx_word' id='word_1_643' title='bbox 1304 2079 1334 2098; x_wconf 84' lang='lat' dir='ltr'><strong>es</strong></span> <span class='ocrx_word' id='word_1_644' title='bbox 1351 2075 1475 2097; x_wconf 81' lang='lat' dir='ltr'><strong>sanetam</strong></span> <span class='ocrx_word' id='word_1_645' title='bbox 1489 2075 1615 2105; x_wconf 81' lang='lat' dir='ltr'><strong>quartam</strong></span> <span class='ocrx_word' id='word_1_646' title='bbox 1632 2073 1765 2106; x_wconf 82' lang='lat' dir='ltr'><strong>synodum</strong></span> <span class='ocrx_word' id='word_1_647' title='bbox 1791 2073 1844 2099; x_wconf 78' lang='lat' dir='ltr'><strong>eri-</strong></span> 
     </span>
    </p>
   </div>
   <div class='ocr_carea' id='block_1_89' title="bbox 1056 2116 1845 2154">
    <p class='ocr_par' dir='ltr' id='par_1_89' title="bbox 1056 2116 1845 2154">
     <span class='ocr_line' id='line_1_89' title="bbox 1056 2116 1845 2154; baseline -0.003 -7"><span class='ocrx_word' id='word_1_648' title='bbox 1056 2119 1166 2152; x_wconf 82' lang='lat' dir='ltr'><strong>minari,</strong></span> <span class='ocrx_word' id='word_1_649' title='bbox 1180 2117 1307 2154; x_wconf 87' lang='lat' dir='ltr'><strong>quamvis</strong></span> <span class='ocrx_word' id='word_1_650' title='bbox 1322 2117 1347 2144; x_wconf 90' lang='lat' dir='ltr'><strong>id</strong></span> <span class='ocrx_word' id='word_1_651' title='bbox 1364 2124 1452 2151; x_wconf 85' lang='lat' dir='ltr'><strong>neque</strong></span> <span class='ocrx_word' id='word_1_652' title='bbox 1468 2116 1666 2151; x_wconf 87' lang='lat' dir='ltr'><strong>probabilibus,</strong></span> <span class='ocrx_word' id='word_1_653' title='bbox 1678 2125 1766 2152; x_wconf 87' lang='lat' dir='ltr'><strong>neque</strong></span> <span class='ocrx_word' id='word_1_654' title='bbox 1778 2126 1845 2145; x_wconf 88' lang='lat' dir='ltr'><strong>con-</strong></span> 
     </span>
    </p>
   </div>
   <div class='ocr_carea' id='block_1_90' title="bbox 1055 2163 1844 2199">
    <p class='ocr_par' dir='ltr' id='par_1_90' title="bbox 1055 2163 1844 2199">
     <span class='ocr_line' id='line_1_90' title="bbox 1055 2163 1844 2199; baseline -0.004 -5"><span class='ocrx_word' id='word_1_655' title='bbox 1055 2166 1232 2194; x_wconf 87' lang='lat' dir='ltr'><strong>eludentibns</strong></span> <span class='ocrx_word' id='word_1_656' title='bbox 1260 2164 1415 2192; x_wconf 87' lang='lat' dir='ltr'><strong>rationibus</strong></span> <span class='ocrx_word' id='word_1_657' title='bbox 1432 2163 1532 2197; x_wconf 73' lang='lat' dir='ltr'><strong>egeris,</strong></span> <span class='ocrx_word' id='word_1_658' title='bbox 1551 2164 1598 2191; x_wconf 86' lang='lat' dir='ltr'><strong>sed</strong></span> <span class='ocrx_word' id='word_1_659' title='bbox 1613 2171 1646 2190; x_wconf 80' lang='lat' dir='ltr'><strong>ex</strong></span> <span class='ocrx_word' id='word_1_660' title='bbox 1660 2164 1746 2199; x_wconf 88' lang='lat' dir='ltr'><strong>ipsius</strong></span> <span class='ocrx_word' id='word_1_661' title='bbox 1763 2165 1844 2192; x_wconf 84' lang='lat' dir='ltr'><strong>etiam</strong></span> 
     </span>
    </p>
   </div>
   <div class='ocr_carea' id='block_1_91' title="bbox 1056 2207 1847 2247">
    <p class='ocr_par' dir='ltr' id='par_1_91' title="bbox 1056 2207 1847 2247">
     <span class='ocr_line' id='line_1_91' title="bbox 1056 2207 1847 2247; baseline -0.005 -9"><span class='ocrx_word' id='word_1_662' title='bbox 1056 2211 1154 2247; x_wconf 86' lang='lat' dir='ltr'><strong>synodi</strong></span> <span class='ocrx_word' id='word_1_663' title='bbox 1170 2209 1342 2238; x_wconf 80' lang='lat' dir='ltr'><strong>obtruncatis</strong></span> <span class='ocrx_word' id='word_1_664' title='bbox 1376 2215 1408 2235; x_wconf 87' lang='lat' dir='ltr'><strong>ac</strong></span> <span class='ocrx_word' id='word_1_665' title='bbox 1430 2207 1533 2234; x_wconf 89' lang='lat' dir='ltr'><strong>mutilis</strong></span> <span class='ocrx_word' id='word_1_666' title='bbox 1548 2208 1673 2240; x_wconf 82' lang='lat' dir='ltr'><strong>assertis,</strong></span> <span class='ocrx_word' id='word_1_667' title='bbox 1700 2215 1805 2235; x_wconf 85' lang='lat' dir='ltr'><strong>necnon</strong></span> <span class='ocrx_word' id='word_1_668' title='bbox 1821 2215 1847 2234; x_wconf 80' lang='lat' dir='ltr'><strong>t&#39;l.</strong></span> 
     </span>
    </p>
   </div>
   <div class='ocr_carea' id='block_1_92' title="bbox 205 2253 1004 2297">
    <p class='ocr_par' dir='ltr' id='par_1_92' title="bbox 205 2261 996 2297">
     <span class='ocr_line' id='line_1_92' title="bbox 205 2261 996 2297; baseline 0.001 -10"><span class='ocrx_word' id='word_1_669' title='bbox 205 2261 353 2296; x_wconf 82' lang='grc' dir='ltr'>Κυρίλλου,</span> <span class='ocrx_word' id='word_1_670' title='bbox 368 2261 413 2288; x_wconf 81' lang='grc' dir='ltr'><strong>διὰ</strong></span> <span class='ocrx_word' id='word_1_671' title='bbox 438 2263 489 2297; x_wconf 79' lang='grc' dir='ltr'><strong>τῆς</strong></span> <span class='ocrx_word' id='word_1_672' title='bbox 516 2262 697 2295; x_wconf 79' lang='grc' dir='ltr'>παραθέσεως</span> <span class='ocrx_word' id='word_1_673' title='bbox 711 2262 760 2297; x_wconf 83' lang='grc' dir='ltr'><strong>τὴν</strong></span> <span class='ocrx_word' id='word_1_674' title='bbox 780 2262 931 2297; x_wconf 75' lang='grc' dir='ltr'>διαφωνίαν</span> <span class='ocrx_word' id='word_1_675' title='bbox 952 2263 996 2288; x_wconf 81' lang='grc' dir='ltr'><strong>ὲν-</strong></span> 
     </span>
    </p>
   </div>
   <div class='ocr_carea' id='block_1_93' title="bbox 1055 2253 1852 2297">
    <p class='ocr_par' dir='ltr' id='par_1_93' title="bbox 1055 2253 1852 2292">
     <span class='ocr_line' id='line_1_93' title="bbox 1055 2253 1852 2292; baseline -0.006 -7"><span class='ocrx_word' id='word_1_676' title='bbox 1055 2258 1140 2285; x_wconf 84' lang='lat' dir='ltr'><strong>sancti</strong></span> <span class='ocrx_word' id='word_1_677' title='bbox 1175 2256 1269 2292; x_wconf 83' lang='lat' dir='ltr'><strong>Cyrilli</strong></span> <span class='ocrx_word' id='word_1_678' title='bbox 1301 2255 1417 2283; x_wconf 80' lang='lat' dir='ltr'><strong>invicem</strong></span> <span class='ocrx_word' id='word_1_679' title='bbox 1451 2254 1616 2288; x_wconf 81' lang='lat' dir='ltr'><strong>comparatis</strong></span> <span class='ocrx_word' id='word_1_680' title='bbox 1646 2253 1852 2281; x_wconf 84' lang='lat' dir='ltr'><strong>dissensionem‘</strong></span> 
     </span>
    </p>
   </div>
   <div class='ocr_carea' id='block_1_94' title="bbox 203 2307 1000 2343">
    <p class='ocr_par' dir='ltr' id='par_1_94' title="bbox 203 2307 1000 2343">
     <span class='ocr_line' id='line_1_94' title="bbox 203 2307 1000 2343; baseline 0.001 -10"><span class='ocrx_word' id='word_1_681' title='bbox 203 2307 345 2339; x_wconf 73' lang='grc' dir='ltr'>δεὶξασθαι</span> <span class='ocrx_word' id='word_1_682' title='bbox 358 2307 469 2342; x_wconf 84' lang='grc' dir='ltr'>βούλει·</span> <span class='ocrx_word' id='word_1_683' title='bbox 484 2307 550 2343; x_wconf 78' lang='grc' dir='ltr'>φέρε</span> <span class='ocrx_word' id='word_1_684' title='bbox 564 2307 607 2342; x_wconf 81' lang='grc' dir='ltr'><strong>δὴ,</strong></span> <span class='ocrx_word' id='word_1_685' title='bbox 627 2308 675 2334; x_wconf 85' lang='grc' dir='ltr'>καὶ</span> <span class='ocrx_word' id='word_1_686' title='bbox 691 2307 792 2339; x_wconf 81' lang='grc' dir='ltr'><strong>ταύτας</strong></span> <span class='ocrx_word' id='word_1_687' title='bbox 806 2307 885 2339; x_wconf 78' lang='grc' dir='ltr'>αὖθις</span> <span class='ocrx_word' id='word_1_688' title='bbox 900 2309 939 2339; x_wconf 81' lang='grc' dir='ltr'>εἰς</span> <span class='ocrx_word' id='word_1_689' title='bbox 952 2308 1000 2343; x_wconf 86' lang='grc' dir='ltr'>μέ-</span> 
     </span>
    </p>
   </div>
   <div class='ocr_carea' id='block_1_95' title="bbox 206 2353 999 2388">
    <p class='ocr_par' dir='ltr' id='par_1_95' title="bbox 206 2353 999 2388">
     <span class='ocr_line' id='line_1_95' title="bbox 206 2353 999 2388; baseline 0 -8"><span class='ocrx_word' id='word_1_690' title='bbox 206 2361 252 2380; x_wconf 79' lang='grc' dir='ltr'>σον</span> <span class='ocrx_word' id='word_1_691' title='bbox 267 2353 372 2385; x_wconf 78' lang='grc' dir='ltr'>θέντες,</span> <span class='ocrx_word' id='word_1_692' title='bbox 403 2353 434 2380; x_wconf 81' lang='grc' dir='ltr'><strong>τὸ</strong></span> <span class='ocrx_word' id='word_1_693' title='bbox 459 2353 606 2388; x_wconf 81' lang='grc' dir='ltr'>σύμφωνον</span> <span class='ocrx_word' id='word_1_694' title='bbox 627 2353 679 2388; x_wconf 84' lang='grc' dir='ltr'><strong>τῆς</strong></span> <span class='ocrx_word' id='word_1_695' title='bbox 709 2362 738 2380; x_wconf 88' lang='grc' dir='ltr'>τε</span> <span class='ocrx_word' id='word_1_696' title='bbox 756 2353 866 2380; x_wconf 82' lang='grc' dir='ltr'>συνόδου</span> <span class='ocrx_word' id='word_1_697' title='bbox 891 2353 999 2380; x_wconf 73' lang='grc' dir='ltr'>καὶτοῦ</span> 
     </span>
    </p>
   </div>
   <div class='ocr_carea' id='block_1_96' title="bbox 205 2399 999 2436">
    <p class='ocr_par' dir='ltr' id='par_1_96' title="bbox 205 2399 999 2436">
     <span class='ocr_line' id='line_1_96' title="bbox 205 2399 999 2436; baseline 0 -10"><span class='ocrx_word' id='word_1_698' title='bbox 205 2399 285 2434; x_wconf 84' lang='grc' dir='ltr'>ἁγίου</span> <span class='ocrx_word' id='word_1_699' title='bbox 301 2399 437 2434; x_wconf 80' lang='grc' dir='ltr'>Κυρίλλου</span> <span class='ocrx_word' id='word_1_700' title='bbox 455 2400 612 2434; x_wconf 82' lang='grc' dir='ltr'>σαφέστατα</span> <span class='ocrx_word' id='word_1_701' title='bbox 631 2400 863 2436; x_wconf 85' lang='grc' dir='ltr'>παραστήσωμεν.</span> <span class='ocrx_word' id='word_1_702' title='bbox 884 2400 960 2434; x_wconf 85' lang='grc' dir='ltr'>Ἔχει</span> <span class='ocrx_word' id='word_1_703' title='bbox 982 2400 999 2435; x_wconf 85' lang='grc' dir='ltr'>ἡ</span> 
     </span>
    </p>
   </div>
   <div class='ocr_carea' id='block_1_97' title="bbox 205 2441 1000 2480">
    <p class='ocr_par' dir='ltr' id='par_1_97' title="bbox 205 2441 1000 2480">
     <span class='ocr_line' id='line_1_97' title="bbox 205 2441 1000 2480; baseline -0.001 -8"><span class='ocrx_word' id='word_1_704' title='bbox 205 2446 314 2478; x_wconf 83' lang='grc' dir='ltr'>σύνοδος</span> <span class='ocrx_word' id='word_1_705' title='bbox 325 2446 397 2473; x_wconf 86' lang='grc' dir='ltr'>κατὰ</span> <span class='ocrx_word' id='word_1_706' title='bbox 408 2446 480 2479; x_wconf 79' lang='grc' dir='ltr'>λέξιν</span> <span class='ocrx_word' id='word_1_707' title='bbox 496 2443 559 2478; x_wconf 79' lang='grc' dir='ltr'>ὦδε,</span> <span class='ocrx_word' id='word_1_708' title='bbox 575 2446 613 2478; x_wconf 85' lang='grc' dir='ltr'>ὡς</span> <span class='ocrx_word' id='word_1_709' title='bbox 634 2447 666 2473; x_wconf 86' lang='grc' dir='ltr'>σὺ</span> <span class='ocrx_word' id='word_1_710' title='bbox 689 2441 850 2477; x_wconf 69' lang='grc' dir='ltr'>ἐπέστειλας</span> <span class='ocrx_word' id='word_1_711' title='bbox 861 2453 867 2461; x_wconf 75' lang='grc'><strong><em>⁵</em></strong></span> <span class='ocrx_word' id='word_1_712' title='bbox 889 2445 1000 2480; x_wconf 73' lang='grc' dir='ltr'><strong>Γράφει</strong></span> 
     </span>
    </p>
   </div>
   <div class='ocr_carea' id='block_1_98' title="bbox 203 2492 1000 2526">
    <p class='ocr_par' dir='ltr' id='par_1_98' title="bbox 203 2492 1000 2526">
     <span class='ocr_line' id='line_1_98' title="bbox 203 2492 1000 2526; baseline -0.001 -6"><span class='ocrx_word' id='word_1_713' title='bbox 203 2492 224 2526; x_wconf 74' lang='grc' dir='ltr'><strong><em>ἡ</em></strong></span> <span class='ocrx_word' id='word_1_714' title='bbox 246 2492 379 2526; x_wconf 66' lang='grc' dir='ltr'>σύνοδοι,-</span> <span class='ocrx_word' id='word_1_715' title='bbox 395 2492 451 2526; x_wconf 80' lang='grc' dir='ltr'>τῆς</span> <span class='ocrx_word' id='word_1_716' title='bbox 466 2492 672 2526; x_wconf 75' lang='grc' dir='ltr'><strong>Χαλκηδόνος,</strong></span> <span class='ocrx_word' id='word_1_717' title='bbox 697 2492 742 2519; x_wconf 84' lang='grc' dir='ltr'><strong>ὅτι</strong></span> <span class='ocrx_word' id='word_1_718' title='bbox 770 2493 826 2519; x_wconf 80' lang='grc' dir='ltr'><strong>οὐκ</strong></span> <span class='ocrx_word' id='word_1_719' title='bbox 845 2492 1000 2526; x_wconf 71' lang='grc' dir='ltr'><strong>ἡλλοίωσε</strong></span> 
     </span>
    </p>
   </div>
   <div class='ocr_carea' id='block_1_99' title="bbox 204 2538 998 2574">
    <p class='ocr_par' dir='ltr' id='par_1_99' title="bbox 204 2538 998 2574">
     <span class='ocr_line' id='line_1_99' title="bbox 204 2538 998 2574; baseline 0 -9"><span class='ocrx_word' id='word_1_720' title='bbox 204 2538 264 2566; x_wconf 69' lang='grc' dir='ltr'><strong>τῶν</strong></span> <span class='ocrx_word' id='word_1_721' title='bbox 277 2539 399 2574; x_wconf 76' lang='grc' dir='ltr'>φύσεων</span> <span class='ocrx_word' id='word_1_722' title='bbox 418 2540 476 2573; x_wconf 76' lang='grc' dir='ltr'><strong>τήν</strong></span> <span class='ocrx_word' id='word_1_723' title='bbox 486 2539 634 2573; x_wconf 75' lang='grc' dir='ltr'>διαφορὰν</span> <span class='ocrx_word' id='word_1_724' title='bbox 643 2539 691 2566; x_wconf 71' lang='grc' dir='ltr'><strong>διὰ</strong></span> <span class='ocrx_word' id='word_1_725' title='bbox 706 2538 761 2572; x_wconf 81' lang='grc' dir='ltr'><strong>τῆς</strong></span> <span class='ocrx_word' id='word_1_726' title='bbox 774 2539 919 2571; x_wconf 79' lang='grc' dir='ltr'>ἐνώσεως,</span> <span class='ocrx_word' id='word_1_727' title='bbox 929 2539 998 2566; x_wconf 70' lang='grc' dir='ltr'><strong>ἀλλ’</strong></span> 
     </span>
    </p>
   </div>
   <div class='ocr_carea' id='block_1_100' title="bbox 203 2584 998 2619">
    <p class='ocr_par' dir='ltr' id='par_1_100' title="bbox 203 2584 998 2619">
     <span class='ocr_line' id='line_1_100' title="bbox 203 2584 998 2619; baseline -0.001 -8"><span class='ocrx_word' id='word_1_728' title='bbox 203 2585 339 2619; x_wconf 69' lang='grc' dir='ltr'><strong>ἐφύλαξε</strong></span> <span class='ocrx_word' id='word_1_729' title='bbox 352 2585 386 2611; x_wconf 84' lang='grc' dir='ltr'><strong>τὸ</strong></span> <span class='ocrx_word' id='word_1_730' title='bbox 403 2584 480 2611; x_wconf 80' lang='grc' dir='ltr'>ιὸιον</span> <span class='ocrx_word' id='word_1_731' title='bbox 495 2584 550 2619; x_wconf 82' lang='grc' dir='ltr'><strong>τῆς</strong></span> <span class='ocrx_word' id='word_1_732' title='bbox 564 2584 695 2611; x_wconf 70' lang='grc' dir='ltr'><strong>ἑκάστου</strong></span> <span class='ocrx_word' id='word_1_733' title='bbox 708 2584 837 2618; x_wconf 72' lang='grc' dir='ltr'><strong>φύσεως.</strong></span> <span class='ocrx_word' id='word_1_734' title='bbox 855 2584 968 2618; x_wconf 73' lang='grc' dir='ltr'>Γράφει</span> <span class='ocrx_word' id='word_1_735' title='bbox 982 2586 998 2610; x_wconf 84' lang='grc' dir='ltr'><em>ὀ</em></span> 
     </span>
    </p>
   </div>
   <div class='ocr_carea' id='block_1_101' title="bbox 203 2629 998 2665">
    <p class='ocr_par' dir='ltr' id='par_1_101' title="bbox 203 2629 998 2665">
     <span class='ocr_line' id='line_1_101' title="bbox 203 2629 998 2665; baseline -0.003 -7"><span class='ocrx_word' id='word_1_736' title='bbox 203 2630 287 2665; x_wconf 79' lang='grc' dir='ltr'>ᾶτιος</span> <span class='ocrx_word' id='word_1_737' title='bbox 300 2631 450 2664; x_wconf 77' lang='grc' dir='ltr'><strong>Κύριλλος</strong></span> <span class='ocrx_word' id='word_1_738' title='bbox 476 2631 511 2657; x_wconf 83' lang='grc' dir='ltr'><strong>ἐν</strong></span> <span class='ocrx_word' id='word_1_739' title='bbox 522 2629 559 2664; x_wconf 80' lang='grc' dir='ltr'><strong>τῇ</strong></span> <span class='ocrx_word' id='word_1_740' title='bbox 573 2630 672 2664; x_wconf 76' lang='grc' dir='ltr'>πρώτῃ</span> <span class='ocrx_word' id='word_1_741' title='bbox 696 2629 843 2664; x_wconf 76' lang='grc' dir='ltr'><strong>ἐπιστολῇ</strong></span> <span class='ocrx_word' id='word_1_742' title='bbox 866 2629 903 2664; x_wconf 78' lang='grc' dir='ltr'><strong>τῇ</strong></span> <span class='ocrx_word' id='word_1_743' title='bbox 923 2631 998 2664; x_wconf 76' lang='grc' dir='ltr'>πρὸς</span> 
     </span>
    </p>
   </div>
   <div class='ocr_carea' id='block_1_102' title="bbox 204 2676 998 2711">
    <p class='ocr_par' dir='ltr' id='par_1_102' title="bbox 204 2676 998 2711">
     <span class='ocr_line' id='line_1_102' title="bbox 204 2676 998 2711; baseline 0 -8"><span class='ocrx_word' id='word_1_744' title='bbox 204 2677 379 2703; x_wconf 81' lang='grc' dir='ltr'>Σούκενσον</span> <span class='ocrx_word' id='word_1_745' title='bbox 391 2685 398 2692; x_wconf 86' lang='grc'>·</span> <span class='ocrx_word' id='word_1_746' title='bbox 415 2677 492 2704; x_wconf 82' lang='grc' dir='ltr'>Ἕνα</span> <span class='ocrx_word' id='word_1_747' title='bbox 505 2677 634 2711; x_wconf 75' lang='grc' dir='ltr'>λέγομεν</span> <span class='ocrx_word' id='word_1_748' title='bbox 649 2676 727 2708; x_wconf 85' lang='grc' dir='ltr'>Υίὸν,</span> <span class='ocrx_word' id='word_1_749' title='bbox 749 2676 790 2708; x_wconf 85' lang='grc' dir='ltr'><strong>ὡς</strong></span> <span class='ocrx_word' id='word_1_750' title='bbox 803 2676 851 2703; x_wconf 75' lang='grc' dir='ltr'>καί</span> <span class='ocrx_word' id='word_1_751' title='bbox 865 2677 892 2703; x_wconf 85' lang='grc' dir='ltr'>οι</span> <span class='ocrx_word' id='word_1_752' title='bbox 906 2676 998 2703; x_wconf 83' lang='grc' dir='ltr'><strong>Πατέ-</strong></span> 
     </span>
    </p>
   </div>
   <div class='ocr_carea' id='block_1_103' title="bbox 200 2723 997 2759">
    <p class='ocr_par' dir='ltr' id='par_1_103' title="bbox 200 2723 997 2759">
     <span class='ocr_line' id='line_1_103' title="bbox 200 2723 997 2759; baseline 0 -9"><span class='ocrx_word' id='word_1_753' title='bbox 200 2731 254 2758; x_wconf 85' lang='grc' dir='ltr'><strong>ρες</strong></span> <span class='ocrx_word' id='word_1_754' title='bbox 265 2723 437 2758; x_wconf 67' lang='grc' dir='ltr'><strong>ἐλάλησαν,</strong></span> <span class='ocrx_word' id='word_1_755' title='bbox 444 2724 520 2759; x_wconf 81' lang='grc' dir='ltr'>μίαν</span> <span class='ocrx_word' id='word_1_756' title='bbox 530 2724 625 2758; x_wconf 73' lang='grc' dir='ltr'><em>φύσιν</em></span> <span class='ocrx_word' id='word_1_757' title='bbox 631 2723 683 2750; x_wconf 85' lang='grc' dir='ltr'><strong>τοῦ</strong></span> <span class='ocrx_word' id='word_1_758' title='bbox 693 2723 767 2750; x_wconf 85' lang='grc' dir='ltr'>Θεοῦ</span> <span class='ocrx_word' id='word_1_759' title='bbox 775 2723 873 2758; x_wconf 66' lang='grc' dir='ltr'>Λόγου</span> <span class='ocrx_word' id='word_1_760' title='bbox 885 2730 997 2757; x_wconf 82' lang='grc' dir='ltr'>σεσαρ-</span> 
     </span>
    </p>
   </div>
   <div class='ocr_carea' id='block_1_104' title="bbox 203 2768 997 2804">
    <p class='ocr_par' dir='ltr' id='par_1_104' title="bbox 203 2768 997 2804">
     <span class='ocr_line' id='line_1_104' title="bbox 203 2768 997 2804; baseline 0 -8"><span class='ocrx_word' id='word_1_761' title='bbox 203 2769 353 2804; x_wconf 73' lang='grc' dir='ltr'><strong>κωμένην.</strong></span> <span class='ocrx_word' id='word_1_762' title='bbox 371 2770 466 2797; x_wconf 82' lang='grc' dir='ltr'>Ποίαν</span> <span class='ocrx_word' id='word_1_763' title='bbox 475 2768 533 2797; x_wconf 87' lang='grc' dir='ltr'>οὖν</span> <span class='ocrx_word' id='word_1_764' title='bbox 543 2770 704 2797; x_wconf 81' lang='grc' dir='ltr'>κοινωνίαν</span> <span class='ocrx_word' id='word_1_765' title='bbox 715 2769 730 2796; x_wconf 80' lang='grc' dir='ltr'><em>ἕ</em></span> <span class='ocrx_word' id='word_1_766' title='bbox 732 2778 777 2804; x_wconf 82' lang='grc' dir='ltr'><strong>χει</strong></span> <span class='ocrx_word' id='word_1_767' title='bbox 786 2769 805 2804; x_wconf 81' lang='grc' dir='ltr'><strong><em>ἡ</em></strong></span> <span class='ocrx_word' id='word_1_768' title='bbox 814 2768 868 2804; x_wconf 81' lang='grc' dir='ltr'><strong>τῆς</strong></span> <span class='ocrx_word' id='word_1_769' title='bbox 878 2770 997 2803; x_wconf 75' lang='grc' dir='ltr'><strong>Χαλκη-</strong></span> 
     </span>
    </p>
   </div>
   <div class='ocr_carea' id='block_1_105' title="bbox 203 2815 997 2850">
    <p class='ocr_par' dir='ltr' id='par_1_105' title="bbox 203 2815 997 2850">
     <span class='ocr_line' id='line_1_105' title="bbox 203 2815 997 2850; baseline 0 -8"><span class='ocrx_word' id='word_1_770' title='bbox 203 2815 295 2848; x_wconf 82' lang='grc' dir='ltr'>δόνος</span> <span class='ocrx_word' id='word_1_771' title='bbox 319 2815 451 2848; x_wconf 79' lang='grc' dir='ltr'><strong>σύνοδος</strong></span> <span class='ocrx_word' id='word_1_772' title='bbox 473 2817 548 2850; x_wconf 77' lang='grc' dir='ltr'>μετὰ</span> <span class='ocrx_word' id='word_1_773' title='bbox 568 2815 621 2842; x_wconf 78' lang='grc' dir='ltr'><strong>τοῦ</strong></span> <span class='ocrx_word' id='word_1_774' title='bbox 635 2816 722 2849; x_wconf 69' lang='grc' dir='ltr'>ἁγίου</span> <span class='ocrx_word' id='word_1_775' title='bbox 742 2815 916 2849; x_wconf 69' lang='grc' dir='ltr'><strong>Κυρίλλουξ</strong></span> <span class='ocrx_word' id='word_1_776' title='bbox 933 2815 997 2842; x_wconf 79' lang='grc' dir='ltr'><strong>Ὅτι</strong></span> 
     </span>
    </p>
   </div>
   <div class='ocr_carea' id='block_1_106' title="bbox 202 2861 997 2896">
    <p class='ocr_par' dir='ltr' id='par_1_106' title="bbox 202 2861 997 2896">
     <span class='ocr_line' id='line_1_106' title="bbox 202 2861 997 2896; baseline 0.001 -8"><span class='ocrx_word' id='word_1_777' title='bbox 202 2861 321 2895; x_wconf 79' lang='grc' dir='ltr'><strong>ἐκεῖνος</strong></span> <span class='ocrx_word' id='word_1_778' title='bbox 335 2861 391 2896; x_wconf 75' lang='grc' dir='ltr'>μὲν</span> <span class='ocrx_word' id='word_1_779' title='bbox 400 2863 474 2896; x_wconf 75' lang='grc' dir='ltr'>μίαν</span> <span class='ocrx_word' id='word_1_780' title='bbox 489 2862 584 2895; x_wconf 60' lang='grc' dir='ltr'><em>φύσιν</em></span> <span class='ocrx_word' id='word_1_781' title='bbox 597 2861 713 2895; x_wconf 85' lang='grc' dir='ltr'><strong>ἐνώσας</strong></span> <span class='ocrx_word' id='word_1_782' title='bbox 727 2863 761 2890; x_wconf 74' lang='grc' dir='ltr'>ἐκ</span> <span class='ocrx_word' id='word_1_783' title='bbox 781 2863 846 2895; x_wconf 79' lang='grc' dir='ltr'>δύο,</span> <span class='ocrx_word' id='word_1_784' title='bbox 862 2862 997 2896; x_wconf 75' lang='grc' dir='ltr'><strong>ἐλάλησε</strong></span> 
     </span>
    </p>
   </div>
   <div class='ocr_carea' id='block_1_107' title="bbox 202 2908 997 2944">
    <p class='ocr_par' dir='ltr' id='par_1_107' title="bbox 202 2908 997 2944">
     <span class='ocr_line' id='line_1_107' title="bbox 202 2908 997 2944; baseline 0 -10"><span class='ocrx_word' id='word_1_785' title='bbox 202 2909 278 2936; x_wconf 75' lang='grc' dir='ltr'>κατὰ</span> <span class='ocrx_word' id='word_1_786' title='bbox 291 2908 350 2942; x_wconf 74' lang='grc' dir='ltr'><strong>τὴν</strong></span> <span class='ocrx_word' id='word_1_787' title='bbox 377 2908 466 2942; x_wconf 69' lang='grc' dir='ltr'>ἁγίαν</span> <span class='ocrx_word' id='word_1_788' title='bbox 494 2908 628 2935; x_wconf 77' lang='grc' dir='ltr'>σύνοδον</span> <span class='ocrx_word' id='word_1_789' title='bbox 643 2909 698 2942; x_wconf 73' lang='grc' dir='ltr'><strong>τὴν</strong></span> <span class='ocrx_word' id='word_1_790' title='bbox 723 2909 758 2936; x_wconf 82' lang='grc' dir='ltr'><strong>ἐν</strong></span> <span class='ocrx_word' id='word_1_791' title='bbox 781 2908 910 2944; x_wconf 64' lang='grc' dir='ltr'><strong>Ἐφέσῳε</strong></span> <span class='ocrx_word' id='word_1_792' title='bbox 925 2909 943 2942; x_wconf 73' lang='grc' dir='ltr'><strong>ἡ</strong></span> <span class='ocrx_word' id='word_1_793' title='bbox 963 2908 997 2934; x_wconf 81' lang='grc' dir='ltr'>δὲ</span> 
     </span>
    </p>
   </div>
   <div class='ocr_carea' id='block_1_108' title="bbox 306 2955 607 2986">
    <p class='ocr_par' dir='ltr' id='par_1_108' title="bbox 306 2955 607 2986">
     <span class='ocr_line' id='line_1_108' title="bbox 306 2955 607 2986; baseline -0.003 0"><span class='ocrx_word' id='word_1_794' title='bbox 306 2957 449 2986; x_wconf 72' lang='grc' dir='ltr'><strong>ΡΑτιιοι..</strong></span> <span class='ocrx_word' id='word_1_795' title='bbox 474 2955 521 2985; x_wconf 74' lang='lat' dir='ltr'><strong>(lu</strong></span> <span class='ocrx_word' id='word_1_796' title='bbox 545 2956 607 2985; x_wconf 69' lang='grc' dir='ltr'><strong>(Ν.</strong></span> 
     </span>
    </p>
   </div>
   <div class='ocr_carea' id='block_1_109' title="bbox 1054 2299 1845 2336">
    <p class='ocr_par' dir='ltr' id='par_1_109' title="bbox 1054 2299 1845 2336">
     <span class='ocr_line' id='line_1_109' title="bbox 1054 2299 1845 2336; baseline -0.006 -5"><span class='ocrx_word' id='word_1_797' title='bbox 1054 2305 1200 2332; x_wconf 86' lang='lat' dir='ltr'><strong>ostendere</strong></span> <span class='ocrx_word' id='word_1_798' title='bbox 1216 2302 1370 2334; x_wconf 85' lang='lat' dir='ltr'><strong>contendis,</strong></span> <span class='ocrx_word' id='word_1_799' title='bbox 1392 2308 1441 2336; x_wconf 76' lang='lat' dir='ltr'><strong>age</strong></span> <span class='ocrx_word' id='word_1_800' title='bbox 1468 2299 1537 2335; x_wconf 84' lang='lat' dir='ltr'><strong>ipsis</strong></span> <span class='ocrx_word' id='word_1_801' title='bbox 1562 2301 1588 2327; x_wconf 88' lang='lat' dir='ltr'><strong>in</strong></span> <span class='ocrx_word' id='word_1_802' title='bbox 1610 2300 1730 2327; x_wconf 90' lang='lat' dir='ltr'><strong>medium</strong></span> <span class='ocrx_word' id='word_1_803' title='bbox 1747 2300 1845 2334; x_wconf 53' lang='lat' dir='ltr'><strong>positis</strong></span> 
     </span>
    </p>
   </div>
   <div class='ocr_carea' id='block_1_110' title="bbox 1051 2346 1842 2384">
    <p class='ocr_par' dir='ltr' id='par_1_110' title="bbox 1051 2346 1842 2384">
     <span class='ocr_line' id='line_1_110' title="bbox 1051 2346 1842 2384; baseline -0.005 -7"><span class='ocrx_word' id='word_1_804' title='bbox 1051 2355 1078 2378; x_wconf 89' lang='lat' dir='ltr'><strong>et</strong></span> <span class='ocrx_word' id='word_1_805' title='bbox 1090 2350 1264 2382; x_wconf 79' lang='lat' dir='ltr'><strong>examinatis,</strong></span> <span class='ocrx_word' id='word_1_806' title='bbox 1284 2347 1382 2384; x_wconf 81' lang='lat' dir='ltr'><strong>synodi</strong></span> <span class='ocrx_word' id='word_1_807' title='bbox 1412 2348 1554 2380; x_wconf 82' lang='lat' dir='ltr'><strong>sanctique</strong></span> <span class='ocrx_word' id='word_1_808' title='bbox 1570 2346 1663 2382; x_wconf 78' lang='lat' dir='ltr'><strong>Cyrilli</strong></span> <span class='ocrx_word' id='word_1_809' title='bbox 1683 2350 1842 2376; x_wconf 71' lang='lat' dir='ltr'><strong>consensio—</strong></span> 
     </span>
    </p>
   </div>
   <div class='ocr_carea' id='block_1_111' title="bbox 1053 2393 1842 2431">
    <p class='ocr_par' dir='ltr' id='par_1_111' title="bbox 1053 2393 1842 2431">
     <span class='ocr_line' id='line_1_111' title="bbox 1053 2393 1842 2431; baseline -0.005 -6"><span class='ocrx_word' id='word_1_810' title='bbox 1053 2405 1114 2424; x_wconf 86' lang='lat' dir='ltr'><strong>nem</strong></span> <span class='ocrx_word' id='word_1_811' title='bbox 1141 2404 1223 2431; x_wconf 87' lang='lat' dir='ltr'><strong>quam</strong></span> <span class='ocrx_word' id='word_1_812' title='bbox 1250 2394 1470 2429; x_wconf 81' lang='lat' dir='ltr'><strong>compertissime</strong></span> <span class='ocrx_word' id='word_1_813' title='bbox 1506 2393 1728 2428; x_wconf 85' lang='lat' dir='ltr'><strong>comprobemus.</strong></span> <span class='ocrx_word' id='word_1_814' title='bbox 1755 2394 1842 2422; x_wconf 72' lang='lat' dir='ltr'><strong>Verba</strong></span> 
     </span>
    </p>
   </div>
   <div class='ocr_carea' id='block_1_112' title="bbox 1052 2439 1842 2479">
    <p class='ocr_par' dir='ltr' id='par_1_112' title="bbox 1052 2439 1842 2479">
     <span class='ocr_line' id='line_1_112' title="bbox 1052 2439 1842 2479; baseline -0.005 -9"><span class='ocrx_word' id='word_1_815' title='bbox 1052 2445 1111 2479; x_wconf 80' lang='lat' dir='ltr'><strong>ipsa</strong></span> <span class='ocrx_word' id='word_1_816' title='bbox 1126 2442 1222 2478; x_wconf 88' lang='lat' dir='ltr'><strong>synodi</strong></span> <span class='ocrx_word' id='word_1_817' title='bbox 1240 2446 1325 2474; x_wconf 90' lang='lat' dir='ltr'><strong>sunt,</strong></span> <span class='ocrx_word' id='word_1_818' title='bbox 1342 2445 1370 2467; x_wconf 88' lang='lat' dir='ltr'><strong>ut</strong></span> <span class='ocrx_word' id='word_1_819' title='bbox 1388 2441 1445 2475; x_wconf 86' lang='lat' dir='ltr'><strong>ipse</strong></span> <span class='ocrx_word' id='word_1_820' title='bbox 1468 2440 1572 2474; x_wconf 88' lang='lat' dir='ltr'><strong>scripto</strong></span> <span class='ocrx_word' id='word_1_821' title='bbox 1597 2444 1644 2466; x_wconf 93' lang='lat' dir='ltr'><strong>tuo</strong></span> <span class='ocrx_word' id='word_1_822' title='bbox 1658 2439 1817 2475; x_wconf 76' lang='lat' dir='ltr'><strong>signiﬁcasti</strong></span> <span class='ocrx_word' id='word_1_823' title='bbox 1836 2450 1842 2466; x_wconf 89' lang='lat'><strong>:</strong></span> 
     </span>
    </p>
   </div>
   <div class='ocr_carea' id='block_1_113' title="bbox 1052 2485 1843 2520">
    <p class='ocr_par' dir='ltr' id='par_1_113' title="bbox 1052 2485 1843 2520">
     <span class='ocr_line' id='line_1_113' title="bbox 1052 2485 1843 2520; baseline -0.006 -4"><span class='ocrx_word' id='word_1_824' title='bbox 1052 2489 1152 2517; x_wconf 83' lang='lat' dir='ltr'><strong>Scribit</strong></span> <span class='ocrx_word' id='word_1_825' title='bbox 1179 2487 1398 2515; x_wconf 75' lang='lat' dir='ltr'><strong>Chalcedonensis</strong></span> <span class='ocrx_word' id='word_1_826' title='bbox 1430 2485 1548 2520; x_wconf 69' lang='lat' dir='ltr'><strong>synodus</strong></span> <span class='ocrx_word' id='word_1_827' title='bbox 1565 2493 1575 2511; x_wconf 87' lang='lat'><strong><em>:</em></strong></span> <span class='ocrx_word' id='word_1_828' title='bbox 1603 2485 1843 2513; x_wconf 67' lang='lat' dir='ltr'><strong>Non-immunivit</strong></span> 
     </span>
    </p>
   </div>
   <div class='ocr_carea' id='block_1_114' title="bbox 1053 2532 1842 2568">
    <p class='ocr_par' dir='ltr' id='par_1_114' title="bbox 1053 2532 1842 2568">
     <span class='ocr_line' id='line_1_114' title="bbox 1053 2532 1842 2568; baseline -0.006 -5"><span class='ocrx_word' id='word_1_829' title='bbox 1053 2541 1211 2563; x_wconf 82' lang='lat' dir='ltr'><strong>naturarum</strong></span> <span class='ocrx_word' id='word_1_830' title='bbox 1231 2534 1411 2568; x_wconf 71' lang='lat' dir='ltr'><strong>diﬂ‘ercntiam</strong></span> <span class='ocrx_word' id='word_1_831' title='bbox 1428 2540 1474 2567; x_wconf 84' lang='lat' dir='ltr'><strong>per</strong></span> <span class='ocrx_word' id='word_1_832' title='bbox 1490 2532 1623 2564; x_wconf 83' lang='lat' dir='ltr'><strong>unionem,</strong></span> <span class='ocrx_word' id='word_1_833' title='bbox 1648 2532 1694 2559; x_wconf 77' lang='lat' dir='ltr'><strong>sed</strong></span> <span class='ocrx_word' id='word_1_834' title='bbox 1706 2533 1842 2568; x_wconf 81' lang='lat' dir='ltr'><strong>proprium</strong></span> 
     </span>
    </p>
   </div>
   <div class='ocr_carea' id='block_1_115' title="bbox 1053 2578 1842 2616">
    <p class='ocr_par' dir='ltr' id='par_1_115' title="bbox 1053 2578 1842 2616">
     <span class='ocr_line' id='line_1_115' title="bbox 1053 2578 1842 2616; baseline -0.008 -7"><span class='ocrx_word' id='word_1_835' title='bbox 1053 2582 1259 2616; x_wconf 76' lang='lat' dir='ltr'><strong>uniuscujusque</strong></span> <span class='ocrx_word' id='word_1_836' title='bbox 1284 2585 1387 2606; x_wconf 67' lang='lat' dir='ltr'><strong>natur-tr</strong></span> <span class='ocrx_word' id='word_1_837' title='bbox 1409 2579 1582 2606; x_wconf 81' lang='lat' dir='ltr'><strong>conservavit.</strong></span> <span class='ocrx_word' id='word_1_838' title='bbox 1609 2578 1707 2606; x_wconf 83' lang='lat' dir='ltr'><strong>Scribit</strong></span> <span class='ocrx_word' id='word_1_839' title='bbox 1733 2586 1842 2606; x_wconf 74' lang='lat' dir='ltr'><strong>sancta..-</strong></span> 
     </span>
    </p>
   </div>
   <div class='ocr_carea' id='block_1_116' title="bbox 1051 2625 1842 2664">
    <p class='ocr_par' dir='ltr' id='par_1_116' title="bbox 1051 2625 1842 2664">
     <span class='ocr_line' id='line_1_116' title="bbox 1051 2625 1842 2664; baseline -0.006 -9"><span class='ocrx_word' id='word_1_840' title='bbox 1051 2629 1169 2664; x_wconf 79' lang='lat' dir='ltr'><strong>Cyrillus</strong></span> <span class='ocrx_word' id='word_1_841' title='bbox 1180 2628 1265 2660; x_wconf 81' lang='lat' dir='ltr'><strong>prima</strong></span> <span class='ocrx_word' id='word_1_842' title='bbox 1277 2628 1311 2653; x_wconf 86' lang='lat' dir='ltr'><strong>ad</strong></span> <span class='ocrx_word' id='word_1_843' title='bbox 1319 2626 1464 2654; x_wconf 79' lang='lat' dir='ltr'><strong>Sucensum</strong></span> <span class='ocrx_word' id='word_1_844' title='bbox 1474 2626 1587 2661; x_wconf 75' lang='lat' dir='ltr'><strong>epistola</strong></span> <span class='ocrx_word' id='word_1_845' title='bbox 1603 2633 1612 2652; x_wconf 88' lang='lat'><strong><em>:</em></strong></span> <span class='ocrx_word' id='word_1_846' title='bbox 1626 2625 1712 2652; x_wconf 82' lang='lat' dir='ltr'><strong>Unum</strong></span> <span class='ocrx_word' id='word_1_847' title='bbox 1727 2625 1842 2652; x_wconf 68' lang='lat' dir='ltr'><strong>dicimus</strong></span> 
     </span>
    </p>
   </div>
   <div class='ocr_carea' id='block_1_117' title="bbox 1051 2671 1839 2709">
    <p class='ocr_par' dir='ltr' id='par_1_117' title="bbox 1051 2671 1839 2709">
     <span class='ocr_line' id='line_1_117' title="bbox 1051 2671 1839 2709; baseline -0.008 -8"><span class='ocrx_word' id='word_1_848' title='bbox 1051 2674 1162 2707; x_wconf 74' lang='lat' dir='ltr'><strong>Filium,</strong></span> <span class='ocrx_word' id='word_1_849' title='bbox 1188 2673 1409 2709; x_wconf 82' lang='lat' dir='ltr'><strong>quemadmodum</strong></span> <span class='ocrx_word' id='word_1_850' title='bbox 1424 2677 1449 2699; x_wconf 83' lang='lat' dir='ltr'><strong>et</strong></span> <span class='ocrx_word' id='word_1_851' title='bbox 1468 2671 1562 2699; x_wconf 74' lang='lat' dir='ltr'><strong>Patres</strong></span> <span class='ocrx_word' id='word_1_852' title='bbox 1575 2672 1657 2699; x_wconf 84' lang='lat' dir='ltr'><strong>locuti</strong></span> <span class='ocrx_word' id='word_1_853' title='bbox 1674 2675 1745 2701; x_wconf 76' lang='lat' dir='ltr'><strong>sunt,</strong></span> <span class='ocrx_word' id='word_1_854' title='bbox 1760 2678 1839 2697; x_wconf 71' lang='lat' dir='ltr'><strong>unum</strong></span> 
     </span>
    </p>
   </div>
   <div class='ocr_carea' id='block_1_118' title="bbox 1050 2716 1840 2751">
    <p class='ocr_par' dir='ltr' id='par_1_118' title="bbox 1050 2716 1840 2751">
     <span class='ocr_line' id='line_1_118' title="bbox 1050 2716 1840 2751; baseline -0.008 -4"><span class='ocrx_word' id='word_1_855' title='bbox 1050 2727 1175 2747; x_wconf 85' lang='lat' dir='ltr'><strong>naturam</strong></span> <span class='ocrx_word' id='word_1_856' title='bbox 1197 2721 1243 2747; x_wconf 85' lang='lat' dir='ltr'><strong>Dei</strong></span> <span class='ocrx_word' id='word_1_857' title='bbox 1263 2719 1340 2746; x_wconf 77' lang='lat' dir='ltr'><strong>Verbi</strong></span> <span class='ocrx_word' id='word_1_858' title='bbox 1352 2719 1528 2746; x_wconf 82' lang='lat' dir='ltr'><strong>incantatam.</strong></span> <span class='ocrx_word' id='word_1_859' title='bbox 1543 2717 1612 2751; x_wconf 82' lang='lat' dir='ltr'><strong>Quid</strong></span> <span class='ocrx_word' id='word_1_860' title='bbox 1628 2718 1717 2751; x_wconf 82' lang='lat' dir='ltr'><strong>itaque</strong></span> <span class='ocrx_word' id='word_1_861' title='bbox 1730 2716 1840 2744; x_wconf 62' lang='lat' dir='ltr'><strong>Chalce-</strong></span> 
     </span>
    </p>
   </div>
   <div class='ocr_carea' id='block_1_119' title="bbox 1049 2761 1840 2801">
    <p class='ocr_par' dir='ltr' id='par_1_119' title="bbox 1049 2761 1840 2801">
     <span class='ocr_line' id='line_1_119' title="bbox 1049 2761 1840 2801; baseline -0.008 -7"><span class='ocrx_word' id='word_1_862' title='bbox 1049 2766 1266 2801; x_wconf 81' lang='lat' dir='ltr'><strong>dom-nsisynodo</strong></span> <span class='ocrx_word' id='word_1_863' title='bbox 1275 2774 1334 2792; x_wconf 72' lang='lat' dir='ltr'><strong>cum</strong></span> <span class='ocrx_word' id='word_1_864' title='bbox 1342 2770 1433 2792; x_wconf 78' lang='lat' dir='ltr'><strong>sancto</strong></span> <span class='ocrx_word' id='word_1_865' title='bbox 1442 2764 1541 2800; x_wconf 79' lang='lat' dir='ltr'><strong>Cyrillo</strong></span> <span class='ocrx_word' id='word_1_866' title='bbox 1557 2770 1692 2790; x_wconf 81' lang='lat' dir='ltr'><strong>commune</strong></span> <span class='ocrx_word' id='word_1_867' title='bbox 1715 2762 1775 2788; x_wconf 71' lang='lat' dir='ltr'><strong>est.&quot;</strong></span> <span class='ocrx_word' id='word_1_868' title='bbox 1790 2761 1840 2788; x_wconf 71' lang='lat' dir='ltr'><strong>llic</strong></span> 
     </span>
    </p>
   </div>
   <div class='ocr_carea' id='block_1_120' title="bbox 1049 2807 1839 2841">
    <p class='ocr_par' dir='ltr' id='par_1_120' title="bbox 1049 2807 1839 2841">
     <span class='ocr_line' id='line_1_120' title="bbox 1049 2807 1839 2841; baseline -0.008 -1"><span class='ocrx_word' id='word_1_869' title='bbox 1049 2822 1128 2841; x_wconf 83' lang='lat' dir='ltr'><strong>unam</strong></span> <span class='ocrx_word' id='word_1_870' title='bbox 1152 2818 1274 2840; x_wconf 79' lang='lat' dir='ltr'><strong>naturam</strong></span> <span class='ocrx_word' id='word_1_871' title='bbox 1288 2813 1380 2839; x_wconf 79' lang='lat' dir='ltr'><strong>aniens</strong></span> <span class='ocrx_word' id='word_1_872' title='bbox 1400 2819 1432 2838; x_wconf 72' lang='lat' dir='ltr'><strong>ex</strong></span> <span class='ocrx_word' id='word_1_873' title='bbox 1450 2810 1552 2837; x_wconf 80' lang='lat' dir='ltr'><strong>duabus</strong></span> <span class='ocrx_word' id='word_1_874' title='bbox 1564 2807 1705 2835; x_wconf 82' lang='lat' dir='ltr'><strong>secundum</strong></span> <span class='ocrx_word' id='word_1_875' title='bbox 1719 2814 1839 2835; x_wconf 75' lang='lat' dir='ltr'><strong>saltclmlt</strong></span> 
     </span>
    </p>
   </div>
   <div class='ocr_carea' id='block_1_121' title="bbox 1049 2854 1838 2897">
    <p class='ocr_par' dir='ltr' id='par_1_121' title="bbox 1049 2854 1838 2897">
     <span class='ocr_line' id='line_1_121' title="bbox 1049 2854 1838 2897; baseline -0.009 -9"><span class='ocrx_word' id='word_1_876' title='bbox 1049 2862 1179 2897; x_wconf 71' lang='lat' dir='ltr'><strong>synodum</strong></span> <span class='ocrx_word' id='word_1_877' title='bbox 1197 2859 1358 2895; x_wconf 78' lang='lat' dir='ltr'><strong>Ephesinam</strong></span> <span class='ocrx_word' id='word_1_878' title='bbox 1375 2859 1478 2885; x_wconf 77' lang='lat' dir='ltr'><strong>locutus</strong></span> <span class='ocrx_word' id='word_1_879' title='bbox 1495 2861 1553 2888; x_wconf 80' lang='lat' dir='ltr'><strong>est;</strong></span> <span class='ocrx_word' id='word_1_880' title='bbox 1572 2860 1599 2881; x_wconf 85' lang='lat' dir='ltr'><strong>at</strong></span> <span class='ocrx_word' id='word_1_881' title='bbox 1617 2854 1838 2883; x_wconf 62' lang='lat' dir='ltr'><strong>Chalcedonensis</strong></span> 
     </span>
    </p>
   </div>
   <div class='ocr_carea' id='block_1_122' title="bbox 1049 2902 1836 2942">
    <p class='ocr_par' dir='ltr' id='par_1_122' title="bbox 1049 2902 1836 2942">
     <span class='ocr_line' id='line_1_122' title="bbox 1049 2902 1836 2942; baseline -0.008 -7"><span class='ocrx_word' id='word_1_882' title='bbox 1049 2908 1165 2942; x_wconf 80' lang='lat' dir='ltr'><strong>syumlus</strong></span> <span class='ocrx_word' id='word_1_883' title='bbox 1183 2914 1215 2934; x_wconf 65' lang='lat' dir='ltr'><strong>ex</strong></span> <span class='ocrx_word' id='word_1_884' title='bbox 1227 2907 1330 2933; x_wconf 69' lang='lat' dir='ltr'><strong>(limbus</strong></span> <span class='ocrx_word' id='word_1_885' title='bbox 1348 2905 1451 2931; x_wconf 79' lang='lat' dir='ltr'><strong>naturis</strong></span> <span class='ocrx_word' id='word_1_886' title='bbox 1466 2902 1595 2938; x_wconf 69' lang='lat' dir='ltr'><strong>separatis</strong></span> <span class='ocrx_word' id='word_1_887' title='bbox 1612 2902 1836 2934; x_wconf 66' lang='lat' dir='ltr'><strong>enuntiarit.lli~,</strong></span> 
     </span>
    </p>
   </div>
   <div class='ocr_carea' id='block_1_123' title="bbox 1598 2949 1637 2980">
    <p class='ocr_par' dir='ltr' id='par_1_123' title="bbox 1598 2949 1637 2980">
     <span class='ocr_line' id='line_1_123' title="bbox 1598 2949 1637 2980; baseline 0.051 -2"><span class='ocrx_word' id='word_1_888' title='bbox 1598 2949 1637 2980; x_wconf 75' lang='lat'><strong>20</strong></span> 
     </span>
    </p>
   </div>
  </div>
