2092 3156
283 205 337 238 623
917 196 1066 228 NICETIE
1078 195 1109 226 ΒΤ

1091 195 1283 239 nummi
1862 191 1917 225 sat

285 266 367 289 rectae
389 259 451 287 ﬁdei
471 257 599 286 sensibus
618 260 773 290 caeteraque
794 253 867 281 recti
882 253 989 282 ordinis
1010 260 1076 281 con-
1092 256 1111 285 Α

1093 256 1116 285 Α
1135 253 1233 288 καιροῦ
1267 251 1318 288 τὴν
1347 249 1512 286 πολύανδρον
1545 248 1652 285 ἐκείνην
1681 248 1919 284 συναθροισθεῖσα

285 306 441 336 servatione
469 304 698 332 condecorarunt.
722 300 811 329 Tanto
833 300 907 328 enim
929 299 1075 328 Pulclieria

1127 299 1238 327 σύνοδον
1259 297 1380 334 βασιλεῖς
1407 297 1564 334 ὁρίσαντας,
1576 297 1624 322 καὶ
1644 295 1767 331 ἐννόμως
1781 295 1872 323 πάντα
1886 298 1920 322 τὰ

289 350 571 380 immaculatissimant
583 347 727 382 Deiparam
744 345 857 374 Mariam
866 367 875 379 ,
888 345 1001 373 Matrem
1014 351 1074 372 eam

1127 346 1156 373 ἑν
1179 346 1248 382 αὐτῇ
1276 344 1433 380 πραχθέντα
1459 342 1652 374 κελεύσαντας,
1673 341 1834 378 Μαρκιανόν
1850 351 1920 378 φημι

287 397 395 425 Domini
409 395 527 423 ﬁdeliter
546 393 727 428 compellans,
746 397 774 420 et
784 392 834 420 Dei
854 391 1026 427 genitricem,
1048 393 1077 417 et

1128 392 1176 418 καὶ
1190 390 1369 426 Πουλχερίαν,
1385 390 1412 417 οἳ
1430 389 1557 425 μεγάλως
1578 388 1627 424 τὴν
1644 387 1780 423 βασίλειον
1795 387 1919 420 ἐξουσίαν

286 442 390 479 ingenti
404 441 456 470 ﬁde
472 447 615 472 venerans,
629 439 706 466 cultu
721 437 947 473 prosequebatur,
960 440 990 463 ut
1002 440 1078 463 tem-

1129 436 1271 473 όρθοδοξίᾳ
1285 436 1356 472 μετὰ
1370 435 1420 463 καὶ
1436 435 1486 470 τῆς
1502 434 1600 470 λοιπῆς
1611 432 1739 467 εὐταξίας
1753 434 1921 469 ἐκόσμησαν.

286 489 380 524 pla,ct
398 486 573 522 potissimum
590 485 617 511 in
636 484 729 519 regina
743 484 795 511 hac
812 482 921 510 urbium
935 481 988 509 sub
1005 481 1077 508 illius

1129 482 1263 510 Τοσοῦτον
1285 482 1340 518 γὰρ
1367 481 1469 517 περιῆν
1487 481 1518 507 τὸ
1536 480 1617 512 σέϐας
1638 481 1671 516 τῇ
1691 479 1844 516 Πουλχερίᾳ
1856 480 1923 515 προς

287 535 410 566 nomine,
425 541 507 568 quam
523 531 655 562 maxima,
676 529 871 565 pulcherrima,
880 529 1011 563 omnique
1031 535 1078 554 or-

1129 528 1179 564 τὴν
1195 528 1333 562 πάναγνον
1349 528 1397 555 καὶ
1419 527 1551 554 Θεοτόκον
1565 526 1687 568 Μαρίαν,
1702 528 1810 562 μητέρα
1829 535 1860 553 τε
1876 526 1923 553 τοῦ

288 586 356 608 natu
371 579 532 615 conspicua,
547 576 667 612 singulis
678 575 841 611 cognomine
855 582 889 603 ex
904 574 974 606 loco,
984 574 1012 600 in
1023 579 1078 608 quo

1130 572 1235 608 Κυρίου
1263 572 1367 608 ταύτην
1389 571 1493 604 πιστῶς
1514 566 1692 608 ἀπδκαλούσῃ
1715 571 1764 598 καὶ
1784 571 1923 603 Θεοτόκον,

287 633 427 656 exstructa
452 631 529 658 sunt,
545 625 645 657 indito,
661 622 872 652 exatdiiicaverit
889 629 937 658 per
950 629 982 649 ea
996 621 1070 648 inten

1131 619 1178 646 καὶ
1196 619 1266 653 μετὰ
1280 619 1402 651 πίστεως
1423 618 1524 654 πολλῆς
1545 618 1649 653 ταύτην
1666 617 1812 654 σεϐομένη,
1827 617 1867 650 ὡς
1878 618 1924 645 καὶ

288 683 348 703 sam
365 674 428 702 ﬁdei
447 674 474 700 in
489 671 787 702 immaculatissimam,
803 673 831 696 et
855 668 999 703 Deiparam
1022 665 1075 693 Ma»

1130 664 1213 696 ναοὺς
1229 664 1291 691 κατ’
1301 664 1440 699 ἐξαίρετον
1463 665 1492 690 ὲν
1520 665 1553 699 τῇ
1574 663 1755 699 βασιλευούσῃ
1781 662 1857 690 πόλει
1880 663 1923 688 ἐπ’

289 722 359 749 riam
379 719 529 748 voluntatis
547 717 754 746 inclinationem
770 723 827 743 suae
843 714 973 742 omnibus
987 717 1078 739 osten~

1132 708 1246 744 ὀνόματι
1259 708 1308 744 τῆς
1322 708 1494 744 Θεομήτορος
1518 708 1664 744 μεγίστους
1681 707 1728 734 καὶ
1750 707 1924 743 περικαλλεῖς

289 769 367 795 dens.
390 766 540 801 Propterea
567 764 691 798 improbe
718 769 789 794 eam,
815 768 865 789 nec
890 760 930 788 uti
954 767 1003 794 par
1020 762 1080 789 est,

1135 753 1184 801 καὶ
1208 754 1464 790 κατηγλαῖσμένους
1480 753 1636 789 δείμασθαι,
1658 753 1708 789 τὴν
1720 754 1880 789 ἐπωνυμίαν
1895 754 1925 779 ὲκ

289 813 369 848 quasi
382 819 446 840 cum
469 810 596 838 Nestorio
617 808 739 841 sentiret,
756 806 912 837 insimulas,
930 804 1080 832 dummodo

1131 800 1185 827 τῶν
1201 800 1293 828 τόπων
1310 801 1436 835 ἕκαστον,
1452 802 1481 828 ὲν
1505 797 1527 835 ᾧ
1541 800 1728 836 ᾠκοδόμηντο,
1750 799 1879 834 λαϐόντα,
1892 800 1925 827 δι’

289 846 385 894 etipse
399 857 542 892 Beiparam
559 855 666 882 Domini
682 853 795 881 Matrem
811 859 958 888 agnoscas.

1108 893 1111 894 ν
1134 846 1226 894 αὐτῶν
1241 847 1271 894 ab
1288 847 1389 883 θερμδν
1406 847 1456 883 τῆς
1486 847 1606 878 πίστεως
1618 847 1704 882 αὐτῆς
1727 847 1776 882 τῆς
1793 847 1861 883 πρὸς
1876 846 1927 882 τὴν

289 906 427 939 πάναγνον
442 903 490 930 καὶ
503 901 634 928 Θεοτόαον
647 900 758 935 Μαρίαν
772 900 855 926 πᾶσιν
873 895 1078 931 ὲνδεικνυμένη.
1100 892 1149 920 Διά
1162 901 1204 919 τοι
1220 892 1309 926 τοῦτο,
1322 893 1382 920 οὐδὲ
1411 893 1448 924 ὡς
1472 892 1507 920 τὰ
1529 891 1677 928 Νεστορίου
1710 891 1861 928 φρονοῦσαν
1889 891 1930 918 δεῖ

291 961 321 980 σε
336 951 422 987 αὐτὴν
439 949 589 985 διασύρειν,
608 948 666 982 εἴγε
679 948 726 974 καὶ
740 946 821 978 αὐτὸς
836 944 966 972 Θεοτόκον
983 941 1124 979 όμολογεῖ;
1136 940 1185 975 τὴν
1199 939 1246 967 τοῦ
1258 940 1362 975 Κυρίου
1372 939 1499 975 Μητέρα,

328 982 449 1026 12.1liud
456 982 566 1032 quoque
580 995 607 1022 in
616 993 730 1029 epistola
740 997 792 1020 tuae
803 990 1037 1027 magnanimitatis
1046 990 1087 1016 in-
1106 990 1126 1017 Β

1106 990 1126 1017 Β
1178 985 1222 1021 ιβ’.
1244 986 1403 1022 Ἐνεφέρετο
1414 986 1443 1013 δὲ
1460 985 1598 1013 καὶτοῦτο
1617 985 1647 1012 ἐν
1669 984 1710 1020 τῷ
1723 983 1869 1019 γράμματι
1878 982 1929 1018 τῆς

291 1044 434 1073 serebatur
449 1030 558 1070 :VMuita
581 1049 715 1076 ponentur
732 1038 882 1066 testimonia
897 1037 929 1065 de
947 1045 990 1070 ea,
1002 1043 1083 1071 quant

1138 1034 1188 1068 σῆς
1203 1032 1392 1068 μεγαλονοίας,
1417 1032 1459 1059 ὅτι
1485 1031 1608 1064 Πολλὰς
1626 1030 1747 1066 εῖχομεν
1768 1031 1931 1064 μαρτυρίας

291 1099 336 1118 nos
345 1090 500 1122 statuimus,
509 1097 563 1116 una
571 1096 661 1122 nempe
669 1087 768 1114 Christi
780 1089 878 1112 natura
884 1088 943 1120 post
956 1084 1081 1121 unionem

1137 1079 1204 1114 περὶ
1217 1078 1274 1114 τῆς
1287 1079 1356 1114 παρ’
1376 1079 1450 1114 ἡμῖν
1474 1077 1734 1113 δοῃιατιζομένης,
1756 1076 1853 1112 ἤγουν
1875 1075 1931 1110 τῆς

291 1136 419 1163 sententia
426 1134 581 1170 producere,
590 1140 636 1159 nec
649 1132 681 1158 ab
689 1139 720 1158 ea
731 1130 819 1157 aliena
828 1130 855 1157 in
869 1129 986 1156 medium
997 1127 1083 1162 affer-

1135 1125 1206 1161 μιᾶς
1220 1126 1340 1160 φύσεως
1355 1125 1412 1152 τοῦ
1426 1124 1558 1159 Χριστοῦ
1574 1124 1650 1159 μετὰ
1663 1123 1720 1157 τὴν
1734 1122 1846 1150 ἕνωσιν
1859 1123 1930 1156 ὁμο-η

291 1189 339 1209 re:
352 1185 533 1209 verumtamen
547 1186 605 1205 cum
616 1178 644 1204 in
656 1182 708 1204 tua
725 1176 877 1203 sanctitatis
894 1174 994 1209 scripto
1008 1173 1084 1200 trulla

1137 1173 1243 1206 λογίας
1263 1172 1425 1207 παριστᾷν,
1452 1171 1501 1199 καὶ
1522 1170 1623 1197 πολλὰ
1646 1166 1699 1197 τοῦ
1720 1169 1831 1204 λέγειν.
1852 1168 1931 1196 ἀλλὰ

293 1230 405 1255 inessent
420 1227 569 1253 divinorum
590 1222 704 1250 Patrum
721 1221 883 1254 tertiatertia,
897 1228 979 1255 neque
995 1227 1041 1246 nos
1054 1226 1085 1246 ea

1137 1217 1185 1245 διὰ
1201 1219 1233 1245 τὸ
1249 1218 1327 1253 μηδὲ
1342 1219 1378 1246 ἐν·
1392 1218 1432 1251 τῷ
1457 1217 1604 1253 γράμματι
1628 1216 1684 1251 τῆς
1710 1216 1771 1251 σῆς
1802 1215 1930 1250 ἁγιωσύ-

293 1273 487 1308 rccollegimus.
503 1271 558 1298 Nos
573 1269 753 1297 nihilominus
768 1272 820 1295 tuae
835 1267 929 1303 gloria}
940 1265 1086 1294 consulen-

1136 1274 1193 1299 νης
1207 1264 1266 1292 τῶν
1274 1266 1426 1300 θεοφόρων
1433 1263 1550 1298 ἀνδρῶν
1561 1264 1596 1290 οὐ
1607 1263 1737 1298 περιεῖχε
1751 1262 1929 1297 μαρτυρίας,

294 1326 345 1354 tes,
361 1307 433 1347 nunc
448 1317 538 1353 proiis
554 1317 591 1344 ita
601 1315 778 1344 ennntiamus
789 1323 796 1341 :
808 1313 886 1341 Haud
900 1313 977 1341 decet
989 1317 1027 1344 te,
1044 1315 1087 1338 ut-

1137 1310 1209 1339 οὺδὲ
1237 1311 1326 1346 ἡμεῖς
1349 1310 1568 1346 ὲνεῃράψαμεν.
1582 1309 1653 1345 Πλὴν
1669 1308 1716 1335 οὖν
1732 1307 1931 1339 διευθετοῦντες

295 1371 405 1400 cunque
423 1367 450 1392 et
467 1368 498 1390 ut
509 1361 617 1390 occasio
638 1360 740 1394 tulerit,
758 1360 791 1388 de
812 1359 864 1387 ﬁde
874 1362 901 1386 ct
912 1357 1087 1393 dogmatibus

1137 1358 1186 1393 τὴν
1203 1357 1252 1393 σὴν
1268 1357 1404 1390 εὔκλειαν,
1419 1357 1466 1384 καὶ
1480 1357 1509 1383 ἐν
1522 1356 1628 1388 τούτοις
1637 1355 1721 1382 τανῦν
1735 1354 1861 1389 λέγομεν·
1874 1353 1929 1389 Οὑχ

295 1409 452 1438 testimonia
463 1408 577 1436 Patrum
592 1406 752 1442 recolligere
765 1414 772 1433 :
789 1404 830 1432 sic
847 1404 920 1432 enim
937 1408 964 1430 et
979 1401 1087 1430 divinos

1130 1403 1244 1438 ἁπλῶς,
1258 1403 1306 1431 καὶ
1331 1403 1369 1435 ὼς
1384 1403 1473 1438 ἔτυχε,
1499 1402 1541 1429 δεῖ
1562 1411 1591 1428 σε
1619 1401 1773 1437 μαρτυρίας
1797 1400 1929 1435 Πατέρων

296 1457 358 1484 illos
370 1456 467 1483 Patres
495 1455 521 1482 in
535 1454 643 1481 crimen“
655 1452 791 1484 adduces,
808 1455 835 1478 et
856 1450 905 1477 tibi
929 1453 1030 1477 sartam
1049 1453 1090 1475 te-

1139 1451 1205 1486 περὶ
1223 1450 1341 1482 πίστεως
1355 1449 1404 1477 καὶ
1418 1448 1561 1484 δογμάτων
1579 1447 1772 1482 ἀναλέγεσθαι.
1794 1446 1871 1474 Ἐπεὶ
1884 1446 1932 1473 καὶ

296 1507 368 1529 ctam
377 1501 436 1529 lidei
447 1500 578 1528 rationem
589 1506 644 1526 nou
655 1496 843 1526 conservabis.
858 1495 941 1523 Multa
953 1493 1089 1529 siquidem

1139 1497 1202 1528 τοὺς
1216 1496 1306 1527 θείους
1318 1495 1444 1531 Πατέρας
1463 1495 1619 1529 ἐγκλήματι
1649 1492 1864 1530 περιγράψειας,
1885 1492 1932 1519 καὶ

296 1547 424 1576 Patribus
441 1547 499 1574 sive
526 1553 575 1581 per
600 1544 802 1579 metaphoram,
824 1541 882 1569 sive
907 1548 957 1576 per
969 1539 1092 1575 aequivo-

1141 1543 1170 1569 σὲ
1186 1542 1267 1577 ἀσινῆ
1282 1542 1321 1573 είς
1334 1542 1379 1569 τὸν
1398 1542 1447 1576 τῆς
1461 1541 1580 1572 πίστεως
1591 1540 1670 1575 λόγον
1679 1540 1710 1566 οὐ
1725 1539 1931 1574 διατηρήσειας.

296 1595 444 1626 cntionem,
456 1593 514 1620 sive
523 1599 572 1627 per
582 1590 802 1620 conversionem,
822 1588 880 1616 sive
891 1587 946 1614 alio
956 1585 1090 1621 quopiam

1143 1587 1230 1614 Πολλὰ
1244 1586 1298 1622 γὰρ
1312 1587 1369 1618 τοῖς
1381 1586 1507 1621 Πατράσι
1516 1586 1585 1621 πρὸς
1594 1585 1776 1620 κατάχρησιν,
1788 1584 1848 1619 ἦτοι
1859 1583 1931 1610 κατὰ

292 1641 381 1670 modo
402 1639 544 1668 vocabulis
566 1636 743 1665 abutentibus
766 1634 903 1662 excidisse
918 1631 1118 1668 comperien—(

1107 1631 1126 1659 C
1145 1632 1313 1668 μεταφορὰν,
1343 1632 1360 1667 ἢ
1383 1631 1554 1667 ὁμωνυμίαν,
1569 1630 1586 1666 ἢ
1603 1629 1796 1666 ἀντιστροφὴν,
1813 1629 1830 1665 ἢ
1845 1629 1933 1660 άλλως

292 1693 353 1715 -tur.
368 1685 509 1719 Quiuimo,
523 1687 551 1711 et
563 1682 663 1710 divinat
675 1681 795 1713 Litterae,
806 1684 834 1707 et
847 1687 915 1707 usus
926 1679 964 1706 ita
977 1678 1091 1706 nomina

1142 1687 1202 1711 πως
1215 1678 1289 1705 ἐστιν
1305 1678 1395 1714 εὑρεῖν
1408 1677 1549 1712 λέγοντας,
1560 1677 1608 1704 καὶ
1618 1676 1649 1703 οὺ
1665 1677 1745 1711 μόνον
1760 1675 1849 1707 τουτὶ,
1866 1674 1933 1701 ἀλλὰ

298 1735 479 1768 pertractant.
500 1729 534 1756 Et
549 1728 705 1763 conspicito
722 1726 789 1754 mihi
804 1726 892 1761 ipsum
911 1725 1021 1753 beatum
1039 1723 1091 1759 Cy-

1142 1726 1190 1753 καὶ
1203 1726 1232 1753 αι
1245 1725 1317 1753 θεῖαι
1342 1724 1452 1760 Γραφαὶ
1478 1723 1526 1751 καὶ
1540 1724 1557 1759 ὴ
1574 1722 1704 1758 συνήθεια
1723 1722 1810 1754 οὕτως
1826 1722 1860 1748 τὰ
1875 1721 1933 1748 ὀνό-

299 1767 390 1806 rillum
409 1778 570 1812 liypostasos
593 1777 765 1801 naturarum.
784 1776 811 1799 ct
832 1775 946 1798 naturas
961 1769 1090 1805 hyposta-

1144 1781 1217 1808 ματα
1243 1771 1476 1808 μεταχειρίζεται.
1498 1771 1553 1798 Καὶ
1579 1769 1629 1796 θέα
1648 1778 1694 1804 μοι
1718 1769 1767 1796 καὶ
1791 1768 1874 1796 αὐτὸν
1889 1767 1934 1794 τὺν

299 1833 365 1854 seon
381 1825 442 1853 loco
457 1824 648 1858 accipientem.
666 1821 753 1854 Quale
775 1819 840 1846 illud
855 1823 898 1846 est
912 1826 919 1846 ς
932 1817 960 1845 Si
977 1817 1035 1852 quis
1049 1817 1092 1843 tli-

1144 1818 1280 1854 μακάριον
1303 1816 1438 1853 Κύριλλον
1468 1816 1521 1848 τὰς
1544 1815 1708 1846 ὑποστάσεις
1724 1814 1785 1841 ἀντὶ
1808 1813 1864 1840 τῶν
1884 1814 1934 1847 φύ-

299 1872 363 1899 vidit
375 1871 539 1906 hyposlasu.
552 1868 727 1902 Rursumque
744 1866 871 1893 idemmet
884 1865 951 1892 dicit
968 1873 975 1891 :
994 1863 1089 1890 lucum

1144 1872 1225 1897 σεων,
1239 1863 1346 1895 καὶτὰς
1361 1863 1458 1898 φύσεις
1471 1862 1533 1889 ἀντὶ
1565 1861 1620 1888 τῶν
1638 1861 1815 1888 ὑποστάσεων
1830 1860 1932 1894 ἐκλαμ-

300 1916 368 1952 fusa
391 1904 592 1950 pennarum-unt
616 1915 732 1943 natura,
751 1911 904 1946 Itypostases
921 1915 1023 1943 nempe.
1037 1908 1093 1935 bla-

1144 1909 1270 1937 δάνοντα.
1280 1907 1343 1936 Οἷόν
1356 1916 1437 1944 φημν
1451 1908 1487 1935 Et
1500 1916 1547 1941 τις
1557 1906 1668 1941 διαιρεῖ
1674 1906 1727 1940 τὰς
1738 1904 1933 1938 ὑποστάσεις.

300 1950 371 1996 anus
382 1960 465 1988 etiam
480 1958 658 1990 Athanasius,
671 1961 699 1984 et
709 1963 847 1991 personas
861 1955 888 1982 iu
902 1954 1013 1982 Cbristo
1025 1953 1094 1982 duas

1143 1957 1199 1984 Καὶ
1215 1956 1296 1983 πάλιν
1308 1956 1322 1982 ὁ
1335 1954 1416 1986 αὐτος
1432 1954 1517 1988 λέγει·
1542 1953 1717 1988 Ἀσύγχυτοι
1729 1950 1937 1987 μεμενήκασιν

300 2014 362 2034 esse
376 2005 524 2036 contendit,
539 2011 601 2039 qua:
624 2002 677 2030 nisi
691 2002 754 2037 quis
775 2005 891 2033 asserat,
913 2001 985 2028 dicta
1000 2007 1060 2028 esse
1078 2007 1095 2026 ιι

1144 2002 1299 2037 αίφύσεις,
1312 2000 1407 2036 ἤγουν
1423 1999 1621 2032 ὑποστάσεις.
1640 1998 1675 2025 ’⁷0
1689 2007 1719 2025 τι
1751 1997 1839 2034 μέγας
1855 1996 1935 2023 Ἀθα-

301 2052 427 2080 Patribus
438 2071 446 2084 ,
464 2051 504 2078 sic
523 2049 664 2078 vocabulis
677 2048 863 2080 abutentibus,
881 2046 991 2075 eosdem
1007 2046 1096 2073 haere-

1145 2049 1238 2080 νάσιος
1256 2048 1304 2075 καὶ
1326 2048 1461 2083 πρόσωπα
1475 2047 1522 2073 ἐπὶ
1541 2045 1661 2081 Χριστοῦ
1676 2045 1723 2072 δύο
1743 2043 1814 2071 εἶναι
1829 2043 1934 2078 διισχυ-

302 2106 365 2127 sros
379 2102 442 2125 nota
461 2095 618 2128 iniamabit,
638 2098 666 2122 et
679 2101 712 2122 ex
729 2094 763 2121 iis
777 2093 950 2121 orationibus
970 2091 1096 2119 testimo-

1148 2095 1264 2131 ρίξεται,
1278 2095 1303 2121 εί
1318 2095 1355 2129 μή
1382 2101 1424 2125 τις
1447 2092 1526 2119 τοῦτο
1541 2092 1624 2125 εἴποι,
1647 2091 1688 2119 ὅτι
1710 2089 1937 2126 καταχρηστικῶς

302 2145 349 2173 nia
370 2151 520 2179 congereus
541 2142 594 2170 sibi
624 2141 675 2176 ipsi
700 2145 728 2167 ct
759 2140 822 2167 aliis
847 2139 967 2166 maxima
995 2138 1096 2165 incom-

1145 2143 1202 2173 τοῖς
1215 2141 1353 2176 Πατράσιν
1368 2139 1484 2175 tmen.
1495 2137 1594 2170 αὐτούς
1607 2146 1636 2164 τε
1653 2137 1764 2169 τούτους
1784 2135 1938 2172 αἱρετικοὺς

303 2192 384 2220 modo
400 2190 581 2226 comparabit.
599 2189 793 2216 Verumtamen
815 2187 894 2214 dicta:
908 2186 1095 2218 auctoritates,

1146 2188 1309 2223 άποφήσειε,
1335 2187 1383 2214 καὶ
1411 2187 1444 2213 ἐκ
1465 2186 1549 2213 τῶνδε
1574 2185 1629 2212 τῶν
1639 2185 1726 2219 λόγων
1739 2182 1937 2218 ἀναλεγόμενος

303 2240 327 2267 si
342 2239 386 2266 cui
402 2237 428 2265 id
447 2238 474 2264 in
489 2236 583 2263 animo
596 2235 688 2268 iucrit,
705 2242 738 2261 ex
759 2234 859 2261 divinis
887 2232 1015 2260 Patribus
1034 2232 1098 2259 seli-

1147 2235 1270 2270 χρήσεις,
1288 2233 1385 2260 ἑαυτόν
1411 2241 1442 2260 τε
1468 2233 1515 2260 καὶ
1529 2232 1626 2264 ἄλλους
1646 2230 1773 2266 μεγάλως
1799 2228 1936 2264 βλάψειεν.

304 2285 399 2321 gendze
423 2287 499 2315 sunt,
521 2289 583 2310 cum
605 2281 644 2308 illi
668 2281 701 2308 de
725 2281 808 2308 rebus
823 2281 985 2312 decernunt,
1009 2283 1036 2306 et
1050 2278 1097 2306 de—
1111 2303 1130 2321 u

1112 2303 1136 2321 η
1154 2279 1234 2307 Ἀλλὰ
1256 2280 1308 2316 χρὴ
1326 2279 1375 2311 τὰς
1394 2278 1521 2310 τοιαύτας
1539 2277 1662 2313 χρήσεις,
1682 2276 1750 2308 εττις
1772 2275 1893 2311 βούλοιτο
1906 2275 1938 2300 ὲκ

305 2303 399 2321 δωωω
423 2303 499 2315 .......,
521 2303 583 2310 υ...
669 2303 701 2308 ..-
726 2303 807 2308 ην--
824 2303 985 2312 μ-,-...-.,,,
1011 2303 1035 2306 __
1052 2303 1081 2306 η

305 2331 473 2363 terminant,
501 2328 696 2364 propriamque
728 2326 891 2355 sententiain
936 2303 1131 2357 declarant,“

1112 2303 1136 2334 υ
1148 2325 1202 2354 τῶν
1216 2303 1442 2360 θείῖί-νΙΠατέρων
1458 2303 1716 2358 ὀἷον
1728 2303 1938 2358 νομοθετοῦντας

305 2376 386 2412 quale
402 2376 486 2403 fuerit
499 2374 532 2401 tle
545 2379 642 2401 natura
664 2377 691 2399 et
722 2373 862 2407 liypostasi
878 2380 893 2399 a
909 2378 1008 2406 magno
1024 2370 1098 2397 Basi-

1149 2371 1212 2407 περί
1224 2379 1305 2398 τινων
1316 2370 1500 2406 πραγμάτων,
1514 2370 1561 2396 καὶ
1568 2367 1762 2404 ὸροθετοῦντας
1777 2365 1940 2402 εὑρισκομέ-

307 2423 345 2450 lio
360 2423 511 2454 decretum,
528 2420 574 2455 qui
600 2420 671 2447 inter
685 2426 717 2446 ea
733 2418 881 2446 discrimen
907 2417 1019 2452 apponit
1042 2424 1097 2444 non

1149 2426 1222 2449 νους,
1239 2417 1286 2443 καὶ
1301 2415 1350 2452 τὴν
1364 2415 1469 2442 οίκείαν
1485 2414 1599 2450 γνώμην
1610 2413 1863 2444 άνακαλύπτοντας.
1877 2408 1940 2439 οἶόν

307 2468 400 2502 aliud,
411 2475 495 2503 quam
529 2473 584 2501 quo
605 2465 759 2493 universale
781 2470 807 2492 et
826 2464 964 2500 singulare
985 2463 1054 2490 inter
1069 2471 1099 2490 se

1149 2462 1250 2490 ὲστιτδ
1269 2461 1334 2497 περὶ
1359 2461 1452 2492 οὐσίας
1478 2460 1526 2487 καὶ
1551 2460 1727 2491 ὑποστάσεως
1755 2459 1841 2493 ὄνομα
1865 2456 1942 2492 παρὰ

307 2515 440 2543 differunt
456 2523 463 2542 :
479 2513 520 2541 vel
537 2520 592 2548 quo
605 2511 671 2548 ipsi,
693 2512 756 2539 licet
773 2512 800 2538 itt
818 2510 880 2539 aliis
895 2509 1020 2545 plurimis
1034 2516 1099 2544 ope-

1149 2508 1280 2535 Βασλείου
1296 2507 1342 2534 τοῦ
1360 2507 1431 2534 πάνυ
1448 2506 1538 2533 λαϐὼν
1559 2505 1706 2541 διάκρισιν,
1723 2504 1825 2540 ταύτην
1844 2503 1941 2539 ἔχοντα

307 2562 385 2589 ribus
411 2561 574 2591 abutuntur,
604 2559 631 2586 in
661 2558 716 2585 alio
744 2562 835 2584 tamen
850 2563 943 2591 opere,
959 2555 1026 2591 quid
1049 2556 1099 2590 ipsi

1150 2555 1198 2590 τὴν
1213 2553 1344 2588 διαφορὰν
1370 2553 1438 2588 πρὸς
1455 2551 1567 2587 ἄλληλα,
1595 2551 1628 2587 ἢν
1646 2551 1702 2586 ἔχει
1718 2550 1748 2577 τὺ
1769 2549 1860 2577 κοινὸν
1873 2548 1941 2584 πρὸς

308 2607 440 2640 sentiant,
466 2610 494 2634 et
510 2613 658 2641 quemnam
675 2604 727 2640 ipsi
751 2604 786 2631 ob
803 2611 914 2631 causata
928 2602 1008 2630 abusi
1024 2605 1099 2634 sunt,

1150 2600 1180 2627 τὸ
1207 2600 1386 2630 καθέκαστον,
1402 2598 1419 2634 ἢ
1449 2599 1496 2624 καὶ
1512 2598 1612 2629 αὐτοὺς
1632 2595 1896 2632 καταχρησαμένους
1912 2595 1941 2620 ἐν

309 2654 461 2689 explanant
475 2660 482 2680 :
496 2652 539 2679 vel
551 2659 594 2684 ea,
613 2651 641 2678 in
658 2650 757 2685 quibus
775 2650 896 2684 plerique
910 2648 1020 2676 Patrum
1038 2655 1101 2676 con-

1151 2647 1241 2678 ἄλλοις
1275 2647 1316 2673 ὅτι
1345 2646 1481 2677 πλείστοις
1508 2644 1598 2671 αὐτῶν
1623 2644 1821 2679 συγγράμμασι
1848 2642 1942 2668 διασα-

308 2685 436 2732 εοίύεῐιι,
452 2698 493 2726 vel
505 2706 565 2733 quae
576 2697 700 2733 synodali
713 2696 822 2724 decreto
836 2696 943 2723 ﬁrmata
958 2699 1032 2726 sunt.
1046 2703 1100 2723 non

1152 2693 1269 2729 φοῦντας
1297 2692 1410 2728 κυρίως,
1439 2692 1507 2726 ὅπερ
1535 2690 1669 2726 ἀλλαχόσε
1693 2685 1940 2724 κατεχρήσαντο,ἢ

308 2753 400 2775 autent
416 2754 459 2779 ea,
476 2752 538 2780 qua:
559 2743 609 2779 ipsi
631 2743 704 2770 aliud
724 2746 837 2777 agentes
857 2742 960 2777 scripto
978 2741 1100 2769 tradide-

1153 2742 1201 2768 καὶ
1215 2741 1243 2767 ἐν
1256 2737 1296 2772 οἷς
1312 2740 1453 2774 σύμφωνοι
1472 2739 1496 2765 oi
1519 2738 1639 2765 πλεῖστοι
1651 2737 1706 2764 τῶν
1722 2735 1853 2770 Ιιατέρων
1862 2734 1944 2768 γεγό-

311 2796 385 2823 runt,
414 2791 442 2818 in
466 2779 568 2825 quibus
591 2787 692 2823 sacpius
716 2786 896 2822 exponendis,
919 2786 985 2814 dum
1001 2786 1100 2821 aliquis

1153 2786 1267 2822 νασιν,ἢ
1281 2786 1327 2812 καὶ
1343 2785 1486 2816 συνοδικῶς
1499 2783 1636 2820 ἐκυρώθη,
1650 2782 1718 2810 ἀλλὰ
1728 2782 1766 2817 μὴ
1778 2781 1819 2817 τῷ
1828 2779 1942 2815 ὲξοδικῷ

311 2824 494 2873 negligentius
511 2843 541 2864 se
556 2834 636 2870 gerit,
648 2833 815 2861 dictionibus
835 2833 960 2860 abutitur
974 2840 988 2859 a
1002 2832 1101 2860 vestris

1151 2833 1234 2868 λόγῳ,
1265 2829 1288 2866 ᾧ
1318 2831 1448 2863 πολλάκις
1462 2831 1495 2858 ἄν
1509 2839 1551 2861 τις
1567 2829 1638 2857 κατὰ
1664 2828 1713 2864 τὴν
1730 2827 1880 2863 ἑρμηνείαν
1896 2824 1943 2852 καὶ

311 2883 523 2918 cogitationibus
541 2883 574 2909 ad
600 2882 652 2912 hoc
671 2881 760 2915 ipsum
783 2879 943 2912 distractus,
962 2879 1004 2906 vel
1028 2880 1101 2914 quod

1152 2880 1334 2914 ἀμελέστερον
1346 2878 1517 2912 διακείμενος
1543 2877 1744 2912 καταχρήσοιτο
1762 2874 1878 2907 λέξεσιν.
1890 2871 1943 2898 ὑπὸ

312 2927 496 2964 aptitudinum
515 2927 617 2954 nullam
633 2926 740 2953 habens
764 2925 790 2952 in
814 2930 961 2960 promptu,
982 2926 1024 2953 vel
1037 2933 1099 2954 cum

1153 2926 1293 2961 ὑμετέρων
1312 2924 1456 2960 νοημάτων
1470 2925 1537 2960 πρὸς
1551 2923 1630 2951 τοῦτο
1654 2921 1799 2958 ἀγόμενος,
1813 2920 1831 2955 ἢ
1845 2918 1892 2945 καὶ
1904 2918 1944 2954 μὴ
