2092 3156
161 163 219 195 625

588 163 811 197 REFUTATTO
829 160 1021 198 EPISTOLIE
1044 164 1162 198 REGIS
1181 165 1380 197 ARMENI/E.

1747 167 1799 199 6'26

161 221 310 256 πρόχειρον
325 218 396 255 ἔχων
418 219 468 255 τὴν
486 219 705 257 επιτηδειότητα,
727 220 745 257 ἢ
764 221 812 248 καί
829 229 885 248 τισι
900 221 971 253 τῶν,

1015 222 1067 250 diis
1081 221 1217 257 opposita,
1230 221 1411 250 sentientibus
1429 220 1583 254 decertans,
1601 220 1670 249 alias
1686 228 1800 257 quoque

160 265 322 299 ἑτεροδόξων
331 266 602 300 ἀντικαθιστάμενος,
610 267 657 294 καὶ
668 267 728 295 κατ’
736 267 819 300 άλλας
827 268 856 295 δὲ
866 277 956 304 παρα-

161 312 258 346 φάσεις
284 313 333 347 τῆς
354 311 408 338 τῶν
433 312 572 348 ὀνομάτων
595 313 740 348 ἀκριϐείας
756 313 794 350 μὴ
807 314 956 349 φροντίσαι,

163 358 195 385 οὐ
210 357 251 385 δεῖ
274 359 307 384 ἐκ
337 358 466 385 τοιούτων
493 359 606 395 χρήσεις
632 360 822 394 ἀναλέγεσθαι,
844 360 901 388 ἀλλ’
919 362 958 393 ὡς

164 403 261 430 ὰνόπιν
276 403 392 439 ἔφαμεν.
401 403 487 430 Τοῦτο
500 404 529 431 δὲ
542 405 589 432 καὶ
603 405 634 432 σὺ
647 405 742 440 ποιῶν,
758 406 808 433 οὐκ
817 405 850 433 ἂν
866 406 957 441 εὕροις

163 450 338 486 παραστῆσαι
347 451 459 486 χρήσεις
469 451 637 483 συνιστώσας
647 451 678 478 τδ
693 453 757 488 περὶ
772 453 837 488 μιᾶς
849 453 957 488 φύσεως

162 495 210 523 τοῦ
226 495 344 528 Χριστοῦ
360 495 436 532 παρὰ
457 496 505 523 σοῦ
520 496 760 533 δογματιξόμενον.

201 540 244 575 ιγ’.
257 540 440 576 Παρακατιὼν
450 540 478 568 δὲ
490 542 519 568 ὲν
527 541 566 576 τῷ
578 542 725 577 γράμματι
741 551 800 577 σου,
814 543 863 571 καὶ
874 544 957 571 οἱονεὶ

163 585 316 621 ἀχθόμενος
333 586 401 622 πρὸς
419 586 504 621 ἡμᾶς,
519 586 588 613 διότι
603 587 794 623 γεγράφαμεν,
812 588 854 616 ὃτι
868 590 892 616 oi
911 589 956 616 λέ-

162 638 259 665 γοντες
277 629 343 665 μίαν
357 629 440 665 φύσιν
465 630 506 662 είς
529 631 648 665 Χριστὸν
663 631 877 667 Εὐτυχιανισταί
889 633 953 666 είσι,

163 677 213 703 καὶ
228 676 267 711 τῷ
283 676 357 711 αὑτῷ
371 676 522 712 ἀναθέματι
537 677 583 704 καὶ
601 678 716 713 κρίματι
734 679 955 706 καθυποϐάλλον-

163 731 219 755 ται,
234 720 324 749 τοιάδε
347 723 479 757 γράφεις·
504 722 559 749 Kal
580 723 719 758 λέγομεν,
737 724 880 758 δέσποτα,
900 727 956 753 οὐκ

164 767 301 801 ἐποιήσω
314 767 350 795 ἐν
362 769 458 802 τούτῳ
476 768 591 796 εὐθεῖαν
608 770 721 804 κρίσιν,
741 770 782 797 διὸ
797 771 843 797 καὶ
859 773 956 807 πειρᾶ-

166 820 214 840 σαι
228 811 276 839 τοῦ
293 812 432 848 [ὐτυχοῦς
446 812 494 849 τὴν
507 813 585 846 δόξαν
603 814 769 846 ἐκτίθεσθαι,
793 815 955 852 διασαφηνί-

165 857 223 889 ζειν
237 866 279 891 τε,
291 858 333 884 ὃτι
356 858 487 894 ἀνάχυσιν
501 859 549 886 καὶ
563 859 714 894 άνάκρασιν
730 859 837 893 δοξάζει
851 861 898 888 ἐπὶ
907 862 956 896 τῆς

1008 267 1045 295 ob
1057 274 1155 295 causas
1170 267 1311 294 nominum
1334 271 1490 295 accuratam
1505 267 1733 302 signiﬁcationem
1750 275 1803 295 ne—

1009 313 1103 350 glexit.
1132 313 1172 341 Ex
1204 313 1340 342 similibus
1365 314 1521 341 testimonia
1548 315 1720 350 congerenda
1745 322 1802 342 non

1008 365 1083 392 sunt,
1100 359 1160 391 sed,
1176 364 1206 386 nt
1222 367 1305 395 supra
1320 359 1452 387 diximus.
1466 359 1493 386 ld
1510 364 1536 387 tu
1546 367 1656 395 quoque
1672 360 1718 387 ubi
1732 360 1802 387 fece-

1008 404 1058 436 ris,
1077 405 1149 432 nulla
1168 405 1322 440 comperies
1346 405 1500 433 testimonia
1515 406 1642 438 Patrum,
1661 414 1722 441 qua:
1737 413 1801 433 sen-

1008 452 1120 479 tentiam
1137 455 1211 479 tuam
1233 451 1268 479 de
1292 459 1346 479 una
1370 451 1475 479 Christi
1491 457 1588 480 natura
1605 452 1797 488 comprobent.

1036 538 1087 569 Ἰὸ.
1102 540 1133 569 1η
1154 541 1269 577 epistola
1296 549 1363 570 vero
1386 545 1432 569 tua
1460 550 1637 577 progressus,
1653 543 1739 571 veluti
1761 544 1802 571 iu-

1007 586 1136 622 dignatus
1159 586 1329 622 molesteque
1359 587 1461 619 ferens,
1479 589 1556 623 quod
1580 596 1631 616 nos
1657 589 1803 624 scripseri-

1007 640 1080 666 mus,
1095 636 1250 661 asserentes
1279 640 1362 660 unam
1387 633 1414 660 in
1431 633 1542 661 Christo
1566 638 1694 662 naturam
1721 634 1804 670 Euty-

1007 677 1122 706 chianos
1132 685 1204 708 esse.
1216 678 1368 713 eodemque
1380 679 1554 707 anathemate
1574 680 1719 716 acjudicio
1732 681 1799 707 sub-

1005 722 1064 757 jici,
1093 724 1149 751 haec
1159 723 1259 752 scribis
1284 724 1343 751 :Et
1373 724 1497 758 dicimus,
1521 725 1638 759 domine,
1659 727 1685 753 in
1713 727 1759 753 hoc
1779 731 1806 753 le

1008 778 1061 796 non
1094 775 1162 797 recte
1186 770 1322 805 judicium
1357 771 1471 803 tulisse;
1497 771 1613 807 ideoque
1644 772 1810 808 Eutychetis

1007 815 1163 851 opinionem
1189 824 1328 851 exponere
1371 817 1492 848 conaris.
1521 817 1717 853 declararcqne
1740 825 1803 845 eum

1009 860 1203 889 confusionem
1220 863 1519 897 commutationemque
1540 863 1569 889 in
1584 862 1738 890 oeconomia
1754 871 1817 897 ρο·-

164 904 333 939 οἰκονομίας,
353 904 402 931 καὶ
417 905 450 931 ὲκ
472 904 527 931 τῶν
546 905 632 939 ἁγίων
654 905 701 932 καὶ
718 902 862 941 ἀχράντων
878 907 959 941 αίμά-

1015 914 1088 939 ncre,
1104 906 1226 941 nihilque
1241 914 1274 933 ex
1298 907 1480 934 immaculatis
1513 907 1673 942 sanctisque
1692 907 1806 942 sangui~

164 958 219 976 των
236 949 319 984 μηδὲν
333 949 379 976 τὸν
392 950 458 976 Θεὸν
472 950 559 985 Λόγον
574 951 776 986 προσλαϐέσθαι
791 952 877 986 λέγει,
894 953 959 979 ἑαυ-

163 996 210 1023 τὸν
222 997 250 1022 δὲ
268 996 443 1032 παραστῆσαι
456 997 494 1032 μὴ
507 995 577 1024 εἶναι
593 998 767 1033 συγχυτικόν,
780 1000 827 1026 καὶ
842 999 959 1035 ἑτέρωσε

163 1042 309 1074 δοξάζοντα
337 1042 403 1078 μίαν
426 1042 508 1078 φύσιν
534 1043 580 1070 ἐπὶ
601 1043 731 1079 Χριστοῦ,
746 1043 780 1071 δι’
792 1044 858 1071 αὐτὸ
868 1045 958 1078 τοῦτο,

165 1087 233 1123 μηδὲ
244 1087 282 1123 τῷ
293 1088 369 1124 αὐτῷ
383 1087 534 1124 ἀναθέματι
566 1088 679 1121 δικαῐως
692 1089 957 1118 καθυποϐάλλεσθαι.

171 1133 242 1160 Ἀλλ’
271 1134 295 1160 εί
315 1133 366 1169 μὲν
381 1134 395 1161 ό
417 1134 495 1168 λόγος
511 1135 526 1161 ὁ
540 1135 586 1167 σδς
609 1135 640 1162 τὸ
654 1135 783 1171 διάφορον
804 1136 852 1171 τῆς
869 1136 958 1171 δόξης,

164 1180 236 1214 φημὶ
249 1179 282 1215 δὴ
295 1179 342 1206 τοῦ
353 1180 490 1216 Εὑτυχοῦς
503 1181 550 1207 καὶ
562 1181 612 1216 τῆς
627 1181 676 1216 σῆς
688 1181 847 1216 ὁμολογίας,
864 1182 960 1218 βούλε-

164 1235 210 1254 ται
226 1228 374 1263 παριστᾷν,
386 1227 424 1259 ὡς
439 1227 566 1254 ἐντεῦθεν
580 1227 649 1262 μηδὲ
662 1228 702 1263 τῷ
716 1228 792 1264 αὑτῷ
807 1229 960 1263 ἀναθέματι

166 1272 382 1307 συναπάγεσθαι,
394 1274 408 1300 ό
420 1273 487 1308 γοῦν
503 1274 639 1309 ἡμέτερος
651 1274 730 1308 λόγος
736 1275 785 1309 τῆς
796 1275 960 1308 ἀποδείξεως

165 1317 240 1344 οὕτω
254 1318 371 1353 λέγοντά
386 1327 415 1345 σε
444 1319 509 1354 μίαν
535 1319 616 1355 φύσιν
631 1321 677 1348 ἐπὶ
690 1321 740 1357 τῆς
753 1321 876 1353 ὲνώσεως
890 1322 960 1358 Χρι-

167 1363 243 1398 στοῦ,
269 1365 322 1392 κᾶν
338 1365 375 1400 μὴ
401 1366 434 1392 ἐκ
460 1365 572 1401 πρώτης
601 1366 688 1405 οὕτως
714 1366 960 1402 εὖροιδοξάζοντα,

167 1410 226 1437 ἀλλ’
251 1411 280 1444 ἐξ
314 1409 352 1438 ὧν
381 1411 483 1445 λέγεις,
508 1412 658 1445 ὲξάπαντος
678 1413 718 1444 εἰς
733 1413 779 1440 τὸν
797 1414 846 1449 τῆς
860 1414 960 1449 άναχύ-

168 1465 239 1488 σεως
250 1457 352 1492 τρόπον
364 1457 501 1493 περιάξει,
523 1459 569 1485 καὶ
582 1458 663 1486 τοῦτό
681 1468 722 1486 σοι
732 1459 811 1495 δῆλον
823 1460 959 1488 ἐντεῦθεν.

167 1502 250 1536 Τρεῖς
276 1503 368 1530 τοίνυν
388 1504 416 1530 αἱ
441 1504 574 1531 ἀνωτάτω
591 1504 666 1536 δόξαι
690 1505 755 1541 περὶ
775 1506 824 1541 τῆς
837 1498 960 1540 ὲνώσεως

167 1546 222 1573 τῶν
239 1548 268 1574 ἐν
282 1547 395 1583 Χριστῷ
420 1548 530 1583 φύσεων
552 1549 772 1585 κατεϐλήθησαν,
797 1551 960 1588 διαιρετικὴ,

1014 951 1097 979 nibus
1122 951 1207 979 Deum
1232 952 1350 979 Verbum
1373 952 1566 987 assumpsisse,
1583 957 1609 980 te
1624 953 1712 987 ipsum
1732 960 1798 979 vero

1014 999 1130 1033 probare
1164 1005 1219 1025 non
1243 998 1417 1026 introducere
1439 997 1642 1030 confusionem,
1663 1003 1690 1025 ct
1716 997 1802 1028 alibi.

1015 1052 1096 1071 unam
1109 1048 1234 1071 naturam
1247 1044 1425 1071 amrmantem
1440 1044 1466 1070 in
1480 1043 1601 1076 Christo,
1613 1051 1667 1071 non
1678 1049 1807 1079 propter-

1013 1096 1045 1116 ea
1065 1089 1231 1117 anathemati
1253 1089 1351 1116 merito
1373 1088 1484 1123 subjici.
1514 1087 1547 1127 Et
1560 1089 1624 1116 licet
1638 1096 1728 1116 sermo
1743 1093 1807 1115 tuus

1013 1135 1153 1171 opinionis
1173 1135 1350 1171 Eutychiaoa:
1377 1140 1485 1170 tuaeque
1503 1135 1687 1163 confessionis
1708 1134 1808 1162 discri-

1015 1189 1075 1209 men
1105 1182 1241 1209 extricare
1266 1181 1386 1214 nitatur,
1415 1185 1445 1208 ut
1481 1181 1544 1209 inde
1570 1181 1606 1209 ab
1632 1181 1818 1208 anathemate-

1015 1232 1112 1255 contra
1131 1227 1283 1263 Eutychem
1305 1227 1362 1254 lato
1378 1227 1509 1254 immunis
1533 1234 1595 1255 esse
1612 1227 1741 1259 videaris,
1757 1236 1808 1254 no-

1014 1280 1078 1302 strae
1097 1280 1189 1301 tamen
1202 1274 1448 1301 demonstratiénis
1464 1274 1535 1301 ratio
1548 1277 1574 1301 te
1583 1281 1664 1300 uuam
1678 1278 1818 1301 naturam.

1015 1321 1042 1347 in
1054 1320 1154 1347 unione
1166 1319 1267 1347 Christi
1282 1320 1517 1352 asscrentem,etsi
1531 1319 1590 1354 ipso
1599 1319 1687 1354 primo
1697 1324 1810 1354 aspectu

1014 1370 1041 1394 te
1054 1366 1091 1393 ita
1106 1365 1231 1393 confiteri
1257 1374 1311 1394 non
1327 1365 1505 1400 compererit,
1522 1365 1635 1392 omnino
1656 1365 1682 1391 in
1707 1365 1806 1392 confit.

1014 1412 1101 1440 sionis
1115 1412 1226 1440 modum
1241 1412 1375 1439 adducet:
1389 1411 1462 1446 quod
1479 1411 1528 1438 tibi
1542 1411 1616 1438 hisce
1625 1411 1804 1438 manifestum

1015 1458 1106 1485 fuerit.
1133 1457 1199 1486 Tres
1221 1466 1286 1493 ergo
1314 1465 1449 1492 supremae
1473 1457 1620 1492 opiniones
1648 1457 1681 1484 de
1708 1458 1810 1485 unione

1015 1508 1176 1531 naturarum
1192 1504 1219 1530 in
1237 1503 1346 1531 Christo
1362 1507 1501 1538 conceptae
1516 1507 1591 1532 sunt.
1606 1503 1733 1535 divisiva,
1743 1511 1810 1530 con-

1015 1549 1115 1583 fusiva,
1141 1555 1169 1578 et
1189 1558 1249 1586 qua:
1264 1551 1372 1586 proprie
1387 1550 1540 1585 appellatur
1552 1549 1656 1581 unitiva
1671 1557 1677 1575 ἒ
1691 1557 1809 1584 quarum

170 1592 331 1627 συγχυτικὴ,
352 1593 400 1620 καὶ
415 1595 431 1630 ὴ
454 1594 558 1629 κυρίως
568 1595 685 1631 ἑνωτικὴ
702 1595 847 1631 λεγομένη.
864 1598 897 1623 Al
911 1597 960 1633 μὲν

1015 1596 1074 1623 duae
1100 1596 1135 1623 ab
1163 1596 1299 1623 haereticis
1329 1596 1409 1631 quasi
1433 1595 1489 1630 joei
1532 1595 1640 1622 ridiculi
1663 1595 1810 1622 divendita:

171 1635 220 1663 οὖν
241 1637 288 1664 δύο
302 1639 398 1665 παισὶν
420 1640 567 1675 αἱρετικῶν
591 1641 770 1676 ὲπαίχθησαν,
801 1643 849 1669 καὶ
870 1643 965 1676 παιζὲ-

171 1683 290 1711 σθωσαν.
307 1685 407 1717 Καλῶς
424 1685 479 1721 γὰρ
497 1686 642 1721 προλαϐὼν
655 1687 754 1719 αὐτοὺς
771 1688 786 1714 ὁ
801 1688 871 1720 θεῖος
888 1689 908 1715 Γ
911 1697 965 1725 ρη-

170 1729 261 1765 γόριος
284 1731 486 1766 ὲστηλίτευσεν.
498 1733 536 1759 ’Ἡ
553 1741 582 1759 τε
605 1733 660 1768 γὰρ
676 1733 828 1770 διαιρετικὴ
853 1735 966 1771 σχετική

170 1783 214 1807 τις
224 1774 301 1809 οὖσα,
311 1776 359 1803 καὶ
371 1777 439 1812 μηδὲ
451 1777 503 1812 τὴν
515 1778 601 1814 ἀρχὴν
612 1779 659 1810 τὰς
670 1778 766 1813 φύσεις
779 1780 966 1814 συνάπτουσα,

170 1822 364 1856 κεχωρισμένα
379 1822 445 1857 πρὸς
461 1822 563 1857 ἄλληλα
578 1824 740 1850 καταλείπει
756 1824 790 1851 τὰ
804 1825 966 1860 πράγματα..

173 1866 240 1902 μηδὲ
251 1867 300 1894 ὅσα
314 1867 368 1894 ίδια
382 1869 488 1900 τούτοις
500 1868 618 1901 διδοῦσα,
635 1870 846 1906 ἢάντιδιδοῠσα.
862 1871 905 1902 Ὠς
920 1872 966 1898 ὲνσ

169 1913 268 1940 τεῧθεν
274 1913 322 1940 δύο
329 1913 424 1949 φύσεις
438 1915 526 1950 πάντη
538 1916 675 1951 χωριστὰς
688 1916 810 1951 ἀλλήλων
817 1916 968 1952 ὁρίζεσθαι,

174 1959 245 1994 πλὴν
257 1960 318 1986 ὅσον
336 1959 410 1995 ἀξίᾳ,
423 1961 470 1987 καὶ
482 1961 590 1996 γνώμῃ.
605 1962 652 1989 καὶ
666 1961 846 1998 ταυτοϐουλίᾳ
857 1962 902 1988 τὸν
915 1963 969 1990 τῶν

173 2006 283 2039 φύσεων
294 2007 435 2041 χωρισμὸν
448 2007 589 2040 φενακίζει
601 2008 664 2038 τοῦς
672 2007 804 2043 ἄφρονας.
817 2007 935 2043 Τοιαύτη
951 2008 968 2044 ἡ

171 2050 221 2077 τοῦ
231 2050 432 2086 ματαιόφρονος
439 2051 589 2086 Νεστορίου
598 2051 673 2085 δόξα,
683 2053 699 2087 ἡ
710 2052 738 2079 δὲ
747 2053 817 2079 κατὰ
823 2052 969 2088 διάμετρον

175 2095 280 2132 ταύτης
297 2098 344 2125 καὶ
360 2098 511 2133 συγχυτικὴ
529 2098 641 2125 πλεῖστα
653 2098 831 2133 ἀφανίζουσα,
843 2099 890 2126 καὶ
904 2108 969 2134 συγ-

172 2142 284 2178 χέουσα,
293 2143 323 2169 ἓν
334 2152 360 2170 τι
368 2144 485 2179 πρᾶγμα
498 2143 575 2170 νόθον
583 2144 748 2171 ἀναπλάττει
766 2153 795 2170 τε
807 2145 854 2171 καλ⁸
865 2145 968 2179 φαντά-

173 2187 262 2220 ζεται,
275 2189 304 2215 ὲν
314 2189 368 2215 οὐδ’
377 2190 501 2225 ὁποτέρῳ
511 2189 565 2216 τῶν
575 2190 720 2224 ἡνωμὲνων
728 2189 858 2226 καθαρῶς
866 2191 895 2217 τὺ
902 2191 968 2218 ίδιον

1018 1646 1083 1669 sunt
1098 1645 1126 1669 et
1140 1641 1336 1669 divenduntur.
1361 1640 1450 1668 Probe
1466 1640 1539 1668 enim
1553 1647 1602 1667 eos
1617 1647 1822 1675 praeoccupans:

1018 1687 1129 1715 divinus
1159 1687 1307 1722 Gregorius
1336 1686 1478 1714 infamavit
1501 1695 1508 1712 :
1527 1694 1647 1720 namque
1670 1686 1811 1716 divisiva;

1019 1739 1081 1760 cum
1103 1733 1215 1760 relativa
1236 1733 1288 1765 sit,
1313 1738 1339 1760 et
1364 1740 1452 1767 neque
1475 1732 1502 1759 in
1524 1732 1583 1767 ipso
1599 1731 1678 1759 initio
1697 1736 1812 1759 naturas

1019 1778 1180 1813 ronjungat,
1199 1782 1340 1814 separatas
1364 1778 1435 1805 inter
1457 1785 1485 1806 se
1501 1785 1545 1804 res
1569 1777 1710 1812 relinquit,
1722 1785 1816 1812 neque

1019 1823 1074 1851 illis
1106 1824 1283 1856 communia,
1309 1831 1398 1858 neque
1428 1823 1589 1858 peculiaria»
1606 1823 1737 1856 exhibet,
1764 1828 1813 1850 aut

1020 1868 1119 1900 reddit,
1134 1873 1164 1895 ut
1183 1868 1245 1896 inde
1256 1868 1317 1895 dua:
1332 1874 1435 1895 natura
1454 1868 1566 1895 omnino
1596 1876 1611 1895 a
1636 1868 1736 1902 seipsis
1757 1868 1812 1895 dis-

1019 1915 1126 1950 pertita:
1154 1915 1407 1946 constituantur,et
1433 1915 1491 1942 hme
1513 1914 1703 1942 tantummodo
1722 1914 1820 1948 digni-'

1020 1965 1086 1993 tate,
1103 1967 1130 1987 et
1147 1961 1276 1995 opinione
1287 1981 1294 1992 ,
1310 1965 1337 1988 et
1363 1961 1481 1989 consilio
1495 1965 1609 1987 naturas
1629 1960 1753 1988 dividens
1768 1959 1812 1986 l‘u-

1019 2014 1082 2034 cum
1108 2006 1301 2045 insipientibus
1323 2007 1397 2039 facit,
1434 2012 1531 2041 estque
1560 2006 1653 2034 stolidi
1682 2005 1811 2033 Nestorii.

1020 2052 1087 2085 Quae
1098 2060 1164 2079 vero
1183 2052 1222 2080 illi
1235 2060 1266 2080 ex
1277 2052 1412 2080 diametro
1426 2052 1669 2087 opponitur,*'plura
1680 2051 1812 2079 dirimens

1019 2102 1046 2126 et
1060 2097 1241 2131 confundens,
1260 2098 1385 2133 Spurium
1410 2097 1504 2126 nescio
1528 2097 1594 2132 quid
1617 2097 1668 2125 sibi
1687 2097 1773 2133 tingit,
1785 2102 1813 2124 et

1019 2145 1215 2180 imaginatione
1243 2145 1454 2180 complectitur,
1487 2144 1527 2172 in»
1544 2148 1640 2172 neutra
1670 2144 1823 2171 unitormr

1019 2197 1097 2227 parte
1115 2199 1181 2226 pure
1195 2191 1340 2227 proprium.
1350 2198 1532 2223 conservans,
1546 2191 1593 2218 sed
1606 2191 1660 2218 hoc
1676 2190 1741 2217 illud
1758 2194 1811 2222 cst,

173 2233 365 2265 ἀποσώζουσα,
384 2234 452 2260 ἀλλὰ
476 2234 555 2261 τοῦτο
583 2235 680 2266 ἐκεῖνο,
697 2236 807 2261 κάκεῖνο
817 2235 905 2266 τοῦτο,
922 2235 968 2262 καὶ

1021 2242 1048 2265 et
1062 2237 1127 2265 illud
1143 2237 1196 2264 hoc
1211 2246 1217 2264 :
1234 2237 1350 2272 ideoque
1364 2244 1453 2272 neque
1475 2237 1536 2268 hoc.
1556 2244 1642 2271 neque
1661 2236 1725 2263 illud
1743 2244 1811 2263 con-

173 2279 220 2305 διὰ
229 2279 309 2306 τοῦτο
320 2279 383 2306 οὐδὲ
399 2280 488 2313 τοῦτο,
501 2280 560 2306 οὐδὲ
574 2281 662 2307 ἐκεῖνο
674 2281 863 2316 συγχωροῦσα.
880 2281 966 2308 Νόθον
977 2297 978 2300 η

176 2325 231 2359 γὰρ
246 2325 319 2352 ἅπαν
340 2325 370 2352 τὸ
393 2326 425 2352 ὲκ
443 2326 493 2360 τῆς
515 2326 672 2361 συγχύσεως
686 2327 874 2361 ἀναφαίνεται,
891 2327 973 2354 οὐδὲν

175 2371 238 2406 ἔχον
255 2371 389 2408 καθαρὸν,
407 2372 469 2399 οὐδὲ
486 2373 514 2398 ὲν
529 2374 562 2408 τῇ
579 2372 685 2408 μονὶμῳ
712 2373 854 2408 ἱδρυμένον
870 2373 967 2400 ἑαυτοῦ

178 2418 302 2452 ίδιότητι.
320 2418 351 2444 'H
365 2418 392 2444 δὲ
406 2418 509 2444 τούτων
526 2418 596 2454 μέση
613 2418 765 2453 άσύγχυτός
779 2427 807 2444 τε
822 2419 868 2444 καὶ
883 2419 969 2445 ἀδιαί-

177 2470 256 2498 ρετος
267 2463 365 2494 ἒνωσις
382 2460 436 2489 οἶδε
454 2463 504 2498 μὲν
516 2463 550 2490 τὰ
561 2463 696 2498 ὁραθέντα
709 2463 860 2495 ἀνελλιπῶς
874 2463 969 2498 ἔχοντα

177 2509 250 2536 κατὰ
264 2509 313 2545 τὴν
340 2509 431 2537 αὐτῶν
458 2510 577 2545 ἰδιότητα
593 2509 638 2537 διὰ
659 2510 692 2536 τὸ
708 2509 855 2545 ἄτρεπτον,
871 2509 969 2541 κοινῶς

177 2555 206 2582 δὲ
230 2556 318 2582 ταῦτα
346 2556 394 2582 καὶ
408 2556 467 2588 ἐνὸς
479 2554 548 2583 εἶναι
567 2557 640 2584 ποιεῖ
653 2556 687 2583 δι’
706 2556 794 2592 αὐτήν
813 2564 846 2591 γι
860 2556 910 2591 τὴν
925 2556 970 2582 οὒ-

179 2601 263 2638 σιώδη
278 2602 387 2635 ἕνωσιν,
399 2603 437 2634 ὡς
449 2603 474 2629 εί
491 2603 539 2630 καὶ
554 2603 588 2630 τὰ
601 2604 650 2638 μὲν
665 2602 767 2638 κυρίως
778 2603 832 2629 ἴδια
843 2602 969 2638 θατέρου,

180 2648 261 2676 κοινὰ
277 2648 326 2675 τοῦ
341 2649 414 2682 ὅλου,
443 2650 477 2676 τὰ
492 2649 521 2677 δὲ
546 2649 594 2676 τοῦ
609 2650 671 2677 ὅλου
686 2649 773 2681 κοινὰ,
792 2649 905 2685 θατέρου
917 2649 971 2676 ίὸια

179 2696 225 2724 διὰ
237 2697 287 2732 τὴν
303 2697 333 2724 ἐν
345 2697 454 2733 θατέρῳ
483 2697 531 2724 τοῦ
552 2697 635 2724 αὐτοῦ
661 2696 815 2732 άσύγχυτον
839 2695 970 2731 ἰδιότητα.

179 2742 218 2769 Οὐ
230 2743 286 2779 γὰρ
303 2742 336 2771 ἄν
351 2743 485 2775 ἀντίδοσις
498 2744 553 2771 τῶν
581 2743 736 2778 ἰδιωμάτων
759 2742 878 2776 ἐγένετο,
891 2743 917 2769 εί.
933 2742 971 2777 μὴ

179 2789 210 2815 ὲν
227 2788 351 2825 ἑκατέρῳ
362 2789 470 2826 ἔμεινεν
486 2791 515 2817 ὲν
527 2791 560 2826 τῇ
579 2789 674 2817 ἐνώσει
684 2790 701 2825 ὴ
717 2789 815 2823 ἰδιότης
831 2788 970 2823 ἀκίνητος.

183 2835 279 2863 Ἔστιν
304 2834 351 2863 οὖν
375 2836 392 2872 ἡ
415 2837 528 2872 τοιαύτη
546 2837 643 2869 ἓνωσις
657 2836 712 2863 τῶν
737 2836 787 2871 μὲν
804 2835 892 2870 πάντη
903 2835 973 2862 διαι-

184 2881 271 2918 ρετῶν
283 2882 445 2919 ἑνικωτέρα,
471 2884 525 2912 τῶν
545 2883 574 2911 δὲ
601 2883 690 2919 πάντη
708 2881 879 2918 συγχυτικῶν
894 2881 973 2908 πλουι

1017 2284 1118 2311 ccdens
1134 2292 1140 2310 :
1157 2282 1231 2318 quod
1241 2283 1323 2310 ‘enim
1344 2290 1377 2310 ex
1397 2281 1562 2310 confusione
1574 2283 1670 2314 oritur,
1687 2281 1813 2316 spurium

1017 2334 1070 2362 est,
1088 2329 1155 2356 nihil
1173 2337 1272 2364 purum
1288 2329 1444 2360 continens,
1467 2328 1493 2355 in
1511 2328 1570 2363 ipsa
1593 2327 1635 2355 sui
1648 2327 1738 2354 stabili
1751 2335 1813 2361 pro-

1018 2374 1133 2409 prietate
1157 2375 1270 2402 minime
1294 2373 1413 2401 firmum.
1432 2374 1535 2400 [larum
1553 2373 1642 2400 media
1666 2372 1821 2400 inconfusa,

1018 2425 1046 2446 et
1062 2420 1181 2447 indivisa
1199 2419 1266 2448 unio
1282 2419 1407 2455 agnoscit
1427 2418 1553 2453 equidem
1568 2421 1714 2452 conspecta
1740 2417 1812 2444 inte-

1019 2473 1066 2500 gra
1080 2473 1142 2493 esse
1158 2470 1268 2501 propter
1283 2473 1347 2493 suas
1367 2464 1558 2500 proprietates,
1584 2471 1645 2499 quae
1662 2464 1819 2490 immolatur

1020 2520 1073 2539 non
1094 2516 1170 2539 sunt.
1194 2512 1384 2540 Communiter
1406 2515 1498 2537 autem
1523 2510 1590 2541 haec,
1605 2515 1633 2537 ct‘
1651 2510 1731 2537 imius
1753 2518 1814 2536 esse

1019 2557 1122 2585 fatetur
1154 2564 1266 2593 propter
1292 2557 1468 2584 essentialem
1497 2556 1639 2587 unionem,
1664 2560 1690 2582 et
1705 2555 1813 2590 propria

1022 2603 1115 2636 unius,
1128 2604 1215 2631 totius
1228 2603 1400 2631 communia:
1416 2611 1478 2638 qua:
1495 2611 1561 2630 vero
1578 2603 1666 2630 totius
1688 2609 1813 2629 commu-

1021 2650 1201 2682 nia,alterius
1211 2657 1322 2685 quoque
1337 2649 1447 2684 propria
1466 2653 1579 2684 propter
1596 2649 1669 2676 illius
1695 2648 1721 2674 in
1739 2651 1812 2673 utro-

1021 2704 1075 2731 que
1094 2696 1268 2724 inconfusam
1302 2697 1506 2732 proprietatem.
1522 2695 1617 2730 Neque
1643 2694 1715 2721 enim
1749 2700 1814 2726 pro~

1023 2743 1168 2777 prietatum
1212 2747 1308 2770 mutua
1339 2743 1527 2778 compensatio
1559 2742 1657 2772 fieret,
1690 2738 1743 2765 nisi
1787 2737 1817 2763 il!

1022 2793 1140 2824 utroque
1159 2793 1324 2822 remaneret,
1342 2789 1369 2816 in
1382 2788 1485 2816 unione
1510 2787 1662 2823 proprietas
1688 2784 1812 2810 immota.

1024 2834 1072 2862 Est
1089 2835 1182 2870 itaque
1208 2835 1306 2864 similis
1333 2835 1399 2863 unio
1416 2841 1523 2866 eorum,
1540 2840 1600 2868 quae
1621 2831 1729 2866 penitus
1744 2828 1815 2857 divi-

1024 2879 1139 2914 duntur,
1157 2880 1245 2917 magis
1267 2880 1381 2914 uniliva,
1398 2886 1505 2913 eorum,
1521 2884 1583 2913 (μηδι
1605 2882 1720 2912 prorsus
1746 2882 1817 2903 cur
