2092 3156
275 190 323 222 631

902 187 1048 219 NICETxE
1068 187 1271 218 BYZANTINI

1844 189 1899 222 632

275 256 314 281 re,
330 255 390 282 quae
415 246 448 274 de
476 245 600 281 pluribus
620 245 730 278 dicitur,
756 253 804 280 per
830 252 899 279 quas
913 244 1053 272 sanctissi-

1111 252 1149 278 μα
1173 244 1400 279 ἐκκλησιαστικὸν
1424 244 1630 280 ἀπεσφάλησαν.
1652 245 1791 281 Μενοῦνγε
1807 241 1903 275 οὖσίαν

274 301 348 320 mum
365 292 465 327 ubique
481 291 572 319 ﬁdeles
585 291 738 326 symbolum
753 291 895 326 possident
917 293 944 317 et
955 290 1058 321 fovent,

273 338 345 374 quod
361 338 439 365 nobis
456 344 536 366 unam
556 341 693 369 naturam,
723 341 750 364 et
778 337 926 364 essentiam
941 336 1058 364 sanctis-

271 385 348 411 simae
363 382 478 414 Triadis,
492 387 518 409 et
538 387 591 410 tres
607 389 747 417 personas,
763 387 789 410 et
807 382 967 418 hypostases
982 390 1059 409 com-

270 429 353 456 misit.
366 429 397 455 Et
407 428 433 455 hi
444 428 551 463 quidem
563 434 689 455 naturam
699 432 725 455 et
734 428 880 456 essentiam
890 435 940 463 pro
950 428 1057 461 eodem,

268 482 414 510 personam
440 481 537 502 rursus
556 478 584 501 et
603 474 770 509 hypostasim
788 481 837 509 pro
852 474 958 507 eodem,
971 474 1004 501 de
1017 473 1059 501 in-

268 521 378 549 dividua
411 528 508 555 nempe
541 524 569 547 et
603 513 735 554 singulari
767 520 1056 554 re,comprobarunt.

267 568 374 595 Formre
391 567 472 594 etiam
502 573 600 593 nomen
625 566 750 594 similiter
774 566 808 594 de
823 567 942 594 essentia
968 570 1058 595 etua-

268 619 328 642 tura
340 614 433 641 i’au'es
448 615 621 647 acceperunt.
644 611 846 647 Proptereaque
877 620 992 648 magnus
1004 612 1057 639 Ba-

266 659 344 687 silius
358 658 423 686 illud
438 667 445 685 :
462 657 496 685 lu
503 657 591 693 [arma
602 657 652 685 Dei
662 666 721 685 cum
732 663 813 689 esset.
823 665 972 693 exponens,
986 657 1057 686 idem

266 705 391 737 inuuere,
410 712 442 733 ac
456 704 483 732 in
498 705 617 733 essentia
632 704 679 732 Dei
693 712 753 732 esse
766 705 882 737 dicebat,
899 709 927 732 et
940 703 1056 733 formam

264 752 448 787 assumpsisse
459 751 530 780 servi
546 751 572 778 in
586 751 706 779 essentia
718 751 895 779 humanitatis
910 745 1058 778 Dominum'

264 802 389 825 nostrum
412 804 473 826 csse
501 801 587 825 notat.
613 796 818 833 ilypostaticum
841 804 906 825 vero
918 797 1055 824 diversum

264 839 330 877 quid
355 842 389 869 ab
419 841 560 876 hypostasi
589 845 716 876 ponunt:
734 841 895 869 deﬁnientes
916 841 988 868 enim
1005 841 1056 877 hy-

263 885 395 922 postasim
409 885 555 913 dixerunt:
570 885 729 921 Hypostasis
741 890 783 914 est
800 893 862 914 cum
883 887 1055 921 proprietate,

263 931 322 959 sive
337 932 548 967 proprietatibus
563 940 611 968 per
622 940 651 960 se
670 933 834 966 subsistens,
849 938 876 961 et
891 937 976 961 totum
991 933 1056 969 quid

263 977 414 1005 secundum
430 985 459 1005 se
470 978 605 1006 exsistens
626 987 632 1006 :
649 978 851 1014 hypostaticum
876 987 940 1007 vero
954 983 995 1007 est
1014 987 1059 1008 es-

263 1022 361 1056 sentia,
395 1030 457 1051 cum
484 1023 625 1057 idiomate,
655 1024 713 1051 sive
745 1024 922 1052 idiomatibus
943 1032 997 1052 non
1012 1028 1059 1059 per

1073 913 1094 943 Β

262 1077 293 1099 se
318 1070 483 1104 subsistens,
509 1075 537 1099 et
562 1070 713 1098 secundum
732 1078 763 1098 se
789 1075 918 1106 tanquam
947 1070 1076 1108 aliquod

263 1119 348 1143 totum
361 1115 506 1149 exsistens,
531 1116 578 1144 sed
595 1117 677 1144 totius
702 1116 820 1146 universi
843 1124 917 1152 pars.
931 1116 981 1151 Qui
995 1124 1058 1145 vero

261 1166 339 1189 extra
350 1161 497 1190 Ecclesiam
524 1166 599 1196 sunt.
627 1167 734 1191 natura:
759 1170 857 1191 nomen
871 1171 948 1199 aeque
961 1171 994 1191 ac
1009 1162 1058 1191 Ec-

262 1208 344 1236 clesia
360 1209 394 1237 de
406 1208 554 1237 universali
567 1216 596 1237 re
608 1209 752 1242 deﬁniunt,
767 1209 840 1238 aliud
853 1217 914 1238 esse
930 1214 1055 1238 naturam

261 1255 393 1289 dicentes,
410 1256 483 1283 aliud
498 1260 625 1283 naturam
643 1255 763 1284 habere:
777 1261 804 1283 et
828 1256 928 1284 habere
946 1256 1056 1291 quidem

261 1307 386 1330 naturam
401 1301 551 1336 singularia
571 1301 677 1335 dicunt,
690 1309 751 1337 quae
765 1309 780 1329 a
795 1301 874 1329 nobis
903 1301 1056 1338 hypostasis

259 1352 288 1376 et
307 1355 423 1383 persona
437 1352 640 1383 nuncupantur,
658 1349 709 1375 hoc
729 1356 794 1376 vero
815 1348 888 1383 quod
908 1356 958 1375 nos
970 1348 1055 1383 hypo-

260 1393 356 1423 stasim
373 1394 426 1430 ipsi
443 1394 597 1429 subjectum
613 1399 722 1426 vocant.
739 1398 766 1422 et
786 1394 821 1422 ob
841 1394 892 1422 hoc
906 1395 986 1422 etiam
1004 1394 1054 1430 hy-

260 1441 562 1476 postasisnomiuatur,
580 1448 635 1468 non
651 1445 681 1468 ut
695 1441 807 1476 quidam
828 1440 960 1476 suspicati
979 1446 1052 1474 sunt,

259 1486 332 1522 quod
353 1487 514 1522 simpliciter
540 1487 722 1522 supponitur,
751 1494 850 1521 nempe
878 1487 1054 1516 exsistit.sed

259 1533 351 1568 potius
374 1532 447 1568 quod
478 1532 530 1560 sub
553 1532 607 1560 alio
631 1536 702 1563 stet.
730 1533 782 1560 sub
811 1537 908 1559 natura
937 1532 1052 1565 scilicet,

1111 289 1158 317 καὶ
1172 290 1253 324 φύσιν
1271 291 1369 318 ταυτὸν
1381 292 1446 327 ἡμῖν
1459 290 1557 327 δηλοῦν
1573 292 1711 328 πανταχοῦ
1727 293 1775 321 καὶ
1795 294 1813 327 ὴ
1833 295 1899 329 ἁγία

1109 334 1217 370 Γραφῇ,
1230 334 1275 362 καί
1288 335 1307 369 ἡ
1326 335 1396 362 κατὰ
1416 334 1533 362 Νίκαιαν
1551 335 1618 370 ἁγία
1637 336 1756 370 σύνοδος,
1773 338 1820 365 καὶ
1840 339 1901 374 μετ’

1109 381 1196 417 αὐτὴν
1212 383 1229 418 ἡ
1241 382 1271 409 ὲν
1282 383 1579 417 Κωνσταντινουπόλει,
1592 384 1639 411 καὶ
1654 385 1671 420 ἡ
1692 384 1788 421 πρώτη
1803 386 1858 413 τῶν
1870 387 1901 414 ἐν

1114 425 1221 463 Ἐφέσῳ
1239 427 1413 463 παρέδωκαν.
1435 428 1482 454 ἐπὶ
1501 427 1591 455 κοινοῦ
1618 428 1666 456 καὶ
1680 428 1835 463 καθολικοῦ,
1850 431 1899 458 καὶ

1109 472 1180 499 κατὰ
1195 472 1301 499 πολλῶν
1313 473 1464 508 φερομένου
1477 473 1651 509 πράγματος,
1681 475 1716 502 δι’
1732 472 1770 503 ὧν
1786 476 1818 502 τὸ
1832 485 1900 504 παν-

1109 516 1189 552 άγιον
1214 518 1240 544 οἰ
1257 518 1395 554 πανταχοῦ
1423 520 1514 546 πιστοὶ
1535 519 1669 555 σύμϐολον
1690 521 1783 557 ἐχουσί
1805 531 1835 549 τε
1852 523 1900 550 καὶ

1108 563 1295 597 περιέπουσιν,
1314 564 1383 600 ὅπερ
1399 564 1464 599 μίαν
1476 564 1559 600 φύσιν
1583 566 1628 592 καὶ
1643 566 1738 594 οὐσίαν
1757 568 1808 603 τῆς
1827 577 1899 596 παν-

1107 608 1189 643 αγίας
1213 609 1338 645 Τριάδος,
1358 610 1406 637 καὶ
1423 610 1487 646 τρία
1514 611 1648 646 πρόσωπα
1673 612 1721 640 καὶ
1733 613 1897 646 ὑποστάσεις

1107 655 1174 690 ἡμῖν
1190 655 1342 690 παρέδωκε.
1355 655 1439 684 Φύσιν
1460 656 1509 692 μὲν
1518 657 1565 684 καὶ
1578 657 1671 685 οὐσίαν
1688 659 1797 693 ταυτὸν,
1811 660 1898 695 πρόσ-

1107 708 1182 727 ωπον
1195 700 1218 728 δ’
1229 700 1263 729 αὖ
1287 701 1369 729 πάλιν
1396 701 1443 729 καὶ
1456 702 1606 730 ὑπόστασιν
1619 703 1730 737 ταυτδν,
1739 703 1777 737 ὡς
1787 705 1834 732 ἐπὶ
1846 705 1898 732 ιδι-

1107 745 1156 772 κοῦ
1170 754 1201 772 τε
1227 746 1274 773 καὶ
1286 747 1444 775 καθέκαστα
1459 748 1622 784 πράγματος
1639 749 1854 784 ἐκδιδάσκουσαι,
1868 751 1899 778 τὸ

1106 791 1135 818 es
1151 792 1183 827 δὴ
1197 791 1247 828 τῆς
1264 793 1372 828 μορφῆς
1383 792 1469 828 δνομα
1485 794 1617 827 ὡσαύτως
1640 795 1688 822 καὶ
1706 795 1773 823 αὺτὺ
1787 796 1833 824 ἐπὶ
1852 797 1898 824 οὖ-

1107 838 1168 870 σίας
1183 839 1231 866 καὶ
1256 838 1362 873 φύσεως
1380 839 1406 866 οἱ
1430 839 1552 876 Πατέρες
1568 840 1766 877 παρειλήφασι.
1791 843 1840 870 Διά
1855 851 1898 871 τοι

1107 882 1186 910 τοῦτο
1197 885 1210 910 ό
1226 884 1312 920 μέγας
1323 884 1462 917 Βασίλειος
1475 886 1515 919 τὸ,
1539 886 1589 913 Ἐν
1603 886 1704 922 μορφῇ
1718 887 1792 915 Θεοῦ
1801 888 1898 922 ὑπάρ-

1109 937 1181 965 χων,
1197 930 1367 966 ἑρμηνεύων,
1383 928 1441 958 ἴσον
1461 931 1591 960 δύνασθαι
1615 932 1665 968 τῷ,
1693 934 1723 960 ὲν
1737 934 1814 969 οὐσίᾳ
1829 933 1898 961 Θεοῦ

1110 975 1254 1011 ὑπάρχειν,
1271 976 1358 1012 ἔλεγε.
1375 978 1430 1005 Καὶ
1445 978 1475 1005 τὸ
1491 978 1597 1015 μορψὴν
1612 979 1787 1015 ἀνειληφέναι
1802 979 1896 1007 δούλου

1108 1021 1138 1048 ἐν
1149 1023 1181 1057 τῇ
1201 1022 1280 1058 οὐσίᾳ
1296 1023 1344 1058 τῆς
1360 1023 1570 1059 άνϐρωπότητος
1583 1024 1629 1051 τὸν
1643 1024 1745 1061 Κύριον
1760 1025 1840 1061 ἡμῶν
1858 1023 1899 1052 sip

1108 1075 1152 1093 ναι
1170 1067 1308 1103 σημαίνει.
1324 1068 1360 1095 Τό
1375 1077 1406 1102 γε
1426 1069 1478 1105 μὴν
1491 1069 1671 1097 ὑποστατικὺν
1680 1070 1808 1106 διάφορον
1821 1071 1897 1108 παρᾶ

1107 1112 1157 1148 τὴν
1179 1112 1329 1140 ὑπόστασιν
1354 1113 1485 1141 τιθέασιν.
1509 1114 1678 1151 Ὀριζόμενοι
1697 1115 1752 1151 γὰρ
1768 1115 1817 1152 τὴν
1830 1117 1897 1144 ὑπό-

1108 1166 1201 1186 στασιν
1218 1158 1320 1194 ἔφασαν
1332 1166 1339 1175 ’
1355 1160 1521 1193 ’Υπόστασίς
1540 1162 1599 1188 ἐστι
1615 1162 1684 1197 μετὰ
1708 1161 1861 1198 ἰδιώματος,
1878 1163 1896 1199 ἢ

1107 1205 1154 1232 καὶ
1174 1205 1327 1241 ἰδιωμάτων
1352 1206 1544 1239 ἰδιοσυστάτως
1570 1207 1756 1244 θεωρουμένη,
1771 1210 1820 1236 καὶ
1835 1209 1896 1238 ὅλον

1106 1259 1132 1278 τι
1146 1250 1208 1278 καθ’
1222 1251 1323 1287 ἑαυτὴν
1337 1249 1415 1286 οὖσα,
1430 1252 1610 1280 ὑποστατικὸν
1624 1253 1647 1281 δ’
1669 1251 1702 1283 αὖ
1719 1254 1800 1283 πάλιν
1816 1256 1896 1283 οὐσία

1107 1298 1175 1333 μετὰ
1192 1297 1347 1333 ἰδιώματος,
1369 1298 1386 1334 ἢ
1403 1299 1450 1326 καὶ
1468 1299 1632 1335 ἰδιωμάτων,
1649 1301 1687 1336 μὴ
1706 1301 1897 1335 ἰδιοσυστάτως

1106 1345 1154 1371 καὶ
1184 1345 1246 1372 καθ’
1262 1345 1343 1372 ἑαυτὸ
1353 1345 1390 1377 ὡς
1401 1345 1460 1373 ὅλον
1481 1355 1508 1373 τι
1523 1346 1658 1382 ὑπάρχον,
1675 1347 1732 1374 ἀλλ’
1747 1348 1809 1375 ὅλου
1823 1348 1896 1381 τινος

1104 1389 1174 1418 εῖναι
1191 1391 1284 1426 μέρος.
1301 1392 1332 1418 Ol
1344 1391 1372 1418 δὲ
1397 1391 1450 1425 ἔξω
1462 1391 1509 1419 τοῦ
1532 1392 1593 1420 καθ’
1607 1394 1681 1429 ἡμᾶς
1705 1394 1786 1429 λόγου
1802 1394 1832 1422 τδ
1847 1394 1896 1431 μὲν

1103 1437 1153 1472 τῆς
1169 1437 1276 1473 φύσεως
1290 1437 1385 1474 ὄνομα,
1397 1438 1498 1474 ὁμοίως
1512 1440 1545 1474 τῇ
1564 1439 1712 1476 Ἐκκλησία
1727 1440 1773 1467 ἐπὶ
1789 1440 1897 1467 καθολι-

1103 1483 1152 1510 κοῦ
1166 1491 1238 1516 τινος
1251 1483 1413 1519 πράγματος
1426 1484 1572 1520 ὁρίζονται,
1584 1485 1648 1512 ἄλλο
1666 1485 1716 1521 μὲν
1728 1484 1798 1513 εἰναι
1814 1486 1896 1520 φύσιν

1103 1529 1240 1563 λέγοντες,
1259 1531 1306 1556 καὶ
1320 1529 1385 1557 ἄλλο
1395 1529 1426 1557 τὸ
1445 1530 1519 1566 ἔχειν
1546 1530 1637 1566 φύσιν,
1655 1532 1703 1560 καὶ
1718 1532 1748 1558 τὺ
1763 1533 1812 1567 μιν
1822 1532 1896 1568 ἔχειν

259 1583 390 1614 tanquam
406 1578 570 1613 subjectum,
596 1581 624 1605 et
649 1582 775 1605 naturam
803 1577 985 1612 superjacere,
1001 1577 1052 1605 hoc

1104 1575 1186 1610 φύσιν
1199 1577 1229 1602 τὸ
1249 1575 1406 1603 καθεκαστα
1427 1577 1563 1611 λέγουσιν,
1590 1578 1659 1613 ὅπερ
1673 1578 1739 1614 παρ’
1750 1579 1816 1614 ἡμῖν
1829 1579 1896 1606 ὑπά-

259 1630 301 1653 est
329 1625 582 1661 superhypostasim
607 1625 713 1658 dicunt,
735 1632 818 1659 quam
838 1628 865 1651 et
893 1623 1050 1651 deﬁniunt:

259 1669 362 1697 Natura
375 1673 418 1697 est
435 1669 598 1704 principium
623 1672 726 1701 motus,
756 1672 784 1695 et
799 1667 899 1702 quietis
921 1667 1051 1702 primum,

259 1719 287 1742 et
301 1716 450 1744 secundum
475 1715 604 1750 seipsam.
632 1714 764 1742 Esseutize
789 1718 879 1741 autem
906 1721 1003 1740 nomen
1018 1713 1052 1741 de

259 1759 399 1787 communi
416 1762 443 1786 et
457 1758 602 1794 singulari,
621 1758 654 1786 de
683 1757 830 1785 universali
849 1764 946 1792 nempe
965 1761 992 1784 et
1008 1756 1051 1784 in-

259 1804 371 1832 dividuo
399 1804 547 1840 accipiunt,
571 1812 641 1840 quos
667 1808 778 1832 secutus
811 1802 931 1830 Joannes
952 1809 1052 1838 cogno-

259 1855 351 1878 mento
362 1850 529 1886 Philopouus
547 1849 679 1878 Trithcita
698 1858 758 1878 esse
774 1849 915 1877 evincitur.
934 1847 1051 1877 Severus

259 1905 324 1925 vero
339 1898 464 1925 essentia:
477 1904 576 1925 nomen
590 1896 695 1930 eodem,
709 1904 742 1924 ac
760 1895 881 1924 Ecclesia
898 1895 1050 1931 significatu

258 1941 369 1977 accipit,
382 1941 415 1969 de
430 1948 460 1968 re
488 1940 638 1974 communi,
665 1941 712 1969 sed
736 1945 851 1973 naturae,
864 1939 1001 1974 propriam
1022 1938 1050 1966 in

258 1995 292 2015 oo
314 1992 426 2015 secutus
452 1987 620 2022 opinionem,
649 1991 676 2015 et
701 1986 735 2015 ab
763 1987 821 2022 ipsa
853 1985 1051 2014 consuetudine

258 2038 433 2066 exterarum,
461 2032 645 2068 Ecclesiazque
679 2032 876 2067 intelligentia,
911 2036 938 2059 et
965 2039 1049 2059 sensu

258 2079 419 2114 longissime
439 2078 601 2110 abhorrens,
624 2077 762 2106 contrario
784 2077 904 2112 quodam
921 2076 1003 2105 modo
1018 2076 1050 2104 de

258 2125 398 2154 communi
418 2130 457 2154 ὀι
472 2124 622 2153 individua
646 2133 692 2157 re,
721 2123 868 2151 universali
892 2123 995 2151 scilicet
1022 2122 1049 2149 iu

258 2176 335 2207 parte
349 2171 462 2206 accepit,
477 2175 505 2198 et
516 2177 688 2198 communem
701 2169 903 2197 etiudividuam
923 2172 1049 2196 naturam

257 2218 405 2246 enuntians
419 2217 514 2245 multis
530 2224 590 2245 sese
605 2216 731 2244 absurdis
751 2215 896 2251 implicuit,
914 2222 975 2250 quae
986 2222 1049 2249 pro-

1104 1629 1197 1653 στασις
1213 1622 1260 1648 καὶ
1276 1622 1420 1657 πρόσοικον
1433 1623 1555 1658 εἰρηται”
1571 1624 1654 1650 ταυτὸ
1668 1624 1696 1652 δὲ
1709 1625 1794 1656 τουτὶ.
1810 1625 1895 1661 ἤγουν

1102 1666 1150 1702 τὴν
1164 1666 1321 1698 ὑπόστασιν,
1332 1667 1511 1703 ὑποκείμενον
1523 1666 1593 1696 εἷναί
1616 1678 1693 1704 φασι.
1706 1670 1756 1697 Διά
1767 1679 1807 1697 τοι
1817 1670 1896 1698 τοῦτο

1102 1712 1151 1740 καὶ
1165 1713 1312 1745 ὑπῆστασις
1328 1713 1438 1747 λέγεται
1465 1715 1525 1749 οὐχ,
1544 1714 1582 1746 ὥς
1601 1724 1673 1747 τινες
1691 1716 1835 1749 ὑπέλαϐον,
1851 1717 1896 1744 διὰ

1101 1759 1132 1785 τὸ
1142 1759 1234 1790 ἁπλῶς
1250 1759 1411 1793 ὑφεστᾶναι,
1435 1760 1519 1795 ἤγουν
1536 1761 1679 1796 ὑπάρχειν,
1708 1762 1777 1789 ἀλλὰ
1794 1763 1896 1798 μᾶλλον

1103 1804 1155 1833 ὑπό
1168 1814 1194 1832 τι
1209 1805 1331 1838 ἑστᾶναι,
1351 1806 1490 1833 τουτέστιν
1505 1806 1558 1834 ὑπὸ
1574 1808 1624 1843 τὴν
1640 1807 1721 1843 φύσιν
1732 1808 1770 1841 ὡς
1785 1809 1895 1837 ὑποκεί-

1104 1859 1194 1886 μενον,
1210 1851 1259 1887 τὴν
1273 1851 1301 1878 δὲ
1317 1851 1397 1886 φύσιν
1409 1853 1613 1886 ἐνυποκετσθαι,
1631 1854 1754 1882 τουτέστι
1768 1855 1840 1883 κατά
1853 1864 1894 1882 τι-

1101 1904 1146 1928 νος
1160 1896 1334 1928 ὑποστάσεως
1351 1897 1490 1931 λέγεσθαι,
1516 1898 1550 1934 ἢν
1566 1899 1613 1926 καὶ
1628 1899 1782 1935 ὁριζόμενοί
1807 1909 1873 1936 φασι
1884 1907 1893 1918 ⁸

1101 1942 1183 1974 Φύσις
1197 1942 1271 1970 ἐστὶν
1283 1943 1354 1979 ἁρχὴ
1366 1943 1512 1979 κινήσεως,
1526 1945 1572 1971 καὶ
1588 1945 1706 1981 ἠρεμίας
1720 1946 1835 1982 πρώτως
1846 1947 1894 1975 καὶ

1102 1988 1164 2015 καθ’
1175 1988 1265 2017 ἑαυτό.
1278 1989 1315 2016 Τὸ
1328 1988 1357 2016 δὲ
1369 1988 1401 2025 δὴ
1411 1990 1461 2025 τῆς
1476 1990 1570 2023 οὐσίας
1586 1991 1632 2018 ὲπί
1646 2000 1676 2018 τε
1687 1992 1777 2019 κοινοῦ
1786 1992 1832 2020 καὶ
1847 1993 1895 2020 ἰδι-

1102 2035 1163 2067 κοῦ,
1185 2035 1270 2070 ἤγουν
1294 2035 1410 2064 καθόλου
1425 2036 1472 2063 καὶ
1489 2037 1536 2063 ἐπὶ
1551 2036 1662 2073 μέρους,
1676 2035 1717 2070 οἷς
1737 2038 1862 2074 Ἰωάννης
1878 2040 1893 2066 ὅ

1101 2081 1216 2116 ἐπίκλην
1232 2081 1376 2114 Φιλόπονος
1389 2082 1639 2118 κατακολουθήσας,
1666 2084 1806 2120 τριϐεῑτης
1826 2086 1891 2112 ἁνα-

1102 2126 1248 2154 δέδεικται.
1257 2127 1287 2154 '0
1299 2127 1328 2154 δὲ
1342 2128 1374 2164 δὴ
1387 2128 1508 2165 Σεὸἧρος
1519 2129 1550 2156 τὸ
1570 2130 1620 2165 μὲν
1635 2131 1685 2166 τῆς
1699 2130 1792 2163 οὐσίας
1807 2131 1892 2166 ὄνομα

1100 2172 1292 2208 ταυτοτρόπως
1318 2173 1352 2208 τῇ
1389 2173 1536 2211 Ἐκκλησία
1561 2175 1690 2210 ὀνομάζει
1720 2176 1768 2203 hui.
1795 2177 1888 2204 κοινοῦ

1101 2218 1264 2254 πράγματος
1279 2215 1360 2254 εἶναι,
1376 2219 1407 2247 τὺ
1427 2220 1456 2247 δὲ
1476 2220 1527 2256 τῆς
1547 2221 1655 2256 φύσεως
1674 2222 1847 2258 ίδιόρῤυθμος
1861 2223 1892 2250 ὲν

258 2264 358 2292 cedens
371 2263 459 2292 oratio
477 2270 529 2291 non
541 2263 601 2291 sine
616 2261 894 2290 demoustrationibus
908 2268 1050 2290 common-

1104 2263 1189 2298 τούτῳ
1214 2263 1369 2299 γενόμενος,
1385 2263 1447 2292 οὔτε
1466 2265 1500 2300 τῇ
1526 2265 1666 2301 συνηθείᾳ,
1679 2257 1811 2298 οὕτετοτς
1826 2266 1888 2300 ἔξω,

258 2310 365 2339 strabit.

1100 2307 1163 2335 οὕτε
1179 2310 1233 2345 μὴν
1245 2311 1279 2345 τῇ
1292 2309 1442 2346 Ἐκκλησία
1452 2311 1671 2344 κατακολουθῶν,
1687 2312 1745 2339 ἀλλ’
1761 2313 1890 2344 ἐναντίως

259 2357 304 2384 ιπί
321 2365 351 2384 τε
364 2356 453 2384 κοινοῦ
474 2356 522 2383 καὶ
538 2355 621 2382 ἰδικοῦ
638 2354 809 2391 πράγματος,
828 2353 911 2390 ἤγουν
926 2353 1040 2382 καθόλου
1060 2353 1107 2381 ἐπὶ
1125 2354 1225 2390 μέρους
1235 2354 1345 2388 ὲδόξασε
1359 2363 1366 2370 ·
1385 2355 1432 2382 καὶ
1445 2356 1538 2391 κοινὴν
1551 2357 1599 2384 καὶ
1617 2356 1704 2392 ἰδικὴν
1737 2357 1819 2392 φύσιν
1849 2358 1890 2385 εί-

258 2402 328 2435 πὼν.
358 2402 464 2434 πολλοῖς
491 2403 602 2434 ἀτόποις
631 2402 852 2437 περιπέπτωκεν,
874 2401 921 2434 οὓς
935 2402 949 2428 ὅ
963 2401 1041 2436 λόγος
1062 2401 1241 2438 παρακατιὼν
1256 2401 1315 2437 μετ’
1329 2402 1492 2435 ἀποδείξεως
1509 2403 1706 2439 παραστήσειε.

293 2450 339 2478 15.
360 2449 408 2478 llis
424 2457 439 2477 a
461 2449 539 2477 nobis
559 2449 610 2476 hac
625 2449 729 2476 ratione
744 2448 877 2483 expositis
900 2455 932 2475 ac
948 2447 1046 2482 dijudi<

258 2495 337 2527 catis,
350 2500 454 2530 tempus
465 2494 521 2529 jam
534 2498 586 2526 est,
600 2500 632 2520 ea
652 2501 712 2528 quae
725 2497 752 2520 tu
768 2493 927 2528 scripseras.
942 2492 1045 2520 cxauii-

257 2540 353 2571 nandi.
368 2540 405 2568 Ea
417 2545 482 2568 sunt
501 2550 507 2567 :
529 2539 562 2567 Et
585 2541 612 2567 in
628 2539 775 2574 exemplum
794 2539 870 2566 homo
891 2538 1043 2572 adducitur,

257 2585 478 2623 quemadmodum
491 2585 585 2613 Patres
609 2585 691 2612 loculi
715 2589 786 2618 sunt,
808 2589 1044 2619 exposuerumque,

257 2630 320 2667 quid
335 2630 462 2665 corporis,
476 2635 500 2660 et
514 2629 578 2665 quid
590 2629 700 2661 animae;
716 2635 892 2656 verumtamen
911 2628 1048 2654 lmmonon

257 2677 357 2705 dicitur
373 2676 441 2703 duas
456 2681 566 2704 natura;
582 2676 675 2704 habere
684 2685 694 2709 ;
709 2676 733 2702 si
747 2675 805 2711 quis
827 2683 886 2702 vero
909 2679 1000 2701 contra
1022 2681 1048 2701 se

257 2727 381 2757 opponat,
410 2722 554 2757 produtque
573 2722 641 2749 duas
660 2728 770 2748 naturas
791 2722 817 2747 in
832 2720 945 2751 frontiue,
959 2728 1048 2755 seque-

257 2773 331 2797 retur
347 2768 481 2796 Christum
503 2773 555 2795 tres
581 2773 693 2794 natura;
715 2767 818 2798 habere,
839 2766 905 2794 duas
925 2765 1048 2792 Immani-

258 2814 320 2841 tatir
346 2819 371 2841 et
388 2822 468 2841 unam
486 2814 605 2845 deitatis,
629 2818 655 2840 et
681 2817 789 2841 extero.
815 2812 853 2839 En
878 2810 1051 2848 apertissime

258 2859 339 2887 unius
352 2861 510 2895 compositae
535 2865 640 2889 naturae
656 2859 795 2887 Christum
824 2866 885 2887 esse
912 2863 1049 2890 astruens,

260 2905 340 2936 idum:
354 2907 468 2936 probare
484 2909 649 2936 contendens
662 2906 814 2943 exemplum
830 2905 949 2933 hominis
970 2911 1050 2932 usur-

1136 2450 1176 2474 ts'.
1193 2447 1302 2475 Τούτων
1323 2449 1388 2484 ἡμῖν
1402 2447 1453 2476 ὧδέ
1472 2458 1511 2483 πη
1537 2449 1816 2486 διασαφηνισῠέντων,
1843 2451 1890 2478 καὶ

1099 2491 1351 2528 διευκρινηθέντων,
1380 2493 1475 2529 καιρὸς
1489 2493 1523 2521 τὰ
1536 2494 1611 2530 παρὰ
1627 2494 1675 2522 σοῦ
1688 2495 1828 2530 γραφέντα
1843 2495 1889 2523 καὶ

1098 2533 1147 2563 ὦδε
1165 2538 1376 2573 ἐπισκέψασθαι.
1398 2540 1473 2574 Ἔχει
1488 2540 1516 2568 δὲ
1535 2540 1636 2573 οὕτως·
1664 2540 1717 2568 Kal
1743 2542 1857 2577 γίνεται
1873 2543 1890 2570 ὀ

1099 2582 1253 2616 ἄνθρωπος
1279 2584 1480 2620 παράδειγμα,
1508 2586 1606 2619 καθὼς
1630 2588 1679 2614 καὶ
1705 2587 1733 2616 οι
1760 2588 1889 2622 Πατέρες

1099 2629 1257 2663 ἐλάλησαν
1267 2631 1315 2657 καὶ
1328 2630 1513 2666 murreum,
1530 2632 1559 2658 τι
1582 2631 1648 2659 ἐστι
1661 2633 1715 2660 τοῦ
1739 2633 1888 2667 σώματος,

1099 2674 1148 2701 καί
1165 2675 1193 2701 τι
1204 2674 1269 2701 ἐστι
1284 2674 1341 2709 τῆς
1358 2674 1473 2710 ψυχῆς·
1491 2675 1561 2702 ἀλλ’
1583 2676 1599 2703 ὁ
1615 2676 1769 2711 ἄνθρωπος
1784 2679 1820 2705 οὑ
1836 2679 1888 2706 λέ-

1099 2728 1181 2754 γεται
1191 2720 1246 2747 δύο
1257 2721 1364 2755 φύσεις
1384 2721 1475 2756 ἔχειν.
1498 2722 1532 2748 Εἰ
1545 2720 1579 2748 δὲ
1594 2723 1641 2748 καί
1656 2722 1832 2751 ἀνθίσταται
1845 2733 1890 2758 τις

1104 2767 1153 2793 καὶ
1164 2766 1244 2801 λέγει
1257 2766 1312 2793 δύο
1326 2767 1433 2801 φύσεις
1448 2766 1496 2793 ἐπὶ
1508 2766 1674 2801 ἀνθρώπου,
1689 2768 1798 2795 λοιπὸν
1808 2769 1857 2796 καί
1873 2770 1890 2797 ὁ

1104 2812 1230 2846 Χριστὸς
1242 2812 1319 2846 τρεῖς
1346 2811 1420 2846 ἔχει,
1437 2811 1490 2839 δύο
1508 2812 1563 2847 τῆς
1587 2812 1815 2847 ἀνθρωπόττιῑνος
1840 2814 1890 2843 καί

1101 2858 1175 2892 μίαν
1191 2858 1245 2892 τῆς
1268 2858 1417 2891 θεότητος,
1437 2858 1530 2885 καὶτὰ
1550 2858 1622 2893 ἑξῆς.
1649 2859 1714 2885 ’ἰδοὺ
1732 2860 1890 2894 σαφέστατα

1109 2904 1173 2939 μιᾶς
1190 2903 1316 2931 συνθέτου
1335 2903 1441 2938 φύσεως
1467 2903 1512 2931 τὸν
1529 2903 1644 2939 Χριστὸν
1668 2902 1738 2932 εἶναι
1762 2905 1890 2940 δογμκτέ,
