  <div class='ocr_page' id='page_1' title='image "/cluster/home/n/w/nwhite01/storage/ocr_20150623/105/njp.32101077772893/378.png"; bbox 0 0 2092 3156; ppageno 0'>
   <div class='ocr_carea' id='block_1_1' title="bbox 187 199 244 233">
    <p class='ocr_par' dir='ltr' id='par_1_1' title="bbox 187 199 244 233">
     <span class='ocr_line' id='line_1_1' title="bbox 187 199 244 233; baseline -0.035 0"><span class='ocrx_word' id='word_1_1' title='bbox 187 199 244 233; x_wconf 83' lang='lat'><strong>633</strong></span> 
     </span>
    </p>
   </div>
   <div class='ocr_carea' id='block_1_2' title="bbox 189 252 1018 292">
    <p class='ocr_par' dir='ltr' id='par_1_2' title="bbox 189 252 1018 292">
     <span class='ocr_line' id='line_1_2' title="bbox 189 252 1018 292; baseline 0 -10"><span class='ocrx_word' id='word_1_2' title='bbox 189 260 254 291; x_wconf 70' lang='grc' dir='ltr'>ζων,</span> <span class='ocrx_word' id='word_1_3' title='bbox 276 256 324 284; x_wconf 78' lang='grc' dir='ltr'>καὶ</span> <span class='ocrx_word' id='word_1_4' title='bbox 339 254 501 292; x_wconf 77' lang='grc' dir='ltr'>βουλόμενος</span> <span class='ocrx_word' id='word_1_5' title='bbox 517 252 597 280; x_wconf 83' lang='grc' dir='ltr'>τοῦτο</span> <span class='ocrx_word' id='word_1_6' title='bbox 611 255 759 290; x_wconf 78' lang='grc' dir='ltr'>παριστᾷν,</span> <span class='ocrx_word' id='word_1_7' title='bbox 778 255 825 282; x_wconf 79' lang='grc' dir='ltr'>τὸν</span> <span class='ocrx_word' id='word_1_8' title='bbox 838 255 982 290; x_wconf 78' lang='grc' dir='ltr'>ἄνθρωπον</span> <span class='ocrx_word' id='word_1_9' title='bbox 996 260 1018 286; x_wconf 75' lang='grc' dir='ltr'>Α</span> 
     </span>
    </p>
   </div>
   <div class='ocr_carea' id='block_1_3' title="bbox 190 299 981 337">
    <p class='ocr_par' dir='ltr' id='par_1_3' title="bbox 190 299 981 337">
     <span class='ocr_line' id='line_1_3' title="bbox 190 299 981 337; baseline -0.004 -6"><span class='ocrx_word' id='word_1_10' title='bbox 190 305 230 336; x_wconf 74' lang='grc' dir='ltr'>εἰς</span> <span class='ocrx_word' id='word_1_11' title='bbox 244 301 421 337; x_wconf 68' lang='grc' dir='ltr'>παράδειγμα</span> <span class='ocrx_word' id='word_1_12' title='bbox 434 300 595 336; x_wconf 81' lang='grc' dir='ltr'>ἀπεχρήσω·</span> <span class='ocrx_word' id='word_1_13' title='bbox 617 299 711 336; x_wconf 71' lang='grc' dir='ltr'>ὥσπερ</span> <span class='ocrx_word' id='word_1_14' title='bbox 724 301 779 336; x_wconf 84' lang='grc' dir='ltr'>γὰρ</span> <span class='ocrx_word' id='word_1_15' title='bbox 798 302 813 328; x_wconf 82' lang='grc' dir='ltr'><strong><em>ὁ</em></strong></span> <span class='ocrx_word' id='word_1_16' title='bbox 838 301 981 336; x_wconf 72' lang='grc' dir='ltr'>ἄνθρωπος</span> 
     </span>
    </p>
   </div>
   <div class='ocr_carea' id='block_1_4' title="bbox 190 345 981 383">
    <p class='ocr_par' dir='ltr' id='par_1_4' title="bbox 190 345 981 383">
     <span class='ocr_line' id='line_1_4' title="bbox 190 345 981 383; baseline -0.005 -6"><span class='ocrx_word' id='word_1_17' title='bbox 190 350 222 377; x_wconf 72' lang='grc' dir='ltr'>ἔκ</span> <span class='ocrx_word' id='word_1_18' title='bbox 234 347 371 383; x_wconf 70' lang='grc' dir='ltr'>διαφόρων</span> <span class='ocrx_word' id='word_1_19' title='bbox 383 346 491 382; x_wconf 81' lang='grc' dir='ltr'><strong>φύσεων</strong></span> <span class='ocrx_word' id='word_1_20' title='bbox 506 345 697 381; x_wconf 79' lang='grc' dir='ltr'><strong>συγκείμενος,</strong></span> <span class='ocrx_word' id='word_1_21' title='bbox 713 346 779 381; x_wconf 82' lang='grc' dir='ltr'>μιᾶς</span> <span class='ocrx_word' id='word_1_22' title='bbox 797 347 855 373; x_wconf 76' lang='grc' dir='ltr'>ἑστι</span> <span class='ocrx_word' id='word_1_23' title='bbox 872 346 981 380; x_wconf 78' lang='grc' dir='ltr'>φύσεως</span> 
     </span>
    </p>
   </div>
   <div class='ocr_carea' id='block_1_5' title="bbox 191 392 982 429">
    <p class='ocr_par' dir='ltr' id='par_1_5' title="bbox 191 392 982 429">
     <span class='ocr_line' id='line_1_5' title="bbox 191 392 982 429; baseline -0.003 -7"><span class='ocrx_word' id='word_1_24' title='bbox 191 394 320 422; x_wconf 76' lang='grc' dir='ltr'><strong>συνθέτου</strong></span> <span class='ocrx_word' id='word_1_25' title='bbox 337 393 408 429; x_wconf 79' lang='grc' dir='ltr'><strong>μετά</strong></span> <span class='ocrx_word' id='word_1_26' title='bbox 422 392 473 429; x_wconf 77' lang='grc' dir='ltr'><strong>τὴν</strong></span> <span class='ocrx_word' id='word_1_27' title='bbox 487 392 595 420; x_wconf 78' lang='grc' dir='ltr'>ῑνωσιν.</span> <span class='ocrx_word' id='word_1_28' title='bbox 610 392 694 420; x_wconf 76' lang='grc' dir='ltr'>Τουτὶ</span> <span class='ocrx_word' id='word_1_29' title='bbox 705 392 759 427; x_wconf 83' lang='grc' dir='ltr'><strong>γὰρ</strong></span> <span class='ocrx_word' id='word_1_30' title='bbox 774 393 933 428; x_wconf 86' lang='grc' dir='ltr'>διήγγειλαν</span> <span class='ocrx_word' id='word_1_31' title='bbox 950 393 982 420; x_wconf 79' lang='grc' dir='ltr'>τὸ</span> 
     </span>
    </p>
   </div>
   <div class='ocr_carea' id='block_1_6' title="bbox 191 437 984 475">
    <p class='ocr_par' dir='ltr' id='par_1_6' title="bbox 191 437 984 475">
     <span class='ocr_line' id='line_1_6' title="bbox 191 437 984 475; baseline -0.001 -8"><span class='ocrx_word' id='word_1_32' title='bbox 191 440 368 475; x_wconf 74' lang='grc' dir='ltr'>παράδειγμα</span> <span class='ocrx_word' id='word_1_33' title='bbox 381 437 482 474; x_wconf 77' lang='grc' dir='ltr'>ὁμοίως</span> <span class='ocrx_word' id='word_1_34' title='bbox 499 437 572 473; x_wconf 73' lang='grc' dir='ltr'>ἔχειν</span> <span class='ocrx_word' id='word_1_35' title='bbox 583 438 629 466; x_wconf 66' lang='grc' dir='ltr'><strong>ἐπὶ</strong></span> <span class='ocrx_word' id='word_1_36' title='bbox 640 437 690 472; x_wconf 78' lang='grc' dir='ltr'>τῆς</span> <span class='ocrx_word' id='word_1_37' title='bbox 713 437 837 471; x_wconf 74' lang='grc' dir='ltr'>ἐνώσεως</span> <span class='ocrx_word' id='word_1_38' title='bbox 853 438 902 466; x_wconf 82' lang='grc' dir='ltr'><strong>τοῦ</strong></span> <span class='ocrx_word' id='word_1_39' title='bbox 915 439 984 475; x_wconf 86' lang='grc' dir='ltr'>Χρι-</span> 
     </span>
    </p>
   </div>
   <div class='ocr_carea' id='block_1_7' title="bbox 192 484 984 521">
    <p class='ocr_par' dir='ltr' id='par_1_7' title="bbox 192 484 984 521">
     <span class='ocr_line' id='line_1_7' title="bbox 192 484 984 521; baseline -0.001 -7"><span class='ocrx_word' id='word_1_40' title='bbox 192 486 256 514; x_wconf 82' lang='grc' dir='ltr'>στοῦ</span> <span class='ocrx_word' id='word_1_41' title='bbox 271 486 295 513; x_wconf 78' lang='grc' dir='ltr'>οι</span> <span class='ocrx_word' id='word_1_42' title='bbox 308 485 441 521; x_wconf 79' lang='grc' dir='ltr'>Πατέρες,</span> <span class='ocrx_word' id='word_1_43' title='bbox 456 484 494 516; x_wconf 84' lang='grc' dir='ltr'>ὡς</span> <span class='ocrx_word' id='word_1_44' title='bbox 507 484 540 511; x_wconf 84' lang='grc' dir='ltr'>σὺ</span> <span class='ocrx_word' id='word_1_45' title='bbox 552 484 617 520; x_wconf 84' lang='grc' dir='ltr'>φής.</span> <span class='ocrx_word' id='word_1_46' title='bbox 629 484 685 512; x_wconf 81' lang='grc' dir='ltr'><strong>Καὶ</strong></span> <span class='ocrx_word' id='word_1_47' title='bbox 692 484 787 520; x_wconf 83' lang='grc' dir='ltr'>ὥσπερ</span> <span class='ocrx_word' id='word_1_48' title='bbox 805 485 939 513; x_wconf 79' lang='grc' dir='ltr'>συνιστῶν</span> <span class='ocrx_word' id='word_1_49' title='bbox 952 486 984 513; x_wconf 85' lang='grc' dir='ltr'>τὸ</span> 
     </span>
    </p>
   </div>
   <div class='ocr_carea' id='block_1_8' title="bbox 191 530 984 567">
    <p class='ocr_par' dir='ltr' id='par_1_8' title="bbox 191 530 984 567">
     <span class='ocr_line' id='line_1_8' title="bbox 191 530 984 567; baseline -0.003 -7"><span class='ocrx_word' id='word_1_50' title='bbox 191 531 379 567; x_wconf 76' lang='grc' dir='ltr'>παράδειγμα,</span> <span class='ocrx_word' id='word_1_51' title='bbox 394 531 437 558; x_wconf 80' lang='grc' dir='ltr'>ὅτι</span> <span class='ocrx_word' id='word_1_52' title='bbox 453 531 518 566; x_wconf 83' lang='grc' dir='ltr'>μιᾶς</span> <span class='ocrx_word' id='word_1_53' title='bbox 530 531 589 557; x_wconf 64' lang='grc' dir='ltr'>ἐστι</span> <span class='ocrx_word' id='word_1_54' title='bbox 610 530 719 565; x_wconf 80' lang='grc' dir='ltr'>φύσεως</span> <span class='ocrx_word' id='word_1_55' title='bbox 739 530 906 566; x_wconf 78' lang='grc' dir='ltr'>ὸᾰνθρωπος</span> <span class='ocrx_word' id='word_1_56' title='bbox 933 533 984 558; x_wconf 80' lang='grc' dir='ltr'><strong>ὲπ-</strong></span> 
     </span>
    </p>
   </div>
   <div class='ocr_carea' id='block_1_9' title="bbox 193 577 984 614">
    <p class='ocr_par' dir='ltr' id='par_1_9' title="bbox 193 577 984 614">
     <span class='ocr_line' id='line_1_9' title="bbox 193 577 984 614; baseline -0.001 -8"><span class='ocrx_word' id='word_1_57' title='bbox 193 579 281 613; x_wconf 86' lang='grc' dir='ltr'>άγεις.</span> <span class='ocrx_word' id='word_1_58' title='bbox 298 578 368 604; x_wconf 68' lang='grc' dir='ltr'>Ἀλλ’</span> <span class='ocrx_word' id='word_1_59' title='bbox 381 577 396 604; x_wconf 88' lang='grc'>6</span> <span class='ocrx_word' id='word_1_60' title='bbox 408 577 552 612; x_wconf 77' lang='grc' dir='ltr'>ἄνθρωπος</span> <span class='ocrx_word' id='word_1_61' title='bbox 566 577 596 603; x_wconf 83' lang='grc' dir='ltr'>οὐ</span> <span class='ocrx_word' id='word_1_62' title='bbox 611 577 721 611; x_wconf 77' lang='grc' dir='ltr'>λέγεται</span> <span class='ocrx_word' id='word_1_63' title='bbox 732 577 778 605; x_wconf 81' lang='grc' dir='ltr'><strong>δύο</strong></span> <span class='ocrx_word' id='word_1_64' title='bbox 792 577 887 612; x_wconf 79' lang='grc' dir='ltr'>φύσεις</span> <span class='ocrx_word' id='word_1_65' title='bbox 900 577 984 614; x_wconf 69' lang='grc' dir='ltr'>ἔχειν.</span> 
     </span>
    </p>
   </div>
   <div class='ocr_carea' id='block_1_10' title="bbox 193 623 986 659">
    <p class='ocr_par' dir='ltr' id='par_1_10' title="bbox 193 623 986 659">
     <span class='ocr_line' id='line_1_10' title="bbox 193 623 986 659; baseline 0 -7"><span class='ocrx_word' id='word_1_66' title='bbox 193 625 224 652; x_wconf 76' lang='grc' dir='ltr'>Εἰ</span> <span class='ocrx_word' id='word_1_67' title='bbox 243 625 271 652; x_wconf 71' lang='grc' dir='ltr'><strong>δὲ</strong></span> <span class='ocrx_word' id='word_1_68' title='bbox 283 624 331 652; x_wconf 75' lang='grc' dir='ltr'>καὶ</span> <span class='ocrx_word' id='word_1_69' title='bbox 346 623 505 652; x_wconf 77' lang='grc' dir='ltr'>ἀνθίσταταί</span> <span class='ocrx_word' id='word_1_70' title='bbox 519 633 571 655; x_wconf 84' lang='grc' dir='ltr'>τις,</span> <span class='ocrx_word' id='word_1_71' title='bbox 583 624 624 651; x_wconf 77' lang='grc' dir='ltr'>ὅτι</span> <span class='ocrx_word' id='word_1_72' title='bbox 637 623 705 659; x_wconf 75' lang='grc' dir='ltr'>ἔχει,</span> <span class='ocrx_word' id='word_1_73' title='bbox 722 624 878 659; x_wconf 81' lang='grc' dir='ltr'>συνάγεται,</span> <span class='ocrx_word' id='word_1_74' title='bbox 887 625 929 652; x_wconf 80' lang='grc' dir='ltr'>ὅτι</span> <span class='ocrx_word' id='word_1_75' title='bbox 937 625 986 652; x_wconf 85' lang='grc' dir='ltr'>καὶ</span> 
     </span>
    </p>
   </div>
   <div class='ocr_carea' id='block_1_11' title="bbox 193 670 986 708">
    <p class='ocr_par' dir='ltr' id='par_1_11' title="bbox 193 670 986 708">
     <span class='ocr_line' id='line_1_11' title="bbox 193 670 986 708; baseline 0 -9"><span class='ocrx_word' id='word_1_76' title='bbox 193 673 208 699; x_wconf 85' lang='grc' dir='ltr'><strong><em>ὁ</em></strong></span> <span class='ocrx_word' id='word_1_77' title='bbox 222 671 341 706; x_wconf 84' lang='grc' dir='ltr'>Χριστὸς</span> <span class='ocrx_word' id='word_1_78' title='bbox 368 671 443 706; x_wconf 80' lang='grc' dir='ltr'><strong>τρεῖς</strong></span> <span class='ocrx_word' id='word_1_79' title='bbox 459 671 526 706; x_wconf 73' lang='grc' dir='ltr'>ἔχει.</span> <span class='ocrx_word' id='word_1_80' title='bbox 545 671 590 697; x_wconf 78' lang='grc' dir='ltr'>Διὸ</span> <span class='ocrx_word' id='word_1_81' title='bbox 600 670 689 702; x_wconf 81' lang='grc' dir='ltr'>δοκεῖς</span> <span class='ocrx_word' id='word_1_82' title='bbox 700 671 774 706; x_wconf 78' lang='grc' dir='ltr'>ἡμᾶς</span> <span class='ocrx_word' id='word_1_83' title='bbox 798 673 861 703; x_wconf 81' lang='grc' dir='ltr'>τοὺς</span> <span class='ocrx_word' id='word_1_84' title='bbox 891 672 938 699; x_wconf 70' lang='grc' dir='ltr'><strong>ἐπὶ</strong></span> <span class='ocrx_word' id='word_1_85' title='bbox 951 673 986 708; x_wconf 82' lang='grc' dir='ltr'>τῇ</span> 
     </span>
    </p>
   </div>
   <div class='ocr_carea' id='block_1_12' title="bbox 195 713 988 751">
    <p class='ocr_par' dir='ltr' id='par_1_12' title="bbox 195 713 988 751">
     <span class='ocr_line' id='line_1_12' title="bbox 195 713 988 751; baseline 0 -8"><span class='ocrx_word' id='word_1_86' title='bbox 195 716 292 743; x_wconf 74' lang='grc' dir='ltr'>ἑνώσει</span> <span class='ocrx_word' id='word_1_87' title='bbox 308 714 427 751; x_wconf 80' lang='grc' dir='ltr'>Χριστοῦ</span> <span class='ocrx_word' id='word_1_88' title='bbox 451 714 622 747; x_wconf 69' lang='grc' dir='ltr'><strong>δοξάζοντας,</strong></span> <span class='ocrx_word' id='word_1_89' title='bbox 638 714 685 742; x_wconf 82' lang='grc' dir='ltr'>δύο</span> <span class='ocrx_word' id='word_1_90' title='bbox 712 713 783 742; x_wconf 78' lang='grc' dir='ltr'>εἶναι</span> <span class='ocrx_word' id='word_1_91' title='bbox 812 715 920 750; x_wconf 80' lang='grc' dir='ltr'>φύσεις,</span> <span class='ocrx_word' id='word_1_92' title='bbox 946 716 988 748; x_wconf 84' lang='grc' dir='ltr'>εις</span> 
     </span>
    </p>
   </div>
   <div class='ocr_carea' id='block_1_13' title="bbox 196 757 987 798">
    <p class='ocr_par' dir='ltr' id='par_1_13' title="bbox 196 757 987 798">
     <span class='ocr_line' id='line_1_13' title="bbox 196 757 987 798; baseline -0.001 -8"><span class='ocrx_word' id='word_1_93' title='bbox 196 763 296 790; x_wconf 77' lang='grc' dir='ltr'>ἄτοπον</span> <span class='ocrx_word' id='word_1_94' title='bbox 311 761 453 798; x_wconf 77' lang='grc' dir='ltr'>προάγειν.</span> <span class='ocrx_word' id='word_1_95' title='bbox 472 761 554 787; x_wconf 79' lang='grc' dir='ltr'>Οὐδὲν</span> <span class='ocrx_word' id='word_1_96' title='bbox 569 761 654 793; x_wconf 75' lang='grc' dir='ltr'>ξένον,</span> <span class='ocrx_word' id='word_1_97' title='bbox 674 757 696 788; x_wconf 79' lang='grc' dir='ltr'>ὧ</span> <span class='ocrx_word' id='word_1_98' title='bbox 707 761 793 796; x_wconf 79' lang='grc' dir='ltr'>φίλος,</span> <span class='ocrx_word' id='word_1_99' title='bbox 808 762 867 794; x_wconf 78' lang='grc' dir='ltr'>ἑνὸς</span> <span class='ocrx_word' id='word_1_100' title='bbox 885 762 987 789; x_wconf 83' lang='grc' dir='ltr'>ἀτόπου</span> 
     </span>
    </p>
   </div>
   <div class='ocr_carea' id='block_1_14' title="bbox 197 806 989 843">
    <p class='ocr_par' dir='ltr' id='par_1_14' title="bbox 197 806 989 843">
     <span class='ocr_line' id='line_1_14' title="bbox 197 806 989 843; baseline 0 -8"><span class='ocrx_word' id='word_1_101' title='bbox 197 808 330 840; x_wconf 78' lang='grc' dir='ltr'><strong>δοθέντος,</strong></span> <span class='ocrx_word' id='word_1_102' title='bbox 345 806 431 843; x_wconf 85' lang='grc' dir='ltr'>μυρία</span> <span class='ocrx_word' id='word_1_103' title='bbox 442 806 566 842; x_wconf 67' lang='grc' dir='ltr'>ἕψεσθαι.</span> <span class='ocrx_word' id='word_1_104' title='bbox 582 807 614 833; x_wconf 75' lang='lat' dir='ltr'><strong>El</strong></span> <span class='ocrx_word' id='word_1_105' title='bbox 630 807 680 842; x_wconf 79' lang='grc' dir='ltr'>μὲν</span> <span class='ocrx_word' id='word_1_106' title='bbox 703 807 757 843; x_wconf 80' lang='grc' dir='ltr'><strong>γὰρ</strong></span> <span class='ocrx_word' id='word_1_107' title='bbox 773 808 848 835; x_wconf 78' lang='grc' dir='ltr'>πᾶσα</span> <span class='ocrx_word' id='word_1_108' title='bbox 864 807 989 841; x_wconf 84' lang='grc' dir='ltr'>σύνθεσις</span> 
     </span>
    </p>
   </div>
   <div class='ocr_carea' id='block_1_15' title="bbox 199 852 988 889">
    <p class='ocr_par' dir='ltr' id='par_1_15' title="bbox 199 852 988 889">
     <span class='ocr_line' id='line_1_15' title="bbox 199 852 988 889; baseline 0 -8"><span class='ocrx_word' id='word_1_109' title='bbox 199 854 236 889; x_wconf 83' lang='grc' dir='ltr'>μὴ</span> <span class='ocrx_word' id='word_1_110' title='bbox 252 854 284 881; x_wconf 79' lang='grc' dir='ltr'>ὲκ</span> <span class='ocrx_word' id='word_1_111' title='bbox 296 853 351 880; x_wconf 87' lang='grc' dir='ltr'><strong>τῶν</strong></span> <span class='ocrx_word' id='word_1_112' title='bbox 366 852 510 889; x_wconf 80' lang='grc' dir='ltr'>προσεχῶς</span> <span class='ocrx_word' id='word_1_113' title='bbox 525 852 707 880; x_wconf 76' lang='grc' dir='ltr'>συντεθέντων</span> <span class='ocrx_word' id='word_1_114' title='bbox 720 853 906 881; x_wconf 73' lang='grc' dir='ltr'><strong>συντεθεῖσθαι</strong></span> <span class='ocrx_word' id='word_1_115' title='bbox 929 854 988 881; x_wconf 73' lang='grc' dir='ltr'><strong>ἐλέ-</strong></span> 
     </span>
    </p>
   </div>
   <div class='ocr_carea' id='block_1_16' title="bbox 197 896 989 935">
    <p class='ocr_par' dir='ltr' id='par_1_16' title="bbox 197 896 989 935">
     <span class='ocr_line' id='line_1_16' title="bbox 197 896 989 935; baseline -0.001 -9"><span class='ocrx_word' id='word_1_116' title='bbox 197 908 271 934; x_wconf 86' lang='grc' dir='ltr'>γετο,</span> <span class='ocrx_word' id='word_1_117' title='bbox 297 899 354 926; x_wconf 82' lang='grc' dir='ltr'>ἀλλ’</span> <span class='ocrx_word' id='word_1_118' title='bbox 373 900 406 926; x_wconf 65' lang='grc' dir='ltr'>ἐκ</span> <span class='ocrx_word' id='word_1_119' title='bbox 426 898 481 925; x_wconf 86' lang='grc' dir='ltr'><strong>τῶν</strong></span> <span class='ocrx_word' id='word_1_120' title='bbox 495 898 600 935; x_wconf 76' lang='grc' dir='ltr'>πόρρω,</span> <span class='ocrx_word' id='word_1_121' title='bbox 622 898 694 933; x_wconf 80' lang='grc' dir='ltr'>τάχα</span> <span class='ocrx_word' id='word_1_122' title='bbox 714 899 747 926; x_wconf 85' lang='grc' dir='ltr'>ἂν</span> <span class='ocrx_word' id='word_1_123' title='bbox 770 896 827 934; x_wconf 76' lang='grc' dir='ltr'>εἶχε</span> <span class='ocrx_word' id='word_1_124' title='bbox 842 898 936 935; x_wconf 81' lang='grc' dir='ltr'>χώραν</span> <span class='ocrx_word' id='word_1_125' title='bbox 959 899 989 926; x_wconf 84' lang='grc' dir='ltr'>τὸ</span> 
     </span>
    </p>
   </div>
   <div class='ocr_carea' id='block_1_17' title="bbox 199 944 1029 982">
    <p class='ocr_par' dir='ltr' id='par_1_17' title="bbox 199 944 1029 982">
     <span class='ocr_line' id='line_1_17' title="bbox 199 944 1029 982; baseline -0.001 -9"><span class='ocrx_word' id='word_1_126' title='bbox 199 945 275 982; x_wconf 72' lang='grc' dir='ltr'><strong>παρά</strong></span> <span class='ocrx_word' id='word_1_127' title='bbox 291 944 338 972; x_wconf 83' lang='grc' dir='ltr'>σοῦ</span> <span class='ocrx_word' id='word_1_128' title='bbox 355 944 416 972; x_wconf 79' lang='grc' dir='ltr'>καθ’</span> <span class='ocrx_word' id='word_1_129' title='bbox 431 945 510 980; x_wconf 79' lang='grc' dir='ltr'>ἡμῶν</span> <span class='ocrx_word' id='word_1_130' title='bbox 520 944 775 980; x_wconf 82' lang='grc' dir='ltr'>γραφόμενον.Είδ“</span> <span class='ocrx_word' id='word_1_131' title='bbox 790 945 882 977; x_wconf 70' lang='grc' dir='ltr'>οὐδεὶς</span> <span class='ocrx_word' id='word_1_132' title='bbox 891 944 946 971; x_wconf 82' lang='grc' dir='ltr'><strong>τῶν</strong></span> <span class='ocrx_word' id='word_1_133' title='bbox 961 944 992 972; x_wconf 77' lang='grc' dir='ltr'>εὖ</span> <span class='ocrx_word' id='word_1_134' title='bbox 1009 953 1029 980; x_wconf 66' lang='grc' dir='ltr'><strong>ιι</strong></span> 
     </span>
    </p>
   </div>
   <div class='ocr_carea' id='block_1_18' title="bbox 198 990 993 1028">
    <p class='ocr_par' dir='ltr' id='par_1_18' title="bbox 198 990 993 1028">
     <span class='ocr_line' id='line_1_18' title="bbox 198 990 993 1028; baseline -0.001 -9"><span class='ocrx_word' id='word_1_135' title='bbox 198 991 369 1028; x_wconf 78' lang='grc' dir='ltr'>φρονούντων</span> <span class='ocrx_word' id='word_1_136' title='bbox 395 992 519 1027; x_wconf 84' lang='grc' dir='ltr'>φήσειεν,</span> <span class='ocrx_word' id='word_1_137' title='bbox 550 991 583 1018; x_wconf 85' lang='grc' dir='ltr'>ὲκ</span> <span class='ocrx_word' id='word_1_138' title='bbox 601 990 656 1018; x_wconf 87' lang='grc' dir='ltr'><strong>τῶν</strong></span> <span class='ocrx_word' id='word_1_139' title='bbox 672 991 778 1027; x_wconf 81' lang='grc' dir='ltr'>πόρῤω,</span> <span class='ocrx_word' id='word_1_140' title='bbox 810 991 867 1018; x_wconf 82' lang='grc' dir='ltr'>ἀλλ’</span> <span class='ocrx_word' id='word_1_141' title='bbox 882 992 916 1018; x_wconf 68' lang='grc' dir='ltr'>ὲκ</span> <span class='ocrx_word' id='word_1_142' title='bbox 937 991 993 1018; x_wconf 82' lang='grc' dir='ltr'><strong>τῶν</strong></span> 
     </span>
    </p>
   </div>
   <div class='ocr_carea' id='block_1_19' title="bbox 199 1035 994 1073">
    <p class='ocr_par' dir='ltr' id='par_1_19' title="bbox 199 1035 994 1073">
     <span class='ocr_line' id='line_1_19' title="bbox 199 1035 994 1073; baseline -0.001 -8"><span class='ocrx_word' id='word_1_143' title='bbox 199 1037 345 1073; x_wconf 81' lang='grc' dir='ltr'>προσεχῶς</span> <span class='ocrx_word' id='word_1_144' title='bbox 359 1036 406 1064; x_wconf 79' lang='grc' dir='ltr'>καὶ</span> <span class='ocrx_word' id='word_1_145' title='bbox 418 1036 542 1072; x_wconf 83' lang='grc' dir='ltr'>ἀμέσως,</span> <span class='ocrx_word' id='word_1_146' title='bbox 555 1035 603 1063; x_wconf 76' lang='grc' dir='ltr'>καὶ</span> <span class='ocrx_word' id='word_1_147' title='bbox 611 1036 693 1063; x_wconf 75' lang='grc' dir='ltr'>οἱονεὶ</span> <span class='ocrx_word' id='word_1_148' title='bbox 709 1036 812 1071; x_wconf 88' lang='grc' dir='ltr'>μερῶν,</span> <span class='ocrx_word' id='word_1_149' title='bbox 826 1035 994 1072; x_wconf 77' lang='grc' dir='ltr'>ἦστοιχείων</span> 
     </span>
    </p>
   </div>
   <div class='ocr_carea' id='block_1_20' title="bbox 198 1081 994 1119">
    <p class='ocr_par' dir='ltr' id='par_1_20' title="bbox 198 1081 994 1119">
     <span class='ocr_line' id='line_1_20' title="bbox 198 1081 994 1119; baseline -0.003 -8"><span class='ocrx_word' id='word_1_150' title='bbox 198 1083 276 1116; x_wconf 79' lang='grc' dir='ltr'>τάξιν</span> <span class='ocrx_word' id='word_1_151' title='bbox 293 1083 322 1110; x_wconf 71' lang='grc' dir='ltr'>ιν</span> <span class='ocrx_word' id='word_1_152' title='bbox 335 1082 375 1119; x_wconf 84' lang='grc' dir='ltr'><strong>τῷ</strong></span> <span class='ocrx_word' id='word_1_153' title='bbox 391 1083 446 1118; x_wconf 85' lang='grc' dir='ltr'><strong>ὅλῳ</strong></span> <span class='ocrx_word' id='word_1_154' title='bbox 471 1081 589 1117; x_wconf 73' lang='grc' dir='ltr'>ἑχόντων</span> <span class='ocrx_word' id='word_1_155' title='bbox 604 1082 791 1116; x_wconf 64' lang='grc' dir='ltr'>συντεθεῖσθαι</span> <span class='ocrx_word' id='word_1_156' title='bbox 805 1083 836 1109; x_wconf 77' lang='grc' dir='ltr'>τὸ</span> <span class='ocrx_word' id='word_1_157' title='bbox 853 1083 994 1110; x_wconf 67' lang='grc' dir='ltr'>συντεθειε</span> 
     </span>
    </p>
   </div>
   <div class='ocr_carea' id='block_1_21' title="bbox 201 1129 994 1166">
    <p class='ocr_par' dir='ltr' id='par_1_21' title="bbox 201 1129 994 1166">
     <span class='ocr_line' id='line_1_21' title="bbox 201 1129 994 1166; baseline -0.003 -8"><span class='ocrx_word' id='word_1_158' title='bbox 201 1130 283 1166; x_wconf 77' lang='grc' dir='ltr'>μένον</span> <span class='ocrx_word' id='word_1_159' title='bbox 296 1129 418 1164; x_wconf 70' lang='grc' dir='ltr'>λέγεται,</span> <span class='ocrx_word' id='word_1_160' title='bbox 435 1129 582 1165; x_wconf 82' lang='grc' dir='ltr'>ἀνίσχυρον</span> <span class='ocrx_word' id='word_1_161' title='bbox 603 1129 650 1156; x_wconf 71' lang='grc' dir='ltr'>καὶ</span> <span class='ocrx_word' id='word_1_162' title='bbox 668 1129 784 1165; x_wconf 82' lang='grc' dir='ltr'>μάταιον</span> <span class='ocrx_word' id='word_1_163' title='bbox 797 1129 827 1156; x_wconf 81' lang='grc' dir='ltr'>τδ</span> <span class='ocrx_word' id='word_1_164' title='bbox 852 1129 929 1165; x_wconf 85' lang='grc' dir='ltr'><strong>παρά</strong></span> <span class='ocrx_word' id='word_1_165' title='bbox 946 1129 994 1156; x_wconf 86' lang='grc' dir='ltr'>σοῦ</span> 
     </span>
    </p>
   </div>
   <div class='ocr_carea' id='block_1_22' title="bbox 200 1175 1018 1213">
    <p class='ocr_par' dir='ltr' id='par_1_22' title="bbox 200 1175 1018 1213">
     <span class='ocr_line' id='line_1_22' title="bbox 200 1175 1018 1213; baseline -0.001 -9"><span class='ocrx_word' id='word_1_166' title='bbox 200 1177 385 1213; x_wconf 79' lang='grc' dir='ltr'>γραφόμενον.</span> <span class='ocrx_word' id='word_1_167' title='bbox 405 1176 483 1204; x_wconf 83' lang='grc' dir='ltr'>Ἐπεὶ</span> <span class='ocrx_word' id='word_1_168' title='bbox 508 1175 616 1212; x_wconf 82' lang='grc' dir='ltr'><strong>ἀνάγκη</strong></span> <span class='ocrx_word' id='word_1_169' title='bbox 642 1175 713 1203; x_wconf 84' lang='grc' dir='ltr'><strong>κατά</strong></span> <span class='ocrx_word' id='word_1_170' title='bbox 728 1175 758 1203; x_wconf 79' lang='grc' dir='ltr'>σὲ</span> <span class='ocrx_word' id='word_1_171' title='bbox 780 1175 826 1203; x_wconf 87' lang='grc' dir='ltr'>τδν</span> <span class='ocrx_word' id='word_1_172' title='bbox 851 1175 995 1212; x_wconf 77' lang='grc' dir='ltr'>ἄνθρωπον</span> <span class='ocrx_word' id='word_1_173' title='bbox 1014 1185 1018 1192; x_wconf 93' lang='grc'><strong>·</strong></span> 
     </span>
    </p>
   </div>
   <div class='ocr_carea' id='block_1_23' title="bbox 200 1219 994 1256">
    <p class='ocr_par' dir='ltr' id='par_1_23' title="bbox 200 1219 994 1256">
     <span class='ocr_line' id='line_1_23' title="bbox 200 1219 994 1256; baseline 0 -8"><span class='ocrx_word' id='word_1_174' title='bbox 200 1221 291 1255; x_wconf 74' lang='grc' dir='ltr'>λέγειν</span> <span class='ocrx_word' id='word_1_175' title='bbox 320 1221 354 1248; x_wconf 81' lang='grc' dir='ltr'>ὲκ</span> <span class='ocrx_word' id='word_1_176' title='bbox 377 1221 458 1248; x_wconf 84' lang='grc' dir='ltr'>πέντε</span> <span class='ocrx_word' id='word_1_177' title='bbox 482 1219 658 1256; x_wconf 83' lang='grc' dir='ltr'>τούλάχιστον</span> <span class='ocrx_word' id='word_1_178' title='bbox 684 1221 845 1255; x_wconf 81' lang='grc' dir='ltr'>συγκεῖσθαι</span> <span class='ocrx_word' id='word_1_179' title='bbox 874 1221 994 1256; x_wconf 78' lang='grc' dir='ltr'><strong>φύσεων,</strong></span> 
     </span>
    </p>
   </div>
   <div class='ocr_carea' id='block_1_24' title="bbox 201 1267 996 1304">
    <p class='ocr_par' dir='ltr' id='par_1_24' title="bbox 201 1267 996 1304">
     <span class='ocr_line' id='line_1_24' title="bbox 201 1267 996 1304; baseline -0.001 -8"><span class='ocrx_word' id='word_1_180' title='bbox 201 1267 234 1296; x_wconf 66' lang='grc' dir='ltr'><strong>εκ</strong></span> <span class='ocrx_word' id='word_1_181' title='bbox 247 1276 277 1295; x_wconf 80' lang='grc' dir='ltr'><strong>τε</strong></span> <span class='ocrx_word' id='word_1_182' title='bbox 290 1267 346 1295; x_wconf 89' lang='grc' dir='ltr'><strong>τῶν</strong></span> <span class='ocrx_word' id='word_1_183' title='bbox 364 1267 506 1302; x_wconf 79' lang='grc' dir='ltr'>τεσσάρων</span> <span class='ocrx_word' id='word_1_184' title='bbox 532 1268 673 1303; x_wconf 78' lang='grc' dir='ltr'>στοιχείων</span> <span class='ocrx_word' id='word_1_185' title='bbox 703 1269 751 1295; x_wconf 78' lang='grc' dir='ltr'><strong>καὶ</strong></span> <span class='ocrx_word' id='word_1_186' title='bbox 777 1268 878 1304; x_wconf 76' lang='grc' dir='ltr'>ψυχῆς.</span> <span class='ocrx_word' id='word_1_187' title='bbox 901 1267 996 1295; x_wconf 85' lang='grc' dir='ltr'>Ὡσαύ-</span> 
     </span>
    </p>
   </div>
   <div class='ocr_carea' id='block_1_25' title="bbox 199 1311 997 1349">
    <p class='ocr_par' dir='ltr' id='par_1_25' title="bbox 199 1311 997 1349">
     <span class='ocr_line' id='line_1_25' title="bbox 199 1311 997 1349; baseline 0 -9"><span class='ocrx_word' id='word_1_188' title='bbox 199 1319 256 1344; x_wconf 78' lang='grc' dir='ltr'><strong>τως</strong></span> <span class='ocrx_word' id='word_1_189' title='bbox 269 1312 316 1339; x_wconf 78' lang='grc' dir='ltr'>καὶ</span> <span class='ocrx_word' id='word_1_190' title='bbox 334 1311 380 1339; x_wconf 78' lang='grc' dir='ltr'>τδν</span> <span class='ocrx_word' id='word_1_191' title='bbox 391 1312 535 1348; x_wconf 79' lang='grc' dir='ltr'>ἡλεκτρον,</span> <span class='ocrx_word' id='word_1_192' title='bbox 556 1311 593 1348; x_wconf 84' lang='grc' dir='ltr'>μὴ</span> <span class='ocrx_word' id='word_1_193' title='bbox 608 1312 641 1339; x_wconf 79' lang='grc' dir='ltr'>ὲκ</span> <span class='ocrx_word' id='word_1_194' title='bbox 656 1312 714 1346; x_wconf 86' lang='grc' dir='ltr'>δύο,</span> <span class='ocrx_word' id='word_1_195' title='bbox 727 1313 812 1349; x_wconf 73' lang='grc' dir='ltr'>ἧγουν</span> <span class='ocrx_word' id='word_1_196' title='bbox 827 1312 930 1348; x_wconf 83' lang='grc' dir='ltr'>χρυσοῦ</span> <span class='ocrx_word' id='word_1_197' title='bbox 949 1313 997 1340; x_wconf 83' lang='grc' dir='ltr'>καὶ</span> 
     </span>
    </p>
   </div>
   <div class='ocr_carea' id='block_1_26' title="bbox 201 1357 997 1395">
    <p class='ocr_par' dir='ltr' id='par_1_26' title="bbox 201 1357 997 1395">
     <span class='ocr_line' id='line_1_26' title="bbox 201 1357 997 1395; baseline 0 -9"><span class='ocrx_word' id='word_1_198' title='bbox 201 1357 335 1395; x_wconf 75' lang='grc' dir='ltr'>ἀργύρου,</span> <span class='ocrx_word' id='word_1_199' title='bbox 350 1358 407 1386; x_wconf 82' lang='grc' dir='ltr'>ἀλλ’</span> <span class='ocrx_word' id='word_1_200' title='bbox 420 1359 454 1385; x_wconf 84' lang='grc' dir='ltr'>ὲκ</span> <span class='ocrx_word' id='word_1_201' title='bbox 466 1358 571 1385; x_wconf 85' lang='grc' dir='ltr'>πολλῶν</span> <span class='ocrx_word' id='word_1_202' title='bbox 582 1358 723 1391; x_wconf 82' lang='grc' dir='ltr'>πλειόνων,</span> <span class='ocrx_word' id='word_1_203' title='bbox 731 1358 843 1394; x_wconf 80' lang='grc' dir='ltr'>χρυσοῦ,</span> <span class='ocrx_word' id='word_1_204' title='bbox 856 1359 940 1394; x_wconf 73' lang='grc' dir='ltr'>φημὶ,</span> <span class='ocrx_word' id='word_1_205' title='bbox 950 1359 997 1386; x_wconf 60' lang='grc' dir='ltr'><strong>καλ⁵</strong></span> 
     </span>
    </p>
   </div>
   <div class='ocr_carea' id='block_1_27' title="bbox 201 1404 998 1440">
    <p class='ocr_par' dir='ltr' id='par_1_27' title="bbox 201 1404 998 1440">
     <span class='ocr_line' id='line_1_27' title="bbox 201 1404 998 1440; baseline -0.001 -8"><span class='ocrx_word' id='word_1_206' title='bbox 201 1404 335 1440; x_wconf 79' lang='grc' dir='ltr'>ἀργύρου,</span> <span class='ocrx_word' id='word_1_207' title='bbox 349 1406 396 1432; x_wconf 77' lang='grc' dir='ltr'>καὶ</span> <span class='ocrx_word' id='word_1_208' title='bbox 412 1405 554 1440; x_wconf 77' lang='grc' dir='ltr'>τεσσάρων</span> <span class='ocrx_word' id='word_1_209' title='bbox 575 1405 726 1440; x_wconf 76' lang='grc' dir='ltr'>στοιχείων,</span> <span class='ocrx_word' id='word_1_210' title='bbox 742 1405 790 1432; x_wconf 77' lang='grc' dir='ltr'><strong>καὶ</strong></span> <span class='ocrx_word' id='word_1_211' title='bbox 803 1405 858 1432; x_wconf 86' lang='grc' dir='ltr'><strong>τῶν</strong></span> <span class='ocrx_word' id='word_1_212' title='bbox 873 1404 914 1431; x_wconf 72' lang='grc' dir='ltr'>ἔτι</span> <span class='ocrx_word' id='word_1_213' title='bbox 931 1405 998 1440; x_wconf 65' lang='grc' dir='ltr'><strong>πορι</strong></span> 
     </span>
    </p>
   </div>
   <div class='ocr_carea' id='block_1_28' title="bbox 203 1449 996 1486">
    <p class='ocr_par' dir='ltr' id='par_1_28' title="bbox 203 1449 996 1486">
     <span class='ocr_line' id='line_1_28' title="bbox 203 1449 996 1486; baseline -0.003 -8"><span class='ocrx_word' id='word_1_214' title='bbox 203 1451 326 1486; x_wconf 78' lang='grc' dir='ltr'>ρωτέρω,</span> <span class='ocrx_word' id='word_1_215' title='bbox 340 1451 392 1486; x_wconf 83' lang='grc' dir='ltr'>τῆς</span> <span class='ocrx_word' id='word_1_216' title='bbox 406 1451 473 1486; x_wconf 77' lang='grc' dir='ltr'>ὕλης</span> <span class='ocrx_word' id='word_1_217' title='bbox 492 1451 565 1486; x_wconf 81' lang='grc' dir='ltr'>λέγω</span> <span class='ocrx_word' id='word_1_218' title='bbox 586 1452 633 1477; x_wconf 77' lang='grc' dir='ltr'>καὶ</span> <span class='ocrx_word' id='word_1_219' title='bbox 657 1449 705 1478; x_wconf 80' lang='grc' dir='ltr'>τοῦ</span> <span class='ocrx_word' id='word_1_220' title='bbox 721 1450 820 1482; x_wconf 83' lang='grc' dir='ltr'>εἴδους.</span> <span class='ocrx_word' id='word_1_221' title='bbox 838 1450 875 1477; x_wconf 87' lang='grc' dir='ltr'><strong>Οὐ</strong></span> <span class='ocrx_word' id='word_1_222' title='bbox 892 1449 947 1485; x_wconf 83' lang='grc' dir='ltr'>γὰρ</span> <span class='ocrx_word' id='word_1_223' title='bbox 962 1450 996 1477; x_wconf 76' lang='grc' dir='ltr'><strong>τὰ</strong></span> 
     </span>
    </p>
   </div>
   <div class='ocr_carea' id='block_1_29' title="bbox 204 1495 998 1533">
    <p class='ocr_par' dir='ltr' id='par_1_29' title="bbox 204 1495 998 1533">
     <span class='ocr_line' id='line_1_29' title="bbox 204 1495 998 1533; baseline -0.003 -9"><span class='ocrx_word' id='word_1_224' title='bbox 204 1497 276 1533; x_wconf 81' lang='grc' dir='ltr'>μέρη</span> <span class='ocrx_word' id='word_1_225' title='bbox 292 1497 347 1524; x_wconf 88' lang='grc' dir='ltr'><strong>τῶν</strong></span> <span class='ocrx_word' id='word_1_226' title='bbox 363 1497 455 1533; x_wconf 86' lang='grc' dir='ltr'>μερῶν</span> <span class='ocrx_word' id='word_1_227' title='bbox 472 1498 502 1524; x_wconf 66' lang='grc' dir='ltr'>ἂν</span> <span class='ocrx_word' id='word_1_228' title='bbox 520 1497 559 1533; x_wconf 85' lang='grc' dir='ltr'>τῷ</span> <span class='ocrx_word' id='word_1_229' title='bbox 580 1497 671 1531; x_wconf 82' lang='grc' dir='ltr'>λέγειν</span> <span class='ocrx_word' id='word_1_230' title='bbox 688 1497 721 1523; x_wconf 82' lang='grc' dir='ltr'>ὲκ</span> <span class='ocrx_word' id='word_1_231' title='bbox 745 1496 837 1523; x_wconf 83' lang='grc' dir='ltr'>πόσων</span> <span class='ocrx_word' id='word_1_232' title='bbox 854 1495 998 1531; x_wconf 83' lang='grc' dir='ltr'>σύγκειται</span> 
     </span>
    </p>
   </div>
   <div class='ocr_carea' id='block_1_30' title="bbox 202 1542 998 1579">
    <p class='ocr_par' dir='ltr' id='par_1_30' title="bbox 202 1542 998 1579">
     <span class='ocr_line' id='line_1_30' title="bbox 202 1542 998 1579; baseline -0.001 -9"><span class='ocrx_word' id='word_1_233' title='bbox 202 1543 261 1571; x_wconf 74' lang='grc' dir='ltr'>τόδε</span> <span class='ocrx_word' id='word_1_234' title='bbox 274 1543 439 1579; x_wconf 80' lang='grc' dir='ltr'>σκοποῦμεν,</span> <span class='ocrx_word' id='word_1_235' title='bbox 448 1543 517 1570; x_wconf 83' lang='grc' dir='ltr'>ἀλλὰ</span> <span class='ocrx_word' id='word_1_236' title='bbox 532 1543 566 1570; x_wconf 82' lang='grc' dir='ltr'><strong>τὰ</strong></span> <span class='ocrx_word' id='word_1_237' title='bbox 581 1543 725 1578; x_wconf 87' lang='grc' dir='ltr'>προσεχῶς</span> <span class='ocrx_word' id='word_1_238' title='bbox 740 1544 786 1569; x_wconf 85' lang='grc' dir='ltr'>καὶ</span> <span class='ocrx_word' id='word_1_239' title='bbox 803 1543 915 1578; x_wconf 78' lang='grc' dir='ltr'>ἀμέσως</span> <span class='ocrx_word' id='word_1_240' title='bbox 927 1542 998 1578; x_wconf 80' lang='grc' dir='ltr'>μέρη</span> 
     </span>
    </p>
   </div>
   <div class='ocr_carea' id='block_1_31' title="bbox 204 1588 999 1625">
    <p class='ocr_par' dir='ltr' id='par_1_31' title="bbox 204 1588 999 1625">
     <span class='ocr_line' id='line_1_31' title="bbox 204 1588 999 1625; baseline -0.001 -9"><span class='ocrx_word' id='word_1_241' title='bbox 204 1589 298 1622; x_wconf 65' lang='grc' dir='ltr'>αὺτοῦ,</span> <span class='ocrx_word' id='word_1_242' title='bbox 314 1588 532 1624; x_wconf 74' lang='grc' dir='ltr'>χρηματίζοντα.</span> <span class='ocrx_word' id='word_1_243' title='bbox 545 1589 651 1616; x_wconf 82' lang='grc' dir='ltr'>Οὐκοῦν</span> <span class='ocrx_word' id='word_1_244' title='bbox 665 1589 717 1615; x_wconf 80' lang='grc' dir='ltr'><strong>κάν</strong></span> <span class='ocrx_word' id='word_1_245' title='bbox 742 1589 787 1615; x_wconf 81' lang='grc' dir='ltr'>τὸν</span> <span class='ocrx_word' id='word_1_246' title='bbox 804 1588 947 1625; x_wconf 83' lang='grc' dir='ltr'>ἄνθρωπον</span> <span class='ocrx_word' id='word_1_247' title='bbox 962 1589 999 1615; x_wconf 87' lang='grc' dir='ltr'>εῖ-</span> 
     </span>
    </p>
   </div>
   <div class='ocr_carea' id='block_1_32' title="bbox 204 1624 1032 1672">
    <p class='ocr_par' dir='ltr' id='par_1_32' title="bbox 204 1624 1032 1672">
     <span class='ocr_line' id='line_1_32' title="bbox 204 1624 1032 1672; baseline -0.004 -9"><span class='ocrx_word' id='word_1_248' title='bbox 204 1644 301 1672; x_wconf 78' lang='grc' dir='ltr'>πεομεν</span> <span class='ocrx_word' id='word_1_249' title='bbox 319 1635 367 1663; x_wconf 86' lang='grc' dir='ltr'><strong>δύο</strong></span> <span class='ocrx_word' id='word_1_250' title='bbox 386 1635 482 1671; x_wconf 79' lang='grc' dir='ltr'>φύσεις</span> <span class='ocrx_word' id='word_1_251' title='bbox 507 1635 592 1670; x_wconf 76' lang='grc' dir='ltr'>ἔχειν,</span> <span class='ocrx_word' id='word_1_252' title='bbox 618 1635 666 1662; x_wconf 78' lang='grc' dir='ltr'>καὶ</span> <span class='ocrx_word' id='word_1_253' title='bbox 681 1634 729 1671; x_wconf 81' lang='grc' dir='ltr'>τὴν</span> <span class='ocrx_word' id='word_1_254' title='bbox 747 1624 862 1670; x_wconf 84' lang='grc' dir='ltr'>θεότητα</span> <span class='ocrx_word' id='word_1_255' title='bbox 877 1635 942 1670; x_wconf 88' lang='grc' dir='ltr'>μίαν</span> <span class='ocrx_word' id='word_1_256' title='bbox 959 1632 996 1661; x_wconf 79' lang='grc' dir='ltr'><strong>εἴ·</strong></span> <span class='ocrx_word' id='word_1_257' title='bbox 1010 1624 1032 1655; x_wconf 80' lang='lat' dir='ltr'><strong>c</strong></span> 
     </span>
    </p>
   </div>
   <div class='ocr_carea' id='block_1_33' title="bbox 204 1680 997 1718">
    <p class='ocr_par' dir='ltr' id='par_1_33' title="bbox 204 1680 997 1718">
     <span class='ocr_line' id='line_1_33' title="bbox 204 1680 997 1718; baseline -0.005 -8"><span class='ocrx_word' id='word_1_258' title='bbox 204 1682 300 1714; x_wconf 79' lang='grc' dir='ltr'>ναι,οὑ</span> <span class='ocrx_word' id='word_1_259' title='bbox 316 1682 463 1716; x_wconf 74' lang='grc' dir='ltr'>συνάγεται</span> <span class='ocrx_word' id='word_1_260' title='bbox 474 1682 542 1718; x_wconf 77' lang='grc' dir='ltr'>ὅπερ</span> <span class='ocrx_word' id='word_1_261' title='bbox 556 1681 683 1716; x_wconf 82' lang='grc' dir='ltr'>βούλεσθε</span> <span class='ocrx_word' id='word_1_262' title='bbox 700 1680 761 1708; x_wconf 81' lang='grc' dir='ltr'>καθ’</span> <span class='ocrx_word' id='word_1_263' title='bbox 777 1681 867 1716; x_wconf 88' lang='grc' dir='ltr'>ήμῶν.</span> <span class='ocrx_word' id='word_1_264' title='bbox 890 1681 927 1708; x_wconf 82' lang='grc' dir='ltr'><strong>Οὐ</strong></span> <span class='ocrx_word' id='word_1_265' title='bbox 943 1680 997 1716; x_wconf 83' lang='grc' dir='ltr'><strong>γὰρ</strong></span> 
     </span>
    </p>
   </div>
   <div class='ocr_carea' id='block_1_34' title="bbox 205 1726 998 1764">
    <p class='ocr_par' dir='ltr' id='par_1_34' title="bbox 205 1726 998 1764">
     <span class='ocr_line' id='line_1_34' title="bbox 205 1726 998 1764; baseline -0.004 -8"><span class='ocrx_word' id='word_1_266' title='bbox 205 1728 334 1762; x_wconf 69' lang='grc' dir='ltr'><strong>ι·-ταῦθα,</strong></span> <span class='ocrx_word' id='word_1_267' title='bbox 359 1729 442 1764; x_wconf 73' lang='grc' dir='ltr'>ἤγουν</span> <span class='ocrx_word' id='word_1_268' title='bbox 457 1727 505 1755; x_wconf 75' lang='grc' dir='ltr'><strong>ἐπὶ</strong></span> <span class='ocrx_word' id='word_1_269' title='bbox 522 1728 570 1754; x_wconf 81' lang='grc' dir='ltr'>τοῦ</span> <span class='ocrx_word' id='word_1_270' title='bbox 593 1728 696 1763; x_wconf 80' lang='grc' dir='ltr'>Κυρίου</span> <span class='ocrx_word' id='word_1_271' title='bbox 713 1727 793 1762; x_wconf 83' lang='grc' dir='ltr'>ἡμῶν</span> <span class='ocrx_word' id='word_1_272' title='bbox 816 1726 904 1762; x_wconf 82' lang='grc' dir='ltr'><strong>Ἰησοῦ</strong></span> <span class='ocrx_word' id='word_1_273' title='bbox 929 1727 998 1762; x_wconf 85' lang='grc' dir='ltr'>Χρι-</span> 
     </span>
    </p>
   </div>
   <div class='ocr_carea' id='block_1_35' title="bbox 206 1773 998 1810">
    <p class='ocr_par' dir='ltr' id='par_1_35' title="bbox 206 1773 998 1810">
     <span class='ocr_line' id='line_1_35' title="bbox 206 1773 998 1810; baseline -0.004 -8"><span class='ocrx_word' id='word_1_274' title='bbox 206 1774 270 1803; x_wconf 76' lang='grc' dir='ltr'>στοῦ</span> <span class='ocrx_word' id='word_1_275' title='bbox 283 1775 319 1802; x_wconf 82' lang='grc' dir='ltr'>τὰ</span> <span class='ocrx_word' id='word_1_276' title='bbox 342 1775 412 1810; x_wconf 80' lang='grc' dir='ltr'>μέρη</span> <span class='ocrx_word' id='word_1_277' title='bbox 434 1774 489 1801; x_wconf 87' lang='grc' dir='ltr'><strong>τῶν</strong></span> <span class='ocrx_word' id='word_1_278' title='bbox 505 1773 596 1810; x_wconf 86' lang='grc' dir='ltr'>μερῶν</span> <span class='ocrx_word' id='word_1_279' title='bbox 610 1774 651 1800; x_wconf 84' lang='grc' dir='ltr'>δεῖ</span> <span class='ocrx_word' id='word_1_280' title='bbox 672 1774 793 1806; x_wconf 76' lang='grc' dir='ltr'>σκοπεῖν,</span> <span class='ocrx_word' id='word_1_281' title='bbox 811 1773 870 1808; x_wconf 74' lang='grc' dir='ltr'>ἦτοι</span> <span class='ocrx_word' id='word_1_282' title='bbox 888 1773 938 1808; x_wconf 83' lang='grc' dir='ltr'>τῆς</span> <span class='ocrx_word' id='word_1_283' title='bbox 950 1773 998 1800; x_wconf 85' lang='grc' dir='ltr'>ἀν-</span> 
     </span>
    </p>
   </div>
   <div class='ocr_carea' id='block_1_36' title="bbox 210 1818 999 1857">
    <p class='ocr_par' dir='ltr' id='par_1_36' title="bbox 210 1818 999 1857">
     <span class='ocr_line' id='line_1_36' title="bbox 210 1818 999 1857; baseline -0.006 -8"><span class='ocrx_word' id='word_1_284' title='bbox 210 1821 386 1857; x_wconf 79' lang='grc' dir='ltr'>θρωπότητος</span> <span class='ocrx_word' id='word_1_285' title='bbox 401 1821 433 1848; x_wconf 84' lang='grc' dir='ltr'><strong>τὺ</strong></span> <span class='ocrx_word' id='word_1_286' title='bbox 446 1821 527 1856; x_wconf 84' lang='grc' dir='ltr'>σῶμα</span> <span class='ocrx_word' id='word_1_287' title='bbox 547 1821 595 1847; x_wconf 79' lang='grc' dir='ltr'>καὶ</span> <span class='ocrx_word' id='word_1_288' title='bbox 611 1820 660 1854; x_wconf 85' lang='grc' dir='ltr'>τὴν</span> <span class='ocrx_word' id='word_1_289' title='bbox 669 1819 769 1855; x_wconf 83' lang='grc' dir='ltr'>ψυχὴν,</span> <span class='ocrx_word' id='word_1_290' title='bbox 785 1818 853 1846; x_wconf 83' lang='grc' dir='ltr'><strong>ἀλλά</strong></span> <span class='ocrx_word' id='word_1_291' title='bbox 868 1819 903 1846; x_wconf 77' lang='grc' dir='ltr'><strong>τὰ</strong></span> <span class='ocrx_word' id='word_1_292' title='bbox 912 1827 999 1855; x_wconf 83' lang='grc' dir='ltr'>προσ-</span> 
     </span>
    </p>
   </div>
   <div class='ocr_carea' id='block_1_37' title="bbox 207 1864 999 1905">
    <p class='ocr_par' dir='ltr' id='par_1_37' title="bbox 207 1864 999 1905">
     <span class='ocr_line' id='line_1_37' title="bbox 207 1864 999 1905; baseline -0.005 -10"><span class='ocrx_word' id='word_1_293' title='bbox 207 1868 279 1905; x_wconf 82' lang='grc' dir='ltr'>εχῶς</span> <span class='ocrx_word' id='word_1_294' title='bbox 309 1867 356 1895; x_wconf 75' lang='grc' dir='ltr'>καὶ</span> <span class='ocrx_word' id='word_1_295' title='bbox 371 1867 481 1903; x_wconf 79' lang='grc' dir='ltr'>ἀμέσως</span> <span class='ocrx_word' id='word_1_296' title='bbox 504 1866 680 1899; x_wconf 76' lang='grc' dir='ltr'>συντεθέντα,</span> <span class='ocrx_word' id='word_1_297' title='bbox 708 1865 825 1900; x_wconf 81' lang='grc' dir='ltr'>Θεότητά.</span> <span class='ocrx_word' id='word_1_298' title='bbox 852 1874 924 1900; x_wconf 80' lang='grc' dir='ltr'>φημι</span> <span class='ocrx_word' id='word_1_299' title='bbox 953 1864 999 1892; x_wconf 80' lang='grc' dir='ltr'>καὶ</span> 
     </span>
    </p>
   </div>
   <div class='ocr_carea' id='block_1_38' title="bbox 207 1909 999 1949">
    <p class='ocr_par' dir='ltr' id='par_1_38' title="bbox 207 1909 999 1949">
     <span class='ocr_line' id='line_1_38' title="bbox 207 1909 999 1949; baseline -0.004 -9"><span class='ocrx_word' id='word_1_300' title='bbox 207 1911 415 1949; x_wconf 76' lang='grc' dir='ltr'>ἁνθρωπότητα.</span> <span class='ocrx_word' id='word_1_301' title='bbox 430 1912 462 1939; x_wconf 80' lang='lat' dir='ltr'><strong>El</strong></span> <span class='ocrx_word' id='word_1_302' title='bbox 476 1913 530 1947; x_wconf 76' lang='grc' dir='ltr'><strong>γὰρ</strong></span> <span class='ocrx_word' id='word_1_303' title='bbox 554 1912 603 1938; x_wconf 65' lang='grc' dir='ltr'><strong>καὶ¹</strong></span> <span class='ocrx_word' id='word_1_304' title='bbox 626 1910 674 1937; x_wconf 88' lang='grc' dir='ltr'><strong>δύο</strong></span> <span class='ocrx_word' id='word_1_305' title='bbox 691 1910 787 1945; x_wconf 83' lang='grc' dir='ltr'>φύσεις</span> <span class='ocrx_word' id='word_1_306' title='bbox 803 1909 877 1945; x_wconf 72' lang='grc' dir='ltr'>ἔχειν</span> <span class='ocrx_word' id='word_1_307' title='bbox 892 1911 938 1937; x_wconf 71' lang='grc' dir='ltr'><strong>τὸν</strong></span> <span class='ocrx_word' id='word_1_308' title='bbox 951 1909 999 1937; x_wconf 78' lang='grc' dir='ltr'>ἀν-</span> 
     </span>
    </p>
   </div>
   <div class='ocr_carea' id='block_1_39' title="bbox 208 1955 1000 1995">
    <p class='ocr_par' dir='ltr' id='par_1_39' title="bbox 208 1955 1000 1995">
     <span class='ocr_line' id='line_1_39' title="bbox 208 1955 1000 1995; baseline -0.005 -9"><span class='ocrx_word' id='word_1_309' title='bbox 208 1960 317 1995; x_wconf 73' lang='grc' dir='ltr'>θρωπον</span> <span class='ocrx_word' id='word_1_310' title='bbox 329 1960 409 1994; x_wconf 79' lang='grc' dir='ltr'>ἡμεῖς</span> <span class='ocrx_word' id='word_1_311' title='bbox 426 1958 563 1992; x_wconf 80' lang='grc' dir='ltr'>λέγοντες,</span> <span class='ocrx_word' id='word_1_312' title='bbox 582 1956 643 1983; x_wconf 74' lang='grc' dir='ltr'>καθ’</span> <span class='ocrx_word' id='word_1_313' title='bbox 658 1957 741 1992; x_wconf 81' lang='grc' dir='ltr'>ὑμᾶς,</span> <span class='ocrx_word' id='word_1_314' title='bbox 755 1957 830 1991; x_wconf 86' lang='grc' dir='ltr'>τρεῖς</span> <span class='ocrx_word' id='word_1_315' title='bbox 847 1955 943 1989; x_wconf 81' lang='grc' dir='ltr'>φύσεις</span> <span class='ocrx_word' id='word_1_316' title='bbox 954 1955 1000 1982; x_wconf 68' lang='grc' dir='ltr'><strong>ἐπὶ</strong></span> 
     </span>
    </p>
   </div>
   <div class='ocr_carea' id='block_1_40' title="bbox 207 2001 1000 2042">
    <p class='ocr_par' dir='ltr' id='par_1_40' title="bbox 207 2001 1000 2042">
     <span class='ocr_line' id='line_1_40' title="bbox 207 2001 1000 2042; baseline -0.008 -8"><span class='ocrx_word' id='word_1_317' title='bbox 207 2005 327 2042; x_wconf 77' lang='grc' dir='ltr'>Χριστοῦ</span> <span class='ocrx_word' id='word_1_318' title='bbox 338 2005 428 2040; x_wconf 67' lang='grc' dir='ltr'>λέγειν</span> <span class='ocrx_word' id='word_1_319' title='bbox 444 2002 724 2038; x_wconf 75' lang='grc' dir='ltr'>ἀναγκασθησόμεθα,</span> <span class='ocrx_word' id='word_1_320' title='bbox 741 2002 789 2029; x_wconf 77' lang='grc' dir='ltr'>καὶ</span> <span class='ocrx_word' id='word_1_321' title='bbox 802 2002 881 2037; x_wconf 80' lang='grc' dir='ltr'><strong>ὑμεῖς</strong></span> <span class='ocrx_word' id='word_1_322' title='bbox 898 2001 953 2037; x_wconf 76' lang='grc' dir='ltr'>ἄρα</span> <span class='ocrx_word' id='word_1_323' title='bbox 968 2002 1000 2029; x_wconf 80' lang='grc' dir='ltr'>ὲκ</span> 
     </span>
    </p>
   </div>
   <div class='ocr_carea' id='block_1_41' title="bbox 208 2047 999 2088">
    <p class='ocr_par' dir='ltr' id='par_1_41' title="bbox 208 2047 999 2088">
     <span class='ocr_line' id='line_1_41' title="bbox 208 2047 999 2088; baseline -0.009 -7"><span class='ocrx_word' id='word_1_324' title='bbox 208 2053 254 2081; x_wconf 70' lang='grc' dir='ltr'><strong>δύο</strong></span> <span class='ocrx_word' id='word_1_325' title='bbox 265 2054 372 2088; x_wconf 79' lang='grc' dir='ltr'>φύσεων</span> <span class='ocrx_word' id='word_1_326' title='bbox 387 2052 434 2079; x_wconf 85' lang='grc' dir='ltr'>τδν</span> <span class='ocrx_word' id='word_1_327' title='bbox 445 2051 588 2086; x_wconf 74' lang='grc' dir='ltr'>ἄνθρωπον</span> <span class='ocrx_word' id='word_1_328' title='bbox 601 2049 738 2082; x_wconf 80' lang='grc' dir='ltr'>λέγοντες,</span> <span class='ocrx_word' id='word_1_329' title='bbox 754 2050 778 2076; x_wconf 83' lang='grc' dir='ltr'><strong>εῖ</strong></span> <span class='ocrx_word' id='word_1_330' title='bbox 792 2049 839 2076; x_wconf 76' lang='grc' dir='ltr'>καὶ</span> <span class='ocrx_word' id='word_1_331' title='bbox 854 2048 891 2084; x_wconf 87' lang='grc' dir='ltr'>μὴ</span> <span class='ocrx_word' id='word_1_332' title='bbox 907 2048 964 2079; x_wconf 85' lang='grc' dir='ltr'>δύο,</span> <span class='ocrx_word' id='word_1_333' title='bbox 982 2047 999 2083; x_wconf 71' lang='grc' dir='ltr'>ἢ</span> 
     </span>
    </p>
   </div>
   <div class='ocr_carea' id='block_1_42' title="bbox 209 2092 1001 2133">
    <p class='ocr_par' dir='ltr' id='par_1_42' title="bbox 209 2092 1001 2133">
     <span class='ocr_line' id='line_1_42' title="bbox 209 2092 1001 2133; baseline -0.01 -6"><span class='ocrx_word' id='word_1_334' title='bbox 209 2101 238 2127; x_wconf 78' lang='grc' dir='ltr'>ὲν</span> <span class='ocrx_word' id='word_1_335' title='bbox 253 2099 310 2131; x_wconf 76' lang='grc' dir='ltr'>δύο,</span> <span class='ocrx_word' id='word_1_336' title='bbox 327 2098 395 2126; x_wconf 85' lang='grc' dir='ltr'><strong>ἀλλά</strong></span> <span class='ocrx_word' id='word_1_337' title='bbox 412 2097 475 2133; x_wconf 85' lang='grc' dir='ltr'>μίαν</span> <span class='ocrx_word' id='word_1_338' title='bbox 490 2095 572 2131; x_wconf 86' lang='grc' dir='ltr'>φύσιν</span> <span class='ocrx_word' id='word_1_339' title='bbox 583 2093 655 2122; x_wconf 73' lang='grc' dir='ltr'>εἶναι</span> <span class='ocrx_word' id='word_1_340' title='bbox 674 2094 809 2129; x_wconf 84' lang='grc' dir='ltr'>λέγοντες,</span> <span class='ocrx_word' id='word_1_341' title='bbox 823 2093 882 2121; x_wconf 82' lang='grc' dir='ltr'>ἀλλ’</span> <span class='ocrx_word' id='word_1_342' title='bbox 898 2092 945 2120; x_wconf 82' lang='grc' dir='ltr'>οὖν</span> <span class='ocrx_word' id='word_1_343' title='bbox 968 2092 1001 2119; x_wconf 84' lang='grc' dir='ltr'>ὲκ</span> 
     </span>
    </p>
   </div>
   <div class='ocr_carea' id='block_1_43' title="bbox 209 2139 1001 2182">
    <p class='ocr_par' dir='ltr' id='par_1_43' title="bbox 209 2139 1001 2182">
     <span class='ocr_line' id='line_1_43' title="bbox 209 2139 1001 2182; baseline -0.01 -9"><span class='ocrx_word' id='word_1_344' title='bbox 209 2144 292 2182; x_wconf 84' lang='grc' dir='ltr'>τριῶν</span> <span class='ocrx_word' id='word_1_345' title='bbox 309 2144 416 2180; x_wconf 75' lang='grc' dir='ltr'>φύσεων</span> <span class='ocrx_word' id='word_1_346' title='bbox 433 2143 478 2170; x_wconf 80' lang='grc' dir='ltr'>τὸν</span> <span class='ocrx_word' id='word_1_347' title='bbox 493 2142 611 2178; x_wconf 79' lang='grc' dir='ltr'>Χριστὸν</span> <span class='ocrx_word' id='word_1_348' title='bbox 626 2140 827 2176; x_wconf 84' lang='grc' dir='ltr'>δογματισοιτε.</span> <span class='ocrx_word' id='word_1_349' title='bbox 844 2139 900 2167; x_wconf 75' lang='grc' dir='ltr'><strong>Καὶ</strong></span> <span class='ocrx_word' id='word_1_350' title='bbox 914 2139 1001 2171; x_wconf 78' lang='grc' dir='ltr'>οὕτως</span> 
     </span>
    </p>
   </div>
   <div class='ocr_carea' id='block_1_44' title="bbox 210 2185 1003 2228">
    <p class='ocr_par' dir='ltr' id='par_1_44' title="bbox 210 2185 1003 2228">
     <span class='ocr_line' id='line_1_44' title="bbox 210 2185 1003 2228; baseline -0.009 -9"><span class='ocrx_word' id='word_1_351' title='bbox 210 2189 450 2228; x_wconf 79' lang='grc' dir='ltr'>περιτραπήσεσθε</span> <span class='ocrx_word' id='word_1_352' title='bbox 465 2189 498 2216; x_wconf 77' lang='grc' dir='ltr'>ὲκ</span> <span class='ocrx_word' id='word_1_353' title='bbox 508 2188 554 2215; x_wconf 85' lang='grc' dir='ltr'>τοῦ</span> <span class='ocrx_word' id='word_1_354' title='bbox 570 2188 646 2223; x_wconf 79' lang='grc' dir='ltr'>ὑμῶν</span> <span class='ocrx_word' id='word_1_355' title='bbox 660 2187 752 2222; x_wconf 85' lang='grc' dir='ltr'>λόγου.</span> <span class='ocrx_word' id='word_1_356' title='bbox 770 2186 851 2214; x_wconf 84' lang='grc' dir='ltr'>’Δλλά</span> <span class='ocrx_word' id='word_1_357' title='bbox 862 2185 941 2213; x_wconf 83' lang='grc' dir='ltr'>τοῦτο</span> <span class='ocrx_word' id='word_1_358' title='bbox 952 2185 1003 2212; x_wconf 86' lang='grc' dir='ltr'>οὐκ</span> 
     </span>
    </p>
   </div>
   <div class='ocr_carea' id='block_1_45' title="bbox 209 2231 1002 2271">
    <p class='ocr_par' dir='ltr' id='par_1_45' title="bbox 209 2231 1002 2271">
     <span class='ocr_line' id='line_1_45' title="bbox 209 2231 1002 2271; baseline -0.01 -5"><span class='ocrx_word' id='word_1_359' title='bbox 209 2237 295 2266; x_wconf 73' lang='grc' dir='ltr'>ιστιν.</span> <span class='ocrx_word' id='word_1_360' title='bbox 311 2236 368 2264; x_wconf 77' lang='grc' dir='ltr'><strong>οὐκ</strong></span> <span class='ocrx_word' id='word_1_361' title='bbox 383 2237 436 2271; x_wconf 83' lang='grc' dir='ltr'><strong>ἀρα</strong></span> <span class='ocrx_word' id='word_1_362' title='bbox 448 2236 494 2263; x_wconf 86' lang='grc' dir='ltr'><strong>δύο</strong></span> <span class='ocrx_word' id='word_1_363' title='bbox 508 2234 604 2270; x_wconf 82' lang='grc' dir='ltr'>φύσεις</span> <span class='ocrx_word' id='word_1_364' title='bbox 617 2234 690 2269; x_wconf 73' lang='grc' dir='ltr'>ἔχειν</span> <span class='ocrx_word' id='word_1_365' title='bbox 707 2233 790 2269; x_wconf 85' lang='grc' dir='ltr'>ἡμεῖς</span> <span class='ocrx_word' id='word_1_366' title='bbox 811 2231 937 2267; x_wconf 78' lang='grc' dir='ltr'>λέγοντες</span> <span class='ocrx_word' id='word_1_367' title='bbox 956 2231 1002 2259; x_wconf 81' lang='grc' dir='ltr'>τὸν</span> 
     </span>
    </p>
   </div>
   <div class='ocr_carea' id='block_1_46' title="bbox 198 2278 1041 2328">
    <p class='ocr_par' dir='ltr' id='par_1_46' title="bbox 198 2278 1041 2328">
     <span class='ocr_line' id='line_1_46' title="bbox 198 2278 1041 2328; baseline -0.011 -15"><span class='ocrx_word' id='word_1_368' title='bbox 198 2285 339 2320; x_wconf 35' lang='grc' dir='ltr'>νΧριστδν,</span> <span class='ocrx_word' id='word_1_369' title='bbox 359 2283 410 2311; x_wconf 75' lang='grc' dir='ltr'>κᾶν</span> <span class='ocrx_word' id='word_1_370' title='bbox 424 2283 470 2310; x_wconf 84' lang='grc' dir='ltr'><strong>δύο</strong></span> <span class='ocrx_word' id='word_1_371' title='bbox 493 2282 588 2328; x_wconf 79' lang='grc' dir='ltr'>φύσεις</span> <span class='ocrx_word' id='word_1_372' title='bbox 604 2280 678 2316; x_wconf 69' lang='grc' dir='ltr'>ἔχειν</span> <span class='ocrx_word' id='word_1_373' title='bbox 693 2280 739 2307; x_wconf 79' lang='grc' dir='ltr'>τὸν</span> <span class='ocrx_word' id='word_1_374' title='bbox 752 2279 898 2315; x_wconf 80' lang='grc' dir='ltr'>ἄνθρωπον</span> <span class='ocrx_word' id='word_1_375' title='bbox 914 2278 1001 2313; x_wconf 82' lang='grc' dir='ltr'>λέγω·</span> <span class='ocrx_word' id='word_1_376' title='bbox 1019 2299 1041 2328; x_wconf 74' lang='lat' dir='ltr'><strong>D</strong></span> 
     </span>
    </p>
   </div>
   <div class='ocr_carea' id='block_1_47' title="bbox 212 2324 1003 2367">
    <p class='ocr_par' dir='ltr' id='par_1_47' title="bbox 212 2324 1003 2367">
     <span class='ocr_line' id='line_1_47' title="bbox 212 2324 1003 2367; baseline -0.009 -10"><span class='ocrx_word' id='word_1_377' title='bbox 212 2339 274 2367; x_wconf 78' lang='grc' dir='ltr'>μεν,</span> <span class='ocrx_word' id='word_1_378' title='bbox 291 2329 322 2357; x_wconf 71' lang='grc' dir='ltr'><strong>τὸ</strong></span> <span class='ocrx_word' id='word_1_379' title='bbox 344 2330 419 2365; x_wconf 87' lang='grc' dir='ltr'>τρεῖς</span> <span class='ocrx_word' id='word_1_380' title='bbox 431 2327 492 2355; x_wconf 62' lang='grc' dir='ltr'>καίν’</span> <span class='ocrx_word' id='word_1_381' title='bbox 504 2327 583 2363; x_wconf 85' lang='grc' dir='ltr'>ἡμῶν</span> <span class='ocrx_word' id='word_1_382' title='bbox 596 2326 752 2362; x_wconf 83' lang='grc' dir='ltr'>συναχθείη.</span> <span class='ocrx_word' id='word_1_383' title='bbox 770 2324 826 2352; x_wconf 75' lang='grc' dir='ltr'><strong>Καὶ</strong></span> <span class='ocrx_word' id='word_1_384' title='bbox 848 2324 937 2356; x_wconf 79' lang='grc' dir='ltr'>ἄλλως</span> <span class='ocrx_word' id='word_1_385' title='bbox 962 2324 1003 2355; x_wconf 84' lang='grc' dir='ltr'><strong>είς</strong></span> 
     </span>
    </p>
   </div>
   <div class='ocr_carea' id='block_1_48' title="bbox 211 2368 1002 2408">
    <p class='ocr_par' dir='ltr' id='par_1_48' title="bbox 211 2368 1002 2408">
     <span class='ocr_line' id='line_1_48' title="bbox 211 2368 1002 2408; baseline -0.011 -5"><span class='ocrx_word' id='word_1_386' title='bbox 211 2376 242 2404; x_wconf 73' lang='grc' dir='ltr'><strong>τὸ</strong></span> <span class='ocrx_word' id='word_1_387' title='bbox 255 2375 331 2402; x_wconf 78' lang='grc' dir='ltr'>αὑτό·</span> <span class='ocrx_word' id='word_1_388' title='bbox 353 2375 383 2402; x_wconf 88' lang='lat'><strong>&#39;0</strong></span> <span class='ocrx_word' id='word_1_389' title='bbox 398 2374 541 2408; x_wconf 76' lang='grc' dir='ltr'>ἄνθρωπος</span> <span class='ocrx_word' id='word_1_390' title='bbox 571 2371 588 2408; x_wconf 87' lang='grc' dir='ltr'>ἢ</span> <span class='ocrx_word' id='word_1_391' title='bbox 612 2371 728 2399; x_wconf 77' lang='grc' dir='ltr'>καθόλου</span> <span class='ocrx_word' id='word_1_392' title='bbox 746 2370 831 2403; x_wconf 71' lang='grc' dir='ltr'>ἐστὶν,</span> <span class='ocrx_word' id='word_1_393' title='bbox 854 2369 871 2405; x_wconf 84' lang='grc' dir='ltr'>ἦ</span> <span class='ocrx_word' id='word_1_394' title='bbox 889 2369 936 2395; x_wconf 77' lang='grc' dir='ltr'><strong>ἐπὶ</strong></span> <span class='ocrx_word' id='word_1_395' title='bbox 953 2368 1002 2404; x_wconf 84' lang='grc' dir='ltr'><strong>μέ-</strong></span> 
     </span>
    </p>
   </div>
   <div class='ocr_carea' id='block_1_49' title="bbox 214 2415 1003 2457">
    <p class='ocr_par' dir='ltr' id='par_1_49' title="bbox 214 2415 1003 2457">
     <span class='ocr_line' id='line_1_49' title="bbox 214 2415 1003 2457; baseline -0.009 -9"><span class='ocrx_word' id='word_1_396' title='bbox 214 2429 286 2457; x_wconf 81' lang='grc' dir='ltr'>ρους,</span> <span class='ocrx_word' id='word_1_397' title='bbox 303 2420 387 2456; x_wconf 78' lang='grc' dir='ltr'>ἡγουν</span> <span class='ocrx_word' id='word_1_398' title='bbox 402 2420 416 2447; x_wconf 84' lang='grc' dir='ltr'><strong>ὁ</strong></span> <span class='ocrx_word' id='word_1_399' title='bbox 431 2418 599 2450; x_wconf 75' lang='grc' dir='ltr'>καθεκαστα,</span> <span class='ocrx_word' id='word_1_400' title='bbox 613 2417 671 2444; x_wconf 81' lang='grc' dir='ltr'>ἀλλ’</span> <span class='ocrx_word' id='word_1_401' title='bbox 686 2417 727 2444; x_wconf 80' lang='grc' dir='ltr'>ὅτι</span> <span class='ocrx_word' id='word_1_402' title='bbox 753 2416 802 2451; x_wconf 77' lang='grc' dir='ltr'>μὲν</span> <span class='ocrx_word' id='word_1_403' title='bbox 813 2416 828 2442; x_wconf 78' lang='grc' dir='ltr'>ὁ</span> <span class='ocrx_word' id='word_1_404' title='bbox 846 2415 1003 2442; x_wconf 80' lang='grc' dir='ltr'>καθέκαστα</span> 
     </span>
    </p>
   </div>
   <div class='ocr_carea' id='block_1_50' title="bbox 212 2459 1004 2501">
    <p class='ocr_par' dir='ltr' id='par_1_50' title="bbox 212 2459 1004 2501">
     <span class='ocr_line' id='line_1_50' title="bbox 212 2459 1004 2501; baseline -0.011 -7"><span class='ocrx_word' id='word_1_405' title='bbox 212 2466 298 2494; x_wconf 80' lang='grc' dir='ltr'>ἐκδύο</span> <span class='ocrx_word' id='word_1_406' title='bbox 308 2465 416 2501; x_wconf 79' lang='grc' dir='ltr'>φύσεων</span> <span class='ocrx_word' id='word_1_407' title='bbox 424 2465 578 2498; x_wconf 85' lang='grc' dir='ltr'>σύγκειται,</span> <span class='ocrx_word' id='word_1_408' title='bbox 588 2462 714 2497; x_wconf 77' lang='grc' dir='ltr'>σώματος</span> <span class='ocrx_word' id='word_1_409' title='bbox 727 2469 766 2493; x_wconf 85' lang='grc' dir='ltr'><strong>τε,</strong></span> <span class='ocrx_word' id='word_1_410' title='bbox 781 2469 818 2496; x_wconf 88' lang='grc' dir='ltr'>φη</span> <span class='ocrx_word' id='word_1_411' title='bbox 823 2459 864 2495; x_wconf 76' lang='grc' dir='ltr'>μὶ,</span> <span class='ocrx_word' id='word_1_412' title='bbox 877 2459 925 2486; x_wconf 80' lang='grc' dir='ltr'>καὶ</span> <span class='ocrx_word' id='word_1_413' title='bbox 935 2459 1004 2486; x_wconf 86' lang='grc' dir='ltr'>ἀσω-</span> 
     </span>
    </p>
   </div>
   <div class='ocr_carea' id='block_1_51' title="bbox 214 2505 1003 2547">
    <p class='ocr_par' dir='ltr' id='par_1_51' title="bbox 214 2505 1003 2547">
     <span class='ocr_line' id='line_1_51' title="bbox 214 2505 1003 2547; baseline -0.011 -8"><span class='ocrx_word' id='word_1_414' title='bbox 214 2513 313 2547; x_wconf 75' lang='grc' dir='ltr'>μάτου,</span> <span class='ocrx_word' id='word_1_415' title='bbox 328 2510 415 2543; x_wconf 77' lang='grc' dir='ltr'>οὐδεὶς</span> <span class='ocrx_word' id='word_1_416' title='bbox 430 2509 486 2537; x_wconf 90' lang='grc' dir='ltr'><strong>τῶν</strong></span> <span class='ocrx_word' id='word_1_417' title='bbox 503 2507 532 2536; x_wconf 78' lang='grc' dir='ltr'>εὖ</span> <span class='ocrx_word' id='word_1_418' title='bbox 541 2508 651 2535; x_wconf 81' lang='grc' dir='ltr'>ειδότων</span> <span class='ocrx_word' id='word_1_419' title='bbox 665 2506 770 2542; x_wconf 85' lang='grc' dir='ltr'>κρίνειν</span> <span class='ocrx_word' id='word_1_420' title='bbox 797 2507 926 2540; x_wconf 81' lang='grc' dir='ltr'>ἀντερεῖ·</span> <span class='ocrx_word' id='word_1_421' title='bbox 942 2505 1003 2531; x_wconf 79' lang='grc' dir='ltr'><strong>οὐδὲ</strong></span> 
     </span>
    </p>
   </div>
   <div class='ocr_carea' id='block_1_52' title="bbox 213 2551 1003 2594">
    <p class='ocr_par' dir='ltr' id='par_1_52' title="bbox 213 2551 1003 2594">
     <span class='ocr_line' id='line_1_52' title="bbox 213 2551 1003 2594; baseline -0.011 -8"><span class='ocrx_word' id='word_1_422' title='bbox 213 2558 268 2594; x_wconf 76' lang='grc' dir='ltr'><strong>γὰρ</strong></span> <span class='ocrx_word' id='word_1_423' title='bbox 283 2557 313 2585; x_wconf 75' lang='grc' dir='ltr'>τὸ</span> <span class='ocrx_word' id='word_1_424' title='bbox 328 2556 409 2593; x_wconf 84' lang='grc' dir='ltr'>σῶμα</span> <span class='ocrx_word' id='word_1_425' title='bbox 420 2556 565 2589; x_wconf 81' lang='grc' dir='ltr'>ἀθάνατον,</span> <span class='ocrx_word' id='word_1_426' title='bbox 591 2554 661 2582; x_wconf 84' lang='grc' dir='ltr'><strong>ἀλλά</strong></span> <span class='ocrx_word' id='word_1_427' title='bbox 675 2553 805 2589; x_wconf 71' lang='grc' dir='ltr'>φθαρτὸν,</span> <span class='ocrx_word' id='word_1_428' title='bbox 824 2552 884 2579; x_wconf 80' lang='grc' dir='ltr'>οὐδὲ</span> <span class='ocrx_word' id='word_1_429' title='bbox 899 2552 916 2588; x_wconf 77' lang='grc' dir='ltr'>ἡ</span> <span class='ocrx_word' id='word_1_430' title='bbox 929 2551 1003 2586; x_wconf 81' lang='grc' dir='ltr'>ψυχὴ</span> 
     </span>
    </p>
   </div>
   <div class='ocr_carea' id='block_1_53' title="bbox 213 2597 1003 2640">
    <p class='ocr_par' dir='ltr' id='par_1_53' title="bbox 213 2597 1003 2640">
     <span class='ocr_line' id='line_1_53' title="bbox 213 2597 1003 2640; baseline -0.011 -8"><span class='ocrx_word' id='word_1_431' title='bbox 213 2603 308 2640; x_wconf 73' lang='grc' dir='ltr'>θνητὴ,</span> <span class='ocrx_word' id='word_1_432' title='bbox 319 2603 378 2632; x_wconf 84' lang='grc' dir='ltr'>ἀλλ’</span> <span class='ocrx_word' id='word_1_433' title='bbox 391 2602 534 2634; x_wconf 84' lang='grc' dir='ltr'>ἀθάνατος,</span> <span class='ocrx_word' id='word_1_434' title='bbox 548 2601 609 2628; x_wconf 78' lang='grc' dir='ltr'>οὐδὲ</span> <span class='ocrx_word' id='word_1_435' title='bbox 622 2600 653 2627; x_wconf 82' lang='grc' dir='ltr'><strong>τὺ</strong></span> <span class='ocrx_word' id='word_1_436' title='bbox 670 2600 751 2635; x_wconf 81' lang='grc' dir='ltr'>σῶμα</span> <span class='ocrx_word' id='word_1_437' title='bbox 767 2599 895 2634; x_wconf 82' lang='grc' dir='ltr'>ἀόρατον,</span> <span class='ocrx_word' id='word_1_438' title='bbox 911 2597 971 2624; x_wconf 80' lang='grc' dir='ltr'>οὐδὲ</span> <span class='ocrx_word' id='word_1_439' title='bbox 986 2598 1003 2632; x_wconf 80' lang='grc' dir='ltr'>ἡ</span> 
     </span>
    </p>
   </div>
   <div class='ocr_carea' id='block_1_54' title="bbox 212 2644 1004 2686">
    <p class='ocr_par' dir='ltr' id='par_1_54' title="bbox 212 2644 1004 2686">
     <span class='ocr_line' id='line_1_54' title="bbox 212 2644 1004 2686; baseline -0.01 -8"><span class='ocrx_word' id='word_1_440' title='bbox 212 2651 286 2686; x_wconf 77' lang='grc' dir='ltr'>ψυχὴ</span> <span class='ocrx_word' id='word_1_441' title='bbox 306 2651 473 2686; x_wconf 80' lang='grc' dir='ltr'>σωματικοῖς</span> <span class='ocrx_word' id='word_1_442' title='bbox 488 2648 638 2684; x_wconf 82' lang='grc' dir='ltr'>ὀφθαλμοῖς</span> <span class='ocrx_word' id='word_1_443' title='bbox 654 2647 822 2682; x_wconf 70' lang='grc' dir='ltr'>καθορᾶται·</span> <span class='ocrx_word' id='word_1_444' title='bbox 840 2644 899 2672; x_wconf 80' lang='grc' dir='ltr'>ἀλλ’</span> <span class='ocrx_word' id='word_1_445' title='bbox 921 2645 938 2680; x_wconf 84' lang='grc' dir='ltr'><strong>ἡ</strong></span> <span class='ocrx_word' id='word_1_446' title='bbox 955 2644 1004 2680; x_wconf 82' lang='grc' dir='ltr'>μὲν</span> 
     </span>
    </p>
   </div>
   <div class='ocr_carea' id='block_1_55' title="bbox 213 2689 1005 2732">
    <p class='ocr_par' dir='ltr' id='par_1_55' title="bbox 213 2689 1005 2732">
     <span class='ocr_line' id='line_1_55' title="bbox 213 2689 1005 2732; baseline -0.009 -8"><span class='ocrx_word' id='word_1_447' title='bbox 213 2697 311 2732; x_wconf 80' lang='grc' dir='ltr'>λογικὴ</span> <span class='ocrx_word' id='word_1_448' title='bbox 325 2697 373 2724; x_wconf 81' lang='grc' dir='ltr'>καὶ</span> <span class='ocrx_word' id='word_1_449' title='bbox 394 2695 488 2731; x_wconf 71' lang='grc' dir='ltr'>νοερὰ,</span> <span class='ocrx_word' id='word_1_450' title='bbox 515 2695 562 2722; x_wconf 73' lang='grc' dir='ltr'>καὶ</span> <span class='ocrx_word' id='word_1_451' title='bbox 587 2693 743 2728; x_wconf 84' lang='grc' dir='ltr'>ἀσώματος,</span> <span class='ocrx_word' id='word_1_452' title='bbox 767 2692 797 2718; x_wconf 84' lang='grc' dir='ltr'>τὸ</span> <span class='ocrx_word' id='word_1_453' title='bbox 820 2691 848 2718; x_wconf 81' lang='grc' dir='ltr'><strong>δὲ</strong></span> <span class='ocrx_word' id='word_1_454' title='bbox 866 2691 939 2726; x_wconf 80' lang='grc' dir='ltr'>παχὺ</span> <span class='ocrx_word' id='word_1_455' title='bbox 956 2689 1005 2718; x_wconf 82' lang='grc' dir='ltr'>καὶ</span> 
     </span>
    </p>
   </div>
   <div class='ocr_carea' id='block_1_56' title="bbox 213 2737 1004 2778">
    <p class='ocr_par' dir='ltr' id='par_1_56' title="bbox 213 2737 1004 2778">
     <span class='ocr_line' id='line_1_56' title="bbox 213 2737 1004 2778; baseline -0.01 -8"><span class='ocrx_word' id='word_1_456' title='bbox 213 2741 322 2778; x_wconf 78' lang='grc' dir='ltr'>ὁρατὸν,</span> <span class='ocrx_word' id='word_1_457' title='bbox 343 2742 392 2769; x_wconf 72' lang='grc' dir='ltr'>καὶ</span> <span class='ocrx_word' id='word_1_458' title='bbox 408 2741 503 2774; x_wconf 83' lang='grc' dir='ltr'>ἀπτδν,</span> <span class='ocrx_word' id='word_1_459' title='bbox 520 2740 551 2767; x_wconf 80' lang='grc' dir='ltr'>οὐ</span> <span class='ocrx_word' id='word_1_460' title='bbox 568 2739 633 2775; x_wconf 82' lang='grc' dir='ltr'>μιᾶς</span> <span class='ocrx_word' id='word_1_461' title='bbox 648 2739 677 2765; x_wconf 75' lang='grc' dir='ltr'><strong>δὲ</strong></span> <span class='ocrx_word' id='word_1_462' title='bbox 692 2737 800 2773; x_wconf 83' lang='grc' dir='ltr'>φύσεως</span> <span class='ocrx_word' id='word_1_463' title='bbox 822 2737 857 2764; x_wconf 62' lang='lat' dir='ltr'><strong>ea:</strong></span> <span class='ocrx_word' id='word_1_464' title='bbox 872 2737 1004 2764; x_wconf 87' lang='grc' dir='ltr'>ἀντιδιαι-</span> 
     </span>
    </p>
   </div>
   <div class='ocr_carea' id='block_1_57' title="bbox 215 2781 1005 2824">
    <p class='ocr_par' dir='ltr' id='par_1_57' title="bbox 215 2781 1005 2824">
     <span class='ocr_line' id='line_1_57' title="bbox 215 2781 1005 2824; baseline -0.009 -9"><span class='ocrx_word' id='word_1_465' title='bbox 215 2788 348 2824; x_wconf 78' lang='grc' dir='ltr'>ρούμενα·</span> <span class='ocrx_word' id='word_1_466' title='bbox 368 2787 400 2814; x_wconf 80' lang='grc' dir='ltr'><strong>οὐ</strong></span> <span class='ocrx_word' id='word_1_467' title='bbox 415 2788 481 2823; x_wconf 84' lang='grc' dir='ltr'>μιᾶς</span> <span class='ocrx_word' id='word_1_468' title='bbox 501 2786 555 2821; x_wconf 79' lang='grc' dir='ltr'>ἄρα</span> <span class='ocrx_word' id='word_1_469' title='bbox 569 2785 665 2817; x_wconf 83' lang='grc' dir='ltr'>οὐσίας</span> <span class='ocrx_word' id='word_1_470' title='bbox 679 2784 751 2820; x_wconf 75' lang='grc' dir='ltr'>ψυχὴ</span> <span class='ocrx_word' id='word_1_471' title='bbox 769 2783 814 2809; x_wconf 80' lang='grc' dir='ltr'><strong>καὶ</strong></span> <span class='ocrx_word' id='word_1_472' title='bbox 833 2783 922 2818; x_wconf 86' lang='grc' dir='ltr'>σῶμα.</span> <span class='ocrx_word' id='word_1_473' title='bbox 949 2781 1005 2809; x_wconf 74' lang='grc' dir='ltr'><strong>Καὶ</strong></span> 
     </span>
    </p>
   </div>
   <div class='ocr_carea' id='block_1_58' title="bbox 214 2829 1005 2869">
    <p class='ocr_par' dir='ltr' id='par_1_58' title="bbox 214 2829 1005 2869">
     <span class='ocr_line' id='line_1_58' title="bbox 214 2829 1005 2869; baseline -0.009 -7"><span class='ocrx_word' id='word_1_474' title='bbox 214 2833 301 2866; x_wconf 73' lang='grc' dir='ltr'>αὖθις·</span> <span class='ocrx_word' id='word_1_475' title='bbox 316 2835 347 2861; x_wconf 76' lang='grc' dir='ltr'><strong>Εἰ</strong></span> <span class='ocrx_word' id='word_1_476' title='bbox 361 2830 399 2861; x_wconf 81' lang='grc' dir='ltr'><strong>ὧν</strong></span> <span class='ocrx_word' id='word_1_477' title='bbox 413 2835 438 2860; x_wconf 87' lang='grc' dir='ltr'>οἰ</span> <span class='ocrx_word' id='word_1_478' title='bbox 460 2834 517 2869; x_wconf 83' lang='grc' dir='ltr'>ὅροι</span> <span class='ocrx_word' id='word_1_479' title='bbox 531 2833 665 2868; x_wconf 78' lang='grc' dir='ltr'>διάφοροι,</span> <span class='ocrx_word' id='word_1_480' title='bbox 683 2831 786 2858; x_wconf 85' lang='grc' dir='ltr'>τούτων</span> <span class='ocrx_word' id='word_1_481' title='bbox 799 2830 847 2858; x_wconf 80' lang='grc' dir='ltr'>καὶ</span> <span class='ocrx_word' id='word_1_482' title='bbox 865 2830 894 2856; x_wconf 73' lang='grc' dir='ltr'>αἱ</span> <span class='ocrx_word' id='word_1_483' title='bbox 907 2829 1005 2864; x_wconf 83' lang='grc' dir='ltr'>φύσεις</span> 
     </span>
    </p>
   </div>
   <div class='ocr_carea' id='block_1_59' title="bbox 214 2875 1005 2916">
    <p class='ocr_par' dir='ltr' id='par_1_59' title="bbox 214 2875 1005 2916">
     <span class='ocr_line' id='line_1_59' title="bbox 214 2875 1005 2916; baseline -0.006 -9"><span class='ocrx_word' id='word_1_484' title='bbox 214 2880 349 2916; x_wconf 80' lang='grc' dir='ltr'>διάφοροι,</span> <span class='ocrx_word' id='word_1_485' title='bbox 372 2879 499 2915; x_wconf 83' lang='grc' dir='ltr'>διάφορος</span> <span class='ocrx_word' id='word_1_486' title='bbox 516 2879 544 2906; x_wconf 84' lang='grc' dir='ltr'><strong>δὲ</strong></span> <span class='ocrx_word' id='word_1_487' title='bbox 562 2879 609 2906; x_wconf 79' lang='grc' dir='ltr'>τοῦ</span> <span class='ocrx_word' id='word_1_488' title='bbox 641 2877 766 2914; x_wconf 85' lang='grc' dir='ltr'>σώματος</span> <span class='ocrx_word' id='word_1_489' title='bbox 786 2879 799 2905; x_wconf 85' lang='grc' dir='ltr'>ὁ</span> <span class='ocrx_word' id='word_1_490' title='bbox 827 2877 906 2911; x_wconf 87' lang='grc' dir='ltr'>λόγος</span> <span class='ocrx_word' id='word_1_491' title='bbox 929 2875 1005 2911; x_wconf 78' lang='grc' dir='ltr'><strong>παρά</strong></span> 
     </span>
    </p>
   </div>
   <div class='ocr_carea' id='block_1_60' title="bbox 215 2921 1005 2961">
    <p class='ocr_par' dir='ltr' id='par_1_60' title="bbox 215 2921 1005 2961">
     <span class='ocr_line' id='line_1_60' title="bbox 215 2921 1005 2961; baseline 0.003 -11"><span class='ocrx_word' id='word_1_492' title='bbox 215 2924 262 2951; x_wconf 81' lang='grc' dir='ltr'>τὸν</span> <span class='ocrx_word' id='word_1_493' title='bbox 277 2925 326 2960; x_wconf 86' lang='grc' dir='ltr'>τῆς</span> <span class='ocrx_word' id='word_1_494' title='bbox 341 2924 442 2961; x_wconf 78' lang='grc' dir='ltr'>ψυχῆς,</span> <span class='ocrx_word' id='word_1_495' title='bbox 457 2925 585 2959; x_wconf 69' lang='grc' dir='ltr'>διάφορος</span> <span class='ocrx_word' id='word_1_496' title='bbox 602 2924 656 2960; x_wconf 84' lang='grc' dir='ltr'>ἄρα</span> <span class='ocrx_word' id='word_1_497' title='bbox 673 2924 720 2951; x_wconf 74' lang='grc' dir='ltr'>καὶ</span> <span class='ocrx_word' id='word_1_498' title='bbox 732 2925 748 2959; x_wconf 78' lang='grc' dir='ltr'>ἡ</span> <span class='ocrx_word' id='word_1_499' title='bbox 761 2923 841 2959; x_wconf 83' lang='grc' dir='ltr'>φύσις</span> <span class='ocrx_word' id='word_1_500' title='bbox 857 2923 906 2957; x_wconf 81' lang='grc' dir='ltr'>τῆς</span> <span class='ocrx_word' id='word_1_501' title='bbox 916 2921 1005 2957; x_wconf 71' lang='grc' dir='ltr'>ψυχῆς</span> 
     </span>
    </p>
   </div>
   <div class='ocr_carea' id='block_1_61' title="bbox 630 194 1395 229">
    <p class='ocr_par' dir='ltr' id='par_1_61' title="bbox 630 194 1395 229">
     <span class='ocr_line' id='line_1_61' title="bbox 630 194 1395 229; baseline -0.003 -3"><span class='ocrx_word' id='word_1_502' title='bbox 630 196 848 228; x_wconf 79' lang='lat' dir='ltr'><strong>REFUTATIO</strong></span> <span class='ocrx_word' id='word_1_503' title='bbox 859 197 1051 229; x_wconf 69' lang='lat' dir='ltr'><strong>EPISTOLJE</strong></span> <span class='ocrx_word' id='word_1_504' title='bbox 1069 198 1185 228; x_wconf 79' lang='lat' dir='ltr'><strong>REGIS</strong></span> <span class='ocrx_word' id='word_1_505' title='bbox 1200 194 1395 226; x_wconf 69' lang='lat' dir='ltr'><strong>ARMENUE.</strong></span> 
     </span>
    </p>
   </div>
   <div class='ocr_carea' id='block_1_62' title="bbox 1775 189 1830 222">
    <p class='ocr_par' dir='ltr' id='par_1_62' title="bbox 1775 189 1830 222">
     <span class='ocr_line' id='line_1_62' title="bbox 1775 189 1830 222; baseline -0.036 0"><span class='ocrx_word' id='word_1_506' title='bbox 1775 189 1830 222; x_wconf 61' lang='grc' dir='ltr'><strong>δυ.</strong></span> 
     </span>
    </p>
   </div>
   <div class='ocr_carea' id='block_1_63' title="bbox 1033 249 1829 290">
    <p class='ocr_par' dir='ltr' id='par_1_63' title="bbox 1033 249 1829 290">
     <span class='ocr_line' id='line_1_63' title="bbox 1033 249 1829 290; baseline -0.008 -7"><span class='ocrx_word' id='word_1_507' title='bbox 1033 255 1114 290; x_wconf 83' lang='lat' dir='ltr'><strong>pasti.</strong></span> <span class='ocrx_word' id='word_1_508' title='bbox 1129 253 1363 288; x_wconf 84' lang='lat' dir='ltr'><strong>Quemadmodum</strong></span> <span class='ocrx_word' id='word_1_509' title='bbox 1375 251 1449 280; x_wconf 86' lang='lat' dir='ltr'><strong>enim</strong></span> <span class='ocrx_word' id='word_1_510' title='bbox 1458 250 1542 279; x_wconf 88' lang='lat' dir='ltr'><strong>homo</strong></span> <span class='ocrx_word' id='word_1_511' title='bbox 1552 257 1585 278; x_wconf 80' lang='lat' dir='ltr'><strong>ex</strong></span> <span class='ocrx_word' id='word_1_512' title='bbox 1596 249 1712 277; x_wconf 74' lang='lat' dir='ltr'><strong>diversis</strong></span> <span class='ocrx_word' id='word_1_513' title='bbox 1723 249 1829 277; x_wconf 83' lang='lat' dir='ltr'><strong>naturis</strong></span> 
     </span>
    </p>
   </div>
   <div class='ocr_carea' id='block_1_64' title="bbox 1033 295 1830 333">
    <p class='ocr_par' dir='ltr' id='par_1_64' title="bbox 1033 295 1830 333">
     <span class='ocr_line' id='line_1_64' title="bbox 1033 295 1830 333; baseline -0.01 -3"><span class='ocrx_word' id='word_1_514' title='bbox 1033 302 1166 330; x_wconf 83' lang='lat' dir='ltr'><strong>conﬂatus</strong></span> <span class='ocrx_word' id='word_1_515' title='bbox 1175 300 1256 329; x_wconf 85' lang='lat' dir='ltr'><strong>unius</strong></span> <span class='ocrx_word' id='word_1_516' title='bbox 1267 305 1311 328; x_wconf 85' lang='lat' dir='ltr'><strong>est</strong></span> <span class='ocrx_word' id='word_1_517' title='bbox 1322 304 1428 327; x_wconf 70' lang='lat' dir='ltr'><strong>naturae</strong></span> <span class='ocrx_word' id='word_1_518' title='bbox 1435 297 1594 333; x_wconf 67' lang='lat' dir='ltr'><strong>compositae</strong></span> <span class='ocrx_word' id='word_1_519' title='bbox 1610 301 1672 332; x_wconf 86' lang='lat' dir='ltr'><strong>post</strong></span> <span class='ocrx_word' id='word_1_520' title='bbox 1688 295 1830 331; x_wconf 75' lang='lat' dir='ltr'><strong>unionem,</strong></span> 
     </span>
    </p>
   </div>
   <div class='ocr_carea' id='block_1_65' title="bbox 1035 342 1834 382">
    <p class='ocr_par' dir='ltr' id='par_1_65' title="bbox 1035 342 1834 382">
     <span class='ocr_line' id='line_1_65' title="bbox 1035 342 1834 382; baseline -0.009 -6"><span class='ocrx_word' id='word_1_521' title='bbox 1035 349 1089 376; x_wconf 92' lang='lat' dir='ltr'><strong>hoc</strong></span> <span class='ocrx_word' id='word_1_522' title='bbox 1106 355 1173 376; x_wconf 88' lang='lat' dir='ltr'><strong>vero</strong></span> <span class='ocrx_word' id='word_1_523' title='bbox 1186 346 1342 382; x_wconf 81' lang='lat' dir='ltr'><strong>exemplum</strong></span> <span class='ocrx_word' id='word_1_524' title='bbox 1362 345 1517 373; x_wconf 88' lang='lat' dir='ltr'><strong>docuerunt</strong></span> <span class='ocrx_word' id='word_1_525' title='bbox 1536 343 1664 372; x_wconf 77' lang='lat' dir='ltr'><strong>similiter</strong></span> <span class='ocrx_word' id='word_1_526' title='bbox 1681 350 1710 371; x_wconf 88' lang='lat' dir='ltr'><strong>se</strong></span> <span class='ocrx_word' id='word_1_527' title='bbox 1732 342 1834 370; x_wconf 71' lang='lat' dir='ltr'><strong>habere</strong></span> 
     </span>
    </p>
   </div>
   <div class='ocr_carea' id='block_1_66' title="bbox 1033 388 1835 425">
    <p class='ocr_par' dir='ltr' id='par_1_66' title="bbox 1033 388 1835 425">
     <span class='ocr_line' id='line_1_66' title="bbox 1033 388 1835 425; baseline -0.007 -2"><span class='ocrx_word' id='word_1_528' title='bbox 1033 395 1061 423; x_wconf 93' lang='lat' dir='ltr'><strong>in</strong></span> <span class='ocrx_word' id='word_1_529' title='bbox 1077 394 1178 422; x_wconf 89' lang='lat' dir='ltr'><strong>unione</strong></span> <span class='ocrx_word' id='word_1_530' title='bbox 1192 393 1293 421; x_wconf 91' lang='lat' dir='ltr'><strong>Christi</strong></span> <span class='ocrx_word' id='word_1_531' title='bbox 1316 392 1421 424; x_wconf 81' lang='lat' dir='ltr'><strong>Patres,</strong></span> <span class='ocrx_word' id='word_1_532' title='bbox 1440 394 1472 418; x_wconf 90' lang='lat' dir='ltr'><strong>ut</strong></span> <span class='ocrx_word' id='word_1_533' title='bbox 1491 390 1550 425; x_wconf 84' lang='lat' dir='ltr'><strong>ipse</strong></span> <span class='ocrx_word' id='word_1_534' title='bbox 1585 389 1679 417; x_wconf 88' lang='lat' dir='ltr'><strong>tradis.</strong></span> <span class='ocrx_word' id='word_1_535' title='bbox 1708 388 1741 415; x_wconf 89' lang='lat' dir='ltr'><strong>Et</strong></span> <span class='ocrx_word' id='word_1_536' title='bbox 1755 389 1835 423; x_wconf 77' lang='lat' dir='ltr'><strong>quasi</strong></span> 
     </span>
    </p>
   </div>
   <div class='ocr_carea' id='block_1_67' title="bbox 1034 434 1834 476">
    <p class='ocr_par' dir='ltr' id='par_1_67' title="bbox 1034 434 1834 476">
     <span class='ocr_line' id='line_1_67' title="bbox 1034 434 1834 476; baseline -0.008 -7"><span class='ocrx_word' id='word_1_537' title='bbox 1034 439 1217 476; x_wconf 86' lang='lat' dir='ltr'><strong>comprobans</strong></span> <span class='ocrx_word' id='word_1_538' title='bbox 1229 438 1385 473; x_wconf 80' lang='lat' dir='ltr'><strong>exemplum</strong></span> <span class='ocrx_word' id='word_1_539' title='bbox 1400 437 1482 465; x_wconf 88' lang='lat' dir='ltr'><strong>unius</strong></span> <span class='ocrx_word' id='word_1_540' title='bbox 1495 444 1557 464; x_wconf 86' lang='lat' dir='ltr'><strong>esse</strong></span> <span class='ocrx_word' id='word_1_541' title='bbox 1576 440 1682 463; x_wconf 59' lang='lat' dir='ltr'><strong>natura;</strong></span> <span class='ocrx_word' id='word_1_542' title='bbox 1693 434 1834 463; x_wconf 83' lang='lat' dir='ltr'><strong>hominem</strong></span> 
     </span>
    </p>
   </div>
   <div class='ocr_carea' id='block_1_68' title="bbox 1034 482 1833 516">
    <p class='ocr_par' dir='ltr' id='par_1_68' title="bbox 1034 482 1833 516">
     <span class='ocr_line' id='line_1_68' title="bbox 1034 482 1833 516; baseline -0.008 -1"><span class='ocrx_word' id='word_1_543' title='bbox 1034 486 1184 516; x_wconf 82' lang='lat' dir='ltr'><strong>concludis.</strong></span> <span class='ocrx_word' id='word_1_544' title='bbox 1215 485 1410 513; x_wconf 74' lang='lat' dir='ltr'><strong>Verumtamen</strong></span> <span class='ocrx_word' id='word_1_545' title='bbox 1438 484 1521 511; x_wconf 84' lang='lat' dir='ltr'><strong>homo</strong></span> <span class='ocrx_word' id='word_1_546' title='bbox 1554 491 1609 511; x_wconf 90' lang='lat' dir='ltr'><strong>non</strong></span> <span class='ocrx_word' id='word_1_547' title='bbox 1637 482 1738 510; x_wconf 90' lang='lat' dir='ltr'><strong>dicitur</strong></span> <span class='ocrx_word' id='word_1_548' title='bbox 1761 482 1833 510; x_wconf 76' lang='lat' dir='ltr'><strong>duas</strong></span> 
     </span>
    </p>
   </div>
   <div class='ocr_carea' id='block_1_69' title="bbox 1035 527 1835 567">
    <p class='ocr_par' dir='ltr' id='par_1_69' title="bbox 1035 527 1835 567">
     <span class='ocr_line' id='line_1_69' title="bbox 1035 527 1835 567; baseline -0.008 -6"><span class='ocrx_word' id='word_1_549' title='bbox 1035 537 1150 561; x_wconf 83' lang='lat' dir='ltr'><strong>naturas</strong></span> <span class='ocrx_word' id='word_1_550' title='bbox 1166 532 1284 562; x_wconf 85' lang='lat' dir='ltr'><strong>habere:</strong></span> <span class='ocrx_word' id='word_1_551' title='bbox 1297 530 1369 567; x_wconf 89' lang='lat' dir='ltr'><strong>quod</strong></span> <span class='ocrx_word' id='word_1_552' title='bbox 1385 530 1408 558; x_wconf 93' lang='lat' dir='ltr'><strong>si</strong></span> <span class='ocrx_word' id='word_1_553' title='bbox 1420 530 1483 566; x_wconf 84' lang='lat' dir='ltr'><strong>quis</strong></span> <span class='ocrx_word' id='word_1_554' title='bbox 1498 533 1591 557; x_wconf 89' lang='lat' dir='ltr'><strong>contra</strong></span> <span class='ocrx_word' id='word_1_555' title='bbox 1613 527 1757 556; x_wconf 81' lang='lat' dir='ltr'><strong>contendet</strong></span> <span class='ocrx_word' id='word_1_556' title='bbox 1771 534 1835 555; x_wconf 79' lang='lat' dir='ltr'><strong>eum</strong></span> 
     </span>
    </p>
   </div>
   <div class='ocr_carea' id='block_1_70' title="bbox 1037 572 1834 613">
    <p class='ocr_par' dir='ltr' id='par_1_70' title="bbox 1037 572 1834 613">
     <span class='ocr_line' id='line_1_70' title="bbox 1037 572 1834 613; baseline -0.008 -6"><span class='ocrx_word' id='word_1_557' title='bbox 1037 579 1148 612; x_wconf 86' lang='lat' dir='ltr'><strong>habere,</strong></span> <span class='ocrx_word' id='word_1_558' title='bbox 1162 577 1293 613; x_wconf 89' lang='lat' dir='ltr'><strong>consequi</strong></span> <span class='ocrx_word' id='word_1_559' title='bbox 1318 582 1345 605; x_wconf 91' lang='lat' dir='ltr'><strong>et</strong></span> <span class='ocrx_word' id='word_1_560' title='bbox 1359 576 1500 604; x_wconf 84' lang='lat' dir='ltr'><strong>Christum</strong></span> <span class='ocrx_word' id='word_1_561' title='bbox 1529 579 1584 603; x_wconf 87' lang='lat' dir='ltr'><strong>tres</strong></span> <span class='ocrx_word' id='word_1_562' title='bbox 1609 572 1834 605; x_wconf 76' lang='lat' dir='ltr'><strong>babere,videriz</strong></span> 
     </span>
    </p>
   </div>
   <div class='ocr_carea' id='block_1_71' title="bbox 1039 619 1835 654">
    <p class='ocr_par' dir='ltr' id='par_1_71' title="bbox 1039 619 1835 654">
     <span class='ocr_line' id='line_1_71' title="bbox 1039 619 1835 654; baseline -0.01 -1"><span class='ocrx_word' id='word_1_563' title='bbox 1039 633 1090 654; x_wconf 86' lang='lat' dir='ltr'><strong>nos</strong></span> <span class='ocrx_word' id='word_1_564' title='bbox 1103 626 1130 652; x_wconf 91' lang='lat' dir='ltr'><strong>in</strong></span> <span class='ocrx_word' id='word_1_565' title='bbox 1143 624 1245 652; x_wconf 89' lang='lat' dir='ltr'><strong>unione</strong></span> <span class='ocrx_word' id='word_1_566' title='bbox 1253 623 1356 652; x_wconf 84' lang='lat' dir='ltr'><strong>Christi</strong></span> <span class='ocrx_word' id='word_1_567' title='bbox 1375 622 1445 650; x_wconf 88' lang='lat' dir='ltr'><strong>duas</strong></span> <span class='ocrx_word' id='word_1_568' title='bbox 1459 629 1519 650; x_wconf 86' lang='lat' dir='ltr'><strong>esse</strong></span> <span class='ocrx_word' id='word_1_569' title='bbox 1532 626 1646 649; x_wconf 87' lang='lat' dir='ltr'><strong>naturas</strong></span> <span class='ocrx_word' id='word_1_570' title='bbox 1657 619 1835 652; x_wconf 69' lang='lat' dir='ltr'><strong>adﬁrmantes,</strong></span> 
     </span>
    </p>
   </div>
   <div class='ocr_carea' id='block_1_72' title="bbox 1037 665 1837 705">
    <p class='ocr_par' dir='ltr' id='par_1_72' title="bbox 1037 665 1837 705">
     <span class='ocr_line' id='line_1_72' title="bbox 1037 665 1837 705; baseline -0.01 -6"><span class='ocrx_word' id='word_1_571' title='bbox 1037 672 1065 700; x_wconf 90' lang='lat' dir='ltr'><strong>in</strong></span> <span class='ocrx_word' id='word_1_572' title='bbox 1092 670 1211 699; x_wconf 85' lang='lat' dir='ltr'><strong>absurda</strong></span> <span class='ocrx_word' id='word_1_573' title='bbox 1244 670 1391 705; x_wconf 71' lang='lat' dir='ltr'><strong>inepteque</strong></span> <span class='ocrx_word' id='word_1_574' title='bbox 1416 675 1524 704; x_wconf 87' lang='lat' dir='ltr'><strong>rapere.</strong></span> <span class='ocrx_word' id='word_1_575' title='bbox 1551 666 1595 694; x_wconf 86' lang='lat' dir='ltr'><strong>Nil</strong></span> <span class='ocrx_word' id='word_1_576' title='bbox 1625 665 1725 694; x_wconf 91' lang='lat' dir='ltr'><strong>mirum</strong></span> <span class='ocrx_word' id='word_1_577' title='bbox 1745 669 1798 696; x_wconf 86' lang='lat' dir='ltr'><strong>est,</strong></span> <span class='ocrx_word' id='word_1_578' title='bbox 1818 670 1837 692; x_wconf 66' lang='grc' dir='ltr'><em>ρ</em></span> 
     </span>
    </p>
   </div>
   <div class='ocr_carea' id='block_1_73' title="bbox 1038 710 1838 750">
    <p class='ocr_par' dir='ltr' id='par_1_73' title="bbox 1038 710 1838 750">
     <span class='ocr_line' id='line_1_73' title="bbox 1038 710 1838 750; baseline -0.009 -6"><span class='ocrx_word' id='word_1_579' title='bbox 1038 717 1137 750; x_wconf 83' lang='lat' dir='ltr'><strong>amice,</strong></span> <span class='ocrx_word' id='word_1_580' title='bbox 1157 724 1212 743; x_wconf 90' lang='lat' dir='ltr'><strong>uno</strong></span> <span class='ocrx_word' id='word_1_581' title='bbox 1231 714 1434 743; x_wconf 86' lang='lat' dir='ltr'><strong>inconvenienti</strong></span> <span class='ocrx_word' id='word_1_582' title='bbox 1468 713 1551 745; x_wconf 83' lang='lat' dir='ltr'><strong>dato,</strong></span> <span class='ocrx_word' id='word_1_583' title='bbox 1578 712 1723 740; x_wconf 85' lang='lat' dir='ltr'><strong>innumera</strong></span> <span class='ocrx_word' id='word_1_584' title='bbox 1739 710 1838 738; x_wconf 77' lang='lat' dir='ltr'><strong>subse~</strong></span> 
     </span>
    </p>
   </div>
   <div class='ocr_carea' id='block_1_74' title="bbox 1038 756 1833 799">
    <p class='ocr_par' dir='ltr' id='par_1_74' title="bbox 1038 756 1833 799">
     <span class='ocr_line' id='line_1_74' title="bbox 1038 756 1833 799; baseline -0.011 -8"><span class='ocrx_word' id='word_1_585' title='bbox 1038 763 1095 799; x_wconf 92' lang='lat' dir='ltr'><strong>qui.</strong></span> <span class='ocrx_word' id='word_1_586' title='bbox 1121 761 1228 790; x_wconf 82' lang='lat' dir='ltr'><strong>Etenim</strong></span> <span class='ocrx_word' id='word_1_587' title='bbox 1246 761 1270 789; x_wconf 90' lang='lat' dir='ltr'><strong>si</strong></span> <span class='ocrx_word' id='word_1_588' title='bbox 1297 760 1389 788; x_wconf 84' lang='lat' dir='ltr'><strong>omnis</strong></span> <span class='ocrx_word' id='word_1_589' title='bbox 1411 759 1574 794; x_wconf 76' lang='lat' dir='ltr'><strong>compositlo</strong></span> <span class='ocrx_word' id='word_1_590' title='bbox 1592 765 1645 785; x_wconf 92' lang='lat' dir='ltr'><strong>non</strong></span> <span class='ocrx_word' id='word_1_591' title='bbox 1665 764 1698 784; x_wconf 77' lang='lat' dir='ltr'><strong>ex</strong></span> <span class='ocrx_word' id='word_1_592' title='bbox 1713 756 1758 789; x_wconf 87' lang='lat' dir='ltr'><strong>iis,</strong></span> <span class='ocrx_word' id='word_1_593' title='bbox 1775 762 1833 790; x_wconf 62' lang='lat' dir='ltr'><strong>qua</strong></span> 
     </span>
    </p>
   </div>
   <div class='ocr_carea' id='block_1_75' title="bbox 1039 801 1837 840">
    <p class='ocr_par' dir='ltr' id='par_1_75' title="bbox 1039 801 1837 840">
     <span class='ocr_line' id='line_1_75' title="bbox 1039 801 1837 840; baseline -0.011 -5"><span class='ocrx_word' id='word_1_594' title='bbox 1039 808 1212 835; x_wconf 89' lang='lat' dir='ltr'><strong>continenter</strong></span> <span class='ocrx_word' id='word_1_595' title='bbox 1224 809 1445 840; x_wconf 88' lang='lat' dir='ltr'><strong>componuntur,</strong></span> <span class='ocrx_word' id='word_1_596' title='bbox 1472 802 1599 837; x_wconf 91' lang='lat' dir='ltr'><strong>componi</strong></span> <span class='ocrx_word' id='word_1_597' title='bbox 1624 801 1770 831; x_wconf 81' lang='lat' dir='ltr'><strong>diceretur.</strong></span> <span class='ocrx_word' id='word_1_598' title='bbox 1789 801 1837 827; x_wconf 69' lang='lat' dir='ltr'><strong>sed</strong></span> 
     </span>
    </p>
   </div>
   <div class='ocr_carea' id='block_1_76' title="bbox 1039 846 1834 885">
    <p class='ocr_par' dir='ltr' id='par_1_76' title="bbox 1039 846 1834 885">
     <span class='ocr_line' id='line_1_76' title="bbox 1039 846 1834 885; baseline -0.01 -4"><span class='ocrx_word' id='word_1_599' title='bbox 1039 861 1073 881; x_wconf 86' lang='lat' dir='ltr'><strong>ex</strong></span> <span class='ocrx_word' id='word_1_600' title='bbox 1085 852 1264 884; x_wconf 86' lang='lat' dir='ltr'><strong>distantibus,</strong></span> <span class='ocrx_word' id='word_1_601' title='bbox 1277 850 1347 878; x_wconf 76' lang='lat' dir='ltr'><strong>[orte</strong></span> <span class='ocrx_word' id='word_1_602' title='bbox 1359 849 1433 885; x_wconf 91' lang='lat' dir='ltr'><strong>quod</strong></span> <span class='ocrx_word' id='word_1_603' title='bbox 1446 853 1539 877; x_wconf 85' lang='lat' dir='ltr'><strong>contra</strong></span> <span class='ocrx_word' id='word_1_604' title='bbox 1555 855 1605 875; x_wconf 88' lang='lat' dir='ltr'><strong>nos</strong></span> <span class='ocrx_word' id='word_1_605' title='bbox 1627 847 1726 875; x_wconf 86' lang='lat' dir='ltr'><strong>scribis</strong></span> <span class='ocrx_word' id='word_1_606' title='bbox 1747 846 1834 873; x_wconf 77' lang='lat' dir='ltr'><strong>locum</strong></span> 
     </span>
    </p>
   </div>
   <div class='ocr_carea' id='block_1_77' title="bbox 1041 892 1839 931">
    <p class='ocr_par' dir='ltr' id='par_1_77' title="bbox 1041 892 1839 931">
     <span class='ocr_line' id='line_1_77' title="bbox 1041 892 1839 931; baseline -0.01 -5"><span class='ocrx_word' id='word_1_607' title='bbox 1041 898 1163 926; x_wconf 82' lang='lat' dir='ltr'><strong>haberet.</strong></span> <span class='ocrx_word' id='word_1_608' title='bbox 1179 896 1257 931; x_wconf 83' lang='lat' dir='ltr'><strong>Quod</strong></span> <span class='ocrx_word' id='word_1_609' title='bbox 1274 897 1297 924; x_wconf 88' lang='lat' dir='ltr'><strong>si</strong></span> <span class='ocrx_word' id='word_1_610' title='bbox 1313 902 1404 928; x_wconf 91' lang='lat' dir='ltr'><strong>nemo,</strong></span> <span class='ocrx_word' id='word_1_611' title='bbox 1421 894 1468 930; x_wconf 87' lang='lat' dir='ltr'><strong>qui</strong></span> <span class='ocrx_word' id='word_1_612' title='bbox 1494 893 1535 921; x_wconf 88' lang='lat' dir='ltr'><strong>sal</strong></span> <span class='ocrx_word' id='word_1_613' title='bbox 1559 893 1659 920; x_wconf 85' lang='lat' dir='ltr'><strong>habeat</strong></span> <span class='ocrx_word' id='word_1_614' title='bbox 1669 892 1696 919; x_wconf 90' lang='lat' dir='ltr'><strong>in</strong></span> <span class='ocrx_word' id='word_1_615' title='bbox 1716 896 1839 927; x_wconf 79' lang='lat' dir='ltr'><strong>pectore,</strong></span> 
     </span>
    </p>
   </div>
   <div class='ocr_carea' id='block_1_78' title="bbox 1044 939 1841 978">
    <p class='ocr_par' dir='ltr' id='par_1_78' title="bbox 1044 939 1841 978">
     <span class='ocr_line' id='line_1_78' title="bbox 1044 939 1841 978; baseline -0.014 -3"><span class='ocrx_word' id='word_1_616' title='bbox 1044 946 1127 978; x_wconf 86' lang='lat' dir='ltr'><strong>dicet,</strong></span> <span class='ocrx_word' id='word_1_617' title='bbox 1140 953 1172 974; x_wconf 79' lang='lat' dir='ltr'><strong>ex</strong></span> <span class='ocrx_word' id='word_1_618' title='bbox 1188 944 1374 974; x_wconf 81' lang='lat' dir='ltr'><strong>distantibus.</strong></span> <span class='ocrx_word' id='word_1_619' title='bbox 1390 942 1438 971; x_wconf 83' lang='lat' dir='ltr'><strong>sed</strong></span> <span class='ocrx_word' id='word_1_620' title='bbox 1466 949 1500 969; x_wconf 80' lang='lat' dir='ltr'><strong>ex</strong></span> <span class='ocrx_word' id='word_1_621' title='bbox 1524 939 1673 972; x_wconf 85' lang='lat' dir='ltr'><strong>continuis,</strong></span> <span class='ocrx_word' id='word_1_622' title='bbox 1695 943 1723 966; x_wconf 88' lang='lat' dir='ltr'><strong>et</strong></span> <span class='ocrx_word' id='word_1_623' title='bbox 1741 940 1841 966; x_wconf 52' lang='lat' dir='ltr'><strong>imme.</strong></span> 
     </span>
    </p>
   </div>
   <div class='ocr_carea' id='block_1_79' title="bbox 1043 984 1840 1025">
    <p class='ocr_par' dir='ltr' id='par_1_79' title="bbox 1043 984 1840 1025">
     <span class='ocr_line' id='line_1_79' title="bbox 1043 984 1840 1025; baseline -0.014 -4"><span class='ocrx_word' id='word_1_624' title='bbox 1043 992 1125 1021; x_wconf 85' lang='lat' dir='ltr'><strong>diatis</strong></span> <span class='ocrx_word' id='word_1_625' title='bbox 1160 991 1245 1020; x_wconf 88' lang='lat' dir='ltr'><strong>veluti</strong></span> <span class='ocrx_word' id='word_1_626' title='bbox 1281 989 1425 1025; x_wconf 84' lang='lat' dir='ltr'><strong>partibus,</strong></span> <span class='ocrx_word' id='word_1_627' title='bbox 1465 992 1512 1015; x_wconf 88' lang='lat' dir='ltr'><strong>aut</strong></span> <span class='ocrx_word' id='word_1_628' title='bbox 1551 985 1694 1014; x_wconf 89' lang='lat' dir='ltr'><strong>elementis</strong></span> <span class='ocrx_word' id='word_1_629' title='bbox 1725 984 1755 1011; x_wconf 87' lang='lat' dir='ltr'><strong>in</strong></span> <span class='ocrx_word' id='word_1_630' title='bbox 1781 986 1840 1011; x_wconf 79' lang='lat' dir='ltr'><strong>tot:</strong></span> 
     </span>
    </p>
   </div>
   <div class='ocr_carea' id='block_1_80' title="bbox 1043 1030 1840 1075">
    <p class='ocr_par' dir='ltr' id='par_1_80' title="bbox 1043 1030 1840 1075">
     <span class='ocr_line' id='line_1_80' title="bbox 1043 1030 1840 1075; baseline -0.016 -7"><span class='ocrx_word' id='word_1_631' title='bbox 1043 1039 1163 1075; x_wconf 87' lang='lat' dir='ltr'><strong>positum</strong></span> <span class='ocrx_word' id='word_1_632' title='bbox 1211 1036 1430 1072; x_wconf 82' lang='lat' dir='ltr'><strong>occupantibus.</strong></span> <span class='ocrx_word' id='word_1_633' title='bbox 1470 1033 1597 1068; x_wconf 86' lang='lat' dir='ltr'><strong>componi</strong></span> <span class='ocrx_word' id='word_1_634' title='bbox 1633 1030 1840 1066; x_wconf 79' lang='lat' dir='ltr'><strong>compositum.</strong></span> 
     </span>
    </p>
   </div>
   <div class='ocr_carea' id='block_1_81' title="bbox 1047 1075 1841 1117">
    <p class='ocr_par' dir='ltr' id='par_1_81' title="bbox 1047 1075 1841 1117">
     <span class='ocr_line' id='line_1_81' title="bbox 1047 1075 1841 1117; baseline -0.013 -5"><span class='ocrx_word' id='word_1_635' title='bbox 1047 1084 1125 1112; x_wconf 88' lang='lat' dir='ltr'><strong>l&#39;utile</strong></span> <span class='ocrx_word' id='word_1_636' title='bbox 1140 1088 1183 1111; x_wconf 86' lang='lat' dir='ltr'><strong>est</strong></span> <span class='ocrx_word' id='word_1_637' title='bbox 1199 1083 1346 1117; x_wconf 84' lang='lat' dir='ltr'><strong>inaneque,</strong></span> <span class='ocrx_word' id='word_1_638' title='bbox 1359 1079 1431 1116; x_wconf 91' lang='lat' dir='ltr'><strong>quod</strong></span> <span class='ocrx_word' id='word_1_639' title='bbox 1443 1087 1457 1106; x_wconf 87' lang='lat' dir='ltr'><strong>a</strong></span> <span class='ocrx_word' id='word_1_640' title='bbox 1472 1083 1498 1106; x_wconf 93' lang='lat' dir='ltr'><strong>te</strong></span> <span class='ocrx_word' id='word_1_641' title='bbox 1517 1077 1619 1113; x_wconf 86' lang='lat' dir='ltr'><strong>scripto</strong></span> <span class='ocrx_word' id='word_1_642' title='bbox 1634 1075 1764 1107; x_wconf 80' lang='lat' dir='ltr'><strong>traditur,</strong></span> <span class='ocrx_word' id='word_1_643' title='bbox 1778 1081 1841 1102; x_wconf 69' lang='lat' dir='ltr'><strong>cur;</strong></span> 
     </span>
    </p>
   </div>
   <div class='ocr_carea' id='block_1_82' title="bbox 1045 1122 1842 1167">
    <p class='ocr_par' dir='ltr' id='par_1_82' title="bbox 1045 1122 1842 1167">
     <span class='ocr_line' id='line_1_82' title="bbox 1045 1122 1842 1167; baseline -0.015 -8"><span class='ocrx_word' id='word_1_644' title='bbox 1045 1138 1097 1167; x_wconf 87' lang='lat' dir='ltr'><strong>per</strong></span> <span class='ocrx_word' id='word_1_645' title='bbox 1115 1134 1142 1157; x_wconf 85' lang='lat' dir='ltr'><strong>te</strong></span> <span class='ocrx_word' id='word_1_646' title='bbox 1158 1136 1271 1157; x_wconf 87' lang='lat' dir='ltr'><strong>necesse</strong></span> <span class='ocrx_word' id='word_1_647' title='bbox 1293 1132 1368 1155; x_wconf 82' lang='lat' dir='ltr'><strong>esset</strong></span> <span class='ocrx_word' id='word_1_648' title='bbox 1384 1126 1476 1154; x_wconf 84' lang='lat' dir='ltr'><strong>dicere</strong></span> <span class='ocrx_word' id='word_1_649' title='bbox 1497 1124 1635 1152; x_wconf 87' lang='lat' dir='ltr'><strong>hominem</strong></span> <span class='ocrx_word' id='word_1_650' title='bbox 1652 1123 1686 1150; x_wconf 85' lang='lat' dir='ltr'><strong>ad</strong></span> <span class='ocrx_word' id='word_1_651' title='bbox 1703 1122 1794 1149; x_wconf 90' lang='lat' dir='ltr'><strong>minus</strong></span> <span class='ocrx_word' id='word_1_652' title='bbox 1806 1127 1842 1148; x_wconf 68' lang='lat' dir='ltr'><strong>ot</strong></span> 
     </span>
    </p>
   </div>
   <div class='ocr_carea' id='block_1_83' title="bbox 1047 1168 1843 1213">
    <p class='ocr_par' dir='ltr' id='par_1_83' title="bbox 1047 1168 1843 1213">
     <span class='ocr_line' id='line_1_83' title="bbox 1047 1168 1843 1213; baseline -0.013 -8"><span class='ocrx_word' id='word_1_653' title='bbox 1047 1177 1170 1213; x_wconf 80' lang='lat' dir='ltr'><strong>quinque</strong></span> <span class='ocrx_word' id='word_1_654' title='bbox 1198 1175 1306 1203; x_wconf 84' lang='lat' dir='ltr'><strong>naturis</strong></span> <span class='ocrx_word' id='word_1_655' title='bbox 1323 1173 1459 1206; x_wconf 85' lang='lat' dir='ltr'><strong>construi,</strong></span> <span class='ocrx_word' id='word_1_656' title='bbox 1475 1179 1508 1200; x_wconf 79' lang='lat' dir='ltr'><strong>ex</strong></span> <span class='ocrx_word' id='word_1_657' title='bbox 1525 1175 1644 1207; x_wconf 84' lang='lat' dir='ltr'><strong>quatuor</strong></span> <span class='ocrx_word' id='word_1_658' title='bbox 1658 1168 1800 1196; x_wconf 86' lang='lat' dir='ltr'><strong>elementis</strong></span> <span class='ocrx_word' id='word_1_659' title='bbox 1812 1173 1843 1202; x_wconf 87' lang='lat' dir='ltr'><strong>_e:</strong></span> 
     </span>
    </p>
   </div>
   <div class='ocr_carea' id='block_1_84' title="bbox 1045 1216 1842 1251">
    <p class='ocr_par' dir='ltr' id='par_1_84' title="bbox 1045 1216 1842 1251">
     <span class='ocr_line' id='line_1_84' title="bbox 1045 1216 1842 1251; baseline -0.013 0"><span class='ocrx_word' id='word_1_660' title='bbox 1045 1223 1148 1251; x_wconf 76' lang='lat' dir='ltr'><strong>anima.</strong></span> <span class='ocrx_word' id='word_1_661' title='bbox 1161 1221 1292 1250; x_wconf 85' lang='lat' dir='ltr'><strong>Similiter</strong></span> <span class='ocrx_word' id='word_1_662' title='bbox 1304 1225 1332 1248; x_wconf 90' lang='lat' dir='ltr'><strong>et</strong></span> <span class='ocrx_word' id='word_1_663' title='bbox 1342 1220 1472 1248; x_wconf 86' lang='lat' dir='ltr'><strong>electrum</strong></span> <span class='ocrx_word' id='word_1_664' title='bbox 1486 1225 1541 1245; x_wconf 90' lang='lat' dir='ltr'><strong>non</strong></span> <span class='ocrx_word' id='word_1_665' title='bbox 1552 1225 1586 1245; x_wconf 79' lang='lat' dir='ltr'><strong>ex</strong></span> <span class='ocrx_word' id='word_1_666' title='bbox 1597 1216 1714 1249; x_wconf 88' lang='lat' dir='ltr'><strong>duobus,</strong></span> <span class='ocrx_word' id='word_1_667' title='bbox 1729 1221 1798 1242; x_wconf 85' lang='lat' dir='ltr'><strong>auro</strong></span> <span class='ocrx_word' id='word_1_668' title='bbox 1814 1221 1842 1241; x_wconf 75' lang='grc' dir='ltr'>εί</span> 
     </span>
    </p>
   </div>
   <div class='ocr_carea' id='block_1_85' title="bbox 1046 1250 1849 1303">
    <p class='ocr_par' dir='ltr' id='par_1_85' title="bbox 1046 1250 1849 1303">
     <span class='ocr_line' id='line_1_85' title="bbox 1046 1250 1849 1303; baseline -0.014 -6"><span class='ocrx_word' id='word_1_669' title='bbox 1046 1273 1177 1303; x_wconf 77' lang='lat' dir='ltr'><strong>argento,</strong></span> <span class='ocrx_word' id='word_1_670' title='bbox 1194 1266 1242 1295; x_wconf 86' lang='lat' dir='ltr'><strong>sed</strong></span> <span class='ocrx_word' id='word_1_671' title='bbox 1259 1266 1344 1293; x_wconf 89' lang='lat' dir='ltr'><strong>multo</strong></span> <span class='ocrx_word' id='word_1_672' title='bbox 1356 1264 1492 1300; x_wconf 87' lang='lat' dir='ltr'><strong>pluribus,</strong></span> <span class='ocrx_word' id='word_1_673' title='bbox 1509 1270 1578 1291; x_wconf 87' lang='lat' dir='ltr'><strong>auro</strong></span> <span class='ocrx_word' id='word_1_674' title='bbox 1599 1250 1849 1296; x_wconf 50' lang='lat' dir='ltr'><strong>nempe.argento,-</strong></span> 
     </span>
    </p>
   </div>
   <div class='ocr_carea' id='block_1_86' title="bbox 1047 1306 1842 1350">
    <p class='ocr_par' dir='ltr' id='par_1_86' title="bbox 1047 1306 1842 1350">
     <span class='ocr_line' id='line_1_86' title="bbox 1047 1306 1842 1350; baseline -0.014 -7"><span class='ocrx_word' id='word_1_675' title='bbox 1047 1320 1074 1344; x_wconf 87' lang='lat' dir='ltr'><strong>et</strong></span> <span class='ocrx_word' id='word_1_676' title='bbox 1091 1319 1210 1350; x_wconf 88' lang='lat' dir='ltr'><strong>quatuor</strong></span> <span class='ocrx_word' id='word_1_677' title='bbox 1223 1311 1376 1345; x_wconf 82' lang='lat' dir='ltr'><strong>elementis,</strong></span> <span class='ocrx_word' id='word_1_678' title='bbox 1392 1310 1509 1345; x_wconf 85' lang='lat' dir='ltr'><strong>aliisque</strong></span> <span class='ocrx_word' id='word_1_679' title='bbox 1522 1309 1610 1337; x_wconf 88' lang='lat' dir='ltr'><strong>multo</strong></span> <span class='ocrx_word' id='word_1_680' title='bbox 1620 1306 1842 1338; x_wconf 63' lang='lat' dir='ltr'><strong>distentioribus,</strong></span> 
     </span>
    </p>
   </div>
   <div class='ocr_carea' id='block_1_87' title="bbox 1048 1353 1843 1390">
    <p class='ocr_par' dir='ltr' id='par_1_87' title="bbox 1048 1353 1843 1390">
     <span class='ocr_line' id='line_1_87' title="bbox 1048 1353 1843 1390; baseline -0.014 -1"><span class='ocrx_word' id='word_1_681' title='bbox 1048 1360 1162 1389; x_wconf 86' lang='lat' dir='ltr'><strong>materia</strong></span> <span class='ocrx_word' id='word_1_682' title='bbox 1179 1363 1206 1388; x_wconf 90' lang='lat' dir='ltr'><strong>et</strong></span> <span class='ocrx_word' id='word_1_683' title='bbox 1234 1358 1334 1386; x_wconf 81' lang='lat' dir='ltr'><strong>forma.</strong></span> <span class='ocrx_word' id='word_1_684' title='bbox 1350 1356 1411 1384; x_wconf 85' lang='lat' dir='ltr'><strong>Non</strong></span> <span class='ocrx_word' id='word_1_685' title='bbox 1427 1355 1499 1383; x_wconf 90' lang='lat' dir='ltr'><strong>enim</strong></span> <span class='ocrx_word' id='word_1_686' title='bbox 1519 1358 1612 1390; x_wconf 85' lang='lat' dir='ltr'><strong>partes</strong></span> <span class='ocrx_word' id='word_1_687' title='bbox 1634 1353 1763 1388; x_wconf 86' lang='lat' dir='ltr'><strong>partium,</strong></span> <span class='ocrx_word' id='word_1_688' title='bbox 1779 1358 1843 1379; x_wconf 84' lang='lat' dir='ltr'><strong>cum</strong></span> 
     </span>
    </p>
   </div>
   <div class='ocr_carea' id='block_1_88' title="bbox 1048 1396 1843 1441">
    <p class='ocr_par' dir='ltr' id='par_1_88' title="bbox 1048 1396 1843 1441">
     <span class='ocr_line' id='line_1_88' title="bbox 1048 1396 1843 1441; baseline -0.015 -7"><span class='ocrx_word' id='word_1_689' title='bbox 1048 1405 1231 1441; x_wconf 81' lang='lat' dir='ltr'><strong>inquirimus,</strong></span> <span class='ocrx_word' id='word_1_690' title='bbox 1250 1411 1285 1430; x_wconf 80' lang='lat' dir='ltr'><strong>ex</strong></span> <span class='ocrx_word' id='word_1_691' title='bbox 1301 1401 1404 1438; x_wconf 86' lang='lat' dir='ltr'><strong>quibus</strong></span> <span class='ocrx_word' id='word_1_692' title='bbox 1426 1401 1488 1433; x_wconf 87' lang='lat' dir='ltr'><strong>hoc,</strong></span> <span class='ocrx_word' id='word_1_693' title='bbox 1509 1399 1550 1427; x_wconf 89' lang='lat' dir='ltr'><strong>vel</strong></span> <span class='ocrx_word' id='word_1_694' title='bbox 1570 1398 1635 1426; x_wconf 87' lang='lat' dir='ltr'><strong>illud</strong></span> <span class='ocrx_word' id='word_1_695' title='bbox 1657 1396 1843 1431; x_wconf 82' lang='lat' dir='ltr'><strong>componitur,</strong></span> 
     </span>
    </p>
   </div>
   <div class='ocr_carea' id='block_1_89' title="bbox 1048 1441 1845 1484">
    <p class='ocr_par' dir='ltr' id='par_1_89' title="bbox 1048 1441 1845 1484">
     <span class='ocr_line' id='line_1_89' title="bbox 1048 1441 1845 1484; baseline -0.016 -3"><span class='ocrx_word' id='word_1_696' title='bbox 1048 1452 1267 1483; x_wconf 82' lang='lat' dir='ltr'><strong>consideramus,</strong></span> <span class='ocrx_word' id='word_1_697' title='bbox 1284 1449 1331 1477; x_wconf 90' lang='lat' dir='ltr'><strong>sed</strong></span> <span class='ocrx_word' id='word_1_698' title='bbox 1348 1447 1487 1484; x_wconf 74' lang='lat' dir='ltr'><strong>proximas</strong></span> <span class='ocrx_word' id='word_1_699' title='bbox 1505 1445 1578 1473; x_wconf 87' lang='lat' dir='ltr'><strong>illius</strong></span> <span class='ocrx_word' id='word_1_700' title='bbox 1599 1449 1681 1479; x_wconf 89' lang='lat' dir='ltr'><strong>atque</strong></span> <span class='ocrx_word' id='word_1_701' title='bbox 1702 1441 1845 1471; x_wconf 86' lang='lat' dir='ltr'><strong>immedia-</strong></span> 
     </span>
    </p>
   </div>
   <div class='ocr_carea' id='block_1_90' title="bbox 1049 1487 1844 1531">
    <p class='ocr_par' dir='ltr' id='par_1_90' title="bbox 1049 1487 1844 1531">
     <span class='ocr_line' id='line_1_90' title="bbox 1049 1487 1844 1531; baseline -0.016 -4"><span class='ocrx_word' id='word_1_702' title='bbox 1049 1503 1100 1527; x_wconf 88' lang='lat' dir='ltr'><strong>tas.</strong></span> <span class='ocrx_word' id='word_1_703' title='bbox 1113 1498 1204 1531; x_wconf 83' lang='lat' dir='ltr'><strong>Quare</strong></span> <span class='ocrx_word' id='word_1_704' title='bbox 1217 1496 1280 1524; x_wconf 86' lang='lat' dir='ltr'><strong>licet</strong></span> <span class='ocrx_word' id='word_1_705' title='bbox 1294 1494 1434 1522; x_wconf 88' lang='lat' dir='ltr'><strong>hominem</strong></span> <span class='ocrx_word' id='word_1_706' title='bbox 1450 1491 1601 1520; x_wconf 84' lang='lat' dir='ltr'><strong>dixerimus</strong></span> <span class='ocrx_word' id='word_1_707' title='bbox 1618 1489 1724 1517; x_wconf 88' lang='lat' dir='ltr'><strong>duabus</strong></span> <span class='ocrx_word' id='word_1_708' title='bbox 1737 1487 1844 1515; x_wconf 76' lang='lat' dir='ltr'><strong>naturis</strong></span> 
     </span>
    </p>
   </div>
   <div class='ocr_carea' id='block_1_91' title="bbox 1048 1532 1845 1577">
    <p class='ocr_par' dir='ltr' id='par_1_91' title="bbox 1048 1532 1845 1577">
     <span class='ocr_line' id='line_1_91' title="bbox 1048 1532 1845 1577; baseline -0.018 -4"><span class='ocrx_word' id='word_1_709' title='bbox 1048 1548 1186 1577; x_wconf 84' lang='lat' dir='ltr'><strong>constare,</strong></span> <span class='ocrx_word' id='word_1_710' title='bbox 1219 1544 1247 1569; x_wconf 86' lang='lat' dir='ltr'><strong>et</strong></span> <span class='ocrx_word' id='word_1_711' title='bbox 1272 1540 1402 1568; x_wconf 86' lang='lat' dir='ltr'><strong>deitatem</strong></span> <span class='ocrx_word' id='word_1_712' title='bbox 1432 1545 1515 1565; x_wconf 84' lang='lat' dir='ltr'><strong>unam</strong></span> <span class='ocrx_word' id='word_1_713' title='bbox 1541 1543 1613 1568; x_wconf 86' lang='lat' dir='ltr'><strong>esse,</strong></span> <span class='ocrx_word' id='word_1_714' title='bbox 1632 1542 1686 1562; x_wconf 91' lang='lat' dir='ltr'><strong>non</strong></span> <span class='ocrx_word' id='word_1_715' title='bbox 1702 1532 1845 1562; x_wconf 87' lang='lat' dir='ltr'><strong>concludi-</strong></span> 
     </span>
    </p>
   </div>
   <div class='ocr_carea' id='block_1_92' title="bbox 1050 1577 1846 1624">
    <p class='ocr_par' dir='ltr' id='par_1_92' title="bbox 1050 1577 1846 1624">
     <span class='ocr_line' id='line_1_92' title="bbox 1050 1577 1846 1624; baseline -0.016 -7"><span class='ocrx_word' id='word_1_716' title='bbox 1050 1596 1093 1618; x_wconf 88' lang='lat' dir='ltr'><strong>tur</strong></span> <span class='ocrx_word' id='word_1_717' title='bbox 1104 1588 1177 1624; x_wconf 86' lang='lat' dir='ltr'><strong>quod</strong></span> <span class='ocrx_word' id='word_1_718' title='bbox 1191 1584 1359 1622; x_wconf 62' lang='lat' dir='ltr'><strong>praetenditis</strong></span> <span class='ocrx_word' id='word_1_719' title='bbox 1372 1583 1517 1611; x_wconf 84' lang='lat' dir='ltr'><strong>adversum</strong></span> <span class='ocrx_word' id='word_1_720' title='bbox 1532 1588 1583 1608; x_wconf 89' lang='lat' dir='ltr'><strong>nos</strong></span> <span class='ocrx_word' id='word_1_721' title='bbox 1595 1589 1602 1606; x_wconf 91' lang='lat'><strong>:</strong></span> <span class='ocrx_word' id='word_1_722' title='bbox 1617 1587 1704 1615; x_wconf 88' lang='lat' dir='ltr'><strong>neque</strong></span> <span class='ocrx_word' id='word_1_723' title='bbox 1717 1579 1788 1606; x_wconf 91' lang='lat' dir='ltr'><strong>enim</strong></span> <span class='ocrx_word' id='word_1_724' title='bbox 1801 1577 1846 1605; x_wconf 91' lang='lat' dir='ltr'><strong>hic</strong></span> 
     </span>
    </p>
   </div>
   <div class='ocr_carea' id='block_1_93' title="bbox 1050 1625 1841 1663">
    <p class='ocr_par' dir='ltr' id='par_1_93' title="bbox 1050 1625 1841 1663">
     <span class='ocr_line' id='line_1_93' title="bbox 1050 1625 1841 1663; baseline -0.016 -1"><span class='ocrx_word' id='word_1_725' title='bbox 1050 1636 1077 1662; x_wconf 91' lang='lat' dir='ltr'><strong>in</strong></span> <span class='ocrx_word' id='word_1_726' title='bbox 1092 1633 1208 1661; x_wconf 88' lang='lat' dir='ltr'><strong>Domino</strong></span> <span class='ocrx_word' id='word_1_727' title='bbox 1216 1637 1319 1663; x_wconf 88' lang='lat' dir='ltr'><strong>nostro,</strong></span> <span class='ocrx_word' id='word_1_728' title='bbox 1337 1629 1402 1657; x_wconf 80' lang='lat' dir='ltr'><strong>Jesu</strong></span> <span class='ocrx_word' id='word_1_729' title='bbox 1416 1627 1527 1656; x_wconf 88' lang='lat' dir='ltr'><strong>Christo</strong></span> <span class='ocrx_word' id='word_1_730' title='bbox 1542 1625 1658 1658; x_wconf 85' lang='lat' dir='ltr'><strong>scilicet,</strong></span> <span class='ocrx_word' id='word_1_731' title='bbox 1674 1628 1765 1660; x_wconf 77' lang='lat' dir='ltr'><strong>partes</strong></span> <span class='ocrx_word' id='word_1_732' title='bbox 1778 1630 1841 1658; x_wconf 82' lang='lat' dir='ltr'><strong>par-</strong></span> 
     </span>
    </p>
   </div>
   <div class='ocr_carea' id='block_1_94' title="bbox 1050 1672 1846 1709">
    <p class='ocr_par' dir='ltr' id='par_1_94' title="bbox 1050 1672 1846 1709">
     <span class='ocr_line' id='line_1_94' title="bbox 1050 1672 1846 1709; baseline -0.015 0"><span class='ocrx_word' id='word_1_733' title='bbox 1050 1681 1116 1709; x_wconf 89' lang='lat' dir='ltr'><strong>tium</strong></span> <span class='ocrx_word' id='word_1_734' title='bbox 1139 1677 1312 1708; x_wconf 69' lang='lat' dir='ltr'><strong>attendenda:</strong></span> <span class='ocrx_word' id='word_1_735' title='bbox 1343 1680 1418 1708; x_wconf 89' lang='lat' dir='ltr'><strong>sunt,</strong></span> <span class='ocrx_word' id='word_1_736' title='bbox 1442 1675 1482 1702; x_wconf 87' lang='lat' dir='ltr'><strong>vel</strong></span> <span class='ocrx_word' id='word_1_737' title='bbox 1500 1672 1678 1702; x_wconf 85' lang='lat' dir='ltr'><strong>humanitatis</strong></span> <span class='ocrx_word' id='word_1_738' title='bbox 1700 1678 1799 1706; x_wconf 86' lang='lat' dir='ltr'><strong>corpus</strong></span> <span class='ocrx_word' id='word_1_739' title='bbox 1819 1673 1846 1697; x_wconf 85' lang='lat' dir='ltr'><strong>et</strong></span> 
     </span>
    </p>
   </div>
   <div class='ocr_carea' id='block_1_95' title="bbox 1048 1717 1845 1759">
    <p class='ocr_par' dir='ltr' id='par_1_95' title="bbox 1048 1717 1845 1759">
     <span class='ocr_line' id='line_1_95' title="bbox 1048 1717 1845 1759; baseline -0.016 -4"><span class='ocrx_word' id='word_1_740' title='bbox 1048 1727 1151 1759; x_wconf 80' lang='lat' dir='ltr'><strong>anima,</strong></span> <span class='ocrx_word' id='word_1_741' title='bbox 1172 1725 1220 1754; x_wconf 84' lang='lat' dir='ltr'><strong>sed</strong></span> <span class='ocrx_word' id='word_1_742' title='bbox 1241 1731 1303 1759; x_wconf 80' lang='lat' dir='ltr'><strong>quae</strong></span> <span class='ocrx_word' id='word_1_743' title='bbox 1320 1722 1444 1758; x_wconf 78' lang='lat' dir='ltr'><strong>proxime</strong></span> <span class='ocrx_word' id='word_1_744' title='bbox 1464 1720 1677 1754; x_wconf 87' lang='lat' dir='ltr'><strong>immediateque</strong></span> <span class='ocrx_word' id='word_1_745' title='bbox 1700 1717 1845 1748; x_wconf 87' lang='lat' dir='ltr'><strong>uniuntur,</strong></span> 
     </span>
    </p>
   </div>
   <div class='ocr_carea' id='block_1_96' title="bbox 1048 1762 1846 1806">
    <p class='ocr_par' dir='ltr' id='par_1_96' title="bbox 1048 1762 1846 1806">
     <span class='ocr_line' id='line_1_96' title="bbox 1048 1762 1846 1806; baseline -0.015 -5"><span class='ocrx_word' id='word_1_746' title='bbox 1048 1773 1179 1801; x_wconf 83' lang='lat' dir='ltr'><strong>divinitas</strong></span> <span class='ocrx_word' id='word_1_747' title='bbox 1197 1775 1280 1806; x_wconf 85' lang='lat' dir='ltr'><strong>atque</strong></span> <span class='ocrx_word' id='word_1_748' title='bbox 1303 1768 1472 1797; x_wconf 88' lang='lat' dir='ltr'><strong>humanitas.</strong></span> <span class='ocrx_word' id='word_1_749' title='bbox 1489 1767 1522 1796; x_wconf 86' lang='lat' dir='ltr'><strong>Et</strong></span> <span class='ocrx_word' id='word_1_750' title='bbox 1538 1767 1561 1795; x_wconf 90' lang='lat' dir='ltr'><strong>si</strong></span> <span class='ocrx_word' id='word_1_751' title='bbox 1577 1766 1645 1794; x_wconf 81' lang='lat' dir='ltr'><strong>duas</strong></span> <span class='ocrx_word' id='word_1_752' title='bbox 1663 1768 1777 1792; x_wconf 84' lang='lat' dir='ltr'><strong>naturas</strong></span> <span class='ocrx_word' id='word_1_753' title='bbox 1796 1762 1846 1789; x_wconf 90' lang='lat' dir='ltr'><strong>ha-</strong></span> 
     </span>
    </p>
   </div>
   <div class='ocr_carea' id='block_1_97' title="bbox 1049 1808 1846 1846">
    <p class='ocr_par' dir='ltr' id='par_1_97' title="bbox 1049 1808 1846 1846">
     <span class='ocr_line' id='line_1_97' title="bbox 1049 1808 1846 1846; baseline -0.014 -1"><span class='ocrx_word' id='word_1_754' title='bbox 1049 1819 1114 1846; x_wconf 84' lang='lat' dir='ltr'><strong>bere</strong></span> <span class='ocrx_word' id='word_1_755' title='bbox 1135 1816 1274 1844; x_wconf 86' lang='lat' dir='ltr'><strong>hominem</strong></span> <span class='ocrx_word' id='word_1_756' title='bbox 1295 1822 1346 1842; x_wconf 89' lang='lat' dir='ltr'><strong>nos</strong></span> <span class='ocrx_word' id='word_1_757' title='bbox 1365 1817 1531 1846; x_wconf 85' lang='lat' dir='ltr'><strong>asserentes,</strong></span> <span class='ocrx_word' id='word_1_758' title='bbox 1549 1816 1580 1840; x_wconf 90' lang='lat' dir='ltr'><strong>ut</strong></span> <span class='ocrx_word' id='word_1_759' title='bbox 1598 1817 1645 1838; x_wconf 78' lang='lat' dir='ltr'><strong>vos</strong></span> <span class='ocrx_word' id='word_1_760' title='bbox 1663 1808 1846 1840; x_wconf 83' lang='lat' dir='ltr'><strong>contenditis,</strong></span> 
     </span>
    </p>
   </div>
   <div class='ocr_carea' id='block_1_98' title="bbox 1049 1858 1847 1892">
    <p class='ocr_par' dir='ltr' id='par_1_98' title="bbox 1049 1858 1847 1892">
     <span class='ocr_line' id='line_1_98' title="bbox 1049 1858 1847 1892; baseline -0.015 0"><span class='ocrx_word' id='word_1_761' title='bbox 1049 1869 1106 1892; x_wconf 85' lang='lat' dir='ltr'><strong>tres</strong></span> <span class='ocrx_word' id='word_1_762' title='bbox 1130 1867 1244 1891; x_wconf 89' lang='lat' dir='ltr'><strong>naturas</strong></span> <span class='ocrx_word' id='word_1_763' title='bbox 1264 1861 1292 1889; x_wconf 92' lang='lat' dir='ltr'><strong>in</strong></span> <span class='ocrx_word' id='word_1_764' title='bbox 1311 1860 1421 1889; x_wconf 83' lang='lat' dir='ltr'><strong>Christo</strong></span> <span class='ocrx_word' id='word_1_765' title='bbox 1439 1859 1530 1887; x_wconf 88' lang='lat' dir='ltr'><strong>dicere</strong></span> <span class='ocrx_word' id='word_1_766' title='bbox 1553 1863 1723 1892; x_wconf 83' lang='lat' dir='ltr'><strong>cogeremur,</strong></span> <span class='ocrx_word' id='word_1_767' title='bbox 1750 1858 1777 1882; x_wconf 89' lang='lat' dir='ltr'><strong>et</strong></span> <span class='ocrx_word' id='word_1_768' title='bbox 1797 1861 1847 1881; x_wconf 89' lang='lat' dir='ltr'><strong>vos</strong></span> 
     </span>
    </p>
   </div>
   <div class='ocr_carea' id='block_1_99' title="bbox 1050 1899 1848 1945">
    <p class='ocr_par' dir='ltr' id='par_1_99' title="bbox 1050 1899 1848 1945">
     <span class='ocr_line' id='line_1_99' title="bbox 1050 1899 1848 1945; baseline -0.015 -8"><span class='ocrx_word' id='word_1_769' title='bbox 1050 1909 1133 1945; x_wconf 74' lang='lat' dir='ltr'><strong>igitur</strong></span> <span class='ocrx_word' id='word_1_770' title='bbox 1148 1916 1183 1936; x_wconf 76' lang='lat' dir='ltr'><strong>ex</strong></span> <span class='ocrx_word' id='word_1_771' title='bbox 1198 1907 1307 1936; x_wconf 75' lang='lat' dir='ltr'><strong>duabus</strong></span> <span class='ocrx_word' id='word_1_772' title='bbox 1319 1906 1427 1933; x_wconf 87' lang='lat' dir='ltr'><strong>naturis</strong></span> <span class='ocrx_word' id='word_1_773' title='bbox 1442 1904 1579 1932; x_wconf 88' lang='lat' dir='ltr'><strong>hominem</strong></span> <span class='ocrx_word' id='word_1_774' title='bbox 1592 1902 1770 1933; x_wconf 79' lang='lat' dir='ltr'><strong>alﬁrmantcs,</strong></span> <span class='ocrx_word' id='word_1_775' title='bbox 1784 1899 1848 1926; x_wconf 87' lang='lat' dir='ltr'><strong>licet</strong></span> 
     </span>
    </p>
   </div>
   <div class='ocr_carea' id='block_1_100' title="bbox 1051 1948 1848 1987">
    <p class='ocr_par' dir='ltr' id='par_1_100' title="bbox 1051 1948 1848 1987">
     <span class='ocr_line' id='line_1_100' title="bbox 1051 1948 1848 1987; baseline -0.015 -4"><span class='ocrx_word' id='word_1_776' title='bbox 1051 1963 1107 1983; x_wconf 93' lang='lat' dir='ltr'><strong>non</strong></span> <span class='ocrx_word' id='word_1_777' title='bbox 1132 1954 1213 1986; x_wconf 85' lang='lat' dir='ltr'><strong>duas,</strong></span> <span class='ocrx_word' id='word_1_778' title='bbox 1242 1959 1331 1987; x_wconf 87' lang='lat' dir='ltr'><strong>neque</strong></span> <span class='ocrx_word' id='word_1_779' title='bbox 1355 1952 1382 1979; x_wconf 92' lang='lat' dir='ltr'><strong>in</strong></span> <span class='ocrx_word' id='word_1_780' title='bbox 1407 1951 1525 1982; x_wconf 85' lang='lat' dir='ltr'><strong>duabus,</strong></span> <span class='ocrx_word' id='word_1_781' title='bbox 1544 1948 1590 1976; x_wconf 81' lang='lat' dir='ltr'><strong>sed</strong></span> <span class='ocrx_word' id='word_1_782' title='bbox 1613 1955 1695 1975; x_wconf 85' lang='lat' dir='ltr'><strong>unam</strong></span> <span class='ocrx_word' id='word_1_783' title='bbox 1721 1950 1848 1973; x_wconf 86' lang='lat' dir='ltr'><strong>naturam</strong></span> 
     </span>
    </p>
   </div>
   <div class='ocr_carea' id='block_1_101' title="bbox 1049 1990 1849 2031">
    <p class='ocr_par' dir='ltr' id='par_1_101' title="bbox 1049 1990 1849 2031">
     <span class='ocr_line' id='line_1_101' title="bbox 1049 1990 1849 2031; baseline -0.016 -1"><span class='ocrx_word' id='word_1_784' title='bbox 1049 2008 1111 2030; x_wconf 80' lang='lat' dir='ltr'><strong>esse</strong></span> <span class='ocrx_word' id='word_1_785' title='bbox 1134 2000 1267 2031; x_wconf 85' lang='lat' dir='ltr'><strong>dicentes,</strong></span> <span class='ocrx_word' id='word_1_786' title='bbox 1287 1997 1468 2026; x_wconf 86' lang='lat' dir='ltr'><strong>nihilominus</strong></span> <span class='ocrx_word' id='word_1_787' title='bbox 1489 2003 1521 2023; x_wconf 79' lang='lat' dir='ltr'><strong>ex</strong></span> <span class='ocrx_word' id='word_1_788' title='bbox 1546 1995 1633 2022; x_wconf 90' lang='lat' dir='ltr'><strong>tribus</strong></span> <span class='ocrx_word' id='word_1_789' title='bbox 1650 1992 1755 2020; x_wconf 85' lang='lat' dir='ltr'><strong>naturis</strong></span> <span class='ocrx_word' id='word_1_790' title='bbox 1771 1990 1849 2018; x_wconf 89' lang='lat' dir='ltr'><strong>Chri-</strong></span> 
     </span>
    </p>
   </div>
   <div class='ocr_carea' id='block_1_102' title="bbox 1050 2039 1849 2079">
    <p class='ocr_par' dir='ltr' id='par_1_102' title="bbox 1050 2039 1849 2079">
     <span class='ocr_line' id='line_1_102' title="bbox 1050 2039 1849 2079; baseline -0.016 -2"><span class='ocrx_word' id='word_1_791' title='bbox 1050 2053 1125 2078; x_wconf 88' lang='lat' dir='ltr'><strong>stum</strong></span> <span class='ocrx_word' id='word_1_792' title='bbox 1147 2054 1208 2075; x_wconf 87' lang='lat' dir='ltr'><strong>esse</strong></span> <span class='ocrx_word' id='word_1_793' title='bbox 1229 2045 1365 2074; x_wconf 81' lang='lat' dir='ltr'><strong>statuetis.</strong></span> <span class='ocrx_word' id='word_1_794' title='bbox 1390 2044 1491 2079; x_wconf 82' lang='lat' dir='ltr'><strong>Sicque</strong></span> <span class='ocrx_word' id='word_1_795' title='bbox 1511 2050 1558 2077; x_wconf 84' lang='lat' dir='ltr'><strong>per</strong></span> <span class='ocrx_word' id='word_1_796' title='bbox 1578 2040 1660 2069; x_wconf 86' lang='lat' dir='ltr'><strong>verba</strong></span> <span class='ocrx_word' id='word_1_797' title='bbox 1679 2039 1732 2074; x_wconf 86' lang='lat' dir='ltr'><strong>ipsi</strong></span> <span class='ocrx_word' id='word_1_798' title='bbox 1756 2043 1849 2066; x_wconf 88' lang='lat' dir='ltr'><strong>vestra</strong></span> 
     </span>
    </p>
   </div>
   <div class='ocr_carea' id='block_1_103' title="bbox 1051 2087 1850 2123">
    <p class='ocr_par' dir='ltr' id='par_1_103' title="bbox 1051 2087 1850 2123">
     <span class='ocr_line' id='line_1_103' title="bbox 1051 2087 1850 2123; baseline -0.016 0"><span class='ocrx_word' id='word_1_799' title='bbox 1051 2093 1222 2123; x_wconf 81' lang='lat' dir='ltr'><strong>refellemini.</strong></span> <span class='ocrx_word' id='word_1_800' title='bbox 1236 2091 1288 2120; x_wconf 87' lang='lat' dir='ltr'><strong>Sed</strong></span> <span class='ocrx_word' id='word_1_801' title='bbox 1301 2092 1353 2119; x_wconf 91' lang='lat' dir='ltr'><strong>hoc</strong></span> <span class='ocrx_word' id='word_1_802' title='bbox 1367 2098 1421 2118; x_wconf 90' lang='lat' dir='ltr'><strong>non</strong></span> <span class='ocrx_word' id='word_1_803' title='bbox 1431 2095 1473 2118; x_wconf 86' lang='lat' dir='ltr'><strong>est</strong></span> <span class='ocrx_word' id='word_1_804' title='bbox 1487 2098 1494 2123; x_wconf 90' lang='lat'><strong>;</strong></span> <span class='ocrx_word' id='word_1_805' title='bbox 1509 2096 1563 2116; x_wconf 91' lang='lat' dir='ltr'><strong>non</strong></span> <span class='ocrx_word' id='word_1_806' title='bbox 1579 2095 1645 2122; x_wconf 79' lang='lat' dir='ltr'><strong>ergo</strong></span> <span class='ocrx_word' id='word_1_807' title='bbox 1657 2087 1726 2114; x_wconf 84' lang='lat' dir='ltr'><strong>duas</strong></span> <span class='ocrx_word' id='word_1_808' title='bbox 1738 2088 1850 2112; x_wconf 77' lang='lat' dir='ltr'><strong>naturas</strong></span> 
     </span>
    </p>
   </div>
   <div class='ocr_carea' id='block_1_104' title="bbox 1051 2131 1850 2168">
    <p class='ocr_par' dir='ltr' id='par_1_104' title="bbox 1051 2131 1850 2168">
     <span class='ocr_line' id='line_1_104' title="bbox 1051 2131 1850 2168; baseline -0.018 0"><span class='ocrx_word' id='word_1_809' title='bbox 1051 2140 1155 2168; x_wconf 84' lang='lat' dir='ltr'><strong>habere</strong></span> <span class='ocrx_word' id='word_1_810' title='bbox 1168 2145 1219 2166; x_wconf 89' lang='lat' dir='ltr'><strong>nos</strong></span> <span class='ocrx_word' id='word_1_811' title='bbox 1233 2136 1374 2165; x_wconf 85' lang='lat' dir='ltr'><strong>Christum</strong></span> <span class='ocrx_word' id='word_1_812' title='bbox 1390 2138 1557 2166; x_wconf 85' lang='lat' dir='ltr'><strong>asserentes,</strong></span> <span class='ocrx_word' id='word_1_813' title='bbox 1573 2132 1638 2159; x_wconf 90' lang='lat' dir='ltr'><strong>licet</strong></span> <span class='ocrx_word' id='word_1_814' title='bbox 1651 2131 1718 2158; x_wconf 86' lang='lat' dir='ltr'><strong>duas</strong></span> <span class='ocrx_word' id='word_1_815' title='bbox 1736 2133 1850 2156; x_wconf 81' lang='lat' dir='ltr'><strong>naturas</strong></span> 
     </span>
    </p>
   </div>
   <div class='ocr_carea' id='block_1_105' title="bbox 1053 2173 1852 2213">
    <p class='ocr_par' dir='ltr' id='par_1_105' title="bbox 1053 2173 1852 2213">
     <span class='ocr_line' id='line_1_105' title="bbox 1053 2173 1852 2213; baseline -0.018 0"><span class='ocrx_word' id='word_1_816' title='bbox 1053 2185 1192 2213; x_wconf 89' lang='lat' dir='ltr'><strong>hominem</strong></span> <span class='ocrx_word' id='word_1_817' title='bbox 1208 2182 1310 2210; x_wconf 88' lang='lat' dir='ltr'><strong>habere</strong></span> <span class='ocrx_word' id='word_1_818' title='bbox 1327 2181 1471 2213; x_wconf 79' lang='lat' dir='ltr'><strong>dicamus,</strong></span> <span class='ocrx_word' id='word_1_819' title='bbox 1496 2183 1552 2206; x_wconf 87' lang='lat' dir='ltr'><strong>tres</strong></span> <span class='ocrx_word' id='word_1_820' title='bbox 1572 2177 1704 2205; x_wconf 85' lang='lat' dir='ltr'><strong>adversus</strong></span> <span class='ocrx_word' id='word_1_821' title='bbox 1725 2183 1775 2201; x_wconf 86' lang='lat' dir='ltr'><strong>nos</strong></span> <span class='ocrx_word' id='word_1_822' title='bbox 1795 2173 1852 2201; x_wconf 86' lang='lat' dir='ltr'><strong>col-</strong></span> 
     </span>
    </p>
   </div>
   <div class='ocr_carea' id='block_1_106' title="bbox 1053 2219 1849 2266">
    <p class='ocr_par' dir='ltr' id='par_1_106' title="bbox 1053 2219 1849 2266">
     <span class='ocr_line' id='line_1_106' title="bbox 1053 2219 1849 2266; baseline -0.018 -8"><span class='ocrx_word' id='word_1_823' title='bbox 1053 2231 1182 2266; x_wconf 77' lang='lat' dir='ltr'><strong>ligentur.</strong></span> <span class='ocrx_word' id='word_1_824' title='bbox 1203 2228 1262 2255; x_wconf 86' lang='lat' dir='ltr'><strong>Alia</strong></span> <span class='ocrx_word' id='word_1_825' title='bbox 1282 2232 1392 2262; x_wconf 82' lang='lat' dir='ltr'><strong>quoque</strong></span> <span class='ocrx_word' id='word_1_826' title='bbox 1412 2224 1519 2253; x_wconf 85' lang='lat' dir='ltr'><strong>ratione</strong></span> <span class='ocrx_word' id='word_1_827' title='bbox 1538 2223 1589 2250; x_wconf 91' lang='lat' dir='ltr'><strong>hoc</strong></span> <span class='ocrx_word' id='word_1_828' title='bbox 1604 2222 1693 2255; x_wconf 83' lang='lat' dir='ltr'><strong>ipsum</strong></span> <span class='ocrx_word' id='word_1_829' title='bbox 1707 2219 1849 2255; x_wconf 84' lang='lat' dir='ltr'><strong>probatur.</strong></span> 
     </span>
    </p>
   </div>
   <div class='ocr_carea' id='block_1_107' title="bbox 1053 2263 1850 2304">
    <p class='ocr_par' dir='ltr' id='par_1_107' title="bbox 1053 2263 1850 2304">
     <span class='ocr_line' id='line_1_107' title="bbox 1053 2263 1850 2304; baseline -0.019 0"><span class='ocrx_word' id='word_1_830' title='bbox 1053 2263 1142 2304; x_wconf 57' lang='lat' dir='ltr'><strong>Homo</strong></span> <span class='ocrx_word' id='word_1_831' title='bbox 1161 2275 1248 2303; x_wconf 87' lang='lat' dir='ltr'><strong>autin</strong></span> <span class='ocrx_word' id='word_1_832' title='bbox 1264 2271 1412 2301; x_wconf 80' lang='lat' dir='ltr'><strong>universali</strong></span> <span class='ocrx_word' id='word_1_833' title='bbox 1428 2274 1481 2303; x_wconf 82' lang='lat' dir='ltr'><strong>est,</strong></span> <span class='ocrx_word' id='word_1_834' title='bbox 1498 2273 1546 2296; x_wconf 87' lang='lat' dir='ltr'><strong>aut</strong></span> <span class='ocrx_word' id='word_1_835' title='bbox 1560 2269 1588 2295; x_wconf 92' lang='lat' dir='ltr'><strong>in</strong></span> <span class='ocrx_word' id='word_1_836' title='bbox 1603 2271 1690 2303; x_wconf 87' lang='lat' dir='ltr'><strong>parte,</strong></span> <span class='ocrx_word' id='word_1_837' title='bbox 1706 2266 1732 2292; x_wconf 92' lang='lat' dir='ltr'><strong>in</strong></span> <span class='ocrx_word' id='word_1_838' title='bbox 1751 2263 1850 2291; x_wconf 81' lang='lat' dir='ltr'><strong>indivi-</strong></span> 
     </span>
    </p>
   </div>
   <div class='ocr_carea' id='block_1_108' title="bbox 1057 2312 1869 2356">
    <p class='ocr_par' dir='ltr' id='par_1_108' title="bbox 1057 2312 1869 2356">
     <span class='ocr_line' id='line_1_108' title="bbox 1057 2312 1869 2356; baseline -0.018 -6"><span class='ocrx_word' id='word_1_839' title='bbox 1057 2323 1111 2351; x_wconf 86' lang='lat' dir='ltr'><strong>duo</strong></span> <span class='ocrx_word' id='word_1_840' title='bbox 1130 2328 1237 2356; x_wconf 90' lang='lat' dir='ltr'><strong>nempe,</strong></span> <span class='ocrx_word' id='word_1_841' title='bbox 1252 2319 1300 2348; x_wconf 88' lang='lat' dir='ltr'><strong>sed</strong></span> <span class='ocrx_word' id='word_1_842' title='bbox 1315 2317 1466 2350; x_wconf 85' lang='lat' dir='ltr'><strong>hominem,</strong></span> <span class='ocrx_word' id='word_1_843' title='bbox 1481 2315 1529 2352; x_wconf 89' lang='lat' dir='ltr'><strong>qui</strong></span> <span class='ocrx_word' id='word_1_844' title='bbox 1547 2315 1576 2342; x_wconf 90' lang='lat' dir='ltr'><strong>in</strong></span> <span class='ocrx_word' id='word_1_845' title='bbox 1593 2312 1736 2341; x_wconf 89' lang='lat' dir='ltr'><strong>individuo</strong></span> <span class='ocrx_word' id='word_1_846' title='bbox 1750 2314 1802 2343; x_wconf 86' lang='lat' dir='ltr'><strong>est,</strong></span> <span class='ocrx_word' id='word_1_847' title='bbox 1816 2317 1849 2336; x_wconf 81' lang='lat' dir='ltr'><strong>ex</strong></span> <span class='ocrx_word' id='word_1_848' title='bbox 1865 2341 1869 2344; x_wconf 19' lang='grc' dir='ltr'>λ</span> 
     </span>
    </p>
   </div>
   <div class='ocr_carea' id='block_1_109' title="bbox 1057 2358 1851 2397">
    <p class='ocr_par' dir='ltr' id='par_1_109' title="bbox 1057 2358 1851 2397">
     <span class='ocr_line' id='line_1_109' title="bbox 1057 2358 1851 2397; baseline -0.021 0"><span class='ocrx_word' id='word_1_849' title='bbox 1057 2369 1164 2397; x_wconf 88' lang='lat' dir='ltr'><strong>duabus</strong></span> <span class='ocrx_word' id='word_1_850' title='bbox 1178 2365 1286 2394; x_wconf 83' lang='lat' dir='ltr'><strong>naturis</strong></span> <span class='ocrx_word' id='word_1_851' title='bbox 1302 2363 1430 2392; x_wconf 80' lang='lat' dir='ltr'><strong>constitui</strong></span> <span class='ocrx_word' id='word_1_852' title='bbox 1446 2361 1570 2397; x_wconf 88' lang='lat' dir='ltr'><strong>corporis</strong></span> <span class='ocrx_word' id='word_1_853' title='bbox 1595 2364 1621 2387; x_wconf 91' lang='lat' dir='ltr'><strong>et</strong></span> <span class='ocrx_word' id='word_1_854' title='bbox 1634 2358 1742 2389; x_wconf 67' lang='lat' dir='ltr'><strong>animm,</strong></span> <span class='ocrx_word' id='word_1_855' title='bbox 1760 2362 1851 2385; x_wconf 83' lang='lat' dir='ltr'><strong>nemo,</strong></span> 
     </span>
    </p>
   </div>
   <div class='ocr_carea' id='block_1_110' title="bbox 1057 2398 1852 2451">
    <p class='ocr_par' dir='ltr' id='par_1_110' title="bbox 1057 2398 1852 2451">
     <span class='ocr_line' id='line_1_110' title="bbox 1057 2398 1852 2451; baseline -0.023 -8"><span class='ocrx_word' id='word_1_856' title='bbox 1057 2414 1104 2451; x_wconf 91' lang='lat' dir='ltr'><strong>qui</strong></span> <span class='ocrx_word' id='word_1_857' title='bbox 1119 2413 1203 2450; x_wconf 79' lang='lat' dir='ltr'><strong>probe</strong></span> <span class='ocrx_word' id='word_1_858' title='bbox 1219 2412 1252 2440; x_wconf 87' lang='lat' dir='ltr'><strong>de</strong></span> <span class='ocrx_word' id='word_1_859' title='bbox 1267 2411 1349 2439; x_wconf 87' lang='lat' dir='ltr'><strong>rebus</strong></span> <span class='ocrx_word' id='word_1_860' title='bbox 1365 2408 1499 2444; x_wconf 82' lang='lat' dir='ltr'><strong>judicium</strong></span> <span class='ocrx_word' id='word_1_861' title='bbox 1517 2405 1590 2433; x_wconf 82' lang='lat' dir='ltr'><strong>ferre</strong></span> <span class='ocrx_word' id='word_1_862' title='bbox 1607 2403 1692 2434; x_wconf 89' lang='lat' dir='ltr'><strong>novit,</strong></span> <span class='ocrx_word' id='word_1_863' title='bbox 1711 2398 1852 2429; x_wconf 75' lang='lat' dir='ltr'><strong>contrudi-</strong></span> 
     </span>
    </p>
   </div>
   <div class='ocr_carea' id='block_1_111' title="bbox 1057 2448 1853 2494">
    <p class='ocr_par' dir='ltr' id='par_1_111' title="bbox 1057 2448 1853 2494">
     <span class='ocr_line' id='line_1_111' title="bbox 1057 2448 1853 2494; baseline -0.021 -5"><span class='ocrx_word' id='word_1_864' title='bbox 1057 2448 1100 2489; x_wconf 52' lang='grc' dir='ltr'>(ἔοι</span> <span class='ocrx_word' id='word_1_865' title='bbox 1113 2448 1127 2494; x_wconf 41' lang='grc' dir='ltr'>ς.</span> <span class='ocrx_word' id='word_1_866' title='bbox 1140 2466 1228 2494; x_wconf 88' lang='lat' dir='ltr'><strong>neque</strong></span> <span class='ocrx_word' id='word_1_867' title='bbox 1248 2457 1321 2485; x_wconf 88' lang='lat' dir='ltr'><strong>enim</strong></span> <span class='ocrx_word' id='word_1_868' title='bbox 1336 2461 1436 2489; x_wconf 88' lang='lat' dir='ltr'><strong>corpus</strong></span> <span class='ocrx_word' id='word_1_869' title='bbox 1451 2451 1608 2480; x_wconf 85' lang='lat' dir='ltr'><strong>immortale</strong></span> <span class='ocrx_word' id='word_1_870' title='bbox 1623 2453 1675 2482; x_wconf 85' lang='lat' dir='ltr'><strong>est,</strong></span> <span class='ocrx_word' id='word_1_871' title='bbox 1691 2448 1737 2476; x_wconf 86' lang='lat' dir='ltr'><strong>sed</strong></span> <span class='ocrx_word' id='word_1_872' title='bbox 1756 2453 1853 2474; x_wconf 89' lang='lat' dir='ltr'><strong>corru-</strong></span> 
     </span>
    </p>
   </div>
   <div class='ocr_carea' id='block_1_112' title="bbox 1057 2493 1853 2542">
    <p class='ocr_par' dir='ltr' id='par_1_112' title="bbox 1057 2493 1853 2542">
     <span class='ocr_line' id='line_1_112' title="bbox 1057 2493 1853 2542; baseline -0.023 -7"><span class='ocrx_word' id='word_1_873' title='bbox 1057 2493 1143 2542; x_wconf 89' lang='lat' dir='ltr'><strong>ptioni</strong></span> <span class='ocrx_word' id='word_1_874' title='bbox 1155 2493 1313 2534; x_wconf 77' lang='lat' dir='ltr'><strong>obnoxium,</strong></span> <span class='ocrx_word' id='word_1_875' title='bbox 1329 2508 1420 2536; x_wconf 81' lang='lat' dir='ltr'><strong>neque</strong></span> <span class='ocrx_word' id='word_1_876' title='bbox 1435 2498 1526 2526; x_wconf 88' lang='lat' dir='ltr'><strong>anima</strong></span> <span class='ocrx_word' id='word_1_877' title='bbox 1538 2496 1671 2527; x_wconf 86' lang='lat' dir='ltr'><strong>mortalis,</strong></span> <span class='ocrx_word' id='word_1_878' title='bbox 1682 2494 1728 2521; x_wconf 89' lang='lat' dir='ltr'><strong>sed</strong></span> <span class='ocrx_word' id='word_1_879' title='bbox 1739 2493 1853 2520; x_wconf 88' lang='lat' dir='ltr'><strong>immor-</strong></span> 
     </span>
    </p>
   </div>
   <div class='ocr_carea' id='block_1_113' title="bbox 1058 2540 1854 2585">
    <p class='ocr_par' dir='ltr' id='par_1_113' title="bbox 1058 2540 1854 2585">
     <span class='ocr_line' id='line_1_113' title="bbox 1058 2540 1854 2585; baseline -0.021 -5"><span class='ocrx_word' id='word_1_880' title='bbox 1058 2540 1131 2584; x_wconf 74' lang='lat' dir='ltr'><strong>talis,</strong></span> <span class='ocrx_word' id='word_1_881' title='bbox 1149 2557 1239 2585; x_wconf 88' lang='lat' dir='ltr'><strong>neque</strong></span> <span class='ocrx_word' id='word_1_882' title='bbox 1255 2554 1356 2582; x_wconf 87' lang='lat' dir='ltr'><strong>corpus</strong></span> <span class='ocrx_word' id='word_1_883' title='bbox 1377 2543 1526 2577; x_wconf 74' lang='lat' dir='ltr'><strong>invisibiie,</strong></span> <span class='ocrx_word' id='word_1_884' title='bbox 1546 2549 1633 2577; x_wconf 85' lang='lat' dir='ltr'><strong>neque</strong></span> <span class='ocrx_word' id='word_1_885' title='bbox 1649 2540 1739 2568; x_wconf 86' lang='lat' dir='ltr'><strong>anima</strong></span> <span class='ocrx_word' id='word_1_886' title='bbox 1755 2544 1854 2571; x_wconf 89' lang='lat' dir='ltr'><strong>corpo-</strong></span> 
     </span>
    </p>
   </div>
   <div class='ocr_carea' id='block_1_114' title="bbox 1057 2581 1853 2629">
    <p class='ocr_par' dir='ltr' id='par_1_114' title="bbox 1057 2581 1853 2629">
     <span class='ocr_line' id='line_1_114' title="bbox 1057 2581 1853 2629; baseline -0.023 -3"><span class='ocrx_word' id='word_1_887' title='bbox 1057 2599 1113 2626; x_wconf 88' lang='lat' dir='ltr'><strong>reis</strong></span> <span class='ocrx_word' id='word_1_888' title='bbox 1134 2596 1223 2624; x_wconf 88' lang='lat' dir='ltr'><strong>oculis</strong></span> <span class='ocrx_word' id='word_1_889' title='bbox 1246 2592 1426 2629; x_wconf 87' lang='lat' dir='ltr'><strong>conspicitur,</strong></span> <span class='ocrx_word' id='word_1_890' title='bbox 1456 2589 1503 2619; x_wconf 89' lang='lat' dir='ltr'><strong>sed</strong></span> <span class='ocrx_word' id='word_1_891' title='bbox 1526 2589 1584 2616; x_wconf 68' lang='lat' dir='ltr'><strong>haec</strong></span> <span class='ocrx_word' id='word_1_892' title='bbox 1605 2587 1716 2622; x_wconf 89' lang='lat' dir='ltr'><strong>quidem</strong></span> <span class='ocrx_word' id='word_1_893' title='bbox 1741 2581 1853 2611; x_wconf 76' lang='lat' dir='ltr'><strong>rationis</strong></span> 
     </span>
    </p>
   </div>
   <div class='ocr_carea' id='block_1_115' title="bbox 1058 2627 1853 2679">
    <p class='ocr_par' dir='ltr' id='par_1_115' title="bbox 1058 2627 1853 2679">
     <span class='ocr_line' id='line_1_115' title="bbox 1058 2627 1853 2679; baseline -0.025 -6"><span class='ocrx_word' id='word_1_894' title='bbox 1058 2651 1170 2679; x_wconf 89' lang='lat' dir='ltr'><strong>compos</strong></span> <span class='ocrx_word' id='word_1_895' title='bbox 1191 2647 1243 2674; x_wconf 83' lang='lat' dir='ltr'><strong>cst.</strong></span> <span class='ocrx_word' id='word_1_896' title='bbox 1261 2646 1284 2668; x_wconf 90' lang='lat' dir='ltr'><strong>et</strong></span> <span class='ocrx_word' id='word_1_897' title='bbox 1310 2627 1510 2669; x_wconf 72' lang='lat' dir='ltr'><strong>intellectualis,</strong></span> <span class='ocrx_word' id='word_1_898' title='bbox 1532 2639 1560 2663; x_wconf 88' lang='lat' dir='ltr'><strong>et</strong></span> <span class='ocrx_word' id='word_1_899' title='bbox 1576 2635 1736 2667; x_wconf 85' lang='lat' dir='ltr'><strong>incorporea</strong></span> <span class='ocrx_word' id='word_1_900' title='bbox 1758 2637 1765 2662; x_wconf 84' lang='lat'>;</span> <span class='ocrx_word' id='word_1_901' title='bbox 1785 2627 1853 2654; x_wconf 87' lang='lat' dir='ltr'><strong>illud</strong></span> 
     </span>
    </p>
   </div>
   <div class='ocr_carea' id='block_1_116' title="bbox 1058 2679 1853 2724">
    <p class='ocr_par' dir='ltr' id='par_1_116' title="bbox 1058 2679 1853 2724">
     <span class='ocr_line' id='line_1_116' title="bbox 1058 2679 1853 2724; baseline -0.025 -5"><span class='ocrx_word' id='word_1_902' title='bbox 1058 2698 1192 2724; x_wconf 85' lang='lat' dir='ltr'><strong>crassum,</strong></span> <span class='ocrx_word' id='word_1_903' title='bbox 1205 2687 1322 2720; x_wconf 85' lang='lat' dir='ltr'><strong>visibile,</strong></span> <span class='ocrx_word' id='word_1_904' title='bbox 1339 2684 1468 2721; x_wconf 79' lang='lat' dir='ltr'><strong>tangibile</strong></span> <span class='ocrx_word' id='word_1_905' title='bbox 1482 2692 1490 2718; x_wconf 85' lang='lat'><strong>;</strong></span> <span class='ocrx_word' id='word_1_906' title='bbox 1505 2690 1560 2710; x_wconf 91' lang='lat' dir='ltr'><strong>non</strong></span> <span class='ocrx_word' id='word_1_907' title='bbox 1577 2680 1659 2708; x_wconf 90' lang='lat' dir='ltr'><strong>unius</strong></span> <span class='ocrx_word' id='word_1_908' title='bbox 1669 2685 1733 2706; x_wconf 86' lang='lat' dir='ltr'><strong>vero</strong></span> <span class='ocrx_word' id='word_1_909' title='bbox 1748 2679 1853 2702; x_wconf 71' lang='lat' dir='ltr'><strong>natum</strong></span> 
     </span>
    </p>
   </div>
   <div class='ocr_carea' id='block_1_117' title="bbox 1059 2726 1853 2770">
    <p class='ocr_par' dir='ltr' id='par_1_117' title="bbox 1059 2726 1853 2770">
     <span class='ocr_line' id='line_1_117' title="bbox 1059 2726 1853 2770; baseline -0.025 -6"><span class='ocrx_word' id='word_1_910' title='bbox 1059 2741 1122 2764; x_wconf 89' lang='lat' dir='ltr'><strong>sunt</strong></span> <span class='ocrx_word' id='word_1_911' title='bbox 1146 2742 1207 2770; x_wconf 65' lang='lat' dir='ltr'><strong>quae</strong></span> <span class='ocrx_word' id='word_1_912' title='bbox 1227 2738 1323 2762; x_wconf 88' lang='lat' dir='ltr'><strong>contra</strong></span> <span class='ocrx_word' id='word_1_913' title='bbox 1345 2739 1406 2759; x_wconf 84' lang='lat' dir='ltr'><strong>sese</strong></span> <span class='ocrx_word' id='word_1_914' title='bbox 1429 2729 1545 2757; x_wconf 88' lang='lat' dir='ltr'><strong>invicem</strong></span> <span class='ocrx_word' id='word_1_915' title='bbox 1570 2727 1772 2761; x_wconf 89' lang='lat' dir='ltr'><strong>opponuntur:</strong></span> <span class='ocrx_word' id='word_1_916' title='bbox 1797 2726 1853 2770; x_wconf 57' lang='lat' dir='ltr'><strong>nqn</strong></span> 
     </span>
    </p>
   </div>
   <div class='ocr_carea' id='block_1_118' title="bbox 1059 2763 1853 2815">
    <p class='ocr_par' dir='ltr' id='par_1_118' title="bbox 1059 2763 1853 2815">
     <span class='ocr_line' id='line_1_118' title="bbox 1059 2763 1853 2815; baseline -0.025 -5"><span class='ocrx_word' id='word_1_917' title='bbox 1059 2782 1141 2810; x_wconf 88' lang='lat' dir='ltr'><strong>unius</strong></span> <span class='ocrx_word' id='word_1_918' title='bbox 1169 2787 1234 2815; x_wconf 73' lang='lat' dir='ltr'><strong>ergo</strong></span> <span class='ocrx_word' id='word_1_919' title='bbox 1257 2777 1384 2807; x_wconf 61' lang='lat' dir='ltr'><strong>essentia;</strong></span> <span class='ocrx_word' id='word_1_920' title='bbox 1398 2783 1509 2810; x_wconf 87' lang='lat' dir='ltr'><strong>corpus,</strong></span> <span class='ocrx_word' id='word_1_921' title='bbox 1537 2777 1564 2800; x_wconf 83' lang='lat' dir='ltr'><strong>et</strong></span> <span class='ocrx_word' id='word_1_922' title='bbox 1586 2771 1687 2798; x_wconf 84' lang='lat' dir='ltr'><strong>anima.</strong></span> <span class='ocrx_word' id='word_1_923' title='bbox 1716 2767 1781 2794; x_wconf 84' lang='lat' dir='ltr'><strong>Item</strong></span> <span class='ocrx_word' id='word_1_924' title='bbox 1799 2775 1805 2793; x_wconf 90' lang='lat'><strong>:</strong></span> <span class='ocrx_word' id='word_1_925' title='bbox 1824 2763 1853 2791; x_wconf 89' lang='lat' dir='ltr'><strong>Si</strong></span> 
     </span>
    </p>
   </div>
   <div class='ocr_carea' id='block_1_119' title="bbox 1058 2811 1854 2862">
    <p class='ocr_par' dir='ltr' id='par_1_119' title="bbox 1058 2811 1854 2862">
     <span class='ocr_line' id='line_1_119' title="bbox 1058 2811 1854 2862; baseline -0.024 -6"><span class='ocrx_word' id='word_1_926' title='bbox 1058 2835 1174 2862; x_wconf 84' lang='lat' dir='ltr'><strong>quorum</strong></span> <span class='ocrx_word' id='word_1_927' title='bbox 1199 2825 1370 2853; x_wconf 84' lang='lat' dir='ltr'><strong>deﬁnitiones</strong></span> <span class='ocrx_word' id='word_1_928' title='bbox 1394 2823 1509 2850; x_wconf 69' lang='lat' dir='ltr'><strong>diversae</strong></span> <span class='ocrx_word' id='word_1_929' title='bbox 1537 2822 1610 2849; x_wconf 82' lang='lat' dir='ltr'><strong>sunt,</strong></span> <span class='ocrx_word' id='word_1_930' title='bbox 1639 2822 1732 2843; x_wconf 88' lang='lat' dir='ltr'><strong>eorum</strong></span> <span class='ocrx_word' id='word_1_931' title='bbox 1771 2811 1854 2840; x_wconf 82' lang='lat' dir='ltr'><strong>ctiam</strong></span> 
     </span>
    </p>
   </div>
   <div class='ocr_carea' id='block_1_120' title="bbox 1060 2857 1856 2904">
    <p class='ocr_par' dir='ltr' id='par_1_120' title="bbox 1060 2857 1856 2904">
     <span class='ocr_line' id='line_1_120' title="bbox 1060 2857 1856 2904; baseline -0.02 -3"><span class='ocrx_word' id='word_1_932' title='bbox 1060 2879 1164 2902; x_wconf 62' lang='lat' dir='ltr'><strong>natura:</strong></span> <span class='ocrx_word' id='word_1_933' title='bbox 1184 2873 1307 2904; x_wconf 57' lang='lat' dir='ltr'><strong>diversa),</strong></span> <span class='ocrx_word' id='word_1_934' title='bbox 1328 2870 1436 2899; x_wconf 75' lang='lat' dir='ltr'><strong>diversa</strong></span> <span class='ocrx_word' id='word_1_935' title='bbox 1453 2874 1517 2894; x_wconf 86' lang='lat' dir='ltr'><strong>vero</strong></span> <span class='ocrx_word' id='word_1_936' title='bbox 1533 2868 1574 2892; x_wconf 86' lang='lat' dir='ltr'><strong>est</strong></span> <span class='ocrx_word' id='word_1_937' title='bbox 1593 2860 1717 2897; x_wconf 86' lang='lat' dir='ltr'><strong>corporis</strong></span> <span class='ocrx_word' id='word_1_938' title='bbox 1736 2860 1805 2887; x_wconf 78' lang='lat' dir='ltr'><strong>ratio</strong></span> <span class='ocrx_word' id='word_1_939' title='bbox 1819 2857 1856 2886; x_wconf 86' lang='lat' dir='ltr'><strong>ab</strong></span> 
     </span>
    </p>
   </div>
   <div class='ocr_carea' id='block_1_121' title="bbox 1059 2907 1856 2955">
    <p class='ocr_par' dir='ltr' id='par_1_121' title="bbox 1059 2907 1856 2955">
     <span class='ocr_line' id='line_1_121' title="bbox 1059 2907 1856 2955; baseline -0.023 -7"><span class='ocrx_word' id='word_1_940' title='bbox 1059 2929 1102 2954; x_wconf 83' lang='lat' dir='ltr'><strong>ca,</strong></span> <span class='ocrx_word' id='word_1_941' title='bbox 1128 2927 1189 2955; x_wconf 78' lang='lat' dir='ltr'><strong>quae</strong></span> <span class='ocrx_word' id='word_1_942' title='bbox 1211 2918 1308 2946; x_wconf 66' lang='lat' dir='ltr'><strong>animo:</strong></span> <span class='ocrx_word' id='word_1_943' title='bbox 1327 2920 1379 2948; x_wconf 86' lang='lat' dir='ltr'><strong>est,</strong></span> <span class='ocrx_word' id='word_1_944' title='bbox 1403 2913 1510 2941; x_wconf 81' lang='lat' dir='ltr'><strong>diversa</strong></span> <span class='ocrx_word' id='word_1_945' title='bbox 1532 2909 1615 2946; x_wconf 79' lang='lat' dir='ltr'><strong>igitur</strong></span> <span class='ocrx_word' id='word_1_946' title='bbox 1636 2907 1687 2936; x_wconf 84' lang='lat' dir='ltr'><strong>erit</strong></span> <span class='ocrx_word' id='word_1_947' title='bbox 1711 2910 1738 2934; x_wconf 85' lang='lat' dir='ltr'><strong>et</strong></span> <span class='ocrx_word' id='word_1_948' title='bbox 1759 2908 1856 2932; x_wconf 77' lang='lat' dir='ltr'><strong>natura</strong></span> 
     </span>
    </p>
   </div>
  </div>
