2092 3156
246 139 301 174 635

878 136 1025 166 NICETrE
1045 136 1247 165 BYZANTINI

1825 135 1879 167 636

243 195 342 223 anima:
357 200 372 220 a
388 197 485 220 natura
499 192 631 227 corporis.
649 191 712 220 Haec
726 196 817 219 autem
837 196 1034 220 conservantur

1092 192 1136 226 τῆς
1147 190 1194 218 τοῦ
1208 191 1334 226 σώματος
1353 191 1471 226 φύσεως.
1485 191 1579 218 Ταῦτα
1598 191 1626 217 δὲ
1642 190 1773 229 σῴζονται
1787 191 1817 218 ὲν
1839 192 1878 228 τῷ

242 242 271 268 in
298 238 430 274 singulari
456 238 566 266 homine
593 238 825 266 immutabiliter:
849 237 918 265 duas
949 237 1034 272 igitur

244 289 358 313 naturas
372 285 452 312 homo
462 284 607 319 singularis
617 285 716 311 habere
723 284 838 311 dicetur.
851 283 947 310 Servat
960 283 1033 310 enim

244 335 391 365 utruntque
406 334 432 357 et
449 333 510 363 post
526 329 655 356 unionem
672 329 823 356 naturalem
839 328 1033 363 proprietatem

245 384 351 408 eorum,
369 383 401 403 ex
422 376 523 411 quibus
541 379 568 402 et
591 375 617 401 in
638 375 739 410 quibus
758 374 828 402 ratio
853 374 1035 408 conspicitur.

245 421 280 448 At
294 421 376 447 homo
393 421 418 447 itt
434 428 542 454 genere,
556 420 718 447 universalis
731 427 836 454 nempe,
848 427 910 447 cunt
925 420 986 454 quis
1000 419 1034 447 ad

244 472 287 498 ea,
302 474 334 494 ex
348 466 448 501 qttihus
465 467 648 500 componitur,
664 466 785 493 anintutn
800 466 957 498 adverterit,
974 465 1035 492 ani-

244 520 328 545 mam,
349 513 471 548 inquam,
490 517 518 540 et
533 520 649 548 corpus,
666 517 693 540 ct
709 513 765 547 ipsa
781 513 907 548 generica
928 517 954 540 et
973 512 1037 539 uni-

243 558 360 585 versalia
379 565 484 593 :neque
493 558 564 586 enim
579 558 636 585 tieri
655 563 754 593 potest,
770 566 802 586 ex
818 558 924 586 duobus
939 558 1036 585 indivi-

244 604 317 636 duis,
337 608 365 631 et
385 604 598 639 particularihus
617 605 771 631 universale
787 603 896 639 aliquod
915 611 1035 638 unquam

245 650 316 684 gigni
326 658 333 677 :
344 650 411 677 duas
419 650 518 677 habere
528 656 638 677 naturas
653 650 789 676 hominem
801 649 981 676 universalem
992 649 1035 676 di-

244 700 296 726 cet.
307 704 368 722 ettnt
380 701 472 730 postea
489 696 514 722 itt
531 697 617 730 ipsant
632 696 814 730 integritatem
832 703 864 723 ex
876 695 982 722 duabus
994 703 1037 722 es-

244 742 372 770 scntiisin
384 742 528 769 universali
538 743 658 769 animum
676 742 832 774 intenderit,
850 749 933 768 unum
947 741 1037 775 quod-

244 788 305 814 dant
322 788 478 822 genericum
499 788 635 815 hominem
658 788 714 815 ﬁeri
735 787 947 822 contemplatus,
963 787 1036 822 quod

243 834 329 862 multa
356 834 394 861 illi
418 834 526 861 subsint
548 834 699 865 individua,
724 834 750 861 in
779 834 864 860 nihilo
884 833 1034 861 secnttdum

243 880 362 915 speciem
378 880 543 913 diﬂ‘erentia,
556 886 582 908 et
594 888 670 916 aeque
691 881 824 908 rationem
838 881 910 907 illius
925 880 1036 914 partici-

243 927 347 961 pantia,
360 927 443 961 probe
454 928 601 955 essentiam
624 933 651 955 et
665 932 789 954 naturam
801 935 882 953 unam
895 927 1035 954 hominem

245 974 426 1002 universalem
439 974 579 1008 fatebitur,
592 981 688 1002 etcum
702 976 728 1002 in
739 975 852 1002 alterius
862 974 1039 1009 compositio-

245 1027 307 1046 nem
328 1020 489 1052 assumitur,
506 1020 588 1047 veluti
607 1028 704 1052 ttttum,
720 1025 746 1047 et
763 1028 844 1047 tinam
864 1024 1000 1051 naturam,
1013 1024 1039 1046 et

244 1066 392 1093 essentiam
411 1066 535 1101 accipiet.
558 1066 644 1102 Igitur
655 1067 838 1101 sempiternus
865 1067 960 1098 Filius,
986 1065 1038 1092 Do-

247 1111 338 1139 minus
355 1116 383 1139 et
399 1111 469 1139 Dens
482 1115 577 1140 noster
587 1111 671 1140 homo
684 1112 783 1145 factus,
797 1121 850 1139 non
861 1113 887 1139 in
900 1112 1040 1139 individuo

246 1156 384 1184 hominem
400 1158 584 1193 assumpsisse
600 1158 709 1189 dicitur,
729 1167 762 1185 ne
777 1158 934 1185 Nestoriana
951 1157 1039 1184 rabies

247 1202 365 1236 irrepat.
383 1203 429 1230 sed
451 1203 643 1236 universalem,
660 1212 741 1238 quem
771 1203 880 1239 propria
901 1203 1039 1239 ltypostasi

247 1247 442 1281 individuavit;
455 1254 595 1276 ostensum
614 1253 705 1276 autt-m
722 1254 763 1276 est
780 1249 852 1276 hunc
871 1251 953 1276 unius
980 1257 1042 1276 csse

247 1299 362 1326 naturae,
373 1295 396 1322 si
408 1297 440 1322 ad
453 1296 636 1331 integritatem
653 1297 853 1324 consideretur.
867 1297 1039 1324 Manifestum

247 1340 340 1374 itaque
351 1346 394 1367 est
417 1340 556 1368 Christum
577 1350 608 1369 ex
630 1342 738 1369 duabus
759 1343 873 1375 naturis,
889 1349 914 1369 et
932 1343 957 1369 in
972 1342 1042 1370 dua-

248 1385 299 1412 btts
317 1387 432 1419 naturis,
452 1392 478 1414 et
497 1387 565 1414 duas
583 1393 696 1416 naturas
713 1389 813 1416 habere
830 1397 876 1423 per
893 1396 942 1416 nos
960 1388 1042 1416 meri-

248 1435 277 1458 to
290 1432 405 1467 jurequc
432 1433 585 1468 praedicari,
603 1442 691 1469 neque
711 1435 843 1469 ineptum,
856 1439 902 1461 aut
916 1434 1042 1469 blasphe-

249 1486 324 1518 ntum
343 1480 486 1514 eonsuqui,
502 1479 564 1506 licet
580 1480 718 1507 hominem
736 1481 803 1507 duas
818 1480 917 1507 habere
929 1486 1042 1507 naturas

249 1525 372 1552 dicamus
389 1534 396 1558 ;
415 1533 476 1552 cum
498 1526 600 1558 omnia,
617 1534 677 1560 quae
692 1531 894 1560 componuntur
907 1534 939 1553 ex
955 1526 1041 1553 conti-
1056 1540 1077 1568 ο

250 1571 310 1606 guis
330 1573 559 1606 componentibus
577 1573 703 1606 componi
730 1572 866 1605 dicantur,
888 1577 913 1599 et
932 1580 985 1599 non
1009 1580 1041 1599 ex

251 1617 295 1646 iis.
310 1625 341 1644 ex
363 1617 463 1652 quibus
487 1619 678 1652 componentia
700 1618 816 1644 conﬂata
838 1623 912 1645 sunt.
930 1617 1041 1645 Frustra

252 1662 345 1696 igitur,
373 1663 437 1689 dum
468 1664 517 1697 ipsi
548 1664 689 1691 Christum
710 1664 778 1690 dttas
803 1664 902 1691 habere
931 1669 1043 1691 naturas

250 1713 276 1735 et
300 1708 436 1735 hominem
457 1709 583 1736 similiter
607 1711 674 1737 duas
695 1709 821 1742 dicintus,
845 1716 899 1737 tres
922 1717 935 1736 ο
966 1710 1043 1737 vobis

251 1754 426 1789 colliguntur.

288 1800 331 1828 16.
350 1800 408 1827 lttto
421 1801 483 1828 licet
499 1802 579 1828 honto
596 1809 628 1829 ex
648 1802 756 1830 duabus
775 1802 890 1834 naturis,
907 1806 934 1829 et
949 1802 1042 1829 diver-

252 1847 300 1880 sis,
319 1852 346 1874 et
359 1848 500 1875 inconfusc
514 1849 608 1880 nnitis,
623 1849 704 1876 unius
717 1849 887 1880 naturaeiiat,
900 1849 971 1876 hattd
985 1848 1041 1876 ﬁeri

253 1898 350 1928 potest,
365 1900 392 1921 ut
405 1895 461 1930 ipse
476 1895 523 1922 Chl
533 1895 600 1922 istus
614 1896 696 1922 uttius
711 1899 814 1922 natura:
836 1896 881 1928 sit,
893 1895 1042 1922 dummodo

253 1941 311 1976 ipse
325 1948 357 1968 ex
371 1942 487 1970 diversis
503 1942 618 1974 naturis.
643 1942 745 1979 deitate
761 1950 859 1977 nempe
877 1946 905 1969 et
919 1941 1046 1969 Immani-

253 1991 318 2020 tntc,
331 1992 526 2022 componatur:
543 1988 624 2024 idque
639 1996 671 2016 ex
685 1988 821 2016 lii-fuerit
831 1988 1044 2023 apertissimum.

254 2033 278 2061 Ι.
311 2034 448 2069 Quidquid
473 2042 506 2062 ex
530 2035 646 2062 diversis
664 2035 770 2062 naturis
791 2035 935 2066 conﬂatur,
965 2034 1047 2062 unius

254 2087 358 2109 natura:
380 2082 514 2115 eﬂicitltt‘,
539 2091 601 2110 cum
628 2082 809 2118 compnsitutn
832 2082 1045 2117 compositorum

254 2136 342 2164 neque
357 2129 478 2161 nomina,
499 2137 588 2164 neque
608 2130 729 2156 rationes
745 2128 874 2156 admittit.
890 2128 1045 2163 Verbigra-

254 2175 303 2209 tia,
324 2175 406 2213 homo
429 2183 481 2202 una
503 2179 600 2202 natura
616 2174 731 2202 efﬁcitur
747 2175 910 2209 composita,
934 2176 1044 2210 quando

1085 236 1243 264 καθέκαστα
1253 236 1389 273 ἀνθρώπῳ
1407 236 1604 272 ἀμεταϐλήτως
1615 245 1622 251 ·
1639 237 1685 263 δύο
1698 237 1752 272 γὰρ
1764 237 1818 272 ἄρα
1828 238 1880 273 φύ-

1086 290 1143 313 σεις
1155 282 1227 318 ἔχειν
1243 283 1257 309 ὁ
1269 283 1427 310 καθέκαστα
1440 281 1584 318 ἄνθρωπος
1596 282 1770 318 λεχθήσεται.
1791 283 1878 316 Σώζει

1084 328 1139 363 γὰρ
1149 329 1279 364 ἑκάτερον
1295 329 1343 355 καὶ
1356 328 1426 364 μετὰ
1438 329 1487 364 τὴν
1505 328 1603 355 ἕνωσιν
1614 329 1664 364 τὴν
1680 330 1799 365 φυσικὴν
1816 329 1879 357 ἰδιό-

1083 383 1164 410 τητα,
1186 375 1215 408 ἐξ
1230 372 1268 401 ὧν
1297 375 1344 402 καὶ
1369 375 1398 402 ὲν
1414 373 1456 407 οἷς
1477 376 1490 401 ό
1512 374 1590 409 λόγος
1614 375 1768 410 θεωρεῖται.
1798 375 1827 403 '0
1851 376 1879 403 δὲ

1085 420 1117 455 δὴ
1124 421 1245 455 γενικὸς,
1257 421 1342 456 ἤγουν
1354 421 1468 448 καθόλου
1485 413 1638 456 ἄνθρωπος,
1656 421 1721 448 ὅταν
1737 430 1778 454 τις
1792 423 1832 454 εἰς
1845 424 1880 449 τὰ

1085 465 1115 499 ἐξ
1126 463 1164 493 ὦν
1176 467 1304 503 συνετέθη
1317 468 1457 503 ἀποκοπῇ.
1476 467 1548 502 φημὶ
1567 467 1599 503 δὴ
1615 467 1707 504 ψυχήν
1718 477 1747 495 τε
1763 469 1810 495 καὶ
1827 469 1880 496 σῶ-

1087 521 1135 548 μα,
1152 513 1200 540 καὶ
1216 514 1302 540 ταῦτα
1330 514 1426 548 γενικὰ
1443 514 1508 541 ὄντα
1534 514 1581 542 καὶ
1605 515 1732 548 καθόλου,
1747 516 1790 542 ὅτι
1813 517 1881 551 μηδὲ

1084 560 1196 586 δυνατὸν
1210 561 1242 587 ὲκ
1253 560 1300 587 δύο
1312 561 1423 595 ἀτόμων
1439 561 1486 587 καὶ
1505 562 1627 597 μερικῶν
1641 563 1749 595 γενικόν
1767 571 1794 589 τι
1810 564 1880 590 ἀπο-

1085 606 1220 633 τελεῖσθαι
1235 616 1310 640 ποτε,
1326 606 1372 634 δύο
1393 607 1490 641 φύσεις
1505 607 1577 643 ἔχειν
1592 608 1637 634 τὸν
1649 608 1763 635 καθόλου
1775 608 1880 643 ἀνθρω-

1087 660 1136 678 πον
1152 653 1273 686 φήσειεν.
1297 653 1382 680 Ὅταν
1400 653 1428 679 δὲ
1448 654 1489 684 εἰς
1512 653 1598 689 αὐτὴν
1615 655 1664 689 τὴν
1682 654 1807 690 ὁλότητα,
1832 656 1881 689 τὴν

1087 698 1119 723 ὲκ
1134 697 1180 724 δύο
1202 698 1302 724 οὐσιῶν
1323 697 1440 725 καθόλου
1461 697 1752 734 παραλαμϐανόμενον,
1779 701 1819 732 εἰς
1832 700 1882 735 τὴν

1087 742 1182 769 τούτου
1214 744 1413 779 συμπλήρωσιν
1439 744 1469 770 ἓν
1487 753 1511 771 τι
1536 744 1644 778 γενικδν
1664 745 1883 779 ἀποτελούμενον

1087 789 1133 815 τὸν
1162 788 1304 824 ἄνθρωπον
1329 789 1483 825 ἀναθξωρῇ,
1510 790 1555 817 διὰ
1579 790 1610 817 τδ
1641 790 1726 817 πολλὰ
1749 789 1819 818 εἶναι
1836 791 1882 817 ὑπ’

1088 835 1170 862 αὑτοῦ
1199 835 1298 871 ἄτομα,
1322 836 1372 871 τὴν
1399 837 1606 876 ἀπαραλλαξῐαν
1640 837 1711 864 κατὰ
1745 837 1776 864 τὸ
1812 836 1884 870 εἶδος

1089 881 1195 917 ἔχοντα,
1207 883 1254 909 καὶ
1267 883 1312 909 τὸν
1327 883 1409 909 αὐτοῦ
1425 883 1504 918 λόγον
1524 883 1621 920 ἐπίσης
1640 884 1797 918 μετέχοντα,
1810 885 1883 911 εἰκό-

1088 938 1142 960 τως
1156 929 1250 955 οὐσίαν
1267 929 1315 956 καὶ
1340 929 1421 964 φύσιν
1446 929 1511 964 μίαν
1540 929 1588 957 τδν
1608 928 1725 956 καθόλου
1741 930 1884 966 ἄνθρωπον

1089 975 1275 1010 ὁμολογήσειε.
1292 976 1347 1002 Καὶ
1367 975 1447 1011 ἡνίκα
1473 974 1506 1002 ἆν
1523 976 1564 1007 εἰς
1583 975 1663 1003 ἄλλου
1690 976 1815 1003 σύνθεσιν
1832 986 1884 1003 πα-

1091 1021 1310 1057 ραλαμΰάνηται,
1327 1022 1366 1051 ὡς
1381 1023 1410 1048 ἓν
1432 1031 1469 1054 τι,
1485 1022 1533 1049 καὶ
1553 1017 1603 1057 μία
1618 1022 1717 1057 φύσις,
1743 1024 1789 1050 καὶ
1805 1024 1884 1050 οὐσία

1090 1067 1346 1103 παραληφθήσεται.
1363 1068 1468 1095 Οὐκοῦν
1479 1070 1493 1095 ὁ
1506 1069 1589 1100 ἀΐδιος
1602 1069 1679 1102 Υἱὸς,
1689 1071 1702 1096 ό
1717 1069 1819 1106 Κύριος
1837 1063 1889 1097 καὶ⁴

1090 1113 1155 1144 Θεὸς
1174 1113 1263 1149 ἡμῶν,
1293 1114 1437 1149 ἄνθρωπος
1452 1113 1583 1148 γεγονὼς,
1600 1115 1630 1141 οὖ
1658 1115 1703 1151 τον
1727 1116 1885 1142 καθέκαστα

1091 1158 1233 1194 ἄνθρωπον
1247 1159 1420 1193 ἀνειληφέναι
1443 1158 1563 1193 λέγεται,
1575 1159 1618 1186 ἵνα
1632 1160 1669 1195 μὴ
1684 1161 1700 1194 ἡ
1716 1160 1885 1196 Νεστοριανὴ

1091 1205 1174 1232 λύττα
1191 1206 1388 1239 συνεισφρήση,
1405 1205 1463 1231 ἀλλ’
1479 1205 1495 1240 ἣ
1512 1204 1558 1231 τὸν
1573 1205 1698 1238 καθόλου,
1714 1206 1743 1232 ὃν
1759 1207 1805 1233 καὶ
1820 1206 1885 1241 ἠτό-

1093 1259 1182 1286 μωτεν
1203 1251 1231 1276 ἐν
1248 1252 1280 1286 τῇ
1298 1250 1351 1286 ἱδῖᾳ
1363 1250 1522 1277 ὑποστάσει.
1536 1250 1675 1277 Δέδεικται
1688 1251 1716 1277 δὲ
1731 1248 1809 1283 οὗτος
1821 1252 1886 1286 μιᾶς

1092 1294 1161 1322 εἶναι
1177 1295 1284 1330 φύσεως
1302 1295 1370 1331 πρὸς
1384 1295 1438 1334 τὴν(
1453 1295 1566 1330 ὁλότητα
1584 1295 1779 1329 σκοπούμενος.
1800 1297 1885 1323 Φανε-

1093 1341 1138 1376 ρδν
1157 1341 1210 1377 ἄρα
1223 1342 1264 1368 ὅτι
1276 1341 1290 1367 ὁ
1306 1341 1423 1376 Χριστὸς
1440 1342 1471 1367 ἐκ
1483 1341 1530 1367 δύο
1543 1341 1660 1375 φύσεων,
1674 1342 1720 1368 καὶ
1732 1343 1761 1368 ὲν
1772 1342 1818 1369 δύο
1836 1343 1887 1378 φύιρ

1093 1397 1163 1421 σεσι,
1181 1389 1227 1415 καὶ
1250 1387 1296 1414 δύο
1317 1387 1412 1422 φύσεις
1426 1388 1499 1422 ἔχειν
1522 1388 1586 1423 παρ’
1604 1388 1683 1423 ἡμῶν
1698 1388 1886 1424 δοξαζόμενος,

1092 1434 1203 1465 δικαίως
1220 1433 1399 1467 κηρύττεται.
1425 1433 1481 1459 Καὶ
1497 1433 1573 1459 οὐδὲν
1596 1434 1696 1459 ἄτοπον
1722 1433 1737 1469 ἦ
1765 1433 1887 1469 βλάσφη-

1099 1489 1148 1515 μον
1162 1480 1326 1515 ἀπαντήσει,
1342 1479 1396 1506 κᾶν
1410 1480 1455 1506 τὸν
1470 1479 1613 1515 ἄνθρωπον
1630 1480 1677 1506 δύο
1693 1480 1789 1514 φύσεις
1812 1480 1886 1515 ἔχειν

1093 1527 1227 1562 λέγωμεν,
1256 1527 1350 1562 ἐπειδὴ
1382 1527 1472 1553 πάντα
1497 1526 1530 1552 τὰ
1556 1526 1748 1561 συντεθειμένα
1774 1528 1806 1554 ἐκ
1831 1527 1886 1554 τῶν

1095 1573 1236 1608 προσεχῶς
1252 1572 1322 1599 αὐτὰ
1338 1572 1489 1599 συνθέντων
1517 1572 1678 1605 συγκεῖσθαι
1695 1573 1829 1606 λέγονται,
1840 1574 1886 1600 καὶ

1093 1620 1144 1646 οὐκ
1156 1619 1186 1651 ἐξ
1200 1615 1236 1645 ὤν
1252 1619 1343 1645 ἐκεῖνα
1360 1618 1540 1646 συντέθειται.
1557 1619 1654 1653 Μάτην
1670 1619 1735 1654 ἄρα,
1754 1620 1887 1653 λεγόντων

1094 1666 1172 1701 ἡμῶν
1190 1665 1236 1691 τὸν
1256 1664 1374 1699 Χριστον
1390 1664 1437 1690 δύο
1450 1664 1545 1698 φύσεις
1562 1665 1644 1698 ἔχειν.
1662 1665 1710 1691 καὶ
1723 1665 1767 1691 τὸν
1782 1665 1888 1699 ἄνθρωρ

1093 1722 1144 1740 πον
1158 1713 1258 1748 ὁμοίως
1281 1712 1337 1745 δύο,
1355 1712 1385 1739 τὸ
1396 1713 1469 1748 τρεῖς
1485 1712 1545 1738 καθ’
1563 1711 1643 1747 ἡμῶν
1659 1713 1815 1746 συνάγεται.

1127 1803 1176 1836 ις’.
1192 1803 1331 1837 Μενοῦνγε
1358 1802 1410 1830 κᾶν
1438 1803 1453 1829 ό
1480 1802 1625 1837 ἄνθρωπος
1646 1802 1693 1829 δύο
1713 1803 1822 1837 φύσεων
1839 1804 1888 1830 καὶ

1093 1851 1229 1886 διαφόρων
1255 1851 1304 1877 καὶ⁸
1327 1849 1491 1885 ἀσυγχύτως
1517 1849 1666 1885 ἡνωμένων
1693 1850 1757 1884 μιᾶς
1780 1850 1889 1884 φύσεως

1093 1898 1271 1933 ἀποτελῆται,
1288 1898 1338 1924 οὐκ
1356 1898 1475 1933 ἐγχωρεῖ
1485 1897 1531 1923 τὸν
1556 1897 1675 1931 Χριστδν
1691 1896 1756 1931 μιᾶς
1779 1897 1889 1931 φύσεως

1097 1944 1299 1978 ἀποτελεῖσθαι,
1327 1944 1412 1971 εῑκαὶ
1438 1944 1521 1974 αὐτὸς
1538 1943 1570 1970 ὲκ
1600 1942 1738 1978 διαφόρων
1769 1942 1887 1977 φύσεων,

1098 1989 1223 2024 θεότητός
1231 1998 1272 2021 τε,
1285 1989 1368 2024 φημὶ,
1389 1989 1435 2016 καὶ
1447 1989 1667 2025 ἀνθρωπότητος,
1681 1988 1845 2021 συντίθεται,
1857 1989 1889 2015 ἐκ

1096 2036 1180 2063 τῶνδε
1194 2035 1282 2071 δῆλον.
1303 2039 1338 2063 α’.
1352 2036 1410 2062 Πᾶν
1422 2035 1452 2062 τὸ
1465 2035 1497 2070 ἐκ
1512 2035 1650 2070 διαφόρων
1663 2035 1771 2069 φύσεων
1783 2035 1890 2068 συγκεί-

1099 2091 1179 2118 μενον
1195 2084 1261 2118 μιᾶς
1280 2082 1389 2117 φύσεως
1408 2081 1593 2114 ἀποτελεῖται,
1611 2081 1693 2115 ἡνίκα
1718 2081 1748 2107 τὸ
1764 2081 1890 2108 συντεθὲν

1095 2130 1150 2156 τῶν
1165 2128 1390 2164 συντεθειμένων,
1417 2127 1481 2154 οὕτε
1502 2128 1552 2160 τὰς
1569 2128 1729 2161 ὀνομασῖας,
1757 2127 1818 2154 οὔτε
1836 2127 1891 2162 μὴν

1094 2175 1157 2207 τοὺς
1170 2175 1266 2208 λόγους
1283 2175 1386 2202 τούτων
1405 2174 1570 2209 ἐπιδέχεται,
1586 2171 1641 2200 οἷόν
1658 2183 1738 2209 φημι,
1755 2174 1769 2200 ό
1784 2173 1889 2209 ἄνθρω-

254 2221 371 2256 partium
392 2222 503 2249 nomina
525 2222 633 2256 proprie
649 2225 676 2249 et
697 2221 816 2249 rationes
829 2229 882 2248 nott
907 2222 1042 2257 suscipit;

1098 2231 1147 2254 πος
1171 2222 1219 2258 μια
1233 2221 1314 2257 φύσις
1329 2222 1502 2249 ἀποτελεῖται
1517 2220 1655 2254 σύνθετος,
1673 2220 1768 2256 ἐπειδὴ
1781 2220 1835 2247 τῶν
1846 2229 1892 2255 με-

254 2269 421 2302 nequeenim
430 2269 557 2300 dicimus,
567 2268 648 2295 homo
655 2268 764 2303 proprie
772 2268 862 2294 anima
871 2268 981 2300 dicitur.
989 2269 1046 2295 sive

254 2322 363 2348 corpus,
380 2321 469 2348 nrque
486 2314 607 2341 rationes
621 2322 716 2341 eorum
733 2315 857 2349 suscipit,
867 2314 930 2342 licet
941 2315 1047 2342 dicatur

254 2361 374 2387 animam
388 2366 414 2388 et
427 2369 526 2396 corpus
546 2360 656 2389 habere.
673 2361 707 2388 At
723 2361 849 2389 Christus
867 2360 939 2389 Deus
957 2366 1047 2389 noster

253 2414 286 2434 ex
301 2406 400 2434 deitate
416 2411 451 2439 ,οι
465 2406 632 2434 humanitate
646 2407 826 2442 compositus,
852 2413 879 2434 et
895 2408 1005 2434 nomina
1021 2412 1048 2435 et

255 2453 377 2481 rationes
390 2444 507 2487 partium
524 2452 642 2480 adtnittit
659 2461 667 2486 ;
683 2460 800 2488 namque
816 2453 873 2488 ipse
892 2458 934 2481 est
947 2457 1047 2480 natura

257 2499 327 2526 Deus
337 2504 364 2526 et
376 2499 469 2530 homo.
487 2499 606 2526 rationes
630 2507 725 2527 eorum
736 2499 905 2534 suscipiens;
923 2499 979 2526 ﬁeri
996 2499 1048 2526 ita-

255 2554 309 2580 que
321 2545 425 2580 nequit,
439 2551 469 2572 ut
482 2546 539 2580 ipsc
553 2546 634 2573 unius
651 2552 755 2572 naturae
767 2545 912 2573 efficiatur.
928 2545 956 2572 2.
969 2544 1048 2577 Item,

255 2592 342 2620 Onne
363 2592 436 2627 quod
461 2600 492 2619 cx
511 2592 627 2620 diversis
652 2591 756 2619 naturis
775 2592 948 2627 componitur
967 2591 1048 2619 unius

256 2644 363 2668 natura:
385 2640 523 2672 eﬂcctunt,
544 2639 617 2666 aliud
637 2645 680 2667 est
698 2639 732 2666 ab
751 2639 795 2671 iis,
811 2646 842 2666 ex
860 2638 958 2674 quibus
975 2646 1049 2666 com.

257 2687 378 2722 ponitur.
395 2687 428 2714 At
443 2686 568 2714 Christus
583 2687 678 2714 eadem
693 2691 735 2714 est
746 2706 754 2717 ,
775 2693 807 2712 ex
822 2685 922 2720 quibus
937 2692 1049 2720 compo-

260 2735 349 2766 nitur;
360 2734 431 2761 Deus
447 2734 520 2761 enirn
534 2734 590 2768 ipse
602 2738 654 2766 est,
668 2738 696 2760 et
711 2733 808 2765 homo;
825 2732 954 2760 Christus
967 2732 1049 2767 igitur

260 2787 314 2807 non
329 2786 372 2808 est
385 2781 468 2808 unius
479 2785 584 2808 natura:
596 2784 656 2815 post
669 2779 808 2807 unionem.
820 2780 847 2806 5.
857 2779 1051 2814 Cujuscunque

259 2825 332 2860 quod
347 2826 428 2853 unius
440 2830 544 2852 natura!
558 2828 618 2860 post
631 2824 768 2857 uniottem,
783 2823 840 2851 sive
850 2831 897 2859 per
911 2823 1051 2851 confusio-

262 2876 337 2903 nem,
353 2869 411 2898 sive
422 2878 470 2905 per
485 2870 614 2899 unionem
633 2869 807 2898 inconfusam
822 2870 948 2904 edicitur,
968 2870 1051 2898 simul

1099 2267 1153 2303 ρῶν
1173 2268 1222 2300 τὰς
1245 2268 1395 2302 ὀνομασίας
1421 2267 1525 2302 κυρίως
1546 2266 1594 2293 καὶ
1627 2267 1692 2297 τοὺς
1719 2266 1815 2301 λόγους
1841 2266 1891 2292 οὐκ

1098 2315 1262 2350 ἐπιδέχεται.
1289 2315 1356 2342 Οὐδὲ
1376 2315 1430 2350 γὰρ
1457 2313 1532 2340 ἐστιν
1548 2314 1646 2344 εἰπεῖν,
1663 2314 1704 2340 ὅτι
1719 2315 1732 2340 ὁ
1747 2313 1890 2348 ἄνθρωπος

1098 2361 1200 2396 κυρίως
1212 2361 1284 2396 ψυχή
1300 2370 1329 2387 τε
1344 2360 1463 2394 λέγεται,
1479 2360 1495 2395 ἦ
1513 2360 1605 2394 σῶμα,
1617 2357 1680 2385 οὔτε
1706 2359 1759 2394 μὴν
1775 2359 1837 2389 τοὺς
1849 2355 1903 2395 λόοξ

1098 2416 1164 2442 γους
1173 2407 1263 2435 αὐτῶν
1274 2407 1440 2442 ἐπιδέχεται,
1449 2407 1501 2433 κᾶν
1518 2406 1630 2441 λέγηται
1643 2405 1733 2441 ψυχὴν
1749 2405 1796 2432 καὶ
1811 2404 1891 2440 σῶμα

1098 2453 1180 2488 ἔχειν.
1199 2453 1228 2480 '0
1242 2453 1270 2479 δὲ
1289 2452 1321 2488 δὴ
1336 2452 1453 2488 Χριστος
1465 2453 1479 2478 ὀ
1496 2452 1562 2483 Θεὸς
1578 2450 1657 2486 ἡμῶν
1673 2451 1891 2485 συντεθειμένος,

1099 2500 1131 2526 ὲκ
1145 2499 1282 2534 θεότητος,
1296 2498 1378 2533 φημὶ,
1392 2498 1439 2524 καὶ
1451 2498 1672 2533 ἀνθρωπότητος,
1682 2497 1784 2528 καὶτὰς
1793 2496 1894 2530 ὀνομα-

1100 2545 1161 2577 σίας
1174 2546 1222 2572 καὶ
1236 2545 1301 2576 τοὺς
1323 2544 1421 2579 λόγους
1435 2544 1489 2570 τῶν
1510 2543 1603 2579 μερῶν
1618 2543 1785 2578 ἐπιδέχεται.
1804 2542 1834 2569 Ὁ
1847 2541 1894 2568 αύ-

1099 2592 1145 2623 τὺς
1154 2592 1210 2628 γάρ
1221 2592 1279 2618 ἑστι
1295 2591 1362 2623 θεὸς
1373 2591 1421 2618 καὶ
1437 2589 1581 2626 ἄνθρωπος
1604 2589 1695 2624 φύσει,
1710 2589 1774 2620 τοὺς
1789 2588 1891 2622 λόγους

1100 2638 1189 2666 αὐτῶν
1206 2637 1408 2672 ἐπιδεχόμενος.
1426 2636 1483 2663 οὐκ
1499 2636 1553 2671 ἄρα
1572 2636 1637 2670 μιᾶς
1651 2635 1758 2670 φύσεως
1783 2633 1887 2668 ὲνδέχετ

1099 2693 1146 2711 ται
1161 2684 1241 2710 αὐτὸν
1257 2682 1459 2710 ἀποτελεῖσθαι.
1489 2682 1545 2708 Καὶ
1566 2681 1664 2713 ἄλλως.
1683 2679 1716 2716 β’.
1733 2680 1791 2707 Πᾶν
1805 2679 1836 2706 τὺ
1859 2680 1892 2706 ἐκ

1101 2730 1236 2766 διαφόρων
1250 2729 1358 2763 φύσεων
1375 2728 1502 2755 σύνθετον
1524 2727 1742 2762 ἀποτελούμενον
1758 2727 1825 2761 μιᾶς
1840 2725 1892 2759 φύ-

1103 2785 1182 2809 σεως,
1198 2777 1291 2812 ἔτερόν
1306 2785 1331 2803 τι
1344 2775 1420 2810 παρά
1435 2774 1469 2801 τὰ
1484 2774 1513 2807 ἐξ
1526 2771 1564 2801 ὧν
1579 2773 1719 2809 συνετέθη.
1742 2773 1770 2800 Ὀ
1784 2772 1812 2798 δὲ
1827 2772 1894 2807 Χρι-

1104 2824 1164 2855 στὸς
1183 2824 1217 2850 τὰ
1243 2822 1313 2850 αὐτὰ
1328 2822 1444 2856 γίνεται,
1473 2820 1502 2854 ἐξ
1517 2818 1554 2847 ὧν
1583 2819 1724 2854 συνετέθη.
1745 2818 1812 2850 Θεὺς
1839 2818 1894 2854 γὰρ

1103 2871 1177 2896 ἐστιν
1190 2869 1204 2896 ό
1216 2868 1296 2900 αὐτὸς
1317 2868 1363 2896 καὶ
1378 2867 1532 2902 ἄνθρωπος.
1552 2866 1581 2893 '0
1593 2866 1708 2901 Χριστὸς
1721 2865 1773 2900 ἄρα
1787 2864 1816 2891 οὺ
1830 2865 1895 2900 μιᾶς
