2092 3156
257 155 310 191 637
680 156 897 188 REFUTATIO
908 154 1030 198 ΕΡΙΒΤ(

1081 139 1235 186 εἨΕοΙδ
1253 156 1449 200 ΛΒΜΕΝΙᾸΕ.
1820 162 1876 195 638

257 213 314 239 ιστι
328 210 435 245 φύσεως
454 210 523 246 μετὰ
546 210 595 245 τὴν
621 211 726 237 ἕνωσιν.
756 214 790 244 γ’.
806 212 837 238 El
861 212 914 238 πᾶν
929 211 959 238 τὸ
975 212 1030 247 μιᾶς

1091 216 1182 246 partes
1196 201 1357 245 subsistunt,
1373 213 1448 241 verbi
1466 213 1565 250 gratia,
1579 214 1662 243 homo
1674 215 1757 244 unius
1770 214 1875 247 naturae

255 255 363 291 φύσεως
381 255 450 291 μετὰ
463 255 512 291 τὴν
531 255 628 282 ἕνωσιν
650 255 876 291 ἀποτελούμενον,
893 256 948 283 εἴτε
977 257 1037 283 κατ’

254 301 384 336 ἀνάχυσιν
399 300 582 334 ἀποτελεῖται,
603 299 658 328 εἴτε
673 299 735 328 καθ’
751 301 850 328 ἕνωσιν
873 303 1037 337 ἀσύγχυτον,

255 339 446 374 συνυπόστατά
459 348 510 373 εἰσι
523 347 557 374 τὰ
571 346 666 374 τούτου
683 348 753 384 μέρη
767 357 774 364 ·
789 347 844 375 οἷόν
855 357 936 383 φημι*
955 349 985 376 '0
992 350 1038 376 ἆν-

255 393 364 428 ῡρωπος
376 392 592 426 ἀποτελοῡμενος
608 393 673 428 μιᾶς
692 394 810 428 φύσεως,
836 395 870 421 τὰ
885 395 955 430 μέρη
982 396 1036 430 ἔχει

255 437 460 474 συνυπόοτατα“
476 438 490 464 ὁ
504 437 531 464 δὲ
548 437 665 472 Χριστὸς
687 438 736 473 οὐχ
757 438 853 471 οὕτως,
870 439 927 466 ἀλλ’
944 442 958 467 ὁ
981 441 1037 467 Κυ-

254 483 348 519 ριακὺς
360 483 502 520 ἄνθρωπος
518 484 546 510 ὲν
562 485 595 519 τῇ
611 484 757 511 ὑποστάσει
783 486 830 512 τοῦ
858 485 926 512 Θεοῦ
950 487 1036 520 Λόγου

253 528 356 563 ὑπέστη
382 528 635 564 ἑτεροῡποστάτως,
657 530 705 565 οὐχ
730 530 767 561 ὡς
795 530 825 557 τὸ
851 531 1036 566 συμϐεϐηκὸς,

252 574 343 608 ἄπαγε
355 580 362 587 ·
380 573 413 600 τὰ
425 574 480 609 γάρ
495 573 687 611 συμϐεϐηκότα
710 576 849 611 πανταχοῦ
867 577 905 608 ὡς
919 577 947 603 ὲν
968 577 1036 603 ὑπο-

252 619 370 655 κειμένῳ
387 619 470 658 ἐστὶν,
489 620 548 654 ἡδὶ
565 620 596 655 δὴ
620 621 796 656 ἀνθρωπότης
820 623 849 648 ὲν
875 622 963 657 ἄλλῳ,
981 620 1037 650 οἶόν

252 674 334 700 φημι,
351 665 390 701 τῷ
406 666 510 700 Πέτρῳ,
526 666 543 702 ἢ
557 666 595 703 τῷ
609 667 694 702 Θωμᾷ
712 668 901 699 ἰδιοσυστάτως
925 660 1037 704 θεωρεῖ-

251 720 306 739 ται.
320 711 378 738 Οὐκ
397 712 451 746 ἄρα
467 712 481 738 ό
496 712 633 747 Κυριακδς
647 713 788 748 ἄνθρωπος
803 714 832 740 ὲν
847 715 879 749 τῇ
899 713 947 740 τοῦ
967 714 1035 741 Θεοῦ

250 755 337 790 Λόγου
349 756 495 793 ὑποστάσει
510 757 612 793 ὑπέστη
628 758 665 790 ὡς
680 758 862 793 συμὸεὸηκὸς,
874 759 930 785 ἀλλ’
943 759 981 790 ὡς
990 760 1036 786 οὐ·

251 800 298 828 σία
313 802 382 837 μετά
397 800 575 837 προσλήψεως
601 804 764 838 ἰδιωμάτων,
786 796 839 831 τῶν
865 804 1036 840 χωριζόντων

250 846 296 873 τδν
313 845 429 885 Χριστὸν
439 848 471 874 ὲκ
484 848 538 875 τῶν
553 848 653 874 λοιπῶν
665 849 853 881 ὑποττατικῶς
875 850 1032 884 γενόμενον.

250 893 297 919 καὶ
310 890 359 927 οὑχ
374 893 531 925 ὑπόστασις.
548 894 578 920 δ’.
595 894 665 920 Ἔτι·
685 895 715 920 Εί
740 895 787 921 ἐπὶ
800 895 908 921 πάντων
920 896 974 922 τῶν
1001 896 1034 922 ὲκ

249 934 385 971 διαφόρων
399 936 507 969 φύσεων
523 938 735 972 συντεθειμένων
753 939 814 966 καθ’
831 940 980 966 ὑπίστασιν
995 940 1032 975 μὴ

250 982 468 1019 συνυποστάτως,
490 983 548 1009 ἀλλ’
564 983 676 1018 ἑτέρως,
688 984 771 1018 ἤγουν
796 985 1033 1019 ἐτεροῦποστάτως

248 1018 408 1061 ἡνωμένων,
425 1027 474 1062 μία
488 1028 634 1059 ὑπόστασις
647 1029 826 1060 ἀποτελεῖται,
841 1018 901 1064 οὐχὶ
918 1031 966 1064 μία
981 1031 1031 1064 φύ-

249 1078 299 1103 σις,
316 1064 431 1107 φανερδν
443 1064 484 1099 ὅτι
501 1075 515 1099 ό
529 1074 594 1105 Θεὸς
602 1074 686 1108 Λόγος
703 1075 813 1107 ἐνωθεὶς
826 1077 858 1110 τῇ
873 1076 1032 1111 ἀνθρωπῖνῃ

248 1116 327 1150 φύσει
342 1117 379 1153 μὴ
394 1119 611 1151 συνυποστὰτως,
626 1119 683 1146 ἀλλ’
695 1121 724 1146 ὲν
742 1121 795 1155 ἰδίᾳ
812 1121 960 1148 ὑποστάσει
972 1122 1033 1149 τοῦ-

247 1170 294 1189 τον
318 1163 460 1197 ὑφεστῶτα
488 1164 568 1199 ἔχων,
585 1165 616 1191 οὐ
633 1166 696 1199 μιᾶς
715 1166 822 1200 φύσεως
850 1167 1031 1194 ἀποτελεῖται.

248 1205 279 1234 ε’.
295 1208 372 1234 Ἐειο
387 1208 417 1234 Εἰ
430 1209 484 1236 πᾶν
499 1209 512 1235 ὃ
527 1210 623 1241 κοινῶς
637 1211 684 1237 καὶ
700 1211 729 1237 ὲν
745 1211 853 1243 πολλοῖς
878 1212 1030 1247 Θεωρεῖται,

247 1253 278 1279 οὐ
289 1253 344 1280 τινὶ
356 1253 405 1288 μὲν
418 1255 511 1287 πλέον,
526 1256 580 1282 τινὶ
596 1256 624 1282 δὲ
641 1257 750 1283 ἔλαττον
762 1258 893 1292 ὑπάρχον,
909 1259 967 1284 ἀλλ’
989 1259 1032 1292 ὲξ-

249 1296 320 1333 ίτης,
337 1300 383 1326 καὶ
396 1301 622 1336 συμπληρωτικὸν
639 1302 786 1336 γινόμενον,
803 1304 845 1337 ἐφ’
862 1301 899 1330 ὧν
913 1304 1030 1338 λέγεται,

247 1344 335 1376 οὐσία,
354 1338 466 1376 ἐκείνων
481 1347 549 1373 κατά
572 1346 620 1381 τὴν
643 1347 806 1381 Ἐκκλησίαν
831 1348 956 1382 λέγεται·
977 1350 990 1375 ό
1003 1349 1031 1375 δὲ

247 1390 279 1425 δὴ
292 1391 346 1422 πᾶς
362 1390 504 1426 ἄνθρωπος
517 1392 550 1418 ἐκ
561 1391 648 1427 ψυχῆς
660 1393 706 1418 καὶ
728 1392 852 1427 σώματός
864 1395 921 1420 ἐστι
937 1403 1031 1420 συντε-

248 1434 381 1469 θειμένος,
402 1436 449 1462 καὶ
465 1435 496 1462 οὐ
524 1436 676 1463 διαλλάττει
703 1437 846 1472 ἄνθρωπος
873 1438 1029 1473 ἀνθρώπου,

1050 888 1070 914 Β

1089 258 1209 290 effectus.
1226 263 1318 294 partes
1336 259 1418 287 simul
1438 258 1619 289 subsistentes
1639 261 1731 294 habet,
1749 263 1875 292 Christus

1088 313 1153 332 vero
1173 313 1226 332 non
1250 299 1326 337 item.
1344 306 1390 333 sed
1407 306 1565 334 Dominicus
1590 307 1673 336 homo
1691 307 1719 336 in
1733 309 1876 344 hypostasi

1089 350 1170 377 Verbi
1190 350 1246 384 Dei,
1263 351 1349 378 aliena
1365 351 1502 387 hypostasi
1520 352 1652 385 substitit,
1670 361 1724 381 non
1741 356 1875 389 quemad-

1090 397 1200 423 modum
1217 396 1354 429 aceidens,
1370 404 1454 432 apage
1471 406 1478 424 :
1499 397 1649 425 accidentia
1663 399 1737 431 enim
1758 400 1876 427 ubicun-

1088 451 1141 477 que
1157 448 1284 478 tanquam
1298 444 1324 470 iu
1341 443 1463 478 subjecto
1478 449 1566 478 sunt;
1592 445 1748 474 humanitas
1765 454 1831 474 vero
1848 448 1876 474 in

1088 489 1152 518 alio.
1167 489 1205 515 uti
1227 489 1254 516 in
1274 489 1363 520 Petro,
1379 490 1420 516 vel
1441 489 1545 517 'l‘homa
1568 493 1678 526 propria
1698 492 1876 521 subsistentia

1088 534 1256 568 conspicitur
1273 541 1347 561 :non
1376 535 1458 569 igitur
1486 535 1646 564 Dominicus
1674 537 1756 564 homo
1778 538 1805 566 in
1829 538 1876 565 Dei

1091 579 1169 606 Verbi
1184 580 1321 615 hypostasi
1340 581 1469 614 substitit,
1483 585 1513 608 ut
1525 582 1663 611 accidens.
1679 584 1726 610 sed
1741 588 1770 610 ut
1783 578 1877 611 essbn-

1088 625 1123 652 tia
1144 633 1191 660 per
1207 626 1420 660 assumptionem
1449 628 1646 662 proprietatum
1663 649 1671 661 ,
1691 631 1876 663 separautium

1088 669 1225 696 Christum
1255 677 1287 696 ex
1316 670 1379 697 aliis
1390 670 1568 705 hypostalice,
1584 676 1612 698 et
1639 679 1692 698 non
1706 672 1875 707 hypostasis.

1087 715 1114 742 6.
1130 715 1209 745 Item,
1231 716 1258 742 Si
1276 716 1302 742 in
1339 717 1474 748 omnibus,
1494 725 1556 751 qua:
1578 725 1610 744 ex
1640 718 1756 745 diversis
1772 720 1876 747 naturis

1088 760 1237 787 secundum
1264 760 1431 796 hypostasim
1454 763 1605 796 composita
1627 769 1700 795 sunt,
1717 772 1771 790 non
1791 765 1874 792 simul

1087 806 1307 838 subsistentibus,
1319 807 1364 834 sed
1384 807 1498 839 diverse,
1518 809 1570 835 hoc
1586 812 1637 840 est,
1663 810 1714 837 alia
1737 811 1876 845 hypostasi

1087 851 1182 881 unitis.
1206 859 1259 878 una
1284 852 1436 886 hypostasis
1457 852 1583 885 efﬁcitur,
1608 862 1662 881 non
1688 863 1742 882 una
1767 862 1875 887 natura,

1086 894 1257 921 manifestum
1297 899 1338 922 est
1367 895 1450 923 Deum
1476 897 1595 924 Verbum
1621 898 1748 927 humana:
1773 907 1877 929 natura:

1085 939 1202 971 unitum,
1229 948 1282 966 non
1303 949 1364 967 cum
1389 942 1462 969 illius
1485 942 1672 976 subsistentia,
1699 946 1745 972 sed
1764 948 1875 980 propria

1083 984 1259 1012 subsistentia
1284 986 1482 1013 subsistentem
1503 987 1585 1015 unius
1599 993 1704 1016 natura:
1727 998 1782 1017 non
1796 992 1875 1019 eﬂiei.

1084 1029 1110 1056 5.
1135 1030 1211 1062 ltetn,
1228 1030 1255 1057 Si
1275 1031 1468 1066 quodcunque,
1490 1033 1562 1067 quod
1578 1036 1777 1068 communiter,
1799 1042 1826 1064 et
1849 1039 1877 1065 in

1084 1080 1177 1106 multis
1204 1080 1400 1111 consideratur.
1422 1089 1476 1107 non
1503 1082 1548 1108 uni
1570 1082 1668 1116 magis,
1689 1090 1771 1117 quarti
1799 1084 1876 1111 alteri

1084 1122 1230 1154 inhaerens,
1245 1124 1290 1151 sed
1303 1132 1380 1158 aequa
1396 1125 1502 1152 ratione
1515 1126 1707 1160 cotnpletivum
1724 1135 1831 1160 eorum,
1844 1129 1878 1156 de

1083 1168 1182 1202 quibus
1203 1169 1313 1202 dicitur,
1333 1171 1453 1197 essentia
1474 1172 1632 1199 eorumdem
1654 1174 1806 1200 secundum
1824 1172 1877 1201 Ec-
1928 1195 1934 1207 ,

1083 1214 1192 1241 clesiam
1211 1219 1254 1242 est
1266 1224 1273 1241 :
1291 1216 1381 1243 omnis
1393 1223 1457 1243 vero
1472 1217 1554 1243 homo
1567 1225 1600 1244 ex
1613 1218 1704 1246 anima
1719 1224 1747 1246 et
1759 1227 1876 1254 corpore

1084 1259 1230 1292 conﬂatur,
1244 1269 1294 1288 nec
1307 1261 1394 1289 differt
1408 1263 1490 1289 homo
1509 1263 1544 1290 ab
1559 1263 1681 1295 homine,
1695 1273 1748 1299 qua
1764 1273 1877 1300 corpore

1083 1310 1110 1332 et
1128 1305 1222 1333 'anima
1237 1311 1355 1339 constat,
1372 1308 1522 1335 secundum
1537 1313 1641 1336 naturae
1653 1310 1762 1344 aliquod
1778 1311 1878 1338 discri«

1083 1358 1156 1383 men,
1174 1352 1221 1378 sed
1245 1353 1450 1380 consistentiam
1471 1353 1597 1381 homines
1621 1355 1752 1383 trahentes
1769 1363 1875 1389 omnes,

1084 1394 1135 1420 sub
1154 1402 1206 1421 una
1228 1403 1323 1422 omnes
1345 1396 1504 1425 deﬁnitione
1530 1398 1624 1431 relati,
1646 1401 1795 1427 seetlndum
1824 1401 1877 1429 hoc

1084 1440 1165 1466 unius
1177 1445 1280 1468 naturae
1290 1441 1413 1469 dicentur
1424 1442 1473 1470 :de
1484 1444 1623 1478 hypostasi
1635 1452 1699 1472 vero
1708 1445 1808 1473 Citriin
1821 1453 1875 1473 non

247 1480 316 1507 καθὸ
331 1481 363 1507 ὲκ
374 1481 465 1516 ψυχῆς
482 1482 529 1509 καὶ
552 1481 677 1518 σώματος
695 1483 847 1516 σύγκειται,
875 1484 946 1511 κατὰ
971 1493 1030 1511 τινα

1084 1493 1232 1519 possumus
1255 1494 1378 1514 asserere
1402 1495 1483 1515 unam
1511 1489 1660 1523 naturam:
1687 1498 1747 1517 nam
1774 1497 1877 1519 natura:

248 1524 355 1559 φύσεως
367 1526 510 1562 διαφορὰν,
522 1527 590 1554 ἀλλὰ
601 1528 650 1562 τὴν
662 1528 790 1555 σύστασιν
809 1529 917 1564 ἔχοντες
931 1530 1031 1562 πάντες

247 1566 385 1606 ἄνθρωποι
397 1573 443 1607 ὑφ’
454 1573 501 1599 ἕνα
514 1574 632 1605 ἀπαντες
645 1575 759 1609 ὁρισμὸν
774 1575 946 1610 ἀναγόμενοι,
961 1576 1032 1602 κατά

245 1616 326 1643 τοῦτο
339 1618 403 1652 μιᾶς
429 1618 536 1652 φύσεως
554 1619 674 1653 λέγεται*
695 1621 740 1646 ἐπὶ
753 1621 779 1647 δὲ
795 1621 843 1655 τῆς
856 1621 1031 1653 ὑποστάσεως

245 1662 294 1688 τοῦ
307 1662 425 1698 Χριστοῦ
450 1664 481 1690 οὐ
496 1665 585 1699 λέγειν
603 1666 741 1700 δυνάμεθα
765 1667 829 1700 μίαν
845 1667 925 1701 φύσιν
938 1675 945 1683 ·
961 1668 991 1694 αἴ
1001 1676 1031 1694 τε

245 1706 300 1742 γὰρ
314 1707 409 1742 φύσεις
427 1708 567 1742 σώζονται,
590 1711 636 1736 καὶ
657 1711 725 1745 μετά
740 1712 789 1746 τὴν
802 1712 909 1741 ἕνωσιν,
928 1713 975 1738 καὶ
989 1710 1028 1738 εἷ-

244 1751 287 1784 δος
301 1753 427 1787 Χριστῶν
441 1755 491 1781 οὐκ
505 1755 579 1781 ἐστιν
589 1755 678 1791 εὑρεῖν
688 1765 695 1771 '
710 1757 740 1782 οὐ
757 1757 811 1791 γὰρ
830 1758 936 1788 ἐγένετο
951 1758 1031 1789 ἄλλος

242 1796 360 1832 Χριστὸς
387 1799 420 1825 ὲκ
445 1799 571 1835 Θεότητος
596 1801 642 1826 καὶ
659 1801 876 1836 ἀνθρωπότητος,
909 1803 974 1834 Θεός
1000 1812 1029 1829 τε

243 1843 290 1870 καὶ
304 1844 447 1880 ἄνθρωπος
466 1846 480 1871 ὁ
497 1845 595 1877 αὑτός·
622 1846 671 1873 οὐκ
697 1847 750 1882 ἄρα
772 1847 841 1881 μετὰ
857 1848 906 1884 τὴν
932 1848 1029 1874 ἕνωσιν

244 1890 308 1924 μιᾶς
325 1891 430 1929 φύσεως
443 1892 458 1918 ό
470 1892 587 1926 Χριστδς
602 1892 782 1919 ἀποτελεῖται.
800 1892 836 1924 ς’.
857 1894 929 1919 Ἔτι·
954 1894 984 1920 Εἰ
998 1894 1028 1920 οὐ

242 1935 339 1961 ταυτόν
358 1935 455 1961 ἔστιτὸ
470 1936 529 1962 κατ’
545 1935 615 1968 εἶδος
627 1937 674 1963 τοῦ
684 1937 826 1972 ἀνθρώπου
844 1938 883 1970 ἓν,
899 1939 946 1965 καὶ
965 1948 1029 1965 κατ-

241 1980 336 2006 ουπίαν
353 1980 444 2015 ψυχῆς
456 1981 502 2007 καὶ
522 1981 647 2017 σώματος
665 1982 694 2008 ἓν
708 1990 715 1996 ”
731 1982 761 2008 τὸ
786 1982 835 2017 μὲν
848 1983 902 2018 γὰρ
919 1984 978 2010 κατ’
989 1981 1028 2010 εῐ-

242 2026 286 2058 δος
300 2026 348 2054 τοῦ
364 2026 507 2062 ἀνθρώπου
533 2028 574 2059 ἓν,
590 2029 639 2064 τὴν
655 2030 683 2056 ἐν
704 2030 771 2055 πᾶτι
795 2030 852 2060 τοῖς
875 2029 1028 2065 ἀνθρώποις

242 2071 445 2108 ἀπαραλλαξιαν
471 2073 647 2106 ἐνδείκνυται,
670 2074 700 2100 τὸ
716 2074 743 2100 δὲ
758 2074 817 2101 κατ’
833 2075 926 2100 οὐσίαν
939 2074 1027 2109 ψυχῆς

242 2118 289 2143 καὶ
305 2117 428 2153 σώματος
443 2118 483 2152 ἓν,
510 2119 576 2153 αὺτρ
588 2119 617 2146 τὺ
631 2117 701 2146 εἶναι
716 2120 796 2146 αὑτὸν
808 2120 968 2155 λυμαίνεται
986 2122 1026 2152 εἰς

242 2162 410 2198 ἀνυπαρξιαν
426 2163 505 2191 αὺτδν
518 2165 636 2199 παντελῆ
648 2166 728 2199 ἄγον·
738 2165 768 2192 οὐ
783 2166 836 2200 γὰρ
848 2166 944 2193 ταυτὸν
958 2167 1027 2193 xm

241 2209 288 2235 τὸν
303 2210 354 2244 τῆς
363 2209 456 2241 οὐσίας
470 2209 557 2244 λόγον,
583 2210 613 2236 τὸ
638 2210 718 2245 σῶμα
732 2211 770 2251 τῷ
796 2212 932 2246 ἀσωμάτῳ
944 2219 952 2227 ο
979 2214 1028 2238 οὓς

243 2254 350 2290 ἀνάγκη
367 2255 455 2282 τοίνυν
468 2255 514 2282 ἐπὶ
528 2255 576 2282 τοῦ
600 2256 742 2292 ἀνθρώπου
763 2257 827 2291 μίαν
843 2257 924 2292 φύσιν
937 2258 1028 2292 λέγον-

242 2306 302 2332 τας,
321 2299 351 2326 οὑ
363 2299 407 2326 διὰ
420 2300 451 2327 τὸ
464 2301 560 2327 ταυτὶν
583 2301 632 2335 τῆς
650 2301 795 2333 οὑσιώδους
820 2303 963 2337 ποιότητος
975 2303 1027 2338 ψυ-

241 2344 290 2378 χῆς
303 2352 334 2370 τε
349 2345 396 2371 καὶ
411 2344 545 2379 σώματος,
566 2346 633 2372 ἀλλά
648 2346 692 2373 διὰ
707 2348 738 2372 τὸ
753 2348 962 2381 ἀπαράλλακτον
973 2349 1027 2375 τῶν

241 2389 294 2416 ὑπδ
305 2390 335 2417 τὸ
349 2387 417 2422 εἶδος
435 2392 609 2426 ἀναγομένων
622 2392 739 2426 ἀτόμων,
755 2393 820 2427 μίαν
835 2394 882 2420 καὶ
899 2394 945 2420 ἐπὶ
960 2395 1027 2429 Χρι-

241 2435 304 2461 στοῦ
317 2435 406 2470 λέγειν
431 2436 521 2470 φύσιν,
539 2437 602 2463 ἔνθα
627 2434 695 2469 εἶδος
711 2439 884 2473 περιεκτικδν
905 2440 1024 2467 ὑποστά-

241 2489 309 2513 σεως
327 2482 377 2508 οὐκ
402 2482 484 2509 ἐστιν.
506 2482 537 2514 ζ’.
553 2484 623 2510 Ἔτι·
641 2484 671 2510 Εἰ
697 2484 784 2511 πάντα
808 2485 843 2512 τὰ
868 2487 1025 2521 παραδόξως

239 2526 286 2552 καὶ
298 2526 444 2562 ὑπερφυῶς
460 2527 590 2562 γινόμενα
605 2528 635 2554 οὐ
662 2528 742 2563 φύσιν
761 2529 905 2556 ἀποτελεῖ·
922 2532 952 2557 οὐ
970 2532 1023 2566 γάρ

238 2579 329 2606 φαμεν
344 2571 423 2606 βάτου
437 2572 518 2606 φύσιν
528 2574 747 2608 προσομιλοῦσαν
761 2577 839 2611 πυρὶ.
856 2577 902 2603 καὶ
920 2577 957 2612 μὴ
973 2587 1022 2605 κα-

237 2616 452 2652 ταφλεγομινην,
468 2619 528 2645 οὐδὲ
544 2619 623 2652 φύσιν
636 2619 761 2654 σώματος
781 2621 948 2654 ἀνθρωπείου
962 2624 1022 2658 δρο-

239 2661 384 2696 σιζομένην
405 2664 434 2689 ἑν
460 2664 536 2698 πυρὶ,
560 2664 627 2691 ἀλλὰ
650 2665 788 2698 παράδοξα
809 2667 897 2693 ταῦτά
932 2676 1020 2702 φαμεν

241 2706 306 2741 περὶ
324 2707 388 2740 μίαν
407 2707 553 2735 ὑπόστασιν
578 2711 727 2745 γενόμενα·
745 2712 759 2737 ό
783 2711 812 2737 δὲ
841 2712 905 2744 Θελς
936 2714 1020 2746 Λόγος

238 2751 383 2787 ὑπερφυῶς
395 2753 485 2789 ἡνώθη
502 2756 534 2790 τῇ
551 2756 709 2792 ἀνθρωπίνῃ
724 2757 818 2790 φύσει·
834 2757 878 2784 διά
887 2766 926 2784 τοι
943 2758 1020 2784 τοῦτο

238 2797 286 2823 καὶ
299 2798 329 2824 ἐν
345 2800 394 2834 μιᾷ
409 2800 554 2826 ὑποστάσει
567 2801 614 2827 καὶ
628 2801 658 2827 'rb
682 2801 905 2836 ἀποτελούμενον,
923 2803 952 2828 οὺ
968 2803 1019 2837 φύ-

240 2849 281 2874 σις
295 2843 464 2872 ἀποτελεῖται
488 2846 623 2879 σύνθετος,
637 2847 693 2874 ἀλλ’
713 2847 870 2880 ὑπόστασις.
894 2852 927 2884 η’.
948 2850 1019 2875 Ἔτι·

1044 2147 1065 2174 D

1084 1531 1164 1557 etiam
1186 1537 1247 1565 post
1265 1533 1394 1559 unionem
1415 1540 1628 1568 conservantur,
1656 1544 1705 1564 nec
1729 1545 1877 1571 possumus

1083 1575 1254 1602 Christorum
1289 1578 1406 1610 speciem
1437 1578 1582 1606 invenire:
1614 1588 1702 1615 neque
1731 1582 1802 1608 enim
1828 1581 1878 1609 fuit

1083 1621 1154 1648 alius
1166 1621 1291 1648 Christus
1300 1630 1331 1648 ex
1342 1622 1452 1654 deitatc,
1466 1628 1492 1650 et
1506 1623 1686 1656 humanitate,
1703 1625 1775 1652 Deus
1804 1625 1875 1652 idem

1082 1670 1110 1692 et
1130 1666 1233 1694 homo:
1250 1674 1303 1693 non
1326 1667 1408 1701 igitur
1431 1673 1490 1701 post
1517 1668 1645 1695 unionem
1669 1669 1752 1696 unius
1773 1674 1878 1696 natura:

1083 1711 1208 1739 Christus
1227 1712 1351 1740 elﬁcitur.
1368 1712 1394 1739 6.
1410 1712 1487 1744 ltum,
1510 1713 1537 1740 Si
1561 1721 1614 1740 nou
1633 1714 1704 1741 idem
1722 1720 1773 1746 est,
1793 1722 1876 1741 unum
1930 1732 1935 1736 ι

1083 1758 1202 1786 hominis
1228 1759 1381 1786 secundum
1404 1760 1535 1794 speciem,
1564 1765 1590 1787 et
1617 1768 1701 1788 unum
1724 1762 1874 1788 secundum

1081 1805 1227 1831 essentiam
1244 1805 1368 1839 corporis
1395 1810 1422 1832 et
1442 1807 1539 1833 animae
1556 1815 1563 1838 ;
1586 1814 1704 1841 namque
1723 1815 1808 1834 unum
1825 1808 1876 1834 ho-

1081 1850 1164 1876 minis
1185 1850 1335 1877 seeundum
1360 1851 1478 1885 speciem
1507 1851 1533 1878 in
1564 1852 1692 1879 omnibus
1721 1853 1877 1879 hominibus

1081 1896 1266 1930 aequalitatem
1285 1901 1378 1922 servat
1394 1905 1400 1922 :
1422 1900 1449 1922 at
1466 1897 1617 1923 secundum
1632 1897 1777 1924 essentiam
1790 1905 1875 1924 unum

1080 1942 1201 1976 corporis
1225 1946 1252 1969 et
1274 1942 1382 1973 animae,
1405 1943 1492 1974 ipsum
1517 1949 1577 1969 esse
1603 1943 1761 1969 earumdem
1786 1943 1876 1975 laedit,

1081 1987 1192 2020 penitus
1210 1987 1242 2014 ad
1258 1996 1311 2014 non
1338 1995 1398 2015 esse
1422 1988 1557 2015 deducens
1572 1997 1579 2014 :
1594 1995 1682 2022 neque
1708 1988 1781 2015 enim
1805 1988 1875 2015 idem

1079 2038 1121 2060 est
1139 2034 1288 2061 secundum
1307 2034 1432 2061 essentia:
1450 2035 1582 2061 rationem
1597 2042 1698 2068 corpus
1711 2054 1718 2064 ,
1739 2039 1765 2060 et
1786 2034 1876 2060 incor-

1079 2086 1190 2113 poreum
1214 2087 1287 2106 :non
1316 2084 1358 2107 est
1389 2080 1471 2114 igitur
1498 2087 1610 2107 necesse
1633 2087 1683 2106 nos
1708 2080 1736 2106 iu
1764 2080 1875 2106 homine

1079 2133 1161 2152 uuam
1189 2130 1314 2152 naturam
1335 2130 1489 2153 asserentes
1515 2134 1569 2152 non
1595 2130 1706 2159 propter
1731 2125 1802 2152 idem
1828 2133 1874 2152 CS-

1080 2172 1201 2199 sentialis
1217 2172 1357 2206 qualitatis
1375 2171 1474 2198 anima:
1501 2176 1528 2198 et
1543 2170 1677 2204 corporis.
1698 2170 1744 2197 sed
1763 2174 1875 2204 propter

1078 2217 1324 2244 immutabilium-nr
1365 2216 1584 2248 individuorum,
1617 2223 1677 2250 quze
1717 2215 1768 2242 sub
1810 2222 1873 2248 spe-

1078 2264 1118 2291 cie
1159 2268 1222 2290 sunt
1265 2271 1346 2289 uuam
1377 2263 1403 2289 in
1436 2262 1546 2289 Christo
1569 2267 1693 2288 naturam
1720 2260 1873 2294 afﬁrmare,

1079 2309 1127 2336 ubi
1171 2308 1274 2343 species
1320 2308 1487 2343 ltypostasim
1537 2307 1609 2334 nulla
1650 2306 1869 2340 cmnprehendit.

1081 2355 1108 2381 7.
1151 2354 1232 2384 Item,
1270 2354 1292 2381 si
1343 2353 1456 2385 omnia,
1500 2360 1561 2387 qua:
1603 2352 1799 2379 admirabiliter
1844 2355 1873 2377 et

1076 2407 1157 2434 supra
1179 2404 1302 2426 naturam
1318 2399 1399 2430 ﬁunt,
1419 2403 1545 2425 naturam
1562 2405 1616 2425 non
1631 2398 1769 2429 cilicium;
1785 2404 1873 2431 neque

1074 2445 1146 2471 enim
1163 2444 1279 2472 dicimus
1304 2444 1362 2471 rubi
1384 2448 1529 2474 naturam,
1550 2443 1604 2477 igni
1628 2446 1869 2473 consuesceutem,

1074 2490 1190 2517 ﬂammis
1215 2497 1267 2516 non
1306 2490 1395 2521 exuri,
1414 2496 1503 2523 neque
1525 2493 1651 2515 naturam
1677 2487 1801 2521 corporis
1818 2488 1871 2517 hu—

1075 2536 1148 2563 mani
1160 2536 1187 2562 in
1206 2535 1408 2570 igneirrorari,
1439 2535 1486 2563 sed
1511 2534 1682 2562 admirabilia
1714 2534 1774 2561 lucc
1797 2534 1870 2560 circa

1073 2589 1155 2608 unam
1180 2582 1346 2616 hypostasim
1372 2582 1456 2613 ﬁunt;
1481 2585 1509 2607 at
1533 2581 1602 2608 Deus
1637 2580 1754 2607 Verbum
1787 2586 1870 2612 super

1072 2632 1197 2654 naturam
1219 2628 1343 2654 humanm
1359 2632 1463 2654 natura:
1484 2626 1577 2653 unitus
1604 2630 1655 2658 est,
1671 2629 1869 2659 proptereaque

1073 2673 1146 2707 quod
1167 2673 1194 2699 in
1214 2681 1266 2700 una
1284 2672 1422 2708 hypostasi
1440 2672 1564 2702 edicitur.
1593 2679 1646 2698 non
1671 2674 1768 2696 natura
1791 2675 1868 2717 cotn‘

1072 2718 1161 2752 posita
1173 2717 1213 2749 fit,
1223 2718 1267 2744 sed
1275 2718 1438 2752 hypostasis.
1449 2717 1475 2744 8.
1487 2718 1564 2748 Item,
1577 2716 1651 2743 Nulla
1668 2716 1805 2742 natura.si
1814 2719 1867 2738 una

1071 2766 1124 2793 cst,
1136 2761 1288 2788 contrarias
1298 2761 1457 2788 essentiales
1471 2759 1638 2787 dtllereutias
1649 2755 1782 2786 admittit;
1797 2763 1866 2789 quo—

1075 2805 1155 2832 modo
1167 2805 1239 2831 enitn
1255 2804 1314 2832 ﬁeri
1325 2809 1416 2839 potest
1436 2809 1466 2831 ut
1482 2803 1575 2830 eadem
1589 2806 1686 2828 natura
1714 2799 1863 2826 secundum

1074 2851 1144 2878 idem
1159 2851 1194 2878 sit
1207 2854 1296 2878 creata
1312 2854 1338 2879 et
1357 2850 1487 2882 iucrcata,
1511 2846 1632 2874 mortalis
1647 2850 1675 2873 et
1686 2844 1863 2878 immortalis.
