2092 3156
209 189 264 224 630

842 186 990 218 ΝΙΩΕΤΑΞ
1009 185 1218 216 BYZANTINI

1792 183 1845 216 640

211 241 467 279 comprehensibilis
475 245 503 269 et
508 240 808 276 incomprehensibilis!
817 242 863 269 sed
876 241 1000 269 Christus

1053 241 1084 267 El
1096 240 1209 276 οὐδεμία
1222 240 1304 274 φύσις
1319 239 1368 274 μία
1382 239 1459 271 οὖσα,
1487 239 1541 266 τῶν
1560 238 1689 266 ἐναντίων
1708 238 1844 271 οὖσιωδῶν

210 289 237 317 id
249 289 331 317 habet
339 298 347 316 ς
355 289 482 318 Christus
491 289 661 323 igiturunins
671 292 776 315 natura:
783 292 834 320 est,
847 288 909 316 licet
919 287 999 315 homo

212 342 295 363 unius
309 338 412 362 natura
420 335 464 362 sit.
475 333 588 365 9.Iteln,
596 333 625 360 Si
637 332 718 360 unius
733 337 837 360 natura:
846 333 998 361 secundum

211 387 261 408 vos
272 380 398 408 Christus
413 384 475 414 post
484 378 612 406 unionem
619 378 786 410 est,omnino
796 378 942 406 dicendum
959 382 1000 406 est

212 426 284 453 hanc
300 433 380 452 unam
399 429 523 452 naturam
536 431 597 452 esse
613 428 660 451 aut
678 424 798 452 divinam
816 424 999 456 solummodo,

211 475 259 499 aut
278 471 426 498 humanam
447 475 565 503 tantum,
594 474 641 498 aut
659 471 778 498 divinam
799 475 828 498 et
852 471 998 498 humanam

212 517 306 549 simul,
321 522 369 544 aut
385 523 473 552 neque
487 517 620 548 divinam,
633 525 722 552 neque
741 517 899 550 humanam,
915 517 961 544 sed
976 517 1000 544 si

211 567 254 589 est
269 570 323 589 una
339 562 396 589 haec
413 566 523 595 natura,
539 566 645 590 tantum
661 562 764 595 divina,
778 561 904 590 Christus
918 562 1000 598 igitur

211 606 283 634 Deus
303 607 366 639 erit,
380 611 408 634 et
427 614 482 635 non
499 607 583 634 homo
599 615 606 634 :
628 607 650 635 si
674 612 717 634 est
737 615 791 634 una
817 607 875 642 ipsa
902 612 1000 634 natura

211 652 303 679 divina
332 657 360 680 et
386 652 506 680 humana
531 652 630 685 simul,
667 661 755 688 neque
786 653 891 684 Patris,
912 660 1000 688 neque

212 697 331 732 Spiritus
367 698 465 731 sancti,
490 705 578 733 neque
600 698 741 726 hominum
770 703 866 726 natura
888 703 949 730 cst,
973 702 1000 726 et

211 743 341 778 utrinque
362 743 538 778 blasphemia:
561 744 674 778 crimen,
688 744 734 779 qui
755 744 791 771 ita
816 745 896 772 sentit
908 744 1000 772 incur-

211 793 263 822 ret,
282 794 310 816 et
331 789 441 817 robusta
467 789 501 818 de
523 794 613 818 mente
631 791 720 818 cadet.
749 791 777 819 Si
795 797 860 818 vero
882 794 924 818 est
945 798 1000 818 una

211 834 269 862 haec
288 838 386 861 natura
407 842 495 870 neque
509 835 612 869 divina,
631 843 719 870 neque
730 836 861 869 humana,
873 835 1000 863 Christus

211 879 296 914 igitur
325 887 414 915 neque
437 880 508 908 Deus
533 886 586 914 est,
607 889 695 917 neque
719 882 817 915 homo;
834 889 999 918 quocunque

1052 286 1190 322 διαφορῶν
1203 286 1317 321 δεκτικὴ
1331 286 1435 320 γίνεται
1445 294 1451 300 ·
1467 286 1524 316 πῶς
1536 285 1590 320 γὰρ
1604 285 1717 312 δυνατὸν
1732 286 1781 320 τὴν
1796 285 1844 311 αὑ-

1052 332 1102 367 τὴν
1116 331 1196 367 φ’ύσιν
1217 333 1287 359 κατὰ
1302 332 1397 359 ταυτὸν
1412 331 1523 366 κτιστὴν
1548 329 1618 357 εἶναι
1644 331 1692 357 καὶ
1705 331 1842 362 ἄκτιστον,

1053 377 1153 413 θνητὴν
1165 378 1212 405 καὶ
1229 377 1372 410 ἀθάνατον,
1386 377 1563 413 καταληπτὴν
1573 377 1621 404 καὶ
1635 377 1843 412 ἀκατάληπτον;

1055 424 1069 450 6
1092 423 1120 450 δὲ
1136 424 1254 460 Χριστὸς
1280 424 1357 451 τοῦτο
1374 423 1448 459 ἔχει·
1463 425 1478 451 6
1492 424 1610 459 Χριστὸς
1629 423 1683 460 ἄρα
1707 424 1772 458 μιᾶς
1791 423 1843 457 φύ-

1054 477 1124 502 σεως
1149 470 1200 497 οὐκ
1221 470 1306 503 ἐστιν,
1325 470 1350 497 ει
1374 470 1422 496 καὶ
1448 470 1462 496 6
1484 469 1628 505 ἄνθρωπος
1647 470 1713 504 μιᾶς
1736 468 1844 503 φύσεώς

1053 514 1138 543 ἑστιν.
1153 515 1186 542 θ’.
1204 514 1276 542 Ἔτιο
1296 515 1327 541 El
1345 515 1410 550 μιᾶς
1421 514 1528 549 φύσεως
1545 514 1607 541 καθ’
1618 514 1690 549 ὑμᾶς
1704 514 1844 549 ὸΧριστδς

1055 558 1124 594 μετά
1140 558 1190 593 τὴν
1202 558 1300 585 ἕνωσίν
1318 560 1403 591 ἐστιν,
1429 559 1539 591 πάντως
1563 558 1658 593 ἕψεται
1676 557 1779 594 ταῦτην
1794 559 1844 594 τὴν

1055 603 1119 639 μίαν
1131 604 1218 630 εἰπεῖν
1234 603 1327 638 φύσιν,
1341 604 1358 638 ἢ
1374 603 1450 631 θείαν
1466 604 1557 639 μόνον,
1575 603 1591 639 ἢ
1609 604 1783 639 ἀνθρωπίνην
1795 605 1845 639 μό-

1052 659 1108 682 νον,
1135 650 1152 686 ἢ
1176 650 1252 678 Θείαν
1275 651 1323 678 καὶ
1348 651 1523 687 ἀνθρωπίνην
1541 651 1612 686 ἃμα,
1634 652 1652 688 ἢ
1673 652 1743 687 μήτε
1757 651 1843 685 θείαν,

1054 697 1123 732 μήτε
1138 697 1323 732 ἀνθρωπίνην.
1353 697 1424 724 Ἀλλ’
1444 698 1468 724 εἰ
1485 697 1536 732 μιν
1557 698 1632 724 ἐστιν
1653 698 1670 733 ἡ
1694 698 1743 733 μία
1763 697 1845 732 φύσις

1053 741 1122 777 αῦτη
1138 742 1198 769 θεία
1215 743 1305 778 μόνον,
1322 744 1337 770 ό
1349 743 1466 778 Χριστὸς
1480 743 1535 779 ἄρα
1548 743 1613 775 Θεὸς
1628 744 1715 775 ἔσται,
1732 744 1779 771 καὶ
1794 744 1844 770 οὐκ

1052 787 1203 824 ἄνθρωπος.
1221 789 1252 816 El
1267 788 1295 816 δέ
1309 790 1382 816 ιστιν
1396 790 1412 824 ὴ
1430 789 1479 824 μία
1496 789 1576 824 φύσις
1591 788 1661 824 αὕτη
1682 789 1743 816 θεία
1755 798 1785 816 τε
1797 789 1845 816 καὶ

1052 833 1210 869 ἀνθρωπίνη
1232 835 1301 869 ἅμα,
1325 834 1387 861 οὔτε
1414 835 1461 861 τοῦ
1483 835 1590 870 Πατρὺς
1613 834 1675 862 οὗτε
1696 835 1744 862 τοῦ
1766 835 1845 868 ἁγίου

1053 878 1219 914 Πνεῦματος,
1234 879 1296 906 οὔτε
1311 879 1363 915 μὴν
1378 879 1433 906 τῶν
1449 879 1600 915 ἀνθρώπων
1614 880 1667 916 ἄρα
1678 880 1759 915 φύσις
1774 881 1845 914 ἐστὶ,

212 925 293 960 igitur
306 931 445 953 vertamus
464 927 626 959 orationem,
645 934 775 962 cogemur
809 927 888 955 fateri
920 927 1000 955 Chri-

1054 923 1100 949 καὶ
1115 923 1309 959 ἀμφοτέρωθεν
1322 923 1496 958 βλασφημίας
1508 924 1635 959 ἔγκλημα
1648 925 1686 960 τῷ
1694 925 1770 952 τουτὶ
1779 934 1845 962 φρο-

212 973 286 998 stum
303 978 386 998 unam
401 976 503 999 sancta:
517 971 658 999 Trinitatis
673 973 840 1008 hyposlasim
854 981 916 1001 esse
931 974 1002 1002 duas

213 1019 326 1043 naturas
345 1016 502 1049 habentem,
519 1017 638 1044 divinam
659 1018 763 1045 scilicet
788 1023 816 1045 et
841 1019 1001 1052 humanam,

212 1059 328 1095 ideoque
344 1059 371 1086 in
385 1060 474 1094 ipsum
490 1060 550 1087 duae
561 1060 679 1088 rationes
691 1069 852 1094 convenere,
862 1062 956 1090 eodem
968 1063 1002 1091 de

211 1109 387 1133 seasserente
403 1114 411 1132 :
428 1105 510 1138 Quem
520 1114 560 1133 me
582 1107 672 1133 dicunt
684 1115 738 1134 esse
759 1107 859 1134 Filium
869 1109 980 1136 hominis
990 1110 1003 1136 2'

211 1155 240 1179 et
258 1150 339 1180 Petro
364 1152 545 1187 respondente
563 1161 570 1180 :
585 1152 624 1180 Tu
637 1162 665 1181 es
688 1153 810 1182 Christus
842 1154 927 1182 Filius
954 1155 1001 1183 Dei

212 1197 275 1225 nisi.
299 1197 344 1225 10.
363 1197 442 1230 item,
460 1197 490 1225 Si
511 1199 594 1228 unius
610 1204 652 1227 est
668 1204 774 1228 natum
793 1201 919 1229 Christus
941 1206 1002 1236 pOst

212 1243 352 1276 u'nionem,
374 1252 485 1272 necesse
508 1250 551 1273 est
576 1251 714 1279 naturam,
744 1247 894 1275 secundum
918 1256 999 1283 quam

211 1288 339 1317 Christus
364 1294 407 1318 est
429 1291 511 1318 unius
530 1296 649 1324 naturae,
670 1297 717 1319 aut
736 1300 907 1320 communem
928 1301 999 1326 esse,

211 1335 260 1360 aut
280 1333 466 1368 singularem;
481 1334 504 1362 si
528 1342 702 1364 communem
719 1345 781 1365 esse
799 1339 1000 1372 conccsseritis,

209 1377 266 1411 jam
278 1378 335 1411 ipsa
348 1378 382 1406 de
397 1379 521 1413 pluribus
533 1380 651 1414 dicetur,
665 1382 712 1410 sed
735 1382 803 1410 alios
818 1383 942 1411 Chrislos
959 1392 1001 1411 re-

213 1423 314 1458 perire.
326 1429 373 1452 aut
392 1424 487 1459 fuisse,
503 1426 537 1454 de
553 1427 652 1462 quibus
664 1427 722 1456 haec
736 1429 890 1456 communis
905 1434 1000 1458 natura

212 1470 414 1503 praedicabitur,
431 1471 488 1499 ﬁeri
504 1472 616 1500 omnino
629 1473 732 1509 nequit.
748 1474 776 1502 Si
787 1475 934 1510 singularis
947 1480 999 1508 est,

212 1514 283 1543 idem
294 1516 352 1543 erit
366 1524 429 1544 cum
448 1518 587 1553 hyp0stasi
602 1528 609 1547 ε
627 1523 655 1547 et
669 1519 692 1548 si
707 1520 734 1547 id
747 1525 799 1553 est,
817 1528 929 1549 necesse
941 1528 1001 1549 om-

210 1561 277 1590 nino
292 1561 374 1590 fuerit
397 1564 547 1591 secundum
563 1572 623 1598 vos,
649 1564 758 1593 Patrem
771 1586 778 1598 ,
799 1570 826 1593 et
840 1565 938 1593 Filium
949 1587 957 1599 ,
972 1570 1000 1594 et

213 1606 347 1642 Spiritum
364 1614 490 1637 sanctum
514 1615 568 1638 tres
591 1611 742 1646 peculiares
762 1612 899 1640 numerari
921 1616 1001 1640 natu-

213 1660 268 1685 ras,
283 1658 311 1681 et
333 1658 389 1682 tres
409 1655 475 1682 deos
501 1655 565 1688 dici.
579 1661 607 1684 et
628 1661 682 1684 tres
705 1657 829 1691 deitates,
846 1659 918 1693 quod
943 1659 1003 1686 bla-

213 1697 354 1733 sphemiae
372 1706 467 1727 omnes
481 1706 627 1736 exsuperat
640 1711 647 1728 τ
659 1702 714 1730 imo
728 1708 755 1730 et
772 1704 855 1732 tutius
866 1704 1002 1732 Christia-

212 1742 294 1770 nismi
308 1743 426 1778 eiuratio
441 1750 491 1777 est,
509 1754 598 1781 neque
616 1747 688 1775 enim
703 1755 850 1784 possumus
863 1750 954 1778 dicere
974 1751 1001 1778 in

212 1786 374 1814 universum
399 1792 524 1816 naturam
549 1790 730 1825 hypostasim.
758 1797 806 1820 aut
832 1793 1000 1829 hypostasim

211 1835 338 1859 naturam
351 1853 359 1865 ,
383 1841 417 1860 ne
431 1841 527 1862 omnes
547 1835 696 1864 Christiani
719 1845 842 1865 asserere
870 1844 1003 1874 cogantur

212 1874 333 1909 Patrem,
350 1882 377 1905 et
399 1878 510 1912 Filium,
524 1884 552 1908 et
566 1879 697 1914 Spiritum
714 1887 840 1910 sanctum
855 1889 909 1912 tres
922 1890 1002 1912 natu-

212 1930 269 1955 ras,
288 1924 361 1958 quod
382 1929 424 1952 est
441 1929 496 1953 tres
515 1926 693 1962 hypostases;
716 1929 776 1957 sive
788 1937 870 1958 unam
889 1932 1000 1960 eosdem

211 1967 312 1996 habere
330 1970 514 2005 hypostasim,
527 1979 559 2000 ea
579 1973 701 2006 ratione,
717 1982 772 2009 qua
795 1983 877 2004 unam
901 1977 1001 2007 habent

212 2019 348 2047 naturam,
364 2023 425 2050 qua:
439 2017 520 2045 ambo
535 2025 550 2046 a
570 2018 622 2047 ﬁde
633 2019 789 2049 Christiana
811 2022 900 2050 aliena
923 2029 1000 2052 sunt.

212 2058 256 2085 ll.
272 2059 348 2093 Item,
364 2060 392 2088 Si
407 2061 489 2090 unius
504 2067 610 2092 naturae
629 2064 778 2099 hominem,
796 2067 923 2103 illiusque
937 2077 1000 2104 par-

212 2109 253 2132 tes
264 2105 356 2138 simul,
373 2115 435 2142 quze
451 2108 528 2143 prius
549 2117 604 2138 non
630 2116 718 2145 erant,
731 2113 858 2147 produxit
876 2114 909 2143 ad
926 2123 1002 2143 com-

212 2150 377 2185 plementum
396 2153 528 2188 universi,
544 2156 657 2191 llerique
678 2162 779 2193 potest,
793 2164 823 2187 ut
837 2164 907 2195 'qu:e
926 2163 1000 2197 ejus-

211 2196 271 2222 dem
285 2202 350 2225 sunt
385 2201 515 2235 temporis
545 2209 628 2229 unam
656 2208 782 2232 naturam
819 2196 999 2241 compositam

1055 968 1144 995 νοῦντι
1166 969 1408 1004 προστριὸήσεται,
1432 971 1480 996 καὶ
1495 971 1546 1004 τῆς
1565 970 1726 1006 ἐρρωμένης
1747 971 1845 1006 φρενὸς

1054 1014 1225 1050 ἒκστήσεται.
1241 1015 1273 1041 El
1288 1013 1315 1041 δέ
1331 1015 1405 1041 ἐστιν
1421 1015 1438 1050 ή
1453 1014 1501 1050 μία
1516 1015 1596 1049 φύσις
1615 1015 1685 1051 αὕτη
1699 1015 1761 1043 οὔτε
1774 1016 1844 1049 Θεία,

1054 1059 1114 1086 οὔτε
1138 1059 1305 1096 ἀνθρωπίνη,
1332 1060 1477 1096 ὸΧριστδς
1504 1061 1559 1097 ἄρα
1587 1061 1648 1089 οὔτε
1668 1063 1735 1094 Θεός
1759 1064 1844 1096 ἐστιν,

1054 1105 1115 1132 οὔτε
1128 1105 1280 1141 ἄνθρωπος.
1297 1107 1383 1134 Ὅπου
1397 1107 1542 1142 τοιγαροῦν
1559 1108 1623 1140 τοὺς
1653 1108 1749 1143 λόγους
1764 1118 1845 1144 περι-

1055 1151 1217 1186 στρέψομεν,
1232 1152 1272 1183 είς
1288 1151 1318 1179 τὸ
1331 1151 1420 1187 λέγειν
1438 1152 1613 1187 ἀπαγόμεθα,
1630 1154 1672 1180 ὅτι
1696 1153 1710 1179 6
1728 1154 1845 1189 Χριστὸς

1056 1196 1105 1230 μία
1121 1196 1270 1228 ὑπόστασις
1287 1197 1339 1231 τῆς
1356 1197 1437 1231 ἁγίας
1452 1197 1567 1232 Τριάδος
1585 1198 1663 1231 ἐστὶ,
1679 1199 1726 1226 δύο
1750 1199 1846 1234 φύσεις

1054 1242 1133 1276 ἔχων,
1161 1242 1241 1277 φύσιν
1258 1251 1287 1269 τε
1304 1242 1390 1275 θείαν,
1409 1244 1456 1270 καὶ
1478 1243 1560 1277 φύσιν
1580 1244 1768 1279 ἀνθρωπίνην.
1791 1245 1846 1272 Καὶ

1054 1288 1149 1314 τούτου
1163 1288 1243 1324 χάριν
1259 1288 1304 1314 ἐπ’
1317 1288 1392 1324 αὺτῷ
1409 1289 1540 1324 συνῆλθον
1553 1289 1704 1324 ἀμφότεροι
1728 1291 1752 1317 οἱ
1771 1290 1845 1324 λόγοι

1054 1333 1136 1360 αὐτοῦ
1149 1342 1179 1360 τε
1196 1335 1260 1369 περὶ
1277 1334 1375 1362 ἑαυτοῦ
1393 1334 1547 1370 εἰρηκότος,
1564 1335 1633 1362 Τίνα
1643 1344 1682 1370 με
1697 1336 1846 1370 λέγουσιν

1053 1377 1129 1406 εἶναι
1146 1379 1198 1407 τὸν
1225 1380 1294 1407 Υιὸν
1313 1377 1367 1408 τοῦ
1394 1380 1575 1414 ἀνθρώπου;
1600 1382 1648 1408 καὶ
1676 1381 1723 1408 τοῦ
1740 1382 1845 1416 Πέτρου

1054 1425 1284 1460 ἀποκριναμένου.
1296 1426 1338 1454 Σὺ
1351 1424 1378 1453 εἶ
1392 1428 1409 1453 δ
1425 1427 1564 1461 Χριστὸς,
1586 1429 1603 1455 d
1623 1428 1689 1461 Υἱὸς
1701 1427 1754 1455 τοῦ
1770 1429 1845 1456 Θεοῦ

1053 1471 1106 1498 τοῦ
1119 1471 1236 1504 ζῶντος.
1256 1471 1282 1500 ι’.
1302 1473 1372 1500 Ἔτι·
1390 1473 1420 1499 El
1438 1473 1503 1507 μιᾶς
1527 1472 1636 1507 φύσεώς
1657 1475 1731 1501 ἐστιν
1745 1475 1761 1500 6
1776 1476 1845 1509 Χρι-

1054 1516 1117 1549 στὸς
1144 1517 1213 1552 μετά
1236 1517 1285 1552 τὴν
1302 1517 1414 1549 ἕνωσιν⁹
1430 1518 1539 1552 ἀνάγκη
1553 1518 1601 1553 τὴν
1617 1518 1709 1552 φύσιν,
1737 1519 1799 1546 καθ’
1811 1520 1845 1554 ἦν

1053 1561 1127 1589 ἐστιν
1141 1563 1155 1589 6
1169 1563 1285 1597 Χριστὸς
1300 1564 1365 1598 μιᾶς
1376 1563 1494 1598 φύσεως,
1510 1563 1527 1598 ἢ
1556 1563 1649 1599 κοινὴν
1665 1562 1745 1596 εἶναι,
1764 1565 1781 1600 ἦ
1794 1565 1844 1591 ’ἰδι-

1054 1607 1115 1642 κήν.
1129 1607 1184 1634 Καὶ
1199 1607 1224 1634 εἰ
1241 1608 1290 1643 μὲν
1316 1608 1408 1643 κοινὴν
1431 1607 1554 1640 εἰπόντες
1581 1608 1682 1643 δοίητε,
1700 1609 1845 1644 συμϐαίνει

1053 1653 1140 1689 αὐτὴν
1154 1653 1222 1680 κατὰ
1245 1653 1376 1680 πλειόνων
1400 1653 1542 1689 φέρεσθαι.
1566 1655 1665 1689 Εὑρεῖν
1693 1654 1721 1680 δὲ
1748 1655 1844 1686 ἄλλους

1053 1699 1197 1734 Χριστοϋς,
1215 1698 1383 1734 ἢγενέσθαι,
1401 1698 1461 1725 καθ’
1479 1695 1517 1726 ὧν
1536 1698 1606 1733 αὕτη
1623 1700 1639 1734 ή
1667 1701 1744 1735 κοινὴ
1764 1700 1845 1734 φύσις

1053 1743 1319 1778 κατηγορηθήσεται,
1343 1743 1399 1770 τῶν
1412 1744 1554 1771 ἀδυνάτων
1576 1744 1660 1772 ἐστίν.
1677 1739 1710 1772 El
1726 1745 1754 1772 δὲ
1773 1745 1844 1780 ἰδική

1053 1790 1122 1822 ἐστι,
1137 1789 1235 1816 ταυτὸν
1249 1789 1326 1816 ἔσται
1340 1791 1373 1825 τῇ
1383 1790 1542 1817 ὑποστάσει.
1557 1791 1587 1817 El.
1601 1790 1630 1817 δὲ
1637 1790 1726 1824 τοῦτο,
1736 1791 1843 1827 ἀνάγκη

1053 1835 1127 1861 πᾶσα
1142 1835 1202 1862 καθ’
1218 1835 1301 1869 ὑμᾶς,
1323 1835 1369 1862 τὸν
1384 1835 1504 1871 Πατέρα,
1522 1836 1568 1862 καὶ
1595 1836 1641 1863 τὸν
1656 1836 1731 1869 Υιδν,
1750 1837 1798 1863 καὶ
1814 1837 1845 1863 τὸ

1053 1880 1166 1915 Πνεῦμα
1177 1880 1208 1907 τὸ
1222 1880 1310 1914 ἅγιον,
1326 1881 1400 1915 τρεῖς
1417 1880 1535 1916 μερικάς
1551 1881 1724 1916 ἀριθμεῖσθαι
1738 1881 1844 1916 φύσεις.

1053 1926 1100 1952 καὶ
1115 1926 1189 1961 τρεῖς
1204 1925 1391 1961 ὁμολογεῖσθαι
1403 1925 1494 1958 θεοὺς,
1513 1927 1561 1953 καὶ
1583 1928 1657 1962 τρεῖς
1676 1926 1816 1962 θεότητας.
1829 1927 1845 1954 ὃ

1052 1972 1085 2007 δὴ
1099 1971 1278 2007 βλασφημιῶν
1289 1972 1363 1998 ἐστιν
1376 1971 1490 1998 ἀπασῶν
1504 1972 1655 2008 ἀκροτάτη,
1670 1972 1770 2007 μᾶλλον
1795 1972 1845 1999 καὶ

1052 2017 1099 2044 τοῦ
1115 2017 1329 2053 Χριστιανισμοῦ
1349 2018 1450 2049 παντὸς
1464 2018 1590 2053 ἄρνησις.
1604 2018 1641 2045 Οὐ
1653 2018 1707 2053 γὰρ
1722 2017 1796 2045 ἐστιν
1807 2019 1844 2044 ει-

1052 2064 1113 2090 πεῖν
1130 2062 1244 2090 καθόλου
1261 2062 1399 2098 τὴνφύσιν
1415 2063 1575 2096 ὑπόστασιν,
1597 2063 1613 2098 ἢ
1630 2063 1680 2098 τὴν
1693 2063 1844 2090 ὑπόστασιν

1052 2109 1144 2144 φύσιν,
1159 2109 1204 2136 ἵνα
1218 2109 1255 2145 μὴ
1266 2109 1334 2136 πᾶσι
1346 2109 1403 2141 τοῖς
1423 2109 1599 2144 Χριστιανοῖς
1615 2109 1784 2144 συμδήσιται
1798 2109 1843 2135 λέ-

1052 2163 1111 2189 γειν
1124 2154 1170 2181 τὸν
1185 2154 1306 2189 Ila-clpa,
1330 2155 1378 2182 καὶ
1395 2155 1441 2182 τδν
1456 2154 1537 2187 Υῐὺν,
1559 2148 1607 2181 καὶ
1626 2154 1656 2181 τὸ
1677 2154 1791 2189 Πνεῦμα
1812 2154 1844 2181 τὸ

1052 2200 1130 2235 ἅγιον
1144 2199 1338 2237 τρεῖςφύσεις,
1361 2200 1431 2236 ὅπερ
1456 2201 1515 2227 ἐστὶ
1532 2201 1606 2236 τρεῖς
1623 2200 1796 2232 ὑποστάσεις,
1825 2200 1842 2235 ἦ

211 2241 343 2276 ciiiciant,
375 2245 428 2272 tale
456 2246 594 2275 decretum
628 2253 655 2276 et
682 2249 768 2285 legem
805 2253 957 2281 naturalem
982 2262 997 2282 a

1053 2247 1119 2280 μίαν
1133 2245 1231 2277 αὐτοὺς
1247 2245 1319 2280 ἔχειν
1331 2245 1490 2278 ὑπόστασιν,
1505 2245 1534 2272 6v
1555 2246 1657 2282 τρόπον
1675 2247 1739 2281 μίαν
1753 2246 1844 2281 ἔχουσι

211 2287 340 2316 Creatore
355 2291 525 2325 accipientis,
543 2297 572 2320 ut
584 2300 616 2321 es
638 2294 695 2330 lege
718 2301 824 2324 natura:
848 2298 947 2326 similia
967 2307 999 2327 ex

211 2334 346 2363 similibus
366 2337 518 2365 secundum
542 2341 744 2368 successionem
770 2349 958 2377 procreenlur,
973 2345 1000 2372 in

213 2380 328 2408 Domino
363 2390 428 2409 vero
451 2383 590 2412 unitarum
613 2390 788 2421 naturarum,
806 2389 864 2417 hzec
889 2390 999 2425 quidem

211 2426 272 2452 sine
295 2426 429 2462 principio
460 2432 502 2456 est
525 2433 552 2456 et
572 2434 636 2457 ante
665 2439 747 2460 omne
772 2438 894 2470 tempus,
915 2436 1000 2464 altera

211 2469 375 2504 principium
398 2471 487 2505 habet,
515 2476 543 2500 et
567 2474 618 2501 sub
635 2478 757 2510 tempore
773 2469 835 2510 est,
851 2485 938 2512 neque
960 2478 1000 2506 ia-

210 2520 261 2543 cta
279 2522 344 2544 sunt
357 2517 462 2552 species
489 2519 524 2546 ad
543 2521 768 2554 complementum
786 2524 924 2558 universi,
937 2533 1000 2553 cum

167 2597 172 2601 1
210 2562 359 2590 cessaverit
380 2562 451 2591 Deus
468 2565 502 2592 ab
512 2566 640 2600 operibus
656 2567 714 2595 suis
737 2569 782 2596 die
803 2571 935 2604 septimo;
951 2579 1000 2598 ne-

210 2615 264 2642 que
292 2609 452 2636 naturaliter
475 2610 640 2645 ﬂoruerunt,
659 2617 706 2640 aut
727 2618 831 2641 natura;
857 2614 906 2650 legi
936 2615 1001 2642 sub-

210 2652 325 2686 duntur,
343 2658 372 2681 ut
383 2661 398 2682 a
413 2655 523 2684 Christo
548 2662 722 2692 generentur,
737 2664 766 2686 et
790 2661 908 2694 speciem
933 2668 1000 2688 con-

210 2699 326 2727 stituant
344 2699 528 2736 Christorum,
546 2703 694 2731 multarum
715 2705 898 2739 hypostaseon
917 2713 1000 2741 capa-

211 2753 281 2778 cem,
298 2747 345 2774 sed
364 2755 446 2775 unam
465 2749 631 2784 hypostasim
647 2750 826 2785 compositam
843 2759 875 2778 ex
894 2751 1000 2779 duabus

214 2792 330 2824 naturis,
362 2797 388 2821 et
412 2794 439 2821 in
464 2794 571 2823 duabus
599 2796 715 2829 naturis,
741 2801 769 2823 et
794 2797 863 2824 duas
887 2801 1001 2825 naturas

213 2837 367 2872 habentem,
383 2847 546 2876 quacunque
571 2845 668 2868 natura
692 2847 752 2876 post
768 2842 896 2870 unionem
907 2863 915 2874 ,
935 2850 1000 2878 pro-

212 2883 298 2917 prium
315 2884 510 2921 definitionem,
530 2892 557 2915 et
576 2888 672 2923 legem.
687 2893 714 2916 et
734 2892 855 2916 mutuam
870 2888 996 2917 dilicrcn-

1052 2290 1132 2325 φύσιν
1143 2299 1149 2307 ·
1166 2290 1311 2326 ἀμφότερα
1329 2290 1358 2317 δὲ
1386 2290 1436 2326 τῆς
1453 2290 1508 2318 τῶν
1533 2291 1707 2326 Χριστιανῶν
1724 2291 1844 2322 πίστεως

1050 2336 1187 2372 ἀλλότρια.
1204 2335 1249 2364 ια’.
1267 2336 1339 2363 Ἐτι·
1358 2337 1390 2363 Ei
1418 2337 1483 2371 μιᾶς
1499 2336 1608 2370 φύσεως
1630 2337 1676 2364 τὸν
1697 2336 1843 2372 ἄνθρωπον

1050 2382 1114 2409 ὄντα
1121 2382 1156 2409 τὰ
1173 2381 1243 2418 μέρη
1259 2381 1317 2417 ἀμα
1330 2382 1362 2408 ὲκ
1374 2381 1423 2408 τοῦ
1441 2382 1479 2418 μὴ
1495 2382 1570 2414 ὄντος
1581 2383 1621 2414 είς
1637 2382 1668 2408 τὸ
1684 2379 1753 2409 εἶναι
1770 2391 1843 2416 παρ-

1050 2427 1163 2462 αγαγὼν
1188 2427 1288 2463 ἔσχηκε
1306 2427 1374 2462 πρὸς
1390 2428 1587 2462 συμπλήρωσιν
1603 2428 1650 2455 τοῦ
1670 2428 1780 2460 παντὸς,
1795 2428 1843 2454 καὶ

1050 2473 1161 2500 δυνατὸν
1174 2473 1208 2500 τὰ
1221 2472 1361 2508 ὁμόχρονα
1373 2472 1438 2507 μίαν
1452 2472 1533 2507 φύσιν
1545 2473 1687 2500 ἀποτελεῖν
1703 2473 1842 2505 σύνθετον,

1049 2520 1170 2547 τοιοῦτον
1182 2520 1246 2556 ὅρον
1258 2519 1306 2547 καὶ
1317 2519 1431 2554 φυσικὸν
1439 2519 1522 2555 νόμον
1533 2520 1608 2554 παρὰ
1615 2519 1662 2546 τοῦ
1669 2519 1842 2555 Δημιουργοῦ

1051 2566 1194 2602 δεχόμενα,
1224 2565 1294 2592 ὥστε
1309 2565 1417 2600 φύσεως
1442 2565 1517 2601 νόμῳ
1534 2566 1605 2592 κατά
1620 2565 1747 2600 διαδοχὴν
1760 2565 1842 2600 ὃμοια

1051 2611 1081 2644 ἐξ
1090 2611 1190 2646 ὁμοίων
1205 2610 1330 2645 γενέσθαι
1342 2619 1349 2627 ’
1365 2611 1411 2637 ἐπὶ
1425 2610 1454 2637 δὲ
1470 2609 1517 2636 τοῦ
1531 2610 1634 2645 Κυρίου
1663 2611 1718 2637 τῶν
1732 2610 1843 2638 ἑνωθει-

1052 2657 1106 2683 σῶν
1117 2657 1224 2690 φύσεων
1251 2657 1267 2691 ἡ
1293 2656 1342 2692 μὲν
1366 2656 1483 2691 ἀναρχός
1497 2657 1555 2683 ἔστι
1575 2656 1621 2683 καὶ
1638 2655 1763 2692 ἄχρονος.
1779 2657 1795 2691 ἡ
1813 2657 1843 2684 δὲ

1051 2702 1176 2738 ἠργμένη
1190 2703 1237 2729 καὶ
1251 2702 1303 2729 ὑπὸ
1314 2701 1419 2737 χρόνον,
1429 2703 1476 2728 καὶ
1489 2702 1520 2728 οὐ
1534 2701 1679 2736 γεγόνασιν
1690 2700 1759 2734 εἶδος
1774 2703 1843 2738 πρὸς

1052 2748 1248 2784 συμπλήρωσιν
1282 2748 1330 2774 τοῦ
1357 2747 1477 2779 παντός’
1495 2748 1558 2774 ἐπεὶ
1581 2748 1612 2774 οὐ
1640 2748 1843 2775 κατέπαυσενό

1051 2794 1118 2826 Θεδς
1142 2794 1196 2821 ἀπὸ
1211 2794 1267 2821 τῶν
1292 2793 1381 2834 ἔργων
1405 2793 1489 2821 αὑτοῦ
1510 2795 1542 2829 τῇ
1562 2793 1652 2829 ἡμέρᾳ
1668 2795 1700 2829 τῇ
1727 2793 1841 2828 ἑϐδόμῃ,

1051 2840 1113 2868 οὔτε
1127 2840 1248 2874 φυσικῶς
1263 2840 1393 2876 ήνθησαν,
1408 2840 1428 2875 ἢ
1439 2840 1492 2867 ὑπὸ
1504 2839 1612 2875 φύσεως
1630 2840 1693 2876 ὅρον
1706 2839 1840 2870 ⁴τελοῦσιν,

1052 2885 1122 2914 ὥστε
1137 2885 1193 2914 ἀπὸ
1207 2885 1323 2921 Χριστοῦ
1339 2886 1494 2921 γεννᾶσθαι,
1506 2886 1552 2913 καὶ
1567 2883 1636 2918 εἶδος
1652 2883 1841 2913 ἀποτελεῖσθαι
