2092 3156
228 167 281 200 Sil

663 167 879 198 REFUTATIO
898 166 1092 197 EPISTOLZE
1105 167 1220 198 REGIS
1240 168 1436 198 ARMENUE.

1802 169 1856 202 642

227 226 375 263 Χριστῶν,
400 224 576 261 περιεκτικδν
601 224 708 252 πολλῶν
729 225 926 258 ὑποστάσεων,
953 224 1022 252 ἀλλὰ

1075 225 1139 252 tiam
1168 230 1361 254 conservante.
1389 226 1434 253 12.
1461 225 1540 260 Item,
1571 226 1600 254 Si
1625 226 1741 255 diversae
1769 227 1870 263 speciei

229 274 295 310 μίαν
309 272 459 299 ὑπόστασιν
474 271 612 304 σύνθετον,
625 272 657 299 ἑκ
671 271 719 298 δύο
733 271 853 307 φύσεων,
870 271 919 298 καὶ
932 272 962 298 ὲν
973 271 1021 298 δύο

228 319 353 354 φύσεσιν,
372 317 481 344 καὶδύο
496 317 593 351 φύσεις
617 317 743 353 ἔχουσαν,
763 318 882 352 ἑκάστης
910 317 1020 351 φύσεως

228 364 275 392 καὶ
289 364 359 398 μετὰ
384 362 433 399 τὴν
449 363 546 390 ῐνωσιν
571 363 761 398 φυλαττούσης
783 363 829 390 τὸν
844 364 945 390 οἰκεῖον
959 363 1022 398 ὅρον

227 417 257 435 τε
291 408 340 435 καὶ
375 408 469 443 νόμον,
502 408 548 434 καὶ
581 408 632 444 τὴν
665 408 733 443 πρὸς
757 407 859 443 ἄλληλα
877 408 1020 444 διαφοράν.

230 455 272 490 ιβ’.
294 455 366 482 Ἔτι·
380 455 412 481 Et
426 455 454 481 αί
469 454 628 490 ἑτεροειδεϊς
648 455 812 487 ὑποστάσεις
828 455 878 490 οὑχ
906 455 1023 482 ὑποστα-

228 501 292 535 τικῇ
322 499 515 535 συγκρίνονται
543 499 560 534 ἢ
587 499 770 536 διακρίνωνται
792 500 928 536 διαφορᾷ,
954 500 1023 527 ἀλλὰ

229 547 344 582 φυσικῇ,
374 545 422 573 καὶ
447 546 476 572 αι
511 546 643 580 ὁμοειδεῖς
673 546 837 578 ὑποστάσεις
863 546 894 573 οὐ
919 548 1021 582 φυσικῇ

230 592 422 628 συγκρίνονται
436 591 453 627 ἢ
470 591 665 627 διακρίνονται,
694 592 752 620 ἀλλ’
777 592 960 628 ὑποστατικῇ,
975 593 1023 619 καὶ

228 638 322 672 ὥσπερ
335 637 466 664 ἀδύνατον
480 637 514 664 τὰ
531 638 699 674 ὑποστατικῇ
727 637 844 674 διαφορᾷ
861 638 1022 674 διαφέροντα

230 684 295 718 μιᾶς
309 681 381 710 εἶναι
403 682 589 716 ὑποστάσεως,
607 683 693 715 οὓτως
722 684 854 711 ἀδύνατον
868 684 902 711 τὰ
918 685 1020 720 φυσικῇ

228 730 345 765 διαφορᾴ
358 729 521 768 διαφέροντα
540 730 605 765 μιᾶς
629 727 699 757 εἶναι
726 730 834 765 φύσεως
850 738 858 746 ·
887 732 938 757 οὐκ
966 731 1022 765 ἂρα

228 776 303 803 ἔστιν
318 775 407 802 εἰπεῖν
420 775 485 810 μίαν
500 774 581 809 φύσιν
592 775 639 802 ἐπὶ
653 775 700 802 τοῦ
715 776 818 811 Κυρίου
834 775 915 810 ἡμῶν
934 776 1022 811 Ἰησοῦ

228 820 359 856 Χριστοῦ,
389 820 447 848 ἀλλ’
464 821 496 847 ἑκ
509 820 557 848 δύο
576 820 685 855 φύσεων
700 821 821 854 τελείων,
836 818 912 854 θείας
927 830 956 848 τι
975 821 1024 849 καὶ

228 865 412 902 ἀνθρωπίνης,
427 865 591 902 γεγενῆσθαι
607 866 657 902 τὴν
669 866 729 893 καθ’
743 867 894 894 ὑπόστασιν
924 868 1023 894 ἕνωσιν

1072 270 1234 306 hypostases
1265 279 1320 299 non
1365 271 1536 306 liypostatica
1570 278 1764 308 comparantur
1783 294 1792 308 ,
1823 279 1871 302 ant

1072 316 1248 351 disparantur
1276 317 1441 350 diﬁ'erentia,
1464 318 1510 345 sed
1532 319 1661 352 naturali,
1689 324 1717 347 et
1741 319 1864 355 ejusdem

1071 362 1172 397 speciei
1189 363 1350 398 hypostases
1370 371 1426 391 non
1451 364 1569 391 naturali
1587 370 1799 400 comparantur,
1823 371 1872 394 aut

1071 407 1249 443 disparantur
1264 408 1434 442 differentia,
1452 409 1500 437 sed
1518 409 1697 444 bypostatica.
1725 415 1753 437 et
1770 418 1867 446 quem-

1076 453 1225 481 admodum
1258 453 1317 481 ﬁeri
1344 453 1450 490 nequit,
1463 459 1494 482 ut
1520 462 1583 489 quae
1604 455 1774 490 hypostatica
1793 452 1872 484 diﬁ‘ci

1072 499 1161 527 rentia
1182 498 1420 531 discriminantur,
1444 499 1529 528 unius
1549 500 1608 527 sint
1631 500 1810 535 hypostasis,
1833 502 1871 528 ita

1073 543 1132 571 ﬁeri
1147 544 1253 579 nequit,
1267 548 1369 579 utque
1379 544 1520 572 essentiali
1532 544 1688 572 diﬁ'crentia
1703 545 1872 579 dividuntur,

1077 591 1160 618 unius
1185 591 1241 618 sint
1264 595 1371 618 naturae
1392 598 1468 618 :non
1491 598 1640 626 possumus
1665 591 1759 627 itaque
1780 592 1874 620 dicere

1075 645 1159 665 unam
1184 642 1312 665 naturam
1336 637 1370 665 de
1396 637 1511 665 Domino
1532 642 1629 666 nostro
1651 638 1715 667 Jesu
1743 639 1869 672 Christo,

1074 685 1121 712 sed
1131 692 1162 712 es
1179 683 1287 712 duabus
1304 684 1410 712 naturis
1433 683 1574 720 perfectis,
1590 684 1684 713 divina
1698 690 1725 712 et
1740 685 1873 718 humana.

1075 730 1176 758 factam
1194 730 1282 758 fuisse
1304 731 1433 758 unionem
1453 731 1604 758 secundum
1625 731 1794 767 hypostasim
1818 733 1870 760 im-

1075 777 1256 809 mutabiliter,
1266 782 1294 804 et
1310 777 1465 809 inconfuse,
1477 781 1504 804 et
1515 777 1644 810 indivise,
1660 782 1688 805 et
1700 778 1874 806 continenter

1075 821 1103 848 in
1121 821 1230 848 duabus
1247 818 1354 848 naturis
1371 820 1490 855 perfecte
1511 821 1674 849 habentibus
1687 829 1769 849 unam
1785 823 1873 858 hypo-

1075 867 1171 895 stasim
1186 867 1367 902 compositam
1386 866 1448 894 Filii
1465 866 1523 900 Dei,
1541 871 1569 895 et
1582 867 1729 900 incarnati,
1744 869 1874 896 eamdem

228 911 381 947 ἀτρέπτως,
408 912 456 939 καὶ
480 901 654 947 ἀσυγχύτως,
678 912 727 939 καὶ
756 913 956 947 ἀναλλοιώτως,
973 915 1022 941 καὶ

1075 901 1257 947 ιιγροειεείιηί
1276 916 1431 940 asserentes
1470 911 1583 940 deitatis
1617 917 1645 940 et
1681 913 1874 947 humanitatis,

227 957 399 993 ἁδιαιρὲτως,
417 958 464 984 καὶ
478 958 656 990 ὰδιαστάτως,
671 959 700 985 ὲν
717 958 779 986 δυσὶ
795 958 894 993 φύσεσι
909 959 1022 992 τελείως

228 1002 353 1038 ἐχούσαις
378 1003 443 1038 μίαν
463 1003 613 1030 ὑπόστασιν
642 1003 770 1032 σύνθετον
793 1004 1022 1033 ἀποτελεσθεῖσαν

227 1049 424 1086 ὁμολογοῦντες
434 1050 481 1077 τοῦ
495 1050 559 1077 Υἰοῦ
574 1051 621 1077 τοῦ
636 1050 714 1083 Θεοῦ,
728 1051 776 1078 καὶ
798 1052 1021 1087 σεσαρχωμένου,

228 1096 277 1132 τὴν
291 1095 376 1132 αὐτὴν
389 1095 538 1123 ὑπόστασιν
565 1096 691 1131 λέγοντες
706 1097 757 1132 τῆς
772 1097 898 1134 θεότητος
914 1099 1023 1133 καὶτῆς

229 1143 438 1179 ἀνθρωπότητος
453 1143 548 1176 αὑτοῦ,
574 1144 624 1176 τὰς
641 1143 689 1171 δύο
704 1143 802 1179 φύσεις
825 1145 1023 1180 ὁμολογοῦντες

230 1189 363 1222 σώζεσθαι
378 1190 408 1216 ὲν
422 1189 496 1225 αὑτῷ
525 1190 594 1225 μετὰ
608 1190 658 1225 τὴν
686 1190 783 1217 ἕνωσιν
793 1210 800 1223 ,
829 1192 880 1218 οὑκ
908 1192 960 1228 ἰδίᾳ
976 1193 1023 1219 καὶ

229 1235 281 1262 ἀνὰ
296 1235 378 1271 μέρος
392 1235 511 1267 τιθέντες
522 1236 652 1271 ἑκάστην,
662 1236 719 1263 ἀλλ’
731 1237 874 1273 ήνωμένας
889 1238 1021 1274 ἀλλήλαις

229 1282 258 1307 ἐν
284 1282 317 1316 τῇ
344 1282 394 1317 μιᾷ
424 1281 544 1318 συνθέτῳ
565 1283 730 1316 ὑποστάσει,
755 1283 872 1319 οὑσιώδη
896 1285 1023 1319 λέγοντες

229 1326 344 1360 ἕνωσιν,
362 1326 478 1362 οὑσιώδη
496 1327 534 1359 δὲ,
556 1328 605 1364 οὑχ
632 1328 670 1361 ὡς
688 1329 743 1356 τῶν
759 1329 807 1356 δύο
824 1331 932 1362 φύσεων
956 1333 1024 1359 ἁπο-

230 1372 392 1403 τελεσασῶν,
409 1373 473 1407 μίαν
489 1373 616 1400 σύνθετον
633 1374 725 1409 φύσιν,
736 1375 816 1402 τοῦτο
824 1376 878 1411 γὰρ
890 1376 1022 1404 δέδεικται

231 1417 340 1450 πάντως
367 1418 509 1451 ἀδύνατον,
536 1419 594 1447 ἀλλ’
626 1421 779 1448 ἑνωθεισῶν
795 1421 926 1457 ἀλλήλαις
953 1426 1023 1451 κατὰ

230 1462 357 1497 ἀλήθειαν
379 1464 418 1495 εἰς
438 1464 504 1498 μίαν
528 1463 654 1491 σύνθετον
670 1464 818 1492 ὑπόστασιν
831 1465 878 1492 τοῦ
895 1466 959 1493 Υἰοῦ
974 1467 1022 1494 τοῦ

231 1509 317 1536 Θεοῦ·
335 1510 383 1537 καὶ
398 1510 531 1542 σώζεσθαι
557 1511 647 1538 αὐτῶν
669 1511 719 1547 τὴν
741 1511 860 1548 οὖσιώδη
888 1513 1022 1550 διαφορὰν

1075 957 1162 992 ipsius
1173 957 1241 984 duas
1254 961 1367 985 naturas
1379 958 1541 986 conﬁtentes
1555 958 1581 984 in
1593 965 1627 986 eo
1637 960 1795 987 conservari
1809 965 1873 995 post

1074 1003 1215 1034 unionem,
1224 1011 1278 1030 non
1290 1008 1457 1038 separatam,
1471 1008 1498 1031 et
1508 1003 1624 1031 divisam
1636 1012 1871 1040 unamquamque.

1074 1051 1120 1077 sed
1147 1051 1219 1077 inter
1233 1057 1295 1077 sese
1310 1049 1402 1077 unitas
1425 1050 1452 1077 in
1473 1058 1527 1077 una
1547 1051 1700 1086 ctmposita
1723 1052 1875 1088 hypostasi,

1073 1095 1417 1124 essentialeniaﬁirmantes
1440 1096 1581 1130 unionem,
1594 1097 1768 1125 essentialem
1784 1103 1875 1127 autem

1074 1150 1128 1169 non
1155 1147 1284 1176 tanquam
1313 1141 1422 1170 duabus
1456 1143 1563 1170 naturis
1588 1142 1769 1171 efﬁcientibus
1791 1152 1875 1172 unam

1073 1188 1251 1222 compositam
1286 1192 1413 1215 naturam
1439 1196 1447 1215 :
1473 1188 1525 1216 hoc
1549 1189 1623 1216 enim
1661 1196 1774 1224 prorsus
1811 1191 1870 1219 ﬁeri

1073 1234 1177 1269 nequit,
1208 1237 1237 1260 ut
1272 1233 1532 1268 demonstravimus,
1565 1235 1613 1263 sed
1644 1236 1729 1264 unitis
1758 1237 1876 1266 invicem

1074 1279 1225 1306 secundum
1251 1270 1394 1306 ueritatem
1421 1280 1448 1307 in
1475 1287 1529 1307 una
1555 1280 1709 1315 composita
1733 1281 1876 1317 hypostssi

1073 1324 1135 1352 Filii
1155 1325 1214 1356 Dei,
1229 1332 1380 1360 earumque
1395 1326 1572 1354 essentialem
1596 1325 1779 1355 diﬂ‘erentiam
1800 1337 1875 1356 con-

1076 1371 1180 1398 servari
1201 1371 1375 1399 decernimus
1391 1381 1397 1399 :
1414 1377 1537 1399 creatum
1556 1372 1630 1400 enim
1646 1374 1776 1401 remansit
1798 1382 1876 1402 crea-

1074 1420 1141 1448 tum,
1157 1420 1184 1443 et
1199 1415 1361 1449 increatum,
1379 1417 1532 1444 increatum
1550 1425 1558 1444 :
1583 1417 1709 1445 similiter
1723 1423 1749 1445 et
1762 1419 1876 1454 reliqua

1072 1461 1271 1496 oppositiones.
1286 1461 1329 1488 i5.
1339 1461 1417 1494 item,
1428 1461 1457 1489 Si
1469 1462 1550 1489 unius
1565 1466 1607 1489 est
1619 1466 1724 1490 natura:
1745 1462 1875 1492 Christus

1073 1511 1134 1540 post
1145 1506 1383 1539 unionem,dicite,
1392 1507 1488 1541 cujus?
1499 1512 1527 1534 et
1535 1507 1599 1541 quid
1613 1508 1647 1535 de
1653 1508 1706 1535 alia
1717 1513 1808 1536 actum
1819 1509 1877 1537 est?

231 1555 393 1591 ὸριζόμιθα·
408 1556 439 1583 ἰδ
455 1555 510 1592 γὰρ
524 1557 632 1584 κτιστὺν
648 1557 787 1594 μεμένηκε
799 1560 918 1593 κτιστὺν,
936 1561 1022 1588 καὶτὸ

1076 1552 1104 1578 Si
1114 1552 1196 1579 ambo
1203 1552 1351 1584 exsistunt,
1364 1553 1504 1587 quomodo
1516 1561 1582 1584 una,
1590 1553 1642 1580 nisi
1649 1561 1682 1581 ex
1690 1554 1813 1589 utrisque
1821 1562 1876 1582 una

231 1602 367 1635 ᾶκτιστον,
384 1602 529 1629 ᾶκτιστον·
545 1603 677 1636 ὡσαύτως
697 1603 729 1639 δὴ
752 1604 800 1631 καὶ
816 1604 846 1632 αι
868 1605 961 1632 λοιπαὶ
980 1606 1027 1633 ἀν-

230 1647 355 1679 τιθέσεις.
372 1646 418 1682 ιγ’.
439 1647 500 1675 Ἔτι
510 1656 518 1663 ·
531 1648 565 1675 ΕΙ
581 1649 646 1684 μιᾶς
659 1649 767 1683 φύσεως
786 1649 856 1685 μετὰ
864 1650 913 1686 τὴν
927 1650 1025 1680 ἕνωσίν

231 1693 306 1720 ἐστιν
331 1693 346 1720 ό
368 1693 496 1728 Χριστὸς,
514 1693 620 1727 εἴπατε,
646 1694 741 1728 ποίας
760 1695 807 1721 καὶ
820 1695 848 1721 τί
877 1695 989 1730 γέγονεν
1010 1697 1027 1733 ἡ

230 1737 330 1772 ἑτέρας
349 1738 419 1765 Ειδὲ
429 1739 599 1774 ὑπάρχουσιν
614 1740 780 1776 ἀμφότεραι,
792 1740 850 1773 πῶς
864 1741 930 1777 μία;
947 1744 972 1768 εἰ
989 1743 1027 1778 μὴ

230 1783 260 1816 ὲε
274 1784 439 1820 ἀμφοτέρων
453 1785 503 1820 μία
520 1785 689 1821 ἀπετελέσθη
714 1786 841 1819 σύνθετος
865 1787 927 1815 καθ’
942 1788 1025 1823 ὑμᾶς.

231 1829 297 1856 Ειδι
312 1829 400 1863 τοῦτο,
421 1831 737 1866 ὲτεριούσιοςόΧριστδς
751 1832 799 1859 τοῦ
809 1833 925 1869 Πατρδς,
943 1835 1026 1861 ἀσυν-

231 1876 308 1902 θιτου
326 1876 506 1911 ὑπάρχοντος,
523 1877 656 1909 ὡσαύτως
678 1877 706 1904 δὲ
723 1878 771 1905 καὶ
786 1878 834 1905 τοῦ
854 1879 1024 1915 Πνεύματος,

231 1922 299 1957 ὅπερ
314 1923 371 1949 ἐστὶ
391 1922 552 1958 βλάσφημον
566 1923 677 1958 καὶτῆς
702 1923 757 1950 τῶν
785 1924 958 1959 Χριστιανῶν
975 1933 1025 1960 με-

233 1967 306 2002 ρίδος
319 1967 469 2003 ἀλλότριον.
499 1968 539 1997 ιδ’.
558 1969 619 1996 Ἐτι
633 1977 641 1985 ⁸
654 1969 686 1996 Et
703 1969 718 1996 ὁ
731 1969 873 2004 ἄνθρωπος
886 1971 918 1997 ἐκ
933 1971 1025 2004 διαφό-

233 2019 288 2047 ρων
316 2011 425 2047 φύσεων
442 2013 493 2048 μία
516 2013 598 2048 φύσις
622 2013 750 2045 σύνθετος
777 2014 960 2048 ἀποτελεῖται,
986 2015 1024 2047 ὡς

231 2058 325 2094 ἕτερόν
348 2066 376 2085 τι
400 2060 475 2095 παρά
489 2059 524 2086 τὰ
539 2059 569 2092 ἐξ
597 2056 635 2087 ὧν
652 2059 781 2096 συνετέθη
804 2060 961 2096 γενόμενος,
976 2061 1024 2088 καὶ

230 2103 356 2139 οὐδαμῶς
378 2104 440 2131 οὗτε
455 2105 536 2136 αὐτὸς
554 2105 707 2140 όμοούσιος,
730 2105 747 2140 ἢ
765 2105 889 2142 όμοφυὴς
908 2106 976 2142 πρὸς
988 2107 1024 2134 τὰ

231 2149 262 2181 ἑξ
276 2145 314 2176 ὧν
340 2149 469 2186 συνετέθη
488 2151 566 2186 παρά
589 2159 662 2183 τινος
689 2151 802 2187 ῥηθείη·
821 2151 909 2187 ἕτεροι
927 2152 981 2188 γὰρ
997 2153 1022 2180 οι

231 2193 305 2228 λόγοι
320 2195 403 2222 αὐτοῦ
417 2204 446 2222 τε
462 2197 510 2223 καὶ
521 2196 576 2223 τῶν
597 2197 699 2233 μερῶν,
715 2197 777 2224 οὔτε
795 2197 849 2233 μὴν
866 2199 890 2224 oi
907 2198 959 2225 ὑπὸ
973 2198 1023 2234 τὴν

1078 1597 1172 1625 eﬁ‘ecta
1199 1603 1252 1632 est,
1281 1598 1431 1633 composita
1448 1598 1598 1626 secundum
1619 1599 1696 1627 vos?
1717 1599 1746 1627 id
1771 1599 1794 1628 si
1821 1606 1873 1634 est,

1079 1645 1193 1672 alterius
1223 1645 1352 1673 essentia:
1385 1645 1438 1673 erit
1464 1644 1593 1673 Christus
1619 1653 1634 1672 a
1652 1644 1743 1678 Patre,
1759 1646 1806 1681 qui
1831 1646 1875 1674 in-

1078 1691 1248 1725 compositus
1264 1695 1307 1718 est
1320 1699 1328 1724 ;
1342 1690 1471 1719 similiter
1486 1695 1514 1718 et
1533 1698 1549 1718 a
1570 1691 1676 1726 Spiritu
1695 1696 1804 1719 sancto.
1821 1691 1876 1720 Sed

1078 1736 1131 1764 hoc
1156 1737 1347 1772 blasphemum
1375 1741 1427 1769 est,
1451 1740 1479 1764 et
1500 1744 1516 1764 a
1539 1735 1697 1764 Christiana
1735 1737 1868 1772 religione

1077 1780 1209 1808 alienum.
1229 1782 1272 1808 14.
1289 1781 1368 1815 item,
1387 1780 1416 1808 Si
1432 1781 1561 1809 homo-ex
1573 1781 1680 1809 duabus
1691 1781 1796 1810 naturis
1817 1790 1874 1810 una

1077 1832 1176 1855 natura
1202 1828 1356 1862 compasita
1380 1827 1507 1860 eﬁicitur,
1536 1832 1665 1863 tanquatn
1691 1828 1765 1856 aliud
1779 1829 1814 1856 ab
1829 1829 1874 1861 iis,

1077 1882 1110 1901 ex
1135 1874 1237 1909 quibus
1270 1874 1446 1908 componitur
1476 1873 1566 1902 factus
1585 1883 1593 1902 :
1610 1874 1741 1909 nullaque
1767 1875 1874 1903 ratione

1075 1920 1121 1948 ille
1138 1928 1227 1955 neque
1236 1920 1360 1955 ejusdem
1376 1921 1515 1955 essentia,
1529 1928 1617 1956 neque
1631 1921 1753 1954 ejusdem
1768 1926 1874 1948 natura:

1075 1974 1137 1994 cum
1165 1966 1210 1999 iis,
1231 1973 1264 1994 ex
1290 1967 1392 2002 quibus
1411 1966 1557 1999 conﬂatur,
1583 1974 1645 1994 esse
1668 1966 1872 1994 allirmabitur:

1075 2013 1136 2040 alia:
1155 2013 1229 2040 enim
1253 2017 1320 2040 sunt
1337 2012 1425 2047 ipsius
1449 2012 1633 2045 deﬁnitiones,
1647 2012 1708 2040 alia:
1729 2014 1847 2048 partium
1863 2023 1871 2042 :

1074 2066 1163 2094 neque
1177 2059 1272 2091 etiam,
1287 2059 1333 2094 qni
1354 2059 1478 2086 eamdem
1496 2058 1615 2086 hominis
1630 2063 1759 2086 naturam
1783 2059 1810 2087 in
1828 2060 1872 2086 in-

1074 2105 1186 2132 dividuo
1210 2104 1357 2140 complent,
1387 2104 1511 2140 ejusdem
1538 2109 1644 2132 naturae
1669 2110 1717 2132 aut
1742 2105 1870 2133 essentite

1073 2155 1138 2178 sunt
1149 2158 1212 2178 cum
1226 2151 1450 2186 animabus,qua:
1462 2151 1602 2178 communi
1623 2156 1729 2179 natura:
1743 2151 1870 2184 subsunt.

1076 2204 1168 2232 neque
1191 2204 1254 2225 cum
1285 2197 1330 2230 iis,
1348 2204 1410 2232 qua:
1427 2197 1565 2224 communi
1582 2201 1688 2225 natura:
1714 2197 1868 2231 subjacent,

231 2240 317 2276 αὐτὴν
342 2240 424 2275 φύσιν
454 2241 502 2268 τοῦ
531 2241 676 2279 ἀνθρώπου
704 2242 844 2275 τελοῦντες
868 2243 1023 2271 καθὲκαστα

1079 2243 1263 2278 corporibus:
1284 2243 1331 2271 sed
1367 2242 1495 2271 Christus
1531 2250 1594 2270 cum
1632 2251 1686 2270 una
1713 2243 1868 2278 hypostasis

231 2287 373 2322 ὁμοφυεῖς,
390 2287 406 2323 ἢ
421 2287 559 2323 όμοούσιοι
574 2289 630 2316 τῶν
647 2289 700 2316 ὑπὸ
711 2289 762 2325 τὴν
776 2289 870 2324 κοινὴν
885 2290 966 2324 φύσιν
978 2299 1024 2317 τε-

231 2332 350 2361 λούντων
363 2334 468 2370 ψυχῶν,
487 2334 550 2361 οὔτε
562 2335 616 2371 μὴν
625 2335 680 2362 τῶν
700 2336 752 2362 ὑπὸ
768 2337 818 2372 τὴν
836 2336 928 2372 κοινὴν
943 2337 1024 2372 φύσιν

231 2379 380 2407 τελούντων
399 2381 534 2416 σωμάτων
549 2382 620 2408 είσίν
633 2389 641 2397 ⁸
656 2383 670 2409 ό
685 2382 712 2409 δὲ
725 2382 757 2418 δὴ
777 2383 904 2418 Χριστὸς,
922 2383 972 2417 μία
981 2392 1023 2416 τις

231 2423 299 2452 οὖσα
313 2426 462 2459 ὑπόστασις
475 2428 530 2454 τῶν
545 2427 598 2454 ὑπὸ
613 2428 663 2463 τὴν
678 2427 754 2455 θείαν
765 2428 847 2463 φύσιν
861 2429 1021 2462 τελούντων,

233 2472 339 2508 Πατρός
352 2481 393 2505 τε,
409 2474 492 2508 φημὶ,
507 2473 555 2501 καὶ
570 2474 648 2508 ἁγίου
661 2474 830 2510 Πνεύματος,
840 2475 964 2510 δμοφυὴς
973 2475 1022 2502 καὶ

232 2517 371 2552 όμοούσιός
387 2519 445 2545 ἐστι
459 2520 507 2546 καὶ
523 2520 624 2555 κυρίως
637 2519 711 2553 Θεὸς,
729 2520 777 2547 καὶ
794 2516 873 2554 φύσει
890 2520 955 2552 Θεός
964 2521 1023 2547 ἐστι

233 2564 280 2590 καὶ
287 2565 353 2599 ἡμῖν
363 2566 409 2591 καὶ
417 2566 449 2600 τῇ
462 2565 554 2601 Μητρὶ
567 2565 707 2600 όμοούσιος
714 2567 760 2593 καὶ
770 2567 905 2602 όμοφυὴς,
925 2567 964 2598 ὡς
976 2575 1024 2593 κυ-

235 2609 298 2645 ρίως
311 2609 463 2645 ἄνθρωπος,
474 2611 521 2638 καὶ
539 2611 618 2645 φύσει
631 2611 773 2646 ἄνθρωπος
788 2611 838 2645 ὢν,
861 2612 909 2639 καὶ
923 2610 963 2644 εἷς
974 2614 1024 2648 τῆς

235 2655 313 2689 ἁγίας
325 2656 439 2691 Τριὰδος
450 2664 457 2672 ·
478 2657 572 2693 ὴαὺτὴ
587 2659 642 2693 γὰρ
651 2657 798 2690 ὑπόστασις
809 2658 871 2690 τοὺς
879 2659 960 2694 ὄρους
973 2658 1027 2686 τῶν

233 2700 280 2728 δύο
292 2702 400 2736 φύσεων
419 2703 586 2738 ἐπιδέχεται,
613 2703 661 2730 καὶ
676 2703 705 2730 ὃν
720 2703 752 2730 ἂν
766 2703 845 2738 λόγον
866 2704 960 2740 ἀποδῷ
984 2713 1027 2736 τις

234 2746 283 2780 τῆς
293 2746 430 2781 θεότητος,
440 2747 486 2774 τὸν
500 2748 581 2775 αὐτὸν
592 2748 704 2784 εὑρήσει
720 2748 766 2775 καὶ
775 2748 822 2782 ἐπὶ
831 2747 878 2775 τοῦ
893 2749 1024 2784 Χριστοῦ,

234 2794 282 2819 καὶ
293 2793 323 2819 δν
335 2793 358 2820 δ’
375 2793 408 2820 ἂν
435 2794 526 2829 ἀποδῷ
542 2794 591 2830 τῆς
619 2794 847 2830 ἀνθρωπότητος,
873 2795 920 2822 τὸν
943 2795 1026 2823 αὑτὸν

235 2839 348 2874 εὑρήσει
363 2840 410 2866 καὶ
427 2839 473 2866 ἐπὶ
495 2839 542 2867 τοῦ
557 2840 675 2876 Χριστοῦ
695 2840 851 2877 ἁρμόζοντα
865 2849 872 2857 ⁸
900 2840 971 2868 ὥστε
994 2840 1024 2874 ἐξ

234 2885 359 2922 ἀνάγκης
375 2886 532 2922 συνάγεται,
565 2886 603 2923 μὴ
618 2884 690 2915 εἶναι
704 2887 750 2916 τὸν
763 2887 880 2924 Χριστὸν
892 2888 958 2924 μιᾶς
971 2887 1023 2923 φύ-

1079 2289 1116 2318 sit
1141 2296 1205 2317 cum
1225 2289 1270 2322 iis,
1290 2296 1352 2324 quae
1368 2289 1420 2316 sub
1442 2288 1535 2316 divina
1559 2292 1656 2316 natura
1682 2295 1756 2322 sunt,
1779 2287 1869 2316 Patris

1077 2343 1186 2372 nempe,
1207 2340 1236 2363 et
1251 2334 1373 2370 Spiritus
1402 2335 1502 2368 sancti,
1536 2335 1659 2370 ejusdem
1690 2335 1817 2363 essentia:
1843 2341 1872 2362 et

1076 2387 1182 2409 naturae
1201 2387 1254 2414 est,
1270 2385 1298 2409 et
1312 2389 1375 2408 vere
1391 2380 1474 2413 Deus,
1490 2385 1517 2408 et
1534 2387 1633 2408 natura
1648 2381 1730 2414 Deus,
1753 2385 1780 2408 ct
1793 2382 1870 2416 ejus-

1075 2427 1291 2455 demcumnobis
1303 2432 1329 2455 et
1338 2426 1423 2455 Matre
1434 2427 1561 2456 essentia:
1574 2432 1601 2455 et
1615 2432 1730 2460 naturae.
1739 2433 1869 2463 tanquam

1075 2473 1122 2508 qni
1152 2473 1261 2508 praprie
1286 2473 1368 2500 homo
1397 2477 1425 2501 et
1441 2477 1538 2501 natura
1555 2473 1637 2501 homo
1669 2474 1713 2506 sit,
1744 2480 1871 2508 unusque

1076 2527 1108 2547 ex
1122 2525 1216 2548 sancta
1233 2519 1333 2547 Triade
1346 2529 1353 2547 :
1367 2521 1461 2547 eadem
1473 2521 1546 2548 cnim
1561 2520 1716 2556 hypostasis
1730 2520 1869 2547 deﬁnitio-

1077 2573 1127 2593 nes
1135 2565 1250 2593 duarum
1261 2572 1421 2593 naturarum
1432 2566 1540 2601 recipit,
1547 2570 1574 2593 et
1582 2565 1778 2597 deﬁnitionem,
1786 2572 1868 2600 quam

1077 2612 1213 2648 quispiam
1239 2612 1334 2640 deitati
1354 2613 1495 2645 attribuet,
1519 2612 1644 2640 eamdem
1659 2616 1687 2640 et
1702 2612 1730 2638 in
1758 2610 1869 2638 Clu-isto

1079 2658 1240 2694 cornperiet,
1252 2663 1370 2694 etquam
1383 2658 1545 2686 humanitati
1561 2658 1727 2689 exhibuerit,
1743 2657 1868 2694 eamdem

1077 2709 1106 2732 et
1120 2704 1229 2732 Christo
1247 2704 1418 2732 conformcm
1432 2712 1495 2733 esse
1510 2704 1647 2732 oﬁ‘endet:
1661 2703 1726 2730 hinc
1740 2709 1869 2729 necessa—

1077 2751 1120 2778 rio
1149 2750 1287 2786 colligitur
1329 2750 1468 2779 Christum
1495 2758 1549 2778 non
1571 2757 1632 2778 esse
1647 2749 1729 2776 unius
1752 2752 1867 2781 natura},

1077 2797 1125 2825 sed
1154 2797 1225 2826 duas
1252 2804 1313 2825 esse
1332 2793 1447 2825 naturas
1469 2797 1552 2824 unius
1576 2795 1678 2822 Christi
1708 2794 1868 2828 compositae
1899 2806 1904 2810 -

1079 2843 1248 2878 bypostasis,
1273 2843 1336 2871 licet
1365 2843 1446 2870 unius
1479 2846 1584 2869 natura:
1612 2840 1694 2868 homo
1722 2839 1769 2868 sit.
1797 2839 1867 2868 Cum

1077 2888 1171 2924 itaque
1191 2889 1280 2918 oratio
1295 2897 1328 2918 ex
1354 2888 1548 2918 communibus
1569 2887 1730 2916 uotionibus
1752 2891 1779 2916 et
1804 2886 1850 2922 plu
