2092 3156
224 210 279 243 643

859 193 1006 240 ΝιοΕΤίΕ
1020 211 1223 242 BYZANTINI

1806 216 1860 249 644

225 271 304 300 rimis
360 270 531 298 naturalibus
574 269 743 304 argumentis
788 270 1004 297 connuoustravi

1069 280 1148 305 σεως,
1164 272 1221 298 ἀλλ’
1251 273 1267 308 ἢ
1287 272 1333 300 δύο
1356 273 1450 307 φύσεις
1476 270 1545 300 εῖναι
1563 273 1612 309 τῆς
1638 274 1703 309 μιᾶς
1726 260 1859 309 ’συνθέτου

227 318 368 345 Christum
390 324 443 344 non
469 323 530 343 esse
553 315 634 343 unius
661 319 768 342 naturae
784 320 846 351 post
872 316 1012 350 unionem,

223 372 312 400 neque
337 363 455 398 similem
486 370 548 390 esse
585 362 812 397 compositionem
843 363 962 391 hominis
987 368 1015 392 et

224 410 338 441 Christi,
363 417 425 436 cum
451 408 534 435 homo
562 408 655 435 uultus
678 416 733 435 una
759 408 841 436 simul
869 409 1012 442 subsistat,

223 455 349 483 Christus
376 459 466 482 autem
497 454 552 481 alio
582 454 662 481 modo
693 459 856 481 naturarum
884 455 1013 483 unionem

223 502 331 533 habeat,
344 501 401 535 jam
419 504 491 535 patet
503 499 616 526 mentita
643 499 766 534 falsaque
774 508 834 527 esse
848 505 939 528 vestra
965 501 1015 528 do—

222 552 324 582 gmata,
342 548 456 582 ideoque
472 547 507 573 ab
522 547 554 574 iis
569 547 763 574 recedendum.

1066 318 1247 350 ὑποστάσεως
1258 319 1305 346 τοῦ
1321 319 1451 354 Χριστοῦ,
1469 320 1493 346 εί
1510 320 1558 347 καὶ
1582 321 1647 356 μιᾶς
1661 320 1769 355 φύσεώς
1785 322 1860 348 ἔστιν

1066 363 1081 389 ὁ
1096 362 1239 398 ἄνθρωπος
1250 371 1257 379 ⁸
1275 364 1336 390 ἐπεὶ
1346 361 1392 391 οὖν
1403 365 1417 390 ὁ
1429 364 1508 398 λόγος
1522 366 1555 391 ὲκ
1573 364 1672 392 κοινῶν
1690 366 1800 393 ἐννοιῶν
1813 368 1860 393 καὶ

1066 408 1190 443 φυσικῶν
1203 410 1426 445 ἐπιχειρημάτων
1449 411 1490 437 ὅτι
1511 411 1647 438 πλείστων
1675 412 1858 447 παρέστησεν,

1068 455 1105 491 μὴ
1125 453 1195 483 εἶναι
1210 451 1260 483 τὸν
1283 457 1400 492 Χριστὸν
1424 458 1488 492 μιᾶς
1515 457 1623 492 φύσεως
1643 458 1712 493 μετὰ
1725 457 1774 494 τὴν
1791 458 1859 485 ἒνω-

1067 511 1120 535 σιν,
1136 503 1206 538 μήτε
1223 503 1277 539 μὴν
1288 503 1336 540 τὴν
1352 504 1398 531 τοῦ
1413 504 1558 539 ἀνθρώπου
1572 504 1697 531 σύνθεσιν
1712 505 1807 540 ὁμοίαν
1820 503 1859 531 εἶ-

1067 557 1111 576 ναι
1122 549 1172 585 τῆς
1185 549 1233 576 τοῦ
1247 549 1365 585 Χριστοῦ
1381 550 1544 582 συνθέσεως,
1560 550 1630 578 κατὰ
1644 551 1674 577 τὺ
1688 550 1859 578 συνυποστά-

220 602 273 625 τως
283 593 403 629 ἡνῶσθαι
418 593 463 618 τὸν
478 592 631 626 ἄνθρωπον,
648 593 695 618 τοῦ
711 591 830 627 Χριστοῦ
846 592 947 628 ἑτέρως
958 592 1014 620 τῶν
1033 593 1141 628 φύσεων
1155 595 1206 630 τὴν
1218 595 1316 622 ἕνωσιν
1337 595 1456 631 ἔχοντος,
1473 595 1591 631 φανερὸν
1621 596 1663 622 ὃτι
1695 595 1859 632 διεσφαλμέ-

221 649 269 675 νην
280 638 425 674 ὁμολογίαν
438 638 524 673 ἔχετε,
540 636 574 674 ἧς
589 638 742 673 ἀποστῆναι
755 637 854 673 χρεών.

258 687 303 712 Π.
323 685 440 718 Quando
456 693 520 712 vero
535 693 597 720 quae
613 685 646 712 de
661 685 816 712 oeconomia
839 684 943 712 Christi
967 684 1011 712 di-

222 737 324 760 cuntur
339 731 430 759 tribus
444 731 533 759 modis
546 732 573 758 in
590 731 691 758 divinis
706 731 817 758 Litteris
831 731 1010 766 digeruntur:

219 779 344 814 quwdam
382 785 429 813 per
456 778 656 812 synecdochen,
693 784 755 803 cum
782 785 797 804 a
819 781 895 812 parte
924 782 1010 804 totum

218 826 389 856 nominatur,
415 828 456 858 ut,
472 823 593 852 Christus
617 831 665 857 pro
684 823 760 850 nobis
785 828 905 850 mortuus
922 829 960 850 est
978 823 1010 851 δι

219 879 338 906 naiuque
353 879 367 897 a
385 875 473 905 parte,
487 870 658 897 humanitate
669 877 778 904 nempe,
796 869 848 896 hoc
863 870 1010 904 Apostolus

217 918 381 950 enuntiavit,
409 917 471 943 licet
502 916 605 943 Christi
634 924 734 943 nomen
762 916 858 943 ambas
895 920 1008 943 naturas

217 962 319 989 inferat
336 970 343 994 ς
360 961 407 988 sed
426 961 484 988 haec
503 964 546 987 est
560 959 712 995 Scriptura:
725 968 810 988 sacrm
824 960 980 995 proprietas
997 969 1004 988 :

218 1007 259 1034 vel
276 1011 371 1034 contra
386 1014 448 1034 cum
466 1014 481 1033 ιι
497 1010 555 1033 ιοιο
571 1014 645 1040 pars,
661 1011 690 1033 ut
704 1007 769 1034 illud
787 1006 860 1041 apud
877 1006 1005 1034 eumdem

216 1053 389 1088 Apostolum,
407 1051 525 1079 Interior
541 1052 630 1083 homo,
658 1057 682 1079 et
708 1053 825 1080 exterior
844 1053 855 1069 ⁸
875 1062 882 1080 :
905 1060 920 1079 a
953 1056 1010 1080 toto

216 1101 302 1131 enim,
320 1099 430 1126 homine
446 1099 562 1131 scilicet,
590 1099 710 1126 animam
735 1104 813 1126 notat
829 1104 857 1126 et
884 1106 1009 1134 corpus:

217 1145 343 1180 quaedam
362 1153 427 1172 vero
443 1152 492 1180 per
520 1144 741 1176 retributionem,
760 1150 872 1180 propter
888 1150 1009 1172 mutuam

216 1192 336 1226 partium
353 1191 641 1224 circumvolutionem,
659 1196 685 1219 et
709 1191 860 1219 secundum
880 1192 1009 1227 hyposta-

216 1237 280 1270 sim,
300 1241 328 1264 et
357 1237 569 1264 ineuarrabilem
610 1237 751 1270 unionem,
782 1241 810 1264 et
835 1237 906 1272 quod
938 1245 1009 1265 unus

214 1288 288 1315 erat,
316 1283 456 1318 idemque,
483 1284 530 1318 qui
555 1283 648 1310 divina
673 1282 756 1310 simul
783 1287 864 1318 atque
890 1284 1008 1310 humana

215 1330 435 1363 exsequebatur.
474 1329 667 1356 Communicat
710 1328 802 1363 itaque
832 1336 881 1356 sua
916 1329 1008 1356 divina

214 1380 313 1403 natura
331 1375 408 1402 carni
425 1383 473 1410 per
496 1375 608 1402 modum
626 1374 826 1407 retributionis,
841 1382 1009 1410 rursumque

214 1422 334 1449 humana
362 1422 471 1457 propria
496 1421 596 1448 divina.-
621 1425 726 1448 natura:
750 1421 777 1448 in
803 1421 897 1448 divino
920 1419 1009 1448 Verbo

218 1468 297 1495 unita
332 1468 484 1496 secundum
519 1467 700 1502 hypostasim,
731 1474 793 1502 qua:
817 1466 901 1495 simul
935 1466 1008 1494 inter

211 1514 245 1541 se
257 1518 322 1540 sunt
334 1511 553 1547 inseparabiliter
569 1512 735 1546 conjunctze.
752 1512 873 1547 Ideoque
896 1517 920 1538 et
948 1512 1005 1538 Da-

213 1559 302 1585 mimu
334 1558 427 1593 gloria:
448 1559 521 1584 cruci
551 1558 644 1592 afﬁxus
669 1558 680 1573 '
706 1557 818 1591 dicitur,
848 1558 914 1584 licet
939 1558 1008 1584 nihil

214 1604 306 1631 divina
324 1603 384 1638 ejus
399 1608 496 1630 natura
512 1610 641 1637 perpessa
672 1601 765 1636 fuerit,
792 1607 820 1629 et
846 1602 934 1630 Filius
959 1603 1008 1630 ho-

215 1649 298 1677 minis
329 1655 393 1677 ante
420 1650 577 1684 passionem
607 1649 633 1677 in
659 1649 730 1677 ccelo
757 1654 818 1676 esse
843 1649 1004 1682 afﬁrmatur,

1100 685 1143 718 ιζ’.
1170 685 1279 719 Ἐπειδὴ
1291 685 1319 712 δὲ
1334 685 1369 712 τὰ
1384 685 1430 712 ἐπὶ
1444 685 1493 720 τῆς
1506 684 1665 720 οἰκονομίας
1678 684 1725 711 τοῦ
1738 685 1857 720 Χριστοῦ

1063 731 1196 767 λεγόμενα
1219 732 1290 758 κατὰ
1306 733 1380 767 τρεῖς
1397 732 1516 767 τρόπους
1534 731 1611 767 παρά
1627 733 1661 767 τῇ
1679 732 1746 767 ἁγίᾳ
1763 733 1857 768 Γραφῇ

1063 777 1208 805 λέλεκται’
1233 778 1267 805 τὰ
1293 778 1342 813 μὲν
1368 778 1439 814 λόγῳ
1462 778 1645 813 συνεκδοχῆς,
1667 775 1723 805 οἷον
1746 779 1787 810 τὸ,
1803 779 1858 805 ἀπὸ

1065 823 1165 858 μέρους
1177 823 1208 849 τὸ
1221 823 1280 849 ὅλον
1297 823 1449 857 ὀνομάζεινο
1467 821 1524 849 οἷόν
1539 823 1598 849 ἐστι
1608 842 1615 855 ,
1637 823 1764 857 Χριστὸς
1780 823 1858 857 ὑπὲρ

1046 869 1147 903 -ἠμῶν
1157 869 1316 896 ἀπέθανεν·
1334 869 1387 896 ἀπὸ
1405 870 1458 904 γὰρ
1481 869 1582 904 μέρους
1598 869 1720 901 δηλονότι
1739 869 1788 905 τῆς
1806 869 1856 896 ἁν-

1062 916 1235 951 θρωπὸτητος
1255 915 1294 951 τῷ
1313 915 1467 950 ’Δποστὸλῳ
1481 915 1563 942 τοῦτο
1577 916 1685 950 εῐρηται
1698 935 1706 947 ,
1723 916 1748 942 εἰ
1764 916 1810 942 καὶ
1824 916 1856 943 τὸ

1060 961 1188 995 Χριστὸς
1216 961 1303 996 ὄνομα
1329 961 1383 988 τῶν
1409 961 1455 988 δύο
1479 961 1588 995 φύσεών
1614 961 1672 987 ἐστι
1695 961 1854 996 δηλωτικόν

1027 1023 1048 1051 Β
1061 1008 1119 1034 ἁλλ’
1140 1006 1188 1034 οὖν
1209 1008 1289 1034 τοῦτο
1310 1008 1408 1043 ἰδίωμα
1426 1008 1475 1044 τῆς
1491 1008 1622 1043 Γραφῆς·
1641 1007 1657 1042 ἢ
1674 1007 1705 1034 τὸ
1724 1007 1854 1043 ἔμπαλιν,

1061 1054 1116 1080 ἀπὸ
1138 1053 1186 1080 τοῦ
1211 1054 1273 1081 ὅλου
1289 1053 1320 1081 τὸ
1340 1054 1440 1090 μέρος,
1468 1051 1525 1080 οἷόν
1545 1055 1604 1080 ἐστι
1620 1054 1696 1089 παρὰ
1718 1054 1757 1088 τῷ
1779 1054 1855 1090 αὺτῷ

1068 1098 1222 1134 Ἀποστὸλῳ
1240 1099 1405 1134 λεγόμενον·
1428 1099 1454 1124 Ὀ
1480 1099 1541 1126 ἔσω
1566 1098 1740 1132 ἅνθρωπος,
1765 1099 1816 1126 καὶ
1837 1099 1854 1126 ὀ

1061 1141 1131 1174 ἕξων
1148 1143 1202 1171 ἀπὸ
1216 1142 1270 1178 γὰρ
1284 1143 1331 1169 τοῦ
1346 1143 1421 1176 ὅλου,
1438 1143 1510 1178 φημὶ
1524 1143 1557 1178 δὴ
1572 1143 1618 1169 τοῦ
1633 1143 1788 1178 ἀνθρώπου,
1803 1145 1854 1180 τὴν

1060 1187 1148 1222 ψυχὴν
1165 1187 1213 1214 καὶ
1231 1188 1262 1214 τὸ
1280 1188 1360 1222 σῶμα
1383 1188 1512 1223 σημαίνει
1524 1195 1532 1203 ο
1557 1189 1593 1215 τὰ
1609 1188 1637 1215 δὲ
1657 1187 1729 1224 λόγῳ
1745 1190 1852 1216 ἀντιδό-

1062 1242 1141 1266 σεως,
1162 1233 1206 1260 διὰ
1220 1234 1269 1269 τὴν
1283 1235 1322 1265 είς
1344 1233 1448 1270 ἄλληλα
1462 1235 1516 1262 τῶν
1533 1234 1626 1270 μερῶν
1652 1235 1850 1272 περιχώρησιν,

1061 1277 1108 1304 καὶ
1122 1277 1172 1311 τὴν
1195 1277 1257 1303 καθ’
1274 1276 1423 1303 ὑπόστασιν
1442 1277 1489 1303 καὶ
1513 1277 1654 1312 ἄφραστον
1671 1277 1779 1310 ἕνωσιν,
1806 1278 1854 1305 καὶ

1060 1323 1101 1349 ὅτι
1121 1320 1160 1354 εἷς
1174 1321 1208 1359 ἦν
1225 1324 1271 1350 καὶ
1289 1324 1304 1350 ό
1318 1323 1400 1356 αὐτὸς
1416 1324 1429 1350 ὁ
1444 1323 1477 1350 τὰ
1495 1324 1555 1350 θεῖα
1574 1324 1622 1351 καὶ
1637 1323 1672 1350 τὰ
1694 1324 1854 1359 ἀνθρώπινα.

1060 1368 1190 1403 ἐνεργῶν.
1211 1369 1395 1396 Μεταδίδωσιν
1420 1366 1466 1396 οὖν
1495 1370 1529 1405 τῇ
1553 1370 1638 1404 σαρκὶ
1664 1369 1718 1396 τῶν
1739 1370 1812 1397 ἰδίων
1834 1371 1851 1407 η

1060 1414 1120 1441 Θεία
1142 1414 1222 1450 φύσις
1247 1414 1316 1442 κατὰ
1338 1415 1383 1441 τὸν
1406 1415 1456 1450 τῆς
1484 1415 1646 1447 ἀντιδόσεως
1663 1416 1773 1452 τρόπον,
1804 1417 1853 1443 καὶ

1060 1461 1141 1487 πάλιν
1156 1462 1172 1496 ή
1199 1461 1356 1497 ἀνθρωπίνη
1374 1462 1407 1497 τῇ
1431 1461 1492 1497 θείᾳ
1508 1461 1589 1497 φύσει
1604 1462 1639 1489 τὰ
1653 1463 1753 1496 οἰκεῖα,
1768 1464 1797 1489 ὲν
1812 1463 1852 1500 τῷ

1059 1507 1124 1542 θείῳ
1137 1508 1216 1542 Λόγῳ
1229 1507 1360 1542 ἡνωμένη
1377 1506 1439 1534 καθ’
1455 1508 1616 1540 ὑπόστασιν,
1633 1508 1681 1535 καὶ
1699 1509 1759 1544 ἅμα
1771 1510 1851 1536 ἀδια-

1060 1553 1187 1585 σπάστως
1201 1551 1288 1580 οὖσαι.
1302 1554 1346 1580 Διὸ
1362 1553 1410 1580 καὶ
1423 1555 1440 1580 ὁ
1451 1554 1559 1588 Κύριος
1572 1554 1629 1589 τῆς
1639 1555 1733 1589 δόξης
1743 1556 1852 1583 ἐσταυ-

1054 1599 1168 1634 ρῶσθαι
1180 1600 1299 1634 λέγεται,
1312 1601 1401 1627 καίτοι
1411 1599 1460 1636 τῆς
1474 1601 1548 1632 θείοις
1562 1601 1645 1628 αὑτοῦ
1661 1602 1699 1637 μὴ
1712 1600 1852 1638 παθούσης

1058 1646 1182 1680 φύσεως,
1203 1646 1249 1672 καὶ
1263 1647 1277 1672 ὁ
1295 1646 1356 1678 Υἱὸς
1369 1646 1417 1672 τοῦ
1432 1647 1576 1681 ἀνθρώπου
1599 1647 1652 1683 πρὸ
1668 1647 1722 1685 τοῦ
1747 1647 1852 1679 πάθους

213 1695 445 1730 quemadmodum
462 1695 519 1730 ipse
534 1695 665 1723 Dominus
677 1695 765 1723 dixit:
780 1695 878 1722 Nullus
889 1696 1007 1723 ascemlit

1063 1692 1092 1718 ὲν
1106 1692 1145 1727 τῷ
1159 1692 1265 1728 οὐρανῷ
1280 1689 1351 1719 εἶναι
1368 1693 1486 1728 εἴρηται·
1500 1693 1537 1725 ὡς
1554 1693 1635 1726 αὐτὸς
1650 1694 1663 1720 ὁ
1674 1693 1776 1729 Κύριος
1788 1694 1851 1730 ἔφη·

215 1743 243 1768 in
260 1741 363 1773 mlum,
389 1741 440 1767 nisi
456 1742 501 1776 qui
514 1741 545 1768 de
566 1741 630 1768 caelo
647 1740 781 1768 descendit
805 1740 894 1768 Filius
913 1741 1001 1768 Itami-

215 1788 259 1815 πίε
273 1788 295 1814 ⁷.
311 1787 344 1814 Et
360 1792 450 1814 tamen
477 1795 530 1814 non
552 1788 586 1814 de
603 1787 673 1815 caalo
689 1795 798 1814 carnem
816 1787 1004 1821 descendisse,

214 1834 261 1861 sed
276 1841 309 1861 ex
327 1834 404 1868 puris
419 1833 662 1868 immaculatisque
687 1833 870 1868 sanguiuibus
885 1833 1006 1868 Virginis

217 1880 318 1906 factam
347 1878 433 1906 fuisse
459 1879 587 1906 dicimus.
605 1878 657 1906 Per
681 1879 887 1906 retributionem
914 1879 1004 1914 itaque

213 1932 240 1953 et
255 1927 307 1953 hoc
327 1926 432 1953 dictum
456 1929 508 1953 est.
527 1925 658 1958 Quaedam
676 1932 726 1960 per
743 1925 1005 1960 apprOpriationem,

212 1977 244 2000 ut
257 1980 319 2000 cum
336 1972 455 2001 dicimus
468 1982 475 2000 :
490 1971 607 1999 Hediae
625 1977 708 2007 gultw
719 1972 858 2007 sanguinis
873 1971 921 1998 Dei
946 1972 1007 1998 uni-

212 2028 315 2047 versum
332 2024 464 2047 terrarum
483 2019 573 2047 orbem
586 2018 809 2054 sanctiﬁcarunt;
823 2025 1005 2052 rursumque:

212 2066 330 2094 Dcicidw
344 2066 451 2099 Jndwi;
467 2067 597 2103 quoniam
617 2072 683 2093 caro
703 2065 814 2100 propria
838 2063 917 2092 Verbi
935 2064 1007 2091 facta

212 2117 264 2146 est,
283 2117 310 2140 ct
325 2113 353 2139 in
368 2113 478 2148 propria
507 2113 582 2140 illius
608 2111 751 2147 hypostasi
781 2110 915 2138 substitit.
937 2109 1006 2138 Pro-

213 2159 287 2194 prias
301 2159 395 2194 itaque
414 2159 506 2186 carnis
519 2159 662 2194 passiones
688 2157 739 2185 sibi
766 2157 883 2185 Verbum
905 2164 1007 2192 appro-

213 2206 296 2240 priat,
314 2209 341 2232 et
372 2205 411 2232 uti
427 2205 552 2240 proprias
567 2203 713 2239 agnoscit;
731 2203 960 2238 quemadmodqu
979 2206 1006 2229 tu

212 2251 294 2278 etiam
310 2251 337 2278 iu
354 2250 554 2278 commentario
568 2251 603 2278 de
617 2250 727 2278 Christo
740 2257 773 2277 ex
789 2249 888 2277 divinis
898 2249 1007 2276 Litteris

213 2295 373 2329 adnotaras,
402 2297 466 2323 licet
490 2304 544 2323 non
615 2300 643 2323 et
669 2296 703 2323 de
727 2295 846 2323 hominis
870 2295 1008 2329 composi-

215 2343 290 2370 tione
305 2343 468 2369 similitcrin
494 2341 648 2377 Scriptura,
676 2342 760 2370 siculi
783 2347 810 2368 et
833 2341 868 2368 de
893 2340 1005 2367 Christo

1056 1738 1162 1770 οὐδεὶς
1170 1739 1358 1773 ἀναϐέϐηκεν
1364 1739 1409 1772 εις
1421 1739 1475 1766 τὸν
1484 1740 1626 1774 οὐρανὸν,
1634 1741 1661 1767 εί
1671 1739 1714 1775 μὴ
1729 1741 1745 1766 ὁ
1753 1741 1787 1766 ὲκ
1800 1740 1853 1767 τοῦ

1057 1784 1189 1819 acip-urat?
1205 1785 1334 1818 καταϐὰς
1345 1805 1351 1817 ,
1366 1786 1383 1812 ὁ
1398 1785 1459 1819 Hd;
1475 1785 1529 1812 τοῦ
1544 1786 1712 1820 ἀνθρώπου.
1731 1787 1785 1813 Καὶ
1798 1787 1853 1822 μὴν

1057 1831 1108 1857 οὐκ
1123 1831 1154 1857 ὲκ
1165 1830 1213 1857 τοῦ
1222 1831 1338 1867 οὐρανοῦ
1347 1831 1397 1867 τὴν
1412 1833 1503 1867 σάρκα.
1518 1832 1741 1867 κατεληλυθέναι,
1754 1832 1810 1867 ἀλλ’
1819 1834 1852 1860 ἐκ

1058 1876 1112 1903 τῶν
1123 1876 1274 1913 [καθαρῶν]
1289 1877 1337 1904 καὶ
1348 1877 1491 1912 ἁχράντων
1508 1878 1632 1913 αἱμάτων
1646 1878 1694 1914 τῆς
1711 1879 1851 1914 Παρθένου

1057 1922 1259 1950 διαπεπλάσθαι
1277 1923 1378 1958 φαμέν.
1398 1923 1444 1959 Τῷ
1465 1924 1537 1960 λόγῳ
1551 1921 1598 1950 οὖν
1617 1924 1668 1959 τῆς
1690 1925 1851 1956 ἀντιδόσεως

1058 1968 1106 1994 καὶ
1131 1967 1210 1994 τοῦτο
1228 1968 1347 2003 είρηται.
1371 1968 1411 1996 Τὰ
1429 1969 1458 1995 δὲ
1475 1969 1557 1996 πάλιν
1576 1969 1648 2004 λόγῳ
1669 1969 1850 2002 οἰκειώσεως,

1058 2014 1095 2046 ὡς
1110 2014 1175 2041 ὅταν
1190 2014 1271 2041 πάλιν
1287 2014 1426 2049 λέγωμεν·
1453 2014 1568 2049 Ὀλιγαι
1581 2015 1706 2049 ῥανίδες
1726 2015 1851 2049 αἵματος

1059 2060 1134 2087 Θεοῦ
1145 2061 1262 2094 κόσμον
1274 2060 1348 2087 ὅλον
1364 2060 1506 2095 ἠνίασαν,
1523 2061 1577 2087 Καὶ
1591 2060 1681 2094 πάλιν,
1695 2061 1851 2088 Θεοκτόνοι

1065 2106 1218 2139 Ἰουδαῖοι,
1237 2106 1330 2142 ἐπειδὴ
1351 2107 1367 2142 ἡ
1390 2106 1459 2142 σὰρξ
1483 2107 1536 2133 ίδία
1553 2107 1600 2133 τοῦ
1621 2107 1709 2142 Λόγου
1732 2107 1848 2142 γέγονε,

1059 2152 1106 2178 καὶ
1121 2153 1150 2178 ὲν
1165 2153 1197 2188 τῇ
1217 2152 1269 2186 ἰδίᾳ
1287 2152 1434 2178 ὑποστάσει
1449 2151 1564 2188 ὑπέστη.
1580 2152 1739 2179 Οῑκειοῦται
1752 2152 1798 2180 οὖν
1815 2153 1850 2180 τὰ

1058 2197 1108 2232 τῆς
1130 2197 1197 2230 ιδίας
1215 2198 1315 2233 σαρκὸς
1338 2197 1412 2232 πάθη
1435 2198 1449 2224 ὁ
1466 2198 1563 2232 Λόγος,
1581 2198 1628 2225 καὶ
1645 2198 1684 2230 ὡς
1702 2199 1789 2226 οἰκεῖα
1805 2198 1849 2225 λοι

1058 2243 1175 2278 γίζεταιο
1200 2242 1246 2275 οὓς
1271 2244 1318 2270 καὶ
1339 2243 1420 2275 αὐτὸς
1442 2245 1471 2270 ὲν
1495 2244 1533 2279 τῷ
1557 2244 1757 2280 συγγράμματι
1786 2245 1849 2279 περὶ

1059 2290 1178 2326 Χριστοῦ
1194 2290 1269 2326 παρὰ
1280 2290 1328 2326 τῆς
1339 2289 1415 2322 θειας
1433 2290 1452 2316 Γ
1456 2290 1545 2326 ραφῆς
1556 2290 1684 2325 λέγεσθαι
1698 2290 1847 2325 διεξῆλθες,

1059 2339 1084 2364 εἰ
1099 2339 1145 2365 καὶ
1161 2339 1199 2374 μὴ
1216 2338 1279 2373 περὶ
1293 2337 1331 2373 (1)
1349 2357 1357 2365 .
1375 2357 1383 2364 .
1401 2357 1408 2364 .
1427 2358 1433 2365 .
1453 2357 1460 2364 .
1484 2337 1592 2373 ᾠήθης,
1609 2338 1656 2364 καὶ
1677 2338 1724 2364 ἐπὶ
1736 2337 1785 2372 τῆς
1799 2336 1847 2363 τοῦ

212 2394 268 2416 tres
293 2390 342 2416 bos
376 2389 484 2420 modos,
509 2388 709 2423 synecdochen,
737 2389 859 2423 inquam,
889 2386 1005 2414 retribu-

1059 2371 1201 2418 ἀνθρώπου
1219 2371 1381 2415 συνθέσεως.
1403 2371 1523 2418 Ὁμοίως·
1547 2371 1622 2418 παρὰ
1648 2383 1697 2418 τῆς
1717 2383 1737 2409 Γ
1739 2371 1847 2419 ραφῆς.

213 2436 315 2463 tionem
346 2441 372 2462 et
392 2435 641 2470 appropriationem
657 2435 786 2466 inveniri,
803 2434 882 2469 quasi
907 2441 941 2460 ex
967 2440 1001 2460 eo

1059 2429 1129 2455 καθὰ
1145 2429 1193 2456 καὶ
1204 2429 1251 2455 ἐπὶ
1266 2428 1313 2455 τοῦ
1327 2428 1445 2464 Χριστοῦ
1460 2427 1523 2460 τοὺς
1536 2430 1612 2464 τρεῖς
1625 2428 1760 2463 τρόπους,
1776 2427 1848 2463 φημὶ

211 2482 345 2518 colligens
386 2481 599 2508 similitudinem
631 2481 842 2516 compositionis
881 2479 1002 2506 hominis

1059 2477 1089 2511 δὴ
1105 2476 1154 2511 τὴν
1176 2475 1348 2511 συνεκδοχὴν,
1376 2475 1425 2511 τὴν
1454 2475 1599 2509 ἀντίδοσιν,
1616 2475 1662 2502 καὶ
1676 2475 1725 2511 τὴν
1741 2474 1848 2502 οἰκείω-

211 2535 273 2554 cum
287 2526 389 2554 Christi
405 2528 516 2559 unione,
535 2531 736 2562 proptereaque
755 2527 907 2561 scripseras
922 2526 1003 2552 utrius

1059 2531 1099 2548 σιν
1112 2522 1298 2557 εὑρίσκεσθαι,
1309 2521 1347 2552 ὼς
1362 2522 1394 2548 ὲκ
1407 2521 1482 2547 τοῦδε
1497 2521 1622 2556 συνάγων
1635 2521 1684 2556 τὴν
1699 2519 1848 2555 ὁμοιότητα

214 2579 319 2601 natura:
332 2581 394 2601 essu
417 2574 556 2602 Christum
572 2579 634 2610 post
653 2575 793 2605 unionem,
823 2572 1003 2608 quemadmo-

1059 2569 1104 2604 τῆς
1119 2568 1167 2595 τοῦ
1178 2566 1323 2603 ἀνθρώπου
1338 2567 1489 2599 συνθέσεως
1502 2567 1573 2601 μετὰ
1586 2567 1635 2602 τῆς
1649 2564 1766 2602 Χριστοῦ
1781 2563 1848 2592 ἑνώ-

245 2681 256 2698 ⁸
273 2679 353 2708 Rem.
368 2689 394 2713 ν,
410 2681 437 2709 9.
476 2679 485 2695 '
500 2679 508 2705 l
524 2677 587 2706 Cur.
604 2677 749 2711 11,Η,15.
788 2676 799 2691 ⁶
815 2674 826 2702 l
841 2674 903 2701 Cor.
923 2681 954 2705 ll,
971 2672 998 2700 8.

1066 2671 1145 2700 Joau.
1163 2681 1203 2706 ιιι,
1217 2673 1262 2702 l5.

1060 2769 1087 2791 et
1100 2764 1135 2791 ibi
1150 2764 1247 2791 lacuna
1258 2766 1301 2790 est
1324 2762 1429 2797 signata
1446 2762 1535 2789 tribus
1555 2762 1665 2796 punctis
1686 2762 1719 2790 ad
1747 2762 1848 2797 margl-

1060 2808 1133 2827 nclu.
1160 2800 1229 2827 Hinc
1252 2799 1294 2825 vir
1306 2798 1510 2828 eruditissimus
1532 2798 1699 2832 suspicatur,
1720 2799 1793 2832 quod
1820 2798 1846 2823 in

1060 2837 1231 2870 autographo
1244 2833 1344 2861 Nicclm
1357 2834 1420 2859 olim
1432 2841 1447 2860 ιι
1464 2833 1582 2870 librariis
1596 2833 1651 2870 legi
1660 2834 1711 2860 rite
1723 2841 1786 2870 non»
1797 2840 1847 2870 po-

1060 2868 1260 2902 tuiss‘etfhauc
1278 2870 1312 2896 ab
1331 2870 1369 2896 eis
1388 2870 1510 2895 lacunam
1528 2868 1561 2894 ad
1579 2869 1670 2896 omnia
1682 2868 1847 2903 exemplaria

1060 2908 1123 2934 inde
1146 2906 1307 2940 transcripta
1329 2908 1505 2940 propagatum
1523 2903 1618 2931 fuisse.

247 2771 286 2807 tl)
307 2771 358 2799 Ilic
384 2770 461 2797 locus
489 2770 524 2797 ab
547 2765 864 2807 exscri‘ptorev'pcssime
888 2765 1008 2807 habitus,

167 2802 176 2811 “
210 2801 257 2841 qui
275 2801 363 2841 neque
377 2807 470 2833 sanior
483 2810 525 2832 est
550 2805 577 2831 in
591 2803 685 2841 codice
710 2801 854 2841 Vaticano.
888 2801 921 2841 Et
945 2808 1007 2841 cum

211 2836 310 2868 s'eirem
320 2836 462 2869 asSt-rrari
478 2843 547 2868 idem
562 2840 726 2874 opusculum
755 2836 1008 2874 inLBavarica__bi-

211 2876 356 2907 bliotheca,
371 2878 467 2911 scripsi
495 2877 528 2902 ad
554 2870 743 2911 doctissimum
777 2871 926 2911 SimoneuL
944 2870 1009 2897 Wa-

210 2911 397 2946 gnereckiuni,
423 2906 453 2938 ut
478 2919 557 2944 opem
582 2917 682 2941 auuco,
711 2909 734 2936 si
760 2912 863 2946 posset,
882 2906 1006 2946 aberret.

208 2941 284 2979 lv‘iiltil
299 2954 360 2976 cssr:
375 2941 470 2974 auxilii
489 2941 522 2975 ex
539 2954 572 2975 co
589 2945 685 2975 codice
706 2941 856 2979 respondit.
882 2941 1007 2977 Namque
