2092 3156
246 179 301 215 647

876 178 1023 210 NICET/E
1040 177 1244 209 BYZANTINI

1831 177 1886 211 048

245 235 395 263 mistionem
402 233 514 262 dicimus
528 234 555 262 in
570 234 671 263 Christi
686 234 801 268 naturis,
816 234 1040 270 quemadmodum

1102 234 1163 262 ιετὰ
1181 234 1303 270 βραχέα“
1331 233 1403 262 Ἐὰν
1417 233 1472 270 γὰρ
1492 234 1579 269 ἡμεῖς
1593 234 1789 270 πεφυρμένην
1807 237 1890 269 μίξιν

246 290 318 317 aqua
342 285 366 308 et
383 282 474 309 uinum
493 281 620 316 permista
644 281 753 308 omnino
779 281 891 316 confusa
913 284 991 313 sunt;
1005 279 1044 307 vel

247 333 275 354 ut
301 328 328 354 in
354 327 510 363 cauﬂatot'io
538 326 606 362 ignis
629 335 738 359 aurum,
769 331 793 354 et
819 331 956 362 argentum
983 326 1044 360 fusa

247 374 350 408 penitus
369 372 582 406 confunduntur,
598 380 649 399 non
663 372 803 399 dissideret
818 372 924 399 omnino
943 371 974 398 ab
990 371 1042 403 his.

247 425 306 453 quia
327 417 450 444 dicimus.
473 415 504 444 Si
530 424 589 444 vero
622 416 653 443 ab
681 416 722 443 his
749 416 959 452 disjunctissima
986 421 1042 448 est,

246 472 326 499 quam
343 471 390 489 nos
404 470 528 489 vocamus
543 462 691 489 mistiouem
708 461 785 489 Verbi
796 461 844 489 Dei
860 470 919 489 cum
936 462 1043 497 proprio

246 517 365 544 corpore,
382 508 604 544 quemadmodum
619 508 707 535 lumen
722 516 782 535 cum
798 508 886 540 radio,
902 508 955 535 sive
974 507 1043 542 ignis

246 564 305 582 cum
334 563 411 588 auro,
433 555 486 581 sive
503 555 613 589 spiritus
643 561 703 581 cum
731 561 838 588 corpore
863 553 933 580 citra
960 552 1044 579 ultam

246 601 456 628 immutationem
484 605 509 627 et
541 601 754 635 scparationcm,
786 599 917 626 immerito
958 598 1042 634 igitur

246 648 323 674 nobis
340 647 457 675 conuitio
478 647 610 682 ingeritis,
622 647 761 681 justitiam
779 646 972 678 conculcunles,
989 649 1042 673 etc.

248 694 281 721 Et
296 693 330 720 ad
357 693 428 721 hanc
446 685 605 720 naturarum
625 693 756 721 unionem
783 691 958 719 inconfusam
979 699 1045 718 con-

247 738 451 772 stabiliendam,
469 738 631 773 Gregorium
645 738 814 773 Theologum
845 741 873 765 et
887 742 1043 774 consortem

248 785 333 817 illius,
349 785 572 820 concordemque
584 785 667 812 alium
685 783 922 818 Thaumaturgum
942 783 1046 818 Grego-

248 831 320 859 rium
344 831 371 859 id
399 831 474 859 idem
496 835 666 859 asserenlcm
690 830 813 858 adducis.
830 829 865 857 Et
884 836 934 857 nos
951 829 978 856 in
995 829 1046 856 hoc

250 878 309 906 solo
336 877 527 905 convenimus.
546 876 592 904 Sic
611 875 712 904 videris
736 876 847 912 quidem
876 875 1046 904 criminatio-

1097 281 1231 316 λέγωμεν
1241 281 1286 314 είς
1303 281 1357 315 τὰς
1371 280 1425 308 τοῦ
1447 281 1577 315 Χριστοῦ
1599 282 1708 316 φύσεις
1718 301 1725 313 ,
1740 280 1842 316 ὥσπερ
1856 283 1890 311 τὸ

1097 328 1177 363 ὕδωρ
1193 327 1269 363 μετὰ
1281 328 1334 355 τοῦ
1348 328 1434 355 οίνου
1444 327 1570 363 μιγέντα
1584 327 1701 359 πάντως
1714 327 1760 355 ὅτι
1776 337 1891 363 πεφυρ-

1095 373 1183 409 μέναι
1205 373 1303 406 εἰσὶν,
1331 372 1350 407 ἢ
1369 373 1471 407 ὥσπερ
1492 373 1542 400 ἐπὶ
1566 373 1769 407 χωνευτηρίου
1796 374 1891 407 πυρὸς

1097 419 1214 454 χρυσὸς
1237 419 1315 454 λέγω
1340 419 1388 445 καὶ
1407 418 1526 453 ἄσημος
1546 420 1746 453 χωνευόμενοι
1771 420 1891 452 πάντως

1097 462 1147 490 καὶ
1168 463 1326 497 φύρονται,
1345 460 1429 497 εἶχεν
1442 462 1481 489 ἂν
1504 462 1665 497 ὁμοιότητα
1688 459 1731 490 ὧν
1752 462 1891 497 λέγομεν.

1097 510 1132 536 El
1143 509 1176 536 δὲ
1189 509 1300 542 ἔξωθεν
1311 509 1426 536 τούτων
1434 508 1529 542 ἐστὶν,
1545 508 1584 542 ἦν
1596 508 1729 544 λέγωμεν
1739 509 1824 544 μίξιν
1838 510 1892 537 τοῦ

1097 556 1195 591 Λόγου
1211 555 1265 582 τοῦ
1283 554 1358 582 Θεοῦ
1375 555 1451 590 μετὰ
1464 554 1517 582 τοῦ
1530 554 1609 582 ἰδίου
1625 554 1774 589 σώματος,
1790 555 1892 590 ὥσπερ

1094 599 1160 636 φῶς
1175 601 1255 636 μετὰ
1273 601 1328 636 τῆς
1345 601 1478 634 ἀκτῖνος,
1511 601 1571 628 εἴτε
1586 600 1646 635 πῦρ
1658 602 1734 636 μετὰ
1752 601 1805 629 τοῦ
1821 610 1894 636 χρυ-

1097 648 1174 682 σοῦ,
1192 648 1212 683 ἣ
1232 648 1351 683 πνεῦμα
1381 648 1457 682 μετὰ
1478 648 1532 675 τοῦ
1555 647 1691 682 σώματος
1716 648 1894 683 ἀπαραλλά-

1098 702 1176 728 κτως
1182 694 1231 721 καὶ
1243 694 1417 729 ἀχωρίστως
1428 712 1437 726 ,
1454 692 1563 721 λοιπὸν
1574 693 1684 727 ἀδίκως
1697 692 1775 728 ἡμᾶς
1790 694 1892 721 λοιδο-

1094 740 1185 774 ρεῖτε,
1209 739 1453 772 καταπατοῦντες
1476 739 1535 773 τὴν
1554 739 1766 772 δικαιοσύνην,
1792 740 1839 766 καὶ
1859 739 1895 766 τὰ

1098 785 1172 820 ἑξῆς.
1198 785 1253 812 Καὶ
1275 785 1440 812 ὲπιὸεόαιῶν
1455 784 1504 820 τὴν
1525 784 1680 820 ἀσύγχυτον
1703 785 1758 812 τῶν
1785 784 1893 820 φύσεων

1098 831 1206 863 ἕνωσιν,
1221 831 1427 867 προκεκόμικας
1443 830 1594 866 Γρηγόριον
1613 830 1660 856 τὸν
1673 829 1803 864 Θεολόγον
1815 830 1894 858 τοῦτο

1099 876 1167 904 αὐτὸ
1191 877 1331 911 φάσκοντα
1343 896 1351 910 ,
1367 876 1415 904 καὶ
1433 876 1480 903 τὸν
1496 876 1621 912 ὁμοταγῆ
1643 876 1727 904 αὑτοῦ
1754 877 1802 903 καὶ
1826 876 1892 911 ὁμό-

249 931 312 951 nem
341 923 473 958 elfugere,
489 922 562 958 quod
577 922 718 951 existimes
740 923 823 950 unius
845 927 951 951 naturae
964 923 1044 950 unio-

1102 930 1185 956 :ppova
1217 923 1367 958 Γρηγόριον
1398 922 1445 949 τὸν
1471 921 1697 958 Θαυματουργόν.
1725 922 1815 958 Ὅπερ
1844 922 1893 949 καὶ

251 977 314 997 nem
335 969 362 996 in
383 969 494 997 Christo
509 969 613 1004 absque
626 969 789 997 confusione
823 968 909 997 fuisse
933 968 1044 1002 factata,

250 1023 333 1049 quant
357 1019 384 1043 et
400 1015 547 1050 proﬁteris.
562 1014 614 1043 Per
629 1023 661 1043 ea
680 1016 772 1052 itaque
788 1024 849 1051 qua-
865 1015 923 1051 ipse
934 1016 1047 1044 conﬁte-

250 1061 290 1089 ris
306 1065 334 1089 et
357 1061 466 1094 scribis,
488 1066 593 1089 tantum
607 1062 694 1094 abest,
720 1066 751 1089 ut
764 1062 885 1090 maculas
913 1068 1047 1097 notasque

251 1108 363 1141 evadas,
409 1112 440 1135 ut
482 1107 575 1143 potius
615 1100 670 1136 tuis
721 1108 778 1143 ipse
817 1108 868 1136 alis
918 1108 1046 1143 capiaris.

251 1153 330 1186 Quod
363 1161 397 1181 ex
428 1153 472 1181 his
512 1158 637 1189 apertum
679 1153 911 1189 manifestumque
954 1153 1046 1181 fuerit.

252 1199 342 1227 Omne
356 1199 542 1235 compositum
555 1207 638 1227 unam
653 1204 781 1227 naturam
796 1199 915 1227 alliciens
924 1207 958 1227 ex
972 1207 1048 1227 com—

253 1246 388 1280 positione
400 1266 407 1279 ,
439 1250 487 1274 aut
516 1246 685 1274 immistione
697 1266 705 1279 ,
733 1251 781 1273 aut
806 1245 989 1278 confusione,
1001 1250 1050 1273 aut

252 1292 355 1319 unione
379 1292 524 1320 inconfusa
550 1292 619 1320 eﬂici
648 1292 766 1320 dicimus
790 1313 797 1320 .
822 1292 1004 1326 immistione,
1020 1297 1050 1320 ut

252 1341 377 1363 nostrum
394 1343 506 1372 corpus,
519 1341 546 1364 et
560 1337 613 1364 alia
627 1345 739 1372 quoque
762 1337 880 1372 ratione,
894 1338 940 1366 sed
963 1338 1049 1372 potis-

249 1382 365 1413 simum,
390 1382 464 1416 quod
488 1389 520 1409 ex
539 1387 657 1417 quatuor
679 1383 824 1411 elementis
854 1391 939 1411 unum
966 1383 1049 1419 quid,

253 1428 390 1464 uniusque
411 1433 516 1455 natura:
535 1428 675 1463 eﬁ‘ectum,
691 1433 719 1457 et
753 1429 959 1465 corruptionem
985 1437 1048 1465 par-

252 1474 338 1508 tibus,
352 1481 414 1509 quae
428 1480 617 1502 convenerunt
630 1475 658 1502 in
676 1475 778 1503 unione
790 1475 879 1511 passis
895 1475 947 1503 hoc
963 1480 1049 1502 totum

253 1520 434 1548 constitutum
465 1525 524 1553 est;
554 1528 615 1556 qua:
640 1528 729 1555 neque
761 1521 875 1548 omnino
903 1528 917 1547 a
940 1520 1051 1556 propria

254 1569 370 1599 natura,
398 1573 461 1593 cum
489 1566 677 1600 conveniunt,
700 1567 834 1594 recedunt
861 1576 869 1594 :
900 1572 957 1594 tum
976 1567 1050 1594 enim

1097 968 1178 1003 ἡμεῖς
1194 968 1223 995 έν
1237 968 1324 1004 τούτῳ
1354 967 1555 1003 συμφωνοῦμεν
1575 967 1666 1002 μόνον.
1679 967 1727 994 Διὸ
1738 968 1828 1000 δοκεῖς
1843 969 1894 1004 μὲν

1097 1013 1238 1049 διαδρᾶναι
1249 1014 1312 1045 τοὺς
1326 1013 1470 1049 ἐλέγχους,
1482 1013 1515 1040 δι’
1528 1009 1566 1040 ὧν
1580 1013 1631 1040 οίει
1640 1012 1690 1048 τῆς
1705 1015 1770 1049 μιᾶς
1785 1014 1893 1049 φύσεως

1098 1059 1148 1095 τὴν
1164 1059 1261 1086 ἕνωσιν
1279 1060 1330 1095 τὴν
1346 1059 1393 1086 ἐπὶ
1409 1059 1529 1094 Χριστοῦ
1552 1058 1618 1086 ἄνευ
1638 1059 1796 1094 συγχύσεως
1810 1068 1893 1094 γεγε-

1099 1105 1206 1141 νῆσθαι,
1223 1105 1257 1140 ἡν
1273 1105 1320 1132 καὶ
1334 1105 1486 1140 ὁμολογεῖς,
1503 1105 1552 1140 οὐχ
1569 1105 1671 1140 ἥκιστα
1685 1104 1714 1131 δὲ
1729 1105 1763 1132 δι’
1776 1102 1813 1132 ὧν
1825 1107 1895 1140 γρά-

1099 1161 1160 1188 φεις
1174 1152 1237 1184 τοὺς
1250 1152 1381 1187 ἐλέγχους
1400 1151 1523 1187 ὲκφεύγῃ
1536 1172 1543 1185 ,
1561 1151 1663 1186 μᾶλλον
1675 1150 1705 1178 δὲ
1718 1152 1777 1184 τοῖς
1791 1152 1892 1179 ἑαυτοῦ

1100 1199 1213 1234 πτεροῖς
1237 1198 1390 1234 φωραθήσῃ
1415 1197 1606 1233 ἁλισκόμενος.
1627 1198 1684 1224 Καὶ
1712 1198 1792 1225 τοῦτο
1815 1198 1895 1234 δῆλον

1099 1244 1236 1272 ἐντεῦθεν·
1256 1244 1314 1270 Πᾶν
1329 1243 1360 1270 τὸ
1373 1243 1566 1278 συντιθέμενον
1578 1242 1643 1278 μίαν
1655 1243 1735 1278 φύσιν
1747 1243 1896 1272 ἀποτελοῦν

1100 1291 1132 1318 ἐκ
1145 1291 1195 1327 τῆς
1210 1290 1361 1323 συνθέσεως
1373 1310 1381 1323 ,
1395 1290 1412 1327 ἢ
1425 1290 1496 1318 κατὰ
1509 1290 1618 1326 κρᾶσιν,
1634 1290 1694 1325 ἦτοι
1709 1291 1780 1318 κατά
1792 1291 1895 1326 σύγχυ-

1101 1345 1143 1364 σιν
1155 1336 1234 1363 τοῦτο
1252 1336 1379 1371 φαίνεται
1402 1337 1556 1372 γινόμενον,
1571 1337 1588 1373 ἢ
1613 1336 1674 1364 καθ’
1690 1338 1787 1365 ἕνωσιν
1808 1337 1896 1372 ἀσύγ-

1101 1391 1191 1418 χυτον.
1214 1383 1268 1409 Καὶ
1289 1382 1360 1409 κατὰ
1376 1383 1474 1418 κρᾶσιν
1496 1384 1557 1419 μὲν,
1573 1381 1631 1412 οἷον
1650 1384 1686 1412 τὰ
1707 1385 1830 1420 ἡμέτερα
1844 1384 1898 1410 σώ-

1103 1437 1186 1464 ματα.
1202 1428 1258 1456 Καὶ
1271 1428 1335 1455 ἄλλο
1349 1429 1391 1456 ὅτι
1404 1429 1452 1456 καὶ
1474 1429 1601 1458 πλεῖστον
1615 1431 1648 1458 ὲκ
1665 1430 1808 1466 τεσσάρων
1823 1439 1896 1457 στοι-

1101 1474 1183 1510 χείων
1198 1474 1228 1501 ἐν
1250 1483 1279 1501 τι
1299 1474 1347 1501 καὶ
1362 1475 1427 1510 μιᾶς
1441 1475 1550 1510 φύσεως
1573 1475 1801 1511 ἀποτελούμενον,
1825 1477 1897 1511 σύμ-

1102 1521 1220 1556 φθαρσιν
1239 1521 1294 1549 τῶν
1314 1520 1497 1549 συνελθόντων
1517 1521 1609 1557 μερῶν
1631 1522 1661 1549 ὲν
1682 1523 1716 1557 τῇ
1737 1521 1834 1549 ὲνὼσει
1847 1530 1899 1548 πε-

1102 1566 1250 1598 πονθότων,
1278 1566 1308 1593 τδ
1328 1566 1389 1594 ὅλον
1413 1567 1589 1602 συνέστηκεν,
1611 1567 1631 1594 ἃ
1651 1566 1714 1594 οὔτε
1737 1567 1826 1602 πάντη
1848 1568 1900 1603 τῆς

254 1611 432 1646 compositio,
462 1619 524 1646 qua:
543 1617 742 1647 convenerunt,
770 1613 888 1648 partium
912 1614 994 1646 nnio,
1027 1613 1050 1640 si

1102 1613 1206 1644 aiataiat;
1227 1612 1335 1647 φύσεως
1355 1613 1385 1640 ἐν
1403 1612 1442 1648 τῷ
1466 1598 1604 1641 συνέλθείν
1629 1613 1687 1649 ἅμα
1703 1598 1858 1648 ἐξέστηκεν·

254 1657 364 1691 penitus
387 1663 613 1693 corrumpanlur,
628 1659 727 1686 merito
750 1667 804 1686 non
826 1659 980 1693 vocabitur,
1005 1660 1053 1687 sed

254 1702 282 1728 in
300 1702 395 1736 aliquo
415 1703 565 1738 corrumpi,
584 1704 611 1731 in
629 1704 722 1739 aliquo
742 1706 900 1733 conservari
917 1705 1053 1733 videbun-

253 1753 309 1776 tur.
327 1748 405 1781 Quod
420 1756 486 1776 vero
504 1757 538 1777 ex
554 1750 630 1778 hisce
645 1755 732 1778 totum
752 1751 783 1779 fit
802 1759 835 1779 ex
870 1757 910 1780 tot
930 1753 1053 1788 quidem.

255 1801 317 1829 quae
340 1799 540 1829 convenerunt,
562 1795 674 1830 dicitur,
693 1797 721 1824 in
744 1797 800 1825 illis
834 1805 898 1826 vero
917 1799 1055 1834 tantisque

255 1847 319 1874 quia
336 1843 398 1866 actu
422 1840 496 1867 nulla
512 1846 589 1874 sunt,
606 1843 716 1877 proprie
735 1850 790 1871 non
812 1843 948 1877 dicenturl
961 1844 1013 1872 nisi
1029 1843 1055 1871 id

255 1885 359 1920 aliquis
388 1885 490 1914 virtute
514 1887 598 1915 dicat.
613 1887 647 1916 Et
662 1894 788 1917 nostrum
803 1898 914 1925 corpus,
930 1894 960 1918 ut
974 1896 1054 1918 antea

255 1931 389 1964 diximus,
402 1939 436 1959 ex
452 1937 574 1967 quatuor
586 1934 731 1962 elementis
742 1942 791 1970 per
800 1935 994 1964 immistionem
1008 1939 1056 1963 aut

255 1977 447 2005 confusionem
463 1978 576 2013 factum,
599 1987 632 2007 ex
650 1985 770 2015 quatuor
783 1981 895 2017 quidem
913 1989 974 2009 esse
988 1982 1056 2010 dici-

259 2029 316 2057 tur,
333 2024 360 2052 in
383 2030 504 2060 quatuor
531 2030 634 2060 autem,
649 2031 696 2054 aut
724 2032 845 2062 quatuor
868 2028 968 2056 virtute
983 2035 1054 2061 esse,

257 2078 400 2103 nunquam
416 2078 483 2099 vero
504 2076 568 2099 actu
594 2072 711 2101 dicetur.
733 2073 787 2101 Sed
818 2081 919 2110 corpus
947 2081 1057 2109 quoque

257 2116 321 2144 licet
333 2123 470 2145 asseratur
479 2118 580 2146 habere
593 2124 712 2154 quatuor
722 2119 868 2153 elementa,
885 2121 961 2148 nullo
975 2121 1057 2148 modo

257 2161 348 2196 ipsum
373 2162 496 2196 ejusdem
523 2167 631 2190 natura:
656 2167 684 2191 et.
708 2164 836 2192 essentia:
868 2171 931 2192 cum
959 2165 1004 2198 iis,
1022 2172 1054 2192 ex

257 2207 359 2242 quibus
370 2209 554 2243 compositum
569 2213 623 2242 est,
639 2209 746 2237 dicetur
763 2218 771 2237 :
787 2210 862 2245 quod
881 2210 956 2238 nullo
971 2211 1054 2238 modo

1104 1657 1158 1694 γὰρ
1177 1659 1211 1686 ἂν
1225 1658 1286 1686 οὐδὲ
1299 1657 1424 1691 σύνθεσις
1438 1659 1455 1694 ὴ
1470 1658 1569 1691 Evam;
1581 1659 1636 1687 τῶν
1651 1658 1832 1686 συνελθόντων
1847 1667 1898 1694 με-

1105 1704 1160 1740 ρῶν
1184 1704 1272 1740 πάντη
1298 1704 1486 1741 φθειρομένων
1506 1705 1619 1738 δικαίως
1643 1705 1677 1733 av
1700 1706 1747 1732 καὶ
1767 1705 1901 1741 κληθείη,

1103 1750 1161 1777 ἀλλ’
1180 1749 1227 1777 ἐπί
1241 1759 1268 1777 τι
1284 1750 1333 1785 μὲν
1347 1750 1420 1784 δόξει
1446 1750 1616 1787 φθείρεσθαι,
1628 1751 1674 1777 ὲπί
1686 1759 1713 1778 τι
1725 1750 1753 1777 δὲ
1768 1750 1901 1785 φυλάττε-

1105 1796 1178 1823 σθαι.
1194 1796 1231 1823 Τὸ
1246 1796 1275 1823 δὲ
1297 1797 1329 1823 ἐκ
1345 1796 1431 1824 τῶνδε
1454 1797 1515 1824 ὅλον
1527 1792 1671 1833 γίνόμενον
1692 1797 1725 1824 ἑκ
1747 1797 1834 1824 τόσων
1850 1798 1901 1834 μὲν

1103 1843 1158 1870 τῶν
1171 1842 1353 1870 συνελθόντων
1364 1843 1485 1878 λέγεται,
1497 1843 1528 1870 ιν
1539 1843 1656 1876 ἐκείνοις
1669 1844 1709 1876 δὲ,
1722 1843 1841 1879 ἥτόσοις
1855 1844 1901 1871 oi:-

1104 1888 1198 1924 δαμῶς
1221 1889 1347 1925 ἐνεργείᾳ
1366 1888 1427 1916 οὖσι
1443 1889 1547 1925 κυρίως
1569 1889 1736 1925 ῥηθήσεται,
1757 1890 1782 1916 ει
1805 1890 1843 1926 μή
1859 1898 1901 1922 τις

1104 1934 1186 1962 τοῦτο
1208 1934 1322 1970 δυνάμει
1345 1934 1430 1962 είποι.
1454 1935 1510 1962 Καὶ
1533 1935 1564 1962 τὸ
1583 1936 1719 1971 ἡμέτερον
1743 1935 1841 1971 σῶμα,
1862 1935 1901 1967 ὡς

1105 1979 1277 2016 προὲφημεν,
1303 1981 1336 2007 ὲκ
1357 1980 1499 2016 τεσσάρων
1525 1981 1666 2016 στοιχείων
1693 1981 1765 2009 κατὰ
1790 1982 1899 2017 κρᾶσιν,
1922 2004 1927 2007 .

1105 2026 1166 2061 ἦτοι
1188 2025 1261 2054 κατὰ
1284 2026 1416 2062 σύγχυσιν
1440 2026 1599 2062 γενόμενον,
1626 2027 1659 2054 ἐκ
1683 2027 1825 2062 τεσσάρων
1850 2026 1901 2061 μὲν

1105 2070 1176 2100 εἷναι
1190 2072 1318 2107 λέγεται,
1331 2073 1360 2100 ὲν
1381 2072 1495 2108 τέτρασι
1512 2073 1540 2100 δὶ
1550 2093 1558 2106 ,
1573 2073 1590 2109 ἢ
1604 2073 1726 2108 τέσσαρα
1737 2071 1807 2100 εἶναι
1821 2073 1902 2100 δυνά-

1108 2127 1154 2154 μει
1167 2118 1347 2154 λεχθήσεται,
1362 2118 1489 2154 ἐνεργείᾳ
1503 2119 1531 2146 δὲ
1543 2119 1594 2146 οὐκ
1606 2119 1640 2146 ἂν
1655 2119 1764 2155 ῥηθείη,
1779 2120 1828 2147 καὶ
1838 2119 1901 2146 οὔτε

1106 2164 1137 2191 τὸ
1148 2164 1238 2199 σῶμα,
1255 2165 1280 2192 εί
1294 2165 1343 2192 καὶ
1353 2164 1463 2199 λέγεται
1476 2164 1549 2200 ἔχειν
1561 2164 1682 2201 τέσσαρα
1699 2166 1829 2200 στοιχεῖα’
1843 2165 1901 2192 ἀλλ’

1106 2210 1232 2246 οὐδαμῶς
1247 2210 1309 2238 οὔτε
1324 2210 1391 2238 αὐτὸ
1411 2211 1533 2246 suam;
1553 2211 1600 2238 καὶ
1619 2210 1762 2247 όμοούσιον
1785 2211 1854 2246 πρὸς
1867 2211 1902 2238 τὰ

260 2256 348 2280 totum
364 2255 586 2282 convenientium
602 2255 722 2290 partium
736 2255 763 2282 in
779 2257 991 2292 compositione,
1007 2265 1050 2285 ne-

1106 2259 1137 2292 ἐξ
1149 2255 1187 2286 ὧν
1206 2258 1336 2294 συνετέθη
1353 2258 1521 2294 ῥηθήσεται,
1538 2258 1584 2286 διὰ
1605 2258 1636 2286 τδ
1649 2258 1783 2294 μηδαμῶς
1797 2259 1828 2285 τὸ
1841 2258 1902 2285 ὅλον

259 2306 313 2333 que
338 2300 468 2333 nomina,
495 2307 584 2336 neque
606 2308 699 2327 earum
723 2300 897 2330 deﬁnitiones
922 2302 1053 2330 obtineat.

261 2344 389 2378 Quinimo
414 2353 503 2381 neque
530 2346 681 2382 singularia
695 2347 878 2375 humanorum
896 2355 1055 2383 corporum,

260 2399 322 2427 qua
334 2392 386 2420 sub
400 2393 566 2420 universalia
580 2393 715 2421 elementa
732 2394 914 2427 reducuntur,
933 2393 1055 2429 ejusdem

260 2439 388 2466 essenlize
419 2444 467 2467 aut
492 2444 596 2468 natura:
608 2440 745 2468 dicentur.
766 2440 846 2474 Quod
864 2441 887 2469 si
910 2449 958 2477 per
974 2441 1055 2469 unio-

262 2492 324 2512 nem
356 2485 528 2514 inconfusam
557 2495 654 2516 rursus
673 2489 855 2524 compositum
882 2496 936 2516 una
958 2493 1056 2516 natura

262 2530 302 2564 ﬁt,
318 2536 349 2558 ut
376 2532 457 2560 homo
471 2541 479 2560 :
495 2533 550 2561 dno
565 2534 666 2562 etenim
688 2535 884 2563 concurrentia
899 2535 974 2563 citra
986 2542 1056 2562 con-

263 2577 397 2605 fusionem
419 2586 534 2614 corpus,
563 2584 591 2607 et
616 2581 708 2608 anima
732 2585 819 2608 totum
843 2581 1055 2609 constituerunt.

263 2623 315 2652 Sed
338 2625 389 2653 ho'c
405 2626 514 2661 quidem
535 2626 672 2655 diversam
692 2628 823 2656 unionem
836 2627 951 2660 habens,
966 2626 1057 2655 diver-

262 2676 323 2696 sum
339 2676 449 2706 quoque
463 2670 573 2698 unionis
589 2672 698 2699 modum
711 2671 840 2706 possidet.
860 2671 898 2699 Ex
914 2675 954 2700 tot
971 2671 1056 2705 enim,

262 2723 377 2751 corpore
393 2724 490 2752 nempe
507 2721 535 2744 et
552 2717 653 2750 anima.
667 2722 694 2745 et
711 2718 738 2745 in
754 2722 793 2746 tot
813 2725 875 2746 esse
886 2718 948 2753 jure
961 2717 1058 2745 merito

215 2759 223 2763 ’
261 2761 378 2795 dicetur,
401 2769 464 2790 cum
482 2767 509 2790 et
524 2770 573 2795 ea,
593 2771 654 2798 qua:
680 2768 867 2791 convenerunt
893 2763 920 2790 in
945 2763 1056 2796 unione,

263 2804 367 2839 integra
391 2811 604 2840 conserventur,
620 2815 682 2834 cum
703 2812 764 2836 actu
783 2808 847 2835 sint.
865 2808 898 2836 Et
909 2813 948 2836 tot
958 2808 1058 2837 habere

263 2854 355 2884 partes
367 2851 449 2880 homo
468 2852 576 2880 dicetur
590 2854 625 2881 ab
635 2853 679 2885 iis,
696 2854 742 2889 qui
755 2862 799 2882 res
813 2862 880 2882 sane
892 2854 1056 2890 diiudicant,

265 2900 307 2923 tot
337 2904 401 2927 vero
435 2907 509 2934 esse,
529 2908 626 2936 nempe
653 2901 721 2930 duas
748 2905 861 2930 naturas
884 2902 966 2931 homo
982 2902 1058 2930 nullo

1108 2303 1164 2330 τῶν
1186 2303 1369 2330 συνελθόντων
1384 2303 1477 2339 μερῶν
1491 2303 1533 2334 τίς
1552 2302 1603 2338 τὴν
1621 2302 1747 2329 σύνθεσιν
1763 2302 1832 2338 μήτε
1853 2303 1903 2333 τὰς

1108 2348 1271 2384 ὀνομασίας,
1287 2349 1357 2385 μήτε
1377 2350 1431 2385 μὴν
1443 2350 1505 2382 τοὺς
1518 2350 1649 2386 ὁρισμοὺς
1669 2349 1760 2377 αὐτῶν
1779 2349 1902 2384 ἐπιδέχε-

1110 2394 1182 2422 σθαι.
1201 2395 1283 2422 Ἀλλὰ
1301 2395 1365 2431 μὴν,
1381 2395 1442 2423 οὐδὲ
1464 2396 1500 2423 τὰ
1516 2395 1676 2424 καθέκαστα
1689 2396 1744 2423 ¹τῶν
1762 2395 1904 2431 ἀνθρωπί-

1109 2449 1163 2468 νων
1175 2442 1310 2477 σωμάτων
1323 2441 1392 2477 πρὸς
1404 2441 1439 2469 τὰ
1468 2442 1520 2469 ὑπὸ
1536 2442 1571 2469 τὰ
1587 2442 1703 2470 καθόλου
1725 2443 1844 2477 στοιχεῖα
1858 2442 1905 2467 ἀν-

1109 2488 1231 2523 αγόμενα
1250 2488 1357 2524 ὁμοφυῆ
1367 2507 1376 2521 ,
1391 2488 1407 2524 ἢ
1424 2488 1555 2524 ὀμοούσια
1571 2488 1681 2525 ῥηθεῖεν
1693 2488 1736 2516 ἄν.
1751 2488 1783 2515 El
1798 2487 1828 2514 δὲ
1842 2484 1905 2513 καθ’

1110 2533 1211 2561 ενωσιν
1224 2534 1378 2569 ἀσύγχυτον
1393 2534 1485 2567 πάλιν,
1498 2534 1529 2562 τὺ
1544 2535 1736 2570 συντιθέμενον
1753 2533 1802 2569 μία
1824 2532 1905 2567 φύσις

1110 2580 1231 2615 γίνεται,
1257 2577 1314 2608 οἷον
1334 2581 1378 2608 ἐπ’
1401 2580 1565 2616 ἀνθρώπου*
1589 2581 1637 2608 δύο
1663 2581 1719 2616 γὰρ
1742 2579 1904 2607 συνελθόντα

1110 2627 1283 2663 ἀσυγχὺτως,
1295 2627 1386 2663 σῶμα,
1399 2628 1481 2662 λέγω,
1499 2627 1643 2663 καὶψυχὴ,
1658 2627 1689 2654 τὸ
1702 2627 1762 2654 ελον
1777 2626 1905 2653 ἀπετέλε-

1112 2681 1172 2702 σαν.
1192 2674 1273 2701 Ἀλλὰ
1286 2673 1366 2701 τοῦτο
1380 2674 1430 2710 μὲν
1441 2674 1570 2709 διάφορον
1583 2674 1633 2710 τὴν
1644 2674 1742 2700 ἕνωσιν
1755 2673 1827 2708 ἔχον,
1844 2672 1903 2699 διά-

1111 2727 1195 2754 φορον
1207 2720 1256 2747 καὶ
1268 2719 1314 2746 τὸν
1323 2719 1425 2755 τρόπον
1436 2719 1486 2754 τῆς
1497 2717 1621 2750 ὲνώσεως
1633 2718 1777 2754 κέκτηται.
1789 2717 1838 2744 Ἐκ
1855 2715 1905 2751 μὲν

1111 2765 1166 2801 γὰρ
1183 2765 1280 2798 τόσων,
1305 2766 1390 2801 ἤγουν
1411 2766 1500 2801 ψυχῆς
1519 2774 1549 2792 τε
1572 2765 1621 2792 καὶ
1643 2764 1788 2800 σώματος,
1813 2765 1860 2790 καὶ
1876 2763 1905 2788 ὲν

1111 2811 1203 2843 τόσοις
1220 2809 1292 2839 εἶναι
1308 2812 1404 2848 ῥηθείη
1419 2811 1452 2838 ἂν
1465 2812 1588 2844 δικαίως.
1609 2811 1686 2838 Ἐπεὶ
1699 2811 1745 2838 καὶ
1759 2810 1792 2837 τὰ
1809 2809 1904 2837 συνελ-

1112 2857 1193 2884 θόντα
1208 2858 1237 2884 ὲν
1257 2859 1290 2893 τῇ
1307 2857 1402 2884 ὲνὼσει
1419 2858 1544 2893 ἀμείωτα
1565 2857 1764 2890 διασώζονται,
1779 2855 1905 2891 ἐνεργείᾳ

1111 2904 1187 2938 ὅντα,
1211 2905 1259 2932 καὶ
1278 2905 1345 2932 τόσα
1369 2904 1440 2940 ἔχειν
1463 2905 1478 2932 ό
1499 2904 1642 2941 ἄνθρωπος
1667 2903 1738 2940 μέρη
1760 2902 1855 2938 ῥηθείη
1872 2901 1905 2928 ἂν
