2092 3156
201 224 277 260 παρὰ
291 224 345 256 τοῖς
357 223 446 258 ὀρθῶς
461 223 584 258 κρίνουσι
597 232 603 238 ·
625 224 692 251 τόσα
705 225 733 252 δὲ
750 222 836 256 εἶναι,
854 227 937 261 ἤγουν
947 226 994 253 δύο

200 272 297 307 φύσεις
310 269 380 297 εἶναι
398 272 412 297 ὁ
437 270 580 314 ἄνθρωπος
602 270 727 306 οὐδαμῶς
745 271 863 306 λέγεται,
880 269 952 309 ᾗπερ
965 273 992 300 αἱ

199 318 296 353 φύσεις
307 317 354 344 τοῦ
365 317 427 344 ὅλου
442 317 569 352 οὐδαμῶς
585 313 812 353 κατηγοροῦνται.
836 318 945 354 Ἐπειδὴ
962 319 993 346 τὸ

200 364 392 400 συντιθέμενον
414 364 508 400 ἕτερον
527 365 623 399 γέγονε
638 365 714 400 παρὰ
728 365 763 391 τὰ
784 365 814 398 ἐξ
828 362 876 398 ὦν,
900 366 946 392 καὶ
961 365 992 392 οὑ

199 412 233 438 τὰ
247 411 333 443 αὐτὰ,
348 411 396 437 καὶ
409 410 471 437 οὔτε
494 411 561 438 αὐτὸ
574 412 604 438 τὸ
626 411 697 445 ὅλον,
711 412 796 446 ἤγουν
816 412 830 437 ὀ
850 412 993 445 ἄνθρωπος

200 457 268 492 πρὸς
280 456 315 483 τὰ
327 455 358 488 ἐξ
372 453 409 483 ὧν
425 455 568 492 συνετέθη,
584 456 653 492 πρός
671 465 702 482 τε
721 457 772 491 τὴν
791 456 882 492 ψυχὴν
897 457 944 484 καὶ
963 457 994 483 τὺ

200 502 280 537 σῶμά
295 510 378 537 φημι,
398 502 522 537 ὁμοφυὴς
543 502 560 538 ἢ
578 502 720 537 ὁμοούσιος
737 502 834 538 ῥηθείη
854 502 887 529 ἂν
910 510 992 529 ποτε·

198 549 260 575 ἐπεὶ
283 548 351 583 μηδὲ
372 547 475 583 κυρίως
492 547 541 578 τὰς
561 547 712 583 ὀνομασίας
730 548 831 580 αὐτῶν,
847 549 917 584 μήτε
939 549 993 584 μὴν

197 595 261 626 τοὺς
271 593 368 628 λόγους
379 593 468 620 αὐτῶν
479 593 644 628 ἐπιδέχεται,
657 593 720 620 οὒτε
733 594 786 629 μὴν
799 594 823 620 οἱ
836 594 993 621 καθέκαστα

200 639 352 676 ἄνθρωποι,
370 637 436 673 οἷον,
455 639 537 674 φημὶ,
557 639 678 672 Παῦλος,
704 640 721 674 ἢ
744 640 846 676 Πέτρος
871 641 939 676 πρὸς
960 641 994 667 τὰ

199 685 357 712 καθέκαστα
371 685 426 711 τῶν
444 684 595 720 ἀνθρώπων
611 685 701 720 ψυχὰς
712 705 720 717 ,
738 685 754 719 ἦ
772 685 806 711 τὰ
835 685 994 718 ἀνθρώπινα

199 731 315 766 σώματα
330 732 478 767 ὁμοφυεῖς,
497 730 511 766 ἦ
535 730 673 763 ὁμοούσιοι
696 731 817 766 λεχθεῖεν
831 731 875 764 ἂν,
896 731 939 758 διὰ
963 731 994 758 τὸ

200 777 269 813 μηδὲ
296 777 330 804 τὰ
354 777 468 804 καθόλου
494 777 604 812 ὁμοειδῆ
622 775 702 805 εἶναι.
726 777 831 805 Οὐκοῦν
847 778 874 804 εἴ
891 787 933 810 τις
948 778 994 805 τὸν

198 823 341 860 ἄνθρωπον
361 824 393 850 ὲκ
408 822 543 858 διαφόρων
560 823 667 857 φύσεων
682 823 844 858 ἀσυγχύτως
860 823 995 851 ἑνωθέντα

200 870 313 905 φήσειεν
330 868 438 904 ὁμοφυῆ
456 869 503 895 καὶ
520 869 663 904 ὁμοούσιον
680 869 728 904 τῆς
751 869 926 904 ἀνθρωπίνης
943 869 994 904 ψυ-

198 916 260 953 χῆς,
277 915 414 950 συμϐαίνῃ
429 914 462 941 ἄν
476 914 625 947 ὲξάπαντος
637 935 644 947 ,
665 915 680 949 ἧ
697 914 746 950 τὴν
757 914 845 950 ψυχὴν
864 914 990 941 σύνθετον

199 959 269 988 εἶναι
283 961 315 988 ὲκ
331 961 379 988 τοῦ
399 960 486 995 αὐτῆς
503 961 549 987 καὶ
566 960 613 987 τοῦ
628 959 763 995 σώματος·
782 960 797 996 ἢ
817 961 841 987 εἰ
861 961 898 996 μὴ
915 960 994 988 τοῦτο

197 1007 243 1034 διὰ
257 1007 288 1034 τὸ
307 1006 421 1042 ἐναργὲς
440 1006 552 1038 ἄτοπον,
572 1007 622 1042 τὴν
641 1006 730 1042 ψυχὴν
747 1007 785 1041 μὴ
796 1003 876 1033 ιεῖναι
895 1006 994 1042 ὁμοσύ-

199 1062 256 1081 σιον
270 1054 317 1081 καὶ
331 1054 438 1089 ὁμοφυῆ
455 1054 502 1088 τῆς
520 1054 586 1088 μιᾶς
604 1050 732 1080 συνθέτου
753 1053 859 1087 φύσεως
881 1053 928 1080 τοῦ
948 1054 995 1081 ἀν-

198 1100 320 1136 θρώπου.
343 1100 470 1126 Τοιοῦτόν
490 1108 515 1125 τι
540 1100 587 1126 καὶ
603 1100 685 1134 ἡμεῖς
708 1099 892 1134 πεπράχαμεν
913 1100 942 1126 ὲν
959 1101 992 1135 τῇ

204 1147 348 1182 Ἐπιστολῇ
372 1147 451 1182 ἡμῶν
472 1145 596 1180 λέγοντες
609 1152 617 1161 '
646 1146 678 1173 El
704 1147 769 1181 μίαν
786 1146 867 1180 φύσιν
888 1146 993 1180 λέγοιτε

198 1193 246 1220 ἐπὶ
258 1192 307 1228 τῆς
325 1191 445 1228 Χριστοῦ
468 1191 595 1219 συνθέτου
620 1191 761 1225 ἐνώσεως,
777 1192 884 1228 ἀνάγκη
901 1193 992 1225 πᾶσα,

197 1240 214 1274 ἦ
229 1239 305 1266 θείαν
326 1239 411 1272 αὐτὴν
430 1239 533 1265 εἴποιτε
555 1236 644 1271 εἶναι,
669 1239 685 1274 ἢ
707 1238 883 1274 ἀνθρωπίνην
901 1239 992 1274 μόνον,

196 1285 214 1321 ἢ
233 1285 456 1321 μετατετράφθαι
483 1285 567 1320 ἄμφω
590 1285 658 1320 πρὸς
672 1285 807 1320 ἀλλήλας·
825 1286 841 1321 ἢ
865 1285 992 1312 συνθέτου

197 1320 262 1366 μιᾶς
277 1330 361 1366 οὔσης
380 1332 430 1366 τῆς
449 1331 572 1366 Χριστοῦ
596 1320 723 1365 φύσεως,
740 1331 849 1366 ἀνάγκη
874 1332 959 1364 πᾶσα,
975 1331 992 1366 ἢ

197 1377 323 1404 σύνθετον
346 1377 524 1412 εὑρίσκεσθαι
548 1377 596 1403 τοῦ
622 1377 727 1413 Πατρδς
753 1377 803 1412 τὴν
828 1376 921 1411 φύσιν,
949 1378 993 1404 ἵνα

195 1424 226 1450 τὸ
239 1423 359 1459 ὁμοφυὲς
373 1423 443 1459 μετὰ
455 1423 503 1459 τὴν
514 1423 612 1450 ἕνωσιν
628 1423 675 1450 τοῦ
690 1423 809 1459 Χριστοῦ
825 1423 893 1458 πρὸς
910 1423 992 1450 αὑτὸν

195 1469 374 1501 διασώζοιτό·
395 1469 412 1505 ἢ
433 1471 457 1496 εἰ
481 1470 518 1505 μὴ
537 1469 617 1496 τοῦτο
638 1469 682 1496 διὰ
701 1470 730 1496 τὸ
750 1470 922 1505 βλάσφημον,
943 1470 993 1496 οὐκ

195 1515 272 1542 ἔσται
287 1515 326 1550 τῷ
340 1515 428 1550 ﬂat-pi.
439 1515 453 1541 ὁ
467 1514 530 1546 Υἱὸς
542 1514 695 1550 ὀμοουσιος,
710 1515 778 1550 ὅπερ
793 1515 851 1541 ἐστὶ
867 1515 915 1542 καὶ
927 1515 993 1542 αὐτὸ

196 1562 287 1596 πάσης
311 1561 487 1596 βλασφημίας
511 1560 658 1588 ἀνώτατον,
685 1561 720 1587 Σὺ
746 1559 792 1587 οὖν
819 1560 905 1587 δοκῶν
930 1561 993 1592 τοὺς

196 1607 325 1643 ἐλέγχους
346 1607 504 1642 ἐκφεύγειν,
530 1607 559 1633 τὸ
581 1607 710 1642 διάφορον
728 1608 777 1642 τῆς
802 1606 926 1639 ἑνώσεως
944 1605 991 1633 τοῦ

197 1655 268 1680 κατά
285 1653 417 1689 σύγχυσιν
440 1654 487 1680 καὶ
508 1653 546 1689 μὴ
566 1653 686 1680 τοιούτου
715 1653 932 1688 προκεκόμικας,
954 1653 991 1685 ὡς

195 1699 321 1727 ἐντεῦθεν
336 1700 405 1735 μηδὲ
419 1699 532 1731 δικαίως
548 1699 613 1734 παρ’
627 1699 706 1734 ἡμῶν
723 1699 988 1735 συκοφαντούμενος.

196 1746 233 1773 Τδ
249 1745 300 1781 μὲν
314 1743 361 1773 οῦν
372 1746 403 1781 δὴ
419 1746 536 1782 γράφειν
549 1747 622 1781 ἡμᾶς
637 1746 859 1781 μετατετράφθαι
875 1746 992 1781 θατέραν

196 1792 278 1827 φύσιν
299 1792 346 1819 ἐπὶ
363 1792 482 1827 θατέραν
497 1793 543 1819 ἐπὶ
560 1792 615 1819 τῶν
632 1792 693 1819 κατ’
708 1792 840 1827 ἀνάχυσιν
864 1792 913 1828 τὴν
931 1791 992 1827 ἴσην

197 1839 267 1873 ἔχει.
292 1838 329 1864 Τὸ
350 1838 379 1865 δὲ
404 1838 564 1874 συμϐαίνειν
587 1837 603 1873 ἣ
634 1837 761 1864 σύνθετον
785 1837 832 1864 τοῦ
856 1837 924 1864 Θεοῦ
946 1838 992 1864 καὶ

197 1884 304 1920 Harpe;
322 1884 499 1920 εὑρίσκεσθαι
516 1883 567 1920 τὴν
580 1883 662 1918 φύσιν
675 1883 720 1910 διὰ
732 1883 763 1909 τὸ
779 1883 848 1918 μετὰ
863 1882 911 1918 τὴν
927 1883 992 1909 ἔνω-

199 1939 241 1956 σιν
257 1930 303 1956 τὸν
317 1930 436 1965 Χριστὸν
458 1929 567 1965 ὁμοφυῆ
582 1928 628 1955 καὶ
644 1927 786 1964 ὁμοούσιον
803 1927 850 1954 τοῦ
864 1927 931 1954 Θεοῦ
946 1928 992 1954 καὶ

197 1976 303 2012 Πατρδς
313 1974 383 2002 εἷναί
396 1984 426 2002 τε
441 1976 488 2002 καὶ
502 1974 688 2002 πιστεύεσθαι”
702 1974 719 2009 ἢ
733 1974 756 2000 εἰ
772 1973 810 2009 μὴ
820 1972 899 2000 τοῦτο
911 1973 993 2000 διὰτὸ

197 2022 369 2058 βλάσφημον,
382 2021 427 2048 τὸν
444 2021 552 2057 Πατέρα
566 2022 604 2057 μὴ
618 2019 687 2048 εἶναι
706 2020 848 2055 ὁμοούσιον
863 2020 909 2047 τοῦ
926 2020 991 2046 Υἱοῦ

199 2068 269 2103 μετά
283 2067 332 2103 τὴν
347 2067 455 2099 ἕνωσιν,
470 2067 538 2102 ὅπερ
552 2067 610 2093 ἐστὶ
621 2066 668 2093 καὶ
681 2066 747 2093 αὐτὸ
765 2065 854 2100 πάσης
869 2065 992 2100 βλασφη-

198 2114 264 2149 μίας
287 2113 335 2140 καὶ
355 2113 470 2144 ἀτοπίας
488 2113 627 2139 ἐπέκεινα.
649 2111 732 2138 Τουτὶ
755 2111 788 2146 δὴ
811 2112 857 2138 καὶ
871 2112 916 2137 ἐπὶ
942 2113 992 2146 τῆς

197 2161 258 2188 καθ’
272 2160 369 2186 ἕνωσιν
381 2158 543 2194 ἀσυγχύτως
560 2158 608 2185 καὶ
620 2158 763 2193 ἀτρέπτως
778 2158 921 2193 ἡνωμένης
931 2178 938 2190 ,
954 2157 992 2189 ῶς

196 2208 210 2233 ὁ
224 2206 302 2241 λόγος
314 2205 358 2232 διὰ
370 2207 420 2240 τῆς
432 2205 478 2231 τοῦ
492 2204 636 2240 ἀνθρώπου
649 2204 810 2236 ὑποδείξεως
822 2205 989 2238 παρέστησε,

197 2253 227 2279 τὺ
249 2253 350 2280 ἄτοπον
373 2252 420 2278 καὶ
443 2251 601 2287 βλάσφημον
619 2251 797 2285 συνάγοντος,
815 2250 940 2286 οὐδαμῶς
957 2250 990 2277 ἂν

196 2299 259 2330 τοὺς
283 2298 348 2333 παρ’
374 2297 453 2333 ἡμῶν
476 2298 603 2333 ἐλέγχους
619 2298 767 2332 ἐκφύγοις,
794 2298 858 2332 μιᾶς
884 2297 992 2332 φύσεως

197 2344 242 2370 τὸν
259 2344 376 2379 Χριστὸν
393 2344 577 2379 δογματίζων,
593 2344 641 2370 καὶ
652 2343 813 2378 ἀσύγχυτον
829 2343 877 2378 τὴν
897 2344 993 2369 ἕνωσιν

196 2389 348 2423 δοξάσειας.
371 2390 399 2416 '0
415 2390 492 2424 λόγος
515 2390 568 2425 γὰρ
589 2389 760 2425 ἑκατέρωθεν
777 2389 901 2421 ἀπέδειξε
925 2389 993 2424 πρὸς

197 2436 228 2462 τδ
248 2436 349 2463 ἇτνπον
364 2437 412 2462 κα)⁴
431 2436 593 2471 βλάσφημον
609 2437 786 2470 συνάγεσθαι.
809 2436 947 2468 Ὡσαύτως
964 2436 992 2462 δὲ

197 2479 257 2506 οὐδὲ
275 2480 291 2515 ἡ
308 2480 362 2506 τῶν
379 2481 611 2516 παραδειγμάτων
629 2481 797 2516 προσάγω-(ὴ
819 2481 886 2515 πρὸς
903 2481 993 2515 παρά-

197 2533 292 2553 στασιν
303 2527 351 2562 τῆς
367 2528 442 2562 παρὰ
457 2528 503 2554 σοῦ
519 2527 701 2562 δοξαζομένης
716 2528 780 2562 μιᾶς
797 2527 913 2560 φύσεως,
931 2527 991 2553 καθ’

195 2573 293 2599 ὶνωσιν
311 2573 465 2608 ἀσύγχυτον
479 2575 680 2609 γεγενημένης,
700 2573 787 2608 ὀρθῶς
810 2573 926 2608 ἐλήφθη.
952 2573 992 2599 Τὰ.

197 2620 247 2654 μὲν
263 2621 318 2654 γὰρ
334 2620 380 2646 ἐπὶ
397 2620 556 2656 καθαιρέσει
569 2622 618 2656 τῆς
632 2621 696 2655 μιᾶς
717 2620 846 2646 συνθέτου
868 2621 990 2654 φύσεως,

197 2667 244 2692 καὶ
265 2667 313 2693 τοῦ
331 2667 378 2694 σοῦ
399 2667 536 2702 δόγματος
551 2667 668 2701 ἔνεισιν,
685 2663 741 2693 οἷον
763 2667 777 2693 ό
798 2667 900 2702 χρυσὸς
922 2667 991 2701 μετὰ

197 2712 284 2748 πυρὸς
301 2714 488 2748 μεμιγμένος·
504 2714 612 2745 πάντως
625 2714 666 2740 ὅτι
682 2714 710 2739 ὲν
725 2714 759 2748 τῇ
777 2713 829 2748 ἰδίᾳ
843 2713 990 2739 ὑποστάσει

196 2760 211 2786 ὁ
223 2760 322 2795 χρυσὸς
335 2761 366 2786 το
377 2760 432 2795 πῦρ
443 2761 598 2796 δεχόμενος,
613 2762 685 2787 ποιεῖ
696 2761 822 2787 σύνθετον
831 2760 989 2792 ὑπόστασιν,

197 2804 244 2831 δύο
260 2804 357 2840 φύσεις
375 2806 500 2841 ἔχουσαν,
517 2808 567 2842 τήν
586 2815 614 2833 τε
629 2807 674 2833 τοῦ
693 2816 743 2842 χρυ
751 2806 793 2833 ςοῦ
813 2807 858 2833 καὶ
876 2807 922 2832 τοῦ
939 2815 990 2832 πυ-

198 2851 257 2886 plac.
267 2851 284 2878 ὃ
298 2852 346 2878 καὶ
361 2853 481 2879 πλεῖστοι
494 2855 654 2888 περιφανεῖς
670 2854 716 2880 καὶ
732 2853 856 2889 θεοφόροι
869 2852 990 2888 Πατέρες

197 2898 237 2930 εἰς
251 2898 424 2935 παράστασιν
439 2899 493 2926 τῶν
510 2899 557 2926 δύο
572 2900 680 2934 φύσεων
695 2899 748 2928 τῶν
769 2901 797 2928 ὲν
810 2900 848 2936 τῷ
864 2900 903 2927 ἑνὶ
921 2901 989 2936 Χρι-

357 2948 494 2979 ΡΛΤΒοῐι.
513 2948 572 2980 (ἐκ.
599 2949 659 2980 CV.

628 169 845 200 REFUTATIO
866 170 1058 201 El’ISTOLzE
1074 171 1189 201 REGIS
1207 170 1402 200 ARMENIJE.

1782 171 1837 202 650

1008 230 1031 257 Α
1047 226 1127 253 modo
1147 225 1318 260 praedicatur.
1340 225 1408 252 Cum
1437 224 1620 259 compositum
1646 223 1719 252 aliud
1736 224 1839 254 factum

1045 272 1081 300 sit
1092 272 1126 299 ab
1140 272 1226 305 iis,ex
1245 272 1348 307 quibus
1361 275 1479 304 constat,
1494 278 1543 298 nec
1557 270 1603 298 illa
1615 271 1709 298 eadem
1724 272 1769 299 sil.
1783 271 1839 300 Nec

1044 318 1126 345 etiam
1136 318 1223 353 ipsum
1235 323 1334 350 totum,
1346 317 1428 344 homo
1439 316 1554 349 scilicet,
1571 323 1634 344 cum
1645 316 1690 348 iis,
1698 324 1731 344 ex
1740 317 1840 350 quibus

1045 364 1179 392 conﬂatus
1194 367 1246 396 est,
1263 363 1354 390 anima
1380 363 1492 397 inquam
1515 367 1542 390 et
1569 369 1695 397 corpore,
1713 363 1838 397 ejusdem

1044 415 1150 437 naturae
1164 414 1190 437 et
1201 409 1327 438 essentne
1345 409 1451 436 dlCt‘lut‘
1461 416 1593 443 unquam,
1604 416 1666 436 cum
1682 416 1771 443 neque
1789 416 1838 444 ap-

1050 456 1229 491 pellationum
1238 463 1334 483 eorum
1348 462 1439 490 neque
1466 453 1655 481 deﬁnitionum
1670 454 1784 481 omnino
1794 462 1839 482 ca-

1045 510 1097 537 pax
1107 502 1151 530 sit.
1167 501 1262 536 Neque
1271 501 1422 536 singulares
1435 500 1569 532 homines,
1587 499 1722 527 utPctrus
1736 499 1842 527 etPau-

1045 548 1100 581 lus,
1109 555 1171 576 cum
1187 547 1373 583 singularibus
1383 546 1524 573 hominum
1536 546 1647 577 animis,
1657 550 1702 573 aut
1712 546 1840 574 humanis

1045 593 1206 629 corporibus
1216 593 1340 629 ejusdem
1356 598 1461 619 naturae
1473 595 1521 618 aut
1537 591 1663 619 essentia
1678 598 1740 618 esse
1748 591 1841 618 dicen-

1045 639 1173 674 tur,quod
1186 646 1236 666 nec
1251 638 1416 666 universalia
1428 637 1550 673 ejusdem
1565 637 1665 672 speciei
1674 637 1738 664 sint.
1749 636 1841 672 Itaque

1045 686 1068 713 si
1077 686 1139 721 quis
1152 685 1289 712 hominem
1296 692 1328 711 ex
1339 683 1457 712 diversis
1466 683 1573 710 naturis
1582 682 1725 710 iuconl'use
1733 682 1839 710 unitum

1045 736 1183 760 assereret
1204 731 1328 767 ejusdem
1351 735 1457 758 naturae
1482 734 1509 757 et
1527 729 1654 757 essentia:
1668 736 1730 756 cum
1748 729 1844 756 anima

1046 779 1179 812 humana,
1207 777 1363 806 necessario
1387 777 1450 805 inde
1467 780 1641 812 sequeretur,
1656 779 1703 802 aut
1719 776 1839 802 animam

1045 834 1078 853 ex
1089 833 1117 853 se
1125 830 1152 853 et
1160 832 1276 860 corpore
1287 831 1347 852 com
1353 824 1468 860 positam
1480 831 1552 857 esse,
1563 828 1609 851 aut
1619 823 1642 850 si
1652 823 1677 850 id
1688 830 1742 850 non
1748 822 1840 854 datur,

1046 876 1157 906 propter
1169 876 1264 906 patens
1277 869 1438 901 absurdum,
1449 869 1568 896 animam
1581 876 1634 895 non
1645 875 1705 895 esse
1716 867 1839 902 ejusdem

1009 917 1028 945 Β
1043 916 1169 943 essentia:
1179 920 1207 942 et
1218 919 1324 942 natura:
1333 923 1396 942 cum
1409 922 1461 942 una
1478 913 1639 948 composita,
1655 913 1775 940 hominis
1790 921 1839 939 na-

1046 966 1117 989 tura.
1132 960 1190 989 Non
1201 961 1335 989 dissimile
1344 968 1394 988 nos
1407 967 1516 995 quoque
1529 959 1556 986 in
1570 959 1686 994 epistola
1699 962 1792 985 nostra
1800 963 1841 985 at-

1046 1007 1211 1036 tentavimus
1228 1007 1400 1035 inducentes.
1419 1005 1448 1033 Si
1463 1013 1546 1033 unam
1565 1009 1690 1032 naturain
1702 1004 1793 1031 dicitis
1812 1004 1843 1031 in

1045 1053 1147 1081 Christi
1161 1053 1313 1088 composita
1323 1053 1435 1085 unione,
1452 1059 1564 1080 necesse
1572 1055 1625 1084 est,
1639 1055 1686 1078 aut
1697 1051 1783 1085 ipsam
1799 1051 1843 1077 di-

1045 1101 1135 1128 \‘iuam
1147 1107 1280 1133 asserere,
1296 1104 1344 1128 aut
1355 1100 1502 1126 humanam
1515 1103 1632 1131 tantum,
1647 1103 1694 1125 aut
1709 1103 1843 1132 utrasque

1045 1147 1116 1174 inter
1130 1154 1190 1175 sese
1205 1147 1365 1175 immutatus
1377 1146 1472 1179 fuisse,
1482 1145 1691 1181 autcomposita
1704 1154 1757 1173 una
1766 1146 1843 1173 exsi-

1044 1198 1133 1222 stente
1144 1193 1245 1222 Christi
1262 1199 1372 1226 natura,
1390 1193 1576 1221 necessarium
1596 1192 1708 1220 omnino
1723 1193 1786 1224 erit,
1798 1193 1840 1220 vel

1045 1240 1227 1275 compositam
1241 1240 1356 1276 reperiri
1374 1240 1464 1268 Patris
1482 1243 1621 1272 naturam,
1639 1245 1669 1267 ut
1684 1240 1712 1266 in
1740 1244 1839 1267 natura

1044 1286 1149 1321 mquale
1161 1287 1242 1314 etiam
1256 1291 1318 1322 pest
1333 1287 1462 1314 unionem
1479 1285 1583 1314 Christi
1603 1293 1666 1313 cum
1680 1293 1712 1313 eo
1723 1293 1839 1313 conscr-

1044 1337 1123 1359 vetur
1141 1342 1147 1358 :
1164 1333 1206 1360 vel
1216 1333 1238 1359 si
1252 1333 1277 1360 id
1290 1340 1344 1359 non
1362 1337 1413 1364 cst,
1432 1337 1542 1367 propter
1553 1331 1765 1366 blasphemiam,
1783 1339 1838 1358 non

1044 1378 1096 1406 erit
1112 1379 1192 1406 Pater
1212 1379 1334 1413 ejusdem
1356 1384 1461 1406 natum
1487 1386 1550 1405 cum
1565 1378 1645 1410 Filio,
1659 1377 1732 1413 quod
1753 1378 1835 1405 etiam

1044 1424 1243 1460 blasphemiam
1264 1432 1373 1452 omnem
1384 1429 1542 1459 exsuperat.
1563 1424 1603 1452 Tu
1619 1424 1712 1459 igitur,
1738 1428 1767 1450 ut
1789 1423 1837 1450 tibi

1044 1470 1147 1497 videris
1175 1475 1398 1505 argumentorum
1435 1469 1489 1496 vim
1513 1469 1613 1502 vitans,
1648 1469 1835 1496 diversitatem

1045 1516 1158 1543 unionis
1173 1515 1324 1544 secundum
1338 1515 1542 1547 confusionem,
1555 1519 1582 1542 et
1604 1522 1658 1541 non
1684 1513 1836 1542 secundum

1045 1561 1239 1589 confusionem
1280 1562 1306 1588 iu
1341 1561 1462 1589 medium
1496 1560 1631 1593 attulisti,
1661 1562 1740 1596 quasi
1775 1561 1838 1588 inde

1046 1615 1156 1643 quoque
1173 1612 1199 1635 te
1219 1608 1358 1636 immerito
1373 1607 1620 1636 calumniarentur.
1639 1606 1768 1635 Scribere
1785 1608 1837 1635 ila-

1044 1662 1098 1690 que
1109 1662 1157 1682 nos
1171 1662 1258 1686 .unam
1280 1655 1307 1682 in
1324 1655 1405 1682 aliam
1423 1659 1551 1682 naturam
1564 1654 1737 1681 immutatam
1751 1655 1837 1681 fuisse

1043 1701 1077 1729 ab
1092 1701 1135 1734 iis,
1147 1701 1194 1736 qui
1211 1708 1271 1728 eam
1287 1701 1441 1729 secundum
1464 1700 1631 1728 inlusionem
1648 1699 1748 1728 factam
1772 1707 1835 1728 esse

1044 1746 1166 1778 tradunt,
1179 1754 1233 1773 non
1257 1746 1397 1774 abhorret.
1413 1746 1513 1773 Verum
1528 1745 1672 1781 consequi,
1691 1750 1738 1773 aut
1757 1753 1835 1773 com-

1044 1793 1160 1828 positam
1175 1792 1221 1820 Dei
1237 1797 1264 1820 et
1278 1793 1366 1820 Patris
1396 1797 1523 1820 naturam
1541 1792 1665 1828 reperiri,
1680 1792 1753 1827 quod
1774 1796 1836 1827 post

1045 1839 1172 1866 unionem
1187 1838 1315 1866 Christus
1334 1838 1457 1872 ejusdem
1479 1843 1584 1866 natura:
1601 1842 1629 1866 et
1652 1838 1778 1866 essentia:
1796 1842 1838 1866 est

1044 1889 1071 1912 et
1089 1885 1211 1912 creditur
1230 1892 1292 1912 eum
1319 1884 1373 1912 Dco
1395 1889 1420 1912 ct
1449 1884 1537 1917 Patre,
1562 1890 1589 1913 at
1617 1884 1641 1912 si
1667 1885 1694 1912 id
1727 1891 1839 1920 propter

1045 1931 1244 1966 blasphemiam
1266 1939 1321 1958 non
1336 1931 1514 1963 concedatur,
1530 1931 1672 1959 Christum
1696 1939 1750 1958 non
1777 1939 1839 1959 esse

1043 1977 1167 2012 ejusdem
1185 1977 1311 2006 essentia;
1324 1986 1386 2005 cum
1408 1977 1463 2006 Deo
1478 1983 1540 2013 post
1565 1978 1707 2011 unionem,
1723 1979 1795 2012 quod
1811 1983 1839 2005 et

1045 2025 1134 2060 ipsum
1165 2029 1193 2052 et
1216 2025 1393 2060 blasphemiae
1412 2029 1440 2052 et
1466 2024 1573 2059 ineptia:
1588 2023 1721 2052 universae
1737 2024 1837 2051 limites

1044 2071 1163 2099 excedit.
1176 2070 1245 2098 Cttm
1258 2075 1348 2098 autem
1368 2075 1395 2098 ct
1411 2071 1436 2097 in
1450 2075 1548 2097 natura
1571 2074 1631 2105 post
1645 2070 1775 2097 unionem
1798 2069 1838 2097 iu-

1043 2117 1158 2146 confuse
1177 2122 1205 2145 et
1238 2117 1446 2146 immutabiliter
1478 2117 1565 2149 unita,
1604 2117 1836 2151 quemadmodum

1044 2164 1132 2191 oratio
1146 2163 1381 2192 demonstratione
1388 2171 1420 2191 ex
1432 2163 1541 2191 homine
1552 2163 1694 2198 desumpta
1706 2163 1836 2196 ostendit,

1046 2210 1117 2238 idem
1133 2210 1284 2238 absurdum
1312 2210 1561 2245 blasphemumqne
1591 2208 1736 2241 inferatur,
1762 2210 1837 2236 nul’a

1006 2263 1032 2293 1)
1047 2257 1104 2291 ipse
1120 2256 1225 2283 ratione
1239 2256 1468 2291 reprehensiones
1479 2259 1589 2283 nostras
1608 2255 1731 2290 cll'ngies,
1754 2255 1836 2283 unius

1047 2307 1151 2330 naturae
1166 2302 1308 2330 Christum
1325 2306 1465 2335 astruens,
1481 2301 1547 2330 licet
1567 2301 1742 2328 inconfusam
1759 2301 1839 2329 unio-

1049 2355 1111 2375 nem
1130 2348 1292 2376 asserucris.
1315 2347 1410 2376 Oratio
1433 2348 1535 2384 etenim
1549 2347 1678 2382 utrinque
1699 2348 1834 2375 absonum

1047 2393 1296 2429 blasphemumque
1323 2394 1414 2429 colligi
1443 2394 1654 2423 demonstravit.
1685 2394 1730 2422 Sic
1755 2395 1837 2422 etiam

1044 2441 1168 2476 exempla
1191 2448 1207 2468 a
1231 2446 1256 2468 te
1283 2441 1400 2468 adducta
1427 2441 1460 2468 ad
1488 2441 1720 2474 comprobandam
1754 2449 1838 2468 unam

1045 2491 1184 2521 naturam,
1201 2494 1283 2522 quam
1296 2487 1355 2522 ipse
1367 2487 1473 2514 statuis'
1484 2492 1546 2522 post
1561 2488 1689 2514 unionem
1710 2487 1836 2515 inconfu-

1044 2540 1101 2559 sam
1125 2532 1236 2566 factam,
1263 2533 1335 2560 haud
1362 2539 1438 2561 recte
1459 2534 1583 2561 instituta
1607 2538 1672 2562 sunt
1688 2543 1695 2561 :
1710 2534 1835 2570 quaedam

1043 2579 1117 2606 enim
1137 2587 1217 2606 unam
1230 2581 1413 2614 compositam
1428 2584 1556 2607 naturam
1582 2584 1714 2615 tuumque
1736 2580 1836 2615 dogma

1044 2625 1232 2659 proscribunt,
1245 2630 1274 2652 ut
1288 2626 1454 2661 aurumjgni
1465 2625 1616 2653 immistum
1629 2636 1634 2653 :
1648 2633 1710 2653 cum
1725 2626 1838 2653 omnino

1009 2700 1011 2703 τ
1043 2679 1141 2699 aurum
1150 2672 1176 2698 in
1189 2672 1297 2707 propria
1307 2671 1446 2707 hypostasi
1457 2672 1547 2707 ignem
1558 2672 1695 2706 accipiens
1703 2671 1837 2705 cumposi-

1043 2721 1098 2744 tam
1106 2719 1273 2753 hypostasim
1288 2717 1394 2750 etiiciat,
1405 2717 1474 2745 duas
1490 2721 1601 2744 naturas
1611 2716 1765 2747 habentem,
1776 2715 1835 2741 auri

1043 2767 1070 2789 et
1082 2763 1164 2797 ignis,
1182 2762 1254 2797 quod
1267 2762 1389 2797 plerique
1401 2763 1484 2790 etiam
1501 2761 1682 2797 exgl’atribus,
1695 2760 1780 2787 divini
1796 2760 1834 2787 illi

1043 2816 1109 2836 sane
1147 2816 1180 2836 ac
1220 2809 1412 2843 percelebres,
1442 2809 1476 2836 ad
1510 2806 1732 2842 comprobandas
1765 2806 1834 2834 duas

1043 2860 1155 2883 naturas
1188 2855 1215 2882 in
1256 2863 1312 2883 uno
1348 2855 1475 2888 Christo,
1517 2861 1569 2880 una
1611 2853 1716 2880 scilicet
1747 2853 1836 2889 hypo-

1042 2901 1108 2930 stasi
1119 2922 1126 2935 ,
1141 2890 1259 2938 propriis
1276 2901 1482 2930 commentariis
1503 2903 1671 2935 usurparunt
1685 2909 1692 2928 :
1719 2899 1773 2928 alia
1787 2899 1836 2928 ab-

1618 2946 1656 2976 21

1007 1592 1030 1622 C
