2092 3156
261 160 311 193 651

891 154 1040 188 ΝΙΟΕΤιλΕ
1060 154 1262 185 ΒΥΖΑΝΤΙΝῙ

1843 143 1909 185 652’

263 219 374 245 horrent
397 214 430 243 ab
460 213 604 242 inconfusa
638 218 666 240 et
697 212 860 240 immutabili
893 218 1052 240 namramm

1107 212 1170 248 στῷ,
1186 213 1271 247 ἡγουν
1292 212 1325 246 τῇ
1341 211 1392 246 μιᾷ
1412 210 1561 238 ὑποστάσει
1583 210 1611 237 ὲν
1626 210 1683 242 τοῖς
1699 209 1810 243 οἰκείοις
1830 219 1897 246 συγ-

263 263 378 294 unione;
396 268 483 296 neque
495 260 567 287 enim
581 259 715 294 quispiam
729 263 802 286 recte
821 259 995 286 sentientium
1013 259 1054 286 lu-

265 317 326 336 mcn
340 315 401 336 cum
420 306 531 342 proprio
548 307 625 333 radio
641 306 768 340 componi
782 305 864 333 dicet.
879 305 958 332 Nulla
980 305 1052 332 enim

264 362 354 381 rerum
371 361 432 380 cum
451 352 561 388 proprio
575 357 648 384 actu,
664 353 721 379 sive
736 359 798 379 cum
813 351 909 379 etTectu
931 360 981 379 suo
1002 360 1052 380 un-

265 406 344 433 quam
358 398 481 432 componi
499 397 610 424 dicitur.
631 396 760 430 Qninimo
790 405 879 432 neque
901 398 1001 432 anima,
1027 402 1054 424 et

264 447 347 474 homo
377 445 494 472 similem
520 445 602 472 habet
628 445 757 472 unionem
790 444 965 473 inconfnsam
990 452 1053 472 cum

262 499 304 523 ca,
326 499 386 524 quae
413 490 514 517 Christi
537 495 588 518 est.
620 490 698 523 Quod
714 499 797 526 supra
828 491 1050 518 demonstratum

262 541 315 568 est,
331 537 461 571 quoniam
478 536 577 564 animae
599 536 682 564 simul
709 545 763 564 una
788 537 926 571 subsistit,
950 537 1054 565 Christi

264 590 328 610 vero
339 583 394 610 alio
409 583 501 610 modo.

301 714 344 742 19.
361 713 467 741 Rursus
480 713 506 741 in
520 713 635 749 epistola
656 718 713 746 tua,
733 714 812 749 quasi
828 722 982 742 sermonem
1010 723 1055 742 ex-

266 761 388 796 cipiens,
405 760 503 796 objicis
522 769 529 788 :
548 761 626 788 Circa
640 762 710 796 quod
724 760 821 788 Patres
834 769 884 787 non
900 761 1055 788 convenien-

263 811 321 840 tes,
350 806 471 841 partibus
505 807 682 838 studuerunt,
708 806 857 833 mistionem
878 811 999 834 vocantes
1030 810 1056 834 et

261 855 396 888 unionem,
422 853 491 889 quod
510 854 599 881 mistio
629 854 822 888 reparationem
841 853 943 880 nullam
966 853 1054 887 habet,

262 908 343 934 neque
360 900 424 926 unio
450 899 605 926 divisionem
630 900 697 932 ;sed
711 907 757 934 per
771 899 827 926 Ιιωσ
856 899 934 926 verba
959 898 1055 926 Patres

262 946 345 972 locuti
357 950 418 972 sunt
431 953 440 972 :
451 945 672 980 quemadmodum
687 946 757 972 enim
770 949 895 979 separata
912 945 991 972 mista
1006 953 1057 972 non

261 992 386 1018 dicuntur
399 1011 406 1024 ,
429 991 468 1017 ita
488 999 533 1018 nec
554 992 633 1018 mista
653 991 779 1018 dicuntur
795 995 929 1025 separata.
961 991 1057 1024 Quent-

261 1038 405 1065 admodum
424 1038 597 1072 proprietates
621 1038 743 1065 um'onem
764 1037 870 1071 tollunt,
883 1038 922 1064 ita
944 1042 968 1064 et
995 1039 1057 1064 uitio

261 1084 387 1119 opprimit
414 1085 599 1118 proprietates.
620 1084 648 1111 Si
673 1085 762 1119 itaque
793 1093 844 1111 non
874 1089 950 1111 erant
977 1085 1058 1112 mista

263 1130 402 1165 inconfuse
426 1138 485 1157 cum
508 1138 635 1165 corpore,
659 1139 740 1165 quare
769 1131 861 1158 dicunt
888 1131 1058 1158 incarnatum

261 1177 344 1211 fuisse
368 1177 381 1203 ?
402 1176 431 1203 Si
447 1184 499 1203 non
520 1181 578 1203 erat
603 1177 695 1203 unitas
707 1185 767 1204 cum
782 1177 959 1209 humanitate,
976 1184 1058 1212 quare

260 1223 362 1255 dicunt,
383 1230 443 1249 eum
466 1222 595 1249 hominem
611 1222 884 1258 assumpsisseﬂlaec
908 1230 971 1250 cum
997 1222 1058 1250 nul-

260 1263 315 1297 lins
328 1269 558 1297 considerationis
573 1269 638 1303 sint,
652 1270 724 1304 quod
746 1270 813 1297 satis
824 1269 931 1297 abunde
944 1269 970 1296 in
982 1273 1057 1296 ante-

259 1316 420 1344 cedentibus
435 1323 450 1343 a
465 1316 543 1343 nobis
558 1316 692 1343 dissoluta
719 1319 792 1348 sunt,
809 1323 905 1350 parum
921 1315 1001 1343 nobis
1026 1315 1060 1342 de

264 1362 319 1389 illis
338 1361 491 1390 curandum
517 1366 570 1389 est.
600 1361 735 1389 Caeterum
760 1370 795 1388 ne
812 1362 856 1389 cui
873 1361 1059 1396 iactabundus

261 1408 427 1443 superbias,
456 1407 590 1435 brevibus
618 1407 826 1442 respondemus.
843 1408 935 1435 Sancti
964 1407 1059 1436 Patres

262 1453 390 1480 unionem
418 1452 614 1480 etniistionem
642 1452 670 1480 in
686 1452 796 1480 Christo
830 1452 1003 1481 inconfusam
1032 1457 1059 1480 et

261 1497 460 1525 immutabilem
487 1497 605 1525 duarum
621 1505 682 1532 quae
715 1502 915 1526 concurrerunt
945 1503 1058 1525 natura-

1104 259 1267 294 γράμμασιν
1279 257 1474 285 ὲντεθείχασιν·
1489 257 1523 284 τὰ
1534 257 1562 284 δὲ
1573 257 1703 284 ἀπέοικεν
1718 257 1750 283 ὲκ
1762 257 1812 291 τῆς
1826 258 1898 284 κατὰ

1105 306 1222 342 Χριστὸν
1237 305 1391 341 άσυγχύτου
1408 305 1456 331 καὶ
1478 304 1616 340 ἀτρέπτου
1630 303 1685 330 τῶν
1698 304 1807 338 φύσεων
1829 303 1897 330 ἑνώ-

1106 360 1185 383 σεως.
1199 351 1237 378 Τὸ
1255 351 1303 386 μὲν
1313 351 1368 387 γὰρ
1385 352 1454 386 μετά
1465 352 1514 386 τῆς
1529 351 1596 382 ἰδίας
1605 351 1720 380 ,ἀκτῖνος
1741 350 1829 381 οὐδεὶς
1844 350 1899 376 τῶν

1105 397 1135 426 εὖ
1149 398 1319 434 φρονούντων
1334 398 1520 425 συντεθεῖσθαι
1535 398 1657 432 φήσειεν.
1671 397 1755 423 Οὐδὲν
1767 396 1822 432 γὰρ
1843 397 1898 423 τῶν

1105 444 1189 471 ὅντων
1210 444 1269 479 μετ’
1285 445 1388 476 οἰκείας
1406 443 1547 479 ἐνεργείας
1559 463 1567 476 ,
1587 443 1603 478 ἢ
1623 442 1671 469 τοῦ
1687 443 1715 476 ἐξ
1735 443 1818 469 αὐτοῦ
1832 443 1899 469 ἀπο-

1104 494 1271 529 τελέσματος
1296 491 1404 527 λέγεταί
1428 500 1493 518 ποτε
1518 490 1696 525 συγκεῖσθαι,
1717 490 1776 517 ἀλλ’
1796 490 1856 516 οὐδὲ
1881 492 1898 525 ἡ

1104 540 1177 576 ψυχὴ
1197 540 1245 567 καὶ
1266 540 1280 566 ὁ
1300 538 1446 574 ἄνθρωπος
1466 537 1563 572 ὁμοίαν
1582 536 1639 572 ἔχει
1655 537 1705 573 τὴν
1726 536 1787 563 καθ’
1802 536 1899 563 ἕνωσιν

1105 588 1260 621 ἀσύγχυτον
1279 585 1348 621 πρὸς
1365 585 1415 620 τὴν
1437 584 1509 612 κατὰ
1530 583 1657 618 Χριστόν,
1671 582 1753 609 Τουτὶ
1774 582 1829 617 γὰρ
1851 583 1899 608 καὶ

1106 631 1313 668 προδέδεικται,
1329 631 1371 657 ὅτι
1391 631 1407 665 ἡ
1432 629 1482 665 μὲν
1504 629 1554 664 τῆς
1576 627 1666 663 ψυχῆς
1689 627 1899 659 συνυποστάτως

1107 677 1231 711 γέγονεν,
1248 677 1265 711 ἡ
1280 675 1308 702 δὲ
1321 675 1434 710 ἑτέρως.

1143 722 1186 750 ιθ’.
1203 721 1288 749 Πάλιν
1301 720 1330 748 δὲ
1349 721 1378 747 ὲν
1393 719 1432 755 ’τῴ
1456 718 1604 754 γράμματί
1626 726 1673 744 σου
1689 717 1898 752 ἀνθυποφερων,

1106 768 1223 804 γράφεις
1241 776 1248 784 ·
1269 768 1340 803 Περι
1360 775 1390 794 τι
1403 768 1430 794 οἱ
1444 766 1573 800 Πατέρες
1587 765 1621 792 ἐν
1637 764 1783 799 διαφωνία
1799 764 1900 790 ἐπολι-

1106 815 1268 849 τεύθησαν,
1286 813 1371 849 μίξιν
1382 813 1428 847 δὴ,
1438 812 1573 847 λέγοντες
1590 811 1639 838 καὶ
1654 811 1776 844 ἕνωσιν,
1790 810 1865 837 διότι
1879 810 1899 844 ἡ

1104 860 1164 896 μὲν
1173 859 1256 895 μίξις
1270 859 1422 894 χωρισμὸν
1436 860 1491 886 οὐκ
1505 858 1578 893 ἔχει,
1593 857 1665 884 οὐδὲ
1678 857 1697 890 ἡ
1715 857 1823 889 ἓνωσις
1838 856 1901 882 δια-

1108 905 1264 941 σπασμὸν,
1280 905 1361 933 ἀλλὰ
1375 904 1423 931 διὰ
1435 904 1549 931 τούτων
1563 902 1623 931 τῶν
1631 903 1774 938 ῥημάτων
1789 901 1900 935 ἐλάλη-

1108 961 1170 980 σαν
1186 953 1213 979 οἱ
1232 951 1362 986 Πατέρες
1373 971 1380 982 ,
1409 951 1454 978 ὅτι
1474 950 1576 984 ὥσπερ
1592 950 1628 977 τὰ
1644 948 1850 984 κεχωρισμένα
1864 948 1900 974 ob

1109 999 1249 1033 λέγονται
1265 997 1443 1032 μεμιγμένα,
1462 997 1557 1029 οὕτως
1583 995 1654 1023 οὐδὲ
1676 995 1713 1022 τὰ
1735 993 1901 1029 μεμιγμένα

1108 1046 1247 1080 λέγονται
1267 1044 1486 1079 κεχωρισμένα·
1513 1043 1613 1077 ὥσπερ
1629 1043 1659 1069 ai
1681 1042 1827 1075 ἰδιότητες
1842 1039 1900 1072 τὴν

1108 1091 1220 1118 ἕνωσιν
1231 1091 1419 1124 ἐπαίρουσιν,
1436 1089 1529 1122 οὕτως
1545 1088 1594 1115 καὶ
1614 1089 1632 1123 ἠ
1648 1088 1757 1120 ἓνωσις
1782 1085 1901 1121 συγχώ-

1108 1146 1153 1164 νει
1173 1136 1227 1170 τὰς
1247 1136 1408 1170 ἰδιότητας.
1434 1137 1501 1162 Ἐὰν
1525 1133 1582 1163 οὖν
1606 1136 1662 1162 οὐκ
1678 1133 1718 1169 ἦν
1737 1133 1901 1168 μεμιγμένα

1109 1183 1287 1218 ἀσυγχύτως
1300 1182 1376 1218 μετὰ
1389 1182 1443 1210 τοῦ
1461 1182 1609 1216 σώματος.
1632 1181 1681 1208 διὰ
1696 1181 1724 1208 τι
1745 1181 1900 1214 λέγουσιν,

1110 1229 1154 1256 ὅτι
1175 1229 1348 1263 ὲσαρκώθη;
1366 1230 1399 1255 El
1415 1228 1450 1254 δὲ
1466 1229 1522 1255 οὐκ
1546 1225 1586 1262 ἦν
1606 1227 1726 1259 ἑνωθεὶς
1746 1226 1822 1261 μετὰ
1845 1225 1902 1259 τὴν

1110 1273 1389 1307 ἀνθρωπότητα,¹διὰ
1401 1273 1430 1300 τι
1440 1273 1596 1308 λέγουσιν,
1611 1272 1655 1299 ὅτι
1669 1271 1902 1305 ἐνηνθρώπησε;

1110 1319 1204 1346 Ταῦτα
1220 1319 1270 1354 μὲν
1290 1318 1397 1350 οὐδενὸς
1420 1319 1500 1353 λόγου
1518 1318 1582 1350 ἄξια
1602 1317 1677 1349 ὄντα,
1697 1317 1740 1344 διὰ
1755 1317 1785 1343 τὸ
1801 1317 1901 1347 ικανῶς

1110 1365 1139 1391 ὲν
1154 1365 1209 1396 τοῖς
1227 1363 1382 1400 ἔμπροσθεν
1405 1363 1472 1399 παρ’
1486 1363 1565 1399 ἡμῶν
1582 1361 1777 1398 προλελῦσθαι,
1801 1362 1902 1397 ἥκιστα

1110 1412 1175 1448 περὶ
1190 1410 1294 1437 τούτων
1316 1409 1502 1446 φροντιστέον.
1526 1408 1598 1444 Πλὴν
1615 1406 1662 1435 οὖν
1679 1409 1704 1434 εί
1720 1409 1756 1443 μή
1775 1416 1814 1442 τῳ
1838 1406 1902 1442 δόξῃ

1109 1455 1360 1492 καταϐρενθύεσθαι
1381 1456 1410 1482 ἐν
1432 1454 1539 1486 τούτοις
1560 1454 1604 1482 διὰ
1631 1453 1754 1490 βραχέων
1771 1453 1900 1488 λέγομεν.

1110 1503 1140 1529 οι
1158 1503 1206 1537 μὲν
1221 1499 1267 1529 οὖν
1280 1501 1352 1536 ἅγιοι
1371 1501 1492 1537 Πατέρες
1503 1500 1600 1528 ἕνωσιν
1617 1499 1666 1527 καὶ
1680 1500 1754 1534 μίξιν
1772 1500 1818 1526 ἐπὶ
1832 1500 1901 1535 Χρι-

260 1552 333 1575 rum.
350 1544 460 1571 deitatis
473 1547 500 1571 et
516 1543 706 1576 humanitatis,
724 1547 890 1577 astruentes,
904 1543 1055 1571 secundum

1111 1546 1174 1574 στοῦ
1193 1546 1348 1581 ἁσύγχυτον
1369 1546 1415 1573 καὶ
1431 1545 1565 1581 ἄτρεπτον
1583 1545 1637 1572 τῶν
1657 1545 1704 1571 δύο
1723 1544 1831 1579 φύσεων
1845 1544 1902 1570 τῶν

260 1590 429 1626 hypostasim
452 1595 479 1618 et
504 1590 700 1624 essentialiter,
716 1590 816 1619 factam
832 1591 860 1618 in
873 1598 928 1618 uno
945 1590 1056 1618 Christo

260 1640 397 1668 asserunt,
413 1642 528 1670 eosque,
560 1635 606 1670 qui
622 1641 684 1663 actu
699 1640 726 1664 et
739 1636 901 1664 exsistentia
924 1636 993 1664 duas
1007 1643 1056 1663 na-

261 1685 338 1709 turas
363 1688 411 1716 per
434 1685 526 1715 partes
559 1685 587 1708 et
611 1680 721 1708 dirisim
750 1684 894 1716 ponerent,
909 1688 942 1709 ex
957 1681 1057 1716 quibus

261 1731 322 1755 erat
336 1727 438 1762 impius
466 1725 620 1760 Nestorius,
639 1734 721 1762 quem
737 1731 798 1762 post
821 1734 948 1762 magnam
968 1727 1056 1754 rixam

260 1778 345 1809 atque
385 1773 589 1801 contentionem
624 1773 797 1800 anathemate
824 1773 930 1808 ,merito
958 1779 1056 1807 percu-

262 1819 363 1852 lerunt,
379 1817 563 1846 condemnant
577 1826 584 1844 :
599 1825 718 1853 namque
741 1821 818 1845 unlta
837 1817 987 1845 secundum
1006 1817 1058 1852 hy-

265 1864 397 1899 postasim
412 1867 440 1890 et
460 1860 655 1896 essentia'liter,
680 1862 807 1898 privatim
838 1867 865 1890 et
895 1870 944 1897 per
965 1866 1057 1897 partes

261 1915 389 1945 separata
403 1909 521 1944 disjungi
539 1916 593 1936 non
613 1913 740 1944 possunt,
758 1907 989 1944 quemadmodum
1004 1908 1058 1935 dis-

258 1957 354 1992 juncta
365 1960 426 1984 actu
444 1959 471 1983 et
487 1963 534 1990 per
546 1959 649 1990 partes,
665 1955 796 1982 unionem
811 1954 962 1983 secundum
973 1954 1058 1990 hypo-

261 2003 356 2032 stasim
378 2007 406 2031 et
429 2002 603 2030 essentialcm
620 2002 721 2030 habere
743 2010 798 2030 non
817 2007 945 2038 possunt.
967 2001 1058 2035 Quare

261 2058 313 2078 nos
337 2049 404 2077 nihil
429 2049 494 2082 tale,
521 2049 589 2077 duas
620 2054 748 2081 naturas,
783 2053 810 2076 et
843 2050 911 2077 duas
935 2050 1058 2084 proprie-

261 2101 331 2124 tates
356 2100 530 2128 naturarum,
547 2103 607 2130 quze
620 2095 647 2122 in
663 2103 718 2122 uno
735 2095 846 2124 Christo
863 2101 938 2127 sunt,
952 2100 1055 2131 partes,

262 2142 478 2175 considerantes,
496 2140 625 2168 facimus.
639 2140 733 2176 Neque
750 2141 823 2168 enim
854 2149 985 2168 numerus
1014 2149 1057 2169 se-

261 2190 380 2217 cundum
394 2196 423 2217 se
437 2188 519 2216 rebus
534 2188 698 2216 divisionem
714 2188 830 2222 inducit,
847 2196 935 2224 neque
950 2197 995 2216 res
1009 2196 1057 2223 per

261 2243 292 2264 sc
307 2235 489 2264 subsistentes
504 2239 692 2270 repraesentat.
711 2234 805 2270 Neque
822 2235 895 2262 enim
910 2242 970 2266 nos,
982 2235 1055 2270 quod
1070 2227 1095 2257 Ι)

262 2289 450 2315 numeramus,
462 2285 489 2308 et
503 2285 609 2309 tantum
624 2281 784 2308 diﬁ‘erentia:
800 2281 913 2312 ratione,
930 2286 1054 2314 naturas,

262 2332 396 2355 olearum
412 2331 500 2359 actus,
522 2331 549 2354 ct
564 2327 718 2355 voluntates
746 2327 853 2355 naturis
874 2332 1056 2363 congruentes

262 2380 469 2406 asseveramus,
486 2372 648 2400 divisionem
666 2373 817 2400 secundum
833 2377 924 2401 actum
940 2378 968 2401 et
987 2373 1057 2402 exsi-

262 2418 389 2447 stentiam
412 2418 440 2446 in
460 2419 567 2446 naturis
601 2423 630 2446 et
658 2419 872 2454 proprietatibus
886 2420 1055 2454 inducimus,

263 2469 293 2492 ut
307 2464 380 2500 quod
399 2472 414 2492 a
433 2469 457 2492 te
489 2465 629 2498 scribitur,
655 2465 745 2493 locum
773 2465 882 2493 habeat.
904 2465 1008 2499 Quodsi
1023 2474 1056 2494 ex

262 2511 307 2545 iis,
323 2519 385 2547 quae
406 2511 516 2544 scribis,
539 2511 609 2539 nihil
628 2518 680 2539 nos
695 2510 778 2545 laedit,
794 2511 897 2539 frustra
911 2512 962 2540 hac
975 2517 1056 2547 atque

262 2558 326 2586 illac
339 2565 495 2586 sermonem
514 2559 613 2595 agitas,
631 2557 774 2586 veritatem
791 2558 941 2587 infamans.
952 2559 986 2587 Et
998 2560 1056 2588 haec

263 2605 373 2641 quidem
393 2605 431 2634 ita
442 2613 472 2634 se
483 2606 596 2634 habent.

297 2696 343 2724 20.
357 2695 473 2730 Quando
485 2703 550 2724 vero
566 2699 593 2724 et
615 2695 667 2723 hoc
682 2696 709 2724 in
733 2701 828 2724 nostra
844 2697 960 2732 epistola
988 2698 1057 2726 scri-

261 2744 380 2779 psimus,
393 2742 645 2771 Chalcedonensem
661 2743 795 2778 synodum
807 2749 950 2779 propterea
967 2745 1057 2772 accla-

262 2798 354 2819 masse
369 2797 451 2817 unam
464 2797 612 2825 personam
636 2793 664 2817 et
677 2797 760 2817 unam
784 2790 966 2826 hypostasim,
982 2792 1056 2826 quod

262 2839 291 2863 et
308 2835 458 2870 passiones»
476 2840 504 2863 et
531 2834 666 2863 miracula
683 2835 766 2863 unius
789 2844 822 2864 ex
844 2842 939 2865 sancta
965 2837 1056 2865 Trini-

263 2885 329 2915 tate,
350 2881 398 2908 Dei
414 2881 497 2910 Verbi
511 2881 626 2916 scilicet,
638 2889 699 2911 esse
712 2887 886 2918 reputantur,
896 2888 925 2923 et
940 2884 975 2913 ad
989 2893 1052 2918 eum

1109 1592 1306 1626 συνελθουσῶν,
1317 1592 1455 1628 θεότητος,
1465 1592 1548 1627 φημὶ,
1561 1592 1608 1618 καὶ
1617 1591 1840 1627 ἀνθρωπότητος,
1857 1590 1901 1617 60-

1107 1639 1299 1675 γματιζοντες,
1317 1639 1438 1675 δηλονότι
1453 1638 1515 1665 καθ’
1532 1639 1682 1665 ὑπόστασιν
1697 1637 1744 1665 καὶ
1764 1637 1902 1669 ούσιωδῶς

1107 1685 1294 1720 γεγενημένην
1317 1685 1346 1712 ὲν
1369 1684 1409 1720 τῷ
1429 1684 1470 1712 ἑνὶ
1490 1684 1602 1720 Χριστῷ
1625 1684 1751 1719 λέγουσι,
1774 1684 1901 1715 καὶτοὺς

1107 1730 1234 1766 ἐνεργείᾳ
1249 1730 1295 1756 καὶ
1310 1729 1427 1765 ὑπάρξει
1441 1729 1491 1761 τὰς
1509 1729 1555 1756 δύο
1574 1729 1669 1764 φύσεις
1688 1729 1740 1757 ἀνὰ
1755 1729 1838 1765 μέρος
1854 1728 1901 1755 καὶ

1107 1776 1193 1812 χωρὶς
1207 1776 1339 1809 τιθέντας,
1354 1776 1367 1803 ὃ
1388 1777 1446 1802 ἐστι
1463 1776 1612 1812 Νεστόριος
1624 1777 1638 1803 ὁ
1657 1775 1816 1811 θεοστυγὴς,
1832 1775 1902 1810 πρὸς

1107 1821 1190 1849 αὑτὸν
1202 1821 1392 1857 διηνέχθησαν,
1407 1822 1454 1849 καὶ
1469 1821 1508 1857 τῷ
1520 1821 1674 1857 ἀναθέματι
1688 1822 1803 1853 δικαίως
1819 1822 1901 1848 αὑτὸν

1108 1867 1308 1894 καθυπέὃαλον.
1327 1868 1382 1894 Καὶ
1403 1867 1458 1903 γὰρ
1476 1867 1511 1894 τὰ
1526 1867 1656 1903 ἡνωμένα
1672 1867 1733 1894 καθ’
1749 1867 1900 1894 ὑπόστασιν

1108 1913 1155 1940 καὶ
1169 1913 1315 1946 οὑσιωδῶς,
1328 1913 1522 1949 κεχωρισμένα
1535 1913 1587 1949 ἰδίᾳ
1603 1914 1649 1940 καὶ
1665 1913 1715 1940 ἀνὰ
1732 1913 1814 1948 μέρος
1829 1910 1901 1939 εἶναι

1108 1960 1249 1994 ἀδύνατον,
1268 1961 1364 1996 ὥσπερ
1380 1961 1427 1988 καὶ
1449 1961 1483 1988 τὰ
1505 1961 1697 1997 κεχωρισμένα
1719 1960 1835 1996 ὑπάρξει
1854 1959 1901 1987 καὶ

1108 2008 1233 2044 ἐνεργείᾳ
1256 2008 1303 2035 καὶ
1327 2007 1380 2035 ἀνὰ
1404 2007 1504 2044 μέρος,
1524 2009 1574 2045 τὴν
1598 2008 1659 2035 καθ’
1678 2007 1827 2034 ὑπόστασιν
1853 2005 1901 2033 καὶ

1108 2054 1224 2090 οὑσιώδη
1245 2054 1343 2081 ἕνωσιν
1358 2054 1431 2089 ἔχειν
1444 2054 1475 2081 οὐ
1489 2054 1627 2081 δύνανται.
1652 2053 1801 2089 Τοιγαροῦν
1821 2054 1902 2089 ἡμεῖς

1107 2101 1184 2128 οὐδὲν
1205 2101 1327 2128 τοιοῦτον
1353 2102 1382 2128 ὲν
1395 2101 1435 2137 τῷ
1454 2100 1578 2135 δοξάζειν
1601 2101 1648 2128 δύο
1664 2100 1776 2137 φύσεις,
1791 2102 1838 2128 καὶ
1855 2100 1902 2128 δύο

1110 2147 1246 2182 ἰδιότητας
1257 2147 1312 2173 τῶν
1321 2147 1429 2182 φύσεων
1439 2147 1494 2174 τῶν
1506 2148 1535 2174 ἐν
1549 2148 1588 2183 τῷ
1600 2148 1640 2174 ἐνὶ
1655 2148 1765 2184 Χριστῷ
1777 2148 1812 2174 τὰ
1827 2147 1899 2183 μέρη

1108 2193 1340 2229 ἀναθεωροῦντες,
1367 2193 1508 2230 ποιοῦμεν.
1535 2195 1572 2221 Οὺ
1593 2194 1647 2231 γὰρ
1662 2195 1677 2221 ὸ
1705 2194 1821 2230 ἀριθμὸς
1838 2193 1900 2220 καθ’

1107 2239 1190 2266 αὑτὸν
1212 2239 1375 2274 διαιρέσεως
1398 2240 1452 2267 τῶν
1473 2241 1645 2276 πραγμάτων
1662 2241 1721 2267 ἐστὶ
1738 2240 1899 2276 ποιητικὸς.

1107 2285 1168 2312 οὑδὲ
1188 2286 1381 2313 ἰδιοσυστάτων
1406 2286 1584 2321 πραγμάτων,
1600 2285 1815 2321 παραστατικός.
1833 2284 1900 2312 οὐδὲ

1107 2333 1162 2367 γὰρ
1181 2332 1262 2367 ἡμεῖς
1278 2330 1323 2358 διὰ
1339 2331 1370 2358 τὸ
1387 2331 1513 2367 ἀριθμεῖν
1530 2332 1578 2358 καὶ
1601 2331 1682 2366 μόνον
1698 2331 1737 2367 τῷ
1760 2331 1832 2366 λόγῳ
1851 2330 1902 2365 τῆς

1106 2379 1237 2414 διαφορᾶς
1258 2377 1307 2409 τὰς
1318 2377 1424 2412 φύσεις,
1441 2379 1488 2405 καὶ
1503 2378 1554 2410 τὰς
1570 2378 1672 2405 τούτων
1687 2378 1838 2414 ἐνεργείας,
1854 2377 1901 2404 καὶ

1107 2425 1230 2460 θελήσεις
1243 2424 1421 2459 καταλλὴλως
1431 2424 1488 2450 τῶν
1501 2424 1609 2458 φύσεων
1621 2424 1752 2457 δοξάζειν,
1768 2423 1901 2459 διαίρεσιν

1107 2471 1157 2506 τὴν
1173 2469 1234 2497 κατ’
1248 2470 1389 2505 ἐνέργειαν
1403 2470 1450 2496 καὶ
1465 2469 1581 2506 ὓπαρξιν
1595 2470 1641 2497 ἐπὶ
1659 2470 1715 2496 τῶν
1729 2468 1836 2504 φύσεων
1854 2468 1902 2495 καὶ

1107 2516 1161 2543 τῶν
1180 2517 1321 2550 ίδιοτήτων
1345 2516 1473 2551 λέγομεν,
1490 2516 1533 2542 ῖνα
1546 2516 1593 2542 καὶ
1609 2515 1702 2551 χώραν
1721 2515 1751 2541 τὸ
1765 2514 1840 2550 παρὰ
1854 2513 1900 2540 σοῦ

1107 2563 1280 2598 γραφόμενον
1309 2562 1388 2598 λάϐῃ.
1417 2562 1449 2588 Εί
1474 2562 1503 2589 δὲ
1529 2562 1605 2588 οὐδὲν
1626 2558 1664 2588 ὧν
1683 2561 1800 2596 γράφεις
1822 2560 1902 2596 ἡμῶν

1107 2609 1271 2643 ἐφάπτεται,
1291 2609 1380 2644 μάτην
1399 2607 1449 2635 ὧδε
1466 2609 1577 2635 κάκεῖσε
1592 2608 1639 2634 τὸν
1655 2608 1735 2642 λόγον
1748 2608 1833 2638 κινεῖς
1854 2615 1902 2632 cru-

1107 2654 1250 2689 κοφαντῶν
1267 2655 1316 2690 τὴν
1331 2654 1472 2690 ἀλήθειαν.
1498 2655 1552 2681 Καὶ
1566 2653 1653 2680 ταῦτα
1669 2653 1718 2689 μὲν
1735 2654 1764 2680 ὲν
1784 2653 1899 2684 τούτοις.

1143 2704 1178 2728 κ’.
1210 2701 1287 2728 Ἐπεὶ
1315 2700 1343 2727 δὲ
1370 2700 1514 2728 καὶτοῦτο
1538 2701 1566 2728 ὲν
1588 2700 1626 2735 τῷ
1651 2700 1798 2736 γράμματι
1822 2699 1902 2736 ἡμῶν

1107 2746 1312 2782 συνετάξαμεν,
1341 2747 1382 2774 ὅτι
1409 2747 1426 2782 ἡ
1451 2749 1480 2774 ὲν
1509 2747 1661 2783 Χαλκηδόνι
1690 2747 1757 2782 ἁγία
1791 2746 1903 2778 σύνοδος

1107 2793 1151 2820 διά
1163 2803 1204 2820 τοι
1215 2792 1295 2820 τοῦτο
1308 2793 1480 2829 ἐξεφώνησεν
1493 2794 1522 2821 ἒν
1535 2795 1682 2830 πρόσωπον
1699 2795 1744 2821 καὶ
1756 2794 1821 2828 μίαν
1832 2793 1901 2820 ὑπό-

1108 2848 1212 2872 στασιν,
1229 2839 1273 2866 διὰ
1290 2839 1321 2866 τὺ
1341 2839 1388 2866 καὶ
1404 2839 1438 2866 τὰ
1465 2840 1539 2876 πάθη
1560 2841 1607 2868 καὶ
1632 2842 1667 2868 τὰ
1697 2841 1827 2876 θαύματα
1852 2840 1900 2867 τοῦ

1107 2886 1167 2918 ἐνὸς
1181 2886 1230 2921 τῆς
1251 2886 1333 2921 ἁγίας
1349 2886 1473 2921 Τριὰδος,
1497 2888 1555 2923 ἡτοι
1571 2887 1618 2915 τοῦ
1641 2887 1709 2915 Θεοῦ
1722 2888 1811 2923 Λόγου
1825 2887 1902 2922 107(-
