2092 3156
225 173 278 206 653

652 170 868 202 REFUTATIO
882 171 1074 204 EPISTOUE
1091 171 1207 202 REGIS
1222 171 1417 203 ARMENI/E.

1812 173 1865 206 654

225 228 336 261 ζεσθαι,
355 226 402 254 καὶ
420 227 460 259 είς
485 226 567 255 αὑτὸν
593 227 765 263 ἀνατρέχειν,
791 229 874 260 αὐτὸς
898 229 949 255 οὑκ
968 227 1016 256 οἶδ’

1077 231 1225 262 "ecurrunt,
1244 234 1273 257 tu
1289 230 1358 266 ipse,
1385 229 1479 258 nescio
1496 237 1550 265 qua
1571 229 1688 262 ratione,
1709 230 1866 259 inconsulte

223 276 298 307 ὅπως
314 274 434 310 ἀκρίτως
450 274 485 301 τὰ
500 274 566 309 παρ’
586 274 664 310 ἡμῶν
686 275 824 311 ἑπιγελᾷς,
840 275 888 302 καὶ
901 275 969 311 πρὸς
980 276 1016 302 τὰ

225 321 365 357 γραφέντα
379 320 541 355 ἀντιλέγεις,
554 321 600 347 καὶ
609 321 822 356 ἀποθαυμάζων,
836 318 888 348 ὧδέ
899 330 935 357 πη
949 322 1019 357 γρά-

225 374 297 402 φεις·
316 365 371 393 Καὶ
394 365 472 393 ἄλλο
498 367 596 401 θαῦμα
612 367 746 401 ἔγνωμεν
761 367 796 393 ἐν
816 367 857 400 τῷ
873 368 1021 402 ιγγδάμματι

226 422 294 446 σου,
314 413 356 440 ὅτι
379 413 398 447 ἡ
422 413 554 446 σύνοδος
576 413 633 447 τῆς
656 413 852 447 Χαλκηδόνος
873 414 908 441 ἐν
927 415 1021 448 πρόσ-

225 468 309 487 ωπον
328 460 375 486 καί
397 460 451 486 δύο
473 460 582 494 φύσεις
606 459 657 487 διὰ
679 460 768 487 τοῦτο
793 460 948 494 ἐλάλησεν
976 461 1021 494 είς

225 507 367 540 Χριστὸν,
389 506 435 532 ὅτι
453 506 492 538 τῷ
508 506 553 533 ἐόνὶ
574 507 659 541 Λόγῳ
677 506 729 534 τοῦ
749 507 824 534 Θεοῦ
839 507 1020 542 λογίζονται,

226 553 275 580 καὶ
285 552 488 587 ἀνατρέχουσι
497 553 532 579 τὰ
543 548 635 586 ador),
647 554 722 587 πρὶς
731 553 767 580 ὃν
777 555 946 589 ὀμοκάριος
961 555 1022 581 Κύ-

224 601 332 633 pellae
350 599 479 632 δεόντως
503 599 728 634 ἀπελογήσατο.
744 601 849 632 Ὄντως
867 602 902 628 τὰ
916 602 1022 637 ἄμικτα

200 657 203 660 ⁴
227 645 360 680 μιγνύων,
378 645 426 672 καὶ
445 647 479 672 τὰ
500 646 622 681 μηδόλω;
643 647 785 674 κοινωνίαν
807 648 880 675 κατά
902 649 1022 675 διάνοιαν

226 691 337 726 ἔχοντα,
362 692 550 727 ὁμοιοτρόπως
576 692 682 728 λογίζῃ,
710 694 757 720 καὶ
774 694 828 720 εἴτε
855 693 937 728 ἑκὼν,
967 695 1043 721 stra-

226 738 313 770 ἄκων,
335 738 401 769 Θεὸς
425 737 458 764 ἄν
482 738 566 773 εἰδείη
590 738 681 773 μόνος,
709 739 802 766 καὶτὸ
822 740 949 775 διάφορον
973 741 1023 775 τῆς

226 784 306 820 ἡμῶν
315 784 435 819 γραφῆς,
444 783 551 818 καὶτῆς
566 783 611 810 τοῦ
624 784 772 820 Νεστορίου
788 787 944 818 κακονοίας,
962 795 1025 813 συν-

226 830 293 864 ῆσαι
312 830 342 856 οὑ
365 829 465 864 βούλει.
488 828 608 860 Ἐκεῖνος
634 830 684 864 μὲν
709 830 764 865 γὰρ
781 831 879 858 ταυτὸν
901 831 1023 866 οἰόμενος

227 875 298 903 εἶναι
314 876 455 912 φύσινκαὶ
481 876 628 912 πρόσωπον
642 876 690 902 καὶ
703 876 866 910 ὑπόστασιν,
890 877 935 904 καὶ
949 878 975 904 τί
993 877 1022 904 τὸ

227 924 257 950 ὲν
274 924 375 958 ἀμφοῖν
388 923 516 958 διάφορον
532 921 647 955 ἀγνοῶν,
663 922 710 948 καὶ
724 923 814 949 πᾶσαν
829 923 911 956 φύσιν
926 923 1023 949 ἰδιοσὺ-
1040 928 1059 956 Β

229 978 326 996 στατον
339 969 525 1003 λογιζόμενος,
539 968 608 1003 πρὸς
620 968 669 1004 τὴν
685 969 745 994 καο¹
761 969 910 996 ὑπόστασιν
925 969 1023 996 ἕνωσιν

227 1017 424 1049 ἀπεδυσπέτει,
447 1015 485 1048 ὡς
506 1015 587 1050 δῆθεν
604 1015 658 1042 τῶν
679 1015 786 1049 φύσεων
802 1018 1024 1052 σνναιρουμένων

227 1065 258 1089 ὲν
270 1064 303 1098 τῇ
320 1062 416 1089 ἑνώσει
432 1062 478 1088 τοῦ
501 1061 559 1093 ἐνὸς
575 1060 734 1097 προσώπου.
751 1062 798 1094 Et;
820 1062 867 1088 τὸν
885 1062 955 1089 θεῖον
968 1071 1024 1090 τοι-

229 1109 333 1145 γαροῦν
350 1109 436 1142 Λόγον
448 1108 607 1142 ἐπισφαλῶς
625 1107 722 1140 οἴεται,
739 1108 806 1144 πρὸς
821 1109 850 1135 ὃν
863 1110 877 1135 ὁ
891 1109 921 1135 ὲν
937 1109 1025 1143 ἁγίοις

229 1157 364 1192 Κύριλλος
384 1157 416 1183 ὲκ
431 1155 478 1182 τοῦ
500 1155 726 1191 παραδείγματος
747 1155 796 1181 τοῦ
819 1156 890 1182 κατὰ
910 1155 955 1182 τὸν
977 1156 1025 1182 ἀν-

230 1203 339 1239 θρωπον
366 1202 540 1234 ὑπεδείκνυε,
563 1201 609 1228 δύο
627 1200 735 1235 φύσεων
750 1201 787 1228 ιὲν
807 1202 856 1237 μιᾷ
878 1202 1025 1229 ὑποστάσει

230 1248 437 1283 θεωρουμένων,
449 1244 506 1274 οἷόν
520 1247 545 1273 τί
561 1255 644 1282 φημι,
663 1246 790 1282 σώματος
801 1249 849 1273 καὶ
865 1247 1023 1282 ἀσωμάτου,

229 1295 254 1321 εἰ
271 1295 317 1321 καί
328 1303 354 1321 τι
365 1294 476 1329 λέγεται
492 1295 589 1321 παθεῖν
603 1294 616 1319 ὸ
632 1293 790 1329 ἄνθρωπος,
809 1291 865 1320 οἷον
884 1294 1020 1328 καίεσθαι,

229 1341 246 1375 ἢ
263 1340 422 1376 τέμνεσθαι,
441 1340 512 1367 κατὰ
530 1339 610 1375 σῶμα
629 1339 704 1366 τουτὶ
721 1339 851 1372 πέπονθε,
871 1340 921 1376 τῆς
936 1339 1027 1376 ψυχῆς

230 1388 367 1422 ἀμειώτου
381 1387 429 1413 καὶ
448 1385 583 1418 ἀϐλαϐοῦς
604 1386 820 1421 φυλαττομένης.
839 1386 891 1413 Τὸν
904 1387 985 1413 αὑτὸν
995 1387 1027 1422 δὴ

229 1434 331 1469 τρόπον
345 1433 393 1460 καὶ
409 1433 455 1459 ἐπὶ
471 1432 517 1459 τοῦ
533 1431 601 1459 Θεοῦ
616 1432 704 1467 Λόγου
718 1432 792 1459 ἐστιν
808 1433 882 1459 ἰδεῖν.
901 1432 955 1459 Τοῦ
972 1433 1027 1468 γὰρ

229 1478 298 1506 Θεοῦ
323 1479 411 1513 Λόγου
426 1478 591 1514 σωματικῶς
611 1479 773 1514 πάσχοντος,
795 1479 875 1510 αὑτὸς
900 1479 1026 1514 ἀπαθὴς,

229 1527 291 1553 ὅσον
305 1524 357 1563 ἦκε
373 1526 403 1553 τὺ
421 1527 466 1552 ἐπ’
484 1525 569 1560 αὑτῷ,
588 1526 655 1552 καθὸ
669 1525 735 1557 Θεὸς
751 1526 870 1561 ἄναρχος
885 1526 933 1552 καὶ
952 1525 1026 1553 ἀσώ-

232 1574 317 1608 ματος
333 1574 403 1605 ἐστι,
426 1572 586 1608 διετηρείτο.
612 1572 667 1599 Καὶ
692 1572 781 1604 οὑ.ως
806 1573 855 1608 μὲν
881 1573 1062 1628 Νεστόριος(Ἰ

229 1620 342 1655 νοήσας,
367 1619 479 1646 ἐναντία
496 1619 621 1654 γέγραφε
642 1619 711 1654 πρὸς
730 1619 876 1654 Κύριλλον.
901 1619 930 1646 Ὁ
949 1619 977 1646 δὲ
994 1619 1026 1656 δὴ
1042 1617 1062 1628 “¹

229 1667 278 1701 τῆς
300 1666 383 1700 ἁγίας
402 1666 538 1701 τετάρτης
564 1666 672 1693 συνόδου
695 1666 796 1698 σκοπὸς
812 1666 897 1702 ἑτέρῳ
912 1667 964 1693 τινὶ
979 1666 1027 1693 καὶ

229 1712 259 1739 οὐ
274 1712 336 1739 καθ’
349 1712 363 1739 ὃ
375 1711 523 1748 Νεστόριος
538 1712 553 1738 δ
568 1712 680 1748 ἐναγὴς,
696 1711 764 1739 ἀλλά
779 1711 827 1739 καὶ
849 1712 880 1739 τὺ
894 1712 1025 1748 διάφορον

228 1759 279 1793 τῆς
295 1758 419 1793 φύσεως,
437 1758 450 1785 δ
465 1758 522 1794 ἔχει
547 1759 617 1794 πρὸς
629 1759 679 1794 τὴν
701 1759 862 1791 ὑπόστασιν,
880 1758 1028 1791 συνοδικῶς

229 1807 277 1832 καὶ
291 1805 438 1841 Πατρικῶς
451 1805 591 1840 διακριθὲν
610 1805 704 1839 σαφῶς
719 1805 790 1841 ᾔδει,
806 1805 854 1832 καὶ
870 1805 962 1832 πᾶσαν
973 1804 1026 1840 φύ-

230 1860 273 1878 σιν
297 1851 482 1878 ίδιοσύστατον
497 1850 567 1878 εἶναι
591 1851 629 1887 μὴ
645 1850 821 1887 λογιζομένη,
838 1851 885 1878 καὶ
903 1852 953 1887 τὴν
964 1851 1025 1878 καθ’

230 1897 380 1923 ὑπόστασιν
394 1897 443 1923 καὶ
454 1896 570 1932 οὑσιώδη
581 1897 679 1924 ἕνωσιν
690 1897 739 1933 τὴν
752 1897 798 1923 ἐπὶ
810 1897 930 1932 Χριστοῦ
947 1899 1027 1934 ἀκρι-

230 1943 285 1975 ϐῶς
304 1944 490 1979 ἐπισταμένη,
517 1947 564 1970 καὶ
585 1944 626 1971 ὅτι
643 1946 657 1971 ὀ
673 1944 760 1976 ἀΐδιος
775 1944 862 1979 Λόγος
878 1945 909 1972 ὲν
924 1946 957 1980 τῇ
974 1945 1028 1980 ἰδίᾳ

231 1991 380 2018 ὑποστάσει
405 1991 545 2026 ὑπέστησε
573 1992 622 2026 τὴν
649 1992 787 2027 ἡμετέραν
805 1991 897 2026 φύσιν,
922 1993 969 2018 καὶ
986 1991 1026 2027 τῷ

229 2037 302 2072 λόγῳ
309 2038 357 2072 τῆς
369 2037 544 2070 οἰκειώσεως,
556 2039 606 2073 τῆς
622 2038 753 2073 φυσικῆς,
769 2038 852 2073 φημὶ,
869 2038 917 2064 καὶ
926 2037 1025 2064 οὑσιώ-

230 2084 301 2116 δους,
325 2086 374 2111 καὶ
387 2085 419 2112 οὐ
439 2085 488 2120 τῆς
505 2086 686 2121 προσωπικῆς
707 2085 836 2112 καὶκατὰ
850 2085 942 2120 σχέσιν
957 2085 1025 2111 θεω-

231 2131 380 2166 ρουμένης,
408 2130 508 2164 ἄπαγε,
532 2132 565 2166 ἢν
588 2131 637 2157 καὶ
659 2130 808 2166 Νεστόριας
833 2131 901 2166 πρὸς
918 2131 964 2157 τὸν
979 2131 1025 2158 ἄν·

231 2175 340 2210 θρωπον
353 2175 425 2210 ἔχειν
442 2176 488 2202 τὸν
504 2176 590 2209 Λόγον
603 2177 763 2211 ἐκήρυττεν,
779 2176 848 2203 ἀλλά
863 2176 975 2212 μᾶλλον,
987 2176 1025 2209 ὡς

230 2221 346 2256 ἔφαμεν,
369 2223 419 2257 τὴν
441 2223 560 2258 φυσικὴν
574 2223 622 2249 καὶ
644 2222 773 2257 οὑσιώδη,
796 2223 857 2259 ἥτις
871 2223 949 2258 ὲντῇ
963 2223 1025 2250 καθ’

231 2269 380 2295 ὑπόστασιν
406 2268 502 2296 ὲνώσει
533 2269 692 2305 θεωρεῖται,
720 2270 812 2302 καλῶς
839 2270 1022 2304 γινώσκουσα,
1041 2281 1062 2309 D

230 2315 278 2341 καὶ
300 2315 340 2341 ὅτι
365 2315 411 2341 τὸν
435 2314 522 2342 ἀΐδιον
540 2315 604 2342 Υίὸν
631 2315 782 2348 δοξάζουσα
807 2316 950 2352 ἄνθρωπον
975 2324 1022 2350 γε·

229 2361 380 2396 τενῆσθαι,
397 2361 476 2388 τοῦτο
495 2362 599 2396 ἔλεγεν,
628 2363 698 2398 ὅπερ
720 2362 881 2394 ’Δοανάσιος
900 2363 948 2389 καὶ
966 2363 1023 2389 liti-

230 2407 318 2442 ριλλο;
337 2409 362 2435 ot
390 2409 439 2444 τῆς
470 2409 674 2445 Ἀλεξανδρείας
705 2410 851 2446 εἰρήκασιν
879 2410 1022 2445 ἱεράρχαι,

228 2454 277 2480 καὶ
290 2454 391 2486 πάντες
407 2456 432 2481 ot
451 2455 582 2489 Πατέρες.
606 2455 647 2481 ὅτι
662 2455 759 2485 κτίσας
772 2456 805 2482 ἐκ
817 2457 868 2488 τῆς
885 2456 1023 2490 πανάγνου

229 2499 370 2535 Παρθένου
390 2501 501 2536 Μαρίας
525 2501 615 2536 ἑαυτῷ
631 2501 721 2537 σάρκα
746 2500 927 2537 ἐψυχωμένην
949 2501 1022 2537 ψυχῇ

227 2544 324 2580 λογικῇ
349 2546 396 2573 καὶ
415 2546 508 2582 νοερᾷ,
529 2546 578 2582 τὴν
601 2546 778 2581 ἀνθρωπίνην
801 2548 892 2582 σάρκα
913 2548 959 2574 καὶ
975 2549 1024 2582 τὴν

227 2592 403 2626 ἀνθρωπίνην
433 2593 523 2628 ψυχὴν
556 2593 625 2620 ἰδίαν
651 2594 700 2628 τῆς
734 2593 817 2620 αὑτοὺ
848 2594 1024 2625 ὑποστάσεως

229 2639 386 2673 ἐποιήσατο.
412 2639 468 2665 Καὶ
485 2639 514 2665 ὃν
530 2639 631 2674 τρόπον
646 2639 659 2665 ὁ
673 2639 788 2674 Πέτρος,
814 2639 830 2674 ἢ
855 2639 935 2671 ἄλλος
965 2649 1024 2672 πως

231 2684 310 2720 σῶμα
326 2685 496 2720 ἀνθρώπινον
519 2685 589 2720 ἔχων
610 2686 656 2712 καὶ
676 2685 767 2720 ψυχὴν
781 2686 959 2722 ’ἀνθρωπίνην
979 2687 1024 2713 ἆν-

227 2731 337 2767 θρωπός
348 2732 417 2764 ὲστι,
427 2732 473 2758 τὸν
486 2732 567 2759 αὑτὸν
579 2733 612 2768 δὴ
621 2733 723 2768 τρόπον
733 2733 747 2759 ό
758 2733 843 2764 ἀΐδιος
854 2733 918 2765 Υἱὸς
929 2733 1024 2766 κτίσας

226 2778 260 2812 τῇ
278 2777 377 2804 ἑαυτοῦ
399 2778 548 2805 ὑποστάσει
574 2779 655 2814 σῶμα
677 2779 848 2814 ἀνθρώπινον
871 2779 919 2806 καὶ
934 2779 1024 2815 ψυχὴν

227 2823 415 2859 ἀνθρωπίνην,
441 2825 490 2851 καὶ
515 2824 569 2851 ἴδια
597 2826 682 2861 ἄμφω
707 2825 791 2852 αὑτοῦ
821 2826 1022 2861 ποιησάμενος,

228 2870 341 2905 γέγονεν
357 2870 465 2906 ἀληθῶς
479 2871 634 2907 ἄνθρωπος.
652 2872 757 2908 Ὥσπερ
768 2873 799 2899 δὲ
815 2872 845 2899 τὸ
856 2873 903 2899 τοῦ
920 2873 1023 2909 Πέτρου

229 2916 310 2952 σῶμα
323 2917 371 2945 καὶ
388 2917 490 2954 ἡψυχὴ
506 2918 650 2954 ἀμφότερα
665 2918 715 2954 τῆς
732 2918 830 2946 ἑαυτοῦ
846 2919 1024 2951 ὑποστάσεως

1072 281 1167 304 nostra
1183 276 1323 310 deridens,
1351 277 1461 312 scriptis
1477 277 1655 311 contradieis,
1670 285 1723 305 nec
1739 277 1799 304 sine
1817 279 1867 305 ad<

1073 323 1219 351 miratione
1234 323 1308 351 hunc
1323 323 1351 350 in
1371 323 1481 351 modum
1507 323 1627 358 loqueris
1645 333 1651 351 :
1669 323 1750 351 Aliud
1765 332 1867 360 quoque

1073 370 1252 397 admiratione
1272 378 1324 397 non
1349 370 1489 404 indignum
1508 371 1535 396 in
1551 375 1597 397 tua
1617 370 1728 405 cpistola
1744 370 1866 405 legimus,

1073 415 1202 449 synodum
1225 415 1464 442 Cltalcedoncmem
1495 415 1553 442 ideo
1581 423 1661 442 unam
1685 423 1824 450 personam
1842 422 1866 442 ει

1073 462 1141 489 duas
1158 466 1267 489 naturas
1284 463 1416 489 censuisse
1443 462 1471 489 in
1494 462 1692 497 Christo,quod
1716 461 1762 489 utit'
1784 461 1867 490 Verbo

1073 508 1162 535 divino
1179 507 1494 543 ascribantnrpassiones
1505 529 1512 542 ,
1528 515 1553 535 et
1571 508 1606 535 ad
1626 516 1684 535 eum
1706 508 1866 543 referuntur,

1074 555 1117 581 cui
1139 554 1232 581 beatus
1256 553 1387 589 Cyri/lus,
1403 556 1442 581 uti
1468 563 1518 589 par
1540 559 1608 588 erat,
1633 554 1779 589 respondit.
1798 553 1868 581 Vere

1075 608 1135 635 quze
1157 600 1267 628 misceri
1288 609 1344 628 non
1373 605 1489 635 possunt
1515 601 1685 634 immiscens,
1708 608 1768 635 qua:
1795 601 1868 628 nulla

1075 647 1280 678 communione,
1294 647 1376 674 etiam
1392 655 1439 683 per
1455 647 1635 679 intellectum,
1650 648 1867 683 cunjunguntnr,

1075 692 1171 719 eadem
1203 692 1310 719 ratione
1338 693 1494 727 perpendis,
1513 690 1540 720 ἐι
1562 693 1620 720 sive
1636 693 1662 720 id
1689 692 1789 725 libens,
1811 694 1869 721 sire

1078 738 1180 765 inritus
1195 746 1270 773 agas,
1289 738 1359 766 Deus
1382 739 1571 766 tantummodo
1589 740 1706 772 noverit,
1728 744 1755 766 et
1767 745 1869 768 nostra:

1076 784 1245 819 scriptionis,
1262 789 1289 811 (ιι
1312 784 1482 811 Nestorianze
1507 784 1624 812 vesania:
1647 784 1795 813 discrimen
1824 794 1869 813 co-

1077 837 1210 865 gnoscere
1228 831 1330 858 renuis.
1351 830 1397 858 Ille
1415 831 1489 857 enim
1505 831 1576 858 idem
1590 839 1651 859 esse
1665 840 1811 867 personant
1842 837 1871 860 et

1078 875 1247 910 hyposlasim
1264 876 1435 908 existimans,
1456 876 1577 911 quidque
1592 877 1664 904 inter
1683 882 1800 913 utraque
1826 878 1870 905 in-

1078 926 1188 954 tererat,
1208 922 1348 956 ignorans,
1366 926 1393 949 et
1409 930 1517 949 omnem
1539 927 1665 950 naturam
1681 932 1729 958 per
1741 932 1771 951 se
1784 925 1871 952 subsi-

1076 974 1191 997 stentem
1209 974 1348 1003 reputans,
1366 967 1516 996 secundum
1541 969 1711 1006 hypOstaslm
1739 971 1869 999 unionem

1075 1024 1146 1050 aegre
1168 1015 1283 1049 ferebat,
1299 1015 1377 1050 quasi
1395 1016 1455 1043 duae
1471 1019 1576 1044 natura:
1598 1017 1828 1044 contraherentur
1842 1018 1869 1045 in

1077 1063 1176 1089 unione
1197 1061 1278 1089 unius
1294 1069 1428 1096 persnnm.
1444 1061 1503 1096 Ipse
1520 1062 1612 1096 itaque
1627 1063 1653 1089 in
1672 1062 1791 1090 Verbum
1802 1063 1871 1090 divi-

1076 1116 1141 1135 num
1158 1107 1318 1143 gravissime
1332 1113 1439 1143 peccat,
1463 1109 1506 1136 cui
1523 1108 1603 1136 dirus
1611 1108 1871 1144 Cyrillusabcxcm-

1076 1155 1122 1189 plo
1136 1155 1257 1182 hominis
1278 1155 1522 1188 commonstrahat,
1540 1155 1609 1183 duas
1630 1161 1743 1184 naturas
1762 1156 1789 1183 in
1818 1165 1871 1184 una

1077 1200 1217 1236 hypostasi
1234 1201 1415 1233 considerari,
1434 1207 1463 1228 ut
1478 1202 1602 1236 corporei
1618 1205 1645 1228 et
1658 1202 1825 1236 incorporei,
1845 1206 1873 1229 et

1078 1247 1100 1275 si
1118 1247 1183 1283 quid
1205 1248 1304 1284 dicitur
1329 1247 1414 1275 homo
1431 1248 1496 1283 pati,
1517 1252 1546 1276 ut
1563 1249 1586 1276 si
1601 1253 1706 1282 uratur,
1728 1249 1750 1276 si
1763 1249 1874 1276 abscin-

1078 1291 1168 1325 datur,
1182 1292 1332 1320 secundum
1345 1299 1446 1328 corpus
1462 1293 1527 1320 illud
1548 1293 1663 1328 perpeti,
1684 1294 1776 1321 anima
1803 1294 1873 1321 inle-

1078 1345 1126 1372 gra
1157 1338 1295 1372 illaasaque
1321 1343 1492 1368 remanente.
1523 1339 1624 1367 Eadem
1655 1340 1761 1367 ratione
1788 1344 1816 1368 et
1840 1341 1873 1368 de

1079 1385 1148 1413 Filio
1162 1386 1209 1413 Dei
1222 1386 1470 1422 philosophandum
1491 1392 1550 1421 est;
1566 1395 1684 1422 namque
1697 1387 1790 1415 divino
1807 1387 1872 1415 Ver-

1079 1431 1114 1458 bo
1124 1432 1305 1466 corporaliter
1324 1433 1453 1467 patiente,
1470 1433 1528 1468 ipse
1542 1433 1711 1466 impatihilis,
1737 1441 1871 1469 quantum

1080 1477 1106 1504 in
1120 1485 1153 1505 eo
1168 1482 1220 1512 est,
1245 1486 1298 1513 qua
1313 1478 1385 1506 Deus
1402 1485 1445 1506 est
1464 1479 1568 1514 absque
1586 1480 1723 1515 principio
1750 1485 1778 1508 et
1803 1482 1872 1508 citra

1079 1531 1189 1559 corpus,
1206 1525 1435 1553 conservabatur.
1461 1526 1496 1553 Et
1514 1526 1552 1554 ita
1577 1527 1721 1555 Nestorius
1751 1528 1873 1556 sentiens

1079 1572 1216 1598 contraria
1235 1571 1344 1606 scripsit
1360 1571 1472 1607 Cyrillo.
1491 1572 1526 1600 At
1550 1579 1646 1601 sancta
1662 1579 1759 1609 quarta
1788 1582 1871 1610 syno-

1079 1615 1131 1643 dus
1149 1617 1203 1644 alio
1221 1617 1372 1653 proposito,
1391 1624 1420 1646 et
1444 1626 1498 1646 non
1518 1625 1547 1647 ut
1562 1622 1748 1648 exsecrandus
1775 1620 1873 1649 Nesto-

1078 1663 1136 1689 rius
1149 1657 1335 1692 diversitatem
1355 1668 1469 1698 natura},
1486 1673 1568 1700 quam
1584 1666 1665 1693 habet
1684 1667 1718 1694 ad
1743 1668 1872 1703 hyposta-

1078 1708 1142 1739 sim,
1167 1709 1265 1744 synodi
1283 1708 1452 1745 Petrumque
1466 1712 1611 1739 sententiis
1628 1712 1736 1745 edocta,
1760 1717 1787 1740 et
1813 1721 1873 1741 om-

1078 1761 1140 1781 nem
1156 1759 1280 1782 naturam
1290 1762 1375 1790 perse
1388 1756 1503 1784 minime
1513 1756 1664 1785 subsistere
1677 1765 1758 1793 posse
1770 1758 1872 1790 sciens,

1077 1804 1191 1836 cateque
1207 1805 1304 1829 tenens
1321 1803 1473 1830 secundum
1496 1803 1679 1838 hypostasim,
1694 1809 1722 1832 et
1744 1805 1875 1833 essentia-

1077 1847 1130 1875 lem
1148 1848 1278 1876 unionem
1290 1849 1317 1876 in
1327 1849 1450 1881 Christo,
1460 1854 1487 1877 et
1498 1851 1697 1885 sempiternum
1711 1850 1831 1879 Verbum
1845 1852 1874 1879 in

1077 1896 1187 1930 propria
1205 1896 1345 1931 hypostasi
1362 1897 1529 1925 sustinuisse
1542 1903 1664 1926 nostram
1682 1903 1822 1932 naturam,
1845 1905 1873 1927 et

1077 1941 1211 1969 rationem
1230 1943 1473 1977 appropriationis,
1504 1944 1638 1972 naturalis
1660 1949 1687 1972 et
1706 1946 1870 1980 essentialis,

1077 1995 1131 2015 non
1143 1989 1304 2023 personalis,
1314 1995 1341 2016 et
1351 1997 1412 2023 quae
1423 1990 1575 2018 secundum
1596 1990 1755 2019 relationem
1780 1993 1873 2020 consi-

1077 2034 1200 2066 deratur,
1210 2041 1306 2070 apage,
1314 2043 1395 2070 quam
1403 2035 1544 2064 Nestorius
1552 2044 1616 2072 erga
1626 2036 1763 2064 hominem
1774 2037 1874 2065 habere

1077 2079 1196 2107 Verbum
1206 2081 1373 2116 divulgabat.
1384 2082 1430 2109 sed
1440 2082 1716 2116 potius,utdiximus,
1727 2083 1872 2115 naturalis,

1076 2126 1275 2158 ctessentialis,
1288 2135 1350 2162 qua),
1362 2128 1389 2154 in
1406 2128 1509 2155 unione
1526 2127 1679 2155 secundum
1700 2128 1873 2163 hypostasim

1076 2173 1254 2208 conspicitur,
1269 2174 1353 2208 probe
1369 2174 1491 2202 sentiens
1508 2178 1536 2201 et
1560 2174 1758 2210 sempiternum
1771 2174 1871 2202 Filium

1078 2219 1216 2247 hominem
1235 2220 1336 2247 factum
1352 2221 1443 2248 sciens
1457 2221 1606 2254 asserebat,
1621 2221 1694 2256 quod
1704 2221 1872 2249 Athanasius

1077 2270 1104 2293 et
1118 2265 1237 2301 Cyrillus
1251 2265 1427 2293 Alexandrini
1444 2266 1591 2300 antistites,
1601 2270 1626 2293 et
1641 2265 1736 2294 Patres
1751 2265 1872 2293 universi

1079 2311 1265 2343 aﬂirmarunt,
1285 2316 1378 2339 creata
1401 2319 1433 2339 ex
1455 2312 1628 2340 immaealata
1650 2312 1760 2348 Virgine
1787 2311 1872 2340 Maria

1078 2357 1129 2385 sibi
1148 2357 1198 2392 ipsi
1219 2365 1316 2390 carne,
1343 2359 1462 2385 animata
1488 2359 1580 2386 anima
1603 2359 1716 2387 rationis
1745 2364 1873 2394 compote

1077 2409 1105 2432 ct
1128 2404 1316 2438 intellectuali,
1347 2406 1494 2432 humanam
1519 2413 1630 2433 carnem
1666 2410 1693 2434 et
1723 2405 1871 2433 humanam

1078 2451 1198 2479 animam
1227 2451 1364 2487 propriam
1402 2460 1460 2479 sua:
1490 2452 1646 2487 hypostasis
1675 2452 1807 2480 eﬂ’ecisse.
1840 2451 1874 2479 Ει

1077 2498 1310 2532 quemadmodum
1336 2497 1452 2530 Petrus,
1469 2498 1510 2525 vel
1531 2498 1601 2525 alius
1619 2498 1757 2533 quispiam
1775 2498 1873 2525 huma-

1079 2551 1144 2570 num
1161 2551 1260 2577 corpus
1280 2547 1307 2571 et
1323 2544 1471 2570 humanam
1488 2544 1607 2571 animam
1619 2545 1775 2578 p055idens,
1791 2544 1873 2571 homo

1079 2594 1130 2621 est,
1150 2589 1186 2616 ita
1203 2593 1230 2616 et
1249 2589 1433 2624 sempiternus
1446 2589 1533 2617 Filius
1546 2597 1644 2617 ereans
1662 2598 1718 2618 suae
1732 2588 1873 2625 hypostasi

1079 2644 1181 2671 corpus
1202 2635 1354 2662 humanum
1383 2639 1410 2663 et
1429 2636 1550 2662 animum
1570 2636 1730 2668 humanam,
1748 2640 1775 2662 et
1791 2635 1873 2662 ambo

1080 2682 1189 2718 propria
1212 2681 1264 2709 sibi
1289 2680 1402 2714 faciens,
1426 2689 1489 2709 vere
1518 2681 1601 2709 homo
1622 2681 1710 2709 factus
1731 2685 1782 2708 est.
1802 2681 1872 2707 Cum

1079 2736 1144 2756 vero
1158 2728 1230 2756 Petri
1251 2736 1351 2763 corpus
1366 2733 1393 2756 et
1407 2719 1605 2761 anima,'amho
1620 2728 1694 2759 illius
1707 2727 1872 2762 hypostasis,

1080 2784 1133 2804 non
1152 2776 1267 2804 alterius
1284 2776 1439 2812 hypostasis
1460 2776 1570 2812 propria
1586 2779 1660 2803 sunt.
1677 2778 1873 2810 proptereaque

1079 2831 1111 2851 ea
1124 2824 1251 2851 obtinens
1272 2823 1386 2851 omnino
1401 2824 1549 2850 humanam
1565 2822 1647 2849 habet
1660 2826 1798 2855 naturam,
1812 2830 1873 2858 quae

1080 2879 1134 2898 non
1153 2871 1241 2906 ipsius
1258 2871 1344 2899 solius
1356 2871 1544 2906 hypostaseos,
1561 2869 1608 2897 sed
1626 2869 1773 2904 cujuslibet.
1784 2870 1874 2897 homi-

1080 2925 1145 2946 num
1163 2918 1320 2954 hypostasis
1334 2917 1456 2952 exsistit,
1470 2916 1533 2945 ideo
1551 2915 1748 2953 sempiternum
1771 2915 1873 2946 Filium
