2092 3156
235 165 290 197 655

235 220 357 256 synodus
369 217 462 249 tradit,
476 223 562 245 unum
575 215 727 248 Trinitatis,
737 221 791 242 una
807 213 947 249 hypostasi
962 213 1032 241 duas
1047 216 1069 245 Α

234 267 336 294 habere
351 269 473 295 naturas,
491 271 544 290 non
559 262 685 292 privatim
703 265 819 295 utraque
830 267 879 287 sua
890 258 1030 295 hypostasi

233 322 254 339 St
265 310 430 347 parata,~scd
443 309 533 337 divina
551 308 660 344 quidem
675 312 771 334 natura
791 307 854 341 ipsi,
869 311 895 334 et
907 305 992 338 l’alri,
1003 311 1031 333 et

234 358 348 392 Spiritui
374 359 469 383 sancto
494 353 645 386 communi,
670 353 788 379 humana
814 356 909 379 natura
930 351 981 386 ipsi
1003 355 1030 378 et

233 403 431 439 singularibus.
450 403 485 428 At
501 400 656 436 hypostasis
680 399 767 434 ipsius
783 398 957 434 potissimum
979 398 1030 433 ipsi

233 452 282 478 soli
313 457 367 484 pra:
391 448 472 475 Patre
500 452 526 474 et
551 447 653 481 Spiritu
673 450 768 473 sancto
792 445 901 472 decreta
928 449 980 476 est,
1004 448 1031 471 et

233 504 334 531 corpus
349 495 450 529 ipsius,
465 499 492 520 et
507 493 598 520 anima
618 492 728 528 proprie
744 497 860 526 utraque
877 490 963 526 ipsius
978 489 1030 525 hy-

233 543 334 578 postasi
344 549 400 576 prie
413 540 526 575 reliquis
541 539 710 566 hominibus.
725 537 842 572 Ideoque
859 543 1030 572 qutccunque

233 589 317 616 subiit
345 593 371 615 ct
393 595 520 622 perpessa
541 591 582 613 est
601 585 758 620 sempiterni
777 584 821 611 Dei
839 591 913 616 caro,
933 587 960 610 et
979 583 1029 610 hu-

233 643 312 662 tuaua
329 635 416 669 ipsius
431 634 534 664 anima,
551 633 608 666 ipse
624 631 810 666 sempiternus
828 630 913 657 Filius
928 629 1029 657 subiis-

233 690 261 709 se
284 686 309 708 ct
333 688 478 716 perpessus
499 679 583 706 fuisse
600 679 700 706 dicitur
713 697 719 709 ,
742 677 847 712 ipsique
866 685 929 704 vere
943 676 1031 704 conti‘

232 731 340 762 gerunt,
360 726 467 761 ipsique
485 725 670 756 vindicantur,
700 723 930 758 quemadmodum
954 730 1029 757 quaa-

232 781 339 807 eunquc
355 772 457 806 patitur
475 771 545 798 Petri
560 778 623 798 caro
638 773 665 798 et.
676 770 778 803 auiam,
795 769 876 796 Petro
891 768 1027 800 accidunt,

231 820 339 855 ipsique
362 826 426 845 vere
456 817 640 844 ascribuutur.
665 816 865 851 Proptereaque
885 814 1027 842 veritatem

230 866 391 893 coulitentcs
419 864 552 895 dicimus,
579 863 667 897 ipsum
701 861 896 897 sempiternum
928 860 1027 887 Filium

231 911 373 942 csuriisse,
389 910 501 941 sitiissc,
517 910 655 936 turbatqu
668 911 695 935 et
707 907 871 935 delassatum
885 905 979 939 fuisse,
994 905 1030 932 fa-
1046 894 1066 924 Β

231 958 300 985 ciem
314 957 399 991 ipsius
411 956 496 991 alapis
509 963 606 983 ctesam
618 975 625 987 ,
637 959 663 982 et
688 953 844 989 sempiterni
857 953 918 980 Filii
932 959 1030 980 manus

231 1003 348 1038 acpedcs
356 1002 440 1029 clavis
448 1001 551 1033 aliixas,
562 1001 688 1028 eumdctn
701 1005 863 1035 consputum
881 1003 906 1026 ct
916 998 1031 1033 ﬂagella-

231 1049 327 1076 tumin
342 1055 422 1075 cruce
434 1046 605 1082 pependisse,
613 1051 640 1073 et
649 1050 797 1078 mortuum,
807 1049 834 1072 et
845 1045 992 1080 sepultum,
1003 1048 1030 1071 et

230 1095 274 1123 die
290 1095 369 1122 tertia
382 1094 577 1122 resurrexisse.
590 1093 653 1121 11ωο
665 1094 758 1121 omnia
774 1093 942 1128 sempiterno
959 1092 1029 1120 Filio

230 1142 415 1177 contigerunt.
447 1140 499 1168 Sed
528 1140 579 1169 ista
605 1148 751 1176 perpessus
783 1144 825 1167 est
854 1139 937 1166 modo
973 1147 1028 1174 quo

230 1188 284 1223 pati
304 1192 421 1223 poterat,
447 1187 500 1214 hoc
525 1190 567 1214 est
591 1193 641 1214 sua
660 1186 748 1221 ipsius
768 1186 888 1213 humana
904 1193 987 1212 carne
1002 1190 1028 1212 et

229 1234 333 1266 anitna,
359 1241 413 1261 non
431 1241 480 1261 sua
503 1233 590 1268 ipsius
606 1233 698 1260 divina
713 1237 821 1259 natura.
843 1232 922 1259 Modo
936 1233 1028 1267 itaque

229 1280 363 1307 naturalis
387 1284 413 1306 ct
436 1278 593 1307 essentialis
618 1278 851 1313 appropriationis
867 1278 912 1305 uni
939 1277 1027 1305 Verbo

229 1327 288 1354 luce
311 1327 403 1353 omnia
429 1326 601 1357 acciderunt,
621 1333 676 1352 non
701 1329 732 1352 ut
749 1329 808 1352 erat
831 1323 973 1357 Verbum,
997 1329 1027 1351 ut

229 1373 361 1400 diximus.
379 1371 552 1407 Quapropter
575 1376 672 1399 sancta
694 1375 793 1406 quarta
806 1371 928 1406 synodus
944 1377 1025 1396 unam

229 1419 400 1455 hypostasim
421 1424 448 1446 et
462 1419 530 1446 duas
557 1422 673 1445 naturas
689 1418 715 1444 in
733 1417 843 1444 Christo
856 1417 960 1445 statuit.
974 1416 1026 1444 Ve-

230 1473 290 1491 rutu
310 1463 453 1491 Nestorius
466 1463 518 1490 alia
539 1463 646 1490 ratione
662 1461 742 1490 Verbi
764 1462 908 1497 passiones
924 1461 1025 1489 intelli-

229 1519 313 1546 gens,
332 1516 362 1539 ut
379 1518 461 1546 supra
477 1510 675 1545 explicavimus
688 1529 695 1541 ,
713 1509 796 1543 probe
809 1516 824 1535 a
839 1508 941 1543 Cyrillo
960 1508 1024 1535 Alc-

229 1559 365 1586 xaudriuo
382 1557 519 1584 refutatus
535 1560 586 1584 est.
601 1556 634 1583 Et
656 1556 707 1582 hoc
721 1562 832 1590 quoque
863 1555 945 1582 inane
966 1553 1025 1581 uul-
1039 1575 1061 1604 ο

230 1605 337 1639 liusquc
347 1604 466 1637 roboris,
478 1603 551 1638 quod
561 1603 619 1638 ipse
629 1606 759 1637 tanquam
769 1600 886 1636 alicujus
895 1601 1025 1628 momenti

229 1651 374 1685 alterebas,
388 1650 606 1678 demonstratum
620 1653 674 1677 est.

873 156 1021 189 NICET/E
1038 157 1243 189 ΒΥΖΛΝΤΙΝΙ

1824 161 1878 196 656

1085 213 1150 246 ἴδια,
1159 215 1209 241 οὑκ
1220 214 1304 250 ἄλλης
1313 214 1367 241 τῶν
1379 214 1531 250 ἀνθρώπων
1543 214 1728 248 ὑποστάσεως
1742 216 1828 254 ταύτῃ
1837 227 1879 246 τοι

1086 261 1211 296 ἐσχηκὼς
1227 260 1324 294 ταῦτα,
1340 261 1450 293 πάντως
1461 262 1511 296 τὴν
1523 262 1697 298 ἀνθρωπίνην
1711 263 1769 298 ἔχει
1786 265 1878 298 φύσιν,

1084 307 1145 342 ἥτις
1157 307 1218 342 οὐχὶ
1241 307 1292 342 τῆς
1316 308 1492 340 ὑποστάσεως
1512 309 1594 336 αὑτοῦ
1623 309 1723 345 μόνης,
1747 310 1815 337 ἀλλὰ
1831 311 1879 338 καὶ

1084 353 1203 388 ἑκάστης
1215 353 1332 388 ὑπάρχει
1343 353 1397 380 τῶν
1410 353 1562 389 ἀνθρώπων
1578 355 1764 389 ὑποστάσεως,
1782 356 1879 384 τούτου

1083 400 1163 434 χάριν
1178 400 1223 426 τὸν
1237 400 1322 426 ἀΐδιον
1334 400 1398 427 my
1412 401 1427 435 ὴ
1449 401 1558 432 σύνοδος
1573 401 1658 435 λέγει,
1677 403 1723 429 ἐνα
1736 403 1785 438 τῆς
1795 404 1880 439 Τριά-

1082 446 1126 478 δος
1151 447 1216 473 ὅντα
1239 447 1290 482 μιᾷ
1306 447 1456 474 ὑποστάσει
1473 447 1520 474 δύο
1545 447 1642 481 φύσεις
1663 448 1746 483 ἔχειν,
1763 450 1814 476 οὐκ
1831 451 1879 476 ιδι-

1083 492 1138 524 κῶς
1171 493 1305 528 ἑκατέρας
1326 494 1360 528 τῇ
1383 491 1466 519 αὑτοῦ
1498 493 1647 520 ὑποστάσει
1676 495 1876 530 διαφερούσης,

1081 538 1149 565 ἀλλὰ
1162 538 1213 573 τῆς
1232 539 1281 573 μὲν
1305 539 1382 571 θείας
1402 538 1520 573 φύσεως,
1536 539 1610 574 αὑτῷ
1626 548 1655 566 τε
1673 541 1721 567 καὶ
1738 541 1777 576 τῷ
1791 542 1879 577 Πατρὶ

1082 585 1128 611 καὶ
1138 579 1177 620 τῷ
1187 584 1326 620 Πνεύματι
1337 585 1375 620 τῷ
1387 585 1631 621 ἁγίῳιὺπεχούσης,
1642 586 1692 622 τῆς
1705 587 1879 623 ἀνθρωπίνης

1083 631 1207 665 φύσεως,
1229 631 1304 666 αὐτῷ
1329 640 1357 658 τε
1386 631 1432 658 καὶ
1451 632 1506 663 τοῖς
1525 632 1596 659 κατὰ
1615 632 1710 668 μέρος.
1736 632 1768 659 'll
1786 634 1878 667 μέντοι

1082 677 1232 709 ὑπόστασις
1252 677 1336 704 αὑτοῦ
1353 677 1538 713 διαφερόντως
1555 678 1630 714 αὑτῷ
1649 679 1723 714 μόνῳ
1740 680 1815 715 παρὰ
1831 679 1878 706 τὶν

1082 722 1191 758 Πατέρα
1208 723 1256 749 καὶ
1274 723 1304 749 τδ
1325 722 1438 757 Πνεῦμα
1454 723 1484 750 τὸ
1506 723 1583 756 ἅγιον
1603 723 1769 759 ἀφώρισται,
1786 725 1832 751 καὶ
1847 724 1878 751 τὸ

1082 768 1160 804 σῶμα
1175 768 1257 795 αὑτοῦ
1277 769 1324 796 καὶ
1340 770 1356 805 ὴ
1380 769 1466 805 ψυχὴ,
1491 770 1564 801 ἰδίως
1580 770 1725 806 ἀμφότερα
1743 770 1792 806 τῆς
1812 771 1878 798 ὑπο-

1081 815 1203 846 στάσεως
1225 815 1309 842 αὑτοῦ
1331 816 1407 849 παρὰ
1428 816 1532 847 πάντας
1554 816 1617 848 τοὺς
1641 816 1812 852 ἀνθρώπους.
1829 818 1877 844 Διὸ

1080 861 1127 888 καὶ
1139 862 1188 887 ὅσα
1201 861 1306 896 ὑπέστη
1320 861 1366 888 καὶ
1377 862 1511 888 πέπονθεν
1523 863 1539 897 ἡ
1553 862 1601 889 τοῦ
1613 863 1698 890 ἀϊδίου
1713 863 1781 890 Θεοῦ
1796 863 1875 898 σὰρξ,

1081 908 1128 934 καὶ
1144 908 1160 942 ἠ
1179 907 1337 944 ἀνθρωπίνη
1358 908 1441 935 αὑτοῦ
1464 908 1550 944 ψυχὴ,
1572 908 1653 940 αὐτὸς
1672 910 1686 936 ὁ
1702 909 1787 941 ἀΐδιος
1812 910 1876 942 Υἱὸς

1082 954 1231 988 ὑφεστᾶναι
1250 955 1296 981 καὶ
1312 955 1476 982 πεπονθέναι
1493 955 1618 989 λέγεται,
1636 956 1684 982 καὶ
1709 956 1784 992 αὐτῷ
1805 965 1875 991 συμ-

1081 1000 1182 1036 ϐέϐηκε
1207 1000 1277 1027 κατὰ
1297 1000 1438 1036 ἀλήθειαν,
1462 1002 1508 1028 καὶ
1530 1001 1605 1037 αὑτῷ
1626 1002 1826 1038 ἐπιγράφεται,
1846 1002 1876 1029 ὃν

1080 1048 1181 1083 τρόπον
1196 1048 1246 1075 ὅσα
1265 1048 1363 1083 πάσχει
1381 1049 1396 1083 ἡ
1417 1047 1465 1074 τοῦ
1481 1048 1586 1083 Πέτρου
1608 1049 1676 1084 σὰρξ
1692 1049 1740 1075 καὶ
1758 1049 1873 1085 ἡψυχὴ,

1079 1093 1119 1128 τῷ
1137 1093 1233 1128 Πέτρῳ
1251 1093 1407 1128 συμϐαίνει,
1428 1093 1475 1120 καὶ
1488 1093 1564 1129 αὑτῷ
1578 1095 1649 1121 κατὰ
1670 1094 1801 1130 ἀλήθειαν
1816 1097 1875 1122 ἐπι-

1079 1140 1226 1175 γράφεται.
1241 1139 1291 1166 Διὰ
1299 1139 1378 1166 τοῦτο
1386 1139 1435 1175 τὴν
1446 1140 1576 1176 ἀληθινὴν
1588 1140 1784 1176 ὁμολογοῦντες
1797 1141 1874 1174 λέγο-

1081 1195 1141 1222 μεν,
1157 1187 1198 1214 ὅτι
1219 1187 1300 1219 αὐτὸς
1314 1188 1328 1214 ὃ
1341 1187 1426 1218 ἀΐδιος
1441 1187 1505 1219 Υίδς
1517 1187 1662 1220 ἐπείνασε,
1678 1187 1726 1214 καὶ
1741 1187 1853 1223 ἐδίψησε
1864 1208 1872 1221 ,

1079 1234 1127 1261 καὶ
1139 1235 1289 1268 ὴγωνίασε.
1308 1234 1355 1261 καὶ
1367 1235 1509 1267 ἐκοπίασε,
1523 1236 1573 1261 καὶ
1589 1234 1620 1261 τὸ
1630 1236 1776 1270 πρόσωπον
1790 1235 1873 1262 αὑτοῦ

1078 1280 1244 1315 ὲρραπὶσθη,
1260 1280 1309 1307 καὶ
1323 1280 1488 1315 ἐνεπτύσθη,
1498 1281 1546 1307 καὶ
1557 1280 1746 1316 ἐμαστιγώθη,
1759 1281 1808 1308 καὶ
1823 1281 1872 1308 τοῦ

1077 1325 1163 1352 ἀϊδίου
1176 1325 1241 1351 Υἱοῢ
1254 1325 1453 1361 καθηλώθησαν
1466 1326 1494 1352 αἱ
1509 1327 1601 1361 χεῖρες
1615 1327 1661 1353 καὶ
1673 1327 1698 1352 οἱ
1713 1326 1804 1359 πόδες,
1823 1326 1871 1353 καὶ

1078 1371 1159 1403 αὑτός
1181 1372 1229 1398 ἐπὶ
1255 1371 1372 1407 σταυρυῦ
1400 1372 1578 1408 ἐκρεμάσθη,
1602 1372 1650 1399 καὶ
1667 1373 1803 1405 ἀπέθανε,
1825 1374 1872 1400 καὶ

1078 1417 1177 1452 ἐτάφη,
1193 1417 1240 1444 καὶ
1256 1418 1355 1454 ἀνέστη
1370 1419 1403 1454 τῇ
1414 1418 1494 1454 τρίτῃ
1512 1419 1614 1455 ἡμέρᾳ.
1631 1418 1725 1446 Ταῦτα
1737 1419 1766 1446 δέ
1781 1419 1873 1446 πάντα

1075 1463 1115 1499 τῷ
1129 1463 1208 1498 ἀϊδίῳ
1219 1472 1250 1490 συ
1256 1464 1392 1499 μϐέὸηκεν
1402 1465 1469 1500 Υίῷ.
1485 1464 1565 1491 Ἀ).λά
1577 1465 1665 1492 ταῦτα
1676 1465 1794 1493 πέπονθε
1805 1465 1873 1493 καοό

1075 1510 1188 1537 δυνατὸν
1199 1511 1306 1541 παθεῖν,
1318 1510 1442 1537 τουτέστι
1456 1513 1490 1547 τῇ
1500 1511 1598 1539 ἑαυτοῦ
1616 1512 1774 1548 ἀνθρωπίνῃ
1789 1513 1873 1548 σαρκί

1076 1565 1106 1583 τε
1124 1556 1171 1583 καὶ
1181 1556 1307 1591 ψυχῇ,οὑ
1326 1557 1359 1592 τῇ
1378 1556 1475 1584 ἐαυτοῦ
1491 1557 1552 1593 θείᾳ
1561 1557 1653 1591 φύσει.
1673 1557 1719 1593 Τῷ
1737 1558 1810 1594 λόγῳ
1824 1557 1872 1585 οὖν

1079 1603 1130 1638 τῆς
1147 1604 1265 1638 φυσικῆς
1281 1603 1328 1630 καὶ
1339 1603 1486 1636 οὑσιώδους
1501 1604 1667 1637 οίκειώσεως
1680 1604 1768 1632 ταῦτα
1783 1605 1873 1632 πάντα

1082 1649 1121 1684 τῷ
1131 1649 1171 1675 ἐνὶ
1180 1648 1261 1683 Λόγῳ
1273 1648 1460 1685 συμϐέϐηκεν,
1475 1649 1505 1675 οὑ
1518 1649 1586 1676 καθὸ
1595 1650 1692 1684 Λόγος,
1705 1650 1742 1682 ὡς
1753 1650 1869 1686 ἔφαμεν.

231 1699 281 1726 Διά
301 1708 342 1725 τοι
358 1698 440 1725 τοῦτο
456 1698 472 1732 ἦ
489 1706 518 1723 τε
539 1696 605 1731 ἁγία
622 1696 741 1732 τετάρτη
768 1695 877 1727 σύνοδος
897 1696 962 1731 μίαν
975 1695 1124 1723 ὑπόστασιν
1150 1695 1257 1723 καὶδύο
1276 1696 1372 1731 φύσεις
1404 1696 1451 1723 ἐπὶ
1486 1697 1606 1732 Χριστοῦ
1636 1698 1823 1733 ἐδογμάτισεν.
1845 1698 1874 1725 ’θ

229 1744 257 1770 δὲ
269 1743 415 1778 Νεστόριος
424 1741 539 1777 ἑτέρωθι
551 1741 646 1777 τρόπῳ
656 1741 704 1768 τοῦ
727 1742 815 1776 Λόγου
830 1741 898 1768 νοῶν
911 1741 947 1767 τὰ
957 1741 1043 1776 πάθη,
1061 1740 1153 1773 καθὼς
1168 1741 1265 1769 ἀνόπιν
1278 1741 1402 1777 εἴπομεν.
1423 1741 1468 1768 Διδ
1483 1742 1552 1777 πρὸς
1567 1742 1649 1770 αὑτὸν
1670 1743 1761 1775 καλῶς
1792 1745 1806 1771 ὁ
1825 1744 1874 1779 τῆς

236 1789 440 1826 Ἀλεξανδρείας
469 1789 603 1825 Κύριλλος
632 1790 754 1817 ἀντεῖπε.
788 1789 844 1816 Καὶ
874 1789 953 1816 τοῦτό
983 1798 1024 1816 σοι
1042 1789 1233 1816 ἀποδέδειγται
1249 1788 1332 1816 ἕωλον
1345 1789 1393 1816 καὶ
1410 1789 1498 1826 πάντη
1512 1790 1669 1826 ἀνίσχυρον.

264 1838 308 1865 τι.
329 1837 476 1865 Videamus
491 1844 564 1865 nunc
577 1837 642 1872 quid
666 1837 724 1872 ipse
741 1838 767 1864 iu
792 1837 1026 1873 subsequentibus

230 1886 352 1912 set-ibas:
370 1893 489 1919 namque
506 1884 639 1919 scriptum
655 1889 732 1911 tuum
751 1884 788 1911 ita
801 1892 831 1912 se
847 1884 928 1912 habet
947 1892 954 1911 :
973 1883 1026 1911 Sed

230 1931 381 1964 objicientcs
396 1929 516 1957 dicamus
530 1937 563 1957 ea:
578 1930 707 1965 oppositis
724 1929 820 1962 verbis,
832 1937 892 1965 qua:
915 1930 967 1964 ipsi
982 1930 1024 1956 di-

230 1982 302 2010 ruat,
332 1977 557 2011 quemadmodum
581 1975 693 2011 legimus
714 1976 741 2002 in
773 1975 904 2010 epistola;
921 1983 982 2002 nam
1001 1975 1025 2002 si

230 2029 341 2050 naturas
376 2028 511 2058 separant,
538 2028 562 2050 et
586 2030 713 2057 personas
751 2023 872 2049 unientes
903 2022 1023 2056 ﬁrmant,

230 2071 318 2097 mistio
341 2071 469 2106 sequitur,
494 2075 518 2097 et
546 2077 688 2104 personam
717 2069 777 2103 ﬁeri
806 2069 926 2101 addecet,
955 2070 1024 2104 quod

230 2117 372 2151 Apostolus
386 2124 433 2151 pro
447 2115 550 2142 duabus
563 2116 682 2150 personis
694 2114 804 2146 scribat,
823 2114 876 2147 Qui
897 2115 925 2140 in
938 2113 1025 2148 forma

230 2163 278 2190 Dei
295 2171 354 2190 cum
369 2167 446 2194 esset,
462 2163 577 2197 formam
590 2161 658 2188 servi
677 2161 776 2196 accepit
787 2167 795 2186 :
808 2160 923 2194 formam
938 2159 1026 2194 itaque

229 2214 253 2235 ct
277 2209 392 2243 formam
416 2209 494 2236 dixit.
523 2207 603 2235 Nunc
627 2208 716 2242 itaque
747 2214 891 2242 quamnam
921 2213 954 2233 ea:
984 2205 1024 2232 his

1117 1836 1168 1864 xa’.
1195 1837 1309 1873 Ἴδωμεν
1337 1837 1366 1864 δέ
1392 1839 1491 1870 ἐντοῖς
1514 1839 1663 1874 μετέπειτα
1683 1839 1710 1866 τί
1734 1840 1850 1876 γράφεις
1865 1848 1872 1854 ·

1076 1883 1133 1919 ἔχει
1150 1883 1240 1911 δὲκαὶ
1263 1883 1294 1910 τὺ
1320 1883 1365 1910 σδν
1382 1884 1501 1920 γράμμα
1516 1884 1613 1916 οὓτως·
1639 1885 1717 1912 Ἀλλ’
1739 1886 1874 1913 ἀνθυπο-

1075 1931 1223 1966 φέροντες
1237 1931 1423 1965 λαλήσωμεν
1434 1931 1469 1958 ὲκ
1486 1931 1546 1959 τῶν
1559 1932 1707 1959 ἐναντίων
1718 1934 1871 1968 ῥημάτων,

1075 1974 1118 2005 ὧν
1133 1977 1218 2005 αὐτοὶ
1231 1978 1369 2013 λέγουσι,
1385 1978 1483 2012 καθὼς
1495 1978 1671 2013 ἀνέγνωμεν
1681 1979 1716 2006 ἐν
1730 1979 1769 2012 τῷ
1782 1980 1873 2014 γράμ-

1075 2032 1157 2059 ματι.
1179 2024 1247 2051 Ἐὰν
1256 2025 1311 2059 γὰρ
1327 2025 1380 2057 τὰς
1389 2025 1498 2059 φύσεις
1509 2024 1653 2059 χωρίζωσι
1668 2026 1717 2052 καὶ
1731 2026 1767 2052 τὰ
1780 2027 1874 2060 :1de-

1078 2077 1144 2097 ωπα
1175 2070 1318 2103 ὲνοῦγτες
1340 2070 1478 2106 λέγουσι,
1509 2069 1621 2105 κρᾶσιν
1654 2069 1731 2098 εἶναι
1752 2072 1871 2105 λοιπὸν,

1077 2116 1126 2143 καὶ
1143 2116 1308 2150 πρόσωπον
1322 2116 1428 2151 πρέπει
1442 2117 1589 2152 τίνεσθαι,
1607 2117 1682 2144 διότι
1695 2117 1711 2144 ὁ
1733 2117 1871 2144 Ἀπόστρ-

1077 2164 1133 2195 λος
1151 2162 1200 2189 διὰ
1212 2162 1268 2189 δύο
1287 2164 1434 2196 πρόσωπα
1448 2162 1564 2198 γράφει,
1579 2163 1623 2190 ὅτι
1638 2163 1672 2190 ἐν
1679 2163 1780 2198 μορφῇ
1798 2164 1873 2191 Θεοῦ

1078 2206 1130 2239 ὢν,
1144 2207 1266 2243 μορφὴν
1289 2207 1404 2235 δούλου
1427 2207 1643 2243 προσελάϐετο.
1670 2207 1798 2242 Μορφὴν
1816 2206 1874 2236 οὖν

230 2255 334 2282 duabus
347 2260 436 2282 amant
449 2263 560 2282 onerare
570 2262 719 2289 personant,
730 2261 808 2288 quam
819 2253 910 2279 diruat
920 2252 1023 2278 unam?

1079 2253 1129 2281 καὶ
1146 2253 1270 2289 μορφὴν
1283 2252 1378 2281 εἶπεν.
1398 2254 1518 2288 Ἀρτίως
1529 2251 1586 2281 οὖν
1597 2255 1686 2281 ποῖον
1695 2255 1730 2281 ἐκ
1744 2255 1804 2281 τῶν
1818 2254 1873 2281 δύο

231 2302 261 2328 Si
278 2301 396 2332 deitatia,
424 2299 537 2328 Sabellii
556 2307 672 2326 errorem
689 2299 837 2331 incurrent,
858 2298 881 2324 si
905 2298 1026 2325 Immani-

232 2347 306 2374 tutis.
322 2346 384 2381 quid
397 2346 464 2372 illud
481 2346 572 2380 fuerit,
593 2354 644 2380 quo
672 2352 730 2373 uere
748 2344 775 2371 in
792 2343 879 2378 forma
910 2343 1024 2371 hominis

230 2393 374 2419 Dominum
387 2392 533 2419 videbant?
546 2391 595 2419 llic
609 2392 750 2421 enimvero
766 2394 920 2421 orationem
947 2399 1025 2420 eom-

231 2438 310 2474 ponis
321 2439 403 2466 veluti
419 2446 452 2465 ex
477 2438 600 2466 adversis
628 2445 724 2467 contra
755 2447 805 2467 nos
835 2440 983 2475 prolatam,
998 2443 1024 2467 et

231 2491 291 2516 nos,
305 2491 367 2510 cum
386 2484 528 2511 videamur
548 2483 616 2512 duas
632 2484 660 2511 in
674 2484 786 2513 Christo
802 2491 915 2513 naturas
927 2491 1024 2511 unam-

229 2529 460 2565 que,hypostasim
474 2537 611 2562 asserere,
624 2530 651 2557 in
659 2530 777 2558 absurda
794 2538 890 2566 rapere
903 2530 1021 2562 conaris,

230 2580 260 2602 ut
287 2575 392 2603 scilicet
405 2583 438 2603 ex
460 2583 493 2603 eo
511 2576 584 2610 quod
602 2584 652 2604 nos
671 2577 699 2604 in
724 2577 876 2604 absurdum
903 2577 1021 2609 inducis,

230 2627 308 2649 tuum
321 2623 408 2658 ipsius
423 2623 533 2658 dogma,
552 2623 635 2651 unius
650 2631 747 2658 nempe
761 2627 867 2651 natura:
883 2623 1023 2651 Christum

229 2675 291 2696 esse
309 2669 482 2704 comprobes.
509 2668 600 2702 Quare
629 2669 702 2704 quod
727 2669 859 2697 adversus
889 2676 941 2696 nos
965 2676 980 2696 a
999 2673 1024 2696 te

231 2719 362 2749 tanquam
389 2721 492 2743 certum
517 2707 688 2747 decernitur,
707 2715 761 2742 tale
789 2715 854 2750 quid
878 2719 931 2747 est,
960 2715 1023 2742 licet

230 2761 328 2789 stolide
344 2755 551 2796 exprompsisti,
565 2760 788 2796 quandoquidem
814 2768 868 2788 non
891 2761 959 2788 citra
977 2768 1023 2788 er-

230 2815 319 2835 rorem
348 2812 454 2835 natura:
482 2813 508 2835 et
528 2807 695 2843 hypostasis,
725 2814 849 2842 personae
861 2815 958 2842 nempe
972 2815 1022 2834 non

228 2862 301 2888 tuen,
316 2855 395 2889 quasi
421 2855 492 2882 idem
510 2854 646 2890 signiticet
664 2855 691 2881 in
714 2854 876 2881 oeconomia:
892 2854 1023 2889 mysterio

229 2900 350 2936 accipis:
368 2905 395 2929 et
409 2906 476 2937 quot
487 2906 550 2930 sunt
567 2905 684 2936 naturae,
699 2904 739 2929 tot
753 2900 835 2930 etiam
847 2900 1019 2936 hypostases,

1077 2300 1216 2336 ἀγαπῶσι
1231 2300 1383 2335 φορτῶσαι
1396 2300 1446 2327 ἐπὶ
1463 2300 1518 2328 τοῦ
1531 2300 1705 2335 προσώπου,
1717 2299 1752 2329 οὗ
1768 2300 1874 2336 λέγοι·-

1078 2355 1131 2374 σιν
1139 2347 1189 2379 ἓν;
1203 2347 1236 2374 Et
1245 2347 1304 2381 μὲν
1324 2346 1380 2381 τῆς
1394 2347 1545 2381 θεότητος,
1562 2347 1620 2381 τὴν
1639 2346 1692 2374 τοῦ
1705 2348 1873 2374 Σιιϐελλιόυ

1077 2392 1486 2426 ἁσθένειανάσῡενήσουσιν·
1496 2394 1520 2420 εί
1528 2392 1562 2419 δὲ
1571 2393 1625 2427 τῆς
1633 2393 1872 2427 ἀνθρωπότητος,

1077 2440 1107 2467 τί
1121 2440 1208 2467 ἐστιν
1219 2439 1330 2472 ἐκεῖνο,
1341 2440 1356 2466 ὃ
1367 2439 1402 2467 ἐν
1415 2440 1541 2473 άληθεΙᾳ
1554 2440 1589 2466 ἐν
1597 2439 1700 2475 μορφῇ
1714 2439 1873 2474 ἀνθρώπου

1077 2486 1131 2513 τὸν
1140 2486 1250 2520 Κύριον
1264 2486 1414 2518 ἐϐλεπον;
1429 2485 1564 2513 Ἐνταῦθα
1577 2485 1626 2521 μὲν
1638 2485 1819 2521 σχηματίζεις
1828 2484 1874 2511 τὸν

1077 2531 1168 2566 λόγον,
1181 2531 1220 2563 ὡς
1235 2532 1268 2558 ἐκ
1281 2532 1335 2559 τῶν
1353 2532 1483 2559 ἐναντίων
1501 2532 1563 2558 καθ’
1583 2531 1662 2567 ἡμῶν
1683 2531 1874 2567 προϐαλλόμε-

1076 2587 1132 2610 νον,
1158 2578 1206 2605 καὶ
1223 2579 1298 2613 ἡμᾶς
1325 2578 1354 2605 ἐν
1381 2577 1421 2613 τῷ
1449 2578 1540 2605 δοκεῖν
1560 2577 1625 2609 τοὺς
1646 2577 1693 2604 δύο
1713 2577 1809 2611 φύσεις
1827 2577 1874 2602 ἐπὶ

1076 2624 1197 2660 Χριστοῦ
1213 2624 1353 2659 λέγοντας,
1378 2624 1426 2651 καὶ
1441 2624 1506 2660 μίαν
1527 2624 1689 2657 ὑπόστασιν,
1715 2624 1754 2655 εἰς
1771 2623 1872 2650 ἄτοπον

1081 2659 1278 2706 περιστρέφειν
1292 2689 1299 2702 ,
1325 2659 1370 2696 ἵνα
1389 2669 1470 2704 δῆθεν
1494 2670 1526 2696 ἐκ
1547 2668 1594 2695 τοῦ
1612 2670 1685 2704 ἡμᾶς
1712 2669 1753 2700 είς
1773 2668 1873 2695 ἄτοπον

1075 2717 1205 2751 ἁπάγειν,
1221 2707 1251 2742 τδ
1264 2717 1365 2742 οἰκεῖον
1380 2715 1464 2742 αὐτοῦ
1479 2715 1579 2751 δόγμα,
1598 2715 1628 2742 τὸ
1645 2717 1708 2750 μιᾶς
1735 2713 1805 2742 εἶναι
1821 2715 1873 2748 φύ-

1078 2771 1147 2794 σεως
1167 2763 1212 2790 τὸν
1239 2762 1369 2797 Χριστὸν,
1396 2761 1642 2793 κατασκευάσειας.
1669 2761 1816 2796 Τοιγάρτοι
1843 2760 1872 2786 τὸ

1077 2808 1155 2844 παρὰ
1176 2807 1223 2834 σοῦ
1247 2807 1482 2844 δογματιζόμενον
1498 2808 1559 2834 καθ’
1580 2807 1659 2842 ἡμῶν
1681 2807 1740 2833 ἔστι
1757 2806 1872 2839 τοιόνδε,

1075 2855 1099 2881 εί
1111 2855 1158 2881 καὶ
1169 2855 1292 2890 ἀνοήτως
1311 2853 1378 2881 αὑτὸ
1391 2853 1565 2889 ἐξενήνοχας,
1582 2853 1677 2889 ἐπειδὴ
1691 2853 1872 2888 ἐσφαλμένως

1075 2901 1106 2928 τὸ
1123 2901 1172 2937 τῆς
1189 2901 1296 2936 φύσεως
1324 2900 1370 2928 καὶ
1395 2900 1584 2935 ὑποστάσεως,
1613 2900 1699 2936 ἠγονν
1722 2898 1871 2936 προσώπου
