2092 3156
219 200 270 232 657

652 201 868 232 REFUTATIO
883 200 1072 231 EPISTOL/E
1093 200 1207 230 REGIS
1228 199 1418 230 ARMENL’E.

1797 199 1850 232 658

217 258 304 292 ὄνομα
321 255 419 283 ταυτδν
433 256 531 291 δηλοῦν
546 257 593 283 ἐπὶ
607 257 658 292 τῆς
671 257 829 292 οἰκονομίας
843 257 949 292 ἐπινοῇ,
964 256 1007 283 καὶ

1064 256 1103 283 vel
1117 263 1248 290 personas
1267 255 1358 282 induci
1376 253 1515 287 concedis,
1539 258 1565 280 et
1583 261 1644 281 cum
1663 261 1714 281 nos
1734 254 1803 282 duas
1823 256 1850 283 iu

217 303 277 330 ὅσαι
298 303 348 337 μὲν
375 303 404 329 αἰ
419 302 525 337 φύσεις,
551 303 684 335 τοσαύτας
702 304 749 330 καὶ
768 303 817 335 τὰς
835 303 1008 336 ὑποστάσεις,

218 350 302 384 ἤγουν
320 349 456 384 πρόσωπα
468 349 677 383 συνεισάγεσθαι
688 350 777 382 δίδως,
790 349 870 384 ἡνίκα
883 349 916 376 ἂν
929 350 1009 384 ἡμεῖς

218 395 265 421 δύο
288 394 384 429 φύσεις
400 394 447 421 ἐπὶ
470 395 591 430 Χριστοῦ
608 395 655 421 καὶ
679 395 744 430 μίαν
758 395 907 422 ὑπόστασιν
924 395 1008 421 εἴπω-

221 450 281 475 μεν,
298 441 457 476 παραυτίκα
472 441 600 475 συνάγεις
625 441 696 468 κατὰ
711 442 812 468 οἰκεῖον
831 441 950 476 θέλημα,
966 442 1009 468 ὅτι

220 488 339 522 ἀνάγκη,
353 488 452 522 κρᾶσιν
467 487 610 522 συμϐαίνει
624 487 750 522 γίνεσθαι
772 489 828 520 τοῖς
840 487 1007 523 προσώποις·

220 535 244 559 εί
259 533 287 559 δὲ
306 533 386 559 τοῦτο
401 533 503 560 ἄτοπον
529 533 559 560 τὸ
583 533 684 567 λέγειν,
706 534 806 568 κρᾶσιν
816 533 940 567 γίνεσθαι
955 534 1009 560 τῶν

218 579 385 614 προσώπων,
403 579 509 614 ἀνάγκη
528 581 592 614 μιᾶς
615 579 792 611 ὑποστάσεως
806 579 882 613 ὄντα,
901 580 1008 616 ἀνάγκη

218 626 266 653 καὶ
283 626 346 660 μιᾶς
364 625 483 659 φύσεως.
500 626 532 651 Ὢ
544 625 592 659 τῆς
607 625 726 660 ἀμαθίας
744 625 798 651 τῶν
814 625 900 652 ταῦτα
915 625 1008 659 λεγόν-

218 671 286 706 τωνῐ
299 670 367 696 Οὐδὲ
383 670 437 704 γὰρ
453 669 573 704 συνῆκαν
585 670 649 705 περὶ
662 666 699 696 ὧν
713 678 743 696 τε
754 669 875 704 λέγουσι,
889 670 1010 704 καὶπερὶ

217 716 298 742 τίνων
313 715 546 743 διαϐεϐαιοῦνται.
574 716 621 747 Τίς
634 716 689 751 γὰρ
710 716 763 742 τῶν
781 716 812 742 εὖ
826 715 1007 750 φρονούντων,

217 761 248 787 τὺ
263 761 362 793 κοινὸν,
383 761 441 796 ἦτοι
455 761 485 787 τὸ
506 760 621 787 καθόλου
636 760 735 786 ταυτὸν
759 761 873 795 φήσειεν
888 760 920 786 ἂν
938 758 1008 787 εἶναι

217 806 256 841 τῷ
271 806 358 842 ίδικῷ,
371 807 455 842 ἡγουν
469 805 508 841 τῷ
516 806 684 838 καθέκαστα,
697 807 766 840 ὅπερ
779 806 837 832 ἐστὶ
848 806 1006 841 πρόσωπον,

218 852 234 886 ἢ
254 852 425 885 ὑπόστασις;
441 852 478 878 Τὸ
495 851 546 886 μὲν
561 851 615 885 γὰρ
633 852 703 878 κατὰ
719 852 850 879 πλειόνων
864 852 943 878 εἴωθε
960 853 1008 886 φέ-

218 897 324 932 ρεσθαι,
342 896 396 924 οἷον
419 898 433 924 ὁ
455 897 598 932 ἄνθρωπος
615 898 686 923 κατᾶ
705 897 809 930 Πέτρου
826 898 872 924 καὶ
888 898 1005 930 Παύλου,

216 943 247 969 τὸ
265 943 293 970 δὲ
308 943 369 969 καθ’
383 943 453 975 ἐνὸς,
470 944 531 978 ἦτοι
545 943 574 969 τὸ
593 944 740 978 πρόσωπον
754 944 801 970 κάὶ
816 945 831 979 ἡ
848 944 1007 978 ὑπόστασις,

217 989 265 1015 καὶ
278 990 328 1015 οὑκ
355 989 461 1023 ἀνάγκη
478 990 668 1025 ἁντιστρὲφειν
690 989 757 1025 πρὸς
784 990 887 1025 ἄλληλα
909 991 958 1024 τὴν
979 999 1009 1021 τε

217 1035 299 1070 φύσιν
315 1036 362 1062 καὶ
377 1036 406 1062 τὸ
424 1035 571 1070 πρόσωπον
581 1043 588 1050 ·
603 1035 642 1070 τῷ
654 1036 704 1071 μὲν
715 1036 769 1070 γὰρ
782 1037 932 1064 ὑπόστασιν
940 1036 1009 1064 εἶναι

216 1081 331 1115 λέγοντι,
343 1082 449 1117 ἀνάγκη
464 1083 595 1116 παρεῖναι
610 1082 660 1117 τὴν
675 1082 768 1116 φύσιν,
784 1083 863 1118 εἴπερ
881 1083 910 1109 τὸ
926 1083 1010 1118 πρόσ-

216 1136 300 1159 ωπον,
324 1127 384 1162 ἦτοι
402 1128 418 1162 ὴ
437 1128 589 1158 ὑπόστασις
604 1128 680 1154 οὐδὲν
697 1127 761 1154 ἄλλο
777 1128 851 1155 ἐστὶν
865 1148 872 1160 ,
896 1128 912 1163 ἢ
929 1129 1009 1162 φύσις

218 1174 288 1208 μετὰ
301 1173 456 1208 ἰδιώματος,
470 1174 486 1208 ἢ
503 1173 550 1200 καὶ
563 1174 726 1208 ἰδιωμάτων,
742 1175 802 1201 ὅλον
815 1183 841 1201 τι
852 1175 912 1201 καθ’
928 1175 1010 1202 ἑαυτὸ

217 1220 383 1255 λεγόμενον·
406 1220 445 1255 τῷ
467 1220 496 1246 δὲ
524 1221 651 1253 καθόλου,
672 1221 731 1256 ἤτοι
760 1221 841 1254 φύσιν
867 1221 1008 1255 φάσκοντι,

217 1267 267 1292 οὑκ
289 1266 396 1301 ἀνάγκη
427 1267 473 1292 καὶ
496 1266 526 1292 τὺ
555 1267 736 1299 καθέκαστον,
762 1267 845 1302 ἤγουν
871 1267 901 1293 τὸ
925 1267 1010 1302 πρόσ-

216 1321 301 1344 ωπον,
315 1312 330 1346 ἦ
348 1313 397 1346 τὴν
410 1313 560 1339 ὑπόστασιν
576 1314 714 1348 παρεῖναι,
727 1313 767 1340 Τὰ
778 1313 832 1348 γὰρ
847 1313 963 1340 καθόλου
980 1314 1009 1340 ὲν

216 1358 272 1389 τοῖς
293 1357 450 1385 καθέκαστα
466 1358 652 1393 θεωρούμενα,
669 1358 889 1394 συμπληρωτικὰ
905 1359 1009 1385 τούτων

217 1401 303 1435 ἐστὶν,
324 1404 353 1429 οὑ
368 1404 422 1439 μὴν
437 1405 470 1430 τὰ
488 1404 645 1432 καθέκαστα
661 1405 690 1432 ἐν
700 1406 756 1435 τοῖς
769 1405 894 1432 καῦόλου.
904 1405 1009 1432 Οὐκοῦν

217 1449 247 1475 οὑ
262 1449 306 1476 διὰ
323 1449 354 1475 τὺ
369 1449 415 1476 δύο
435 1450 531 1484 φύσεις
556 1451 645 1485 λέγειν
659 1452 733 1486 ἡμᾶς
749 1451 795 1477 ἐπὶ
812 1451 942 1486 Χριστοῦ,
962 1452 1008 1478 καὶ

219 1495 283 1530 μίαν
301 1495 462 1528 ὑπόστασιν,
489 1496 633 1531 συμϐαίνει
654 1497 701 1523 καὶ
726 1497 881 1532 προσώπων
910 1498 1008 1532 κρᾶσιν

217 1541 351 1576 γίνεσθαι.
367 1541 462 1573 Οὐδεὶς
490 1542 544 1578 γὰρ
565 1542 769 1576 καταναγκάζει
796 1543 884 1576 λόγος,
903 1543 964 1569 ἐπεὶ
977 1543 1007 1570 οὐ

215 1587 314 1614 ταυτὸν
333 1586 413 1620 φύσις
441 1587 488 1614 καὶ
503 1587 660 1622 πρόσωπον,
676 1588 737 1614 οὐδὲ
753 1588 806 1623 μὴν
818 1588 1006 1623 ἀντιστρέφει,

1061 302 1171 329 Christo
1202 306 1312 327 naturas
1332 304 1360 327 et
1387 307 1468 326 unam
1493 299 1658 335 hypostasim
1687 300 1850 332 asserimus,

1061 347 1134 375 illico
1149 352 1176 375 tu
1194 355 1242 381 pro
1257 347 1371 374 libidine
1388 346 1502 381 colligis,
1521 354 1634 374 necesse
1658 354 1729 379 esse,
1745 346 1851 374 mistio-

1061 400 1121 419 nem
1142 392 1199 420 fieri
1210 400 1398 427 personarum,
1413 392 1485 427 quod
1505 392 1527 419 si
1554 391 1581 419 id
1598 392 1689 419 dicere
1703 393 1851 419 absurdum

1061 439 1237 473 ineptumque
1263 443 1314 471 est,
1335 438 1489 465 mistionem
1518 446 1701 473 personarum
1728 440 1787 466 fieri
1803 448 1852 467 nc-

1061 492 1137 512 cesse
1151 492 1223 516 esse,
1249 484 1334 512 unius
1348 484 1506 519 hypostasis
1529 492 1592 511 eum
1615 485 1661 517 sit,
1686 485 1766 512 unius
1781 492 1851 519 quo-

1060 539 1114 567 que
1126 539 1187 559 esse
1212 536 1327 558 naturae.
1357 530 1378 558 Ο
1407 531 1590 565 ignorantiam
1620 531 1721 559 similia
1738 531 1850 559 traden-

1061 577 1143 603 tium!
1170 583 1258 610 neque
1273 576 1345 603 enim
1372 580 1484 609 norunt,
1512 576 1545 604 de
1569 577 1669 611 quibus
1694 585 1850 605 sermonem

1060 621 1173 655 habent,
1190 625 1217 648 et
1239 621 1272 649 de
1293 621 1393 656 quibus
1408 621 1576 654 decernunt;
1594 622 1657 656 quis
1672 622 1756 655 enim,
1771 622 1852 650 dum-

1059 667 1141 694 modo
1165 668 1274 694 animus
1288 667 1361 694 illius
1383 675 1398 694 a
1422 667 1555 702 sapientia
1578 672 1604 695 et
1633 668 1778 703 prudentia
1808 677 1852 696 re-

1060 717 1150 740 motus
1175 721 1228 740 non
1253 713 1299 744 sit,
1330 720 1492 745 commune,
1521 721 1568 741 seu
1595 714 1748 741 universale
1779 715 1851 743 dicet

1060 758 1130 785 idem
1155 765 1217 786 esse
1232 765 1265 786 ac
1287 758 1467 792 individuum,
1488 759 1545 786 sive
1558 759 1707 794 singulare,
1721 761 1794 795 quod
1809 766 1852 788 est

1060 812 1187 840 persona,
1204 805 1260 832 sive
1280 805 1462 840 hypostasis?
1490 805 1544 833 lloc
1561 806 1633 833 enim
1648 807 1680 833 ad
1699 807 1790 842 plures
1807 816 1850 835 re-

1061 851 1126 878 ferri
1141 851 1220 881 solet,
1235 855 1264 877 ut
1291 851 1372 878 homo
1397 851 1430 877 ad
1458 850 1570 878 Petrum
1599 856 1626 878 et
1656 852 1782 884 Paulum,
1799 854 1851 882 hoc

1058 903 1125 922 vero
1138 895 1172 922 ad
1191 903 1287 926 unum,
1302 900 1332 923 ut
1353 903 1470 931 persona
1499 899 1527 923 et
1545 897 1719 931 hypostasis:
1744 906 1794 926 nec
1806 904 1850 926 est

1023 942 1046 970 B
1063 949 1185 974 necesse,
1212 946 1242 969 ut
1266 942 1318 970 sibi
1347 946 1442 969 mutuo
1477 943 1660 978 respondeant
1696 949 1792 971 natura
1825 949 1852 972 et

1062 995 1198 1022 persona;
1219 995 1337 1022 namque
1361 988 1528 1023 hypostasim
1557 996 1619 1017 esse
1648 991 1853 1023 asserenti,uc-

1062 1042 1139 1062 cesse
1161 1039 1218 1067 est,
1249 1039 1278 1061 ut
1299 1033 1371 1061 adsit
1399 1039 1515 1067 natura,
1547 1035 1570 1063 si
1597 1035 1679 1063 modo
1711 1044 1850 1071 persona,

1062 1079 1118 1106 sive
1143 1079 1299 1114 hypostasis
1314 1079 1382 1106 nihil
1399 1080 1472 1107 aliud
1490 1084 1540 1114 est,
1562 1090 1645 1116 quam
1664 1087 1761 1110 natura
1788 1091 1852 1112 cum

1061 1125 1238 1160 proprietate,
1264 1125 1305 1152 vel
1336 1126 1563 1160 proprietatibus,
1601 1133 1687 1155 totum
1714 1130 1851 1164 quoddam

1061 1178 1108 1205 per
1121 1179 1150 1198 se
1176 1172 1278 1198 dictum
1294 1180 1302 1204 ;
1319 1176 1347 1198 at
1371 1173 1535 1206 universale,
1552 1173 1746 1205 sivenaturam
1764 1184 1852 1203 enun-

1062 1218 1153 1250 tianti,
1183 1225 1235 1244 non
1263 1222 1305 1245 est
1331 1226 1445 1247 necesse
1469 1224 1497 1246 et
1526 1220 1674 1254 singulare,
1705 1230 1852 1256 personam

1062 1271 1169 1298 nempe,
1184 1268 1230 1291 aut
1249 1265 1420 1300 hypostasim
1442 1266 1549 1293 adesse.
1572 1266 1744 1295 Uuiversalia
1774 1268 1848 1295 enim

1061 1310 1087 1336 iu
1106 1310 1254 1338 individuis
1275 1311 1460 1344 considerata,
1480 1312 1576 1339 horum
1601 1313 1704 1340 faciunt
1720 1313 1754 1340 ad
1773 1322 1850 1341 eom-

1061 1356 1237 1390 plementum,
1267 1362 1294 1383 at
1320 1365 1373 1384 non
1408 1358 1559 1392 singularia
1582 1359 1609 1386 in
1638 1360 1850 1388 universalibus.

1061 1401 1119 1428 Non
1138 1402 1228 1437 itaque
1242 1411 1275 1430 ex
1295 1411 1328 1430 eo
1351 1404 1424 1439 quod
1444 1405 1562 1432 dicimus
1587 1406 1656 1433 duas
1688 1407 1714 1433 in
1741 1407 1851 1435 Christo

1061 1453 1173 1476 naturas
1203 1453 1230 1476 et
1259 1457 1341 1476 uuam
1375 1451 1555 1486 hypostasim,
1583 1452 1736 1480 erincimur
1767 1454 1850 1481 etiam

1060 1494 1188 1521 dicereet
1205 1494 1400 1523 immistioucm
1428 1504 1610 1531 personarum
1637 1498 1704 1526 ﬁeri.
1726 1498 1804 1526 Nulla
1824 1501 1851 1527 id

1060 1540 1133 1575 cogit
1164 1540 1245 1572 ratio,
1272 1549 1333 1568 eum
1366 1549 1420 1568 nou
1450 1542 1521 1569 idem
1548 1543 1585 1570 sit
1613 1548 1710 1571 natura
1736 1550 1762 1572 et
1791 1554 1850 1580 per-

1060 1593 1136 1618 sona,
1154 1593 1241 1620 neque
1265 1594 1317 1613 una
1339 1595 1387 1621 pro
1405 1587 1458 1614 alia
1477 1593 1612 1622 sumatur,
1644 1595 1673 1617 ut
1700 1596 1767 1625 quot
1795 1592 1851 1619 sint

218 1633 261 1659 ῐνα
272 1633 332 1659 ὗσαι
346 1632 378 1658 ἂν
389 1630 443 1659 εἷεν
456 1633 483 1659 αἱ
497 1633 603 1667 φύσεις,
619 1633 738 1660 τοσαῦτα
753 1635 799 1660 καὶ
815 1634 848 1660 τὰ
863 1634 1007 1669 πρόσωπα.

1064 1637 1179 1663 nalurw,
1197 1636 1237 1658 tot
1265 1632 1348 1659 etiam
1379 1633 1435 1660 sint
1464 1641 1598 1668 personas.
1616 1634 1644 1661 lu
1669 1636 1762 1663 multis
1777 1638 1850 1664 enim

223 1677 267 1705 Ἐν
285 1678 393 1710 πολλοῖς
408 1679 462 1714 γὰρ
477 1678 582 1705 ἔνεστιν
601 1679 665 1706 ἰδεῖν
682 1680 710 1705 ὲν
731 1680 782 1715 μιᾷ
798 1680 946 1706 ὑποστάσει
961 1680 1008 1706 δύο

218 1724 315 1758 φύσεις
335 1724 537 1760 Θεωρουμένας,
553 1726 601 1752 καὶ¹
621 1725 667 1752 δύο
686 1726 794 1760 φύσεων
808 1726 893 1753 ὄντων
907 1726 944 1762 μὴ
963 1726 1008 1760 γί-

217 1770 312 1797 νεσθαι
333 1771 381 1797 δύο
403 1771 560 1807 προσώπων
585 1772 625 1803 εἰς
647 1772 706 1803 ἐνὸς
732 1772 878 1808 προσώπου
898 1773 1006 1808 κρᾶσιν,

216 1814 274 1844 οἷον
288 1818 336 1844 ἐπὶ
358 1817 406 1844 τοῦ
419 1818 580 1846 καοέκαστα
592 1818 748 1854 ἀνθρώπου,
766 1820 813 1846 καὶ
829 1819 877 1846 ἐπὶ
894 1819 940 1846 τοῦ
968 1828 1008 1846 σι-

216 1862 299 1899 δήρου
308 1863 355 1890 τοῦ
367 1865 633 1900 πεπυρακτωμένου,
653 1866 701 1892 καὶ
718 1866 762 1892 ἐπ’
770 1865 858 1893 ἄλλων
873 1865 1008 1893 πλείστων

216 1908 262 1935 δύο
275 1909 371 1944 φύσεις
385 1909 516 1945 εὕρηνται
539 1910 702 1946 ἀσυγχύτως
730 1912 881 1947 ἡνωμέναι,
897 1913 928 1939 οὺ
954 1913 1008 1948 μὴν

216 1957 265 1983 καὶ
280 1957 416 1991 πρόσωπα
434 1957 492 1990 δύο,
510 1959 553 1985 ἴνα
571 1958 619 1985 καὶ
641 1957 712 1984 κατὰ
736 1959 836 1994 κρᾶσιν
853 1959 899 1985 καὶ
915 1959 944 1985 ἓν
958 1959 1007 1993 γέ-

217 2011 325 2030 νωνται.
349 2003 486 2035 Ὡσαύτως
507 2005 536 2031 δὲ
553 2005 600 2031 καὶ
626 2005 656 2031 τὸ
671 2005 719 2031 τοῦ
747 2005 910 2032 Ἀποστόλου
926 2005 1007 2040 ῥητὸν

218 2048 311 2080 κακῶς
327 2048 449 2082 συνῆκας
461 2049 491 2075 τὸ
513 2049 676 2084 λεγόμενον·
694 2050 746 2082 Ὃς
764 2049 799 2075 ἐν
815 2049 917 2084 μορφῇ
933 2049 1007 2076 Θεοῦ

216 2092 370 2128 ὑπάρχων,
385 2095 442 2128 οὐχ
457 2094 616 2130 ἁρπαγμὸν
638 2094 776 2130 ἡγήσατο
801 2095 835 2122 τὸ
858 2095 936 2122 εἶναι
954 2096 1008 2122 ἴσα

219 2139 290 2172 Θεῷ,
302 2140 370 2167 ἀλλ’
380 2140 490 2168 ἑαυτὸν
500 2141 631 2168 ἐκένωσε
639 2141 762 2176 μορφὴν
774 2141 885 2169 δούλου
895 2142 1006 2171 λαϐών.

219 2184 256 2210 Τὸ
273 2184 322 2220 μὲν
334 2183 380 2212 οὖν
394 2186 443 2220 τῆς
456 2186 562 2222 μορφῆς
579 2186 593 2212 ὃ
617 2194 646 2212 τε
665 2186 750 2221 μέγας
764 2186 902 2218 Βασίλειος
917 2188 947 2214 ὲν
958 2188 1008 2223 ῐσῳ

215 2230 346 2258 δύνασθαι
364 2232 508 2266 σημαίνειν
529 2232 569 2268 τῷ
585 2232 614 2258 ὲν
636 2232 716 2268 οὐσίᾳ
733 2233 779 2259 καὶ
793 2233 874 2267 φύσει
900 2235 932 2269 τῇ
952 2242 1006 2260 τια-

215 2278 298 2311 τρικῇ
317 2277 363 2304 τὸν
381 2278 443 2304 Υίὸν
459 2278 534 2310 ὄντα,
565 2278 674 2314 μορφὴν
699 2278 805 2311 δούλου,
822 2279 906 2314 ἡγουν
923 2279 1004 2314 φύσιν
1020 2292 1042 2320 D

217 2322 393 2357 ἀνειληφέναι
419 2323 465 2349 τὸν
484 2324 596 2359 Κύριον,
625 2324 673 2350 καὶ¹
687 2325 818 2359 γεγονότα
843 2325 1003 2360 ἄνθρωπον·

216 2369 264 2394 καὶ
281 2369 338 2395 ὅσοι
358 2369 391 2396 ἂν
417 2369 494 2396 τοῦδε
522 2369 570 2396 τοὺ
586 2369 669 2405 ῥητοῦ
695 2370 745 2405 τὴν
767 2370 898 2406 ἐξήγησιν
913 2371 1007 2406 ἐποιή-

218 2421 299 2439 σαντο
314 2414 447 2449 Πατέρες,
463 2414 492 2440 ἐν
507 2414 598 2449 οὐσίᾳ,
616 2414 676 2449 ἦτοι
692 2414 783 2448 φύσει,
794 2415 824 2441 τὸ
835 2416 884 2451 τῆς
899 2417 1006 2451 μορφῆς

216 2458 302 2493 ονομα
314 2459 459 2494 σημαίνειν
473 2461 644 2495 νενοήκασιν.
656 2459 742 2491 Αὐτὸς
754 2458 800 2487 οὖν
813 2461 860 2487 καὶ
872 2461 932 2488 τόδε
943 2469 1007 2487 ταυ-

215 2503 261 2530 τὸν
278 2505 452 2540 ἡγησάμενος
478 2506 622 2542 σημαίνειν
640 2507 679 2542 τῷ
704 2506 843 2542 προσώπῳ
868 2507 940 2534 καθὰ
959 2508 1006 2534 καὶ

215 2550 266 2586 τὴν
280 2551 374 2586 φύσιν,
386 2552 503 2588 ἀμαθῶς
521 2554 566 2580 καὶ
581 2554 784 2585 ἀναποδείκτως
798 2554 1000 2589 συμπεραίνεις.

215 2596 272 2622 Καὶ
281 2596 368 2630 ἄλλως
383 2599 423 2630 εἰς
438 2599 468 2625 τὸ
481 2599 558 2626 αὑτό⁸
576 2600 606 2626 Εἰ
621 2600 669 2634 μὲν
681 2597 728 2626 οὖν
743 2599 792 2631 τὰς
803 2597 902 2634 φύσεις
917 2609 1002 2634 κεχω·

218 2641 366 2676 ρισμένας,
378 2644 437 2680 ἡτοι
449 2635 660 2677 ίδιοσυστάτους,
677 2644 724 2671 καὶ
738 2644 799 2671 καθ’
813 2645 912 2675 ἑαυτὰς
920 2644 1003 2676 οὑσας

215 2687 440 2724 ὲδογματίζομεν,
457 2688 513 2717 οἷον
536 2691 582 2717 τὸν
596 2691 662 2717 Θεὸν
679 2691 765 2724 Λόγον
785 2691 857 2722 ἰδίως
871 2691 940 2726 μετὰ
956 2692 1006 2726 τῆς

216 2733 312 2768 θεῖκῆς
323 2735 405 2762 αὑτοῦ
423 2736 530 2770 φύσεως
544 2737 620 2769 ὂντα,
635 2739 683 2765 καὶ
695 2737 777 2764 πάλιν
788 2737 931 2772 ἄνθρωπον
942 2738 1004 2764 καθ’

215 2778 313 2805 ἑαυτὸν
332 2782 554 2814 προῡποστάντα,
581 2783 629 2809 καὶ
654 2783 864 2815 διαπλασθέντα,
883 2782 941 2810 εἶτα
955 2784 1003 2817 τὴν

215 2824 313 2852 ἕνωσιν
331 2825 385 2852 τῶν
399 2826 507 2861 φύσεων
522 2827 657 2863 λέγοντες,
674 2830 721 2857 καὶ
738 2829 784 2856 δύο
806 2829 891 2862 αὑτὰς
909 2829 1004 2864 ὁμολο-

270 2914 280 2929 ⁹
301 2913 421 2950 Philipp.
439 2923 469 2949 ιι,
485 2916 511 2944 6.

1060 1677 1246 1712 conspicimus
1263 1678 1290 1705 in
1321 1686 1375 1705 una
1397 1679 1536 1714 hypostasi
1563 1680 1631 1708 duas
1651 1686 1763 1710 naturas
1785 1691 1852 1710 eon-

1059 1723 1183 1756 siderari,
1207 1729 1234 1752 et
1249 1725 1355 1753 duabus
1379 1726 1485 1753 naturis
1510 1726 1706 1755 exsistentibus
1724 1737 1777 1756 non
1795 1729 1851 1756 ﬁeri

1059 1769 1127 1796 duas
1142 1777 1272 1804 personas
1288 1771 1316 1798 in
1333 1772 1416 1798 unius
1451 1779 1574 1806 personae
1597 1772 1765 1806 inistionem,
1780 1780 1808 1801 ut
1822 1775 1851 1802 in

1059 1814 1191 1849 singulari
1205 1815 1325 1849 homine,
1338 1821 1364 1844 et
1382 1817 1408 1843 in
1425 1817 1497 1844 ferro
1509 1825 1653 1851 succenso,
1669 1825 1696 1846 et
1710 1819 1736 1846 in
1753 1820 1851 1854 pleris-

1058 1867 1112 1895 que
1147 1861 1207 1888 aliis
1236 1861 1295 1889 duae
1330 1867 1436 1889 natura:
1466 1863 1672 1898 coulperiunlur
1703 1865 1848 1894 inconfuse

1059 1907 1153 1938 unitas,
1172 1915 1227 1934 non
1252 1912 1342 1935 autem
1369 1914 1396 1936 et
1418 1909 1479 1936 dua:
1500 1917 1632 1943 personre,
1668 1915 1698 1937 ut
1722 1919 1771 1945 per
1796 1912 1848 1938 mi-

1058 1953 1176 1981 stionem
1191 1961 1276 1984 unum
1292 1954 1367 1981 fiant.
1385 1954 1517 1983 Similiter
1546 1956 1628 1982 etiam
1663 1956 1785 1990 Apostoli
1805 1958 1847 1984 di-

1058 2003 1132 2026 ctum
1151 2007 1203 2026 non
1218 2000 1303 2034 probe
1338 2000 1506 2033 intellexisti,
1526 2001 1599 2035 quod
1627 2001 1685 2027 ait:
1716 2001 1769 2033 Qui
1788 2011 1848 2029 cum

1058 2045 1086 2071 in
1106 2045 1192 2079 forma
1212 2045 1261 2071 Dei
1277 2050 1366 2079 esset,
1393 2054 1445 2072 non
1478 2048 1599 2081 rapinam
1626 2047 1773 2074 arbitratus
1798 2055 1847 2081 cst,

1058 2098 1155 2117 essese
1178 2091 1308 2125 wqualcm
1337 2091 1402 2126 Deo,
1436 2093 1481 2120 sed
1507 2093 1674 2126 semetipsum
1701 2094 1848 2121 exinnnivit

1059 2136 1173 2171 formam
1190 2137 1258 2164 servi
1276 2138 1408 2173 accipiens
1421 2140 1443 2166 ³.
1477 2139 1580 2167 Nomen
1596 2140 1688 2174 itaque.
1712 2140 1806 2168 forma:
1821 2146 1848 2168 et

1058 2190 1175 2217 magnus
1206 2184 1323 2212 Basilius
1347 2185 1460 2219 perinde
1478 2193 1539 2213 esse
1561 2186 1687 2221 idemque
1717 2187 1846 2220 inuuere,

1058 2235 1090 2255 ac
1122 2229 1170 2268 qui
1201 2230 1228 2257 in
1261 2231 1379 2258 essentia
1411 2236 1438 2258 et
1477 2236 1576 2259 natura
1618 2237 1731 2267 paterna
1761 2233 1847 2261 Filius

1058 2279 1127 2306 erat,
1152 2275 1268 2303 formam
1292 2277 1375 2310 servi,
1400 2277 1452 2305 hoc
1478 2282 1520 2305 est
1542 2283 1680 2311 naturam,
1699 2280 1847 2314 assumpsit

1059 2319 1200 2353 Dominus,
1218 2321 1362 2357 factusque
1378 2327 1420 2351 est
1447 2324 1539 2356 homo,
1568 2329 1596 2352 et
1616 2326 1775 2361 quicunque
1799 2327 1846 2354 alii

1055 2365 1149 2394 Patres
1161 2368 1264 2395 dictum
1294 2369 1345 2396 hoc
1377 2369 1639 2404 iutcrprctatisuut,
1671 2372 1697 2399 in
1718 2374 1847 2400 essentia:

1056 2417 1214 2447 naturaeque
1229 2414 1429 2450 significatione
1446 2415 1541 2443 formae
1553 2425 1650 2444 nomen
1668 2423 1844 2453 acceperunt.

1057 2457 1097 2486 Tu
1117 2460 1208 2494 itaque
1234 2465 1261 2487 et
1290 2461 1342 2488 hoc
1360 2470 1415 2489 non
1442 2463 1515 2490 aliud
1541 2468 1618 2491 ratus
1644 2469 1741 2491 notare
1763 2473 1844 2499 quam

1057 2507 1457 2542 personam,qucmadmodum
1486 2514 1514 2536 et
1546 2515 1684 2544 naturam,
1706 2516 1807 2538 temere
1820 2517 1846 2539 οἱ

1059 2552 1162 2587 absque
1190 2553 1247 2580 ulla
1267 2554 1503 2583 demonstratione
1527 2556 1679 2584 concludis.
1706 2557 1765 2584 Alia
1778 2565 1847 2592 quo-

1057 2606 1110 2633 que
1129 2599 1236 2627 ratione
1256 2600 1290 2628 de
1313 2601 1420 2629 eodem.
1449 2601 1479 2629 Si
1505 2607 1620 2630 naturas
1650 2603 1763 2634 divisas,
1798 2610 1845 2636 per

1057 2652 1086 2673 se
1102 2653 1198 2680 nempe
1212 2646 1403 2680 subsistentes,
1419 2653 1446 2676 et
1458 2653 1599 2684 separatas
1618 2650 1842 2681 decerneremus,

1057 2699 1153 2726 nempe
1169 2691 1252 2719 Deum
1278 2692 1396 2721 Verbum
1415 2694 1562 2729 separatim
1584 2702 1647 2722 cum
1669 2695 1760 2722 divina
1793 2701 1843 2721 sua

1055 2742 1166 2771 natura,
1191 2746 1357 2774 rursumque
1377 2740 1516 2768 hominem
1533 2741 1682 2768 secundum
1710 2747 1739 2767 se
1762 2743 1842 2766 antea

1055 2783 1082 2810 in
1099 2783 1238 2819 hypostssi
1250 2785 1455 2819 subsistentem,
1477 2790 1504 2813 et
1517 2790 1651 2818 creatum,
1677 2788 1734 2811 tum
1763 2783 1843 2811 unio-

1055 2838 1117 2858 nem
1136 2834 1296 2859 naturarum
1313 2830 1521 2864 allirmaremus,
1545 2837 1647 2862 easque
1667 2830 1735 2858 duas
1759 2829 1844 2865 proti-
