2092 3156
231 186 284 218 659

867 189 1013 220 NICETJS
1033 190 1234 221 BYZANTINI

1817 189 1870 222 660

231 253 352 275 teremur
378 251 406 275 et
421 255 502 276 unam
519 248 701 284 hypostasim,
720 249 878 277 necessario
898 257 1025 284 sequere-

1080 249 1204 284 γοῦντες,
1223 249 1270 276 καὶ
1289 249 1355 285 μίαν
1379 250 1538 283 ὑπόστασιν,
1555 249 1662 285 ἀνάγκη
1685 250 1718 278 τὰ
1734 251 1872 286 πρόσωπα

231 301 288 327 tur,
318 294 388 322 duas
414 303 548 330 personas
578 296 605 323 in
630 303 711 323 unam
741 301 896 324 contractas
927 296 1022 329 fuisse,

232 341 304 375 quod
321 341 344 369 si
360 341 479 368 alienum
511 347 552 370 est
580 350 595 370 a
619 342 839 371 Christianorum
862 344 912 371 ﬁde
933 345 1026 372 ortho-

232 386 315 419 daxn,
351 387 433 422 idque
466 396 516 416 nos
548 393 678 424 tanquam
703 389 823 417 Nestorii
858 391 1023 418 sementium

232 441 418 465 exsecrantur,
435 433 537 461 frustra
553 435 686 462 adversus
702 443 753 463 nos
782 435 882 463 similia
912 436 1024 463 conclu-

231 478 284 506 dis.
302 478 357 506 Nos
383 479 456 506 enim
484 480 601 508 dicimus
628 480 751 508 divinum
783 481 1023 508 Filium'dirinam

232 530 356 553 naturam
371 526 398 553 in
417 534 447 553 se
466 526 751 561 perfectehabentem,
776 533 871 563 postea
896 533 1023 555 naturam

232 572 380 600 humanam
397 580 461 600 cum
492 574 660 608 praescriptis
688 574 725 601 illi
758 575 968 610 proprietatibus
996 575 1023 602 in

230 619 341 654 propria
355 619 496 655 liypostasi
518 620 747 652 individuantem,
774 625 800 648 et
822 621 1023 656 hypostaticum

233 665 403 693 Dominicum
435 666 572 693 hominem
590 667 745 699 facientem,
769 667 795 694 in
814 667 873 702 ipso
891 672 1024 701 conceptu

231 711 281 745 ipsi
298 712 416 743 unitum,
438 716 465 739 et
482 720 534 739 non
553 718 634 740 antea
658 714 806 740 conlietum
820 713 846 740 in
870 718 948 740 utero
962 712 1024 740 Vir-

230 757 312 791 ginis,
334 757 380 784 sed
399 758 490 785 statim
509 758 535 784 in
563 758 649 793 ipsius
678 758 765 794 prima
791 758 972 793 productione
988 759 1024 786 si-

231 803 286 830 tnul
313 805 365 832 tria
396 805 491 836 fuisse,
518 806 746 840 assompliouem,
769 805 971 838 cxsistentiam,
998 811 1025 833 rt

230 850 431 878 deificationcm
446 851 533 885 ipsius
549 860 563 878 ιι
582 851 681 883 Verbo,
693 852 789 886 sicque
819 851 945 887 intelligi,
982 853 1024 879 di-

231 897 310 930 rique
327 896 470 931 Dciparam
495 901 618 924 sanctam
649 897 801 932 Virginem,
833 906 886 925 non
917 903 1022 926 tantum

1077 296 1111 322 τὰ
1123 295 1169 322 δύο
1186 296 1226 328 είς
1247 295 1276 322 ἒν
1306 295 1455 331 πρόσωπον
1481 296 1662 333 συνῃρῆσθαι.
1687 297 1718 323 Et
1737 296 1766 323 δὲ
1790 297 1871 324 τοῦτο

1077 342 1219 377 ἀλλότριον
1240 342 1290 377 τῆς
1311 341 1365 369 τῶν
1389 342 1563 377 Χριστιανῶν
1587 342 1729 378 όρθοδόξου
1754 342 1871 375 πίστεως

1077 389 1127 425 (ὡς
1143 389 1197 424 γὰρ
1208 387 1356 424 Νεπορίου
1371 388 1498 424 φρόνημα
1509 387 1538 415 ὃν
1551 388 1767 424 μυσαττόμεθα),
1783 389 1871 424 μάτην

1076 435 1190 462 τοιαῦτα
1205 434 1267 461 καθ’
1279 434 1358 469 ἡμῶν
1373 434 1582 470 συμπεραίνεις.
1607 434 1703 470 Ἡμεῖς
1717 435 1770 470 γάρ
1780 443 1871 469 φαμεν

1077 481 1124 508 τὸν
1140 481 1207 508 Θεὸν
1223 481 1309 516 Λόγον
1333 481 1383 516 τὴν
1404 480 1479 507 θείαν
1494 480 1575 515 φύσιν
1592 481 1622 507 ἐν
1649 480 1740 515 ἑαυτῷ
1764 480 1871 507 τελείαν

1076 527 1182 562 ἔχοντα,
1199 525 1258 553 εἶτα
1276 526 1326 562 τὴν
1341 526 1518 562 ἀνθρωπίνην
1543 526 1623 561 φύσιν
1652 527 1721 562 μετὰ
1738 526 1792 553 τῶν
1816 527 1870 561 ἀφ-

1076 573 1222 608 οριστικῶν
1241 573 1396 608 ἰδιωμάτων
1412 574 1440 600 ὲν
1464 575 1497 609 τῇ
1515 573 1568 609 ἰδίᾳ
1587 574 1736 600 ὑποστάσει
1759 573 1870 608 ἀτομώ-

1077 628 1172 653 σαντα,
1184 620 1230 647 καὶ
1239 620 1419 647 ὑποστατικὺν
1431 620 1476 647 τὸν
1491 620 1630 655 Κυριακὸν
1638 619 1781 655 ἄνθρωπον
1792 621 1870 656 ποιή-

1077 675 1173 700 σαντα,
1199 666 1229 700 ἐξ
1259 667 1345 701 αὐτῆς
1375 667 1424 701 τῆς
1451 665 1608 701 συλλήψεως
1626 666 1760 693 ἑνωθέντα
1782 666 1867 702 αὐτῷ,

1076 712 1124 739 καὶ
1140 712 1177 747 μὴ
1195 711 1451 748 προδιαπλασθέντα
1464 712 1492 738 ὲν
1508 713 1541 748 τῇ
1555 711 1633 747 νηδύϊ
1650 713 1699 747 τῆς
1718 711 1868 747 Παρθένου,

1075 759 1134 786 ἀλλ’
1150 759 1208 794 ἅμα.
1224 760 1258 795 τῇ
1276 759 1316 790 είς
1343 758 1373 785 τὸ
1403 756 1474 785 εἶναι
1499 758 1595 784 τούτου
1623 759 1776 793 παραγωγῇ
1801 758 1869 793 ὁμοῦ

1075 805 1202 839 γενέσθαι
1219 804 1253 831 τὰ
1266 804 1330 840 τρία
1341 804 1397 837 ’τὴν
1419 804 1582 839 πρόσληψιν,
1602 803 1652 839 τὴν
1673 803 1802 838 ὓπαρξιν,
1817 804 1870 840 τὴν

1076 851 1176 877 θέωσιν
1193 851 1267 885 αὐτῷ
1282 851 1334 876 ὑπὸ
1349 850 1396 877 τοῦ
1420 851 1521 884 Λόγου,
1538 849 1585 876 καὶ
1600 850 1671 877 οὕτω
1687 849 1806 877 νοεῖσθαι
1821 851 1869 877 καὶ

1076 897 1205 931 λέγεσθαι
1224 896 1357 923 Θεοτόκον
1379 897 1428 932 τὴν
1453 897 1536 932 ἁγίαν
1564 896 1714 932 Παρθένον,
1738 896 1769 922 οὺ
1788 897 1868 931 μόνον

230 942 266 969 ob
284 947 407 968 naturam
426 942 518 974 Verbi,
535 943 581 970 sed
599 943 634 970 ob
654 943 784 970 unionem
807 943 937 977 hominis,
954 952 1023 979 quo-

1077 943 1119 970 διὰ
1127 943 1185 978 -τὴν
1206 942 1288 977 φύσιν
1305 942 1351 968 τοῦ
1368 942 1466 976 Λόγου,
1492 941 1562 968 ἀλλὰ
1586 942 1632 968 καὶ
1649 942 1692 968 διὰ
1703 942 1753 976 τὴν
1770 941 1869 967 ἕνωσιν

231 995 291 1013 rum
305 987 387 1014 simul
412 994 561 1022 conceptus
580 993 607 1016 et
630 989 790 1016 exsistentia
801 997 855 1016 non
865 989 924 1018 sine
939 991 1024 1018 mira-

231 1033 293 1060 culo
323 1033 449 1061 effectum
469 1033 590 1062 habuit:
620 1036 762 1070 conceptio
791 1036 899 1071 quidem
932 1036 1023 1069 Verbi,

231 1080 323 1107 Curitis
330 1088 394 1107 vero
403 1081 428 1107 in
439 1081 498 1116 ipso
509 1079 595 1109 Verbo
606 1081 762 1109 exsistentia
773 1090 821 1117 per
835 1083 920 1118 ipsam
931 1082 1026 1118 Deipa-

232 1131 334 1154 rentem
345 1135 426 1162 supra
438 1133 562 1155 naturam
579 1129 744 1156 creationem
754 1129 886 1163 Creatori,
898 1135 924 1158 et
935 1131 1025 1157 incar-

231 1173 370 1200 nationem
387 1173 453 1207 Deo,
465 1178 492 1201 et
507 1173 602 1202 facturi
619 1175 749 1209 universi,
765 1177 835 1210 quod
846 1180 902 1203 erat
918 1183 1026 1204 assum-

231 1223 307 1253 ptum
323 1219 459 1247 deilicanti
475 1220 705 1255 suppeditantem,
719 1226 899 1249 conservante
919 1222 1025 1249 unitate

231 1271 294 1298 qua:
314 1269 395 1292 erant
413 1265 501 1297 unita,
520 1265 583 1293 talia
599 1271 626 1293 et
642 1266 732 1301 qualia
753 1266 780 1292 in
801 1265 930 1293 unionem
955 1273 1022 1293 con-

230 1315 376 1342 venerunt.
392 1319 446 1339 non
459 1311 595 1345 divinum,
611 1311 735 1346 inquam,
765 1311 946 1343 solummodo,
977 1311 1024 1339 sed

230 1357 312 1385 etiam
327 1357 477 1385 humanum
496 1358 612 1390 Christi,
640 1359 713 1394 quod
732 1363 791 1386 erat
823 1365 905 1393 supra
924 1366 975 1386 nos
998 1362 1026 1386 et

231 1403 382 1431 secundum
398 1411 459 1431 nos.
473 1403 552 1437 Quod
568 1405 590 1432 si
609 1404 634 1431 id
651 1408 702 1436 est,
721 1409 822 1432 temere
844 1412 877 1432 ex
897 1412 931 1432 eo
951 1405 1025 1439 quod

231 1458 283 1478 nos
294 1450 328 1477 de
343 1449 453 1478 Christo
468 1450 537 1478 duas
553 1456 665 1478 natm-as
693 1454 721 1478 et
740 1458 823 1478 uuam
851 1451 1023 1486 hypostasim

231 1497 363 1530 dicimus,
385 1504 565 1530 personarum
587 1497 741 1524 mistionem
757 1497 845 1532 colligi
869 1497 1023 1525 contendis.

231 1541 265 1570 Et
276 1550 342 1570 sane
355 1543 388 1570 ad
409 1547 514 1571 vestras
527 1543 662 1578 querelas,
671 1548 698 1570 et
710 1543 840 1571 adversus
849 1547 950 1570 rectam
965 1551 1025 1570 ma-

234 1596 292 1622 gna
310 1593 337 1616 et
352 1588 530 1616 recumenica:
541 1588 638 1625 synodi
657 1588 891 1616 Chalcedonensis
923 1588 1024 1615 doctri-

231 1642 295 1662 nam
313 1635 520 1663 criminationes
533 1640 560 1663 et
584 1635 722 1667 convicia,
743 1639 845 1662 nostra:
869 1634 1024 1669 responsio-

234 1689 283 1708 nes
309 1685 337 1708 et
355 1682 504 1715 instantiae,
523 1688 570 1717 per
586 1689 655 1717 quas
672 1689 686 1708 a
714 1681 870 1714 calumniis,
887 1681 934 1716 qui
961 1688 1024 1708 cum

235 1726 287 1753 hac
303 1731 397 1754 sancta
420 1727 525 1762 synodo
541 1735 595 1755 una
613 1727 745 1761 sentiunt,
762 1727 948 1758 vindicantur,
972 1726 1024 1754 illis

233 1772 280 1808 qui
297 1777 400 1801 rectum
414 1772 576 1809 iustumque
596 1774 722 1808 amplecti
749 1777 892 1809 appetunt,
906 1782 921 1800 a
945 1773 1026 1801 nobis

234 1818 275 1845 sic
297 1818 437 1853 disposita
450 1819 495 1846 hic
515 1818 596 1846 finem
613 1819 741 1846 habeant.

270 1864 314 1891 22.
330 1864 474 1900 Reliquum
492 1870 544 1898 est,
561 1869 638 1893 utea
663 1865 757 1897 etiam,
786 1872 846 1900 qua:
873 1865 900 1892 in
929 1868 1022 1892 vestra

233 1910 407 1945 professione
424 1918 477 1938 non
494 1914 599 1938 tantum
616 1918 649 1938 ex
673 1911 859 1949 improbitate,
877 1918 961 1945 quam
973 1918 1024 1937 an-

236 1961 347 1992 tecepta:
357 1957 449 1984 animo
474 1957 681 1985 informationis
701 1957 846 1993 tyrannlde
877 1957 1026 1992 depravate

235 2003 423 2038 intelliguntur
436 2006 461 2030 et
484 2007 694 2035 conservantur,
718 2002 810 2038 gravis
836 2001 909 2030 enim
924 2009 1025 2034 essem,

235 2049 258 2077 si
284 2049 417 2077 discerem
439 2057 472 2076 ex
501 2049 645 2078 inscientia
669 2055 696 2077 et
719 2048 903 2077 contentionis
922 2048 1025 2079 studio,

235 2095 418 2123 considerem.
439 2094 499 2122 Non
514 2103 629 2131 prorsus
656 2103 671 2122 ι
698 2100 771 2123 recta
800 2095 873 2123 circa
894 2095 974 2123 [idem
987 2102 1028 2122 ra-

234 2142 311 2172 tione
323 2143 475 2175 excidistis,
490 2144 535 2171 sed
551 2150 584 2170 ex
609 2148 697 2177 parte,
725 2141 778 2170 nisi
800 2143 863 2177 quis
889 2142 1027 2177 proverbii

236 2187 304 2215 illud
318 2188 383 2215 velit
398 2188 477 2216 vobis
497 2188 655 2223 appingere.
675 2187 727 2220 Qui
759 2195 874 2222 parvum
903 2187 1025 2222 negligit,

235 2232 366 2268 paulatim
382 2233 479 2266 cadet;
493 2233 677 2268 quodcunque
696 2239 758 2260 vero
781 2232 808 2259 in
832 2239 925 2260 casum
939 2231 1027 2260 abdu-

236 2278 282 2311 cit.
297 2282 324 2306 et
341 2286 435 2306 casum
454 2285 469 2304 a
500 2278 564 2310 Deo,
594 2277 794 2305 exsecrationis
820 2277 1027 2312 aversionisque

236 2324 348 2360 dignum
361 2328 414 2352 est.
433 2323 558 2359 Namque
579 2323 640 2351 Filii
664 2327 691 2350 et
706 2322 790 2350 Verbi
804 2323 852 2350 Dei
864 2330 926 2351 eum
947 2322 1028 2350 Patre

237 2371 296 2398 sine
312 2370 455 2405 principio,
485 2376 513 2398 et
541 2369 717 2398 sanetiSSimo
745 2370 909 2405 viviﬁcoque
940 2369 1028 2404 ipsius

238 2415 342 2451 Spiritu
360 2419 424 2443 ante
439 2414 539 2442 saecula
563 2415 753 2442 exsistentiam
783 2419 856 2443 recte
878 2415 1027 2443 secundum

238 2461 401 2489 catholicam
418 2466 445 2489 et
455 2461 636 2488 orthodoxam
649 2461 799 2489 Ecclesium
818 2461 929 2489 tenetis.
957 2461 1029 2488 Prte-

239 2514 313 2536 terea
343 2508 390 2536 Dei
415 2508 558 2544 Patrisque
587 2509 775 2544 beneplacito,
799 2512 827 2536 et
859 2507 1027 2535 sanctissimi

239 2555 357 2590 Spiritus
383 2563 520 2584 concursu
551 2555 578 2583 in
611 2560 689 2583 utero
721 2563 827 2590 semper
859 2554 971 2589 virginis
997 2562 1029 2582 ac

239 2600 362 2636 Deiparae
382 2600 474 2628 Maria:
497 2600 704 2634 habitationem,
739 2605 766 2628 et
795 2605 897 2628 nostra:
923 2604 1029 2628 naturae

239 2647 414 2675 iueonl'usatu
446 2651 474 2675 et
496 2647 711 2682 inseparabilem
735 2647 877 2679 unionem,
902 2647 1029 2673 immuta-

240 2694 288 2721 ltili
301 2698 459 2721 remanente
472 2693 526 2721 Deo
540 2693 641 2726 Verbo,
655 2693 682 2720 in
691 2693 801 2728 propria
812 2698 920 2724 natura,
932 2699 1029 2726 nempe

238 2738 350 2771 deitate,
359 2743 386 2766 et
395 2738 562 2766 immutabili
571 2739 831 2773 conservataipsius
847 2737 1028 2771 immanitate,

239 2784 459 2819 netnpehumara
471 2788 576 2817 natura,
587 2784 679 2812 omnia
686 2792 748 2812 vere
761 2791 815 2819 pra:
823 2792 853 2812 se
860 2784 960 2812 ferente
969 2791 1030 2818 quae

240 2830 360 2858 hominis
378 2834 568 2867 sunt,excepto
586 2836 698 2867 peccato
713 2830 1028 2866 solo,eorpus,animam,

239 2880 266 2901 et
280 2880 407 2904 mentem.
429 2876 476 2904 llis
492 2885 557 2905 vero
588 2885 635 2912 per
653 2886 701 2905 vos
717 2877 912 2912 comprobatis,
938 2876 1029 2912 perfe-

241 2926 303 2949 ctus
318 2921 346 2949 in
372 2921 474 2952 deitate
497 2923 676 2960 ctperlectus
700 2924 728 2952 in
754 2924 925 2952 humanitate
952 2931 1028 2951 cont-

1076 990 1123 1016 τοῦ
1135 988 1319 1024 ἀνθρωπίνου,
1337 985 1374 1015 ὧν
1390 988 1450 1023 ἅμα
1464 989 1481 1023 ἡ
1500 987 1632 1022 σύλληψις
1651 987 1699 1014 καὶ
1716 988 1732 1022 ή
1750 987 1869 1021 ὖπαρξις

1076 1034 1364 1071 τεθαυματούργηται,
1380 1036 1397 1070 ἡ
1423 1035 1473 1070 μὲν
1489 1034 1620 1069 σύλληψις
1635 1034 1683 1060 τοῦ
1705 1034 1802 1068 Λόγου,
1817 1034 1868 1068 τῆς

1076 1082 1103 1109 δὲ
1119 1082 1220 1118 σαρκὸς
1235 1083 1252 1118 ή
1267 1083 1295 1108 ὲν
1312 1081 1387 1117 αὐτῷ
1401 1082 1440 1117 τῷ
1455 1081 1535 1116 Λόγῳ
1544 1081 1662 1117 ὖπαρξις
1675 1081 1708 1108 δι’
1718 1082 1804 1117 αὐτῆς
1818 1082 1869 1117 τῆς

1076 1127 1259 1164 Θεομήτορος,
1277 1127 1425 1164 ὑπερφυῶς
1439 1127 1611 1162 χορηγούσης
1621 1126 1652 1153 τὸ
1667 1126 1869 1161 πλασθῆναιτῷ

1077 1174 1221 1204 πλάσαντι.
1235 1174 1282 1200 καὶ
1296 1174 1326 1200 τὸ
1345 1173 1571 1208 ἀνθρωπισθῆναι
1583 1173 1622 1208 τῷ
1633 1172 1694 1208 Θεῷ
1705 1173 1753 1200 καὶ
1769 1174 1868 1208 ποιητῇ

1075 1220 1123 1248 τοῦ
1143 1220 1244 1252 παντὸς
1267 1219 1373 1247 θεοῦντι
1392 1220 1422 1246 τὸ
1439 1219 1628 1255 πρόσλημμα,
1659 1219 1801 1254 σωζούσης
1818 1219 1870 1254 τῆς

1077 1266 1202 1298 ἐνώσεως
1227 1266 1261 1293 τὰ
1276 1266 1412 1293 ἐνωθέντα
1434 1265 1546 1292 τοιαῦτα
1562 1262 1607 1292 οἷα
1623 1265 1671 1292 καὶ
1693 1265 1822 1300 ἦνωνται,
1837 1265 1868 1291 οὗ

1076 1313 1107 1340 τὺ
1123 1313 1194 1340 θεῖον
1213 1312 1285 1346 λέγω
1312 1313 1404 1348 μόνον,
1425 1311 1494 1338 ἀλλὰ
1512 1311 1560 1338 καὶ
1577 1311 1608 1338 τὸ
1632 1311 1804 1346 ἀνθρώπινον
1821 1310 1870 1338 τοῦ

1077 1359 1208 1394 Χριστοῦ,
1226 1359 1256 1386 το
1269 1358 1340 1394 ὑπὲρ
1356 1358 1430 1394 ἡμᾶς
1444 1358 1491 1385 καὶ
1505 1357 1567 1384 καθ’
1588 1357 1674 1393 ἡμᾶς.
1689 1357 1720 1383 Et
1739 1356 1767 1384 δὲ
1778 1356 1868 1389 τοῦτο,

1078 1407 1168 1442 μάτην
1186 1405 1230 1432 διὰ
1243 1405 1274 1431 τὸ
1297 1403 1421 1438 δοξάζειν
1444 1404 1518 1439 ἡμᾶς
1539 1403 1586 1431 δύο
1602 1403 1710 1438 φύσεις,
1731 1403 1779 1430 καὶ
1804 1403 1870 1438 μίαν

1076 1453 1225 1479 ὑπόστασιν
1243 1451 1289 1478 ἐπὶ
1306 1450 1438 1487 Χριστοῦ,
1453 1450 1500 1478 καὶ
1516 1449 1672 1486 προσώπων
1687 1450 1787 1484 κρᾶσιν
1807 1456 1870 1475 συν-

1077 1497 1191 1532 άγεσθαι
1216 1497 1316 1531 λέγοις.
1342 1496 1398 1523 Καὶ
1427 1496 1455 1522 al
1477 1495 1528 1531 μὲν
1546 1495 1614 1531 πρὸς
1630 1495 1679 1527 τὰς
1705 1494 1766 1521 καθ’
1788 1493 1870 1529 ἡμῶν

1078 1543 1209 1579 μέμψεις,
1225 1543 1273 1570 καὶ
1290 1543 1340 1575 τὰς
1357 1542 1428 1569 κατὰ
1439 1541 1487 1569 τοῦ
1502 1541 1584 1577 epeos
1601 1541 1736 1576 δόγματος
1751 1540 1803 1576 τῆς
1820 1549 1870 1575 με-

1076 1590 1163 1626 γάλης
1178 1590 1225 1616 καὶ⁴
1241 1589 1435 1625 οἱκουμενικῆς
1447 1589 1477 1615 ὲν
1489 1588 1640 1623 Χαλκηδόνι
1666 1587 1775 1614 συνόδου
1799 1595 1870 1614 κακ-

1078 1635 1193 1670 ηγορίας
1209 1635 1256 1662 καὶ
1281 1635 1419 1668 διαϐολὰς,
1427 1635 1597 1669 ἀπαντήσεις
1611 1643 1641 1661 τε
1653 1634 1699 1660 καὶ
1715 1633 1868 1666 ἐνστάσεις,

1076 1682 1110 1708 δι’
1125 1678 1162 1708 ὧν
1178 1681 1262 1708 ἀθῶοι
1275 1681 1376 1713 πάντες
1392 1681 1417 1708 οἱ
1436 1681 1592 1716 σύμφρονες
1615 1681 1648 1716 τῇ
1666 1679 1779 1717 τοιαύτῃ
1803 1680 1871 1716 ἁγίᾳ

1078 1727 1181 1763 συνόδῳ
1196 1727 1350 1755 δείκνυνται
1365 1728 1422 1759 τοῖς
1433 1727 1521 1762 ὀρθῶς
1532 1726 1601 1754 εἶναι
1617 1727 1792 1762 βουλομένοις
1804 1727 1870 1763 παρ’

1078 1773 1156 1809 ἡμῶν
1172 1774 1317 1809 ἐκτεθῆναι
1334 1774 1381 1801 καὶ
1398 1774 1492 1801 ἐνθάδε
1507 1774 1691 1810 περιωρίσθω.

1113 1862 1165 1899 κβ¹.
1187 1864 1287 1891 Λοιπὸν
1303 1864 1350 1891 καὶ
1367 1864 1401 1891 τὰ
1427 1864 1498 1891 κατά
1517 1863 1565 1900 τὴν
1581 1863 1726 1899 ὁμολογίαν
1742 1863 1820 1900 ὑμῶν
1837 1863 1869 1891 οὗ

1076 1910 1204 1937 τοσοῦτον
1232 1911 1265 1937 ἐκ
1289 1911 1451 1947 μοχθηρίας,
1470 1911 1533 1938 ὅσον
1555 1912 1589 1946 τῇ
1611 1912 1662 1946 τῆς
1688 1909 1870 1946 προσλήψεως

1076 1954 1215 1990 τυραννίδι
1230 1955 1408 1990 ὲσφαλμένως
1424 1955 1559 1990 νοούμενα
1574 1964 1605 1982 τε
1620 1956 1667 1982 καὶ
1679 1954 1871 1990 φυλαττόμενα

1079 2001 1206 2036 (ὀκνηρὸν
1221 2001 1275 2036 γὰρ
1292 2002 1379 2028 εἰπεῖν
1391 2002 1422 2034 ἐξ
1441 2001 1562 2037 ἀμαθίας
1575 2011 1605 2028 τε
1616 2001 1664 2028 καὶ
1679 2001 1869 2036 φιλονεικίας),

1078 2047 1270 2074 ἐπισκεπτέον.
1291 2048 1329 2074 Οὐ
1347 2048 1434 2084 πάντη
1460 2047 1507 2074 τοῦ
1524 2048 1605 2083 ὀρθοὗ
1622 2048 1687 2084 περὶ
1709 2048 1759 2082 τὴν
1778 2048 1870 2074 πίστιν

1078 2092 1287 2120 διαπεπτώκατε
1305 2093 1396 2127 λόγου,
1415 2093 1474 2120 ἀλλ’
1496 2093 1542 2119 ἐπὶ
1559 2094 1672 2128 μέρους.
1687 2093 1719 2119 Εἰ
1736 2093 1802 2128 μήτι
1815 2092 1870 2127 ἄρα

1078 2139 1109 2165 τό
1126 2137 1311 2174 παροιμιακὸν
1324 2138 1414 2165 ἐκεῖνό
1426 2147 1468 2170 τις
1482 2127 1626 2174 βουληθείη
1641 2138 1706 2173 ὑμῖν
1728 2127 1869 2172 ὲπαφῆναι

1081 2183 1173 2219 ῥητὸν,
1196 2183 1238 2210 ὅτι
1260 2183 1288 2210 '0
1315 2183 1496 2219 καταφρονῶν
1520 2183 1550 2210 τδ
1575 2182 1674 2219 μικρὸν
1700 2183 1760 2209 κατ’
1780 2182 1870 2217 ὀλίγον

1079 2231 1202 2257 πεσεῖται
1215 2237 1220 2244 ·
1242 2230 1297 2256 πᾶν
1312 2229 1341 2256 δὲ
1354 2229 1385 2256 τὸ
1399 2230 1440 2262 εἰς
1449 2229 1554 2256 πτῶσιν
1569 2230 1687 2264 ἀπάγον,
1699 2229 1748 2256 καὶ
1764 2228 1870 2256 πτῶσιν

1079 2276 1134 2303 ἀπο
1153 2276 1233 2308 Θεοῦ,
1253 2275 1348 2311 μίσους
1375 2276 1423 2302 καὶ
1444 2276 1620 2311 ἀποστροφῆς
1636 2275 1721 2307 ἀξιον.
1745 2275 1801 2310 Τὴν
1815 2275 1870 2310 γὰρ

1080 2321 1245 2357 προαιὼνιον
1268 2321 1315 2348 τοῦ
1342 2321 1407 2348 Υίοῦ
1424 2321 1472 2348 καὶ
1495 2321 1582 2356 Λόγου
1604 2320 1652 2347 τοῦ
1674 2320 1742 2347 Θεοῦ
1766 2320 1815 2347 σὺν
1831 2319 1870 2354 τῷ

1078 2370 1192 2404 ἀνάρχῳ
1214 2368 1298 2396 αὐτοῦ
1320 2369 1408 2404 Πατρὶ
1423 2368 1520 2404 καὶτῷ
1535 2367 1661 2402 παναγίῳ
1680 2368 1728 2394 καὶ
1746 2366 1871 2401 ζωοποιῷ

1079 2415 1162 2442 αὐτοῦ
1190 2414 1330 2450 Πνεύματι
1358 2414 1493 2448 ὕπαρξιν,
1524 2414 1612 2450 ὀρθῶς
1639 2413 1766 2446 δοξάζετε
1800 2412 1871 2439 κατὰ

1079 2461 1129 2494 τὴν
1142 2461 1335 2495 οίκουμενικὴν
1350 2460 1397 2487 καὶ
1411 2460 1549 2495 όρθόδοξον
1571 2459 1744 2495 Ἐκκλησίαν.
1768 2459 1828 2485 Ἔτι
1838 2466 1871 2492 γε

1081 2508 1135 2543 μὴν
1149 2508 1196 2535 καὶ
1214 2507 1264 2543 τὴν
1283 2507 1391 2542 εὐδοκία
1407 2508 1454 2534 τοῦ
1472 2506 1539 2534 Θεοῦ
1557 2507 1603 2534 καὶ
1619 2507 1735 2542 Πατρδς,
1748 2506 1795 2533 καὶ
1808 2513 1871 2532 συν-

1079 2553 1161 2590 εργίᾳ
1199 2554 1246 2580 τοῦ
1286 2553 1421 2588 παναγίου
1452 2554 1610 2588 Πνεύματος
1635 2553 1790 2588 ’γενομένην
1824 2550 1870 2578 τοῦ

1079 2601 1147 2627 Θεοῦ
1172 2600 1258 2634 Λόγου
1287 2600 1316 2626 ἐν
1340 2601 1374 2636 τῇ
1401 2600 1501 2634 γαστρὶ
1528 2600 1577 2634 τῆς
1611 2598 1792 2634 ἀειπαρθένου
1824 2605 1872 2624 και

1079 2646 1210 2672 Θεοτόκου
1232 2646 1359 2681 Μαρίας,
1385 2645 1490 2681 οἴκησίν
1525 2654 1555 2672 τε
1577 2645 1626 2672 καὶ
1655 2644 1705 2680 τῆς
1734 2644 1872 2679 ἡμετέρας

1080 2691 1189 2726 φύσεως
1209 2692 1364 2727 ἁσὺγχυτον
1391 2692 1438 2718 καὶ
1461 2690 1612 2726 ἀχώριστον
1633 2690 1741 2722 ἕνωσιν,
1768 2689 1871 2724 ἀμετα-

1080 2738 1179 2773 ϐλήτου
1206 2737 1348 2773 μείναντος
1369 2737 1417 2765 τοῦ
1436 2737 1504 2764 Θεοῦ
1528 2737 1616 2772 Λόγου
1643 2737 1676 2772 τῇ
1705 2735 1794 2770 οἰκείᾳ
1821 2733 1872 2769 φύ-

1081 2791 1133 2815 σει,
1150 2783 1236 2818 ήγουν
1266 2782 1386 2818 θεότητι,
1409 2781 1456 2808 καὶ
1481 2781 1670 2816 ἀμεταϐλήτου
1702 2779 1871 2815 τηρηθείσης

1079 2830 1137 2865 τῆςι
1153 2829 1363 2865 ἀνθρωπότητος
1384 2829 1467 2855 αὑτοῦ
1481 2848 1489 2861 ,
1512 2829 1597 2863 ἦγουν
1616 2827 1666 2862 τῆς
1696 2825 1871 2860 ἀνθρωπίνης

1081 2875 1199 2910 φύσεως,
1220 2877 1307 2903 πάντα
1329 2874 1453 2910 saeuae;
1470 2873 1689 2910 προϐαλλομένου
1704 2871 1751 2900 τοῦ
1765 2870 1871 2906 ἁνθρω‹

1083 2923 1160 2950 πίνου
1174 2922 1243 2958 πλὴν
1258 2922 1305 2958 τῆς
1320 2922 1459 2958 ἁμαρτίας
1472 2921 1566 2957 μόνης,
1580 2920 1702 2947 τουτέστι
1716 2919 1805 2954 σῶμα,
1820 2916 1872 2952 ψυ-
