2092 3156
208 179 259 212 661

635 178 853 208 REFUTATIO
873 178 1064 208 EPISTOL/E
1082 179 1197 209 REGIS
1216 177 1412 208 ARMENI/E.

1779 174 1833 206 662

206 239 267 274 χὴν,
281 236 328 264 καὶ
345 236 416 278 νοῦν.
429 236 538 264 Τούτων
553 235 580 263 δὲ
593 237 657 270 παρ’
669 236 746 272 ὑμῶν
761 237 994 272 ὁμολογουμένων,

1056 241 1222 265 monstratur
1240 244 1312 264 unus
1340 241 1368 264 et
1394 235 1465 263 idem
1487 234 1614 262 Christus
1642 232 1713 260 Deus
1732 236 1835 259 noster.

205 283 310 314 τέλειος
335 283 365 309 ὲν
393 282 512 314 θεότητι,
545 282 591 308 καὶ
618 282 721 313 τέλειος
745 284 774 309 ἐν
803 283 994 318 ἀνθρωπότητι

205 329 342 357 δείκνυται
359 325 399 360 εἷς
417 329 464 354 καὶ
483 329 496 354 ὸ
511 328 592 359 αὐτὸς
607 327 645 354 ὢν
664 328 782 363 Χριστὸς
795 329 809 355 ὁ
824 328 889 360 Θεὸς
905 328 994 363 ἡμῶν.

207 376 238 402 El
249 373 296 402 οὖν
306 376 320 402 ὁ
335 375 401 406 Θεὸς
411 374 498 408 Λόγος
510 375 621 406 ἐνωθεὶς
632 376 664 410 τῇ
677 374 878 410 ἀνθρωπότητι,
891 374 996 402 τελείαν

207 421 276 456 ἔχων
290 420 340 454 τὴν
352 419 478 452 θεότητα,
494 419 600 445 τελείαν
619 419 669 454 τὴν
688 419 887 454 ἁνθρωπότητα
912 418 996 445 αὑτοῦ

207 468 254 493 καὶ
270 465 331 493 καθ’
345 466 417 501 ὑμᾶς
433 465 574 499 φυλάττων
589 465 771 500 ὁμολογεῖται,
783 465 836 492 τίνι
853 465 924 500 λόγῳ
937 464 998 499 οὐχὶ

207 513 256 540 καὶ
267 513 299 539 ὲκ
315 511 372 545 δύο,
385 512 431 538 καὶ
441 512 469 538 ὲν
488 511 534 537 δύο
550 511 659 545 φύσεσι,
673 511 720 538 καὶ
733 511 780 538 δύο
794 511 890 545 φύσεις
903 511 999 546 ἔχοντα

208 556 292 584 αὑτὸν
307 557 465 590 πιστεύετε,
484 556 551 583 ἀλλὰ
566 557 630 591 μιᾶς
650 557 731 583 αὑτὸν
749 556 928 591 ἀναγορεύετε
949 556 999 591 φύ-

209 611 298 636 σεως;
313 603 344 629 El
356 602 402 629 οὖν
412 602 514 628 τέλειον
523 602 569 629 τὸν
584 602 665 629 αὑτὸν
681 603 709 629 ὲν
727 603 845 639 ἑκατέρᾳ
861 603 999 638 πεφηνότα

208 647 288 683 φύσει
305 648 476 683 ὁμολογεῖτε,
489 648 568 683 δῆλον
585 648 626 674 ὅτι
639 649 688 675 καὶ
705 648 816 683 ἀριθμῷ
832 647 936 680 ταύτας
950 649 999 683 τήν

207 703 239 721 τε
250 694 325 720 θείαν
338 693 419 728 φύσιν
434 694 506 728 φημὶ
519 694 566 720 καὶ
580 694 629 729 τὴν
651 693 837 729 ἀνθρωπίνην,
854 694 892 729 τῷ
905 694 1000 729 τρόπῳ

208 741 259 775 τῆς
276 740 409 776 διαφορᾶς
422 740 630 775 ἀριθμουμένας
647 739 880 773 καθυποΰάλλετε,
901 741 948 767 καὶ
969 740 999 767 οὐ

209 785 248 821 τῷ
260 785 393 821 διορισμῷ
404 787 454 820 τῆς
473 785 618 821 ὑπάρξεως
635 785 679 819 ὑφ’
694 785 773 822 ἡμῶν
790 787 836 812 καὶ
852 786 902 817 τῆς
920 786 1001 820 ἁγίας

210 831 343 867 τετάρτης
365 831 475 858 συνόδου
494 830 584 864 λέγειν
606 831 753 866 ὁριζούσης
768 831 855 863 οὕτως
871 832 917 858 ἐπὶ
931 832 999 866 Χρι-

211 877 275 904 στοῦ
291 877 340 908 τὰς
362 877 408 903 δύο
431 877 528 911 φύσεις
547 876 754 912 ὁμολογοῦντες,
770 877 845 909 ἐντὸς
867 878 916 912 τῆς
935 878 1001 911 ἁλη-

211 924 286 955 οειας
300 924 445 958 ἑστήκατε.
465 922 498 949 El
511 923 539 949 δὲ
556 923 762 958 ὁμολογοῦντες,
776 923 816 950 ὅτι
830 924 858 950 ὲν
869 923 944 958 αύτῷ
960 923 999 958 τῷ
1017 914 1037 942 Β

211 970 252 996 ἑνὶ
265 969 376 1004 Χριστῷ
388 969 405 1004 ἥ
420 978 449 995 τε
466 968 525 995 Θεία
536 969 583 995 καὶ
599 969 758 1005 ἀνθρωπίνη
778 969 858 1001 φύσις
877 969 906 996 ἓν
930 969 998 1002 ἐστι,

210 1016 314 1047 ταύτας
329 1016 357 1042 δὲ
374 1016 424 1047 τὰς
447 1016 543 1050 φύσεις
562 1016 631 1043 κατὰ
659 1016 690 1043 τὸ
712 1016 840 1052 διάφορον
861 1017 911 1043 οὐκ
939 1017 1000 1052 ἀρι-

211 1062 316 1096 θμεῖτε,
333 1062 361 1088 ὲν
371 1062 417 1088 δύο
435 1062 549 1096 φύσεσιν
566 1062 658 1094 αὑτὸν,
672 1063 719 1090 καὶ
731 1062 777 1090 δύο
791 1063 887 1096 φύσεις
904 1063 1001 1098 ἔχοντα

211 1108 256 1134 τὸν
276 1108 396 1142 Χριστὸν
408 1107 544 1141 λέγοντες,
558 1107 676 1143 φανεσρδν
690 1108 731 1134 ὅτι
745 1107 905 1143 ἀσύμφωνοι
917 1108 1001 1144 ἀλλή-

211 1153 265 1180 λων
284 1154 356 1185 ἐστὲ,
371 1154 407 1188 πῆ
426 1153 477 1188 μὲν
495 1153 703 1188 ὁμολογοῦντες,
720 1154 760 1189 πῆ
775 1154 803 1180 δὲ
824 1154 1002 1189 ἀπαρνούμε-

211 1207 262 1227 νοι.
280 1199 330 1226 Διά
348 1199 397 1234 μὲν
413 1199 467 1234 γὰρ
478 1199 523 1225 τοῦ
537 1199 574 1234 μὴ
588 1199 716 1234 ἀριθμεῖν
731 1200 780 1232 τὴν
795 1200 936 1236 διαφορὰν,
953 1200 1003 1231 τὰς

213 1245 310 1280 φύσεις
326 1246 475 1281 ἀναιρεῖτε,
494 1246 538 1272 διὰ
552 1245 581 1272 δὲ
606 1246 653 1272 τοῦ
671 1246 795 1281 ἀναιρεῖν
821 1247 870 1278 τὰς
895 1246 1001 1280 φύσεις,

213 1292 260 1318 καὶ
276 1291 306 1318 τὸ
324 1291 477 1326 ἀσύγχυτον
494 1291 543 1317 καὶ
554 1291 584 1317 τὸ
599 1292 735 1326 ἄτρεπτον
748 1292 817 1326 μετὰ
829 1291 879 1327 τὴν
893 1292 1001 1319 ἕνωσιν

213 1339 238 1364 si
259 1337 287 1364 δὲ
301 1337 391 1370 τοῦτο,
417 1338 463 1364 καὶ
480 1337 510 1363 τὸ
526 1337 670 1372 ὸμοούσιον
698 1337 736 1372 τῷ
754 1338 842 1373 Πατρὶ
864 1338 936 1365 κατὰ
954 1338 1004 1374 τὴν

214 1384 342 1420 θεότητα,
360 1384 408 1410 καὶ
421 1385 488 1419 ἡμῖν
500 1384 571 1411 κατὰ
589 1384 638 1418 τὴν
653 1384 863 1420 ἀνθρωπότητα.
886 1385 914 1411 '0
929 1384 957 1411 δὲ
975 1384 1004 1411 τὸ

214 1428 280 1455 αὐτὸ
296 1429 422 1464 πρᾶγμα,
439 1429 477 1463 πῆ
495 1429 543 1464 μὲν
561 1429 599 1461 ὥς
615 1430 675 1464 ἕχον
687 1429 796 1463 φύσεως
811 1429 1002 1464 ἀπαγγέλλων,

216 1473 256 1508 πῆ
275 1473 304 1499 δὲ
324 1473 362 1505 ὡς
390 1474 441 1500 οὐκ
470 1474 527 1500 ἐστι
546 1473 577 1500 τὺ
604 1474 669 1500 αὐτὸ
687 1473 726 1506 ὡς
752 1474 884 1509 πρότερον
910 1475 1004 1510 εἴρηκε

215 1518 486 1554 διισχυριζόμενος,ἢ
503 1521 687 1555 παραφρονεῖ,
700 1520 716 1555 ἢ
733 1522 894 1555 κακουργεῖ,
907 1517 944 1547 ὧν
957 1521 1004 1546 οὑ-

215 1560 325 1596 δέτερον
340 1562 414 1597 ὑμᾶς
428 1563 566 1598 εὐχόμεθα
582 1564 708 1599 πάσχειν.
725 1565 761 1591 Τὸ
773 1565 823 1600 μὲν
841 1565 896 1600 γὰρ
913 1565 1005 1592 ἄθλιον

217 1605 265 1632 καὶ
280 1607 382 1640 ἐλέους,
400 1608 430 1634 τὸ
446 1607 475 1635 δὲ
491 1609 628 1641 κολάσεως
648 1609 732 1642 ἄξιον.
750 1611 781 1637 El
802 1611 830 1637 δὲ
846 1610 901 1638 τῶν
916 1611 1006 1638 τοιού-

215 1660 271 1678 των
282 1653 360 1684 ἐκτὸς
370 1654 553 1690 ἐγκλημάτων
564 1655 653 1682 οἴεσθε
663 1657 776 1689 ἑαυτοὺς
787 1658 1006 1693 παριστᾷν,όμο-

217 1698 362 1732 λογοῦντες
374 1700 419 1726 τὸν
435 1700 497 1727 Υἱὸν
514 1700 562 1727 τοῦ
580 1701 646 1728 Θεοῦ
663 1702 734 1729 κατὰ
756 1702 871 1738 θεότητα
892 1703 964 1739 ἔχειν
977 1704 1007 1731 τὸ

216 1745 370 1779 ὀμοούσιον,
387 1747 455 1782 πρός
467 1755 497 1773 τε
508 1746 546 1782 τῷ
559 1747 619 1783 Θεῷ
632 1748 680 1775 καὶ
692 1749 790 1782 Πατρὶ,
806 1749 853 1776 καὶ
864 1751 928 1784 ἡμῖν
937 1750 1008 1777 κατὰ

216 1790 268 1824 τὴν
285 1791 497 1828 ἀνθρωπότητα,
513 1793 560 1819 καὶ
575 1793 719 1829 ἀριθμεῖτε
734 1794 858 1829 δηλονότι
871 1795 1007 1829 λέγοντες,

219 1837 272 1863 Δύο
291 1837 386 1872 φύσεις
398 1838 455 1873 ἔχει
470 1839 484 1864 ὁ
509 1839 636 1874 Χριστὸς,
658 1840 706 1866 καὶ
727 1840 756 1866 ὲν
771 1840 816 1867 δύο
831 1840 940 1875 φύσεσι,
961 1840 1008 1868 καὶ

217 1882 265 1909 δύο
279 1882 388 1917 φύσεων
398 1881 469 1910 εἶναι
484 1884 552 1919 μετὰ
567 1884 616 1920 τὴν
629 1885 725 1911 ἕνωσιν
739 1885 768 1911 ἐν
785 1887 834 1921 μιᾷ
847 1886 1006 1918 ὑποστάσει,

218 1928 265 1955 καὶ
283 1929 333 1964 τὴν
344 1930 373 1955 ὲν
386 1929 538 1964 Χαλκηδόνι
554 1929 663 1957 σύνοδον
675 1930 754 1957 τοῦτο
767 1931 935 1958 θεσπίσασαν
947 1931 1007 1966 μεθ’

219 1974 297 2009 ἡμῶν
313 1974 474 2008 σεὸάζεοθε,
487 1975 536 2002 καὶ
554 1975 641 2007 οὕτως
654 1976 803 2011 ὸρθοδόξως
817 1976 1007 2004 πολιτεύεσθαι

219 2020 358 2056 θσρρεἰτε.
368 2021 404 2047 Τὸ
415 2021 443 2047 δὲ
460 2021 562 2055 λέγειν,
579 2022 633 2048 Καὶ
648 2022 698 2058 οὺχ
714 2022 804 2057 ἁπλῆν
823 2023 1007 2058 ὁμολογοῦμεν

218 2066 273 2093 τῶν
290 2066 398 2101 φύσεων
408 2067 457 2102 τὴν
472 2067 726 2103 ἒνωσιν,θεότητος,
737 2069 821 2104 φημὶ,
837 2070 884 2096 καὶ
900 2070 1006 2106 ἀνθρω-

221 2111 348 2146 πάτητος,
369 2112 393 2138 εξ
410 2112 459 2147 μὲν
479 2112 509 2138 τὸ
527 2113 653 2140 συντεθὲν
675 2115 739 2149 μιᾶς
757 2115 946 2148 ὑποστάσεως,
962 2116 1008 2142 δύο

219 2165 250 2183 τε
268 2157 363 2192 φύσεις
380 2158 453 2193 ἔχειν
471 2159 580 2194 φαίητε,
593 2159 677 2191 ὅντως
689 2160 778 2196 ὀρθῶς
793 2161 841 2187 καὶ
857 2161 926 2196 μετὰ
941 2161 1008 2197 ἁλη-

220 2202 508 2238 θειαςλλογισθήσεσθεε
526 2205 550 2230 el
560 2204 588 2231 δὲ
596 2205 626 2231 τὺ
636 2206 668 2231 ἐκ
679 2205 814 2241 διαφόρων
825 2206 933 2240 φύσεων
945 2209 1008 2242 μιᾶς

1049 282 1078 311 Si
1094 285 1188 318 itaque
1198 283 1271 311 Deus
1304 282 1422 311 Verbum
1445 282 1540 309 unitus
1561 279 1722 308 humanitati
1750 277 1838 313 perie-

1046 334 1117 358 ctam
1138 329 1241 363 habens
1265 329 1403 360 deitatem,
1419 327 1569 363 perfectam
1590 333 1668 354 suam
1681 324 1838 352 humanitao

1050 380 1114 408 tem,
1133 375 1209 403 vobis
1219 375 1271 403 hoc
1282 375 1353 402 idem
1370 382 1424 401 non
1454 373 1652 404 abnuentibus,
1675 376 1834 404 conservat,

1048 429 1129 457 quam
1141 422 1175 450 ob
1190 428 1300 449 causam
1312 428 1344 448 ex
1361 420 1479 451 duabus,
1495 424 1521 447 et
1532 420 1560 447 in
1579 419 1684 446 duabus
1715 417 1837 448 naturis,

1048 472 1075 496 et
1106 467 1176 495 duas
1201 475 1264 495 eum
1293 471 1405 494 naturas
1430 466 1532 493 habere
1562 473 1616 492 non
1639 463 1762 496 creditis,
1789 462 1837 490 sed

1049 521 1111 542 eum
1128 514 1208 541 unius
1226 517 1330 540 natura;
1346 517 1451 540 tantum
1480 510 1683 546 pronuntiatis?
1705 509 1733 536 Si
1750 507 1840 543 perfe-

1050 565 1124 588 ctum
1144 560 1233 595 ipsum
1250 559 1277 586 in
1290 563 1404 594 utraque
1432 557 1592 593 apparuisse
1615 561 1713 583 natura
1728 555 1841 582 conﬁte-

1050 605 1130 637 mini,
1150 604 1326 633 manitestum
1340 608 1394 638 est,
1407 611 1456 631 vos
1466 603 1587 636 easdem,
1600 602 1720 629 divinam
1736 600 1840 628 scilicet

1053 655 1180 679 naturam
1211 655 1238 679 et
1269 651 1437 682 humanam,
1474 648 1633 677 diﬂ‘erentitz
1658 647 1764 675 ratione
1791 654 1842 673 nus

1042 697 1188 729 ‘meratas,
1225 705 1340 724 numero
1372 696 1523 731 subjicere,
1555 699 1584 722 et
1619 701 1674 721 non
1707 693 1842 721 exsisten-

1051 742 1095 769 tiae
1120 741 1370 773 determinatioue,
1405 740 1440 766 ita
1477 743 1572 766 sancta
1607 742 1705 773 quarta
1739 736 1843 772 synodo

1052 787 1221 822 iniungente.
1249 786 1294 813 Sic
1319 786 1346 812 irt
1375 785 1483 813 Christo
1500 785 1567 812 duas
1588 789 1700 811 naturas
1715 790 1842 810 asseren-
1867 799 1869 801 -

1053 836 1093 859 tes
1108 839 1122 859 a
1149 832 1264 859 veritate
1281 839 1335 858 non
1360 831 1507 858 aberratis.
1531 830 1609 863 Quod
1633 830 1656 857 si
1677 829 1843 856 aliirmantes

1053 878 1080 905 in
1108 878 1166 912 ipso
1188 885 1242 904 uno
1262 877 1372 904 Christo
1401 877 1520 904 divinam
1543 881 1570 903 et
1593 877 1739 903 humanam
1763 879 1843 902 natu-

1054 933 1111 952 ram
1158 924 1260 957 fuisse,
1305 928 1415 952 naturas
1462 924 1613 951 secundum
1664 923 1845 950 diﬂ'ercntiam

1051 976 1105 996 non
1133 968 1295 1000 numeratis,
1320 968 1347 995 in
1380 967 1486 995 duabus
1509 968 1626 1000 naturis,
1652 971 1678 994 et
1702 967 1770 994 duas
1796 973 1846 993 na-
1869 977 1873 981 ο

1054 1019 1130 1043 turas
1148 1014 1287 1042 Christum
1311 1014 1411 1042 habere
1430 1013 1588 1048 probantes,
1604 1014 1692 1048 palam
1719 1016 1775 1045 est,
1797 1020 1847 1040 vos

1052 1061 1123 1089 inter
1137 1069 1185 1088 vos
1204 1068 1257 1087 non
1281 1059 1437 1092 convenire,
1455 1067 1528 1087 nunc
1544 1059 1653 1094 quidem
1672 1060 1844 1091 conlitentcs,

1052 1114 1127 1134 nunc
1156 1107 1322 1142 abnegantes
1344 1115 1350 1133 :
1369 1114 1402 1133 ex
1425 1113 1457 1133 eo
1479 1105 1553 1132 enim
1571 1105 1643 1140 quod
1667 1105 1846 1132 ditl‘ercutiam

1053 1160 1107 1180 non
1132 1152 1294 1184 numeratis,
1317 1157 1430 1179 naturas
1456 1152 1567 1184 tollitis,
1597 1156 1623 1179 et
1651 1159 1683 1179 ex
1711 1159 1743 1178 eo
1773 1151 1846 1186 quod

1054 1201 1167 1224 naturas
1193 1197 1296 1229 tollitis,
1320 1196 1414 1224 tollitis
1439 1196 1520 1223 etiam
1545 1196 1732 1229 inconfusum,
1748 1201 1775 1223 et
1796 1196 1848 1223 im-

1055 1242 1186 1269 mutabile
1203 1248 1262 1277 post
1277 1242 1416 1274 unionem,
1433 1247 1459 1270 et
1477 1250 1524 1277 per
1534 1250 1707 1277 consequens
1726 1242 1847 1270 consub-

1053 1288 1181 1316 stantiale
1197 1288 1268 1315 Patri
1287 1288 1436 1316 secundum
1457 1288 1585 1315 deitatem
1596 1308 1603 1320 ,
1622 1293 1648 1315 et
1663 1288 1846 1315 consubstan-

1056 1335 1119 1362 tiale
1136 1334 1214 1362 nobis
1230 1334 1383 1361 secundum
1404 1334 1613 1361 humanitatem.
1629 1334 1680 1367 Qui
1702 1342 1768 1361 vero
1789 1342 1847 1361 rem
1862 1359 1864 1362 .

1054 1381 1179 1407 eamdem
1201 1387 1274 1407 nunc
1292 1380 1402 1414 quidem
1419 1384 1447 1407 ut
1461 1388 1489 1407 se
1502 1380 1582 1407 habet
1593 1380 1760 1414 pronuntiat,
1775 1387 1848 1407 nunc

1055 1432 1114 1452 eam
1130 1432 1183 1451 non
1198 1424 1234 1451 ita
1250 1431 1278 1450 se
1297 1423 1409 1456 habere,
1424 1428 1453 1450 ut
1467 1428 1546 1450 antea
1565 1423 1683 1456 dixerat,
1695 1424 1847 1455 contendit,

1056 1474 1103 1497 aut
1121 1475 1210 1497 mente
1235 1473 1330 1504 captus
1345 1473 1397 1500 est,
1418 1473 1464 1496 aut
1484 1469 1619 1497 malitiose
1640 1469 1705 1504 agit,
1730 1476 1847 1503 quorum

1056 1516 1123 1544 nulli
1149 1524 1183 1544 ne
1208 1516 1319 1543 obnoxii
1348 1515 1408 1543 sitis
1423 1515 1509 1543 Deum
1535 1523 1705 1549 exoramus;
1731 1515 1756 1542 id
1774 1516 1847 1542 enirn

1057 1563 1186 1589 miserum
1220 1566 1247 1589 et
1279 1561 1537 1594 commiseratione,
1581 1562 1632 1589 hoc
1669 1561 1849 1596 castigatione

1057 1609 1169 1644 dignum
1185 1612 1236 1636 est.
1251 1608 1278 1634 Si
1304 1613 1394 1635 autem
1411 1615 1460 1635 vos
1488 1608 1522 1635 ab
1549 1607 1590 1635 his
1613 1608 1850 1635 criminationibus

1058 1659 1197 1689 exemptos
1210 1654 1349 1689 judicatis,
1367 1654 1431 1681 dum
1447 1653 1582 1684 fatemini,
1606 1653 1703 1680 Filium
1734 1653 1779 1681 Dei
1804 1662 1849 1681 sc-

1059 1701 1177 1729 cundutu
1195 1700 1323 1728 deitatem
1351 1700 1453 1727 habere
1480 1704 1607 1727 naturam
1636 1699 1759 1727 eamdem
1786 1707 1848 1726 cum

1060 1748 1114 1775 Deo
1132 1747 1223 1777 Patre.
1243 1751 1271 1774 et
1293 1746 1436 1774 nobiscum
1466 1746 1618 1773 secundum
1641 1745 1849 1777 humanitatem,

1059 1799 1086 1822 et
1106 1793 1269 1826 numeratis,
1288 1793 1362 1820 verbi
1383 1793 1469 1828 gratia
1493 1793 1625 1824 dicentes,
1648 1792 1719 1819 Duas
1739 1795 1850 1819 naturas

1059 1840 1141 1868 habet
1152 1839 1290 1872 Christus,
1307 1844 1334 1866 et
1355 1839 1382 1866 in
1413 1839 1519 1866 duabus
1541 1838 1656 1870 naturis,
1680 1842 1706 1864 et
1733 1837 1849 1864 duarunt

1059 1890 1219 1913 naturarum
1249 1889 1289 1912 est
1310 1889 1372 1920 post
1388 1885 1515 1911 unionem
1538 1884 1564 1911 in
1584 1892 1637 1912 una
1661 1884 1810 1919 hypostasi.
1825 1888 1852 1911 et

1061 1931 1312 1959 Chalcedonensem
1340 1931 1474 1966 synodum
1494 1930 1559 1957 illud
1581 1930 1773 1957 decernentent
1799 1937 1850 1956 ιιο-

1061 1977 1168 2004 biscum
1198 1976 1378 2008 venerantini,
1412 1977 1452 2003 sic
1483 1980 1511 2003 ut
1536 1975 1682 2003 orthodoxi
1701 1976 1744 2009 pie
1769 1975 1851 2001 vitam

1059 2028 1179 2058 agentes,
1191 2023 1262 2050 bono
1277 2023 1337 2050 sitis
1354 2023 1456 2049 animo.
1485 2022 1531 2049 Sic
1557 2022 1657 2053 dicere.
1676 2021 1734 2048 Non
1746 2021 1852 2055 simpli-

1061 2077 1119 2097 cem
1136 2069 1298 2096 conlitemur
1310 2073 1470 2095 naturarum
1485 2067 1626 2101 unionem,
1636 2068 1743 2095 deitatis
1755 2076 1851 2100 nempe

1060 2120 1087 2142 et
1114 2115 1303 2147 humanitatis,
1333 2114 1356 2142 si
1386 2114 1566 2149 compositum
1592 2114 1672 2141 unius
1696 2114 1851 2148 hypostasis

1060 2161 1129 2188 duas
1143 2165 1256 2188 naturas
1268 2160 1369 2187 habere
1396 2159 1588 2187 concesseritis
1601 2179 1609 2191 ,
1631 2164 1704 2187 recte
1723 2159 1848 2194 cquiiem

1060 2214 1111 2233 nec
1127 2205 1195 2233 citra
1211 2205 1353 2233 veritatetu
1371 2205 1534 2240 opinamini.
1559 2205 1664 2238 Quodsi
1689 2213 1721 2232 ex
1736 2205 1852 2232 diversis

222 2248 350 2276 συνθέτου
365 2249 472 2284 φύσεως
486 2250 663 2277 ἁποτελεσθὲν
676 2251 802 2286 καθάπερ
811 2252 852 2278 ἐπ’
864 2252 1005 2288 ἀνθρώπου

1063 2251 1169 2278 naturis
1186 2251 1268 2278 utrius
1289 2251 1448 2285 composita:
1478 2255 1583 2277 natura“:
1606 2250 1743 2281 eﬂ‘ectum.
1768 2254 1796 2277 ut
1819 2250 1852 2277 de

220 2294 254 2320 ὲκ
264 2293 353 2330 ψυχῆς
367 2295 413 2321 καὶ
428 2295 553 2329 σώματος
566 2295 614 2330 μία
623 2295 704 2330 φύσις
724 2296 906 2330 ἀποτελεῖται,
923 2297 1009 2330 οὕτως

221 2339 388 2374 ὁμολογεῖτε,
405 2341 522 2377 φανερὸν
537 2342 578 2368 ὅτι
591 2341 641 2373 τὰς
653 2342 756 2374 οἰκείας
770 2342 916 2378 ὁμολογίας
932 2345 1010 2371 ἀναι-

225 2386 308 2420 ρεῖτε.
321 2386 462 2413 Δέδεικται
479 2386 533 2422 γὰρ
554 2386 598 2414 διὰ
615 2387 720 2414 πολλῶν
735 2388 889 2424 ἔμπροσθεν
905 2390 1010 2425 ἐπιχει-

225 2432 419 2466 ρημάτων,ιὸτι
434 2433 468 2459 τὰ
488 2433 649 2468 ἀσυγχύτως
666 2434 855 2469 συντιθέμενα,
874 2435 921 2462 καὶ
946 2436 1010 2471 μίαν

224 2477 305 2512 φύσιν
324 2479 518 2511 ἀποτελοῦντα,
541 2481 609 2515 μήτε
627 2480 696 2507 αὐτὰ
712 2480 780 2515 πρὸς
799 2481 832 2508 τὰ
847 2481 876 2514 ἐξ
892 2478 929 2508 ὦν
947 2491 1009 2509 συν-

223 2523 302 2559 ετέθη
332 2524 480 2560 ὁμοούσια,
500 2525 516 2560 ἢ
539 2526 648 2561 ὁμοφυῆ
679 2525 760 2560 εἶναι,
792 2527 809 2562 ἢ
827 2527 861 2554 τὰ
881 2528 933 2555 ὑπὸ
960 2529 1011 2564 τῆς

223 2569 378 2603 κοινότητος
402 2570 492 2597 αὐτῶν
507 2571 664 2606 ἀναγόμενα
676 2571 775 2607 ἄτομα.
794 2573 826 2599 El
842 2573 871 2599 δὲ
897 2573 984 2605 τοῦτο,
999 2575 1012 2600 ὁ

223 2614 342 2648 Χριστὸς
358 2615 407 2651 οὐχ
432 2617 574 2651 ὀμοούσιος
588 2617 627 2653 τῷ
641 2617 699 2652 Θεῷ
717 2618 764 2644 καὶ
778 2619 865 2654 Πατρὶ
880 2620 950 2646 κατὰ
962 2620 1011 2654 τὴν

224 2660 350 2695 θεότητα,
365 2662 412 2688 καὶ
426 2663 493 2697 ἡμῖν
519 2663 589 2690 κατὰ
603 2663 653 2699 τὴν
668 2663 877 2698 ἀνθρωπότητα.
893 2665 924 2692 Εἰ
942 2665 970 2692 δὲ
982 2665 1011 2692 τὸ

222 2705 364 2740 ὁμοούσιον
383 2708 430 2733 καὶ
444 2709 473 2733 ὲν
488 2709 521 2742 τῇ
540 2707 635 2735 ἑνώσει
660 2709 787 2744 βούλεσθε
810 2709 963 2743 διασώζειν,
981 2711 1011 2737 τὸ

222 2750 345 2784 δοξάζειν
369 2753 433 2788 μίαν
452 2753 533 2787 φύσιν
550 2754 595 2780 ἐπὶ
614 2755 734 2789 Χριστοῦ
755 2756 785 2787 ἐξ
800 2756 877 2791 ὑμῶν
893 2757 1010 2793 ἀπορρι-

222 2797 303 2831 ψατε.
321 2798 376 2824 Καὶ
388 2798 475 2826 ταῦτα
492 2800 541 2834 μὲν
555 2800 589 2826 τὰ
603 2801 722 2835 ἑπόμενα
736 2801 824 2828 ἄτοπα
839 2802 870 2828 ἐκ
880 2801 935 2828 τῶν
947 2803 1011 2837 παρ’

222 2842 288 2876 ὑμῖν
306 2842 530 2879 ὁμολογουμένων
556 2844 603 2870 ἐπὶ
633 2845 682 2880 τῆς
708 2845 754 2872 τοῦ
781 2845 846 2871 Υἱοῢ
869 2846 916 2872 τοῦ
943 2845 1011 2872 Θεοῦ

225 2887 411 2922 συμϐαίνοντα
440 2890 683 2927 ἐνανθρωπήσεως,
709 2891 753 2919 διὰ
777 2891 805 2919 τὸ
835 2892 872 2928 μὴ
895 2891 1010 2920 ἔπεσθαι

1062 2297 1178 2324 homine
1192 2305 1225 2323 ex
1241 2296 1333 2324 anima
1353 2300 1379 2324 et
1404 2303 1520 2331 corpore
1545 2305 1598 2323 una
1613 2301 1710 2323 natttra
1726 2296 1851 2328 edicitur,

1063 2342 1113 2370 hac
1130 2343 1235 2369 ratione
1248 2342 1425 2378 proﬁtemini,
1439 2341 1613 2369 manifestum
1623 2347 1675 2374 est,
1685 2350 1733 2369 vos
1748 2346 1852 2370 vestras

1062 2387 1250 2416 confessiones
1284 2388 1443 2416 destruere:
1461 2393 1538 2414 antea
1572 2388 1643 2415 enim
1662 2387 1755 2415 multis
1772 2395 1853 2422 avgu-

1063 2435 1276 2462 mentationibus
1288 2434 1507 2462 demonstratum
1524 2439 1576 2466 est,
1588 2442 1618 2461 ea
1636 2442 1697 2469 qua:
1710 2433 1852 2461 inconl‘usc

1062 2481 1194 2508 uniun’tur
1209 2484 1236 2508 et
1260 2488 1341 2508 unam
1359 2485 1484 2507 naturam
1495 2480 1624 2513 cliieiunt,
1641 2488 1695 2508 non
1712 2487 1772 2508 esse
1789 2488 1851 2509 cum

1062 2526 1126 2560 illis,
1155 2533 1188 2553 ex
1217 2526 1317 2561 quibus
1335 2526 1485 2561 composita
1515 2531 1590 2558 sunt,
1618 2534 1705 2560 neque
1727 2527 1850 2561 ejusdem

1062 2572 1204 2605 essentim,
1227 2579 1314 2607 neque
1342 2572 1463 2607 ejusdem
1494 2577 1611 2604 naturas,
1640 2576 1687 2599 aut
1716 2581 1776 2607 qtue
1799 2573 1852 2600 sub

1063 2619 1239 2651 universitate
1253 2626 1345 2645 eorum
1374 2618 1529 2645 referuntur
1546 2618 1694 2645 individua.
1708 2619 1736 2645 id
1757 2619 1778 2646 si
1797 2623 1849 2650 est,

1062 2661 1190 2689 Christus
1220 2670 1274 2689 non
1303 2662 1353 2688 erit
1382 2663 1624 2690 consubstantialis
1645 2663 1699 2690 Deo
1731 2668 1758 2690 et
1777 2662 1850 2689 Patri

1065 2708 1215 2735 secundum
1233 2708 1372 2741 deitatem,
1390 2713 1417 2735 et
1433 2709 1512 2736 nobis
1533 2708 1682 2736 secundum
1693 2709 1850 2735 humanita~

1065 2759 1128 2782 tem.
1148 2754 1224 2787 Quod
1238 2754 1260 2782 si
1277 2755 1508 2783 consubstantialc
1524 2756 1605 2782 etiam
1631 2755 1658 2781 in
1672 2754 1771 2781 unione
1786 2762 1851 2782 con-

1065 2807 1174 2828 servare
1186 2801 1363 2835 prmtenditis,
1390 2808 1471 2828 unam
1498 2801 1524 2827 in
1541 2800 1652 2827 Christo
1667 2804 1792 2827 naturam
1810 2805 1850 2828 tc-

1064 2855 1139 2879 ncre,
1169 2855 1184 2874 a
1207 2847 1284 2875 vobis
1314 2847 1432 2882 abjicite.
1460 2847 1491 2874 Et
1513 2847 1570 2874 haec
1597 2846 1706 2882 quidem
1731 2839 1850 2875 absurda

1064 2899 1270 2929 consequuntur
1284 2902 1317 2922 cx
1345 2893 1390 2927 iis,
1419 2901 1479 2928 quae
1504 2900 1519 2920 a
1536 2892 1610 2921 vobis
1633 2897 1794 2921 astruuntur
1817 2893 1850 2921 de
