2092 3156
244 177 299 210 663

882 181 908 212 Ν
910 181 1029 212 ICET/E
1049 182 1251 215 BYZANTINI

1830 186 1883 219 664

245 237 308 265 l-‘ilii
337 237 382 265 Dei
409 237 610 272 incarnatione,
639 239 712 274 quod
739 247 788 268 vos
813 248 868 268 non
896 242 1041 277 sequimini

1098 246 1171 281 ὑμᾶς
1184 246 1217 280 τῇ
1229 245 1296 281 ὀρθῇ
1314 245 1363 279 τῆς
1379 245 1433 272 τῶν
1447 244 1623 280 Χριστιανῶν
1647 244 1766 277 πίστεως
1778 246 1885 274 ἐκθέσει

246 289 348 312 rectam
366 285 529 313 Christianae
551 287 611 314 fidei
632 287 805 315 traditionem
823 295 838 315 a
865 289 1038 316 sanctissima

245 337 273 359 ct
285 332 453 360 mcumenica
470 332 685 361 Chalcedonensi
705 334 810 370 synodo
822 335 971 370 traditam.
1000 334 1040 362 Ex

245 386 279 405 eo
295 386 377 413 porro
388 378 460 414 quod
478 386 525 406 vos
542 379 615 407 illius
640 388 705 407 sana
725 368 916 416 exquisitaque
929 381 1039 408 decreta

228 464 235 468 ⁵
247 425 408 459 improbatis
434 425 626 458 inverecunde,
644 426 700 453 imo
716 427 800 455 stulte
815 427 978 462 intelligitis,
994 435 1039 455 er-

245 471 367 505 ratisque
384 471 454 498 circa
466 479 572 506 ea,qute
587 472 818 501 deincarnatione
831 474 962 509 unigeniti
978 473 1038 501 Filii

244 516 292 544 Dei
311 523 337 544 et
347 517 453 544 Domini
466 519 552 546 nostri
563 518 627 546 Jesu
640 519 741 546 Christi
751 519 952 550 dieuntur.h:ec
961 524 1036 547 sunt.

279 564 323 591 25.
346 563 504 592 Concursus
528 569 619 592 autem
649 565 796 593 dictionem
827 565 946 601 vulgaris
974 565 1039 592 futi«

243 609 331 644 lisque
345 611 492 645 plebeculte
509 619 574 638 usus
595 611 628 639 de
652 611 770 644 duobus,
786 616 833 639 aut
853 612 977 647 pluribus
992 612 1040 639 de-

243 657 424 690 ccrtantibus,
440 662 486 684 aut
501 665 583 692 equo,
602 658 774 694 pedibusque
784 659 818 686 de
830 667 912 687 cttrsu
926 664 1039 687 conten-

243 705 374 732 dentibus
391 705 502 738 accipit,
518 710 546 732 at
561 705 726 740 sapientium
742 706 861 733 virorum
887 711 1039 741 conceptus

243 760 299 779 non
315 752 366 780 hoc
382 752 573 779 tantummodo
604 757 700 780 notare
716 760 881 780 concursum
907 753 973 786 vult,
991 753 1039 781 sed

243 804 270 826 ct
284 799 413 830 duarum.
440 802 487 826 aut
510 798 630 833 plurium
649 806 738 825 rerum
760 799 874 827 celerem
890 807 922 826 ac
936 799 1039 827 subita-

243 853 322 873 ncam
336 846 362 872 in
384 845 454 872 idem
477 845 581 880 absque
604 845 659 871 ullo
678 845 810 880 temporis
831 845 973 872 intervallo
987 849 1039 872 ter-

243 891 433 923 minationem,
462 891 693 925 quemadmodum
713 891 739 918 in
766 891 915 926 paralytico
935 890 1037 918 factum

243 938 407 973 agnovimus
428 945 434 963 :
452 938 544 965 statim
578 938 651 964 enim
673 941 755 972 atque
781 932 850 965 dixit
881 937 1036 964 Dominus:

243 984 339 1020 Surge,
357 988 380 1011 et
397 983 516 1015 ambula,
534 983 638 1016 Subito,
661 984 699 1010 ait
724 983 902 1018 evangelista,
920 983 1036 1010 stu-rexit

242 1037 266 1058 et
282 1030 437 1058 ambulabat
455 1031 486 1056 ¹⁰.
503 1029 646 1058 Pcrnicem
672 1030 764 1065 itaque
782 1029 914 1056 Dominici
931 1029 1039 1063 imperii

243 1077 445 1105 absolutionem
466 1085 528 1104 cum
553 1076 696 1112 paralytici
723 1076 840 1104 sanitate
872 1083 1037 1104 concursum

243 1125 386 1160 sapientes
415 1129 594 1159 nuncupant;
621 1123 701 1151 simul
724 1124 796 1150 enim
815 1130 877 1150 cum
898 1122 1040 1149 Dominica

241 1171 367 1206 jussione
397 1170 520 1198 hominis
547 1170 651 1197 sanitas
669 1169 803 1196 cucurrit.
825 1168 959 1196 Similiter
969 1172 997 1195 et
1012 1167 1039 1195 in

244 1226 324 1246 socro
340 1217 424 1251 Petri,
452 1222 480 1245 et
500 1217 584 1244 maris
611 1215 810 1250 increpatione,
834 1219 861 1242 et
892 1214 1039 1242 similibus.

243 1264 340 1290 Patres
362 1263 456 1297 itaque
468 1262 585 1288 duarum
611 1267 772 1288 naturarum
787 1260 814 1287 in
832 1259 926 1287 eodem
942 1263 968 1287 et
986 1267 1041 1286 uno

243 1309 355 1336 Christo
369 1308 485 1335 Domino
501 1311 597 1335 nostro
607 1313 774 1333 concursum
792 1309 961 1337 astruentes,
972 1303 1041 1331 nihil

244 1354 317 1381 aliud
341 1354 455 1381 innuere
474 1353 613 1383 videntur,
642 1359 724 1386 quam
751 1351 820 1377 citra
840 1350 925 1378 ullam
944 1357 1043 1385 exspe-

243 1401 405 1433 ctationem,
421 1406 447 1428 et
463 1400 565 1435 absque
579 1399 634 1426 ullo
650 1398 779 1433 temporis
794 1397 948 1429 intervallo,
960 1396 1043 1424 simul

243 1452 325 1482 atque
347 1445 532 1474 Exer-lsissimi
548 1445 635 1472 virtus
665 1451 773 1479 seraper
792 1442 898 1478 Virgini
920 1442 1043 1478 Deiparat

245 1493 430 1525 obumbravit,
448 1492 565 1520 duarum
580 1496 742 1519 naturarum
760 1491 889 1518 unionem
908 1490 1041 1517 elfecisse.

245 1541 302 1568 Vos
310 1549 373 1568 vero
391 1540 542 1568 secundum
557 1539 675 1574 priorem
695 1537 877 1573 significatum
892 1543 1044 1564 concursus

245 1588 343 1615 divina:
373 1595 435 1614 rum
457 1587 576 1613 humana
598 1589 696 1612 natura
719 1584 848 1611 unionem
866 1583 1042 1618 accipientes,

245 1634 360 1661 divisam
378 1637 403 1659 et
431 1632 544 1666 propria
567 1630 708 1666 bypostasi
730 1629 925 1657 subsistentem
938 1633 1044 1656 utram-

246 1689 300 1716 qun
329 1681 477 1707 essentiam
514 1679 608 1706 Patres
641 1678 794 1705 asseruisse
818 1675 1043 1704 calumniamini:

246 1731 424 1760 vestramque
451 1725 650 1761 ignorationem
686 1715 800 1751 Patrum
841 1722 1043 1758 blasphemiam

246 1774 311 1804 rati.
337 1773 416 1807 longe
443 1780 457 1799 a
482 1771 608 1804 veritate,
627 1775 663 1804 et,
689 1770 762 1805 quod
787 1769 858 1796 idem
879 1773 931 1801 est,
956 1768 1045 1796 salute

247 1820 407 1848 aberrastis.
446 1819 541 1846 Edoeti
570 1818 662 1853 itaque
690 1821 718 1844 et.
748 1816 864 1851 hujusce
892 1822 1045 1843 concursus

247 1866 444 1903 significatum,
460 1870 486 1893 et
503 1872 582 1892 usum
599 1864 626 1891 in
646 1863 708 1890 Filii
727 1862 774 1889 Dei
799 1861 999 1892 incarnatione,
1011 1867 1044 1887 ex

246 1921 277 1942 ca
297 1921 357 1948 quae
382 1913 416 1939 ab
427 1911 598 1947 ignoratione
612 1906 1042 1938 oriturmaledicentiareccdite.

247 1966 276 1990 et
290 1962 317 1988 in
334 1964 457 1988 exactam
475 1960 591 1986 duarum
609 1962 770 1984 naturarum
787 1955 814 1982 in
835 1954 945 1982 Christo
964 1953 1044 1980 unio-

246 2015 322 2039 nem,
339 2014 422 2042 quam
441 2013 491 2032 nos
505 2009 626 2035 tuemur,
649 2001 799 2037 confugite.
823 1999 947 2035 Namque
963 2006 996 2026 ex
1011 2005 1044 2025 eo

247 2051 454 2088 conscqucmini
472 2051 591 2086 primum
616 2048 726 2084 quidem
750 2051 826 2075 catos
851 2045 1045 2081 sapientesque

246 2100 379 2135 reputari,
394 2097 569 2134 postmodum
599 2096 753 2126 veritatem,
773 2093 799 2120 in
827 2092 926 2128 quibus
948 2091 1045 2118 decer-

245 2147 325 2178 nitis,
342 2144 453 2174 sectari.
471 2142 574 2177 Quodsi
591 2140 717 2169 nonnulli
729 2148 762 2168 ex
775 2139 910 2167 haereticis
927 2145 1044 2165 cortcur-

247 2201 295 2222 sus
308 2200 407 2220 nomen
423 2189 575 2218 secundum
593 2189 714 2224 primum
734 2186 917 2221 signiﬁcatum
935 2185 961 2212 in
978 2192 1043 2220 pr0«

247 2240 300 2276 prii
324 2237 459 2274 dogmatis
483 2235 627 2263 subdolam
660 2233 785 2261 fraudem
811 2236 1041 2266 assumpserunt,

247 2287 364 2320 ideoque
377 2284 442 2311 illud
461 2282 576 2317 rejicitis
591 2281 617 2307 in
636 2279 738 2308 unione
750 2278 848 2306 divina:
862 2278 1044 2312 humanaeque

248 2338 353 2360 naturae
361 2331 443 2358 unius
455 2328 563 2356 Domini
582 2327 669 2354 nostri
680 2325 744 2353 Jesu
760 2325 873 2356 Christi,
893 2332 966 2352 nunc
979 2331 1041 2352 cum

248 2381 363 2407 alterum
379 2378 452 2405 illius
478 2375 662 2411 signiﬁcatum
680 2372 926 2407 apprehenderitis,
955 2371 1043 2405 deque

248 2424 350 2452 unione
375 2422 483 2449 iii-mum
504 2419 577 2447 illius
599 2427 631 2446 ac
647 2419 761 2453 icautum
779 2417 919 2450 callentes,
933 2423 994 2444 eum
1014 2415 1042 2442 in

249 2475 388 2506 posterum
411 2476 445 2495 ne
472 2465 616 2501 negligatis
635 2474 642 2491 :
664 2472 753 2500 neque
772 2463 843 2492 enim
863 2462 1042 2498 tequivocatio

249 2525 361 2549 eorum,
392 2516 438 2552 qui
467 2522 520 2542 non
548 2514 584 2540 ita
610 2520 639 2540 se
675 2512 784 2544 habent,
815 2511 923 2545 proprie
954 2510 990 2536 ita
1013 2517 1043 2536 se

249 2565 377 2593 habentia
421 2560 549 2590 destruit.
588 2558 703 2592 Quando
732 2565 797 2584 vero
839 2556 886 2583 uni
925 2555 1042 2582 Domino

248 2617 346 2640 nostro
374 2610 437 2637 .Irsu
470 2607 581 2635 Christo
609 2612 706 2633 omnes
726 2611 781 2631 uno
807 2610 956 2633 consensu.
983 2609 1042 2636 quae

248 2658 276 2684 in
315 2655 461 2690 Evangelio
509 2653 684 2681 referuntur,
729 2649 834 2684 deiecta
877 2647 1042 2681 excelsaque

248 2703 417 2733 vindicatis.
456 2707 590 2735 corporeo
630 2698 854 2736 .incorporcoque
898 2694 1039 2728 insepara-

250 2750 339 2777 biliter
369 2747 568 2782 inconfuseque
605 2745 632 2772 in
663 2751 695 2771 eo
718 2741 901 2774 conservatis,
931 2741 1044 2768 cuinam

250 2804 282 2823 ex
294 2796 411 2827 naturis,
428 2802 489 2830 qua:
505 2794 531 2820 in
547 2800 602 2820 uno
615 2790 726 2818 Christo
739 2793 927 2817 convenerunt
937 2787 1043 2821 di-jecta

251 2842 409 2874 ascribetis,
431 2840 512 2876 quale
527 2838 593 2866 illud
619 2836 701 2865 fuerit
719 2835 851 2871 proﬁcere
867 2837 957 2867 actate,
970 2833 1043 2861 cola-

289 2931 312 2948 “
331 2930 425 2958 Matth.
447 2937 486 2964 ix,
502 2929 528 2957 5.

1092 293 1169 329 παρὰ
1182 293 1233 328 τῆς
1247 292 1402 328 ἁγιωτάτης
1416 293 1462 319 καὶ
1477 292 1673 327 οίκουμενικῆς
1688 293 1717 319 ἐν
1730 292 1885 328 Χαλκηδόνι

1090 340 1225 376 τετάρτης
1247 339 1369 366 συνόδου.
1395 340 1428 365 Ἀ
1441 339 1469 365 δὲ
1491 339 1524 365 δι’
1544 339 1610 365 αὑτὴ
1628 339 1707 366 τοῦτο
1731 339 1762 365 τὸ
1780 340 1886 367 ἀθετεῖν

1092 387 1165 422 ὑμᾶς
1180 386 1213 418 τὰ
1226 386 1327 422 ἀκριῦῆ
1346 386 1448 421 ταύτης
1459 386 1582 421 δόγματα
1598 385 1725 419 ἀναιδῶς,
1743 386 1843 422 μᾶλλον
1857 387 1886 413 δὲ

1091 426 1206 467 ἀμαθῶς
1224 433 1319 465 νοεῖτε,
1337 432 1384 459 καὶ
1406 433 1580 467 ἁμαρτάνετε
1603 432 1668 467 περὶ
1691 432 1726 459 τὰ
1752 432 1887 468 λεγόμενα

1092 479 1140 505 ἐπὶ
1157 480 1191 514 τῇ
1206 478 1414 514 ὲνανθρωπήσει
1424 477 1471 504 τοῦ
1487 478 1649 513 μονογενοῦς
1665 477 1731 504 Υίοῦ
1744 478 1791 505 τοῦ
1806 478 1885 511 Θεοῦ,

1092 524 1197 559 Κυρίου
1213 524 1242 550 δὲ
1259 523 1337 559 ἡμῶν
1359 523 1447 558 Ἰησοῦ
1464 522 1584 558 Χριστοῦ
1596 523 1682 550 ταῦτά
1698 524 1767 550 ἐστι.

1128 569 1181 604 κγ’.
1205 570 1261 606 Τὴν
1287 570 1315 597 δὲ
1339 570 1490 604 λεγομένην
1517 569 1680 605 συνδρομὴν,
1706 570 1723 604 ἡ
1758 569 1807 604 μὲν
1838 569 1886 596 τοῦ

1093 617 1191 644 πολλοῦ
1209 617 1257 644 καὶ
1280 616 1456 652 ἀγυρτώδους
1470 615 1537 642 λαοῦ
1553 616 1663 651 χρῆσις,
1678 615 1725 642 ἐπί
1740 624 1821 642 τινων
1840 616 1887 643 δύο
1902 622 1908 628 ·

1091 664 1108 700 ἢ
1141 664 1189 691 καὶ
1217 663 1348 690 πλειόνων
1380 663 1602 698 ἁμιλλωμένων,
1630 661 1826 697 ἱππαζομένων
1857 671 1887 689 τε

1090 711 1138 738 καὶ
1160 710 1229 746 πεζῇ
1242 711 1287 737 τὸν
1301 709 1399 746 δρόμον
1412 709 1577 742 ὲξανυόντων
1595 709 1815 745 παραλαμϐάνει·
1829 710 1845 744 ἡ
1857 709 1887 736 δὲ

1091 757 1145 784 τῶν
1163 756 1253 792 σοφῶν
1267 756 1370 792 ἀνδρῶν
1385 755 1498 788 διάνοια,
1514 756 1545 782 οὑ
1568 755 1647 782 τοῦτο
1674 755 1755 790 μόνον
1783 755 1886 790 σημαί-

1090 813 1148 831 νειν
1175 803 1225 838 τὴν
1254 802 1407 838 συνδρομὴν
1436 801 1572 837 βούλεται,
1598 801 1667 828 ἀλλὰ
1695 802 1742 828 καὶ
1765 802 1814 837 τὴν
1840 801 1888 828 δύο

1091 850 1174 879 τινῶν
1187 851 1203 886 ἢ
1217 851 1263 878 καὶ
1282 850 1415 877 πλειόνων
1431 850 1604 885 πραγμάτων
1616 849 1706 881 ὀξεῖαν
1731 849 1779 876 καὶ
1797 849 1886 884 ἁλιαρῆ

1055 917 1076 945 Β
1091 899 1130 930 είς
1140 897 1224 925 ταυτδ
1252 896 1407 933 περάτωσιν
1423 896 1523 928 παντὸς
1546 896 1672 932 κρονικοῦ
1697 896 1884 931 διαστήματος

1091 943 1166 974 ἄνευ.
1179 943 1217 974 ὡς
1228 943 1275 970 ἐπὶ
1288 942 1335 969 τοῦ
1345 941 1532 977 παραλυτικοῦ
1543 941 1622 967 τοῦτο
1629 941 1741 975 γεγονὸς
1752 940 1885 974 ἔγνωμεν.

1092 991 1167 1025 ’Ἅμα
1182 990 1237 1026 γὰρ
1261 989 1314 1024 ἔφη
1328 990 1342 1016 ό
1366 988 1479 1024 Κύριος,
1495 989 1625 1023 Ἐγειραι
1646 988 1695 1015 καί
1715 987 1886 1022 περιπάτει,

1091 1037 1221 1070 Εὐθέως,
1240 1036 1322 1071 φησὶν
1344 1036 1357 1063 ὁ
1380 1034 1588 1070 εύαγγελιστὴς,
1608 1034 1722 1068 ἀνέστη
1757 1033 1807 1060 καί
1833 1042 1888 1060 πε-

1088 1083 1233 1118 ριεπάτει.
1249 1082 1305 1118 Τὴν
1326 1079 1373 1109 οῦν
1387 1081 1478 1113 ὀξεῖαν
1498 1080 1549 1116 τῆς
1574 1079 1749 1116 προστάξεως
1769 1080 1815 1107 τοῦ
1830 1081 1888 1106 Κυ-¹

1093 1131 1152 1167 ρίου
1180 1129 1321 1165 πλήρωσιν
1353 1127 1422 1163 μετὰ
1445 1127 1495 1162 τῆς
1520 1125 1568 1153 τοῦ
1595 1126 1753 1161 παραλύτου
1782 1126 1887 1160 ὑγείας,

1093 1176 1245 1212 συνδρομὴν
1272 1175 1297 1201 οι
1324 1173 1402 1209 σοφοὶ
1431 1172 1554 1207 λέγουσι.
1585 1172 1741 1208 Συνέδραμε
1770 1172 1825 1206 γὰρ
1852 1172 1887 1207 τῇ

1092 1223 1245 1257 Δεσποτικῇ
1276 1220 1400 1248 κελεύσει
1425 1220 1473 1246 καὶ
1494 1220 1510 1248 ἡ
1543 1218 1589 1244 τοῦ
1617 1217 1763 1254 ἀνθρώπου
1796 1217 1886 1251 ὑγεία.

1099 1269 1216 1305 Ὁμοίως
1230 1268 1277 1295 καὶ
1292 1267 1339 1294 ἐπὶ
1356 1267 1406 1302 τῆς
1423 1266 1470 1293 τοῦ
1487 1265 1592 1300 Πέτρου
1604 1264 1749 1300 πενθερᾶς,
1776 1264 1823 1290 καὶ
1837 1263 1888 1297 τῆς

1094 1316 1279 1351 ἐπιτιμήσεως
1306 1314 1357 1349 τῆς
1381 1313 1530 1346 θαλάσσης,
1552 1312 1599 1339 καὶ
1623 1311 1676 1338 τῶν
1700 1310 1839 1337 τοιούτων.
1854 1310 1887 1337 Ol.

1094 1361 1140 1390 οὖν
1158 1362 1278 1398 Πατέρες
1296 1360 1448 1396 συνδρομὴν
1461 1360 1586 1394 λέγοντες
1606 1359 1660 1385 τῶν
1676 1358 1723 1385 δύο
1737 1357 1844 1392 φύσεων
1859 1358 1888 1383 ἐν

1094 1411 1134 1446 τῷ
1155 1410 1230 1445 αὑτῷ
1255 1410 1302 1437 καὶ
1324 1409 1365 1435 ἑνὶ
1392 1407 1505 1443 Χριστῷ
1520 1406 1559 1442 τῷ
1577 1406 1672 1441 Κυρίῳ
1705 1404 1795 1440 ἡμῶν,
1811 1404 1888 1431 οὐδὲν

1095 1458 1160 1486 ἄλλο
1176 1456 1273 1492 δηλοῦν
1290 1455 1441 1490 φαίνονται,
1459 1454 1475 1489 ἢ
1491 1454 1531 1480 ὅτι
1549 1453 1639 1487 πάσης
1655 1452 1796 1487 ἀναμονῆς
1806 1451 1886 1482 ἐκτὸς

1095 1503 1142 1529 καὶ
1161 1501 1262 1534 παντὸς
1277 1499 1404 1536 χρονικοῦ
1421 1499 1605 1533 διαστήματος
1621 1497 1679 1532 ἅμα
1692 1496 1856 1523 ἐπεσκίασεν
1870 1495 1887 1530 ή

1096 1549 1143 1576 τοῦ
1159 1548 1288 1583 Ὑψίστου
1305 1547 1420 1581 δύναμις
1434 1547 1467 1582 τῇ
1489 1543 1675 1580 Ἀειπαρθένῳ
1692 1542 1826 1577 Θεοτόκῳ,
1840 1541 1890 1575 τὴν

1057 1596 1079 1625 C.
1096 1595 1150 1622 τῶν
1165 1594 1212 1621 δύο
1228 1593 1335 1628 φύσεων
1342 1592 1440 1619 ἕνωσιν
1451 1590 1649 1626 ἀπειργάσατο.
1664 1589 1759 1624 Ὑμεῖς
1773 1588 1801 1615 δὲ
1819 1587 1889 1614 κατὰ

1097 1641 1145 1676 τὴν
1169 1641 1305 1676 προτέραν
1323 1638 1462 1674 σημασίαν
1478 1638 1528 1672 τῆς
1549 1637 1702 1671 συνδρομῆς
1721 1635 1770 1670 τὴν
1793 1634 1890 1661 ἕνωσιν

1095 1688 1145 1723 τῆς
1160 1687 1254 1722 θεῖκῆς
1275 1686 1382 1721 φύσεως
1406 1684 1475 1720 μετὰ
1498 1684 1547 1718 τῆς
1560 1682 1733 1718 ἀνθρωπίνης
1749 1680 1890 1715 ἐκλαμϐα-

1096 1736 1222 1770 νόμενοι,
1251 1732 1409 1769 διαιρετὴν,
1438 1732 1485 1758 καὶ
1519 1730 1581 1758 καθ’
1610 1729 1710 1764 ἑαυτὴν
1741 1727 1890 1762 ὑφεστάναι

1095 1780 1230 1816 ἑκατέραν
1245 1779 1300 1806 τῶν
1322 1777 1422 1805 οὐσιῶν
1449 1777 1513 1808 τοὺς
1529 1776 1654 1811 Πατέρας
1676 1773 1820 1810 εἰρηκέναι
1845 1781 1890 1799 συ-

1095 1827 1268 1862 κοφαντεῖτε,
1296 1825 1344 1852 καὶ
1367 1824 1417 1859 τὴν
1440 1823 1579 1859 ὑμετέραν
1605 1823 1727 1855 ἄγνοιαν,
1748 1819 1889 1854 Πατρικὴν

1096 1871 1273 1907 βλασφημίαν
1303 1869 1430 1905 οἰόμενοι,
1461 1867 1571 1903 μακρὰν
1596 1866 1647 1902 τῆς
1673 1865 1812 1900 ἀληθείας,
1842 1863 1890 1890 καὶ

1094 1919 1194 1946 ταυτὸν
1217 1918 1309 1952 φάναι,
1334 1915 1385 1950 τῆς
1407 1913 1554 1948 σωτηρίας,
1575 1911 1816 1946 ἀποπεπλάνησθε.
1831 1911 1890 1937 Με-

1097 1963 1251 2001 μαθηκότες
1286 1958 1332 1989 οὖν
1367 1960 1416 1988 καὶ
1441 1959 1544 1994 ταύτης
1573 1958 1623 1993 τῆς
1654 1957 1808 1992 συνδρομῆς
1840 1956 1890 1990 τὴν

1095 2009 1248 2045 σημασίαν,
1271 2007 1372 2035 καὶτὸ
1399 2005 1503 2041 ταύτης
1534 2003 1664 2040 χρειῶδες
1693 2004 1733 2035 είς
1761 2003 1811 2037 τὴν
1842 2001 1890 2028 τοῦ

1097 2055 1163 2082 Υίοῦ
1181 2054 1228 2082 τοῦ
1241 2054 1309 2081 Θεοῦ
1333 2051 1554 2089 ὲνανθρώπησιν,
1579 2050 1717 2085 ἀπόστητε
1740 2050 1792 2085 τῆς
1829 2049 1891 2075 κατ’
1916 2059 1921 2063 π’

1095 2102 1208 2136 ἄγνοιαν
1237 2100 1314 2135 ὑμῶν
1341 2098 1510 2134 δυσφημίας,
1533 2097 1580 2124 καὶ
1604 2097 1645 2127 είς
1668 2095 1771 2131 ἀκριϐῆ
1792 2095 1891 2121 ἕνωσιν

1094 2145 1149 2172 τῶν
1162 2144 1209 2171 δύο
1233 2145 1261 2171 ὲν
1286 2143 1397 2178 Χριστῷ
1420 2143 1528 2177 φύσεων
1547 2140 1660 2175 ταύτην,
1687 2138 1778 2170 καθὼς
1797 2140 1890 2174 ἡμεῖς,

1095 2187 1290 2226 προϐάλλεσθε.
1305 2187 1421 2223 "EQ/atat
1429 2186 1483 2222 γὰρ
1493 2186 1556 2221 ὑμῖν
1568 2186 1600 2212 ὲκ
1611 2185 1715 2216 τούτου,
1724 2183 1831 2219 πρῶτον
1840 2183 1891 2218 μὲν

1095 2235 1126 2262 τὸ
1149 2234 1248 2269 σοφοὺς
1274 2234 1321 2261 καὶ
1338 2233 1484 2269 είδήμονας
1503 2231 1665 2266 πεφηνέναι,
1681 2230 1778 2256 ἒπειτα
1798 2229 1827 2256 δὲ
1843 2228 1891 2255 καὶ

1095 2281 1126 2308 τὸ
1140 2280 1262 2316 ἀληθεῖς,
1278 2280 1305 2306 ὲν
1317 2276 1358 2310 οἷς
1373 2277 1562 2314 δογματίζετε,
1574 2275 1794 2311 διαγγέλλεσθαι.
1815 2275 1845 2301 Et
1861 2274 1890 2300 δὲ

1097 2326 1145 2354 καί
1164 2335 1236 2357 τινες
1252 2325 1306 2352 τῶν
1320 2324 1512 2360 αἱρετιζόντων
1525 2324 1555 2350 τὸ
1572 2323 1622 2358 τῆς
1637 2320 1790 2357 συνδρομῆς
1805 2321 1891 2355 ὄνομα

1097 2370 1168 2398 κατὰ
1191 2370 1221 2397 τὸ
1248 2369 1357 2405 πρῶτον
1377 2367 1578 2404 σημαινόμενον
1597 2365 1758 2398 ὲξελάϐοντο
1774 2366 1814 2396 είς
1839 2364 1890 2399 τὴν

1095 2415 1143 2442 τοῦ
1158 2413 1258 2441 οἰκείου
1270 2413 1405 2449 δόγματος
1419 2410 1597 2446 κακουργίαν,
1608 2410 1655 2437 καὶ
1668 2410 1713 2436 διὰ
1727 2409 1807 2435 τοῦτο
1820 2416 1890 2442 παρ-

1096 2458 1218 2485 αιτεῖσθε
1237 2458 1322 2494 ταύτῃ
1339 2457 1384 2484 ἐπὶ
1403 2457 1437 2491 τῇ
1459 2455 1554 2482 ἑνώσει
1565 2455 1613 2489 τῆς
1628 2453 1703 2485 θείας
1722 2452 1769 2480 καὶ
1783 2451 1890 2486 ἀνθρω-

1098 2505 1179 2541 πίνης
1189 2505 1298 2539 ιρύσεως
1311 2503 1357 2531 τοῦ
1374 2503 1432 2535 ὲνδς
1444 2502 1548 2538 Κυρίου
1561 2500 1640 2536 ὴμῶν
1656 2499 1744 2534 Ἰησοῦ
1758 2497 1889 2533 Χριστοῦ,

1097 2551 1145 2579 νῦν
1152 2552 1182 2578 τὺ
1190 2551 1316 2586 δεύτερον
1330 2548 1529 2585 σημαινόμενον
1537 2546 1639 2581 ταύτης
1649 2543 1889 2578 κατανενοηκότες,

1099 2600 1145 2626 καὶ
1159 2599 1189 2625 τὸ
1206 2600 1238 2625 ὲκ
1253 2597 1348 2625 τούτου
1370 2596 1490 2632 ἀσφαλὲς
1505 2595 1568 2630 περὶ
1581 2594 1629 2629 τὴν
1645 2593 1742 2621 ἕνωσιν
1763 2586 1899 2627 μεμαθηέ

1097 2647 1186 2679 κότες,
1196 2644 1242 2673 τοῦ
1255 2645 1348 2672 λοιποῦ
1360 2643 1462 2677 ταύτην
1473 2641 1510 2677 μὴ
1521 2640 1740 2676 ἅπαγορεύσητε.
1755 2638 1823 2664 Οὐδὲ
1835 2637 1889 2672 γὰρ

1096 2692 1258 2728 λυμαίνεται
1276 2691 1292 2726 ὴ
1317 2689 1461 2726 ὁμωνυμία
1477 2687 1531 2714 τῶν
1548 2686 1586 2722 μὴ
1604 2685 1690 2716 οὕτως
1708 2683 1889 2719 ὑπαρχόντων

1096 2738 1130 2765 τὰ
1153 2737 1255 2773 κυρίως
1272 2737 1338 2763 ὄντα.
1362 2735 1522 2771 πράγματα.
1543 2732 1652 2766 Ἐπειδὴ
1677 2731 1707 2757 δὲ
1730 2729 1777 2756 τοῦ
1807 2729 1889 2755 αὑτοῦ

1097 2785 1158 2816 ἑνὸς
1173 2784 1277 2819 Κυρίου
1297 2783 1378 2818 ἡμῶν
1400 2781 1488 2817 Ἰησοῦ
1507 2778 1628 2815 Χριστοῦ
1647 2775 1717 2804 εἶναι
1732 2775 1889 2819 ὁμολογεῖτε

1094 2833 1129 2860 τὰ
1139 2832 1167 2858 ἐν
1176 2830 1332 2866 Εὑαγγελίῳ
1345 2828 1482 2865 φερόμενα
1495 2825 1610 2854 ταπεινά
1632 2832 1662 2851 τε
1676 2822 1723 2849 καὶ
1731 2820 1830 2857 ὑψηλὰ,
1843 2818 1890 2847 τοῦ
