2092 3156
201 185 255 218 665

668 161 887 214 REFDTATIO
906 158 1145 214 MOHAMEDIS.
1161 196 1196 202 -
1211 184 1402 216 MONITUM.

1796 183 1848 215 666

201 250 231 268 τε
249 238 375 274 σώματος
397 238 445 266 καὶ
464 238 511 265 τοῦ
529 239 678 275 ἀσωμάτου
704 241 932 276 ἀπαρασπάστως
955 240 1002 267 καὶ

1060 241 1115 275 phis
1133 241 1210 274 caedi,
1235 241 1353 269 vinculis
1378 239 1495 276 alligari,
1512 239 1597 267 claris
1615 239 1751 274 transﬁgi,
1765 242 1847 268 mori,

201 286 365 322 ἁσυγχύτως
380 286 437 312 ὲπ“›
451 285 533 312 αὑτοῦ
560 287 782 322 φυλαττομένων,
802 287 916 323 πότερον
931 287 996 322 ποίᾳ.

201 335 256 361 τῶν
288 332 474 359 συνελθουσῶν
499 332 606 367 φύσεων
639 334 668 360 ἐν
693 333 732 368 τῷ
761 334 801 360 ἐνὶ
824 333 936 368 Χριστῷ
962 333 997 359 τὰ

170 372 172 375 ’
202 378 319 406 ταπεινὰ
348 377 458 409 δώσετε,
473 379 505 413 τῇ
523 377 692 413 ἀνθρωπίνῃ,
707 378 723 413 ἢ
737 379 770 413 τῇ
788 378 857 414 θείᾳ,
873 377 998 403 τουτέστι

202 425 233 451 τὺ
250 423 415 460 προκόπτειν
427 423 530 458 ἡλικίᾳ,
550 423 597 449 καὶ
614 423 643 449 τὸ
655 422 831 458 ῥαπίζεσθαι,
845 423 875 449 τὸ
890 422 998 457 δεσμεῖ-

206 471 280 504 σθαι,
296 470 326 497 τὸ
350 470 426 506 ἥλοις
451 470 665 506 πεπερονῆσθαι,
690 470 719 497 τὸ
739 470 876 502 τεθνάναι,
893 471 940 496 καὶ
966 469 1000 496 τὰ

205 517 333 550 τοιαῦτα;
349 513 397 549 Εἷς
415 517 464 552 μὲν
480 516 535 551 γὰρ
547 517 655 552 ἀληθῶς
670 517 716 543 καὶ
731 518 745 543 ό
764 517 844 548 αὐτός
859 519 917 543 ἐστι
933 517 1002 548 Θεὸς

207 565 254 591 καὶ
269 563 422 599 ἄνθρωπος,
438 564 451 590 ὁ
467 563 553 590 ταῦτα
569 563 787 599 ὑπομεμενηκὼς
803 571 810 580 ’
840 564 898 591 ἀλλ’
914 564 1002 595 οὐδεὶς

207 610 271 638 νοῦν
282 603 352 645 ἐξίων
363 609 434 636 κατὰ
450 609 500 644 τὴν
517 609 612 644 θεῖχὴν
625 609 712 636 ταῦτα
728 610 932 645 ὑπομενηκέναι
952 609 1000 644 φύε

209 663 251 682 σιιν
273 656 339 690 ἐρεῖ.
362 654 484 690 Ἀπαθὴς
498 655 583 690 γὰρὴ
611 655 672 681 Θεία
691 654 782 688 φύσις,
796 655 844 681 καὶ
863 655 1002 689 αὐξήσεως

209 702 397 733 ἀνεπίδεκτος.
416 702 512 737 Ὅμως
525 710 557 736 γε
574 702 692 728 πέπονθε
709 701 795 729 ταῦτα
816 702 829 728 ὅ
846 702 926 733 αὐτὸς
947 701 1002 728 Κύ-

210 757 267 784 ριος
284 747 404 779 ἀληθῶς.
418 745 482 782 'Ap‘
495 747 541 774 οὖν
554 747 614 783 οὐχ).
632 748 679 774 καὶ
693 748 771 775 αὐτοὶ
785 748 809 775 οί
819 747 887 774 λίθοι
902 748 1004 783 κεκρά-

209 796 312 830 ξονται,
329 795 382 821 κᾶν
396 794 476 829 ὑμεῖς
496 795 641 830 σιγήσησε,
656 795 697 822 ὃτι
711 795 783 822 κατὰ
796 795 845 830 τὴν
867 794 1005 830 ἀνθρωπίο

208 850 258 876 νην
272 840 357 867 αὑτοῦ
377 839 465 867 ταῦτα
482 839 562 874 φύσιν
577 840 681 875 ὑπέστη
698 841 712 867 ὁ
726 841 830 872 τέλειος
841 842 869 867 ὲν
887 841 1006 874 θεότητι,

209 888 257 915 καὶ
270 887 373 918 τέλειος
392 887 421 913 ὲν
439 887 642 923 ἀνθρωπότητι,
659 885 698 920 είς
716 888 818 924 Κύριος
837 888 959 923 Ἰησοῦς;
975 888 1006 915 Et

209 935 238 962 δὲ
259 934 331 961 κατὰ
357 933 533 969 ἀνθρωπίνην
565 934 649 961 αὑτοῦ
672 934 758 962 ταῦτα
784 934 866 970 φύσιν
892 935 1006 969 ὑπέστη,
1025 922 1047 951 Β

209 981 288 1016 δῆλον
298 981 339 1007 ὅτι
360 981 389 1007 ὲν
403 979 450 1007 δύο
466 980 564 1014 φύσεσι
577 979 721 1015 θεωρεῖται
734 980 748 1006 ὁ
766 979 806 1013 εἷς
814 980 853 1016 τῷ
869 980 1008 1016 προσώπῳ

211 1029 259 1054 καὶ
287 1029 320 1063 τῇ
348 1027 497 1054 ὑποστάσει
513 1027 616 1062 Κύριος
643 1027 722 1063 ἡμῶν
751 1027 855 1063 Ἰησοῦς
877 1027 1006 1063 Χριστός.

210 1074 265 1106 Τὰς
283 1074 311 1100 δὲ
335 1074 406 1101 κατὰ
419 1073 465 1100 τοῦ
494 1074 643 1109 Νεστορίου
666 1074 713 1101 τοῦ
728 1074 865 1110 ὲπαράτου
890 1074 1007 1109 μέμψεις

210 1120 273 1148 καθ’
296 1119 376 1155 ἡμῶν
395 1120 451 1150 τῶν
475 1120 504 1146 ἓν
530 1121 677 1156 πρόσωπον
700 1121 747 1147 καὶ
767 1121 831 1155 μίαν
858 1121 1008 1148 ὑπόστασιν

211 1166 322 1193 εἰδότων
341 1167 370 1193 ἐν
381 1166 420 1201 τῷ
439 1166 480 1193 ἐνὶ
494 1166 606 1202 Χριστῷ
630 1167 668 1202 τῷ
693 1167 754 1202 Θεῷ
777 1167 866 1202 ἡμῶν,
882 1167 1008 1201 ἀφρόνως

213 1211 408 1246 ἑπιφημίζετε.
426 1211 523 1246 Ἡμεῖς
536 1212 591 1248 γὰρ
605 1212 655 1247 τὴν
670 1212 733 1240 καθ’
747 1212 898 1239 ὑπόστασιν
910 1211 1008 1238 ἕνωσιν

211 1259 242 1284 ὲν
259 1257 299 1293 τῷ
319 1257 430 1294 Χριστῷ
445 1257 641 1293 ὁμολογοῦντες
655 1279 663 1291 ,
690 1259 737 1284 καὶ
761 1258 791 1284 ἓν
815 1257 898 1285 αὑτοῦ
922 1258 1008 1291 πρόσ-

211 1313 285 1331 ωπον
300 1303 347 1331 καὶ
365 1303 428 1339 μίαν
453 1303 603 1330 ὑπόστασιν
625 1304 693 1339 μετὰ
711 1304 758 1339 τὴν
770 1304 868 1331 ἕνωσιν
881 1304 1008 1336 δοξάζον-

211 1359 269 1382 τες,
283 1350 331 1376 καὶ
353 1350 402 1384 τὴν
421 1350 450 1376 ὲν
469 1350 570 1386 γαστρὶ
593 1351 644 1385 τῆς
667 1351 849 1386 ἁειπαρθένου
868 1351 1007 1385 σχήνωσιν

213 1395 415 1430 ἀνυμνοῦντες,
443 1396 491 1423 καὶ
516 1395 565 1431 τὴν
586 1396 670 1423 αὑτοῦ
698 1396 870 1432 πανάμωμον
889 1397 1006 1432 Μητέρα

213 1441 343 1468 Θεοτόκον
374 1442 476 1476 κυρίως
500 1441 684 1474 δοξάζοντες,τ
704 1443 752 1469 καὶ
775 1443 823 1469 ἕνα
854 1443 899 1469 τὸν
926 1443 1007 1470 αὐτον

214 1487 279 1514 Υίδν
299 1487 345 1514 τοῦ
357 1487 426 1514 Θεοῦ
440 1488 487 1514 καὶ
502 1488 567 1515 re»
581 1489 630 1524 τῆς
646 1488 787 1523 Παρθένου
800 1488 1006 1523 ὁμολογοῦντες,

213 1529 252 1560 ῶν
270 1532 400 1560 ἁπάντων
417 1533 494 1560 οὐδὲν
512 1535 526 1560 ό
542 1533 658 1568 μάταιος
679 1534 784 1565 ἐκεῖνος
808 1534 1005 1569 καθωμολόγει,

214 1578 274 1609 πῶς
292 1579 342 1612 τῆς
353 1576 437 1613 αὐτῆς
449 1577 525 1612 αὐτῷ
540 1577 670 1613 μέμψεως
682 1577 843 1613 κριθείημεν
855 1577 925 1609 ἄξιοι
942 1578 1006 1613 παρ’

215 1624 308 1659 eam;
325 1625 350 1650 εἰ
365 1624 403 1660 μή
416 1633 442 1651 τι
457 1625 511 1659 ἄρα
528 1625 574 1651 τὸν
591 1625 656 1660 ὑμῖν
668 1625 858 1660 ἐφαρμόζοντα
868 1624 952 1660 ψόγον
966 1624 1011 1652 διὰ

214 1668 264 1703 τὴν
281 1669 310 1701 ἐξ
327 1668 466 1704 ἀμαθείας
491 1669 538 1696 τοῦ
555 1668 636 1704 ὀρθοῦ
661 1670 797 1704 δόγματος
823 1669 1009 1705 παρατροπὴν

215 1714 368 1750 ἀποτρέψαι
388 1713 556 1750 βουλόμενοι1
570 1714 615 1741 διὰ
622 1716 671 1750 τῆς
682 1715 744 1741 καθ’
759 1715 838 1750 ἡμῶν
853 1715 906 1741 τῶν
922 1715 1010 1751 ὀρθῶς

217 1759 388 1795 φρονούντων
412 1759 510 1794 ἀλόγου
538 1759 666 1795 διαϐολῆς
689 1760 769 1786 τοῦτο
794 1761 881 1787 ποιεῖν
912 1768 1010 1795 προαι-

218 1805 318 1841 ρεῖσθε.
347 1805 380 1832 Ἦ
395 1805 423 1832 δὲ
448 1806 509 1833 καθ’
527 1806 602 1841 ἡμᾶς
618 1805 770 1842 ἀμώμητος
786 1806 834 1833 καὶ
849 1806 1010 1842 ἀδιάϐλητος

217 1849 291 1883 δόξα,
307 1850 372 1885 περί
395 1859 425 1877 τε
446 1851 496 1886 τῆς
522 1851 595 1878 κατὰ
620 1851 669 1887 τὴν
694 1851 775 1885 ἁγίαν
793 1851 896 1887 Τριάδα
921 1852 1012 1879 Θεολο-

218 1895 293 1930 γίας,
308 1896 373 1932 περί
392 1905 422 1923 τε
445 1897 495 1932 τῆς
519 1897 591 1924 κατὰ
616 1897 666 1933 τὴν
691 1897 824 1934 ἔνσαρκον
853 1898 1011 1934 οἰκονομίαν

218 1941 266 1968 τοῦ
282 1942 347 1969 Υίοῦ
360 1942 408 1969 τοῦ
424 1943 666 1979 Θεοῦξόρθοτομίας
679 1944 712 1971 ὲκ
723 1943 771 1970 τοῦ
787 1944 851 1980 παρ’
860 1944 938 1980 ἡμῶν
949 1946 1008 1980 ὁμο

218 1986 384 2024 λογουμένου
397 1988 546 2024 ῑερωτάτου
561 1989 609 2015 καὶ
622 1988 696 2015 θείου
712 1988 847 2024 συμϐόλου
863 1988 1011 2022 δείκνυται,

220 2034 377 2070 ἀρξαμένου
393 2036 443 2070 μὲν
459 2035 514 2062 ἀπὸ
529 2035 585 2063 τῶν
605 2035 769 2072 τριακοσίων
788 2035 854 2062 δέκα
866 2035 913 2062 καὶ
940 2035 1013 2063 ὀκτὼ

222 2080 308 2113 ἁγίων
318 2081 369 2117 τῆς
386 2082 415 2108 ὲν
426 2082 530 2118 Νικαίᾳ
548 2082 659 2109 συνόδου
675 2082 817 2118 Πατέρων,
836 2083 884 2110 καὶ
900 2083 944 2110 διὰ
960 2083 1015 2110 τῶν

221 2126 326 2154 λοιπῶν
343 2127 431 2162 ἁγίων
447 2137 474 2155 τε
496 2128 544 2156 καὶ
561 2128 761 2164 οίκουμενικῶν
784 2128 814 2161 ἒξ
835 2129 953 2156 συνόδων
969 2129 1015 2165 βε-

1051 292 1078 314 ct
1089 286 1209 314 similia?
1223 287 1361 316 humanzc.
1376 294 1410 312 an
1424 285 1540 312 divina)?
1557 284 1632 312 Unus
1642 285 1714 312 enim
1728 290 1770 313 est
1786 293 1848 313 vere

1053 334 1180 367 idemque
1205 332 1277 361 Deus
1302 337 1329 360 et
1354 333 1447 364 homo,
1478 332 1525 366 qui
1563 332 1607 358 illa
1631 332 1771 359 sustinuit.
1793 333 1847 359 Sed

1054 388 1145 412 nemo,
1156 379 1305 407 dummodo
1318 387 1365 406 cor
1381 379 1490 411 habeat,
1507 378 1655 405 secundum
1670 379 1790 406 divinam
1804 378 1848 406 illa

1053 428 1186 454 tolerasse
1215 432 1341 453 naturam
1365 426 1439 452 dicet
1453 435 1459 452 :
1473 434 1562 460 neque
1579 425 1651 452 enim
1672 425 1849 459 passionibus

1055 475 1170 502 obnoxia
1197 473 1341 500 estdiviua
1369 477 1477 503 natura.
1500 477 1527 499 et.
1554 479 1639 507 capax
1658 471 1819 498 incrementi
1840 481 1846 498 :

1056 521 1235 548 nihilominus
1259 527 1290 546 ea
1309 527 1372 546 vere
1397 526 1542 553 perpessus
1560 523 1602 545 est
1617 518 1687 545 idem
1706 517 1849 544 Dominus.

1055 569 1154 594 Annon
1168 566 1249 601 igitur
1266 573 1332 593 saxa
1358 564 1417 599 ipsa
1434 564 1604 595 clamabunt,
1624 563 1731 590 etiamsi
1745 570 1793 589 vos
1809 568 1851 589 ta-

1057 613 1177 644 cuerilis.
1194 612 1345 640 secundum
1365 612 1513 638 humanam
1538 611 1625 646 ipsius
1642 615 1767 637 naturam
1795 609 1851 636 hmo

1058 659 1185 691 subiisse,
1203 658 1352 694 perfectum
1373 658 1400 685 in
1418 657 1528 689 deitale,
1545 662 1572 684 et
1594 656 1742 691 perfectum
1755 656 1782 682 in
1801 656 1852 682 hu-

1058 706 1191 733 manitate
1218 712 1302 732 unum
1326 703 1472 731 Dominum
1489 702 1581 730 Jesum
1598 703 1609 730 ?
1625 702 1701 735 Quod
1718 702 1740 729 si
1757 710 1853 729 secun-

1059 753 1123 779 dum
1141 751 1290 778 humanam
1306 750 1392 784 ipsius
1406 754 1531 776 naturam
1560 749 1605 776 illa
1621 756 1720 783 passus
1734 748 1853 782 est,jam

1060 797 1151 832 palam
1170 801 1213 824 est
1238 797 1265 824 in
1284 795 1391 823 duabus
1416 795 1523 822 naturis
1545 802 1605 822 esse
1621 803 1706 822 unum
1722 802 1851 829 persona,

1059 848 1086 871 et
1111 843 1252 878 bypostasi
1274 842 1420 869 Dominum
1439 846 1564 868 nostrum
1587 840 1680 869 Jcsum
1696 841 1852 872 Christum,

1061 896 1086 918 et
1103 888 1263 917 exsecrandi
1277 887 1393 916 Nestorii
1412 888 1545 915 adversus
1562 895 1622 919 nos,
1639 887 1684 921 qui
1699 895 1781 914 unam
1794 894 1856 921 per-

1063 943 1158 964 sonam
1185 939 1213 962 et
1243 942 1327 961 uuam
1352 933 1521 969 hyposlasim
1553 933 1717 959 conlitemur
1744 933 1769 958 in
1800 938 1856 957 uno

1062 982 1173 1010 Christo
1195 981 1250 1008 Deo
1275 983 1382 1009 nostro.
1408 977 1616 1006 criminationes
1636 976 1797 1011 insipienter
1812 976 1856 1002 in—

1063 1027 1195 1063 torqueri.
1220 1025 1277 1053 Nos
1305 1025 1417 1055 etenim.
1439 1024 1486 1059 qui
1508 1022 1659 1050 secundum
1686 1022 1855 1063 hypostasim

1063 1074 1193 1101 unionem
1218 1071 1245 1098 in
1276 1070 1387 1098 Christo
1413 1069 1587 1101 conﬁtemur,
1608 1073 1634 1096 et
1660 1076 1742 1096 unam
1770 1059 1856 1102 ipsius

1062 1125 1208 1154 personam
1237 1120 1264 1144 et
1281 1124 1364 1143 unam
1378 1115 1547 1151 hypostasim
1561 1120 1623 1150 post
1634 1114 1762 1140 unionem
1779 1117 1857 1140 tene-

1061 1173 1135 1196 mus,
1153 1164 1218 1192 etin
1235 1168 1314 1190 utero
1331 1169 1438 1196 semper
1453 1161 1566 1196 virginis
1589 1160 1786 1187 habitationem
1813 1166 1858 1186 ce-

1061 1209 1248 1241 lebramus,et
1260 1207 1346 1242 ipsius
1361 1206 1474 1234 Matrem
1492 1205 1695 1233 immaculatam
1711 1204 1855 1238 Deiparain

1062 1256 1172 1290 proprie
1191 1253 1386 1289 praedicamus,
1408 1256 1435 1280 et
1457 1260 1541 1279 unum
1559 1250 1740 1285 eamdemque
1756 1249 1856 1276 Filium

1062 1301 1109 1330 Dei
1135 1307 1160 1329 et
1180 1301 1276 1328 Filium
1293 1299 1416 1334 Virginis
1429 1298 1590 1330 astruimus,
1604 1305 1637 1324 ex
1653 1297 1754 1332 quibus
1767 1296 1859 1323 enmi-

1060 1349 1112 1376 bus
1121 1347 1188 1375 nihil
1201 1346 1333 1381 insipiens
1343 1345 1387 1372 ille
1412 1344 1597 1376 asseverabat,
1610 1343 1747 1379 quomodo
1761 1342 1857 1369 eadem

1061 1399 1143 1430 atque
1163 1394 1208 1421 ille
1224 1392 1416 1420 criminatione
1444 1397 1564 1425 notaque
1594 1398 1609 1418 a
1639 1390 1719 1417 vobis
1756 1389 1858 1416 merito

1061 1439 1327 1470 condemnabimur,
1353 1437 1406 1464 nisi
1427 1436 1674 1471 vituperationem,
1697 1441 1779 1469 quam
1810 1441 1860 1460 vos

1062 1491 1173 1522 propter
1204 1484 1404 1520 ignorationem
1433 1489 1460 1511 et
1480 1491 1496 1510 a
1517 1487 1593 1509 recto
1609 1483 1735 1515 dogmate
1749 1481 1861 1508 aberra-

1061 1534 1163 1561 tionem
1193 1530 1409 1562 commeruistis,
1436 1535 1560 1557 avertere
1581 1528 1795 1559 contendentcs,
1814 1533 1861 1561 per

1063 1579 1284 1608 irrationabilem
1300 1577 1466 1605 calumniam
1495 1576 1521 1602 in
1539 1583 1602 1607 nos,
1617 1575 1664 1609 qui
1680 1574 1764 1609 probe
1776 1573 1861 1601 senti-

1064 1634 1136 1657 mus,
1153 1624 1278 1653 conferre
1292 1622 1433 1651 studetis?
1448 1621 1643 1649 Verumtamen
1659 1624 1753 1647 nostra
1770 1619 1860 1646 incul-

1064 1678 1127 1709 pata
1141 1671 1306 1706 innoxiaque
1326 1670 1419 1705 opinio
1441 1673 1498 1696 tum
1513 1669 1546 1695 de
1567 1675 1644 1695 sacra
1658 1667 1766 1694 Triadis
1783 1666 1861 1693 theo-

1064 1719 1146 1754 logia,
1177 1723 1234 1745 tmn
1255 1717 1289 1744 de
1316 1715 1515 1744 incarnationis
1543 1713 1703 1742 meonomim
1726 1712 1784 1740 Filii
1813 1712 1861 1739 Dei

1065 1763 1228 1792 rectitudine
1262 1770 1295 1790 ex
1334 1766 1511 1790 sacrosancto
1546 1761 1694 1795 divinaque
1726 1759 1861 1795 symbolo.

1065 1809 1137 1844 quod
1150 1815 1201 1835 nos
1212 1807 1384 1843 proﬁtemur,
1396 1806 1552 1841 iucepitque
1565 1813 1578 1832 a
1596 1809 1636 1832 ter
1645 1809 1755 1832 centum
1768 1804 1862 1831 tlt‘Ct'l’ll

1064 1860 1092 1883 et
1107 1861 1168 1883 octo
1182 1854 1285 1882 sanctis
1299 1853 1439 1885 Patribus,
1449 1853 1485 1880 in
1500 1852 1609 1880 Nicasna
1626 1851 1732 1887 synodo
1747 1859 1864 1885 congre-

1067 1902 1148 1937 gatis,
1162 1905 1191 1929 et.
1209 1908 1224 1928 a
1241 1900 1356 1936 reliquis
1372 1899 1476 1927 sanctis
1490 1906 1537 1927 sex
1552 1898 1730 1926 occumenicis
1751 1897 1864 1933 synodis

1063 1947 1276 1979 eonstabilitur,ll
1292 1946 1347 1974 nisi
1369 1946 1396 1973 id
1420 1946 1504 1973 etiam
1537 1952 1585 1972 vos
1604 1951 1652 1979 per
1673 1945 1862 1978 importunam

1063 1993 1212 2021 amentiam
1235 1992 1308 2020 haud
1329 1996 1402 2020 recte
1429 1990 1625 2026 intelligentes‘,
1643 1989 1786 2017 criminari
1809 1996 1863 2015 non

1064 2038 1209 2073 veremini,
1233 2039 1288 2066 late
1315 2044 1496 2074 patenterque
1519 2038 1735 2065 demonstratur.
1754 2035 1786 2063 Et
1808 2036 1866 2062 luce

1065 2084 1175 2120 quidem
1192 2085 1255 2120 plus
1271 2085 1339 2113 satis
1361 2085 1426 2118 sint,
1448 2089 1475 2112 et
1494 2088 1593 2120 praeter
1607 2090 1765 2111 mensuram
1779 2101 1787 2114 ,
1800 2088 1864 2108 cum

1067 2136 1097 2159 et
1109 2131 1246 2159 sermonis
1262 2132 1375 2160 satietas
1389 2131 1504 2159 auribus
1519 2131 1690 2158 adversetur.

221 2172 394 2207 σαιουμένου,
409 2171 480 2209 ἦπου
495 2175 550 2210 ἄρα
565 2175 611 2202 καὶ
626 2174 705 2202 τοῦτο
716 2175 898 2210 κακῶςύμεῖς
916 2175 1040 2210 νοοῦντες
1064 2177 1193 2213 διασῦραι
1219 2179 1377 2214 πειράσετε.
1408 2178 1463 2205 Καὶ
1497 2177 1585 2204 ταῦτα
1616 2177 1665 2212 μὲν
1706 2175 1778 2210 πέρα
1816 2172 1865 2200 τοῦ

224 2219 323 2254 μέτρου
336 2241 344 2254 ,
360 2221 422 2248 ἐπεὶ
438 2222 485 2249 καὶ
498 2222 578 2258 κόρος
589 2222 671 2258 λόγου
683 2222 814 2259 πολέμιος
832 2224 939 2256 ἀκοαῖς.

237 2302 1826 2325 ξή-ᾔῴ--μ--η
1795 2315 1801 2319 .
1807 2303 1863 2320 με

901 2314 1276 2318 ,ν--Ῑκ

526 2389 575 2418 DE
612 2388 803 2425 SEQUENTI
832 2389 981 2421 NIC‘ET/E
1001 2389 1017 2420 1?

1060 2389 1207 2420 ΞΑΝΤΙΝΙ
1223 2388 1347 2420 OPERE
1363 2387 1560 2419 MONITUM.

643 2463 724 2499 (Aug.
742 2463 806 2497 MM,
830 2464 993 2492 Bibliotheca
1013 2473 1081 2492 nova
1096 2463 1252 2497 Patrum,t.
1269 2463 1315 2497 IV,
1331 2471 1360 2499 p.
1371 2461 1452 2497 521.)

270 2611 428 2641 Fridericus
443 2614 607 2652 S)lhurgius
624 2617 650 2644 in
663 2615 823 2652 praefatione
838 2615 920 2643 libelli
935 2614 989 2647 sui,
1014 2621 1096 2649 quem
1113 2613 1278 2641 Saracenica
1295 2613 1446 2647 inscripsit,
1458 2610 1599 2646 ediditque
1625 2612 1698 2638 anno
1724 2607 1805 2640 1595.
1824 2607 1865 2633 sic

225 2657 321 2684 scribit
337 2667 343 2685 :
367 2668 376 2684 ι
391 2658 485 2687 Roma:
500 2661 527 2687 in
547 2651 677 2688 Vaticana
698 2659 863 2687 bibliotheca
878 2664 988 2686 exstare
1003 2657 1102 2685 dicitur
1114 2657 1214 2685 Nicetm
1230 2656 1372 2692 Byzantini
1387 2655 1542 2690 philosophi
1559 2658 1654 2681 contra
1669 2651 1860 2679 Mohamcdem

225 2700 305 2734 iiber,
324 2706 351 2730 et
364 2704 486 2737 epistolae
500 2705 534 2732 ab
544 2705 678 2740 Agat-eois
695 2704 787 2732 missa:
802 2703 967 2735 confutatio,
983 2703 1016 2730 ad
1034 2702 1194 2729 Michaelem
1212 2700 1356 2736 Theophili
1374 2701 1471 2733 lilium,
1490 2700 1557 2734 imp.
1576 2694 1861 2740 Constantinopolita-

227 2753 306 2772 nnm.
327 2745 379 2774 Sed
394 2748 525 2782 quoniam
543 2738 632 2783 neque
645 2749 718 2775 illius
737 2755 825 2781 neque
842 2747 924 2782 hujus
940 2746 1107 2781 exemplaria
1133 2745 1226 2773 Graeca
1256 2745 1378 2773 nancisci
1400 2745 1480 2772 nobis
1496 2743 1583 2773 licuit.
1603 2742 1655 2768 alia
1670 2746 1764 2767 corum
1782 2738 1862 2783 edem

225 2789 324 2816 dorum
343 2780 527 2826 exspectanda
547 2780 599 2819 fuit
615 2793 737 2820 occasio.
757 2801 766 2817 ι
782 2791 867 2819 Vides
878 2780 969 2818 annos
983 2790 1037 2818 250
1049 2795 1075 2817 et
1087 2789 1206 2824 amplius
1219 2788 1357 2816 ellluxisse
1374 2795 1406 2815 ex
1418 2795 1474 2822 quo
1492 2785 1666 2822 Sylburgius,
1687 2782 1759 2809 facto
1784 2780 1861 2808 Vati-

217 2834 287 2872 ‘cani
299 2835 403 2862 codicis
421 2835 534 2867 indicio.
554 2837 659 2871 optavit
674 2837 749 2864 hunc
763 2835 944 2872 Byzantinum
961 2834 1084 2862 Nicetam
1108 2834 1201 2865 edere,
1218 2841 1299 2868 quem
1320 2841 1372 2860 nos
1389 2833 1499 2859 demqu
1518 2834 1579 2864 post
1606 2832 1711 2854 tantam
1731 2826 1865 2860 temporis

227 2878 459 2913 intercapedinem
476 2880 502 2906 in
517 2870 710 2915 sempiternam
728 2870 816 2908 lucem
833 2880 1029 2915 protrahimus.
1047 2879 1201 2915 Caeteroqui
1219 2879 1355 2915 Sylburgii
1375 2878 1489 2906 dictum.
1509 2881 1537 2902 ut
1557 2875 1588 2902 ﬁt
1604 2874 1631 2901 in
1647 2873 1730 2901 rebus
1748 2870 1867 2899 absenti-

225 2920 288 2954 bus,
305 2929 360 2950 non
374 2927 416 2950 est
429 2923 548 2960 untdique
567 2929 695 2952 exactura
715 2935 721 2953 :
736 2932 800 2952 nam
813 2932 868 2953 non
883 2932 948 2958 una,
963 2923 1013 2952 sed
1026 2924 1085 2953 dua:
1097 2930 1160 2953 sunt
1175 2925 1364 2960 Agarenorum
1380 2920 1516 2957 epistol-.0,
1534 2920 1638 2956 hasque
1653 2918 1687 2946 ad
1704 2915 1864 2945 Michaelem
