2092 3156
223 167 273 198 667
856 167 1002 199 ΝΙΟΕΤᾸΕ
1018 170 1224 201 ΒΥΖΑΝΊῚΝΙ
1803 166 1858 199 668

223 224 292 260 imp.
312 222 410 251 missas
429 222 524 251 titulus
540 223 622 255 dicit.
640 231 694 252 non
710 229 801 253 autem
816 225 919 255 diserte
935 229 1008 264 quod
1023 228 1133 258 Nicetas
1154 231 1276 266 ipsarum
1293 229 1487 258 refutationem
1504 228 1538 256 ad
1559 228 1718 257 Michaelem
1733 227 1856 263 scripse-

225 269 270 295 rit.
289 267 425 295 Decennio
439 271 501 302 post
517 267 694 303 Sylburgium
709 269 773 297 Ant.
790 270 957 300 Possevinus
974 273 1000 301 in
1024 274 1180 309 Apparatus
1195 275 1320 309 principe
1346 274 1466 301 editione
1495 273 1597 301 Veneta
1611 277 1632 300 t.
1650 272 1684 306 ll,
1705 279 1732 308 p.
1751 273 1815 306 477,
1829 279 1857 301 ct

225 317 245 340 t.
261 311 307 345 ill,
324 311 481 347 in'catalog.
494 320 521 347 p.
540 313 581 345 l6,
597 313 748 347 pleniorem
764 319 792 342 et
815 317 1017 345 accuratiorem
1035 319 1128 354 operis
1151 319 1287 347 Nicetiani
1316 319 1424 346 titulum
1450 315 1596 351 recitavit,’
1610 322 1724 345 eatenus
1750 322 1855 345 tantum

225 356 366 388 mendose,
383 362 520 391 quatenus
536 365 585 391 pro
602 357 738 392 Theophili
752 363 869 393 utroque
887 361 914 388 in
931 361 991 389 loco
1014 364 1126 398 scripsit
1150 363 1349 400 Tlteopltylacti.
1370 363 1512 399 Reliquos.
1526 363 1572 398 qui
1587 371 1620 390 ex
1634 362 1773 396 praedictis
1785 362 1856 390 hau-

225 407 295 432 sere,
311 401 490 434 praetermitto
503 401 721 437 bibliographos,
739 410 852 439 excepto
867 408 959 433 tamen
982 407 1073 436 Leone
1091 408 1202 442 Allatio,
1221 409 1267 444 qui
1288 409 1314 436 in
1330 409 1405 436 calce
1424 408 1524 444 prioris
1541 407 1606 435 torni
1619 407 1729 434 Gracia:
1758 408 1853 434 art/ro-

224 443 301 471 ἄρηται
318 444 419 472 diserte
438 446 578 473 contendit
591 446 714 474 Nicetam
730 448 804 476 hunc
819 448 999 485 Byzantinum
1021 453 1147 480 eumdem
1164 443 1236 484 esse,
1253 453 1300 486 qui
1320 458 1347 480 et
1377 452 1487 480 Nicetas
1510 452 1606 483 David,
1620 456 1646 479 et
1662 451 1811 486 Paphlago,
1829 456 1857 478 et

226 487 412 523 Dadybror‘lm
431 489 513 515 (“iam
527 489 684 525 οΡῘεθηρυει
699 492 864 527 appellatur.
883 503 892 519 ι
913 493 1029 530 Floruit,
1041 497 1139 532 inquit,
1156 497 1308 529 Michaelis,
1323 496 1415 524 Basilii
1432 501 1459 524 et
1473 496 1593 528 Leonis,‘
1608 497 1692 531 impp.
1718 500 1808 528 aetate,
1829 499 1858 522 nt

224 532 361 568 colligitur
378 540 409 560 ex
435 534 571 568 prooemio
602 534 664 562 vitae
693 535 723 564 S.
752 535 847 571 lgnatii
869 539 1041 573 patriarcha},
1062 547 1144 574 quam
1173 539 1219 567 ille
1249 547 1339 574 neque
1362 539 1470 566 indocte
1489 546 1576 573 neque
1603 538 1770 573 ineleganter
1790 545 1858 565 con-

223 577 356 609 cinnavit,
369 581 395 604 et
409 577 471 606 aliis
492 578 617 612 ejusdem
634 580 745 615 scriptis
760 588 767 607 :
789 591 798 607 )
817 589 872 616 quo
884 588 1025 617 postremo
1036 584 1109 611 dicto
1122 583 1294 619 (descriptis
1307 587 1414 611 attalem
1427 582 1528 610 Nicetze
1539 582 1767 617 designantibus)
1781 581 1858 608 intel-

223 621 270 656 ligi
289 621 323 648 ab
340 621 439 648 Allalio
453 627 520 657 puto
536 622 730 651 refutationem
744 626 893 657 prresertim
908 634 991 660 quam
1005 626 1069 654 fecit
1081 625 1189 653 Nicetas
1200 630 1293 653 noster
1304 625 1481 661 epistolarnm
1495 625 1529 651 ab
1541 624 1673 659 Agarcnis
1691 625 1723 651 ad
1738 624 1858 651 Michae-

225 665 278 692 lem
296 666 364 700 imp.
382 666 645 702 missarum.Pergit
664 668 700 694 ibi
718 669 834 696 Allatius
853 669 954 697 Nicetre
979 671 1080 705 scripta
1108 677 1263 703 recensere,
1298 677 1414 704 quorum
1440 676 1526 704 prope
1549 673 1668 695 extrema
1693 668 1770 703 ponit
1800 669 1860 696 hme

223 709 356 737 adversus
369 709 556 737 Mobamedem
575 715 601 738 et
616 712 756 746 Agarenos
772 713 872 741 dictata
887 723 893 746 ;
917 722 1005 749 neque
1024 719 1114 742 tamen
1135 714 1257 741 codicem
1281 713 1452 743 Vaticanum,
1470 712 1516 747 qui
1530 720 1562 739 ea
1586 712 1717 742 continet.
1735 712 1858 739 nominat

223 758 270 780 aut
284 761 314 782 se
330 755 440 782 novisse
454 755 634 783 demonstrat.
653 757 756 784 Habuit
770 765 837 785 sane
862 759 979 786 Allatius
1001 758 1074 786 aliud
1090 757 1191 785 Nicelae
1207 757 1346 793 egregium
1364 757 1526 792 opusculum
1543 764 1593 791 pro
1609 756 1726 783 concilio
1745 755 1858 783 Chalce-

224 797 339 825 donensi
354 799 387 825 ad
402 798 538 826 Armeniae
555 801 708 835 principem
724 810 731 835 ς
753 802 835 837 idque
853 802 881 829 in
896 803 1057 838 prtedictum
1072 801 1183 829 erciaz
1202 802 1271 828 orth.
1289 805 1395 828 tomum
1410 801 1537 832 inseruit,
1566 800 1756 827 indubitanter
1784 800 1858 827 ailir—

224 849 304 869 mans
319 843 401 870 unius
417 844 596 879 ejusdemque
615 845 759 880 Byzantini
785 845 886 874 Nicette
903 847 986 874 fetum
1003 854 1081 879 esse;
1110 846 1136 873 id
1157 845 1230 881 quod
1261 853 1312 880 ego
1337 844 1511 872 verissimum
1536 844 1628 879 judico
1642 864 1648 876 ,
1669 844 1732 878 quia
1759 849 1858 879 prmter

225 890 351 913 caeleram
367 887 428 922 styli
446 888 664 920 similitudinem,
685 889 808 917 clausula
834 894 910 918 certe
933 890 1054 925 praedicti
1071 890 1194 924 opusculi
1219 889 1313 916 eadem
1330 889 1442 916 omnino
1467 892 1518 921 est,
1538 895 1597 923 quas
1622 887 1648 914 in
1678 888 1794 915 duarum
1823 887 1856 915 ad

224 928 384 957 Michaelem
401 931 467 966 imp.
478 932 656 966 epistularum
678 933 843 961 refutatione
860 935 1039 969 conspicitur.
1058 935 1095 961 De
1108 935 1159 961 hoc
1168 934 1276 967 demum
1293 933 1388 960 Niceta
1401 933 1516 968 ejusque
1532 932 1642 967 scriptis
1663 932 1775 959 ubi-rius
1787 932 1857 959 dixit

224 973 341 1001 Allatius
360 975 387 1002 in
404 975 504 1002 inedita
522 977 612 1004 adhuc
627 977 821 1006 dissertatione
835 986 885 1006 sua
898 979 931 1006 de
948 979 1040 1014 viginti
1058 977 1170 1010 Nicetis,
1186 978 1265 1012 cuius
1279 985 1329 1012 ego
1341 977 1505 1012 particulam
1519 977 1553 1004 de
1575 981 1672 1004 nostro
1696 977 1855 1011 letjuetitem

224 1018 332 1052 vulgavi
348 1018 375 1045 in
389 1019 464 1054 prmi.
482 1020 516 1046 ad
535 1025 554 1047 t.
570 1020 604 1047 IX
626 1020 794 1056 Scriptorum
811 1027 946 1055 veterum;
970 1030 1059 1057 neque
1076 1027 1167 1050 tamen
1185 1023 1255 1050 hanc
1269 1022 1358 1056 ipsam
1384 1020 1588 1049 dissertatiOnis
1612 1021 1775 1056 particulam
1793 1020 1856 1048 dedi

224 1063 369 1097 integram,
385 1064 449 1098 quia
467 1064 493 1091 id
510 1069 576 1092 tunc
593 1070 691 1100 przcter
704 1067 858 1102 argumenti
872 1067 924 1094 mci
936 1067 1106 1102 propositum
1124 1069 1195 1094 erat.
1212 1065 1250 1093 De
1265 1069 1357 1093 vetere
1372 1066 1463 1100 operis
1478 1064 1612 1092 Nicetiani
1638 1065 1734 1092 notitia
1762 1065 1856 1092 hacte-

224 1114 287 1134 nus.
302 1107 358 1134 Cur
372 1114 464 1135 atttem
480 1109 660 1144 Byzantinum
678 1110 751 1137 hu‘nc
763 1110 884 1138 Nicetam
906 1111 1029 1139 nonnulli
1043 1109 1227 1145 bibliographi
1240 1109 1266 1136 in
1281 1117 1318 1137 xtl
1335 1109 1436 1136 saeculo
1447 1109 1591 1142 collocent,
1606 1109 1732 1144 equidem
1749 1109 1855 1142 nescio,

227 1158 317 1185 neque
330 1151 389 1187 ejus
401 1152 439 1180 rei
455 1152 620 1181 documenta
639 1154 692 1181 ulla
709 1154 801 1181 aﬂ‘erri
823 1155 903 1182 video
918 1163 925 1187 ;
953 1154 1006 1182 nisi
1020 1154 1091 1182 forte
1115 1158 1154 1182 tot
1180 1153 1337 1181 Nicctarum
1354 1153 1432 1187 copia
1461 1153 1704 1188 perturbationem,
1724 1158 1755 1180 ut
1771 1155 1810 1185 tit,
1828 1154 1855 1180 in

225 1195 345 1229 ipsorum
363 1197 505 1224 historiam
524 1198 639 1225 invexit.
659 1198 711 1226 Sed
743 1199 839 1234 utjam
868 1199 980 1234 propius
1007 1199 1041 1226 ad
1071 1207 1128 1226 rem
1158 1198 1297 1230 accedam,
1331 1205 1382 1233 ego
1408 1197 1518 1232 quidem
1550 1205 1709 1231 quanquam
1733 1197 1856 1224 nondum

224 1238 397 1273 inspexeram
415 1240 563 1277 Sylburgii,
583 1242 724 1270 Possevini
741 1247 770 1270 et
785 1243 875 1270 Allatii
891 1243 1060 1275 testimonia,
1083 1242 1264 1270 nihilominus
1275 1242 1302 1269 in
1322 1241 1391 1269 meis
1407 1245 1470 1269 ante
1482 1241 1638 1276 complures
1654 1248 1740 1268 annos
1755 1241 1857 1268 biblio-

225 1283 310 1310 thecae.
326 1283 463 1312 Vaticana).
483 1287 525 1313 cui
541 1294 673 1321 pt'zccram
691 1286 962 1321 perlustratiouibus,
978 1287 1051 1314 hunc
1066 1287 1188 1315 codicem
1201 1286 1413 1313 observaveram
1430 1285 1482 1313 sub
1497 1292 1615 1312 numero
1629 1284 1693 1317 681,
1709 1285 1856 1319 pulchrum

231 1334 308 1360 sane,
326 1329 479 1363 antiquum,
496 1330 716 1364 membraneum,
737 1331 955 1366 integerrimum.
972 1331 1098 1359 Attamen
1111 1330 1172 1358 aliis
1188 1330 1355 1357 editionibus
1371 1334 1533 1365 occupatus,
1549 1329 1671 1357 Nicetam
1692 1330 1754 1363 plus
1769 1330 1855 1356 nimio

226 1371 321 1399 distuli
346 1382 353 1399 :
379 1373 425 1400 sed
449 1382 524 1402 nunc
548 1375 657 1403 demum
675 1375 706 1402 de
722 1375 837 1407 codicis,
855 1380 885 1403 ut
903 1383 976 1409 reor,
1000 1375 1073 1403 unici
1103 1374 1215 1402 incertis
1235 1373 1298 1401 fatis
1314 1374 1450 1408 cogitans,
1483 1373 1531 1408 qui
1559 1381 1626 1401 casu
1650 1373 1742 1408 aliquo
1762 1374 1854 1408 perire

225 1415 372 1450 aliquando
402 1423 513 1451 posset;
547 1423 604 1446 tum
636 1419 720 1446 etiam
746 1419 785 1446 rei
808 1419 868 1447 sine
897 1419 980 1446 dubio
1008 1419 1086 1446 bona:
1115 1411 1259 1446 dulcedine
1283 1421 1310 1444 et
1331 1417 1449 1445 utilitate
1478 1417 1608 1449 illectus,
1635 1418 1851 1445 exscribendum

225 1468 306 1487 manu
324 1462 445 1496 propria,
464 1461 592 1490 Latinum
607 1470 718 1498 quoque
734 1463 828 1490 labore
837 1471 898 1492 meo
913 1467 941 1491 ut
954 1467 1052 1491 caetera
1066 1462 1158 1489 omnia
1171 1460 1339 1495 faciendum,
1356 1465 1385 1489 et
1400 1460 1471 1496 typis
1486 1468 1563 1488 mora
1581 1461 1656 1489 omni
1670 1462 1785 1497 abrupta
1800 1466 1856 1488 tra-

224 1504 344 1533 dendum
363 1505 496 1540 judicavi.

261 1563 341 1591 Nunc
353 1564 386 1591 de
401 1564 461 1599 ipso
474 1572 557 1600 opere
578 1565 698 1593 breviter
724 1565 893 1600 praefandum
918 1569 971 1593 est.
995 1563 1150 1592 Ludoticus
1173 1562 1336 1596 Maraccius,
1364 1562 1410 1598 qui
1424 1562 1579 1598 philarabes
1600 1566 1716 1591 cunctos
1744 1562 1856 1590 refutati

225 1607 352 1635 Alcorani
370 1608 451 1636 laude
468 1609 619 1644 superavit,
636 1609 762 1644 queritur
779 1609 806 1636 in
825 1609 984 1644 praefatione
998 1609 1031 1636 ad
1049 1607 1229 1642 prodromum
1244 1607 1279 1635 de
1294 1607 1404 1635 illorum
1424 1607 1525 1643 exiguo
1539 1615 1665 1641 nttmero,
1692 1607 1787 1635 saltent
1809 1615 1855 1635 ve-

226 1657 328 1684 terum,
341 1653 389 1687 qui
409 1656 505 1680 eontra
522 1652 712 1680 ltlohamedem
740 1652 856 1687 ejusque
881 1653 980 1679 librum
997 1653 1133 1680 calamum
1150 1652 1332 1684 strinxerunt,
1349 1656 1376 1679 et
1402 1659 1489 1686 pauca
1505 1656 1580 1679 certe
1607 1652 1719 1679 nomina
1747 1652 1855 1686 recitat,

224 1694 304 1723 Joan.
323 1704 421 1731 nempe
439 1687 649 1729 Damascenuin,
663 1695 742 1724 Joan.
758 1696 994 1729 Cantacuzenum,
1021 1696 1131 1724 Petrum
1145 1695 1365 1727 Cluniacensem,
1384 1699 1411 1723 et
1431 1695 1573 1724 Chaldaeos
1588 1696 1667 1724 duos.
1681 1695 1763 1731 Atqui
1784 1696 1855 1723 dila-

227 1744 284 1766 tare
299 1747 445 1767 numerum
460 1748 608 1775 parumper
620 1744 735 1774 poterat,
752 1739 836 1767 citato
849 1739 998 1774 Euthymio
1009 1740 1153 1776 Zygaheno
1170 1747 1231 1766 cum
1251 1739 1314 1767 aliis
1326 1739 1457 1768 brevibus
1475 1739 1609 1774 ejusmodi
1624 1740 1744 1774 scriptis.
1758 1740 1855 1767 edente

227 1783 390 1818 Sylburgio;
408 1783 553 1811 Theodoro
564 1783 700 1814 Abucara.
718 1784 814 1811 edente
827 1783 967 1815 Gretseno.
985 1792 1141 1819 quanquam
1158 1784 1203 1812 hic
1218 1792 1273 1819 pra;
1289 1784 1435 1820 Zygabeno
1449 1785 1526 1812 valde
1539 1784 1629 1812 tenuis
1642 1789 1695 1812 est.
1713 1785 1765 1812 Sed
1778 1785 1852 1812 enim

226 1827 253 1853 in
272 1826 404 1854 Romanis
418 1827 464 1855 Gr.
483 1828 625 1855 codicibus
641 1831 739 1855 erant:
757 1827 782 1855 l.
794 1827 923 1863 Ejusdem
939 1827 1075 1864 Zygabeni
1087 1828 1211 1864 dialogus
1225 1828 1358 1856 adversus
1374 1828 1575 1861 lllohamedem,
1590 1836 1671 1863 quem
1687 1836 1738 1856 nos
1751 1829 1850 1863 vulga-

227 1870 327 1898 bimus.
345 1871 372 1899 2.
394 1870 495 1898 Νἱορίίε
509 1871 650 1899 Choniatae
671 1871 821 1906 capitulum
836 1872 861 1899 in
880 1871 1022 1907 Panoplia,
1046 1872 1118 1906 quod
1136 1880 1186 1900 nos
1201 1872 1228 1899 in
1251 1872 1407 1899 Romanum
1427 1872 1484 1907 jam
1504 1871 1682 1907 Spicilegium
1699 1872 1854 1900 intulimus.

228 1914 279 1942 Sed
293 1915 365 1950 quod
381 1922 490 1942 omnem
507 1916 615 1950 copiam
632 1920 753 1951 supcrat,
771 1920 851 1944 erant
865 1915 976 1943 Arabici
1003 1916 1113 1944 codices
1138 1915 1273 1948 Vaticani,
1289 1924 1407 1952 quorum
1423 1917 1576 1953 catalogum
1591 1925 1606 1944 a
1622 1917 1702 1945 nobis
1718 1925 1750 1944 ex
1773 1917 1858 1944 Asse-

227 1959 299 1985 mani
313 1959 423 1987 schedis
433 1959 534 1986 editum
548 1959 594 1994 qui
613 1959 721 1995 legerit,
741 1967 918 1987 numerosam
933 1960 1067 1988 adversus
1083 1960 1250 1988 Alcoranum
1265 1960 1487 1988 Christianorum
1505 1960 1670 1994 scriptorum
1689 1961 1853 1988 instructam

226 2002 313 2030 aciem
325 2003 494 2036 conspiciet;
516 2003 644 2030 videlicet
660 2004 685 2030 in
703 2003 847 2031 codicibus
868 2004 993 2032 Arabicis
1010 2004 1052 2037 99,

1029 2004 1137 2037 9,112,
1157 2005 1220 2038 115,
1238 2005 1302 2037 illi,
1325 2004 1465 2038 118,119,
1479 2005 1542 2036 127,
1561 2005 1776 2037 128,135,14l,
1793 2005 1855 2036 145.

226 2047 289 2079 180,
302 2046 363 2078 504,
381 2047 443 2079 545,
460 2047 597 2080 550,6l5,
609 2052 637 2075 et
654 2047 771 2076 fortasse
785 2048 856 2075 aliis.
873 2048 974 2083 Utique
989 2055 1051 2083 mag

1027 2056 1106 2083 Ignus
1123 2048 1276 2076 Maraccius
1292 2048 1319 2075 in
1335 2048 1464 2083 pradicta
1477 2048 1637 2084 praefatione
1651 2056 1678 2084 p.
1692 2048 1707 2074 7
1723 2048 1853 2083 globatim

226 2094 361 2117 memorat
376 2089 508 2119 Arabicos
524 2091 633 2119 codices
649 2091 820 2119 diversarum
834 2091 966 2119 Romana:
977 2092 1053 2120 urbis
1071 2093 1311 2126 bibliothecarum,
1324 2093 1371 2128 qui
1391 2093 1416 2121 ei
1442 2093 1600 2128 adjumento
1624 2093 1744 2123 fuerunt.
1779 2097 1809 2119 ut
1829 2092 1856 2119 in

226 2135 339 2162 scholiis
354 2140 381 2162 et
400 2135 426 2162 in
442 2136 583 2170 poletnicis
600 2136 835 2171 disputationibus
853 2140 947 2171 postea
974 2137 1186 2169 demonstravit,
1213 2137 1258 2165 ubi
1284 2138 1373 2165 lautas
1389 2137 1512 2164 Arabum
1533 2137 1566 2164 de
1589 2137 1640 2165 hac
1668 2136 1856 2165 controversia

227 2174 390 2214 scriptarum
402 2187 468 2214 opes
485 2181 631 2214 exposuit;
651 2181 753 2208 rectius
769 2185 860 2207 tamen
877 2180 997 2214 fecisset,
1010 2181 1054 2209 vel
1065 2187 1141 2209 certe
1155 2182 1297 2209 hodiernae
1313 2181 1444 2209 methodo
1459 2181 1705 2214 accommodatius,
1720 2180 1742 2208 si
1759 2181 1855 2215 singu-

226 2223 314 2252 lorum
329 2223 429 2258 quibus
443 2232 511 2252 usus
525 2229 568 2252 est
584 2225 710 2252 codicum
729 2225 890 2252 nominatim
907 2225 1060 2261 catalogum
1079 2226 1120 2252 vel
1145 2226 1270 2254 notitiam
1288 2225 1504 2261 perscripsisset.

261 2266 319 2295 Jam
340 2276 402 2296 vero
415 2268 522 2296 fructus
535 2268 618 2303 hujus
633 2273 733 2296 nostrae
746 2268 847 2296 Nicette
863 2269 993 2298 editionis
1011 2270 1163 2306 multiplex,
1177 2275 1204 2298 ut
1215 2278 1305 2306 spero,
1318 2270 1430 2298 futurus
1448 2274 1500 2298 est.
1518 2269 1544 2297 l.
1558 2269 1722 2297 Christiana!
1745 2267 1856 2302 religio—

226 2311 271 2339 nis
288 2320 355 2339 nova
375 2313 544 2346 defensio,et
561 2312 767 2341 Mohamedanac
783 2314 989 2349 superstitionis
1017 2313 1177 2350 fraudisque
1204 2315 1346 2342 accusatio
1360 2319 1443 2349 atque
1468 2313 1624 2341 subversio.
1640 2313 1667 2340 2.
1701 2312 1857 2348 Theologia:

227 2356 298 2390 apud
310 2356 420 2384 Graecos
436 2357 606 2384 scholasticae
618 2364 665 2384 scu
684 2358 860 2392 spcculativm
877 2358 1022 2393 imaginem
1037 2359 1186 2393 genuinam
1202 2359 1247 2386 hic
1263 2359 1429 2393 aspicimus,
1448 2362 1475 2386 et
1487 2366 1542 2393 qua
1557 2357 1698 2389 tnethodo,
1717 2365 1772 2392 quo
1789 2364 1855 2383 acu-

228 2401 311 2432 mine,
330 2401 431 2435 quibus
449 2401 599 2428 dialecticze
610 2405 636 2428 et
654 2402 842 2429 communium
858 2403 1010 2435 notionum,
1027 2403 1084 2431 sive
1100 2411 1209 2434 sensus,
1229 2403 1346 2434 viribus,
1362 2401 1508 2430 Trinitatis
1526 2401 1678 2437 praesertim
1696 2400 1855 2435 perdiiiicile

228 2446 480 2480 perobscnrumque
495 2446 653 2481 mysterium
671 2447 742 2480 apud
771 2446 897 2474 ethnicos
920 2447 1191 2482 Mohamedanosque
1217 2446 1368 2475 Christiani
1392 2446 1576 2481 approbarent
1594 2445 1641 2473 :in
1658 2453 1712 2480 qua
1733 2443 1857 2479 profecto

228 2487 423 2522 disputationis
437 2492 514 2522 parte
528 2487 637 2515 Nicetas
648 2493 741 2515 noster
759 2488 893 2516 mirabilis
908 2494 965 2522 est;
983 2488 1126 2526 Grzecique
1143 2491 1244 2526 ingenii
1262 2495 1288 2518 et
1299 2491 1385 2518 docta:
1401 2489 1552 2524 solidisque
1568 2488 1729 2516 subtilitatis
1747 2487 1855 2521 insigne

228 2532 382 2566 exemplum
398 2532 563 2567 suppeditat.
577 2533 603 2560 5.
622 2533 651 2560 In
667 2533 839 2568 singulorum
853 2534 967 2561 satanici
984 2533 1046 2561 libri
1061 2534 1181 2569 capitum
1199 2533 1449 2567 confutationibus,
1464 2533 1596 2561 recitatur
1608 2532 1701 2559 Graece
1718 2531 1857 2558 Mohame-

227 2576 270 2603 dis
286 2581 386 2609 textus,
401 2577 441 2604 vel
459 2577 519 2611 ipso
533 2577 624 2604 Niceta
641 2577 801 2612 interprete,
820 2578 861 2604 vel
877 2585 909 2604 ex
929 2578 1051 2612 cujusvis
1065 2577 1152 2605 (ἓνωαί
1173 2578 1294 2605 hominis
1313 2578 1503 2608 translatione,
1521 2584 1603 2611 quam
1630 2583 1703 2602 nunc
1719 2582 1808 2609 neque
1829 2574 1855 2601 in

229 2619 306 2646 libris
322 2620 413 2654 editis,
429 2628 517 2655 neque
533 2620 559 2647 in
581 2621 648 2655 ipsis
663 2625 693 2648 ut
706 2621 825 2648 arbitror
840 2622 1038 2656 mauuscriptis
1055 2622 1198 2649 codicibus
1214 2622 1306 2649 videre
1320 2626 1371 2649 est.
1391 2621 1472 2648 Certe
1483 2620 1593 2648 Graecos
1608 2619 1776 2647 Alcoranum
1793 2626 1847 2645 non

228 2664 313 2691 semel
330 2665 529 2697 tantummodo,
550 2666 597 2692 sed
614 2665 730 2693 fortasse
744 2665 858 2700 plurics,
872 2666 906 2693 ad
925 2666 1047 2702 linguam
1066 2674 1143 2694 suam
1159 2666 1343 2697 transtulisse,
1358 2665 1477 2693 dubitari
1493 2664 1607 2699 nequit;
1627 2671 1689 2690 cum
1706 2663 1855 2689 immanem

227 2714 329 2736 sectam
345 2709 370 2736 in
386 2714 544 2745 prospectu,
566 2709 620 2736 itno
636 2714 664 2737 et
678 2710 703 2736 in
719 2709 826 2744 imperii
841 2710 991 2738 visceribus
1007 2715 1144 2745 receptam
1161 2710 1305 2741 haberent,
1324 2715 1351 2737 et
1364 2717 1427 2737 cum
1445 2708 1506 2744 cjus
1524 2707 1685 2735 doctoribus
1699 2705 1856 2733 necessario

226 2753 444 2786 contenderent;
464 2754 489 2781 id
505 2754 576 2788 quod
594 2753 687 2780 Graeca
705 2758 882 2781 monumenta
901 2754 1080 2790 superstitum
1097 2754 1317 2789 disputationum
1341 2758 1486 2781 testantur.
1514 2752 1592 2780 Nunc
1614 2752 1705 2786 itaque
1727 2750 1857 2777 festivum

227 2801 268 2823 est
285 2797 388 2830 videre,
402 2802 572 2833 quantopere
591 2797 727 2825 interdum
744 2797 856 2825 Gra‘cus
872 2799 998 2826 Alcorani
1016 2802 1105 2826 textus
1116 2798 1186 2833 apud
1206 2797 1329 2826 Nicetam
1349 2798 1384 2824 ab
1404 2798 1532 2829 Arabico,
1545 2805 1625 2832 quem
1637 2794 1855 2830 vulgolegimus,

227 2840 336 2868 dilTerat
352 2851 358 2869 :
377 2849 459 2877 quam
476 2849 544 2875 rem,
564 2841 662 2876 partim
677 2849 708 2869 ex
728 2842 885 2876 interpretis
904 2842 992 2869 Graeci
1009 2842 1155 2877 imperitia,
1173 2842 1272 2877 partim
1288 2842 1323 2869 ob
1341 2842 1479 2877 polyscma
1507 2841 1629 2868 Arabica:
1653 2840 1753 2874 linguae
1770 2845 1854 2865 voca-

229 2887 302 2920 uula,
319 2886 418 2922 partim
433 2886 552 2922 denique
568 2891 679 2923 propter
706 2886 792 2922 ipsius
821 2886 951 2915 Alcoraui
980 2887 1133 2915 cditionutu
1169 2887 1342 2919 varietatem,
1373 2886 1521 2922 contigisse
1539 2884 1703 2913 credendum
1718 2887 1771 2911 est.
1787 2881 1856 2909 Natu
