2092 3156
182 180 237 213 €69
755 175 972 207 REFUTATIO
992 175 1230 206 MOHAMEDIS.
1591 210 1597 213 Α
1765 173 1819 204 679

1587 210 1597 222 I

182 242 286 273 septem
305 235 417 264 criticas
433 235 613 272 diversasque
629 235 762 264 Alcorani
774 236 885 265 Ar-abiei
899 237 1035 265 editiones
1052 236 1178 264 nominat
1202 235 1386 273 Herbelotjns,
1415 235 1592 263 Medinenses
1607 235 1686 268 duas,
1706 239 1821 269 praeter-

181 290 270 318 eaque
285 282 454 314 Meceanam,
471 280 630 314 Cul‘ensem,
645 280 855 314 Bassorensem,
874 281 1049 317 Syriaticam,
1068 286 1095 308 et
1106 281 1200 316 κοινὴν
1218 281 1276 308 sive
1288 280 1425 316 vulgatam
1443 288 1449 306 :
1464 287 1582 315 quarum
1599 280 1718 307 varietas
1734 279 1821 306 Cora-

182 324 253 355 niéis
266 326 386 353 Arabum
397 326 591 361 interpretibus
607 325 774 353 uberrimam
790 326 942 354 disserendi
952 326 1057 360 copiam
1072 327 1180 354 obtulit.
1197 327 1281 354 Porro
1295 328 1368 362 quod
1385 328 1458 355 nulla
1476 327 1547 361 apud
1562 326 1674 354 (ΙΙ-τερος
1690 325 1822 353 Alcorani

184 371 330 399 translatio
349 377 494 405 superesse
513 377 587 397 nunc
603 370 737 402 videatur,
748 370 813 397 odio
830 371 868 397 rei
879 370 983 398 scilicet
1002 369 1104 398 factum
1122 371 1212 398 credo.
1233 371 1302 398 Ecce
1323 372 1397 399 enim
1412 379 1446 399 ne
1461 371 1552 398 Latini
1569 370 1679 405 quidem
1710 370 1824 397 Alcora-

186 422 252 442 num
269 414 426 441 habuerunt
441 421 528 448 usque
544 414 577 441 ad
591 413 701 441 Petrum
717 414 942 447 Cluniacenscm,
957 414 1002 449 qui
1020 414 1097 442 illum
1111 415 1137 442 in
1156 415 1286 450 llispania
1309 423 1358 451 per
1378 415 1527 443 liobert‘um
1550 415 1743 445 Rclenensem,
1762 414 1824 440 rudi

185 460 247 487 licet
261 467 355 494 opere,
373 465 405 485 ex
421 458 539 485 Arabico
557 458 791 494 interpretandum
810 459 927 490 curavit,
948 464 1031 494 atque
1047 460 1079 487 ad
1095 460 1188 487 divum
1217 460 1457 488 Clarzevallensem
1483 459 1654 487 Bernardum
1685 458 1771 489 misit,
1797 462 1824 484 ct

185 503 348 531 Theodorus
363 502 521 530 Bibliander
537 511 610 530 anno
628 503 697 531 1550
715 503 786 539 apud
799 502 937 532 Helvetios
966 503 1041 538 prelo
1054 504 1286 532 commisit.‘Ante
1303 505 1372 531 hanc
1387 509 1477 532 tamen
1490 504 1637 531 editionem
1655 503 1821 529 Alcoranum

186 547 247 575 Itali
268 547 358 582 lingua
369 547 482 582 propria
499 555 531 574 ex
547 546 645 574 Latino
659 547 824 574 Betcnensis
849 551 923 574 textu
951 547 1132 583 vulgaverant
1157 556 1230 576 anno
1258 548 1339 582 1547,
1357 549 1462 576 editore
1490 548 1599 586 Antlrea
1633 547 1823 579 Arrivalienio,

187 591 358 627 typograplto
374 591 497 619 Veneto:
516 599 597 626 quem
612 591 730 618 nitidum
744 591 922 626 priscumque
937 591 1052 624 librum,
1068 600 1118 620 nec
1136 592 1216 620 facile
1232 593 1354 626 obvium,
1372 593 1538 627 multi,qnos
1550 592 1621 619 inter
1637 592 1696 627 ipse
1714 591 1821 618 Marac-

187 637 258 669 cius,
275 636 414 671 ignorant.
432 635 524 670 Longe
540 636 708 663 recentiores
722 640 786 663 sunt
798 635 890 672 Ryerii
906 641 931 663 el
950 635 1057 663 Savarii
1074 644 1202 664 sermone
1219 637 1324 664 Gallico
1335 637 1480 669 editiones,
1503 636 1625 671 itemque
1646 636 1707 663 dua:
1728 636 1821 669 lingua

187 680 362 711 Germanica,
381 687 452 713 quas
467 679 548 706 Bern.
565 679 690 712 liubeus,
706 680 836 714 magister
850 680 915 707 olim
933 688 1022 713 meus,
1038 680 1065 707 in
1080 679 1181 707 Lexico
1192 684 1265 706 auct.
1281 679 1365 707 Arab.
1379 683 1522 706 memorat.
1540 678 1592 705 Sed
1608 678 1696 705 nostri
1712 678 1825 705 demum

189 724 317 752 Maraecii
336 732 409 751 anno
426 723 494 751 1698
507 723 696 758 interpretatio
713 724 816 759 optima
833 725 919 752 lucem
933 725 1050 759 aspexit,
1066 724 1110 752 cui
1124 723 1281 759 philarabes
1293 723 1385 751 cuncti
1403 723 1491 756 fasces
1513 723 1711 751 submiscrnnt.
1731 723 1826 755 Quan-

187 776 271 803 quam
288 776 353 796 vero
371 768 429 795 ltmc
447 768 539 802 operis
556 767 657 795 Nicelae
669 768 753 795 editio
768 769 868 796 multas
885 770 1026 803 postulare
1042 768 1187 796 videbatur
1213 772 1269 794 tum
1288 767 1399 794 criticas
1416 772 1474 794 tum
1505 767 1653 794 historicas
1670 767 1825 794 adnotatio-

188 821 248 845 nes,
266 817 293 840 et
307 812 474 847 quandoque
485 812 567 840 etiam
579 812 800 847 grammaticales
814 812 840 839 in
854 812 1055 840 dissidentibus
1070 813 1104 839 ab
1121 811 1238 839 Arabico
1250 811 1398 845 sensibus;
1414 818 1465 846 ego
1480 811 1590 846 quidem
1606 811 1639 838 ad
1657 811 1710 838 alia
1726 819 1827 846 prope-

188 866 255 886 rans
268 864 402 892 suspenso
416 857 614 891 propemodum
631 861 678 884 aut
692 861 766 884 certe
780 857 830 884 levi
845 857 913 892 pede
925 857 1016 885 omnia
1028 857 1198 889 transiliam;
1213 856 1265 884 nisi
1280 855 1352 883 forte
1373 863 1421 891 per
1430 856 1517 883 otium
1529 861 1624 891 postea
1637 856 1713 884 locus
1726 855 1827 891 aliquis

188 902 269 936 paulo
278 901 438 930 accuratius
453 900 633 936 exponendus
645 900 792 928 videbitur.

376 1063 683 1144 NIKHTA
720 1085 1002 1142 ΒΥΖΑΝἹ

1054 1083 1148 1142 ΟΥ
1185 1079 1640 1141 ΦΙΛΟΣΟΦΟΥ

874 1204 1064 1232 ΑΝΛΤΡΟΠΗ
1075 1203 1145 1230 ΤΗΣ

194 1287 340 1334 ΠΑΡΑ
376 1289 490 1334 ΤΟΥ
517 1290 723 1334 ΑΡΑΒΟΣ
742 1290 981 1337 ΜΩΑΜΕΤ
1000 1291 1617 1337 ΠΛΑΣΤΟΓΡΑΦΗΘΕΙΣΗΣ
1631 1289 1832 1335 ΒΙΒΛΟΥ

583 1467 782 1527 NICETIE
827 1468 1108 1529 BYZANTINI
1154 1469 1460 1559 PHILOSOPHI

910 1589 1134 1619 CONFUTATIO

233 1679 400 1725 FALSI
435 1680 598 1725 LIBRI
639 1681 808 1733 QUEM
845 1648 1113 1726 SCRIPSIT
1155 1672 1564 1727 MOHAMEDES‘
1601 1680 1803 1726 ARABS.

482 1855 708 1883 HPOFPAMMA.
1007 1856 1034 1887 Α
1327 1847 1560 1884 Pnoct‘tAMttA.

236 1906 272 1930 α’.
289 1903 426 1938 Μεγάλων
437 1903 486 1930 καὶ
499 1903 555 1929 τῶν
573 1902 645 1938 ὑπὲρ
667 1903 741 1937 ἡμᾶς
755 1902 840 1937 ἀξίων
855 1903 994 1938 ὑπαρχόν-

202 1958 256 1976 των
272 1950 382 1977 πάντων
399 1949 576 1985 πῘρεσϐεί]ων
593 1950 630 1984 (1)
652 1948 691 1984 τῷ
708 1949 907 1984 θεοφιλεστάτῳ
919 1950 995 1983 βασι-

203 1996 253 2030 λεῖ,
267 1996 356 2030 λόγοις
383 1995 524 2035 γεραίρειν
547 1995 628 2028 αὐτὰ,
649 1994 693 2022 διὰ
708 1995 737 2022 τὸ
752 1995 876 2030 μέγεθος,
890 1995 936 2021 καὶ
951 1995 997 2029 μέ-

203 2051 262 2079 τρῳ
294 2042 482 2078 περιορίζειν,
509 2041 553 2068 διὰ
582 2041 613 2068 τὸ
647 2041 770 2077 ἄπειρον,
801 2041 851 2076 οὐχ
881 2038 932 2068 οἷοί
965 2051 996 2068 τε

205 2088 325 2124 ἐσόμεθα
338 2088 368 2115 τὺ
378 2088 509 2123 παράπαν
519 2095 526 2102 ·
541 2087 599 2114 ἀλλ’
613 2088 630 2122 ὴ
645 2086 692 2114 τοῦ
728 2087 881 2122 θαυμάζειν
909 2096 998 2122 παρα-

206 2134 377 2166 σκευάζουσα
395 2134 484 2160 πᾶσαν
495 2133 616 2160 διάνοιαν
634 2132 775 2165 ἔκπληξις,
792 2133 839 2159 καὶ
851 2132 913 2164 τοὺς
926 2133 997 2168 ὑψη-

205 2178 268 2210 λοὺς
282 2179 328 2205 τὸν
343 2178 406 2206 νοῦν
422 2179 569 2214 κηρύττειν
585 2179 633 2206 καὶ
645 2178 814 2213 διαγγέλλειν
838 2178 932 2213 σαφῶς
956 2179 999 2212 EE-

207 2225 346 2260 εἴργουσα,
376 2224 454 2251 τοῦτο
470 2225 500 2251 τὸ
517 2224 603 2259 ἔργονῖ
619 2224 687 2260 [εοά.
715 2223 819 2251 τούτων
848 2225 878 2252 τὸ
907 2224 997 2261 ἔργον]

207 2271 279 2305 ἡμᾶς
293 2271 356 2302 τοὺς
370 2269 556 2306 χαμαιζήλους
578 2272 666 2297 ποιεῖν
691 2271 900 2306 κατηνάγκασεν
916 2279 923 2287 ⁸
950 2272 1000 2298 οὐκ

208 2317 255 2343 ἐπὶ
269 2318 377 2350 πᾲντων
392 2318 420 2344 δὲ
435 2319 444 2352 (
461 2317 540 2345 τοῦτο
553 2318 607 2353 γὰρ
623 2315 656 2353 ἦν
669 2317 810 2350 παντελῶς
822 2319 870 2345 καὶ
891 2318 1001 2354 ἀμήχα-

208 2363 276 2398 νον),
292 2364 350 2391 ἀλλ’
366 2364 408 2399 ἐφ’
422 2363 481 2396 ἐνὸς
496 2363 579 2391 αὐτοῦ
595 2365 805 2400 προτερήματος
819 2371 826 2379 ·
848 2365 902 2391 οὐδ’
927 2365 1001 2397 ὅπως

208 2409 242 2436 δι’
271 2410 417 2445 ἐγκωμίων
444 2409 525 2436 αὑτὸν
556 2410 795 2446 καταστέψωμεν·
822 2410 874 2437 ποῦ
887 2411 941 2446 γάρ
958 2419 1002 2445 μοι

209 2455 327 2490 τοσαύτη
344 2456 467 2491 χρυσέων
484 2456 558 2483 ἐπῶν
575 2456 731 2491 περιουσία,
747 2456 785 2488 ὡς
801 2456 833 2484 ἃν
845 2465 1003 2492 χρυσογρα-

210 2502 329 2536 φήσαιμι
344 2502 393 2538 (2),
408 2503 457 2533 τὰς
472 2502 551 2538 δίκην
574 2503 742 2534 πολκυανθοῦς
766 2503 900 2539 λειμῶνος
923 2504 1003 2536 ἐξαν-

211 2547 312 2580 Θοὺσας
332 2548 385 2575 τῶν
411 2548 518 2583 ἀρετῶν
548 2548 632 2575 αὐτοῦ
663 2548 861 2584 λαμπρότητας
881 2549 928 2575 καὶ
946 2559 1005 2585 τερ·
1020 2542 1043 2571 Β

211 2594 366 2628 πνότητας;
384 2594 435 2620 ποῦ
444 2594 498 2629 γὰρ
514 2594 590 2630 Θήσω
607 2595 656 2629 τὴν
669 2595 719 2629 τῆς
748 2595 886 2630 βασιλείας
901 2596 1003 2622 πὰνσο-

212 2648 262 2674 φον
274 2640 484 2676 πηδαλιουχίαν;
505 2641 557 2667 ποῦ
572 2641 659 2676 δὲτὴν
672 2641 721 2676 τῆς
740 2641 905 2677 Ἑκκλησίας
925 2644 1004 2678 εἰρη-

213 2685 291 2712 ναίαν
300 2694 329 2712 τε
349 2687 397 2713 καὶ
423 2686 560 2723 ἀτάραχον
585 2687 745 2722 διαγωγήν;
764 2687 815 2714 ποῦ
835 2688 863 2715 δὲ
885 2689 934 2724 τὴν
955 2690 1005 2725 τῆς

252 2779 289 2814 (⁷⁸)
305 2779 332 2807 1η
352 2778 632 2815 ροιιίεἱὺυςγςςνὶὺὶιιιτ
646 2778 777 2814 Μωάμεδ,
791 2780 924 2815 Μωάμεθ.
941 2781 1007 2807 Μω-

215 2815 295 2850 άμετ,
310 2814 469 2850 Μαχούμεδ..
487 2814 612 2850 Primam
622 2815 786 2850 scripturam
809 2816 835 2842 itt
857 2816 1005 2843 Latinitate

214 2858 275 2877 mea
295 2849 395 2884 sequor
429 2850 467 2884 (in
497 2857 577 2883 quam
607 2849 702 2877 incidit
722 2857 748 2878 et
766 2852 897 2881 secunda.
917 2856 946 2878 ut
971 2859 1004 2879 ex

214 2885 292 2916 Θεὸς,
313 2885 404 2918 Deus),
419 2892 575 2919 quanquam
592 2884 702 2914 Nicctas
719 2886 827 2914 tertiam
847 2891 929 2914 tenet.

253 2920 291 2957 (ί)
308 2919 478 2949 Vocabulum
495 2920 652 2952 evanidum.

1085 1903 1111 1930 1.
1131 1902 1201 1930 Cum
1220 1906 1313 1930 tantus
1339 1910 1478 1938 supraque
1491 1908 1612 1931 nostram
1630 1904 1841 1932 aestimationem

1049 1950 1085 1977 sit
1098 1949 1259 1977 meritorum
1269 1950 1399 1976 cumulus
1413 1949 1584 1977 dilectissimi
1594 1949 1648 1976 Deo
1657 1950 1843 1985 imperatoris,

1049 1995 1142 2023 verbis
1167 1995 1280 2030 quidem
1310 1995 1421 2022 illorum
1452 1995 1650 2023 sublimitatem
1668 2004 1779 2030 ornare,
1795 2003 1844 2026 aut

1051 2049 1180 2069 mensura
1200 2041 1293 2076 aliqua
1308 2042 1468 2069 corumdem
1484 2042 1645 2069 inﬁnitatth
1663 2043 1844 2076 οοιηι)ι·ριιριι‹

1051 2086 1126 2118 dere,
1156 2093 1271 2121 prorsus
1298 2094 1352 2113 non
1375 2087 1539 2114 valebimus.
1567 2085 1620 2114 Sed
1636 2087 1708 2114 enim
1739 2088 1783 2115 ille
1797 2088 1844 2123 qui

1052 2138 1163 2158 onmem
1182 2135 1301 2159 mentem
1318 2131 1351 2158 ad
1369 2131 1562 2159 admirandum
1589 2133 1660 2168 rapit
1688 2138 1796 2169 stupor.
1818 2138 1845 2161 et

1052 2178 1087 2205 ad
1120 2177 1310 2213 prtedieantlos
1337 2178 1438 2206 excelsi
1471 2178 1556 2204 animi
1590 2178 1663 2206 viros
1700 2180 1848 2215 palamque

1054 2225 1288 2252 commendandos
1317 2225 1444 2260 impellit,
1472 2224 1495 2252 is
1520 2231 1564 2252 me
1588 2233 1698 2261 quoque
1714 2226 1789 2253 humi
1805 2235 1847 2254 re-

1054 2275 1161 2306 pentem
1180 2271 1322 2299 mortalem
1339 2271 1371 2299 ad
1388 2271 1440 2299 hoc
1451 2271 1614 2306 opusculum
1626 2273 1847 2306 compenendum

1055 2318 1155 2353 adegit.
1170 2317 1264 2353 Neque
1279 2322 1368 2345 tamen
1386 2318 1420 2345 de
1435 2318 1519 2352 gestis
1535 2318 1666 2346 omnibus
1678 2319 1780 2352 dicam,
1796 2319 1848 2346 hoc

1055 2365 1126 2392 enim
1145 2365 1300 2392 nullatenus
1311 2365 1369 2392 ﬁeri
1382 2369 1480 2399 potest,
1495 2366 1542 2393 sed
1556 2365 1589 2393 de
1606 2373 1660 2393 uno
1674 2366 1760 2400 ipsius
1773 2366 1849 2401 prin-

1056 2411 1138 2446 cipali
1152 2412 1294 2445 facinore;
1313 2419 1399 2446 neque
1416 2411 1544 2439 laudibus
1559 2412 1752 2446 imperatorem
1766 2419 1848 2439 coro-

1057 2459 1144 2490 nabo;
1161 2465 1280 2493 namque
1295 2458 1430 2485 undenam
1453 2459 1518 2486 mihi
1536 2466 1684 2486 aureorum
1700 2458 1849 2486 verborum

1057 2504 1146 2539 copia,
1165 2509 1194 2531 ut
1210 2504 1384 2538 splendorem
1404 2512 1436 2531 ac
1449 2505 1610 2532 suavitatem
1631 2505 1763 2532 virtutum
1779 2504 1848 2539 ejus,

1058 2559 1119 2585 quae
1143 2551 1212 2585 prati
1234 2551 1320 2579 instar
1335 2551 1420 2579 \‘ariis
1436 2551 1550 2580 ﬂoribus
1577 2552 1744 2580 luxuriantis
1773 2556 1848 2583 Sunt,

1057 2604 1124 2624 auro
1138 2596 1311 2624 conscribam
1324 2596 1335 2622 ?
1350 2595 1421 2629 Quid
1431 2597 1504 2624 enim
1518 2597 1551 2625 de
1562 2597 1622 2631 ejus
1642 2597 1849 2632 sapientissitna

1058 2643 1190 2678 regnandi
1205 2647 1262 2671 arte
1276 2643 1384 2670 dicam?
1396 2643 1463 2679 quid
1473 2644 1505 2671 de
1514 2643 1642 2672 Ecclesite
1653 2643 1850 2678 imperturbata

1058 2692 1085 2716 ct
1102 2688 1215 2724 paciﬁca
1231 2688 1487 2718 administratione?
1512 2690 1578 2725 quid
1602 2691 1636 2718 de
1660 2689 1779 2725 generali
1797 2687 1850 2713 rei-

1097 2782 1135 2819 (2)
1151 2782 1272 2821 Respicit.
1292 2791 1395 2821 morem
1425 2782 1561 2821 scribendi
1583 2781 1692 2821 auro'in
1709 2787 1851 2821 pergame-

1060 2817 1195 2856 nis‘,_:rcgii
1209 2817 1362 2856 praesertim
1379 2818 1534 2856 argumenti
1568 2822 1617 2856 aut
1633 2817 1739 2856 divitth
1752 2817 1851 2856 fuit-ts-

1060 2850 1132 2890 inodi
1151 2850 1293 2888 splendida
1316 2850 1484 2890 exemplaria
1505 2854 1533 2880 in
1558 2851 1684 2880 codicum
1703 2850 1852 2880 bibliotlie—

1058 2889 1098 2917 cis
1117 2895 1275 2925 supersunt.
