2083 3155
183 158 237 190 673

396 213 597 241 ΚΕΦΑΛᾹΙΟΝ
626 214 764 242 ΠΡΩΤΟΝ
768 237 775 243 .

184 259 328 290 Ἔθιθεσις
337 259 602 293 κατασκευαστικὴ
620 259 697 294 μετὰ
712 260 896 294 ἀποδείξεως
925 261 978 289 τοῦ

218 305 430 339 Χριστιανικοῦ
462 304 618 340 δόγματος,
651 306 685 333 ἐκ
711 306 821 333 κοινῶν
843 307 978 340 ἐννοιῶν,

220 350 269 377 καὶ
285 350 477 384 διαλεκτικῆς
490 351 632 385 μεθόδου,
647 351 695 378 καὶ
714 351 853 386 φυσικῶν
866 352 979 387 ἐπιχει-

214 395 380 431 ρημάτων,
411 396 460 423 καὶ
496 397 736 432 συλλογιστικῆς
777 399 980 432 πολυτεκνίας

219 443 408 478 προαγιομὲνη
421 451 428 458 ⁸
439 443 488 470 καὶ
499 444 676 478 ἀντίρρησις
693 444 741 471 καὶ
755 445 912 478 ἀνασκεῡὴ
929 446 977 472 καὶ

220 490 347 524 ἐλεγχος
358 489 412 524 τῆς
423 490 615 525 ἀλογωῖάτης
631 491 678 517 κα)
694 491 913 525 μυσαρωτάτης
929 491 980 523 ,βί-

220 538 294 564 ϐλου
310 537 366 571 τῆς
380 538 459 572 παρὰ
470 537 523 564 τοῦ
546 538 668 572 Ἄραϐος
690 538 815 572 Μωάμετ
844 540 980 565 πλαστο-

219 583 436 618 γραφηθείσης,
455 583 519 617 ἢτοι
537 583 594 618 τῆς
605 583 665 611 τῶν
678 583 844 619 Ἀγιφηνῶν
863 583 980 618 ψευδω-

218 631 316 664 νύμου
336 630 475 662 πίστεως.

221 679 255 710 γ’.
273 675 382 702 Πολλῶν
399 676 448 711 ήδη
461 675 515 702 τῶν
531 676 571 708 εἰς
585 676 664 709 δόξαν
683 675 751 702 Θεοῦ
776 676 978 712 συντρεχόντων

184 722 284 757 ἀρετῆς
295 721 516 756 κατορθωμάτων
526 721 601 757 παρὰ
617 722 662 748 τοῦ
679 721 829 756 φιλαγάθου
849 723 896 748 καὶ
908 723 976 758 Χρι-

186 767 398 794 στιινιχωτάτου
423 767 502 802 ἡμῶν
530 766 661 802 βασιλέως
679 767 814 802 ὁσημέραι
843 767 976 803 διαπρατ-

183 813 316 848 τομένων,
336 813 455 848 μάλιστα
469 813 496 839 δὲ
511 813 573 848 περὶ
587 813 636 848 τὴν
652 813 753 848 εὐσεϐῆ
778 809 818 846 et;
844 814 911 841 Θεὸν
930 814 978 842 λα-

182 859 286 895 τρείαν,
304 859 333 886 ἓν
346 859 394 886 καὶ
407 859 488 886 τοῦτο
499 859 617 894 σπουδῆς
641 857 710 891 εἶδος
737 859 776 895 τῷ
799 860 975 897 γαληνοτάτῳ

772 159 989 190 REFUTATIO
1010 161 1247 193 MOHAMEDIS.

1736 162 1750 171 '
1767 163 1820 196 674

1279 217 1394 246 CAPUT
1417 217 1562 246 PRIMUM.

1031 263 1181 299 Expositio,
1198 273 1258 292 cum
1273 266 1436 300 argumentis
1451 270 1475 292 et
1489 265 1726 298 demonstratione,
1744 265 1824 293 Chri-

1066 309 1148 337 stiani
1172 309 1317 345 dogmatis,
1336 319 1368 338 ea:
1395 311 1578 338 communibus
1607 311 1769 345 nationibus,
1797 318 1823 341 et

1066 355 1206 382 dialectica
1223 356 1357 389 met/rode,
1384 364 1484 383 necnon
1498 357 1666 384 naturalibus
1682 366 1824 393 argumeu~

1066 402 1108 433 lis,
1128 402 1252 437 varioque
1280 402 1444 437 syllogistico
1464 403 1590 438 artiﬁcio,
1617 403 1740 431 deducta.
1754 404 1824 432 Con—

1066 447 1164 482 futatio
1180 448 1264 475 simul
1285 453 1309 476 el
1322 450 1421 476 eversio
1445 457 1522 485 atque
1545 451 1680 485 eoargulio
1702 451 1824 478 insulsis-

1064 493 1125 520 simi
1136 501 1167 519 ac
1182 493 1369 528 nefandissimi
1390 494 1422 521 ab
1438 494 1525 522 Arabe
1541 495 1698 522 Illo/lamella
1716 496 1825 531 conﬁcti

1064 538 1137 572 libri,
1154 540 1207 566 sive
1219 540 1408 575 pseudonyma:
1419 541 1601 576 Agarenarum
1619 541 1692 576 ﬁdei.

1066 677 1093 705 5.
1114 677 1189 705 Inter
1202 682 1242 705 tot
1257 677 1329 706 bona
1347 677 1457 706 virtutis
1473 685 1568 713 opera,
1590 678 1623 706 ad
1652 678 1697 706 Dei
1710 678 1824 714 gloriam

1031 724 1223 757 redundantia,
1239 732 1301 759 qua:
1314 725 1348 752 ab
1361 725 1465 760 optimo
1479 730 1505 751 et
1518 725 1758 753 Christianissimo
1770 726 1822 752 int-

1030 775 1156 805 peratore
1177 776 1272 798 nostro
1285 770 1409 806 quotidie
1430 771 1509 803 ﬁunt,
1529 771 1667 806 praecipue
1681 772 1755 799 circa
1774 779 1823 799 ve-

1029 824 1090 844 rum
1121 817 1168 845 Dei
1194 817 1309 850 cultum,
1337 817 1394 845 haec
1417 825 1529 853 quoque
1551 818 1738 846 serenissima:
1761 819 1822 854 ejus

1029 863 1165 898 maiestati
1195 863 1342 898 peculiaris
1372 871 1438 892 cura
1475 864 1567 896 inest,
1593 868 1624 891 ut
1656 869 1821 899 coarguatur

182 906 279 941 κράτει
299 905 478 941 καθέστηκεν,
497 905 528 932 τὸ
555 906 755 943 ἀπελεγχθῆναι
775 907 825 942 τὴν
841 908 975 943 ἡπατημέ.

1034 908 1207 944 mendaxque
1235 914 1262 937 et
1284 915 1443 944 portentosa
1476 910 1679 937 demonstretur
1706 918 1823 938 erronea

183 961 231 988 νην
245 953 290 979 καὶ
304 952 481 988 ἁλογωτάτην
506 952 583 985 δόξαν
604 953 654 988 τὴν
682 954 977 989 πλαστογραφηοεῖσαν

183 1000 211 1025 ἐν
226 1000 258 1034 τῇ
275 999 501 1035 ὲπονομαζομένῃ
524 999 570 1025 τοῦ
590 999 710 1035 ’Ἄραϐος
729 1000 852 1036 Μωάμετ
869 1000 952 1036 βίϐλῳ
967 1009 975 1017 ι

181 1045 243 1072 ὅθεν
257 1045 305 1081 τὴν
315 1045 452 1081 ἡμετέραν
468 1045 645 1081 ἀναξιότητα,
665 1044 709 1073 οἷα
723 1046 755 1082 δὴ
769 1047 913 1083 ἐλλόγιμον
929 1056 977 1074 πο-

184 1092 239 1124 σῶς
264 1090 358 1123 οὖσαν,
377 1091 424 1118 καὶ
438 1091 569 1123 εὐνοϊκῶς
596 1091 665 1126 πρὸς
682 1092 731 1127 τὴν
753 1092 836 1119 αὐτοῦ
868 1092 977 1127 Οεοσυγ-

183 1138 314 1173 κρότητον
329 1137 468 1172 βασιλείαν
486 1137 698 1173 προσκειμένην,
712 1138 900 1173 προετρέψατο
913 1138 975 1165 καθ’

182 1185 244 1210 ὅσον
255 1181 307 1210 οἷοί
325 1184 355 1210 τέ
367 1185 461 1219 ὲσμεν,
479 1183 654 1219 στηλιτεῦσαι
679 1184 726 1210 καὶ
753 1183 839 1216 δείξαι
867 1185 976 1219 μακρὰν

182 1230 231 1266 τῆς
245 1231 374 1266 ἀληθείας
388 1230 574 1267 ὑπάρχουσαν,
588 1231 618 1257 οὐ
638 1231 718 1265 μόνον
729 1233 758 1257 ὲν
778 1231 837 1262 ταῖς
852 1230 916 1265 περὶ
944 1231 976 1257 τὸ

183 1278 260 1303 Θιῖον
273 1277 388 1311 σαφέσιν
404 1276 582 1311 ὑπολήψεσιν,
597 1276 664 1303 ἀλλὰ
678 1277 724 1303 καὶ
746 1278 775 1303 ὲν
787 1276 882 1308 αὑταῖς
900 1276 976 1312 παρὰ

182 1324 228 1350 τοῦ
242 1322 331 1350 κοινοῦ
349 1322 399 1357 τῆς
415 1322 626 1358 ἁνθρωπότητος
647 1323 742 1356 γένους
769 1322 866 1358 ῥᾳδίως
891 1331 974 1356 γινω-

183 1369 330 1403 σκομέναις
346 1377 353 1383 ·
370 1369 418 1400 τὰς
433 1368 520 1394 τοίνυν
536 1368 692 1400 θεοδέκτους
714 1369 761 1394 καὶ
784 1368 974 1402 σωσικόσμους

182 1415 263 1450 εὐχὰς
277 1414 323 1441 τοῦ
338 1414 420 1441 αὑτοῦ
432 1415 603 1450 φιλοχρίστου
619 1414 750 1441 δεσπότου
772 1414 850 1450 ἡμῶν
864 1415 911 1442 καὶ
927 1424 976 1451 με-

182 1462 265 1495 γάλου
282 1461 414 1496 βασιλέως
427 1461 667 1496 ἐπικαλεσάμενοι,
683 1461 732 1488 σὺν
743 1462 774 1497 τῇ
792 1461 905 1496 δυνάμει
928 1461 974 1488 τοῦ

183 1508 261 1540 ἁγίου
275 1507 431 1542 Πνεύματος
442 1529 450 1541 ,
469 1507 516 1534 καὶ
530 1507 569 1542 τῷ
584 1507 689 1543 θώρακι
710 1508 759 1542 τῆς
772 1507 891 1540 πίστεως
903 1517 974 1544 φρα-

184 1554 304 1588 ξάμενοι,
323 1553 433 1581 καὶτοῦ
458 1553 556 1589 ουρεοῦ
585 1553 635 1589 τῆς
662 1554 767 1586 ἐλπίδος
797 1554 971 1590 δραξάμενοι,

182 1600 229 1626 καὶ
244 1601 292 1634 τὴν
308 1599 524 1634 περικεφαλαίαν
535 1599 582 1626 τοῦ
599 1599 732 1635 σωτηρίου
754 1599 974 1634 περιϐαλόμενοι,

181 1646 230 1680 τὴν
245 1645 327 1672 αὐτοῦ
340 1645 497 1681 προτροπὴν
509 1645 650 1672 ἐκτελέσαι
666 1645 854 1681 προήχθημεν.
867 1646 976 1682 Ἐπειδὴ

181 1692 210 1719 δὲ
227 1692 314 1724 διττός
336 1693 409 1719 ἐστιν
422 1692 436 1718 ὁ
451 1692 499 1727 τῆς
516 1693 705 1728 ἀντιρρήσεως
716 1693 804 1727 λόγος,
818 1693 864 1719 τοῦ
880 1693 930 1728 μὲν
945 1693 976 1720 τὸ

182 1739 280 1764 οἰκεῖον
293 1738 555 1770 κατασκευάζοντος,
575 1738 622 1768 τοῦ
645 1738 672 1765 δὲ
692 1739 722 1765 τὸ
737 1739 883 1766 ἀντίπαλον
910 1740 975 1766 ἁνα-

182 1784 339 1819 τρὲποντος,
357 1785 489 1820 πρότερον
501 1784 551 1820 τὴν
569 1784 670 1820 εὐσεϐῆ
682 1785 759 1820 ἡμῶν
773 1785 828 1812 τῶν
844 1785 975 1820 Χριστια-

183 1830 235 1856 νῶν
247 1830 338 1857 πίστιν
352 1831 384 1856 ὲκ
406 1831 528 1865 φυσικῶν
545 1831 695 1866 λογισμῶν,
716 1830 754 1863 ὡς
776 1831 898 1866 ἐφικτὸν,
914 1832 974 1867 μετ’

182 1876 346 1908 ἀποδείξεως
372 1876 525 1912 ἐκθέμενοι,
552 1877 583 1903 τὸ
604 1876 756 1912 τηνικαῦτα
783 1877 818 1904 τὰ
843 1877 974 1904 δοκοῦντα

183 1925 343 1957 συνηγορεῖν
372 1922 410 1957 τῷ
438 1922 565 1950 δυσσεϐεῖ
584 1922 666 1949 αὑτοῦ
686 1922 803 1958 δόγματι
827 1923 975 1958 ἀπελέγξαι

181 1967 369 2003 πειρασόμεθα
384 1976 390 1984 ·
405 1970 438 2003 τῇ
454 1968 512 2004 μὲν,
539 1968 661 2003 φυσικῶς
682 1969 715 1995 ἐκ
732 1968 786 1994 τῶν
812 1968 878 2004 περὶ
906 1969 974 1996 Θεοῦ

182 2015 279 2041 κοινῶν
293 2015 404 2043 ἐννοιῶν
421 2023 427 2031 ·
446 2017 479 2051 τῇ
503 2016 543 2048 δὲ,
572 2016 620 2042 καὶ
641 2015 788 2051 Γραφικῶς
807 2015 837 2047 ἐξ
865 2012 902 2042 ὧν
927 2016 975 2042 καὶ

181 2062 261 2094 αὐτὸς
290 2063 304 2088 ό
324 2062 375 2097 τῆς
400 2062 528 2098 τοιαύτης
556 2062 649 2097 βίϐλου
668 2061 878 2098 πλαστογράφος
901 2062 976 2089 δοκεῖ

182 2108 380 2144 καταδέχεσθαι
398 2117 404 2124 ·
415 2109 532 2146 ἄρξομαι
543 2109 572 2135 δὲ
588 2108 724 2136 ἐντεῦθεν.

217 2155 247 2182 δ’.
270 2156 300 2181 '0
317 2155 454 2190 πάνσοφος
472 2156 519 2182 καὶ
539 2155 688 2190 φιλάγαοος
704 2155 923 2191 ἁπειροδύναμός
944 2163 974 2181 τε

182 2202 230 2228 ναὶ
251 2202 381 2236 πανάγιος
399 2201 477 2233 Θεὸς,
488 2202 539 2236 τὴν
555 2201 602 2228 τοῦ
618 2201 721 2237 κόσμου
735 2201 863 2228 σύστασίν
875 2210 906 2228 τε
927 2201 974 2228 καὶ

1029 953 1075 981 illa
1103 959 1130 982 et
1151 954 1351 982 absurdissima
1381 955 1518 988 doctrina,
1539 963 1600 990 qua:
1633 955 1723 984 fallaci
1753 957 1822 984 libro

1027 999 1198 1028 Mohamedis
1233 1000 1333 1028 Arabis
1369 1008 1468 1029 nomen
1507 1005 1618 1036 gerente
1653 1001 1821 1030 continetur.

1028 1045 1210 1079 Quamobrem
1233 1051 1354 1074 nostram
1370 1047 1571 1082 indignitatem,
1594 1055 1643 1075 ceu
1671 1048 1740 1075 clari
1773 1048 1823 1075 ali-

1028 1092 1192 1127 quantulum
1213 1092 1344 1126 nominis,
1363 1098 1390 1120 et
1407 1094 1453 1127 qui
1471 1093 1532 1128 ejus
1549 1101 1564 1120 a
1582 1092 1636 1120 Deo
1652 1094 1746 1121 electa:
1762 1101 1823 1121 ma-

1027 1138 1118 1174 iestati
1135 1139 1226 1166 devoti
1243 1147 1352 1172 sumus,
1373 1139 1500 1166 hortatus
1527 1143 1579 1172 est,
1607 1144 1635 1167 ut
1659 1147 1708 1174 pro
1718 1140 1822 1167 viribus

1027 1184 1244 1218 dilfamaremus,
1271 1191 1355 1221 atque
1382 1193 1397 1213 a
1422 1188 1537 1213 veritate
1553 1185 1747 1213 abhorrentem
1773 1185 1822 1213 do-

1027 1231 1144 1258 ctrinam
1163 1231 1235 1259 hanc
1246 1231 1513 1265 demonstraremus,
1529 1239 1584 1259 non
1602 1232 1692 1260 solum
1715 1232 1742 1259 in
1762 1240 1822 1259 ma-

1027 1277 1135 1304 nifestis
1160 1277 1232 1304 circa
1255 1276 1340 1304 Deum
1369 1277 1562 1312 conceptibus,
1576 1285 1670 1304 verum
1693 1278 1820 1305 etiamin

1027 1323 1222 1351 communibus
1244 1329 1273 1351 et
1303 1323 1434 1351 universo
1465 1324 1606 1351 hominum
1628 1324 1721 1358 generi
1739 1323 1822 1352 facile

1027 1369 1116 1397 obviis
1132 1370 1302 1397 notionibus.
1317 1369 1403 1405 Igitur
1422 1370 1575 1405 imploratis
1593 1370 1715 1404 ejusdem
1739 1370 1821 1397 Chri-

1027 1415 1139 1449 stophili
1163 1414 1265 1442 domini
1288 1415 1387 1446 nostri,
1405 1416 1495 1450 Iuagni
1510 1415 1692 1450 imperatoris,
1710 1414 1763 1442 Deo
1777 1422 1819 1441 ae-

1027 1462 1114 1497 ceptis
1129 1463 1289 1496 mundoque
1305 1462 1475 1490 salutaribus
1493 1462 1640 1496 precibus,
1659 1469 1720 1490 cum
1737 1461 1822 1496 Spiri<

1027 1512 1071 1535 tus
1095 1507 1182 1535 sancti
1209 1507 1320 1540 virtute,
1348 1507 1408 1535 ﬁdei
1432 1508 1519 1534 lorica
1550 1507 1623 1540 tecti,
1656 1507 1714 1542 spei
1741 1512 1820 1535 scuto

1028 1560 1147 1590 sumpto,
1164 1555 1296 1590 galeaque
1325 1556 1422 1583 salutis
1446 1555 1557 1588 muniti,
1577 1555 1736 1582 mandatum
1761 1556 1821 1589 ejus

1027 1602 1140 1636 exsequi
1155 1603 1341 1636 aggredimur.
1370 1600 1403 1628 Et
1429 1602 1493 1637 quia
1509 1601 1610 1636 duplex
1625 1605 1667 1629 est
1682 1601 1820 1628 antirrhe-

1027 1646 1087 1672 ticac
1101 1645 1235 1672 orationis
1252 1653 1326 1681 pars,
1337 1654 1391 1673 una
1409 1654 1470 1681 quae
1487 1647 1629 1681 proprium
1647 1651 1820 1681 assumptum

1028 1692 1200 1726 comprobat,
1229 1692 1314 1719 altera
1335 1700 1396 1728 quae
1426 1693 1598 1720 contrarium
1624 1693 1744 1726 refutat;
1771 1701 1822 1722 nus

1027 1738 1136 1772 quidem
1152 1737 1223 1772 piam
1239 1743 1360 1766 nostram
1376 1738 1600 1766 Christianorum
1616 1739 1696 1766 ﬁdem
1711 1743 1822 1766 natura-

1028 1783 1130 1810 ralibus
1145 1783 1295 1811 ratiociniis
1309 1791 1363 1819 qua
1378 1784 1483 1819 majore
1498 1785 1556 1811 fieri
1570 1784 1670 1819 poterit
1685 1784 1822 1812 evidentia

1027 1830 1223 1863 ostendemus;
1251 1830 1350 1858 deinde
1379 1835 1540 1866 argumenta
1568 1839 1629 1866 quae
1657 1831 1749 1865 impia:
1769 1831 1821 1858 do-

1028 1875 1123 1902 ctrina:
1152 1875 1244 1904 favere
1270 1877 1413 1909 videntur,
1452 1884 1603 1912 coarguere
1633 1877 1819 1910 conabimur;

1027 1921 1107 1949 modo
1123 1922 1286 1950 naturaliter
1312 1931 1344 1950 ex
1363 1922 1556 1950 communibus
1574 1922 1606 1949 de
1626 1921 1680 1949 Deo
1701 1922 1822 1949 notioni-

1027 1968 1089 2000 bus,
1109 1969 1190 1996 modo
1205 1968 1354 2003 Scriptum
1368 1969 1547 2000 testimoniis,
1566 1975 1649 2002 quam
1666 1968 1723 2002 ipse
1738 1967 1820 2002 hujus

1027 2015 1089 2043 falsi
1112 2015 1174 2042 libri
1200 2021 1297 2043 auctor
1318 2015 1426 2043 videtur
1448 2015 1605 2043 admittere.
1626 2014 1698 2041 Hinc
1726 2018 1819 2041 autem

1027 2062 1136 2090 initium
1149 2062 1268 2097 capiam.

1062 2152 1089 2181 4.
1122 2151 1349 2188 Sapientissimus
1373 2154 1401 2178 et
1427 2150 1564 2185 {bonitatis
1589 2155 1707 2182 amator,
1730 2149 1822 2178 omni-

1026 2203 1124 2234 potens
1154 2203 1179 2226 et
1214 2198 1405 2226 sanctissimus
1427 2196 1510 2230 Déus,
1541 2197 1587 2232 qui
1612 2198 1708 2224 mutuli
1734 2197 1818 2232 hujus

181 2247 308 2274 οὑσίωσιν
336 2247 366 2280 ἐξ
390 2248 439 2274 οὐκ
460 2247 544 2274 ὄντων
563 2248 706 2283 παράγων,
728 2247 788 2283 ἦτοι
811 2248 840 2273 ὲν
861 2247 974 2282 δυνάμει

1028 2244 1253 2272 constitutionem
1270 2247 1297 2270 et
1311 2243 1503 2270 exsislentiam
1517 2249 1549 2269 ex
1565 2249 1619 2269 non
1644 2241 1819 2269 exstantibus

182 2295 294 2324 δυνατὸς
310 2294 350 2321 ὢν
363 2294 464 2329 ταύτην
481 2293 698 2330 ὲδημιούργησέν
711 2302 743 2320 τε
770 2294 818 2320 καὶ
847 2294 976 2329 παρήγα-

183 2349 242 2374 γεν,
260 2340 276 2376 ἢ
293 2340 342 2366 οὐκ
364 2341 393 2367 ὲν
421 2340 535 2374 δυνάμει
554 2339 665 2371 δυνατὸς
689 2339 726 2366 ῶν
742 2347 749 2355 ·
774 2340 798 2365 εἰ
822 2339 871 2374 μὲν
883 2339 933 2366 οὐκ
947 2339 976 2365 ὲν

182 2388 306 2422 δυνάμει,
322 2387 429 2422 ψευδεῖς
438 2387 464 2413 αἱ
477 2386 682 2419 κατειθισμὲναι
693 2385 757 2420 περὶ
769 2385 836 2412 Θεοῦ
851 2386 908 2416 τοῖς
927 2385 977 2411 ἀν-

184 2434 303 2468 θρώποις
319 2433 444 2468 ἀκριϐεῖς
463 2434 509 2460 καὶ
526 2433 615 2459 κοιναὶ
634 2432 748 2464 ἔννοιαι,
777 2432 924 2466 λεγόμεναι
946 2440 976 2458 τε

182 2480 230 2506 καὶ
246 2479 430 2515 κρατούμεναι
453 2487 459 2493 ·
471 2479 518 2505 καὶ
538 2478 596 2510 πῶς
612 2478 645 2504 ἂν
660 2479 674 2504 ὁ
690 2477 770 2508 αὐτὸς
782 2477 815 2503 τὰ
827 2477 891 2513 τῇδε
914 2485 977 2504 συν-

183 2527 278 2561 έδησεν
299 2534 328 2552 τε
349 2526 395 2552 καὶ
410 2525 591 2561 συνήρμοσεν,
621 2525 666 2550 καὶ
691 2525 730 2555 εἰς
752 2523 879 2550 οὺσίωσιν
907 2532 978 2559 παρ-

183 2573 308 2608 έστησεν;
356 2573 414 2604 πῶς
426 2573 440 2598 ὁ
453 2572 535 2603 αὺτὺς
547 2570 717 2606 παρακτικός
736 2579 765 2597 τε
781 2570 829 2597 καὶ
846 2570 977 2605 δημιουρ-

183 2620 230 2654 γὸς
240 2620 273 2646 ἂν
286 2620 340 2655 εἴη,
364 2620 410 2646 καὶ
423 2619 454 2646 τὸ
473 2620 523 2654 τῆς
539 2618 721 2654 δημιουργίας
735 2617 831 2652 ὄνομα,
856 2618 916 2653 ἦτοι
927 2616 977 2650 τῆς

182 2666 290 2692 τοιᾶσδε
318 2665 467 2700 ἐνεργείας,
487 2665 628 2700 ἀραρότως
652 2664 694 2690 ἐπ’
729 2663 811 2690 αὐτὸν
826 2662 976 2697 ἐπιτεθείη,

182 2713 225 2739 ἐπ’
240 2712 272 2739 ἂν
284 2712 365 2743 αὐτὸς
382 2713 411 2738 ἐν
425 2711 561 2747 ἀδυναμίᾳ
574 2710 621 2737 καὶ
638 2709 763 2745 ἀσθενείᾳ
779 2709 886 2744 φύσεως
897 2717 977 2745 περι-

182 2759 334 2794 γραφηται,
351 2759 397 2786 καὶ
412 2758 449 2789 ὠς
468 2757 597 2789 ἀδύνατος
621 2757 687 2788 Θεδς
710 2755 851 2791 λογίζηταί
878 2764 908 2782 τε
927 2756 978 2782 καὶ

184 2807 364 2840 mata-(meat;
386 2804 423 2831 Τὸ
442 2804 495 2838 γὰρ
512 2804 584 2837 Θεὸς
607 2803 703 2838 ὄνομα,
719 2803 769 2829 οὐκ
799 2801 879 2829 ἄλλον
893 2801 977 2833 τινὸς,

146 2866 153 2869 -
183 2851 220 2882 ὡς
238 2851 325 2885 ἔγωγε
343 2848 430 2886 οἶμαι,
447 2850 534 2886 ἀλλ’ἢ
554 2850 603 2885 τῆς
623 2848 821 2885 δημιουργικῆς
837 2847 979 2883 ἐνεργείας

184 2897 352 2932 σημαντικόν
363 2906 392 2924 τε
412 2898 458 2925 καὶ
473 2896 678 2933 παραστατικὸν
694 2896 727 2925 ἂν
755 2895 798 2932 εἴη
812 2903 820 2910 ·
843 2895 922 2931 εἴπερ
947 2894 978 2922 τὸ

1027 2290 1168 2326 produxit,
1187 2290 1230 2317 vel
1246 2289 1368 2324 potentia
1395 2288 1526 2324 praeditus
1540 2288 1612 2315 hanc
1637 2287 1727 2315 elfeeit
1741 2295 1819 2315 erea-

1029 2338 1131 2364 tionem
1150 2341 1176 2364 et
1188 2336 1415 2371 productionem,
1442 2335 1484 2361 vel
1508 2341 1540 2361 ea
1556 2333 1678 2369 potentia
1697 2333 1819 2361 carebat.

1028 2383 1110 2418 Atqui
1127 2386 1149 2410 st
1166 2382 1288 2418 potentia
1302 2382 1409 2414 caruit,
1427 2380 1501 2408 falsae
1520 2384 1585 2408 sunt
1608 2384 1747 2407 consueta:
1768 2378 1821 2405 illae

1030 2430 1187 2457 hominibus
1201 2430 1234 2457 de
1247 2428 1302 2457 Deo
1316 2433 1452 2456 accurata:
1463 2433 1490 2454 et
1502 2434 1665 2454 communes
1681 2426 1820 2456 notiones.

1028 2482 1089 2510 qua":
1097 2474 1151 2502 dici
1167 2475 1254 2502 solent
1268 2479 1295 2501 et
1307 2474 1386 2509 vulgo
1399 2472 1587 2501 dominantur.
1599 2471 1667 2498 Nam
1681 2472 1821 2506 quomodo

1030 2521 1053 2548 is
1071 2520 1210 2548 mundana
1234 2521 1291 2548 haec
1313 2519 1496 2555 compegisset
1518 2523 1546 2546 et
1561 2517 1775 2550 conformasset,
1796 2523 1823 2545 et

1029 2568 1062 2595 ad
1080 2568 1270 2595 exsistenliam
1299 2566 1490 2602 perduxisset?
1517 2565 1564 2593 Vel
1588 2566 1729 2601 quomodo
1749 2565 1820 2592 idern

1029 2622 1158 2650 operator
1179 2606 1258 2642 esset
1273 2618 1356 2649 atque
1379 2618 1498 2646 creator,
1526 2614 1606 2648 eique
1627 2611 1775 2640 creationis
1795 2615 1822 2637 et

1000 2663 1009 2671 ‘
1029 2661 1139 2697 quidem
1153 2665 1235 2688 tanta:
1249 2660 1417 2695 operationis
1435 2659 1623 2687 denominatio
1640 2660 1831 2692 congruenter.

1030 2709 1238 2740 attribueretur,
1256 2708 1279 2735 si
1301 2707 1462 2742 impotentia
1480 2712 1640 2740 naturaeque
1663 2703 1823 2731 infirmitate

1029 2755 1205 2786 limitaretur,
1226 2754 1352 2788 Deosque
1377 2754 1514 2788 impotens
1534 2754 1708 2785 t‘eputaretur
1723 2753 1750 2775 et
1764 2755 1823 2774 cre-

1029 2801 1166 2834 deretur?.
1179 2800 1246 2828 Nam
1270 2800 1315 2828 Dei
1342 2807 1441 2828 nomen
1472 2798 1543 2825 haud
1566 2797 1636 2824 alius
1651 2796 1707 2827 rei,
1728 2798 1758 2821 ut
1771 2800 1822 2828 ego

1031 2849 1162 2881 arbitror,
1180 2847 1232 2875 nisi
1251 2846 1393 2875 creatricis
1408 2844 1533 2873 efﬁcaciae
1552 2840 1764 2877 significativum
1779 2845 1823 2867 est

1029 2900 1056 2924 et
1065 2894 1326 2928 demonstrativum,
1341 2892 1471 2929 quoniam
1493 2890 1552 2926 ipsa
1567 2893 1640 2917 certe
1656 2887 1756 2923 duitas,
1770 2887 1822 2915 hac
