  <div class='ocr_page' id='page_1' title='image "/cluster/home/n/w/nwhite01/storage/ocr_20150623/105/njp.32101077772893/399.png"; bbox 0 0 2083 3155; ppageno 0'>
   <div class='ocr_carea' id='block_1_1' title="bbox 256 166 310 198">
    <p class='ocr_par' dir='ltr' id='par_1_1' title="bbox 256 166 310 198">
     <span class='ocr_line' id='line_1_1' title="bbox 256 166 310 198; baseline -0.019 0"><span class='ocrx_word' id='word_1_1' title='bbox 256 167 289 198; x_wconf 77' lang='lat' dir='ltr'><strong>li&#39;i</strong></span> <span class='ocrx_word' id='word_1_2' title='bbox 294 166 310 197; x_wconf 84' lang='lat'><strong>5</strong></span> 
     </span>
    </p>
   </div>
   <div class='ocr_carea' id='block_1_2' title="bbox 898 159 1275 191">
    <p class='ocr_par' dir='ltr' id='par_1_2' title="bbox 898 159 1275 191">
     <span class='ocr_line' id='line_1_2' title="bbox 898 159 1275 191; baseline 0.003 -1"><span class='ocrx_word' id='word_1_3' title='bbox 898 159 1045 191; x_wconf 79' lang='lat' dir='ltr'><strong>NICET/E</strong></span> <span class='ocrx_word' id='word_1_4' title='bbox 1065 159 1275 191; x_wconf 77' lang='grc' dir='ltr'><strong>ΒῩΖᾹΝΤΙΝΙ</strong></span> 
     </span>
    </p>
   </div>
   <div class='ocr_carea' id='block_1_3' title="bbox 1848 159 1901 192">
    <p class='ocr_par' dir='ltr' id='par_1_3' title="bbox 1848 159 1901 192">
     <span class='ocr_line' id='line_1_3' title="bbox 1848 159 1901 192; baseline 0.038 -2"><span class='ocrx_word' id='word_1_5' title='bbox 1848 159 1901 192; x_wconf 73' lang='grc' dir='ltr'><strong>Ε76</strong></span> 
     </span>
    </p>
   </div>
   <div class='ocr_carea' id='block_1_4' title="bbox 258 217 1050 255">
    <p class='ocr_par' dir='ltr' id='par_1_4' title="bbox 258 217 1050 253">
     <span class='ocr_line' id='line_1_4' title="bbox 258 217 1050 253; baseline -0.006 -4"><span class='ocrx_word' id='word_1_6' title='bbox 258 223 364 249; x_wconf 75' lang='lat' dir='ltr'><strong>ratione</strong></span> <span class='ocrx_word' id='word_1_7' title='bbox 375 220 560 253; x_wconf 82' lang='lat' dir='ltr'><strong>considerata,</strong></span> <span class='ocrx_word' id='word_1_8' title='bbox 576 218 785 248; x_wconf 81' lang='lat' dir='ltr'><strong>innominahilis</strong></span> <span class='ocrx_word' id='word_1_9' title='bbox 798 223 850 251; x_wconf 89' lang='lat' dir='ltr'><strong>est,</strong></span> <span class='ocrx_word' id='word_1_10' title='bbox 878 217 1050 245; x_wconf 85' lang='lat' dir='ltr'><strong>inenarrabi-</strong></span> 
     </span>
    </p>
   </div>
   <div class='ocr_carea' id='block_1_5' title="bbox 1102 217 1897 255">
    <p class='ocr_par' dir='ltr' id='par_1_5' title="bbox 1102 218 1897 255">
     <span class='ocr_line' id='line_1_5' title="bbox 1102 218 1897 255; baseline 0.003 -9"><span class='ocrx_word' id='word_1_11' title='bbox 1102 220 1179 247; x_wconf 88' lang='grc' dir='ltr'>Θεΐον</span> <span class='ocrx_word' id='word_1_12' title='bbox 1191 219 1262 246; x_wconf 76' lang='grc' dir='ltr'><strong>κατὰ</strong></span> <span class='ocrx_word' id='word_1_13' title='bbox 1275 219 1320 246; x_wconf 76' lang='grc' dir='ltr'>τὸν</span> <span class='ocrx_word' id='word_1_14' title='bbox 1335 218 1409 246; x_wconf 72' lang='grc' dir='ltr'>τουτί</span> <span class='ocrx_word' id='word_1_15' title='bbox 1429 218 1486 246; x_wconf 73' lang='grc' dir='ltr'><strong>ἐστι</strong></span> <span class='ocrx_word' id='word_1_16' title='bbox 1506 218 1594 254; x_wconf 67' lang='grc' dir='ltr'>λόγον,</span> <span class='ocrx_word' id='word_1_17' title='bbox 1625 219 1847 255; x_wconf 76' lang='grc' dir='ltr'>ἀκατονόμαστόν</span> <span class='ocrx_word' id='word_1_18' title='bbox 1867 231 1897 249; x_wconf 82' lang='grc' dir='ltr'>τε</span> 
     </span>
    </p>
   </div>
   <div class='ocr_carea' id='block_1_6' title="bbox 256 264 1052 303">
    <p class='ocr_par' dir='ltr' id='par_1_6' title="bbox 256 264 1052 303">
     <span class='ocr_line' id='line_1_6' title="bbox 256 264 1052 303; baseline -0.008 -8"><span class='ocrx_word' id='word_1_19' title='bbox 256 267 302 300; x_wconf 82' lang='lat' dir='ltr'><strong>lis,</strong></span> <span class='ocrx_word' id='word_1_20' title='bbox 319 272 401 303; x_wconf 82' lang='lat' dir='ltr'><strong>atque</strong></span> <span class='ocrx_word' id='word_1_21' title='bbox 415 266 625 301; x_wconf 78' lang='lat' dir='ltr'><strong>inexplicabilis.</strong></span> <span class='ocrx_word' id='word_1_22' title='bbox 638 265 752 293; x_wconf 83' lang='lat' dir='ltr'><strong>Etiamsi</strong></span> <span class='ocrx_word' id='word_1_23' title='bbox 765 265 840 293; x_wconf 90' lang='lat' dir='ltr'><strong>enim</strong></span> <span class='ocrx_word' id='word_1_24' title='bbox 859 264 954 291; x_wconf 90' lang='lat' dir='ltr'><strong>multis</strong></span> <span class='ocrx_word' id='word_1_25' title='bbox 966 271 1052 299; x_wconf 88' lang='lat' dir='ltr'><strong>pecu-</strong></span> 
     </span>
    </p>
   </div>
   <div class='ocr_carea' id='block_1_7' title="bbox 256 312 1053 346">
    <p class='ocr_par' dir='ltr' id='par_1_7' title="bbox 256 312 1053 346">
     <span class='ocr_line' id='line_1_7' title="bbox 256 312 1053 346; baseline -0.005 -5"><span class='ocrx_word' id='word_1_26' title='bbox 256 313 361 342; x_wconf 86' lang='lat' dir='ltr'><strong>liariter</strong></span> <span class='ocrx_word' id='word_1_27' title='bbox 376 314 403 341; x_wconf 90' lang='lat' dir='ltr'><strong>in</strong></span> <span class='ocrx_word' id='word_1_28' title='bbox 423 313 514 341; x_wconf 87' lang='lat' dir='ltr'><strong>divina</strong></span> <span class='ocrx_word' id='word_1_29' title='bbox 531 318 629 340; x_wconf 84' lang='lat' dir='ltr'><strong>natura</strong></span> <span class='ocrx_word' id='word_1_30' title='bbox 661 312 709 339; x_wconf 77' lang='lat' dir='ltr'><strong>Dei</strong></span> <span class='ocrx_word' id='word_1_31' title='bbox 726 319 825 339; x_wconf 86' lang='lat' dir='ltr'><strong>nomen</strong></span> <span class='ocrx_word' id='word_1_32' title='bbox 844 315 972 346; x_wconf 86' lang='lat' dir='ltr'><strong>tanquam</strong></span> <span class='ocrx_word' id='word_1_33' title='bbox 990 317 1053 344; x_wconf 88' lang='lat' dir='ltr'><strong>pro-</strong></span> 
     </span>
    </p>
   </div>
   <div class='ocr_carea' id='block_1_8' title="bbox 257 357 1052 395">
    <p class='ocr_par' dir='ltr' id='par_1_8' title="bbox 257 357 1052 395">
     <span class='ocr_line' id='line_1_8' title="bbox 257 357 1052 395; baseline -0.005 -8"><span class='ocrx_word' id='word_1_34' title='bbox 257 360 346 395; x_wconf 89' lang='lat' dir='ltr'><strong>prium</strong></span> <span class='ocrx_word' id='word_1_35' title='bbox 366 360 486 390; x_wconf 84' lang='lat' dir='ltr'><strong>videtur,</strong></span> <span class='ocrx_word' id='word_1_36' title='bbox 500 358 574 386; x_wconf 87' lang='lat' dir='ltr'><strong>haud</strong></span> <span class='ocrx_word' id='word_1_37' title='bbox 588 362 651 393; x_wconf 90' lang='lat' dir='ltr'><strong>apte</strong></span> <span class='ocrx_word' id='word_1_38' title='bbox 662 357 698 385; x_wconf 84' lang='lat' dir='ltr'><strong>ita</strong></span> <span class='ocrx_word' id='word_1_39' title='bbox 713 357 847 393; x_wconf 74' lang='lat' dir='ltr'><strong>accipitur</strong></span> <span class='ocrx_word' id='word_1_40' title='bbox 864 366 870 384; x_wconf 90' lang='lat'>:</span> <span class='ocrx_word' id='word_1_41' title='bbox 886 364 1005 392; x_wconf 82' lang='lat' dir='ltr'><strong>namque</strong></span> <span class='ocrx_word' id='word_1_42' title='bbox 1019 364 1052 383; x_wconf 88' lang='lat' dir='ltr'><strong>ex</strong></span> 
     </span>
    </p>
   </div>
   <div class='ocr_carea' id='block_1_9' title="bbox 258 403 1052 441">
    <p class='ocr_par' dir='ltr' id='par_1_9' title="bbox 258 403 1052 441">
     <span class='ocr_line' id='line_1_9' title="bbox 258 403 1052 441; baseline -0.004 -8"><span class='ocrx_word' id='word_1_43' title='bbox 258 407 310 434; x_wconf 89' lang='lat' dir='ltr'><strong>hoc</strong></span> <span class='ocrx_word' id='word_1_44' title='bbox 325 406 436 433; x_wconf 84' lang='lat' dir='ltr'><strong>nomine</strong></span> <span class='ocrx_word' id='word_1_45' title='bbox 449 412 563 441; x_wconf 85' lang='lat' dir='ltr'><strong>prorsus</strong></span> <span class='ocrx_word' id='word_1_46' title='bbox 579 408 606 431; x_wconf 84' lang='lat' dir='ltr'><strong>et</strong></span> <span class='ocrx_word' id='word_1_47' title='bbox 633 404 762 439; x_wconf 69' lang='lat' dir='ltr'><strong>potentia:</strong></span> <span class='ocrx_word' id='word_1_48' title='bbox 778 404 836 431; x_wconf 91' lang='lat' dir='ltr'><strong>idea</strong></span> <span class='ocrx_word' id='word_1_49' title='bbox 850 403 1008 430; x_wconf 79' lang='lat' dir='ltr'><strong>necessario</strong></span> <span class='ocrx_word' id='word_1_50' title='bbox 1024 403 1052 430; x_wconf 90' lang='lat' dir='ltr'><strong>in</strong></span> 
     </span>
    </p>
   </div>
   <div class='ocr_carea' id='block_1_10' title="bbox 256 450 1052 486">
    <p class='ocr_par' dir='ltr' id='par_1_10' title="bbox 256 450 1052 486">
     <span class='ocr_line' id='line_1_10' title="bbox 256 450 1052 486; baseline -0.004 -6"><span class='ocrx_word' id='word_1_51' title='bbox 256 452 336 480; x_wconf 83' lang='lat' dir='ltr'><strong>nobis</strong></span> <span class='ocrx_word' id='word_1_52' title='bbox 364 452 530 480; x_wconf 82' lang='lat' dir='ltr'><strong>conﬁcitur:</strong></span> <span class='ocrx_word' id='word_1_53' title='bbox 551 451 686 486; x_wconf 83' lang='lat' dir='ltr'><strong>siquidem</strong></span> <span class='ocrx_word' id='word_1_54' title='bbox 714 452 806 479; x_wconf 80' lang='lat' dir='ltr'><strong>omnis</strong></span> <span class='ocrx_word' id='word_1_55' title='bbox 828 451 952 486; x_wconf 83' lang='lat' dir='ltr'><strong>operatio</strong></span> <span class='ocrx_word' id='word_1_56' title='bbox 979 450 1052 478; x_wconf 86' lang='lat' dir='ltr'><strong>haud</strong></span> 
     </span>
    </p>
   </div>
   <div class='ocr_carea' id='block_1_11' title="bbox 255 497 1052 533">
    <p class='ocr_par' dir='ltr' id='par_1_11' title="bbox 255 497 1052 533">
     <span class='ocr_line' id='line_1_11' title="bbox 255 497 1052 533; baseline -0.001 -8"><span class='ocrx_word' id='word_1_57' title='bbox 255 499 360 533; x_wconf 70' lang='lat' dir='ltr'><strong>alisque</strong></span> <span class='ocrx_word' id='word_1_58' title='bbox 376 498 496 533; x_wconf 82' lang='lat' dir='ltr'><strong>potentia</strong></span> <span class='ocrx_word' id='word_1_59' title='bbox 519 501 579 530; x_wconf 83' lang='lat' dir='ltr'><strong>est,</strong></span> <span class='ocrx_word' id='word_1_60' title='bbox 607 501 637 525; x_wconf 89' lang='lat' dir='ltr'><strong>ttt</strong></span> <span class='ocrx_word' id='word_1_61' title='bbox 667 497 738 525; x_wconf 80' lang='lat' dir='ltr'><strong>facta</strong></span> <span class='ocrx_word' id='word_1_62' title='bbox 758 502 907 525; x_wconf 79' lang='lat' dir='ltr'><strong>testantur.</strong></span> <span class='ocrx_word' id='word_1_63' title='bbox 940 497 968 524; x_wconf 86' lang='lat' dir='ltr'><strong>Si</strong></span> <span class='ocrx_word' id='word_1_64' title='bbox 987 504 1052 532; x_wconf 82' lang='lat' dir='ltr'><strong>ergo</strong></span> 
     </span>
    </p>
   </div>
   <div class='ocr_carea' id='block_1_12' title="bbox 257 543 1050 579">
    <p class='ocr_par' dir='ltr' id='par_1_12' title="bbox 257 543 1050 579">
     <span class='ocr_line' id='line_1_12' title="bbox 257 543 1050 579; baseline -0.001 -9"><span class='ocrx_word' id='word_1_65' title='bbox 257 544 338 576; x_wconf 83' lang='lat' dir='ltr'><strong>Deus.</strong></span> <span class='ocrx_word' id='word_1_66' title='bbox 364 549 393 572; x_wconf 89' lang='lat' dir='ltr'><strong>ut.</strong></span> <span class='ocrx_word' id='word_1_67' title='bbox 426 544 602 578; x_wconf 84' lang='lat' dir='ltr'><strong>supponitur,</strong></span> <span class='ocrx_word' id='word_1_68' title='bbox 632 544 737 579; x_wconf 83' lang='lat' dir='ltr'><strong>absque</strong></span> <span class='ocrx_word' id='word_1_69' title='bbox 768 543 890 578; x_wconf 72' lang='lat' dir='ltr'><strong>potentia</strong></span> <span class='ocrx_word' id='word_1_70' title='bbox 917 543 1050 570; x_wconf 89' lang='lat' dir='ltr'><strong>mundum</strong></span> 
     </span>
    </p>
   </div>
   <div class='ocr_carea' id='block_1_13' title="bbox 255 589 1049 625">
    <p class='ocr_par' dir='ltr' id='par_1_13' title="bbox 255 589 1049 625">
     <span class='ocr_line' id='line_1_13' title="bbox 255 589 1049 625; baseline -0.001 -8"><span class='ocrx_word' id='word_1_71' title='bbox 255 591 394 625; x_wconf 81' lang='lat' dir='ltr'><strong>produxit,</strong></span> <span class='ocrx_word' id='word_1_72' title='bbox 410 591 583 624; x_wconf 83' lang='lat' dir='ltr'><strong>exploratum</strong></span> <span class='ocrx_word' id='word_1_73' title='bbox 600 595 641 618; x_wconf 74' lang='grc' dir='ltr'><strong>εει</strong></span> <span class='ocrx_word' id='word_1_74' title='bbox 655 598 717 616; x_wconf 89' lang='lat' dir='ltr'><strong>cum</strong></span> <span class='ocrx_word' id='word_1_75' title='bbox 730 590 852 625; x_wconf 88' lang='lat' dir='ltr'><strong>potentia</strong></span> <span class='ocrx_word' id='word_1_76' title='bbox 871 597 976 616; x_wconf 89' lang='lat' dir='ltr'><strong>carere.</strong></span> <span class='ocrx_word' id='word_1_77' title='bbox 995 589 1049 622; x_wconf 90' lang='lat' dir='ltr'><strong>Qui</strong></span> 
     </span>
    </p>
   </div>
   <div class='ocr_carea' id='block_1_14' title="bbox 255 635 1070 670">
    <p class='ocr_par' dir='ltr' id='par_1_14' title="bbox 255 635 1070 670">
     <span class='ocr_line' id='line_1_14' title="bbox 255 635 1070 670; baseline 0.001 -9"><span class='ocrx_word' id='word_1_78' title='bbox 255 640 346 662; x_wconf 86' lang='lat' dir='ltr'><strong>autem</strong></span> <span class='ocrx_word' id='word_1_79' title='bbox 362 635 483 670; x_wconf 86' lang='lat' dir='ltr'><strong>potentia</strong></span> <span class='ocrx_word' id='word_1_80' title='bbox 496 635 584 667; x_wconf 71' lang='grc' dir='ltr'>ἐιη-οι,</span> <span class='ocrx_word' id='word_1_81' title='bbox 602 635 673 662; x_wconf 89' lang='lat' dir='ltr'><strong>idem</strong></span> <span class='ocrx_word' id='word_1_82' title='bbox 695 643 710 662; x_wconf 91' lang='lat' dir='ltr'><strong>a</strong></span> <span class='ocrx_word' id='word_1_83' title='bbox 726 635 847 662; x_wconf 86' lang='lat' dir='ltr'><strong>creando</strong></span> <span class='ocrx_word' id='word_1_84' title='bbox 864 635 1025 669; x_wconf 83' lang='lat' dir='ltr'><strong>prohibetur</strong></span> <span class='ocrx_word' id='word_1_85' title='bbox 1043 644 1050 662; x_wconf 83' lang='lat'>:</span> <span class='ocrx_word' id='word_1_86' title='bbox 1068 646 1070 648; x_wconf 95' lang='grc'>·</span> 
     </span>
    </p>
   </div>
   <div class='ocr_carea' id='block_1_15' title="bbox 255 681 1050 717">
    <p class='ocr_par' dir='ltr' id='par_1_15' title="bbox 255 681 1050 717">
     <span class='ocr_line' id='line_1_15' title="bbox 255 681 1050 717; baseline 0 -9"><span class='ocrx_word' id='word_1_87' title='bbox 255 682 301 717; x_wconf 86' lang='lat' dir='ltr'><strong>qui</strong></span> <span class='ocrx_word' id='word_1_88' title='bbox 315 689 381 710; x_wconf 88' lang='lat' dir='ltr'><strong>vero</strong></span> <span class='ocrx_word' id='word_1_89' title='bbox 396 689 410 708; x_wconf 88' lang='lat' dir='ltr'><strong>a</strong></span> <span class='ocrx_word' id='word_1_90' title='bbox 424 682 602 717; x_wconf 86' lang='lat' dir='ltr'><strong>producendo</strong></span> <span class='ocrx_word' id='word_1_91' title='bbox 614 686 641 709; x_wconf 90' lang='lat' dir='ltr'><strong>et</strong></span> <span class='ocrx_word' id='word_1_92' title='bbox 657 681 779 709; x_wconf 81' lang='lat' dir='ltr'><strong>creando</strong></span> <span class='ocrx_word' id='word_1_93' title='bbox 797 682 968 716; x_wconf 85' lang='lat' dir='ltr'><strong>prohibetur,</strong></span> <span class='ocrx_word' id='word_1_94' title='bbox 980 682 1050 709; x_wconf 86' lang='lat' dir='ltr'><strong>idem</strong></span> 
     </span>
    </p>
   </div>
   <div class='ocr_carea' id='block_1_16' title="bbox 255 727 1051 763">
    <p class='ocr_par' dir='ltr' id='par_1_16' title="bbox 255 727 1051 763">
     <span class='ocr_line' id='line_1_16' title="bbox 255 727 1051 763; baseline 0 -8"><span class='ocrx_word' id='word_1_95' title='bbox 255 728 338 755; x_wconf 82' lang='lat' dir='ltr'><strong>etiam</strong></span> <span class='ocrx_word' id='word_1_96' title='bbox 364 728 515 763; x_wconf 87' lang='lat' dir='ltr'><strong>quominus</strong></span> <span class='ocrx_word' id='word_1_97' title='bbox 541 728 612 756; x_wconf 85' lang='lat' dir='ltr'><strong>Deus</strong></span> <span class='ocrx_word' id='word_1_98' title='bbox 633 729 669 756; x_wconf 91' lang='lat' dir='ltr'><strong>sit</strong></span> <span class='ocrx_word' id='word_1_99' title='bbox 697 728 859 762; x_wconf 79' lang='lat' dir='ltr'><strong>dicaturque</strong></span> <span class='ocrx_word' id='word_1_100' title='bbox 877 727 1051 762; x_wconf 81' lang='lat' dir='ltr'><strong>prohibetur.</strong></span> 
     </span>
    </p>
   </div>
   <div class='ocr_carea' id='block_1_17' title="bbox 256 769 1051 809">
    <p class='ocr_par' dir='ltr' id='par_1_17' title="bbox 256 769 1051 809">
     <span class='ocr_line' id='line_1_17' title="bbox 256 769 1051 809; baseline 0 -9"><span class='ocrx_word' id='word_1_101' title='bbox 256 773 436 801; x_wconf 91' lang='lat' dir='ltr'><strong>Concluditur</strong></span> <span class='ocrx_word' id='word_1_102' title='bbox 456 781 522 809; x_wconf 78' lang='lat' dir='ltr'><strong>ergo</strong></span> <span class='ocrx_word' id='word_1_103' title='bbox 545 778 575 801; x_wconf 89' lang='lat' dir='ltr'><strong>ut</strong></span> <span class='ocrx_word' id='word_1_104' title='bbox 597 773 670 801; x_wconf 90' lang='lat' dir='ltr'><strong>Deus</strong></span> <span class='ocrx_word' id='word_1_105' title='bbox 684 773 797 800; x_wconf 84' lang='lat' dir='ltr'><strong>minime</strong></span> <span class='ocrx_word' id='word_1_106' title='bbox 822 769 895 800; x_wconf 83' lang='lat' dir='ltr'><strong>Deus</strong></span> <span class='ocrx_word' id='word_1_107' title='bbox 910 772 963 806; x_wconf 87' lang='lat' dir='ltr'><strong>sit;</strong></span> <span class='ocrx_word' id='word_1_108' title='bbox 979 772 1051 808; x_wconf 89' lang='lat' dir='ltr'><strong>quod</strong></span> 
     </span>
    </p>
   </div>
   <div class='ocr_carea' id='block_1_18' title="bbox 256 820 932 855">
    <p class='ocr_par' dir='ltr' id='par_1_18' title="bbox 256 820 932 855">
     <span class='ocr_line' id='line_1_18' title="bbox 256 820 932 855; baseline -0.004 -8"><span class='ocrx_word' id='word_1_109' title='bbox 256 825 301 847; x_wconf 89' lang='lat' dir='ltr'><strong>cst</strong></span> <span class='ocrx_word' id='word_1_110' title='bbox 315 820 511 855; x_wconf 77' lang='lat' dir='ltr'><strong>irreligiosum.</strong></span> <span class='ocrx_word' id='word_1_111' title='bbox 929 826 932 830; x_wconf 71' lang='lat'>&#39;</span> 
     </span>
    </p>
   </div>
   <div class='ocr_carea' id='block_1_19' title="bbox 291 873 1050 909">
    <p class='ocr_par' dir='ltr' id='par_1_19' title="bbox 291 873 1050 909">
     <span class='ocr_line' id='line_1_19' title="bbox 291 873 1050 909; baseline -0.001 -7"><span class='ocrx_word' id='word_1_112' title='bbox 291 875 317 902; x_wconf 79' lang='grc'><strong>5.</strong></span> <span class='ocrx_word' id='word_1_113' title='bbox 338 875 372 902; x_wconf 84' lang='grc' dir='ltr'><strong>Ει</strong></span> <span class='ocrx_word' id='word_1_114' title='bbox 387 875 486 902; x_wconf 78' lang='lat' dir='ltr'><strong>aliter:</strong></span> <span class='ocrx_word' id='word_1_115' title='bbox 505 874 533 901; x_wconf 87' lang='lat' dir='ltr'><strong>Si</strong></span> <span class='ocrx_word' id='word_1_116' title='bbox 549 882 638 908; x_wconf 74' lang='lat' dir='ltr'><strong>agerc,</strong></span> <span class='ocrx_word' id='word_1_117' title='bbox 659 882 711 901; x_wconf 83' lang='lat' dir='ltr'><strong>non</strong></span> <span class='ocrx_word' id='word_1_118' title='bbox 729 874 788 901; x_wconf 87' lang='lat' dir='ltr'><strong>sine</strong></span> <span class='ocrx_word' id='word_1_119' title='bbox 805 874 925 909; x_wconf 87' lang='lat' dir='ltr'><strong>potentia</strong></span> <span class='ocrx_word' id='word_1_120' title='bbox 942 878 1004 907; x_wconf 87' lang='lat' dir='ltr'><strong>est;</strong></span> <span class='ocrx_word' id='word_1_121' title='bbox 1024 873 1050 901; x_wconf 92' lang='lat' dir='ltr'><strong>id</strong></span> 
     </span>
    </p>
   </div>
   <div class='ocr_carea' id='block_1_20' title="bbox 257 920 1051 956">
    <p class='ocr_par' dir='ltr' id='par_1_20' title="bbox 257 920 1051 956">
     <span class='ocr_line' id='line_1_20' title="bbox 257 920 1051 956; baseline -0.003 -8"><span class='ocrx_word' id='word_1_122' title='bbox 257 922 329 955; x_wconf 89' lang='lat' dir='ltr'><strong>quod</strong></span> <span class='ocrx_word' id='word_1_123' title='bbox 345 921 463 956; x_wconf 86' lang='lat' dir='ltr'><strong>potentia</strong></span> <span class='ocrx_word' id='word_1_124' title='bbox 479 926 564 953; x_wconf 78' lang='lat' dir='ltr'><strong>caret,</strong></span> <span class='ocrx_word' id='word_1_125' title='bbox 585 921 682 955; x_wconf 76' lang='lat' dir='ltr'><strong>agendi</strong></span> <span class='ocrx_word' id='word_1_126' title='bbox 703 928 814 956; x_wconf 88' lang='lat' dir='ltr'><strong>quoque</strong></span> <span class='ocrx_word' id='word_1_127' title='bbox 831 921 854 946; x_wconf 78' lang='lat' dir='ltr'><strong>vi</strong></span> <span class='ocrx_word' id='word_1_128' title='bbox 871 920 987 947; x_wconf 88' lang='lat' dir='ltr'><strong>naturali</strong></span> <span class='ocrx_word' id='word_1_129' title='bbox 1005 928 1051 947; x_wconf 85' lang='lat' dir='ltr'><strong>ca-</strong></span> 
     </span>
    </p>
   </div>
   <div class='ocr_carea' id='block_1_21' title="bbox 255 967 1052 1002">
    <p class='ocr_par' dir='ltr' id='par_1_21' title="bbox 255 967 1052 1002">
     <span class='ocr_line' id='line_1_21' title="bbox 255 967 1052 1002; baseline 0 -8"><span class='ocrx_word' id='word_1_130' title='bbox 255 972 315 1000; x_wconf 87' lang='lat' dir='ltr'><strong>ret;</strong></span> <span class='ocrx_word' id='word_1_131' title='bbox 333 967 407 1002; x_wconf 91' lang='lat' dir='ltr'><strong>quod</strong></span> <span class='ocrx_word' id='word_1_132' title='bbox 435 971 526 994; x_wconf 70' lang='lat' dir='ltr'><strong>autem</strong></span> <span class='ocrx_word' id='word_1_133' title='bbox 551 967 713 994; x_wconf 83' lang='lat' dir='ltr'><strong>naturaliter</strong></span> <span class='ocrx_word' id='word_1_134' title='bbox 735 974 789 993; x_wconf 94' lang='lat' dir='ltr'><strong>non</strong></span> <span class='ocrx_word' id='word_1_135' title='bbox 805 971 894 1002; x_wconf 85' lang='lat' dir='ltr'><strong>potest</strong></span> <span class='ocrx_word' id='word_1_136' title='bbox 909 974 1000 1002; x_wconf 74' lang='lat' dir='ltr'><strong>agere,</strong></span> <span class='ocrx_word' id='word_1_137' title='bbox 1018 974 1052 994; x_wconf 94' lang='lat' dir='ltr'><strong>ne</strong></span> 
     </span>
    </p>
   </div>
   <div class='ocr_carea' id='block_1_22' title="bbox 253 1013 1050 1048">
    <p class='ocr_par' dir='ltr' id='par_1_22' title="bbox 253 1013 1050 1048">
     <span class='ocr_line' id='line_1_22' title="bbox 253 1013 1050 1048; baseline 0.003 -9"><span class='ocrx_word' id='word_1_138' title='bbox 253 1013 380 1048; x_wconf 87' lang='lat' dir='ltr'><strong>producit</strong></span> <span class='ocrx_word' id='word_1_139' title='bbox 395 1013 506 1048; x_wconf 89' lang='lat' dir='ltr'><strong>quidem</strong></span> <span class='ocrx_word' id='word_1_140' title='bbox 520 1022 527 1046; x_wconf 86' lang='lat'>;</span> <span class='ocrx_word' id='word_1_141' title='bbox 543 1013 616 1048; x_wconf 89' lang='lat' dir='ltr'><strong>quod</strong></span> <span class='ocrx_word' id='word_1_142' title='bbox 632 1018 721 1040; x_wconf 84' lang='lat' dir='ltr'><strong>autem</strong></span> <span class='ocrx_word' id='word_1_143' title='bbox 741 1013 764 1040; x_wconf 95' lang='lat' dir='ltr'><strong>vi</strong></span> <span class='ocrx_word' id='word_1_144' title='bbox 790 1013 901 1048; x_wconf 88' lang='lat' dir='ltr'><strong>propria</strong></span> <span class='ocrx_word' id='word_1_145' title='bbox 914 1020 945 1039; x_wconf 87' lang='lat' dir='ltr'><strong>ex</strong></span> <span class='ocrx_word' id='word_1_146' title='bbox 964 1013 1050 1041; x_wconf 89' lang='lat' dir='ltr'><strong>nihilo</strong></span> 
     </span>
    </p>
   </div>
   <div class='ocr_carea' id='block_1_23' title="bbox 254 1056 1050 1092">
    <p class='ocr_par' dir='ltr' id='par_1_23' title="bbox 254 1056 1050 1092">
     <span class='ocr_line' id='line_1_23' title="bbox 254 1056 1050 1092; baseline 0.004 -10"><span class='ocrx_word' id='word_1_147' title='bbox 254 1064 310 1083; x_wconf 89' lang='lat' dir='ltr'><strong>non</strong></span> <span class='ocrx_word' id='word_1_148' title='bbox 327 1057 464 1091; x_wconf 80' lang='lat' dir='ltr'><strong>producit,</strong></span> <span class='ocrx_word' id='word_1_149' title='bbox 486 1064 519 1084; x_wconf 89' lang='lat' dir='ltr'><strong>ne</strong></span> <span class='ocrx_word' id='word_1_150' title='bbox 535 1056 607 1084; x_wconf 82' lang='lat' dir='ltr'><strong>Deus</strong></span> <span class='ocrx_word' id='word_1_151' title='bbox 623 1057 732 1092; x_wconf 85' lang='lat' dir='ltr'><strong>quidem</strong></span> <span class='ocrx_word' id='word_1_152' title='bbox 747 1062 788 1084; x_wconf 88' lang='lat' dir='ltr'><strong>est</strong></span> <span class='ocrx_word' id='word_1_153' title='bbox 805 1066 813 1084; x_wconf 86' lang='lat'><strong>:</strong></span> <span class='ocrx_word' id='word_1_154' title='bbox 829 1065 893 1092; x_wconf 78' lang='lat' dir='ltr'><strong>ergo</strong></span> <span class='ocrx_word' id='word_1_155' title='bbox 908 1057 979 1085; x_wconf 87' lang='lat' dir='ltr'><strong>Deus</strong></span> <span class='ocrx_word' id='word_1_156' title='bbox 995 1066 1050 1085; x_wconf 90' lang='lat' dir='ltr'><strong>non</strong></span> 
     </span>
    </p>
   </div>
   <div class='ocr_carea' id='block_1_24' title="bbox 253 1103 1050 1138">
    <p class='ocr_par' dir='ltr' id='par_1_24' title="bbox 253 1103 1050 1138">
     <span class='ocr_line' id='line_1_24' title="bbox 253 1103 1050 1138; baseline 0.004 -9"><span class='ocrx_word' id='word_1_157' title='bbox 253 1107 296 1130; x_wconf 88' lang='lat' dir='ltr'><strong>est</strong></span> <span class='ocrx_word' id='word_1_158' title='bbox 326 1103 418 1136; x_wconf 79' lang='lat' dir='ltr'><strong>Deus;</strong></span> <span class='ocrx_word' id='word_1_159' title='bbox 443 1103 515 1138; x_wconf 87' lang='lat' dir='ltr'><strong>quod</strong></span> <span class='ocrx_word' id='word_1_160' title='bbox 534 1104 608 1131; x_wconf 91' lang='lat' dir='ltr'><strong>omni</strong></span> <span class='ocrx_word' id='word_1_161' title='bbox 627 1104 795 1138; x_wconf 71' lang='lat' dir='ltr'><strong>blasphemia</strong></span> <span class='ocrx_word' id='word_1_162' title='bbox 825 1104 934 1138; x_wconf 86' lang='lat' dir='ltr'><strong>plenum</strong></span> <span class='ocrx_word' id='word_1_163' title='bbox 951 1109 1002 1132; x_wconf 88' lang='lat' dir='ltr'><strong>est.</strong></span> <span class='ocrx_word' id='word_1_164' title='bbox 1022 1104 1050 1132; x_wconf 90' lang='lat' dir='ltr'><strong>Si</strong></span> 
     </span>
    </p>
   </div>
   <div class='ocr_carea' id='block_1_25' title="bbox 254 1148 1052 1184">
    <p class='ocr_par' dir='ltr' id='par_1_25' title="bbox 254 1148 1052 1184">
     <span class='ocr_line' id='line_1_25' title="bbox 254 1148 1052 1184; baseline 0.004 -9"><span class='ocrx_word' id='word_1_165' title='bbox 254 1148 347 1183; x_wconf 88' lang='lat' dir='ltr'><strong>itaque</strong></span> <span class='ocrx_word' id='word_1_166' title='bbox 365 1149 449 1175; x_wconf 89' lang='lat' dir='ltr'><strong>Deum</strong></span> <span class='ocrx_word' id='word_1_167' title='bbox 466 1149 570 1184; x_wconf 84' lang='lat' dir='ltr'><strong>absque</strong></span> <span class='ocrx_word' id='word_1_168' title='bbox 582 1149 702 1184; x_wconf 88' lang='lat' dir='ltr'><strong>potentia</strong></span> <span class='ocrx_word' id='word_1_169' title='bbox 720 1157 840 1182; x_wconf 85' lang='lat' dir='ltr'><strong>creasse,</strong></span> <span class='ocrx_word' id='word_1_170' title='bbox 854 1157 944 1178; x_wconf 76' lang='lat' dir='ltr'><strong>Sermo</strong></span> <span class='ocrx_word' id='word_1_171' title='bbox 958 1154 1052 1178; x_wconf 85' lang='lat' dir='ltr'><strong>noster</strong></span> 
     </span>
    </p>
   </div>
   <div class='ocr_carea' id='block_1_26' title="bbox 254 1194 1050 1230">
    <p class='ocr_par' dir='ltr' id='par_1_26' title="bbox 254 1194 1050 1230">
     <span class='ocr_line' id='line_1_26' title="bbox 254 1194 1050 1230; baseline 0.001 -10"><span class='ocrx_word' id='word_1_172' title='bbox 254 1194 424 1229; x_wconf 86' lang='lat' dir='ltr'><strong>impossibile</strong></span> <span class='ocrx_word' id='word_1_173' title='bbox 450 1195 696 1229; x_wconf 87' lang='lat' dir='ltr'><strong>blasphetnnmque</strong></span> <span class='ocrx_word' id='word_1_174' title='bbox 713 1194 929 1227; x_wconf 76' lang='lat' dir='ltr'><strong>demonstravit;</strong></span> <span class='ocrx_word' id='word_1_175' title='bbox 954 1202 1050 1230; x_wconf 90' lang='lat' dir='ltr'><strong>super-</strong></span> 
     </span>
    </p>
   </div>
   <div class='ocr_carea' id='block_1_27' title="bbox 253 1240 1051 1275">
    <p class='ocr_par' dir='ltr' id='par_1_27' title="bbox 253 1240 1051 1275">
     <span class='ocr_line' id='line_1_27' title="bbox 253 1240 1051 1275; baseline 0.003 -9"><span class='ocrx_word' id='word_1_176' title='bbox 253 1245 296 1267; x_wconf 86' lang='lat' dir='ltr'><strong>est</strong></span> <span class='ocrx_word' id='word_1_177' title='bbox 316 1245 345 1266; x_wconf 94' lang='lat' dir='ltr'><strong>ut</strong></span> <span class='ocrx_word' id='word_1_178' title='bbox 361 1248 456 1267; x_wconf 88' lang='lat' dir='ltr'><strong>verum</strong></span> <span class='ocrx_word' id='word_1_179' title='bbox 471 1240 635 1274; x_wconf 75' lang='lat' dir='ltr'><strong>firmumque</strong></span> <span class='ocrx_word' id='word_1_180' title='bbox 655 1241 701 1272; x_wconf 89' lang='lat' dir='ltr'><strong>sit,</strong></span> <span class='ocrx_word' id='word_1_181' title='bbox 720 1248 781 1266; x_wconf 83' lang='lat' dir='ltr'><strong>cum</strong></span> <span class='ocrx_word' id='word_1_182' title='bbox 799 1241 907 1275; x_wconf 82' lang='lat' dir='ltr'><strong>propria</strong></span> <span class='ocrx_word' id='word_1_183' title='bbox 930 1241 1051 1275; x_wconf 80' lang='lat' dir='ltr'><strong>potentia</strong></span> 
     </span>
    </p>
   </div>
   <div class='ocr_carea' id='block_1_28' title="bbox 253 1286 1051 1320">
    <p class='ocr_par' dir='ltr' id='par_1_28' title="bbox 253 1286 1051 1320">
     <span class='ocr_line' id='line_1_28' title="bbox 253 1286 1051 1320; baseline 0.004 -9"><span class='ocrx_word' id='word_1_184' title='bbox 253 1293 345 1320; x_wconf 83' lang='lat' dir='ltr'><strong>posse,</strong></span> <span class='ocrx_word' id='word_1_185' title='bbox 362 1286 443 1320; x_wconf 88' lang='lat' dir='ltr'><strong>cujus</strong></span> <span class='ocrx_word' id='word_1_186' title='bbox 471 1286 508 1312; x_wconf 87' lang='lat' dir='ltr'><strong>rei</strong></span> <span class='ocrx_word' id='word_1_187' title='bbox 526 1286 604 1313; x_wconf 85' lang='lat' dir='ltr'><strong>testis</strong></span> <span class='ocrx_word' id='word_1_188' title='bbox 620 1291 661 1313; x_wconf 88' lang='lat' dir='ltr'><strong>est</strong></span> <span class='ocrx_word' id='word_1_189' title='bbox 677 1286 825 1314; x_wconf 90' lang='lat' dir='ltr'><strong>evidentia.</strong></span> <span class='ocrx_word' id='word_1_190' title='bbox 843 1286 980 1319; x_wconf 83' lang='lat' dir='ltr'><strong>Quoniam</strong></span> <span class='ocrx_word' id='word_1_191' title='bbox 999 1287 1051 1314; x_wconf 89' lang='lat' dir='ltr'><strong>ita-</strong></span> 
     </span>
    </p>
   </div>
   <div class='ocr_carea' id='block_1_29' title="bbox 253 1333 1052 1368">
    <p class='ocr_par' dir='ltr' id='par_1_29' title="bbox 253 1333 1052 1368">
     <span class='ocr_line' id='line_1_29' title="bbox 253 1333 1052 1368; baseline 0.001 -9"><span class='ocrx_word' id='word_1_192' title='bbox 253 1340 308 1367; x_wconf 91' lang='lat' dir='ltr'><strong>que</strong></span> <span class='ocrx_word' id='word_1_193' title='bbox 334 1340 395 1359; x_wconf 85' lang='lat' dir='ltr'><strong>cnm</strong></span> <span class='ocrx_word' id='word_1_194' title='bbox 412 1333 532 1368; x_wconf 89' lang='lat' dir='ltr'><strong>potentia</strong></span> <span class='ocrx_word' id='word_1_195' title='bbox 558 1333 629 1360; x_wconf 87' lang='lat' dir='ltr'><strong>Deus</strong></span> <span class='ocrx_word' id='word_1_196' title='bbox 645 1333 777 1360; x_wconf 88' lang='lat' dir='ltr'><strong>mundutn</strong></span> <span class='ocrx_word' id='word_1_197' title='bbox 795 1333 932 1368; x_wconf 83' lang='lat' dir='ltr'><strong>produxit,</strong></span> <span class='ocrx_word' id='word_1_198' title='bbox 948 1340 1052 1368; x_wconf 86' lang='lat' dir='ltr'><strong>suaque</strong></span> 
     </span>
    </p>
   </div>
   <div class='ocr_carea' id='block_1_30' title="bbox 254 1379 1051 1414">
    <p class='ocr_par' dir='ltr' id='par_1_30' title="bbox 254 1379 1051 1414">
     <span class='ocr_line' id='line_1_30' title="bbox 254 1379 1051 1414; baseline 0.003 -9"><span class='ocrx_word' id='word_1_199' title='bbox 254 1379 390 1412; x_wconf 78' lang='lat' dir='ltr'><strong>sapientia</strong></span> <span class='ocrx_word' id='word_1_200' title='bbox 417 1379 508 1406; x_wconf 87' lang='lat' dir='ltr'><strong>omnia</strong></span> <span class='ocrx_word' id='word_1_201' title='bbox 538 1379 690 1414; x_wconf 73' lang='lat' dir='ltr'><strong>gubernat,</strong></span> <span class='ocrx_word' id='word_1_202' title='bbox 707 1384 736 1406; x_wconf 92' lang='lat' dir='ltr'><strong>ut</strong></span> <span class='ocrx_word' id='word_1_203' title='bbox 755 1379 804 1414; x_wconf 87' lang='lat' dir='ltr'><strong>Ipsi</strong></span> <span class='ocrx_word' id='word_1_204' title='bbox 820 1380 903 1407; x_wconf 85' lang='lat' dir='ltr'><strong>etiam</strong></span> <span class='ocrx_word' id='word_1_205' title='bbox 934 1379 1051 1414; x_wconf 75' lang='lat' dir='ltr'><strong>Agareni</strong></span> 
     </span>
    </p>
   </div>
   <div class='ocr_carea' id='block_1_31' title="bbox 253 1425 1052 1460">
    <p class='ocr_par' dir='ltr' id='par_1_31' title="bbox 253 1425 1052 1460">
     <span class='ocr_line' id='line_1_31' title="bbox 253 1425 1052 1460; baseline 0.003 -10"><span class='ocrx_word' id='word_1_206' title='bbox 253 1432 367 1458; x_wconf 84' lang='lat' dir='ltr'><strong>prorsus</strong></span> <span class='ocrx_word' id='word_1_207' title='bbox 391 1429 559 1458; x_wconf 86' lang='lat' dir='ltr'><strong>concedent,</strong></span> <span class='ocrx_word' id='word_1_208' title='bbox 585 1425 758 1460; x_wconf 81' lang='lat' dir='ltr'><strong>exploratum</strong></span> <span class='ocrx_word' id='word_1_209' title='bbox 778 1431 829 1459; x_wconf 90' lang='lat' dir='ltr'><strong>est,</strong></span> <span class='ocrx_word' id='word_1_210' title='bbox 849 1434 989 1453; x_wconf 84' lang='lat' dir='ltr'><strong>cumesse</strong></span> <span class='ocrx_word' id='word_1_211' title='bbox 1005 1434 1052 1460; x_wconf 89' lang='lat' dir='ltr'><strong>po-</strong></span> 
     </span>
    </p>
   </div>
   <div class='ocr_carea' id='block_1_32' title="bbox 254 1470 1051 1507">
    <p class='ocr_par' dir='ltr' id='par_1_32' title="bbox 254 1470 1051 1507">
     <span class='ocr_line' id='line_1_32' title="bbox 254 1470 1051 1507; baseline 0.001 -10"><span class='ocrx_word' id='word_1_212' title='bbox 254 1476 369 1498; x_wconf 73' lang='lat' dir='ltr'><strong>tente-1.</strong></span> <span class='ocrx_word' id='word_1_213' title='bbox 394 1470 491 1499; x_wconf 91' lang='lat' dir='ltr'><strong>Omnis</strong></span> <span class='ocrx_word' id='word_1_214' title='bbox 508 1480 573 1499; x_wconf 87' lang='lat' dir='ltr'><strong>vero</strong></span> <span class='ocrx_word' id='word_1_215' title='bbox 603 1476 701 1507; x_wconf 87' lang='lat' dir='ltr'><strong>potens</strong></span> <span class='ocrx_word' id='word_1_216' title='bbox 725 1472 874 1507; x_wconf 87' lang='lat' dir='ltr'><strong>potentiam</strong></span> <span class='ocrx_word' id='word_1_217' title='bbox 898 1472 979 1499; x_wconf 82' lang='lat' dir='ltr'><strong>habet</strong></span> <span class='ocrx_word' id='word_1_218' title='bbox 997 1479 1051 1506; x_wconf 88' lang='lat' dir='ltr'><strong>qua</strong></span> 
     </span>
    </p>
   </div>
   <div class='ocr_carea' id='block_1_33' title="bbox 253 1518 1051 1554">
    <p class='ocr_par' dir='ltr' id='par_1_33' title="bbox 253 1518 1051 1554">
     <span class='ocr_line' id='line_1_33' title="bbox 253 1518 1051 1554; baseline 0.001 -11"><span class='ocrx_word' id='word_1_219' title='bbox 253 1522 350 1552; x_wconf 87' lang='lat' dir='ltr'><strong>potens</strong></span> <span class='ocrx_word' id='word_1_220' title='bbox 374 1521 425 1549; x_wconf 87' lang='lat' dir='ltr'><strong>est,</strong></span> <span class='ocrx_word' id='word_1_221' title='bbox 447 1521 475 1545; x_wconf 84' lang='lat' dir='ltr'><strong>et</strong></span> <span class='ocrx_word' id='word_1_222' title='bbox 500 1525 553 1553; x_wconf 89' lang='lat' dir='ltr'><strong>qua</strong></span> <span class='ocrx_word' id='word_1_223' title='bbox 571 1523 703 1553; x_wconf 86' lang='lat' dir='ltr'><strong>tanquam</strong></span> <span class='ocrx_word' id='word_1_224' title='bbox 720 1523 816 1553; x_wconf 84' lang='lat' dir='ltr'><strong>potens</strong></span> <span class='ocrx_word' id='word_1_225' title='bbox 833 1519 906 1554; x_wconf 78' lang='lat' dir='ltr'><strong>agit,</strong></span> <span class='ocrx_word' id='word_1_226' title='bbox 925 1522 952 1545; x_wconf 86' lang='lat' dir='ltr'><strong>et</strong></span> <span class='ocrx_word' id='word_1_227' title='bbox 971 1518 1051 1553; x_wconf 88' lang='lat' dir='ltr'><strong>ettjus</strong></span> 
     </span>
    </p>
   </div>
   <div class='ocr_carea' id='block_1_34' title="bbox 253 1563 1049 1600">
    <p class='ocr_par' dir='ltr' id='par_1_34' title="bbox 253 1563 1049 1600">
     <span class='ocr_line' id='line_1_34' title="bbox 253 1563 1049 1600; baseline 0.001 -10"><span class='ocrx_word' id='word_1_228' title='bbox 253 1570 339 1590; x_wconf 83' lang='lat' dir='ltr'><strong>causa</strong></span> <span class='ocrx_word' id='word_1_229' title='bbox 366 1563 390 1591; x_wconf 90' lang='lat' dir='ltr'><strong>is</strong></span> <span class='ocrx_word' id='word_1_230' title='bbox 408 1568 505 1598; x_wconf 90' lang='lat' dir='ltr'><strong>potens</strong></span> <span class='ocrx_word' id='word_1_231' title='bbox 530 1564 641 1591; x_wconf 88' lang='lat' dir='ltr'><strong>dieitur.</strong></span> <span class='ocrx_word' id='word_1_232' title='bbox 669 1564 822 1591; x_wconf 88' lang='lat' dir='ltr'><strong>Conlicitur</strong></span> <span class='ocrx_word' id='word_1_233' title='bbox 847 1572 924 1599; x_wconf 77' lang='lat' dir='ltr'><strong>ergo,</strong></span> <span class='ocrx_word' id='word_1_234' title='bbox 940 1570 968 1592; x_wconf 86' lang='lat' dir='ltr'><strong>ut</strong></span> <span class='ocrx_word' id='word_1_235' title='bbox 985 1565 1049 1600; x_wconf 86' lang='lat' dir='ltr'><strong>quia</strong></span> 
     </span>
    </p>
   </div>
   <div class='ocr_carea' id='block_1_35' title="bbox 254 1608 1050 1645">
    <p class='ocr_par' dir='ltr' id='par_1_35' title="bbox 254 1608 1050 1645">
     <span class='ocr_line' id='line_1_35' title="bbox 254 1608 1050 1645; baseline 0.004 -11"><span class='ocrx_word' id='word_1_236' title='bbox 254 1608 326 1635; x_wconf 85' lang='lat' dir='ltr'><strong>Dens</strong></span> <span class='ocrx_word' id='word_1_237' title='bbox 350 1617 413 1636; x_wconf 91' lang='lat' dir='ltr'><strong>cum</strong></span> <span class='ocrx_word' id='word_1_238' title='bbox 438 1610 560 1644; x_wconf 87' lang='lat' dir='ltr'><strong>potentia</strong></span> <span class='ocrx_word' id='word_1_239' title='bbox 587 1609 722 1637; x_wconf 90' lang='lat' dir='ltr'><strong>mundum</strong></span> <span class='ocrx_word' id='word_1_240' title='bbox 741 1609 881 1644; x_wconf 81' lang='lat' dir='ltr'><strong>produxit,</strong></span> <span class='ocrx_word' id='word_1_241' title='bbox 900 1610 1050 1645; x_wconf 79' lang='lat' dir='ltr'><strong>potentiam</strong></span> 
     </span>
    </p>
   </div>
   <div class='ocr_carea' id='block_1_36' title="bbox 253 1653 1051 1690">
    <p class='ocr_par' dir='ltr' id='par_1_36' title="bbox 253 1653 1051 1690">
     <span class='ocr_line' id='line_1_36' title="bbox 253 1653 1051 1690; baseline 0.004 -10"><span class='ocrx_word' id='word_1_242' title='bbox 253 1653 365 1686; x_wconf 87' lang='lat' dir='ltr'><strong>habeat,</strong></span> <span class='ocrx_word' id='word_1_243' title='bbox 378 1662 432 1689; x_wconf 87' lang='lat' dir='ltr'><strong>qua</strong></span> <span class='ocrx_word' id='word_1_244' title='bbox 449 1659 545 1689; x_wconf 87' lang='lat' dir='ltr'><strong>potens</strong></span> <span class='ocrx_word' id='word_1_245' title='bbox 558 1659 608 1688; x_wconf 80' lang='lat' dir='ltr'><strong>est,</strong></span> <span class='ocrx_word' id='word_1_246' title='bbox 625 1659 651 1682; x_wconf 84' lang='lat' dir='ltr'><strong>et</strong></span> <span class='ocrx_word' id='word_1_247' title='bbox 668 1662 721 1690; x_wconf 79' lang='lat' dir='ltr'><strong>qua</strong></span> <span class='ocrx_word' id='word_1_248' title='bbox 739 1656 804 1690; x_wconf 75' lang='lat' dir='ltr'><strong>agit,</strong></span> <span class='ocrx_word' id='word_1_249' title='bbox 823 1660 850 1682; x_wconf 87' lang='lat' dir='ltr'><strong>et</strong></span> <span class='ocrx_word' id='word_1_250' title='bbox 867 1655 947 1689; x_wconf 90' lang='lat' dir='ltr'><strong>cujus</strong></span> <span class='ocrx_word' id='word_1_251' title='bbox 966 1662 1051 1683; x_wconf 86' lang='lat' dir='ltr'><strong>causa</strong></span> 
     </span>
    </p>
   </div>
   <div class='ocr_carea' id='block_1_37' title="bbox 252 1700 1051 1737">
    <p class='ocr_par' dir='ltr' id='par_1_37' title="bbox 252 1700 1051 1737">
     <span class='ocr_line' id='line_1_37' title="bbox 252 1700 1051 1737; baseline 0.004 -10"><span class='ocrx_word' id='word_1_252' title='bbox 252 1704 350 1735; x_wconf 84' lang='lat' dir='ltr'><strong>potens</strong></span> <span class='ocrx_word' id='word_1_253' title='bbox 366 1708 427 1728; x_wconf 86' lang='lat' dir='ltr'><strong>esse</strong></span> <span class='ocrx_word' id='word_1_254' title='bbox 443 1701 561 1728; x_wconf 87' lang='lat' dir='ltr'><strong>videtur.</strong></span> <span class='ocrx_word' id='word_1_255' title='bbox 579 1700 657 1733; x_wconf 84' lang='lat' dir='ltr'><strong>Quod</strong></span> <span class='ocrx_word' id='word_1_256' title='bbox 673 1701 696 1728; x_wconf 78' lang='lat' dir='ltr'><strong>si</strong></span> <span class='ocrx_word' id='word_1_257' title='bbox 722 1701 759 1729; x_wconf 86' lang='lat' dir='ltr'><strong>ita</strong></span> <span class='ocrx_word' id='word_1_258' title='bbox 775 1706 828 1734; x_wconf 88' lang='lat' dir='ltr'><strong>est,</strong></span> <span class='ocrx_word' id='word_1_259' title='bbox 844 1702 939 1736; x_wconf 87' lang='lat' dir='ltr'><strong>utique</strong></span> <span class='ocrx_word' id='word_1_260' title='bbox 953 1707 1051 1737; x_wconf 86' lang='lat' dir='ltr'><strong>poten-</strong></span> 
     </span>
    </p>
   </div>
   <div class='ocr_carea' id='block_1_38' title="bbox 254 1746 1051 1781">
    <p class='ocr_par' dir='ltr' id='par_1_38' title="bbox 254 1746 1051 1781">
     <span class='ocr_line' id='line_1_38' title="bbox 254 1746 1051 1781; baseline 0.006 -10"><span class='ocrx_word' id='word_1_261' title='bbox 254 1746 292 1772; x_wconf 79' lang='lat' dir='ltr'><strong>tia</strong></span> <span class='ocrx_word' id='word_1_262' title='bbox 309 1753 370 1781; x_wconf 63' lang='lat' dir='ltr'><strong>qua:</strong></span> <span class='ocrx_word' id='word_1_263' title='bbox 396 1746 531 1779; x_wconf 79' lang='lat' dir='ltr'><strong>habetur,</strong></span> <span class='ocrx_word' id='word_1_264' title='bbox 551 1747 661 1776; x_wconf 82' lang='lat' dir='ltr'><strong>diversa</strong></span> <span class='ocrx_word' id='word_1_265' title='bbox 685 1747 719 1774; x_wconf 85' lang='lat' dir='ltr'><strong>ab</strong></span> <span class='ocrx_word' id='word_1_266' title='bbox 735 1747 854 1774; x_wconf 89' lang='lat' dir='ltr'><strong>habente</strong></span> <span class='ocrx_word' id='word_1_267' title='bbox 880 1748 943 1775; x_wconf 86' lang='lat' dir='ltr'><strong>erit.</strong></span> <span class='ocrx_word' id='word_1_268' title='bbox 971 1748 1051 1776; x_wconf 89' lang='lat' dir='ltr'><strong>Nulla</strong></span> 
     </span>
    </p>
   </div>
   <div class='ocr_carea' id='block_1_39' title="bbox 253 1791 1050 1822">
    <p class='ocr_par' dir='ltr' id='par_1_39' title="bbox 253 1791 1050 1822">
     <span class='ocr_line' id='line_1_39' title="bbox 253 1791 1050 1822; baseline 0.006 -5"><span class='ocrx_word' id='word_1_269' title='bbox 253 1791 325 1821; x_wconf 86' lang='lat' dir='ltr'><strong>enim</strong></span> <span class='ocrx_word' id='word_1_270' title='bbox 342 1800 385 1820; x_wconf 77' lang='lat' dir='ltr'><strong>res</strong></span> <span class='ocrx_word' id='word_1_271' title='bbox 399 1797 426 1819; x_wconf 87' lang='lat' dir='ltr'><strong>et</strong></span> <span class='ocrx_word' id='word_1_272' title='bbox 439 1792 540 1820; x_wconf 88' lang='lat' dir='ltr'><strong>habere</strong></span> <span class='ocrx_word' id='word_1_273' title='bbox 564 1792 647 1820; x_wconf 83' lang='lat' dir='ltr'><strong>simul</strong></span> <span class='ocrx_word' id='word_1_274' title='bbox 660 1797 687 1820; x_wconf 83' lang='lat' dir='ltr'><strong>et</strong></span> <span class='ocrx_word' id='word_1_275' title='bbox 700 1792 796 1821; x_wconf 87' lang='lat' dir='ltr'><strong>haberi</strong></span> <span class='ocrx_word' id='word_1_276' title='bbox 811 1794 962 1821; x_wconf 83' lang='lat' dir='ltr'><strong>secundum</strong></span> <span class='ocrx_word' id='word_1_277' title='bbox 979 1794 1050 1822; x_wconf 89' lang='lat' dir='ltr'><strong>idem</strong></span> 
     </span>
    </p>
   </div>
   <div class='ocr_carea' id='block_1_40' title="bbox 255 1838 1049 1880">
    <p class='ocr_par' dir='ltr' id='par_1_40' title="bbox 255 1838 1049 1880">
     <span class='ocr_line' id='line_1_40' title="bbox 255 1838 1049 1880; baseline 0.004 -15"><span class='ocrx_word' id='word_1_278' title='bbox 255 1838 378 1874; x_wconf 82' lang='lat' dir='ltr'><strong>dicitur;</strong></span> <span class='ocrx_word' id='word_1_279' title='bbox 394 1839 474 1866; x_wconf 84' lang='lat' dir='ltr'><strong>sicuti</strong></span> <span class='ocrx_word' id='word_1_280' title='bbox 488 1847 543 1880; x_wconf 80' lang='lat' dir='ltr'><strong>non</strong></span> <span class='ocrx_word' id='word_1_281' title='bbox 560 1845 604 1867; x_wconf 89' lang='lat' dir='ltr'><strong>est</strong></span> <span class='ocrx_word' id='word_1_282' title='bbox 618 1840 690 1868; x_wconf 88' lang='lat' dir='ltr'><strong>idem</strong></span> <span class='ocrx_word' id='word_1_283' title='bbox 708 1840 755 1875; x_wconf 85' lang='lat' dir='ltr'><strong>qui</strong></span> <span class='ocrx_word' id='word_1_284' title='bbox 772 1840 856 1873; x_wconf 85' lang='lat' dir='ltr'><strong>videt,</strong></span> <span class='ocrx_word' id='word_1_285' title='bbox 872 1844 900 1868; x_wconf 91' lang='lat' dir='ltr'><strong>et</strong></span> <span class='ocrx_word' id='word_1_286' title='bbox 914 1848 957 1868; x_wconf 84' lang='lat' dir='ltr'><strong>res</strong></span> <span class='ocrx_word' id='word_1_287' title='bbox 973 1841 1049 1875; x_wconf 86' lang='lat' dir='ltr'><strong>visa;</strong></span> 
     </span>
    </p>
   </div>
   <div class='ocr_carea' id='block_1_41' title="bbox 254 1885 1052 1922">
    <p class='ocr_par' dir='ltr' id='par_1_41' title="bbox 254 1885 1052 1922">
     <span class='ocr_line' id='line_1_41' title="bbox 254 1885 1052 1922; baseline 0.004 -11"><span class='ocrx_word' id='word_1_288' title='bbox 254 1892 345 1919; x_wconf 88' lang='lat' dir='ltr'><strong>neque</strong></span> <span class='ocrx_word' id='word_1_289' title='bbox 363 1885 410 1921; x_wconf 92' lang='lat' dir='ltr'><strong>qui</strong></span> <span class='ocrx_word' id='word_1_290' title='bbox 427 1886 535 1920; x_wconf 86' lang='lat' dir='ltr'><strong>pulsat,</strong></span> <span class='ocrx_word' id='word_1_291' title='bbox 556 1890 584 1913; x_wconf 88' lang='lat' dir='ltr'><strong>et</strong></span> <span class='ocrx_word' id='word_1_292' title='bbox 600 1886 648 1921; x_wconf 92' lang='lat' dir='ltr'><strong>qui</strong></span> <span class='ocrx_word' id='word_1_293' title='bbox 666 1886 806 1922; x_wconf 91' lang='lat' dir='ltr'><strong>pulsatur;</strong></span> <span class='ocrx_word' id='word_1_294' title='bbox 826 1895 876 1914; x_wconf 91' lang='lat' dir='ltr'><strong>nee</strong></span> <span class='ocrx_word' id='word_1_295' title='bbox 889 1887 935 1922; x_wconf 91' lang='lat' dir='ltr'><strong>qui</strong></span> <span class='ocrx_word' id='word_1_296' title='bbox 953 1894 1052 1922; x_wconf 77' lang='lat' dir='ltr'><strong>cogno-</strong></span> 
     </span>
    </p>
   </div>
   <div class='ocr_carea' id='block_1_42' title="bbox 253 1931 1049 1968">
    <p class='ocr_par' dir='ltr' id='par_1_42' title="bbox 253 1931 1049 1968">
     <span class='ocr_line' id='line_1_42' title="bbox 253 1931 1049 1968; baseline 0 -9"><span class='ocrx_word' id='word_1_297' title='bbox 253 1931 305 1959; x_wconf 77' lang='lat' dir='ltr'><strong>scit</strong></span> <span class='ocrx_word' id='word_1_298' title='bbox 325 1931 396 1958; x_wconf 90' lang='lat' dir='ltr'><strong>idem</strong></span> <span class='ocrx_word' id='word_1_299' title='bbox 411 1937 454 1959; x_wconf 90' lang='lat' dir='ltr'><strong>est</strong></span> <span class='ocrx_word' id='word_1_300' title='bbox 469 1939 501 1959; x_wconf 88' lang='lat' dir='ltr'><strong>ac</strong></span> <span class='ocrx_word' id='word_1_301' title='bbox 516 1933 723 1967; x_wconf 58' lang='lat' dir='ltr'><strong>cognitus,,nec</strong></span> <span class='ocrx_word' id='word_1_302' title='bbox 735 1933 782 1968; x_wconf 88' lang='lat' dir='ltr'><strong>qui</strong></span> <span class='ocrx_word' id='word_1_303' title='bbox 800 1933 896 1960; x_wconf 87' lang='lat' dir='ltr'><strong>scribit</strong></span> <span class='ocrx_word' id='word_1_304' title='bbox 911 1933 981 1960; x_wconf 90' lang='lat' dir='ltr'><strong>idem</strong></span> <span class='ocrx_word' id='word_1_305' title='bbox 998 1937 1049 1966; x_wconf 87' lang='lat' dir='ltr'><strong>est,</strong></span> 
     </span>
    </p>
   </div>
   <div class='ocr_carea' id='block_1_43' title="bbox 253 1977 1049 2015">
    <p class='ocr_par' dir='ltr' id='par_1_43' title="bbox 253 1977 1049 2015">
     <span class='ocr_line' id='line_1_43' title="bbox 253 1977 1049 2015; baseline 0.003 -11"><span class='ocrx_word' id='word_1_306' title='bbox 253 1977 324 2012; x_wconf 84' lang='lat' dir='ltr'><strong>quod</strong></span> <span class='ocrx_word' id='word_1_307' title='bbox 354 1978 495 2006; x_wconf 59' lang='lat' dir='ltr'><strong>scrbilur.</strong></span> <span class='ocrx_word' id='word_1_308' title='bbox 519 1979 609 2012; x_wconf 82' lang='lat' dir='ltr'><strong>Quare</strong></span> <span class='ocrx_word' id='word_1_309' title='bbox 638 1985 722 2014; x_wconf 90' lang='lat' dir='ltr'><strong>patet,</strong></span> <span class='ocrx_word' id='word_1_310' title='bbox 758 1979 830 2007; x_wconf 89' lang='lat' dir='ltr'><strong>hattd</strong></span> <span class='ocrx_word' id='word_1_311' title='bbox 856 1979 945 2015; x_wconf 71' lang='lat' dir='ltr'><strong>ipsum</strong></span> <span class='ocrx_word' id='word_1_312' title='bbox 964 1979 1049 2007; x_wconf 83' lang='lat' dir='ltr'><strong>Deum</strong></span> 
     </span>
    </p>
   </div>
   <div class='ocr_carea' id='block_1_44' title="bbox 252 2023 1052 2060">
    <p class='ocr_par' dir='ltr' id='par_1_44' title="bbox 252 2023 1052 2060">
     <span class='ocr_line' id='line_1_44' title="bbox 252 2023 1052 2060; baseline 0 -9"><span class='ocrx_word' id='word_1_313' title='bbox 252 2023 455 2060; x_wconf 81' lang='lat' dir='ltr'><strong>quodammodo</strong></span> <span class='ocrx_word' id='word_1_314' title='bbox 472 2024 525 2051; x_wconf 86' lang='lat' dir='ltr'><strong>dici</strong></span> <span class='ocrx_word' id='word_1_315' title='bbox 550 2025 710 2059; x_wconf 81' lang='lat' dir='ltr'><strong>potentiam,</strong></span> <span class='ocrx_word' id='word_1_316' title='bbox 727 2032 780 2059; x_wconf 85' lang='lat' dir='ltr'><strong>qua</strong></span> <span class='ocrx_word' id='word_1_317' title='bbox 808 2028 905 2059; x_wconf 87' lang='lat' dir='ltr'><strong>potens</strong></span> <span class='ocrx_word' id='word_1_318' title='bbox 919 2029 970 2056; x_wconf 79' lang='lat' dir='ltr'><strong>est,</strong></span> <span class='ocrx_word' id='word_1_319' title='bbox 985 2032 1052 2059; x_wconf 85' lang='lat' dir='ltr'><strong>qna-</strong></span> 
     </span>
    </p>
   </div>
   <div class='ocr_carea' id='block_1_45' title="bbox 251 2070 1051 2105">
    <p class='ocr_par' dir='ltr' id='par_1_45' title="bbox 251 2070 1051 2105">
     <span class='ocr_line' id='line_1_45' title="bbox 251 2070 1051 2105; baseline 0 -7"><span class='ocrx_word' id='word_1_320' title='bbox 251 2074 334 2098; x_wconf 88' lang='lat' dir='ltr'><strong>tenus</strong></span> <span class='ocrx_word' id='word_1_321' title='bbox 350 2070 499 2104; x_wconf 86' lang='lat' dir='ltr'><strong>potentiam</strong></span> <span class='ocrx_word' id='word_1_322' title='bbox 518 2070 611 2103; x_wconf 84' lang='lat' dir='ltr'><strong>habet,</strong></span> <span class='ocrx_word' id='word_1_323' title='bbox 633 2075 660 2097; x_wconf 91' lang='lat' dir='ltr'><strong>et</strong></span> <span class='ocrx_word' id='word_1_324' title='bbox 679 2076 817 2104; x_wconf 87' lang='lat' dir='ltr'><strong>quatenus</strong></span> <span class='ocrx_word' id='word_1_325' title='bbox 835 2078 883 2105; x_wconf 85' lang='lat' dir='ltr'><strong>per</strong></span> <span class='ocrx_word' id='word_1_326' title='bbox 905 2070 978 2097; x_wconf 90' lang='lat' dir='ltr'><strong>illam</strong></span> <span class='ocrx_word' id='word_1_327' title='bbox 995 2071 1051 2105; x_wconf 59' lang='lat' dir='ltr'><strong>agit</strong></span> 
     </span>
    </p>
   </div>
   <div class='ocr_carea' id='block_1_46' title="bbox 257 2115 1050 2150">
    <p class='ocr_par' dir='ltr' id='par_1_46' title="bbox 257 2115 1050 2150">
     <span class='ocr_line' id='line_1_46' title="bbox 257 2115 1050 2150; baseline 0 -8"><span class='ocrx_word' id='word_1_328' title='bbox 257 2119 288 2142; x_wconf 88' lang='lat' dir='ltr'><strong>ut</strong></span> <span class='ocrx_word' id='word_1_329' title='bbox 301 2120 380 2142; x_wconf 88' lang='lat' dir='ltr'><strong>actor</strong></span> <span class='ocrx_word' id='word_1_330' title='bbox 395 2120 477 2150; x_wconf 89' lang='lat' dir='ltr'><strong>atque</strong></span> <span class='ocrx_word' id='word_1_331' title='bbox 489 2121 607 2143; x_wconf 79' lang='lat' dir='ltr'><strong>creator.</strong></span> <span class='ocrx_word' id='word_1_332' title='bbox 623 2115 699 2149; x_wconf 84' lang='lat' dir='ltr'><strong>Quod</strong></span> <span class='ocrx_word' id='word_1_333' title='bbox 718 2116 740 2143; x_wconf 93' lang='lat' dir='ltr'><strong>si</strong></span> <span class='ocrx_word' id='word_1_334' title='bbox 761 2116 812 2143; x_wconf 76' lang='lat' dir='ltr'><strong>hoc</strong></span> <span class='ocrx_word' id='word_1_335' title='bbox 829 2123 924 2142; x_wconf 79' lang='lat' dir='ltr'><strong>verum</strong></span> <span class='ocrx_word' id='word_1_336' title='bbox 940 2120 992 2148; x_wconf 88' lang='lat' dir='ltr'><strong>est,</strong></span> <span class='ocrx_word' id='word_1_337' title='bbox 1010 2116 1050 2142; x_wconf 90' lang='lat' dir='ltr'><strong>uti</strong></span> 
     </span>
    </p>
   </div>
   <div class='ocr_carea' id='block_1_47' title="bbox 253 2158 1050 2195">
    <p class='ocr_par' dir='ltr' id='par_1_47' title="bbox 253 2158 1050 2195">
     <span class='ocr_line' id='line_1_47' title="bbox 253 2158 1050 2195; baseline 0.001 -9"><span class='ocrx_word' id='word_1_338' title='bbox 253 2167 349 2194; x_wconf 88' lang='lat' dir='ltr'><strong>reapse</strong></span> <span class='ocrx_word' id='word_1_339' title='bbox 374 2168 467 2187; x_wconf 86' lang='lat' dir='ltr'><strong>verum</strong></span> <span class='ocrx_word' id='word_1_340' title='bbox 488 2158 541 2192; x_wconf 81' lang='lat' dir='ltr'><strong>est,</strong></span> <span class='ocrx_word' id='word_1_341' title='bbox 560 2168 626 2195; x_wconf 78' lang='lat' dir='ltr'><strong>ergo</strong></span> <span class='ocrx_word' id='word_1_342' title='bbox 647 2167 695 2195; x_wconf 82' lang='lat' dir='ltr'><strong>per</strong></span> <span class='ocrx_word' id='word_1_343' title='bbox 718 2168 801 2187; x_wconf 91' lang='lat' dir='ltr'><strong>unam</strong></span> <span class='ocrx_word' id='word_1_344' title='bbox 827 2160 914 2187; x_wconf 89' lang='lat' dir='ltr'><strong>solam</strong></span> <span class='ocrx_word' id='word_1_345' title='bbox 943 2160 1050 2195; x_wconf 89' lang='lat' dir='ltr'><strong>simpli-</strong></span> 
     </span>
    </p>
   </div>
   <div class='ocr_carea' id='block_1_48' title="bbox 253 2206 1051 2241">
    <p class='ocr_par' dir='ltr' id='par_1_48' title="bbox 253 2206 1051 2241">
     <span class='ocr_line' id='line_1_48' title="bbox 253 2206 1051 2241; baseline 0.001 -9"><span class='ocrx_word' id='word_1_346' title='bbox 253 2214 368 2239; x_wconf 79' lang='lat' dir='ltr'><strong>cemque</strong></span> <span class='ocrx_word' id='word_1_347' title='bbox 386 2207 547 2241; x_wconf 81' lang='lat' dir='ltr'><strong>potentiam,</strong></span> <span class='ocrx_word' id='word_1_348' title='bbox 565 2206 724 2233; x_wconf 78' lang='lat' dir='ltr'><strong>universum</strong></span> <span class='ocrx_word' id='word_1_349' title='bbox 752 2207 884 2234; x_wconf 88' lang='lat' dir='ltr'><strong>mundum</strong></span> <span class='ocrx_word' id='word_1_350' title='bbox 912 2206 985 2234; x_wconf 89' lang='lat' dir='ltr'><strong>Deus</strong></span> <span class='ocrx_word' id='word_1_351' title='bbox 1003 2214 1051 2233; x_wconf 86' lang='lat' dir='ltr'><strong>ex-</strong></span> 
     </span>
    </p>
   </div>
   <div class='ocr_carea' id='block_1_49' title="bbox 1104 265 1899 302">
    <p class='ocr_par' dir='ltr' id='par_1_49' title="bbox 1104 265 1899 302">
     <span class='ocr_line' id='line_1_49' title="bbox 1104 265 1899 302; baseline 0 -8"><span class='ocrx_word' id='word_1_352' title='bbox 1104 267 1153 294; x_wconf 79' lang='grc' dir='ltr'><strong>καὶ</strong></span> <span class='ocrx_word' id='word_1_353' title='bbox 1165 266 1354 302; x_wconf 73' lang='grc' dir='ltr'>ἀνέκφραττον</span> <span class='ocrx_word' id='word_1_354' title='bbox 1369 265 1417 293; x_wconf 67' lang='grc' dir='ltr'><strong>καὶ</strong></span> <span class='ocrx_word' id='word_1_355' title='bbox 1429 266 1633 302; x_wconf 81' lang='grc' dir='ltr'>ἀνερμήνευτον</span> <span class='ocrx_word' id='word_1_356' title='bbox 1648 266 1810 293; x_wconf 75' lang='grc' dir='ltr'>καθίσταται</span> <span class='ocrx_word' id='word_1_357' title='bbox 1822 275 1829 282; x_wconf 93' lang='grc'>·</span> <span class='ocrx_word' id='word_1_358' title='bbox 1844 267 1899 294; x_wconf 67' lang='grc' dir='ltr'><strong>κᾶν</strong></span> 
     </span>
    </p>
   </div>
   <div class='ocr_carea' id='block_1_50' title="bbox 1103 312 1904 348">
    <p class='ocr_par' dir='ltr' id='par_1_50' title="bbox 1103 312 1904 348">
     <span class='ocr_line' id='line_1_50' title="bbox 1103 312 1904 348; baseline 0.002 -9"><span class='ocrx_word' id='word_1_359' title='bbox 1103 314 1160 344; x_wconf 78' lang='grc' dir='ltr'><strong>τοῖς</strong></span> <span class='ocrx_word' id='word_1_360' title='bbox 1173 313 1280 345; x_wconf 79' lang='grc' dir='ltr'><strong>πολλοῖς</strong></span> <span class='ocrx_word' id='word_1_361' title='bbox 1301 312 1457 346; x_wconf 68' lang='grc' dir='ltr'><strong>ἰδιαζόντως</strong></span> <span class='ocrx_word' id='word_1_362' title='bbox 1468 313 1515 340; x_wconf 72' lang='grc' dir='ltr'><strong>ἐπὶ</strong></span> <span class='ocrx_word' id='word_1_363' title='bbox 1531 313 1581 348; x_wconf 78' lang='grc' dir='ltr'><strong>τῆς</strong></span> <span class='ocrx_word' id='word_1_364' title='bbox 1596 312 1671 345; x_wconf 78' lang='grc' dir='ltr'>θείας</span> <span class='ocrx_word' id='word_1_365' title='bbox 1697 313 1805 347; x_wconf 76' lang='grc' dir='ltr'>φύσεως</span> <span class='ocrx_word' id='word_1_366' title='bbox 1828 314 1904 341; x_wconf 78' lang='grc' dir='ltr'>τουτὶ</span> 
     </span>
    </p>
   </div>
   <div class='ocr_carea' id='block_1_51' title="bbox 1105 359 1902 396">
    <p class='ocr_par' dir='ltr' id='par_1_51' title="bbox 1105 359 1902 396">
     <span class='ocr_line' id='line_1_51' title="bbox 1105 359 1902 396; baseline 0 -9"><span class='ocrx_word' id='word_1_367' title='bbox 1105 360 1136 387; x_wconf 70' lang='grc' dir='ltr'><strong>τὸ</strong></span> <span class='ocrx_word' id='word_1_368' title='bbox 1151 360 1224 393; x_wconf 85' lang='grc' dir='ltr'><strong>Θεὸς</strong></span> <span class='ocrx_word' id='word_1_369' title='bbox 1234 360 1330 395; x_wconf 79' lang='grc' dir='ltr'>δνομα,</span> <span class='ocrx_word' id='word_1_370' title='bbox 1343 359 1469 395; x_wconf 70' lang='grc' dir='ltr'>ὥσπερΙτι</span> <span class='ocrx_word' id='word_1_371' title='bbox 1478 360 1571 396; x_wconf 83' lang='grc' dir='ltr'>κύριον</span> <span class='ocrx_word' id='word_1_372' title='bbox 1587 361 1762 395; x_wconf 66' lang='grc' dir='ltr'>σημαντικὶν,</span> <span class='ocrx_word' id='word_1_373' title='bbox 1773 361 1803 387; x_wconf 81' lang='grc' dir='ltr'>οὐ</span> <span class='ocrx_word' id='word_1_374' title='bbox 1818 370 1902 396; x_wconf 76' lang='grc' dir='ltr'>προσ-</span> 
     </span>
    </p>
   </div>
   <div class='ocr_carea' id='block_1_52' title="bbox 1105 397 1901 440">
    <p class='ocr_par' dir='ltr' id='par_1_52' title="bbox 1105 397 1901 440">
     <span class='ocr_line' id='line_1_52' title="bbox 1105 397 1901 440; baseline 0.003 -9"><span class='ocrx_word' id='word_1_375' title='bbox 1105 406 1182 440; x_wconf 83' lang='grc' dir='ltr'>φυῶς</span> <span class='ocrx_word' id='word_1_376' title='bbox 1198 405 1367 440; x_wconf 53' lang='lat' dir='ltr'><strong>egenum“,</strong></span> <span class='ocrx_word' id='word_1_377' title='bbox 1380 405 1409 438; x_wconf 75' lang='grc' dir='ltr'><strong>ἐξ</strong></span> <span class='ocrx_word' id='word_1_378' title='bbox 1423 402 1452 432; x_wconf 71' lang='grc' dir='ltr'><strong>οὗ</strong></span> <span class='ocrx_word' id='word_1_379' title='bbox 1466 397 1601 440; x_wconf 62' lang='grc' dir='ltr'>δνόματος</span> <span class='ocrx_word' id='word_1_380' title='bbox 1620 406 1728 437; x_wconf 75' lang='grc' dir='ltr'><strong>πάντως</strong></span> <span class='ocrx_word' id='word_1_381' title='bbox 1747 406 1793 433; x_wconf 72' lang='grc' dir='ltr'>καὶ</span> <span class='ocrx_word' id='word_1_382' title='bbox 1821 406 1901 433; x_wconf 72' lang='grc' dir='ltr'>δύνα-</span> 
     </span>
    </p>
   </div>
   <div class='ocr_carea' id='block_1_53' title="bbox 1105 451 1903 487">
    <p class='ocr_par' dir='ltr' id='par_1_53' title="bbox 1105 451 1903 487">
     <span class='ocr_line' id='line_1_53' title="bbox 1105 451 1903 487; baseline 0 -9"><span class='ocrx_word' id='word_1_383' title='bbox 1105 452 1167 478; x_wconf 83' lang='grc' dir='ltr'>σοαι</span> <span class='ocrx_word' id='word_1_384' title='bbox 1182 452 1248 487; x_wconf 81' lang='grc' dir='ltr'>ἡμῖν</span> <span class='ocrx_word' id='word_1_385' title='bbox 1262 451 1292 484; x_wconf 74' lang='grc' dir='ltr'><strong>ἐξ</strong></span> <span class='ocrx_word' id='word_1_386' title='bbox 1302 452 1425 487; x_wconf 74' lang='grc' dir='ltr'>ἀνάγκης</span> <span class='ocrx_word' id='word_1_387' title='bbox 1440 451 1654 486; x_wconf 72' lang='grc' dir='ltr'>συναναφύεται·</span> <span class='ocrx_word' id='word_1_388' title='bbox 1675 452 1754 487; x_wconf 69' lang='grc' dir='ltr'>εἰπερ</span> <span class='ocrx_word' id='word_1_389' title='bbox 1771 452 1844 478; x_wconf 78' lang='grc' dir='ltr'>πᾶσα</span> <span class='ocrx_word' id='word_1_390' title='bbox 1859 453 1903 478; x_wconf 80' lang='grc' dir='ltr'><strong>ὲν-</strong></span> 
     </span>
    </p>
   </div>
   <div class='ocr_carea' id='block_1_54' title="bbox 1103 498 1903 534">
    <p class='ocr_par' dir='ltr' id='par_1_54' title="bbox 1103 498 1903 534">
     <span class='ocr_line' id='line_1_54' title="bbox 1103 498 1903 534; baseline -0.003 -8"><span class='ocrx_word' id='word_1_391' title='bbox 1103 499 1198 534; x_wconf 87' lang='grc' dir='ltr'>έργεια</span> <span class='ocrx_word' id='word_1_392' title='bbox 1215 499 1283 534; x_wconf 67' lang='grc' dir='ltr'>μετὰ</span> <span class='ocrx_word' id='word_1_393' title='bbox 1296 498 1437 533; x_wconf 80' lang='grc' dir='ltr'>δυνάμεως</span> <span class='ocrx_word' id='word_1_394' title='bbox 1457 498 1496 533; x_wconf 70' lang='lat'><strong>(5)</strong></span> <span class='ocrx_word' id='word_1_395' title='bbox 1509 507 1516 512; x_wconf 92' lang='grc'>·</span> <span class='ocrx_word' id='word_1_396' title='bbox 1540 498 1587 525; x_wconf 75' lang='grc' dir='ltr'>καὶ</span> <span class='ocrx_word' id='word_1_397' title='bbox 1611 500 1746 534; x_wconf 87' lang='grc' dir='ltr'>μαρτυρεῖ</span> <span class='ocrx_word' id='word_1_398' title='bbox 1768 498 1802 525; x_wconf 76' lang='grc' dir='ltr'><strong>τὰ</strong></span> <span class='ocrx_word' id='word_1_399' title='bbox 1832 499 1903 534; x_wconf 71' lang='grc' dir='ltr'><strong>πρά-</strong></span> 
     </span>
    </p>
   </div>
   <div class='ocr_carea' id='block_1_55' title="bbox 1103 543 1902 580">
    <p class='ocr_par' dir='ltr' id='par_1_55' title="bbox 1103 543 1902 580">
     <span class='ocr_line' id='line_1_55' title="bbox 1103 543 1902 580; baseline -0.001 -9"><span class='ocrx_word' id='word_1_400' title='bbox 1103 553 1214 580; x_wconf 84' lang='grc' dir='ltr'>γματα·</span> <span class='ocrx_word' id='word_1_401' title='bbox 1233 545 1257 572; x_wconf 76' lang='grc' dir='ltr'><strong>ει</strong></span> <span class='ocrx_word' id='word_1_402' title='bbox 1270 544 1317 571; x_wconf 77' lang='grc' dir='ltr'>οὖν</span> <span class='ocrx_word' id='word_1_403' title='bbox 1331 546 1344 571; x_wconf 81' lang='grc' dir='ltr'>ὁ</span> <span class='ocrx_word' id='word_1_404' title='bbox 1358 544 1435 576; x_wconf 61' lang='grc' dir='ltr'><strong>Θεῆς,</strong></span> <span class='ocrx_word' id='word_1_405' title='bbox 1451 543 1489 576; x_wconf 82' lang='grc' dir='ltr'><strong>ὼς</strong></span> <span class='ocrx_word' id='word_1_406' title='bbox 1507 543 1637 579; x_wconf 83' lang='grc' dir='ltr'>ὑπετέθη,</span> <span class='ocrx_word' id='word_1_407' title='bbox 1661 544 1711 570; x_wconf 71' lang='grc' dir='ltr'>οὐκ</span> <span class='ocrx_word' id='word_1_408' title='bbox 1735 544 1764 570; x_wconf 79' lang='grc' dir='ltr'>ἐν</span> <span class='ocrx_word' id='word_1_409' title='bbox 1786 543 1902 578; x_wconf 75' lang='grc' dir='ltr'><strong>δυνάμει</strong></span> 
     </span>
    </p>
   </div>
   <div class='ocr_carea' id='block_1_56' title="bbox 1103 590 1901 626">
    <p class='ocr_par' dir='ltr' id='par_1_56' title="bbox 1103 590 1901 626">
     <span class='ocr_line' id='line_1_56' title="bbox 1103 590 1901 626; baseline 0 -9"><span class='ocrx_word' id='word_1_410' title='bbox 1103 591 1150 618; x_wconf 67' lang='grc' dir='ltr'><strong>τὸν</strong></span> <span class='ocrx_word' id='word_1_411' title='bbox 1165 591 1268 626; x_wconf 79' lang='grc' dir='ltr'>κόσμον</span> <span class='ocrx_word' id='word_1_412' title='bbox 1281 592 1461 626; x_wconf 84' lang='grc' dir='ltr'>παρήγαγεν,’</span> <span class='ocrx_word' id='word_1_413' title='bbox 1477 590 1594 626; x_wconf 67' lang='grc' dir='ltr'>φανερὸν</span> <span class='ocrx_word' id='word_1_414' title='bbox 1620 591 1661 617; x_wconf 82' lang='grc' dir='ltr'><strong>ὅτι</strong></span> <span class='ocrx_word' id='word_1_415' title='bbox 1677 591 1823 626; x_wconf 71' lang='grc' dir='ltr'><strong>ἐστέρηται</strong></span> <span class='ocrx_word' id='word_1_416' title='bbox 1854 591 1901 617; x_wconf 74' lang='grc' dir='ltr'><strong>τοῦ</strong></span> 
     </span>
    </p>
   </div>
   <div class='ocr_carea' id='block_1_57' title="bbox 1103 637 1902 674">
    <p class='ocr_par' dir='ltr' id='par_1_57' title="bbox 1103 637 1902 674">
     <span class='ocr_line' id='line_1_57' title="bbox 1103 637 1902 674; baseline 0 -9"><span class='ocrx_word' id='word_1_417' title='bbox 1103 638 1235 666; x_wconf 78' lang='grc' dir='ltr'>δύνασθαι</span> <span class='ocrx_word' id='word_1_418' title='bbox 1254 647 1262 654; x_wconf 90' lang='grc'><strong>·</strong></span> <span class='ocrx_word' id='word_1_419' title='bbox 1279 638 1293 665; x_wconf 85' lang='grc' dir='ltr'><strong>ὂ</strong></span> <span class='ocrx_word' id='word_1_420' title='bbox 1312 639 1340 665; x_wconf 81' lang='grc' dir='ltr'>δὲ</span> <span class='ocrx_word' id='word_1_421' title='bbox 1356 639 1501 674; x_wconf 78' lang='grc' dir='ltr'><strong>ἐστέρηται</strong></span> <span class='ocrx_word' id='word_1_422' title='bbox 1518 637 1565 664; x_wconf 74' lang='grc' dir='ltr'><strong>τοῦ</strong></span> <span class='ocrx_word' id='word_1_423' title='bbox 1582 637 1724 669; x_wconf 79' lang='grc' dir='ltr'>δύνασθαι,</span> <span class='ocrx_word' id='word_1_424' title='bbox 1757 638 1902 673; x_wconf 75' lang='grc' dir='ltr'><strong>ἐστέρηται</strong></span> 
     </span>
    </p>
   </div>
   <div class='ocr_carea' id='block_1_58' title="bbox 1103 684 1902 720">
    <p class='ocr_par' dir='ltr' id='par_1_58' title="bbox 1103 684 1902 720">
     <span class='ocr_line' id='line_1_58' title="bbox 1103 684 1902 720; baseline -0.003 -8"><span class='ocrx_word' id='word_1_425' title='bbox 1103 684 1208 712; x_wconf 73' lang='grc' dir='ltr'>καὶτοῦ</span> <span class='ocrx_word' id='word_1_426' title='bbox 1223 685 1357 720; x_wconf 74' lang='grc' dir='ltr'><strong>παράγειν</strong></span> <span class='ocrx_word' id='word_1_427' title='bbox 1372 693 1380 701; x_wconf 77' lang='grc'><em>’</em></span> <span class='ocrx_word' id='word_1_428' title='bbox 1395 685 1409 711; x_wconf 88' lang='grc' dir='ltr'><strong>ὂ</strong></span> <span class='ocrx_word' id='word_1_429' title='bbox 1426 685 1454 711; x_wconf 71' lang='grc' dir='ltr'>δὲ</span> <span class='ocrx_word' id='word_1_430' title='bbox 1466 684 1612 719; x_wconf 78' lang='grc' dir='ltr'><strong>ἐστέρηται</strong></span> <span class='ocrx_word' id='word_1_431' title='bbox 1637 684 1683 710; x_wconf 70' lang='grc' dir='ltr'>καὶ</span> <span class='ocrx_word' id='word_1_432' title='bbox 1696 684 1742 711; x_wconf 75' lang='grc' dir='ltr'><strong>τοῦ</strong></span> <span class='ocrx_word' id='word_1_433' title='bbox 1766 685 1902 719; x_wconf 74' lang='grc' dir='ltr'><strong>παράγειν</strong></span> 
     </span>
    </p>
   </div>
   <div class='ocr_carea' id='block_1_59' title="bbox 1104 729 1902 766">
    <p class='ocr_par' dir='ltr' id='par_1_59' title="bbox 1104 729 1902 766">
     <span class='ocr_line' id='line_1_59' title="bbox 1104 729 1902 766; baseline -0.001 -9"><span class='ocrx_word' id='word_1_434' title='bbox 1104 730 1151 757; x_wconf 73' lang='grc' dir='ltr'><strong>καὶ</strong></span> <span class='ocrx_word' id='word_1_435' title='bbox 1178 731 1364 766; x_wconf 68' lang='grc' dir='ltr'>δημιουργεῖν,</span> <span class='ocrx_word' id='word_1_436' title='bbox 1396 731 1540 766; x_wconf 76' lang='grc' dir='ltr'>ἐστέρηται</span> <span class='ocrx_word' id='word_1_437' title='bbox 1570 731 1617 757; x_wconf 69' lang='grc' dir='ltr'><strong>τοῦ</strong></span> <span class='ocrx_word' id='word_1_438' title='bbox 1639 729 1707 757; x_wconf 82' lang='grc' dir='ltr'>εἶναι</span> <span class='ocrx_word' id='word_1_439' title='bbox 1729 730 1795 762; x_wconf 76' lang='grc' dir='ltr'><strong>Θεὸς</strong></span> <span class='ocrx_word' id='word_1_440' title='bbox 1810 739 1838 756; x_wconf 85' lang='grc' dir='ltr'>τε</span> <span class='ocrx_word' id='word_1_441' title='bbox 1855 731 1902 757; x_wconf 75' lang='grc' dir='ltr'>καὶ</span> 
     </span>
    </p>
   </div>
   <div class='ocr_carea' id='block_1_60' title="bbox 1103 774 1902 812">
    <p class='ocr_par' dir='ltr' id='par_1_60' title="bbox 1103 774 1902 812">
     <span class='ocr_line' id='line_1_60' title="bbox 1103 774 1902 812; baseline 0 -11"><span class='ocrx_word' id='word_1_442' title='bbox 1103 774 1234 810; x_wconf 81' lang='grc' dir='ltr'>λέγεσθαι</span> <span class='ocrx_word' id='word_1_443' title='bbox 1250 783 1257 790; x_wconf 90' lang='grc'>·</span> <span class='ocrx_word' id='word_1_444' title='bbox 1272 776 1419 811; x_wconf 83' lang='grc' dir='ltr'><strong>συνάγεται</strong></span> <span class='ocrx_word' id='word_1_445' title='bbox 1435 776 1489 812; x_wconf 73' lang='grc' dir='ltr'>ἄρα</span> <span class='ocrx_word' id='word_1_446' title='bbox 1509 776 1549 803; x_wconf 77' lang='grc' dir='ltr'><strong>ὅτι</strong></span> <span class='ocrx_word' id='word_1_447' title='bbox 1564 777 1578 803; x_wconf 75' lang='grc' dir='ltr'>ὁ</span> <span class='ocrx_word' id='word_1_448' title='bbox 1590 775 1655 808; x_wconf 77' lang='grc' dir='ltr'>Θεὸς</span> <span class='ocrx_word' id='word_1_449' title='bbox 1667 775 1697 802; x_wconf 79' lang='grc' dir='ltr'>οὐ</span> <span class='ocrx_word' id='word_1_450' title='bbox 1715 776 1780 808; x_wconf 78' lang='grc' dir='ltr'>Θεό¹ς</span> <span class='ocrx_word' id='word_1_451' title='bbox 1797 783 1804 790; x_wconf 84' lang='grc'><em>’</em></span> <span class='ocrx_word' id='word_1_452' title='bbox 1833 777 1902 812; x_wconf 77' lang='grc' dir='ltr'>ὅπερ</span> 
     </span>
    </p>
   </div>
   <div class='ocr_carea' id='block_1_61' title="bbox 1103 821 1211 853">
    <p class='ocr_par' dir='ltr' id='par_1_61' title="bbox 1103 821 1211 853">
     <span class='ocr_line' id='line_1_61' title="bbox 1103 821 1211 853; baseline 0.009 -6"><span class='ocrx_word' id='word_1_453' title='bbox 1103 821 1211 853; x_wconf 79' lang='grc' dir='ltr'>ἀσεσές.</span> 
     </span>
    </p>
   </div>
   <div class='ocr_carea' id='block_1_62' title="bbox 1139 865 1900 901">
    <p class='ocr_par' dir='ltr' id='par_1_62' title="bbox 1139 865 1900 901">
     <span class='ocr_line' id='line_1_62' title="bbox 1139 865 1900 901; baseline 0 -7"><span class='ocrx_word' id='word_1_454' title='bbox 1139 870 1169 894; x_wconf 83' lang='grc' dir='ltr'><strong>ε’.</strong></span> <span class='ocrx_word' id='word_1_455' title='bbox 1185 867 1239 893; x_wconf 71' lang='grc' dir='ltr'><strong>Καὶ</strong></span> <span class='ocrx_word' id='word_1_456' title='bbox 1255 866 1360 899; x_wconf 55' lang='grc' dir='ltr'>ἄλλων</span> <span class='ocrx_word' id='word_1_457' title='bbox 1378 867 1409 893; x_wconf 79' lang='grc' dir='ltr'><strong>Εἰ</strong></span> <span class='ocrx_word' id='word_1_458' title='bbox 1431 866 1461 893; x_wconf 73' lang='grc' dir='ltr'><strong>τὸ</strong></span> <span class='ocrx_word' id='word_1_459' title='bbox 1477 867 1573 898; x_wconf 71' lang='grc' dir='ltr'>ποιεῖν,</span> <span class='ocrx_word' id='word_1_460' title='bbox 1593 865 1662 901; x_wconf 70' lang='grc' dir='ltr'>μετὰ</span> <span class='ocrx_word' id='word_1_461' title='bbox 1687 865 1840 901; x_wconf 73' lang='grc' dir='ltr'>δυνάμεως,</span> <span class='ocrx_word' id='word_1_462' title='bbox 1869 867 1900 894; x_wconf 75' lang='grc' dir='ltr'><strong>τὸ</strong></span> 
     </span>
    </p>
   </div>
   <div class='ocr_carea' id='block_1_63' title="bbox 1067 897 1898 948">
    <p class='ocr_par' dir='ltr' id='par_1_63' title="bbox 1067 897 1898 948">
     <span class='ocr_line' id='line_1_63' title="bbox 1067 897 1898 948; baseline 0 -8"><span class='ocrx_word' id='word_1_463' title='bbox 1067 897 1088 924; x_wconf 75' lang='grc' dir='ltr'><strong>Β</strong></span> <span class='ocrx_word' id='word_1_464' title='bbox 1109 912 1147 948; x_wconf 83' lang='grc' dir='ltr'>μὴ</span> <span class='ocrx_word' id='word_1_465' title='bbox 1166 914 1195 940; x_wconf 76' lang='grc' dir='ltr'>ἐν</span> <span class='ocrx_word' id='word_1_466' title='bbox 1207 913 1330 948; x_wconf 74' lang='grc' dir='ltr'>δυνάμει,</span> <span class='ocrx_word' id='word_1_467' title='bbox 1343 913 1403 939; x_wconf 71' lang='grc' dir='ltr'>οὐδὲ</span> <span class='ocrx_word' id='word_1_468' title='bbox 1419 913 1524 947; x_wconf 65' lang='grc' dir='ltr'>πέφυκε</span> <span class='ocrx_word' id='word_1_469' title='bbox 1543 915 1631 940; x_wconf 77' lang='grc' dir='ltr'>ποιεῖν</span> <span class='ocrx_word' id='word_1_470' title='bbox 1648 921 1654 928; x_wconf 90' lang='grc'><strong>·</strong></span> <span class='ocrx_word' id='word_1_471' title='bbox 1673 914 1686 940; x_wconf 76' lang='grc' dir='ltr'>ὖ</span> <span class='ocrx_word' id='word_1_472' title='bbox 1706 914 1734 940; x_wconf 78' lang='grc' dir='ltr'>δὲ</span> <span class='ocrx_word' id='word_1_473' title='bbox 1758 914 1787 940; x_wconf 72' lang='grc' dir='ltr'>οὐ</span> <span class='ocrx_word' id='word_1_474' title='bbox 1817 916 1898 946; x_wconf 76' lang='grc' dir='ltr'>ποιεῖ,</span> 
     </span>
    </p>
   </div>
   <div class='ocr_carea' id='block_1_64' title="bbox 1107 959 1899 996">
    <p class='ocr_par' dir='ltr' id='par_1_64' title="bbox 1107 959 1899 996">
     <span class='ocr_line' id='line_1_64' title="bbox 1107 959 1899 996; baseline 0.001 -10"><span class='ocrx_word' id='word_1_475' title='bbox 1107 959 1167 986; x_wconf 78' lang='grc' dir='ltr'>οὐδὲ</span> <span class='ocrx_word' id='word_1_476' title='bbox 1185 960 1318 994; x_wconf 73' lang='grc' dir='ltr'>πέφυκεν,</span> <span class='ocrx_word' id='word_1_477' title='bbox 1333 960 1394 986; x_wconf 76' lang='grc' dir='ltr'>οὐδὲ</span> <span class='ocrx_word' id='word_1_478' title='bbox 1413 960 1545 994; x_wconf 76' lang='grc' dir='ltr'>παράγει·</span> <span class='ocrx_word' id='word_1_479' title='bbox 1561 960 1575 986; x_wconf 88' lang='grc' dir='ltr'>ὃ</span> <span class='ocrx_word' id='word_1_480' title='bbox 1592 960 1620 986; x_wconf 79' lang='grc' dir='ltr'>δὲ</span> <span class='ocrx_word' id='word_1_481' title='bbox 1643 960 1672 986; x_wconf 81' lang='grc' dir='ltr'>οὐ</span> <span class='ocrx_word' id='word_1_482' title='bbox 1693 961 1828 996; x_wconf 79' lang='grc' dir='ltr'>παράγειν</span> <span class='ocrx_word' id='word_1_483' title='bbox 1851 961 1899 987; x_wconf 88' lang='grc' dir='ltr'><strong>πέ-</strong></span> 
     </span>
    </p>
   </div>
   <div class='ocr_carea' id='block_1_65' title="bbox 1107 1006 1899 1043">
    <p class='ocr_par' dir='ltr' id='par_1_65' title="bbox 1107 1006 1899 1043">
     <span class='ocr_line' id='line_1_65' title="bbox 1107 1006 1899 1043; baseline 0.001 -10"><span class='ocrx_word' id='word_1_484' title='bbox 1107 1015 1191 1041; x_wconf 83' lang='grc' dir='ltr'>φυκεν</span> <span class='ocrx_word' id='word_1_485' title='bbox 1203 1007 1234 1038; x_wconf 70' lang='grc' dir='ltr'><strong>ἐκ</strong></span> <span class='ocrx_word' id='word_1_486' title='bbox 1251 1006 1288 1042; x_wconf 78' lang='grc' dir='ltr'>μὴ</span> <span class='ocrx_word' id='word_1_487' title='bbox 1302 1006 1396 1038; x_wconf 67' lang='grc' dir='ltr'>ὄντων,</span> <span class='ocrx_word' id='word_1_488' title='bbox 1412 1007 1471 1033; x_wconf 80' lang='grc' dir='ltr'>οὐδὲ</span> <span class='ocrx_word' id='word_1_489' title='bbox 1487 1007 1554 1038; x_wconf 78' lang='grc' dir='ltr'><strong>Θεὸ;</strong></span> <span class='ocrx_word' id='word_1_490' title='bbox 1566 1015 1572 1022; x_wconf 88' lang='grc'>·</span> <span class='ocrx_word' id='word_1_491' title='bbox 1590 1008 1604 1034; x_wconf 84' lang='grc' dir='ltr'>ὁ</span> <span class='ocrx_word' id='word_1_492' title='bbox 1615 1007 1681 1039; x_wconf 80' lang='grc' dir='ltr'>Θεὸς</span> <span class='ocrx_word' id='word_1_493' title='bbox 1694 1007 1748 1043; x_wconf 79' lang='grc' dir='ltr'>ἄρα</span> <span class='ocrx_word' id='word_1_494' title='bbox 1771 1009 1800 1034; x_wconf 70' lang='grc' dir='ltr'>οὗ</span> <span class='ocrx_word' id='word_1_495' title='bbox 1819 1008 1899 1040; x_wconf 78' lang='grc' dir='ltr'>Θεός·</span> 
     </span>
    </p>
   </div>
   <div class='ocr_carea' id='block_1_66' title="bbox 1106 1052 1901 1088">
    <p class='ocr_par' dir='ltr' id='par_1_66' title="bbox 1106 1052 1901 1088">
     <span class='ocr_line' id='line_1_66' title="bbox 1106 1052 1901 1088; baseline 0.001 -9"><span class='ocrx_word' id='word_1_496' title='bbox 1106 1053 1175 1088; x_wconf 80' lang='grc' dir='ltr'>ὅπερ</span> <span class='ocrx_word' id='word_1_497' title='bbox 1189 1053 1247 1079; x_wconf 76' lang='grc' dir='ltr'>ἐστὶ</span> <span class='ocrx_word' id='word_1_498' title='bbox 1264 1053 1354 1088; x_wconf 77' lang='grc' dir='ltr'>πάσης</span> <span class='ocrx_word' id='word_1_499' title='bbox 1377 1052 1554 1088; x_wconf 64' lang='grc' dir='ltr'>βλασφημίας</span> <span class='ocrx_word' id='word_1_500' title='bbox 1578 1053 1741 1088; x_wconf 79' lang='grc' dir='ltr'><strong>ἀνάμεστον.</strong></span> <span class='ocrx_word' id='word_1_501' title='bbox 1763 1054 1794 1080; x_wconf 87' lang='grc' dir='ltr'><strong>Εἰ</strong></span> <span class='ocrx_word' id='word_1_502' title='bbox 1811 1053 1857 1081; x_wconf 71' lang='grc' dir='ltr'>οὖν</span> <span class='ocrx_word' id='word_1_503' title='bbox 1871 1054 1901 1080; x_wconf 77' lang='grc' dir='ltr'><strong>τὸ</strong></span> 
     </span>
    </p>
   </div>
   <div class='ocr_carea' id='block_1_67' title="bbox 1108 1098 1902 1135">
    <p class='ocr_par' dir='ltr' id='par_1_67' title="bbox 1108 1098 1902 1135">
     <span class='ocr_line' id='line_1_67' title="bbox 1108 1098 1902 1135; baseline -0.001 -9"><span class='ocrx_word' id='word_1_504' title='bbox 1108 1099 1145 1135; x_wconf 88' lang='grc' dir='ltr'>μὴ</span> <span class='ocrx_word' id='word_1_505' title='bbox 1170 1099 1199 1126; x_wconf 81' lang='grc' dir='ltr'>ὲν</span> <span class='ocrx_word' id='word_1_506' title='bbox 1221 1098 1337 1133; x_wconf 75' lang='grc' dir='ltr'><strong>δυνάμει</strong></span> <span class='ocrx_word' id='word_1_507' title='bbox 1357 1098 1402 1125; x_wconf 81' lang='grc' dir='ltr'><strong>τὸν</strong></span> <span class='ocrx_word' id='word_1_508' title='bbox 1426 1099 1493 1126; x_wconf 73' lang='grc' dir='ltr'>Θεὸν</span> <span class='ocrx_word' id='word_1_509' title='bbox 1517 1099 1654 1134; x_wconf 79' lang='grc' dir='ltr'>παράγειν</span> <span class='ocrx_word' id='word_1_510' title='bbox 1675 1101 1688 1126; x_wconf 83' lang='grc' dir='ltr'>ό</span> <span class='ocrx_word' id='word_1_511' title='bbox 1706 1100 1785 1134; x_wconf 75' lang='grc' dir='ltr'>λόγος</span> <span class='ocrx_word' id='word_1_512' title='bbox 1804 1100 1902 1132; x_wconf 76' lang='grc' dir='ltr'>ἔδειξεν</span> 
     </span>
    </p>
   </div>
   <div class='ocr_carea' id='block_1_68' title="bbox 1106 1144 1900 1182">
    <p class='ocr_par' dir='ltr' id='par_1_68' title="bbox 1106 1144 1900 1182">
     <span class='ocr_line' id='line_1_68' title="bbox 1106 1144 1900 1182; baseline 0.004 -11"><span class='ocrx_word' id='word_1_513' title='bbox 1106 1145 1236 1172; x_wconf 76' lang='grc' dir='ltr'>ἀδύνατόν</span> <span class='ocrx_word' id='word_1_514' title='bbox 1247 1154 1276 1171; x_wconf 86' lang='grc' dir='ltr'>τε</span> <span class='ocrx_word' id='word_1_515' title='bbox 1291 1145 1338 1171; x_wconf 78' lang='grc' dir='ltr'><strong>καὶ</strong></span> <span class='ocrx_word' id='word_1_516' title='bbox 1355 1144 1525 1180; x_wconf 71' lang='grc' dir='ltr'><strong>βλάσφημον,</strong></span> <span class='ocrx_word' id='word_1_517' title='bbox 1548 1145 1673 1172; x_wconf 79' lang='grc' dir='ltr'>λείπεται</span> <span class='ocrx_word' id='word_1_518' title='bbox 1697 1146 1726 1173; x_wconf 74' lang='grc' dir='ltr'>τδ</span> <span class='ocrx_word' id='word_1_519' title='bbox 1742 1147 1770 1172; x_wconf 88' lang='grc' dir='ltr'>ὲν</span> <span class='ocrx_word' id='word_1_520' title='bbox 1785 1147 1900 1182; x_wconf 80' lang='grc' dir='ltr'>δυνάμει</span> 
     </span>
    </p>
   </div>
   <div class='ocr_carea' id='block_1_69' title="bbox 1105 1190 1900 1228">
    <p class='ocr_par' dir='ltr' id='par_1_69' title="bbox 1105 1190 1900 1228">
     <span class='ocr_line' id='line_1_69' title="bbox 1105 1190 1900 1228; baseline 0.003 -11"><span class='ocrx_word' id='word_1_521' title='bbox 1105 1190 1216 1221; x_wconf 78' lang='grc' dir='ltr'>δυνατὸς</span> <span class='ocrx_word' id='word_1_522' title='bbox 1228 1191 1265 1218; x_wconf 80' lang='grc' dir='ltr'>ὢν</span> <span class='ocrx_word' id='word_1_523' title='bbox 1279 1191 1380 1226; x_wconf 75' lang='grc' dir='ltr'>ἀληθές</span> <span class='ocrx_word' id='word_1_524' title='bbox 1408 1200 1437 1218; x_wconf 82' lang='grc' dir='ltr'>τε</span> <span class='ocrx_word' id='word_1_525' title='bbox 1464 1191 1511 1218; x_wconf 69' lang='grc' dir='ltr'><strong>καὶ</strong></span> <span class='ocrx_word' id='word_1_526' title='bbox 1539 1191 1647 1227; x_wconf 74' lang='grc' dir='ltr'>βέόαιον</span> <span class='ocrx_word' id='word_1_527' title='bbox 1663 1201 1669 1208; x_wconf 93' lang='grc'><strong>-</strong></span> <span class='ocrx_word' id='word_1_528' title='bbox 1688 1193 1735 1218; x_wconf 67' lang='grc' dir='ltr'><strong>καὶ</strong></span> <span class='ocrx_word' id='word_1_529' title='bbox 1763 1193 1867 1228; x_wconf 82' lang='grc' dir='ltr'><strong>μάρτυς</strong></span> <span class='ocrx_word' id='word_1_530' title='bbox 1883 1194 1900 1228; x_wconf 80' lang='grc' dir='ltr'>ὴ</span> 
     </span>
    </p>
   </div>
   <div class='ocr_carea' id='block_1_70' title="bbox 1106 1235 1900 1273">
    <p class='ocr_par' dir='ltr' id='par_1_70' title="bbox 1106 1235 1900 1273">
     <span class='ocr_line' id='line_1_70' title="bbox 1106 1235 1900 1273; baseline 0.004 -11"><span class='ocrx_word' id='word_1_531' title='bbox 1106 1236 1236 1269; x_wconf 77' lang='grc' dir='ltr'>ἐνάργεια</span> <span class='ocrx_word' id='word_1_532' title='bbox 1250 1236 1299 1271; x_wconf 78' lang='lat' dir='ltr'><strong>[ita</strong></span> <span class='ocrx_word' id='word_1_533' title='bbox 1313 1236 1395 1272; x_wconf 78' lang='lat' dir='ltr'><strong>corl.].</strong></span> <span class='ocrx_word' id='word_1_534' title='bbox 1421 1237 1497 1263; x_wconf 74' lang='grc' dir='ltr'><strong>Ἐπεὶ</strong></span> <span class='ocrx_word' id='word_1_535' title='bbox 1512 1235 1558 1265; x_wconf 80' lang='grc' dir='ltr'>οὖν</span> <span class='ocrx_word' id='word_1_536' title='bbox 1570 1239 1597 1264; x_wconf 85' lang='grc' dir='ltr'>ὲν</span> <span class='ocrx_word' id='word_1_537' title='bbox 1613 1237 1725 1273; x_wconf 78' lang='grc' dir='ltr'><strong>δυνάμει</strong></span> <span class='ocrx_word' id='word_1_538' title='bbox 1741 1238 1755 1264; x_wconf 79' lang='grc' dir='ltr'><strong>ὁ</strong></span> <span class='ocrx_word' id='word_1_539' title='bbox 1766 1238 1830 1271; x_wconf 82' lang='grc' dir='ltr'><strong>Θεὸς</strong></span> <span class='ocrx_word' id='word_1_540' title='bbox 1854 1239 1900 1265; x_wconf 78' lang='grc' dir='ltr'><strong>τὸν</strong></span> 
     </span>
    </p>
   </div>
   <div class='ocr_carea' id='block_1_71' title="bbox 1106 1278 1900 1320">
    <p class='ocr_par' dir='ltr' id='par_1_71' title="bbox 1106 1278 1900 1320">
     <span class='ocr_line' id='line_1_71' title="bbox 1106 1278 1900 1320; baseline 0.004 -12"><span class='ocrx_word' id='word_1_541' title='bbox 1106 1282 1208 1316; x_wconf 71' lang='grc' dir='ltr'>κόσμον</span> <span class='ocrx_word' id='word_1_542' title='bbox 1225 1283 1398 1317; x_wconf 80' lang='grc' dir='ltr'>παρήγαγεν,</span> <span class='ocrx_word' id='word_1_543' title='bbox 1416 1284 1463 1310; x_wconf 78' lang='grc' dir='ltr'><strong>καὶ</strong></span> <span class='ocrx_word' id='word_1_544' title='bbox 1473 1278 1505 1320; x_wconf 79' lang='grc' dir='ltr'><strong>τῇ</strong></span> <span class='ocrx_word' id='word_1_545' title='bbox 1519 1284 1600 1319; x_wconf 75' lang='grc' dir='ltr'>σοφίᾳ</span> <span class='ocrx_word' id='word_1_546' title='bbox 1617 1284 1700 1310; x_wconf 80' lang='grc' dir='ltr'>αὑτοῦ</span> <span class='ocrx_word' id='word_1_547' title='bbox 1719 1284 1748 1311; x_wconf 76' lang='grc' dir='ltr'><strong>τὸ</strong></span> <span class='ocrx_word' id='word_1_548' title='bbox 1765 1285 1819 1311; x_wconf 74' lang='grc' dir='ltr'><strong>πᾶν</strong></span> <span class='ocrx_word' id='word_1_549' title='bbox 1839 1284 1900 1310; x_wconf 85' lang='grc' dir='ltr'>δια-</span> 
     </span>
    </p>
   </div>
   <div class='ocr_carea' id='block_1_72' title="bbox 1107 1328 1902 1365">
    <p class='ocr_par' dir='ltr' id='par_1_72' title="bbox 1107 1328 1902 1365">
     <span class='ocr_line' id='line_1_72' title="bbox 1107 1328 1902 1365; baseline 0.005 -12"><span class='ocrx_word' id='word_1_550' title='bbox 1107 1328 1234 1364; x_wconf 75' lang='grc' dir='ltr'>κυϐερνᾷ,</span> <span class='ocrx_word' id='word_1_551' title='bbox 1255 1328 1293 1360; x_wconf 81' lang='grc' dir='ltr'><strong>ὡς</strong></span> <span class='ocrx_word' id='word_1_552' title='bbox 1309 1329 1355 1355; x_wconf 74' lang='grc' dir='ltr'><strong>καὶ</strong></span> <span class='ocrx_word' id='word_1_553' title='bbox 1371 1329 1447 1355; x_wconf 72' lang='grc' dir='ltr'>αὐτοὶ</span> <span class='ocrx_word' id='word_1_554' title='bbox 1463 1330 1570 1361; x_wconf 71' lang='grc' dir='ltr'>πάντως</span> <span class='ocrx_word' id='word_1_555' title='bbox 1583 1331 1607 1356; x_wconf 80' lang='grc' dir='ltr'>οἱ</span> <span class='ocrx_word' id='word_1_556' title='bbox 1623 1330 1655 1357; x_wconf 82' lang='grc' dir='ltr'>ἐκ</span> <span class='ocrx_word' id='word_1_557' title='bbox 1679 1330 1728 1365; x_wconf 85' lang='grc' dir='ltr'><strong>τῆς</strong></span> <span class='ocrx_word' id='word_1_558' title='bbox 1743 1331 1832 1365; x_wconf 85' lang='grc' dir='ltr'>Ἀγαρ</span> <span class='ocrx_word' id='word_1_559' title='bbox 1850 1331 1902 1364; x_wconf 75' lang='grc' dir='ltr'><strong>φή-</strong></span> 
     </span>
    </p>
   </div>
   <div class='ocr_carea' id='block_1_73' title="bbox 1107 1374 1901 1409">
    <p class='ocr_par' dir='ltr' id='par_1_73' title="bbox 1107 1374 1901 1409">
     <span class='ocr_line' id='line_1_73' title="bbox 1107 1374 1901 1409; baseline 0.004 -10"><span class='ocrx_word' id='word_1_560' title='bbox 1107 1381 1193 1400; x_wconf 79' lang='grc' dir='ltr'>σαιεν¹</span> <span class='ocrx_word' id='word_1_561' title='bbox 1210 1374 1327 1409; x_wconf 58' lang='grc' dir='ltr'>φανερδν</span> <span class='ocrx_word' id='word_1_562' title='bbox 1341 1374 1382 1400; x_wconf 77' lang='grc' dir='ltr'><strong>ὅτι</strong></span> <span class='ocrx_word' id='word_1_563' title='bbox 1400 1374 1511 1407; x_wconf 78' lang='grc' dir='ltr'>δυνατός</span> <span class='ocrx_word' id='word_1_564' title='bbox 1522 1375 1595 1401; x_wconf 76' lang='grc' dir='ltr'>ἐστιν</span> <span class='ocrx_word' id='word_1_565' title='bbox 1611 1384 1617 1390; x_wconf 86' lang='grc'><strong>·</strong></span> <span class='ocrx_word' id='word_1_566' title='bbox 1649 1376 1703 1406; x_wconf 66' lang='lat' dir='ltr'><strong>ni;</strong></span> <span class='ocrx_word' id='word_1_567' title='bbox 1727 1375 1755 1402; x_wconf 71' lang='grc' dir='ltr'>δὲ</span> <span class='ocrx_word' id='word_1_568' title='bbox 1788 1376 1901 1406; x_wconf 80' lang='grc' dir='ltr'>δυνατὸς</span> 
     </span>
    </p>
   </div>
   <div class='ocr_carea' id='block_1_74' title="bbox 1105 1418 1900 1457">
    <p class='ocr_par' dir='ltr' id='par_1_74' title="bbox 1105 1418 1900 1457">
     <span class='ocr_line' id='line_1_74' title="bbox 1105 1418 1900 1457; baseline 0.004 -12"><span class='ocrx_word' id='word_1_569' title='bbox 1105 1419 1219 1454; x_wconf 86' lang='grc' dir='ltr'>δύναμιν</span> <span class='ocrx_word' id='word_1_570' title='bbox 1239 1420 1295 1454; x_wconf 80' lang='grc' dir='ltr'>ἔχει</span> <span class='ocrx_word' id='word_1_571' title='bbox 1317 1419 1378 1446; x_wconf 77' lang='grc' dir='ltr'><strong>καθ’</strong></span> <span class='ocrx_word' id='word_1_572' title='bbox 1400 1420 1434 1455; x_wconf 74' lang='grc' dir='ltr'>ἦν</span> <span class='ocrx_word' id='word_1_573' title='bbox 1462 1421 1520 1447; x_wconf 87' lang='grc' dir='ltr'>ἐστι</span> <span class='ocrx_word' id='word_1_574' title='bbox 1536 1420 1658 1454; x_wconf 75' lang='grc' dir='ltr'>δυνατὸς,</span> <span class='ocrx_word' id='word_1_575' title='bbox 1675 1422 1722 1448; x_wconf 73' lang='grc' dir='ltr'><strong>καὶ</strong></span> <span class='ocrx_word' id='word_1_576' title='bbox 1733 1421 1765 1448; x_wconf 80' lang='grc' dir='ltr'>δι’</span> <span class='ocrx_word' id='word_1_577' title='bbox 1778 1418 1813 1457; x_wconf 81' lang='grc' dir='ltr'><strong>ἧς</strong></span> <span class='ocrx_word' id='word_1_578' title='bbox 1827 1422 1900 1448; x_wconf 85' lang='grc' dir='ltr'>ποιεί</span> 
     </span>
    </p>
   </div>
   <div class='ocr_carea' id='block_1_75' title="bbox 1106 1465 1896 1501">
    <p class='ocr_par' dir='ltr' id='par_1_75' title="bbox 1106 1465 1896 1501">
     <span class='ocr_line' id='line_1_75' title="bbox 1106 1465 1896 1501; baseline 0.001 -10"><span class='ocrx_word' id='word_1_579' title='bbox 1106 1465 1143 1496; x_wconf 82' lang='grc' dir='ltr'><strong>ὡς</strong></span> <span class='ocrx_word' id='word_1_580' title='bbox 1165 1465 1286 1496; x_wconf 76' lang='grc' dir='ltr'>δυνατὸς,</span> <span class='ocrx_word' id='word_1_581' title='bbox 1320 1465 1366 1492; x_wconf 72' lang='grc' dir='ltr'><strong>καὶ</strong></span> <span class='ocrx_word' id='word_1_582' title='bbox 1388 1466 1432 1491; x_wconf 81' lang='grc' dir='ltr'><strong>ἐπ’</strong></span> <span class='ocrx_word' id='word_1_583' title='bbox 1462 1466 1543 1492; x_wconf 70' lang='grc' dir='ltr'>αὑτὸν</span> <span class='ocrx_word' id='word_1_584' title='bbox 1567 1466 1597 1492; x_wconf 74' lang='grc' dir='ltr'><strong>τὸ</strong></span> <span class='ocrx_word' id='word_1_585' title='bbox 1612 1465 1742 1492; x_wconf 76' lang='grc' dir='ltr'>δύνασθαι</span> <span class='ocrx_word' id='word_1_586' title='bbox 1759 1466 1869 1501; x_wconf 75' lang='grc' dir='ltr'>λέγεται</span> <span class='ocrx_word' id='word_1_587' title='bbox 1888 1474 1896 1482; x_wconf 77' lang='grc' dir='ltr'><strong>ο</strong></span> 
     </span>
    </p>
   </div>
   <div class='ocr_carea' id='block_1_76' title="bbox 1108 1511 1900 1548">
    <p class='ocr_par' dir='ltr' id='par_1_76' title="bbox 1108 1511 1900 1548">
     <span class='ocr_line' id='line_1_76' title="bbox 1108 1511 1900 1548; baseline 0.001 -10"><span class='ocrx_word' id='word_1_588' title='bbox 1108 1513 1255 1545; x_wconf 83' lang='grc' dir='ltr'>συνάγεται</span> <span class='ocrx_word' id='word_1_589' title='bbox 1281 1511 1335 1546; x_wconf 82' lang='grc' dir='ltr'>ἄρα</span> <span class='ocrx_word' id='word_1_590' title='bbox 1365 1511 1404 1538; x_wconf 80' lang='grc' dir='ltr'><strong>ὅτι</strong></span> <span class='ocrx_word' id='word_1_591' title='bbox 1426 1512 1440 1537; x_wconf 81' lang='grc' dir='ltr'>ὁ</span> <span class='ocrx_word' id='word_1_592' title='bbox 1465 1512 1493 1538; x_wconf 86' lang='grc' dir='ltr'>ὲν</span> <span class='ocrx_word' id='word_1_593' title='bbox 1506 1511 1619 1546; x_wconf 81' lang='grc' dir='ltr'>δυνάμει</span> <span class='ocrx_word' id='word_1_594' title='bbox 1647 1512 1714 1544; x_wconf 82' lang='grc' dir='ltr'>Θεὸς</span> <span class='ocrx_word' id='word_1_595' title='bbox 1738 1512 1784 1539; x_wconf 69' lang='grc' dir='ltr'><strong>τὸν</strong></span> <span class='ocrx_word' id='word_1_596' title='bbox 1799 1512 1900 1548; x_wconf 81' lang='grc' dir='ltr'>κὸσμσν</span> 
     </span>
    </p>
   </div>
   <div class='ocr_carea' id='block_1_77' title="bbox 1107 1557 1900 1593">
    <p class='ocr_par' dir='ltr' id='par_1_77' title="bbox 1107 1557 1900 1593">
     <span class='ocr_line' id='line_1_77' title="bbox 1107 1557 1900 1593; baseline 0.001 -9"><span class='ocrx_word' id='word_1_597' title='bbox 1107 1558 1222 1593; x_wconf 76' lang='grc' dir='ltr'>πράξας,</span> <span class='ocrx_word' id='word_1_598' title='bbox 1241 1558 1355 1593; x_wconf 70' lang='grc' dir='ltr'>δύναμιν</span> <span class='ocrx_word' id='word_1_599' title='bbox 1369 1558 1425 1593; x_wconf 80' lang='grc' dir='ltr'>ἔχει</span> <span class='ocrx_word' id='word_1_600' title='bbox 1441 1557 1502 1585; x_wconf 82' lang='grc' dir='ltr'>καθ’</span> <span class='ocrx_word' id='word_1_601' title='bbox 1525 1558 1559 1593; x_wconf 82' lang='grc' dir='ltr'>ἦν</span> <span class='ocrx_word' id='word_1_602' title='bbox 1571 1559 1628 1585; x_wconf 73' lang='grc' dir='ltr'>ἐστι</span> <span class='ocrx_word' id='word_1_603' title='bbox 1647 1558 1771 1591; x_wconf 66' lang='grc' dir='ltr'>δυνατὸς,</span> <span class='ocrx_word' id='word_1_604' title='bbox 1795 1559 1842 1586; x_wconf 82' lang='grc' dir='ltr'><strong>καὶ</strong></span> <span class='ocrx_word' id='word_1_605' title='bbox 1866 1559 1900 1585; x_wconf 81' lang='grc' dir='ltr'>δι’</span> 
     </span>
    </p>
   </div>
   <div class='ocr_carea' id='block_1_78' title="bbox 1103 1602 1897 1640">
    <p class='ocr_par' dir='ltr' id='par_1_78' title="bbox 1103 1602 1897 1640">
     <span class='ocr_line' id='line_1_78' title="bbox 1103 1602 1897 1640; baseline 0.001 -10"><span class='ocrx_word' id='word_1_606' title='bbox 1103 1602 1136 1640; x_wconf 83' lang='grc' dir='ltr'>ἧς</span> <span class='ocrx_word' id='word_1_607' title='bbox 1149 1606 1230 1637; x_wconf 83' lang='grc' dir='ltr'>ποιεῖ,</span> <span class='ocrx_word' id='word_1_608' title='bbox 1248 1605 1294 1631; x_wconf 75' lang='grc' dir='ltr'>καὶ</span> <span class='ocrx_word' id='word_1_609' title='bbox 1311 1605 1342 1631; x_wconf 80' lang='grc' dir='ltr'><strong>τὸ</strong></span> <span class='ocrx_word' id='word_1_610' title='bbox 1354 1604 1485 1631; x_wconf 74' lang='grc' dir='ltr'>δύνασθαι</span> <span class='ocrx_word' id='word_1_611' title='bbox 1501 1605 1545 1631; x_wconf 78' lang='grc' dir='ltr'><strong>ἐπ’</strong></span> <span class='ocrx_word' id='word_1_612' title='bbox 1562 1605 1643 1632; x_wconf 78' lang='grc' dir='ltr'>αὐτὸν</span> <span class='ocrx_word' id='word_1_613' title='bbox 1655 1604 1766 1639; x_wconf 81' lang='grc' dir='ltr'>λέγεται</span> <span class='ocrx_word' id='word_1_614' title='bbox 1782 1613 1789 1621; x_wconf 80' lang='grc'><em>”</em></span> <span class='ocrx_word' id='word_1_615' title='bbox 1819 1605 1844 1631; x_wconf 75' lang='grc' dir='ltr'>εἰ</span> <span class='ocrx_word' id='word_1_616' title='bbox 1868 1604 1897 1631; x_wconf 66' lang='grc' dir='ltr'>δὲ</span> 
     </span>
    </p>
   </div>
   <div class='ocr_carea' id='block_1_79' title="bbox 1102 1650 1900 1686">
    <p class='ocr_par' dir='ltr' id='par_1_79' title="bbox 1102 1650 1900 1686">
     <span class='ocr_line' id='line_1_79' title="bbox 1102 1650 1900 1686; baseline -0.004 -7"><span class='ocrx_word' id='word_1_617' title='bbox 1102 1651 1191 1683; x_wconf 80' lang='grc' dir='ltr'>τοῦτο,</span> <span class='ocrx_word' id='word_1_618' title='bbox 1212 1651 1260 1677; x_wconf 79' lang='grc' dir='ltr'><strong>καὶ</strong></span> <span class='ocrx_word' id='word_1_619' title='bbox 1285 1650 1364 1686; x_wconf 78' lang='grc' dir='ltr'>ἑτέρα</span> <span class='ocrx_word' id='word_1_620' title='bbox 1383 1660 1442 1683; x_wconf 83' lang='grc' dir='ltr'><strong>πως</strong></span> <span class='ocrx_word' id='word_1_621' title='bbox 1472 1651 1505 1678; x_wconf 83' lang='grc' dir='ltr'>ἂν</span> <span class='ocrx_word' id='word_1_622' title='bbox 1527 1650 1569 1686; x_wconf 69' lang='grc' dir='ltr'>εἴη</span> <span class='ocrx_word' id='word_1_623' title='bbox 1603 1651 1620 1686; x_wconf 86' lang='grc' dir='ltr'><strong>ή</strong></span> <span class='ocrx_word' id='word_1_624' title='bbox 1645 1650 1761 1686; x_wconf 82' lang='grc' dir='ltr'>ἐχομένη</span> <span class='ocrx_word' id='word_1_625' title='bbox 1785 1651 1900 1686; x_wconf 79' lang='grc' dir='ltr'>δύναμις</span> 
     </span>
    </p>
   </div>
   <div class='ocr_carea' id='block_1_80' title="bbox 1102 1696 1901 1732">
    <p class='ocr_par' dir='ltr' id='par_1_80' title="bbox 1102 1696 1901 1732">
     <span class='ocr_line' id='line_1_80' title="bbox 1102 1696 1901 1732; baseline -0.001 -8"><span class='ocrx_word' id='word_1_626' title='bbox 1102 1697 1149 1724; x_wconf 80' lang='grc' dir='ltr'><strong>τοῦ</strong></span> <span class='ocrx_word' id='word_1_627' title='bbox 1162 1697 1268 1732; x_wconf 77' lang='grc' dir='ltr'>ἔχοντος</span> <span class='ocrx_word' id='word_1_628' title='bbox 1284 1705 1291 1712; x_wconf 80' lang='grc'><strong>’</strong></span> <span class='ocrx_word' id='word_1_629' title='bbox 1308 1697 1382 1723; x_wconf 72' lang='grc' dir='ltr'>οὐδὲν</span> <span class='ocrx_word' id='word_1_630' title='bbox 1395 1697 1450 1731; x_wconf 75' lang='grc' dir='ltr'><strong>γὰρ</strong></span> <span class='ocrx_word' id='word_1_631' title='bbox 1467 1697 1520 1723; x_wconf 85' lang='grc' dir='ltr'>τῶν</span> <span class='ocrx_word' id='word_1_632' title='bbox 1540 1697 1626 1723; x_wconf 77' lang='grc' dir='ltr'>ὄντων</span> <span class='ocrx_word' id='word_1_633' title='bbox 1637 1697 1703 1723; x_wconf 79' lang='grc' dir='ltr'><strong>αὐτὸ</strong></span> <span class='ocrx_word' id='word_1_634' title='bbox 1718 1696 1816 1724; x_wconf 73' lang='grc' dir='ltr'>ἑαυτοῦ</span> <span class='ocrx_word' id='word_1_635' title='bbox 1829 1697 1901 1723; x_wconf 73' lang='grc' dir='ltr'><strong>κατά</strong></span> 
     </span>
    </p>
   </div>
   <div class='ocr_carea' id='block_1_81' title="bbox 1102 1743 1898 1779">
    <p class='ocr_par' dir='ltr' id='par_1_81' title="bbox 1102 1743 1898 1779">
     <span class='ocr_line' id='line_1_81' title="bbox 1102 1743 1898 1779; baseline -0.003 -8"><span class='ocrx_word' id='word_1_636' title='bbox 1102 1743 1212 1776; x_wconf 75' lang='grc' dir='ltr'>ταυτὸν,</span> <span class='ocrx_word' id='word_1_637' title='bbox 1228 1743 1301 1778; x_wconf 73' lang='grc' dir='ltr'>ἔχειν</span> <span class='ocrx_word' id='word_1_638' title='bbox 1315 1751 1344 1769; x_wconf 85' lang='grc' dir='ltr'>τε</span> <span class='ocrx_word' id='word_1_639' title='bbox 1359 1743 1407 1769; x_wconf 68' lang='grc' dir='ltr'><strong>καὶ</strong></span> <span class='ocrx_word' id='word_1_640' title='bbox 1429 1743 1540 1778; x_wconf 79' lang='grc' dir='ltr'>ἔχεσθαι</span> <span class='ocrx_word' id='word_1_641' title='bbox 1553 1744 1628 1770; x_wconf 88' lang='grc' dir='ltr'>δοκεῖ</span> <span class='ocrx_word' id='word_1_642' title='bbox 1641 1751 1650 1759; x_wconf 72' lang='grc' dir='ltr'><strong>ν</strong></span> <span class='ocrx_word' id='word_1_643' title='bbox 1671 1743 1766 1779; x_wconf 73' lang='grc' dir='ltr'>ὥσπερ</span> <span class='ocrx_word' id='word_1_644' title='bbox 1791 1743 1852 1770; x_wconf 79' lang='grc' dir='ltr'>οὐδὲ</span> <span class='ocrx_word' id='word_1_645' title='bbox 1867 1743 1898 1770; x_wconf 70' lang='grc' dir='ltr'><strong>τὸ</strong></span> 
     </span>
    </p>
   </div>
   <div class='ocr_carea' id='block_1_82' title="bbox 1103 1789 1901 1826">
    <p class='ocr_par' dir='ltr' id='par_1_82' title="bbox 1103 1789 1901 1826">
     <span class='ocr_line' id='line_1_82' title="bbox 1103 1789 1901 1826; baseline -0.001 -8"><span class='ocrx_word' id='word_1_646' title='bbox 1103 1791 1170 1818; x_wconf 71' lang='grc' dir='ltr'><strong>αὐτὸ</strong></span> <span class='ocrx_word' id='word_1_647' title='bbox 1184 1791 1255 1826; x_wconf 75' lang='grc' dir='ltr'>ὁρῶν</span> <span class='ocrx_word' id='word_1_648' title='bbox 1269 1798 1298 1817; x_wconf 85' lang='grc' dir='ltr'>τε</span> <span class='ocrx_word' id='word_1_649' title='bbox 1314 1791 1359 1817; x_wconf 74' lang='grc' dir='ltr'>καὶ</span> <span class='ocrx_word' id='word_1_650' title='bbox 1372 1789 1521 1825; x_wconf 78' lang='grc' dir='ltr'>ὁρώμενον,</span> <span class='ocrx_word' id='word_1_651' title='bbox 1545 1790 1647 1816; x_wconf 81' lang='grc' dir='ltr'><strong>τύπτον</strong></span> <span class='ocrx_word' id='word_1_652' title='bbox 1672 1799 1702 1816; x_wconf 78' lang='grc' dir='ltr'>τε</span> <span class='ocrx_word' id='word_1_653' title='bbox 1730 1791 1777 1817; x_wconf 81' lang='grc' dir='ltr'>καὶ</span> <span class='ocrx_word' id='word_1_654' title='bbox 1801 1790 1901 1817; x_wconf 81' lang='grc' dir='ltr'>τυπτό-</span> 
     </span>
    </p>
   </div>
   <div class='ocr_carea' id='block_1_83' title="bbox 1105 1837 1900 1873">
    <p class='ocr_par' dir='ltr' id='par_1_83' title="bbox 1105 1837 1900 1873">
     <span class='ocr_line' id='line_1_83' title="bbox 1105 1837 1900 1873; baseline 0 -9"><span class='ocrx_word' id='word_1_655' title='bbox 1105 1846 1197 1873; x_wconf 86' lang='grc' dir='ltr'>μενον,</span> <span class='ocrx_word' id='word_1_656' title='bbox 1209 1838 1344 1872; x_wconf 68' lang='grc' dir='ltr'>γινωσκάν</span> <span class='ocrx_word' id='word_1_657' title='bbox 1360 1846 1391 1864; x_wconf 87' lang='grc' dir='ltr'>τε</span> <span class='ocrx_word' id='word_1_658' title='bbox 1416 1839 1464 1864; x_wconf 75' lang='grc' dir='ltr'><strong>καὶ</strong></span> <span class='ocrx_word' id='word_1_659' title='bbox 1473 1837 1683 1872; x_wconf 77' lang='grc' dir='ltr'>γινωσκόμενον,</span> <span class='ocrx_word' id='word_1_660' title='bbox 1694 1838 1799 1873; x_wconf 77' lang='grc' dir='ltr'>γράφον</span> <span class='ocrx_word' id='word_1_661' title='bbox 1810 1847 1837 1865; x_wconf 78' lang='grc' dir='ltr'>τε</span> <span class='ocrx_word' id='word_1_662' title='bbox 1851 1838 1900 1865; x_wconf 75' lang='grc' dir='ltr'><strong>καὶ</strong></span> 
     </span>
    </p>
   </div>
   <div class='ocr_carea' id='block_1_84' title="bbox 1102 1883 1900 1919">
    <p class='ocr_par' dir='ltr' id='par_1_84' title="bbox 1102 1883 1900 1919">
     <span class='ocr_line' id='line_1_84' title="bbox 1102 1883 1900 1919; baseline 0 -9"><span class='ocrx_word' id='word_1_663' title='bbox 1102 1883 1277 1919; x_wconf 66' lang='grc' dir='ltr'>γραψάμενον</span> <span class='ocrx_word' id='word_1_664' title='bbox 1292 1890 1299 1898; x_wconf 85' lang='grc'><strong><em>⁸</em></strong></span> <span class='ocrx_word' id='word_1_665' title='bbox 1315 1883 1386 1910; x_wconf 82' lang='grc' dir='ltr'><strong>ὥστε</strong></span> <span class='ocrx_word' id='word_1_666' title='bbox 1406 1883 1485 1918; x_wconf 75' lang='grc' dir='ltr'>δῆλον</span> <span class='ocrx_word' id='word_1_667' title='bbox 1503 1883 1544 1910; x_wconf 77' lang='grc' dir='ltr'><strong>ὅτι</strong></span> <span class='ocrx_word' id='word_1_668' title='bbox 1555 1883 1655 1918; x_wconf 63' lang='grc' dir='ltr'><strong>τρότων</strong></span> <span class='ocrx_word' id='word_1_669' title='bbox 1668 1884 1738 1915; x_wconf 67' lang='grc' dir='ltr'>τινὰ,</span> <span class='ocrx_word' id='word_1_670' title='bbox 1755 1884 1805 1910; x_wconf 75' lang='grc' dir='ltr'><strong>οὐκ</strong></span> <span class='ocrx_word' id='word_1_671' title='bbox 1820 1884 1900 1916; x_wconf 76' lang='grc' dir='ltr'>αὐτός</span> 
     </span>
    </p>
   </div>
   <div class='ocr_carea' id='block_1_85' title="bbox 1101 1929 1900 1965">
    <p class='ocr_par' dir='ltr' id='par_1_85' title="bbox 1101 1929 1900 1965">
     <span class='ocr_line' id='line_1_85' title="bbox 1101 1929 1900 1965; baseline 0.003 -9"><span class='ocrx_word' id='word_1_672' title='bbox 1101 1931 1154 1956; x_wconf 76' lang='grc' dir='ltr'><strong>τεὸ</strong></span> <span class='ocrx_word' id='word_1_673' title='bbox 1170 1929 1236 1961; x_wconf 75' lang='grc' dir='ltr'>Θεὺς</span> <span class='ocrx_word' id='word_1_674' title='bbox 1250 1929 1366 1964; x_wconf 86' lang='grc' dir='ltr'>δύναμις</span> <span class='ocrx_word' id='word_1_675' title='bbox 1377 1929 1497 1964; x_wconf 75' lang='grc' dir='ltr'>λέγεται,</span> <span class='ocrx_word' id='word_1_676' title='bbox 1515 1931 1575 1957; x_wconf 72' lang='grc' dir='ltr'>καθ’</span> <span class='ocrx_word' id='word_1_677' title='bbox 1591 1931 1624 1965; x_wconf 79' lang='grc' dir='ltr'>ἤν</span> <span class='ocrx_word' id='word_1_678' title='bbox 1643 1932 1702 1957; x_wconf 81' lang='grc' dir='ltr'>ἐστι</span> <span class='ocrx_word' id='word_1_679' title='bbox 1723 1931 1844 1963; x_wconf 52' lang='lat' dir='ltr'><strong>Samum,</strong></span> <span class='ocrx_word' id='word_1_680' title='bbox 1861 1931 1900 1963; x_wconf 72' lang='grc' dir='ltr'><strong>ὡς</strong></span> 
     </span>
    </p>
   </div>
   <div class='ocr_carea' id='block_1_86' title="bbox 1103 1973 1899 2011">
    <p class='ocr_par' dir='ltr' id='par_1_86' title="bbox 1103 1973 1899 2011">
     <span class='ocr_line' id='line_1_86' title="bbox 1103 1973 1899 2011; baseline 0.003 -9"><span class='ocrx_word' id='word_1_681' title='bbox 1103 1976 1174 2011; x_wconf 77' lang='grc' dir='ltr'><strong>ἔχων</strong></span> <span class='ocrx_word' id='word_1_682' title='bbox 1191 1976 1316 2011; x_wconf 87' lang='grc' dir='ltr'>δύναμιν,</span> <span class='ocrx_word' id='word_1_683' title='bbox 1339 1976 1385 2003; x_wconf 79' lang='grc' dir='ltr'>καὶ</span> <span class='ocrx_word' id='word_1_684' title='bbox 1402 1975 1437 2002; x_wconf 72' lang='grc' dir='ltr'>δι’</span> <span class='ocrx_word' id='word_1_685' title='bbox 1460 1973 1494 2011; x_wconf 80' lang='grc' dir='ltr'><strong>ἦς</strong></span> <span class='ocrx_word' id='word_1_686' title='bbox 1520 1977 1593 2002; x_wconf 79' lang='grc' dir='ltr'>ποιεῖ</span> <span class='ocrx_word' id='word_1_687' title='bbox 1613 1977 1627 2002; x_wconf 86' lang='grc' dir='ltr'>ὁ</span> <span class='ocrx_word' id='word_1_688' title='bbox 1651 1977 1765 2011; x_wconf 77' lang='grc' dir='ltr'>ποιητής</span> <span class='ocrx_word' id='word_1_689' title='bbox 1792 1986 1822 2003; x_wconf 86' lang='grc' dir='ltr'>τε</span> <span class='ocrx_word' id='word_1_690' title='bbox 1851 1978 1899 2004; x_wconf 77' lang='grc' dir='ltr'><strong>καὶ</strong></span> 
     </span>
    </p>
   </div>
   <div class='ocr_carea' id='block_1_87' title="bbox 1102 2022 1899 2059">
    <p class='ocr_par' dir='ltr' id='par_1_87' title="bbox 1102 2022 1899 2059">
     <span class='ocr_line' id='line_1_87' title="bbox 1102 2022 1899 2059; baseline 0.001 -9"><span class='ocrx_word' id='word_1_691' title='bbox 1102 2023 1287 2058; x_wconf 73' lang='grc' dir='ltr'>δημιουργός·</span> <span class='ocrx_word' id='word_1_692' title='bbox 1313 2024 1339 2049; x_wconf 79' lang='grc' dir='ltr'>εἰ</span> <span class='ocrx_word' id='word_1_693' title='bbox 1357 2023 1385 2049; x_wconf 74' lang='grc' dir='ltr'>δὲ</span> <span class='ocrx_word' id='word_1_694' title='bbox 1418 2022 1497 2049; x_wconf 80' lang='grc' dir='ltr'>τοῦτο</span> <span class='ocrx_word' id='word_1_695' title='bbox 1528 2022 1640 2057; x_wconf 79' lang='grc' dir='ltr'><strong>ἀληθὲς.</strong></span> <span class='ocrx_word' id='word_1_696' title='bbox 1661 2023 1755 2059; x_wconf 84' lang='grc' dir='ltr'>ὥσπερ</span> <span class='ocrx_word' id='word_1_697' title='bbox 1781 2022 1828 2050; x_wconf 64' lang='grc' dir='ltr'><strong>οὖν</strong></span> <span class='ocrx_word' id='word_1_698' title='bbox 1851 2023 1899 2051; x_wconf 66' lang='grc' dir='ltr'><strong>καὶ</strong></span> 
     </span>
    </p>
   </div>
   <div class='ocr_carea' id='block_1_88' title="bbox 1102 2068 1896 2104">
    <p class='ocr_par' dir='ltr' id='par_1_88' title="bbox 1102 2068 1896 2104">
     <span class='ocr_line' id='line_1_88' title="bbox 1102 2068 1896 2104; baseline 0.001 -10"><span class='ocrx_word' id='word_1_699' title='bbox 1102 2068 1212 2100; x_wconf 78' lang='grc' dir='ltr'>ἀληθὲς,</span> <span class='ocrx_word' id='word_1_700' title='bbox 1227 2068 1279 2103; x_wconf 75' lang='grc' dir='ltr'>ἄρα</span> <span class='ocrx_word' id='word_1_701' title='bbox 1292 2076 1323 2102; x_wconf 86' lang='grc' dir='ltr'><strong>γε</strong></span> <span class='ocrx_word' id='word_1_702' title='bbox 1336 2068 1407 2094; x_wconf 77' lang='grc' dir='ltr'>κατὰ</span> <span class='ocrx_word' id='word_1_703' title='bbox 1425 2068 1490 2102; x_wconf 85' lang='grc' dir='ltr'>μίαν</span> <span class='ocrx_word' id='word_1_704' title='bbox 1501 2068 1585 2104; x_wconf 83' lang='grc' dir='ltr'>μόνην</span> <span class='ocrx_word' id='word_1_705' title='bbox 1599 2069 1647 2095; x_wconf 66' lang='grc' dir='ltr'><strong>καὶ</strong></span> <span class='ocrx_word' id='word_1_706' title='bbox 1669 2069 1756 2103; x_wconf 77' lang='grc' dir='ltr'>ἁπλῆν</span> <span class='ocrx_word' id='word_1_707' title='bbox 1769 2069 1896 2103; x_wconf 77' lang='grc' dir='ltr'>δύναμιν,</span> 
     </span>
    </p>
   </div>
   <div class='ocr_carea' id='block_1_89' title="bbox 1102 2113 1896 2150">
    <p class='ocr_par' dir='ltr' id='par_1_89' title="bbox 1102 2113 1896 2150">
     <span class='ocr_line' id='line_1_89' title="bbox 1102 2113 1896 2150; baseline 0.001 -11"><span class='ocrx_word' id='word_1_708' title='bbox 1102 2113 1191 2140; x_wconf 82' lang='grc' dir='ltr'>πάντα</span> <span class='ocrx_word' id='word_1_709' title='bbox 1208 2113 1253 2140; x_wconf 73' lang='grc' dir='ltr'><strong>τὸν</strong></span> <span class='ocrx_word' id='word_1_710' title='bbox 1267 2113 1368 2148; x_wconf 79' lang='grc' dir='ltr'>κόσμον</span> <span class='ocrx_word' id='word_1_711' title='bbox 1381 2114 1395 2139; x_wconf 79' lang='grc' dir='ltr'>ὁ</span> <span class='ocrx_word' id='word_1_712' title='bbox 1405 2113 1470 2145; x_wconf 79' lang='grc' dir='ltr'><strong>Θεὸς</strong></span> <span class='ocrx_word' id='word_1_713' title='bbox 1485 2113 1616 2140; x_wconf 70' lang='grc' dir='ltr'>οὐσίωσέν</span> <span class='ocrx_word' id='word_1_714' title='bbox 1625 2122 1655 2140; x_wconf 84' lang='grc' dir='ltr'>τε</span> <span class='ocrx_word' id='word_1_715' title='bbox 1669 2114 1717 2140; x_wconf 67' lang='grc' dir='ltr'>καὶ</span> <span class='ocrx_word' id='word_1_716' title='bbox 1733 2114 1896 2150; x_wconf 74' lang='grc' dir='ltr'>δεδημιούρ-</span> 
     </span>
    </p>
   </div>
   <div class='ocr_carea' id='block_1_90' title="bbox 1102 2159 1896 2196">
    <p class='ocr_par' dir='ltr' id='par_1_90' title="bbox 1102 2159 1896 2196">
     <span class='ocr_line' id='line_1_90' title="bbox 1102 2159 1896 2196; baseline 0.001 -10"><span class='ocrx_word' id='word_1_717' title='bbox 1102 2167 1188 2194; x_wconf 86' lang='grc' dir='ltr'>γηκεν</span> <span class='ocrx_word' id='word_1_718' title='bbox 1205 2167 1213 2175; x_wconf 78' lang='grc'><em>’</em></span> <span class='ocrx_word' id='word_1_719' title='bbox 1232 2159 1280 2186; x_wconf 73' lang='grc' dir='ltr'>καὶ</span> <span class='ocrx_word' id='word_1_720' title='bbox 1295 2159 1397 2195; x_wconf 89' lang='grc' dir='ltr'>ταύτην</span> <span class='ocrx_word' id='word_1_721' title='bbox 1413 2161 1639 2195; x_wconf 81' lang='grc' dir='ltr'>πεπερασμένην,</span> <span class='ocrx_word' id='word_1_722' title='bbox 1670 2160 1685 2196; x_wconf 76' lang='grc' dir='ltr'>ἢ</span> <span class='ocrx_word' id='word_1_723' title='bbox 1712 2161 1826 2196; x_wconf 79' lang='grc' dir='ltr'>ἄπειρον</span> <span class='ocrx_word' id='word_1_724' title='bbox 1843 2169 1850 2176; x_wconf 91' lang='grc'>·</span> <span class='ocrx_word' id='word_1_725' title='bbox 1878 2161 1896 2196; x_wconf 83' lang='grc' dir='ltr'>ἢ</span> 
     </span>
    </p>
   </div>
   <div class='ocr_carea' id='block_1_91' title="bbox 1102 2205 1899 2242">
    <p class='ocr_par' dir='ltr' id='par_1_91' title="bbox 1102 2205 1899 2242">
     <span class='ocr_line' id='line_1_91' title="bbox 1102 2205 1899 2242; baseline 0.001 -10"><span class='ocrx_word' id='word_1_726' title='bbox 1102 2207 1174 2232; x_wconf 79' lang='grc' dir='ltr'><strong>κατὰ</strong></span> <span class='ocrx_word' id='word_1_727' title='bbox 1186 2205 1324 2237; x_wconf 80' lang='grc' dir='ltr'>πλείονας,</span> <span class='ocrx_word' id='word_1_728' title='bbox 1347 2206 1395 2232; x_wconf 86' lang='grc' dir='ltr'><strong>καὶ</strong></span> <span class='ocrx_word' id='word_1_729' title='bbox 1411 2206 1513 2238; x_wconf 79' lang='grc' dir='ltr'><strong>ταύτας</strong></span> <span class='ocrx_word' id='word_1_730' title='bbox 1538 2207 1751 2242; x_wconf 78' lang='grc' dir='ltr'>πεπερασμένας</span> <span class='ocrx_word' id='word_1_731' title='bbox 1781 2206 1796 2241; x_wconf 79' lang='grc' dir='ltr'><strong>ἢ</strong></span> <span class='ocrx_word' id='word_1_732' title='bbox 1823 2207 1899 2233; x_wconf 75' lang='grc' dir='ltr'>ἀπει-</span> 
     </span>
    </p>
   </div>
   <div class='ocr_carea' id='block_1_92' title="bbox 252 2250 1050 2288">
    <p class='ocr_par' dir='ltr' id='par_1_92' title="bbox 252 2252 1046 2287">
     <span class='ocr_line' id='line_1_92' title="bbox 252 2252 1046 2287; baseline 0 -8"><span class='ocrx_word' id='word_1_733' title='bbox 252 2252 378 2279; x_wconf 84' lang='lat' dir='ltr'><strong>sistentia</strong></span> <span class='ocrx_word' id='word_1_734' title='bbox 398 2252 510 2280; x_wconf 86' lang='lat' dir='ltr'><strong>donavit</strong></span> <span class='ocrx_word' id='word_1_735' title='bbox 530 2252 697 2287; x_wconf 84' lang='lat' dir='ltr'><strong>creavitqne.</strong></span> <span class='ocrx_word' id='word_1_736' title='bbox 728 2252 813 2279; x_wconf 86' lang='lat' dir='ltr'><strong>Porro</strong></span> <span class='ocrx_word' id='word_1_737' title='bbox 844 2252 902 2279; x_wconf 67' lang='lat' dir='ltr'><strong>haec</strong></span> <span class='ocrx_word' id='word_1_738' title='bbox 925 2252 1046 2286; x_wconf 88' lang='lat' dir='ltr'><strong>potentia</strong></span> 
     </span>
    </p>
   </div>
   <div class='ocr_carea' id='block_1_93' title="bbox 1102 2250 1895 2288">
    <p class='ocr_par' dir='ltr' id='par_1_93' title="bbox 1102 2250 1895 2288">
     <span class='ocr_line' id='line_1_93' title="bbox 1102 2250 1895 2288; baseline 0 -10"><span class='ocrx_word' id='word_1_739' title='bbox 1102 2261 1175 2288; x_wconf 85' lang='grc' dir='ltr'>ρους.</span> <span class='ocrx_word' id='word_1_740' title='bbox 1190 2252 1221 2278; x_wconf 80' lang='lat' dir='ltr'><strong>Et</strong></span> <span class='ocrx_word' id='word_1_741' title='bbox 1230 2252 1280 2287; x_wconf 76' lang='grc' dir='ltr'>μὲν</span> <span class='ocrx_word' id='word_1_742' title='bbox 1291 2250 1338 2279; x_wconf 69' lang='grc' dir='ltr'>οὖν</span> <span class='ocrx_word' id='word_1_743' title='bbox 1353 2253 1424 2278; x_wconf 77' lang='grc' dir='ltr'>κατὰ</span> <span class='ocrx_word' id='word_1_744' title='bbox 1436 2253 1500 2288; x_wconf 83' lang='grc' dir='ltr'>μίαν</span> <span class='ocrx_word' id='word_1_745' title='bbox 1515 2253 1600 2288; x_wconf 82' lang='grc' dir='ltr'>μόνην</span> <span class='ocrx_word' id='word_1_746' title='bbox 1614 2254 1661 2279; x_wconf 77' lang='grc' dir='ltr'><strong>καὶ</strong></span> <span class='ocrx_word' id='word_1_747' title='bbox 1673 2253 1895 2288; x_wconf 81' lang='grc' dir='ltr'>πεπερασμένην,</span> 
     </span>
    </p>
   </div>
   <div class='ocr_carea' id='block_1_94' title="bbox 253 2298 1047 2333">
    <p class='ocr_par' dir='ltr' id='par_1_94' title="bbox 253 2298 1047 2333">
     <span class='ocr_line' id='line_1_94' title="bbox 253 2298 1047 2333; baseline -0.001 -6"><span class='ocrx_word' id='word_1_748' title='bbox 253 2299 295 2327; x_wconf 72' lang='grc' dir='ltr'><strong>νει</strong></span> <span class='ocrx_word' id='word_1_749' title='bbox 310 2299 426 2326; x_wconf 88' lang='lat' dir='ltr'><strong>limitata</strong></span> <span class='ocrx_word' id='word_1_750' title='bbox 445 2302 497 2330; x_wconf 87' lang='lat' dir='ltr'><strong>est,</strong></span> <span class='ocrx_word' id='word_1_751' title='bbox 511 2298 553 2326; x_wconf 86' lang='lat' dir='ltr'><strong>vel</strong></span> <span class='ocrx_word' id='word_1_752' title='bbox 567 2298 673 2326; x_wconf 85' lang='lat' dir='ltr'><strong>inﬁnita</strong></span> <span class='ocrx_word' id='word_1_753' title='bbox 687 2307 694 2331; x_wconf 88' lang='lat'><strong>;</strong></span> <span class='ocrx_word' id='word_1_754' title='bbox 712 2298 754 2326; x_wconf 86' lang='lat' dir='ltr'><strong>vel</strong></span> <span class='ocrx_word' id='word_1_755' title='bbox 769 2299 849 2326; x_wconf 90' lang='lat' dir='ltr'><strong>etiam</strong></span> <span class='ocrx_word' id='word_1_756' title='bbox 861 2299 954 2333; x_wconf 88' lang='lat' dir='ltr'><strong>plures</strong></span> <span class='ocrx_word' id='word_1_757' title='bbox 972 2303 1047 2332; x_wconf 85' lang='lat' dir='ltr'><strong>sunt,</strong></span> 
     </span>
    </p>
   </div>
   <div class='ocr_carea' id='block_1_95' title="bbox 232 2345 1047 2381">
    <p class='ocr_par' dir='ltr' id='par_1_95' title="bbox 232 2345 1047 2381">
     <span class='ocr_line' id='line_1_95' title="bbox 232 2345 1047 2381; baseline 0 -7"><span class='ocrx_word' id='word_1_758' title='bbox 232 2358 235 2361; x_wconf 87' lang='grc'><strong>·</strong></span> <span class='ocrx_word' id='word_1_759' title='bbox 253 2345 351 2380; x_wconf 72' lang='lat' dir='ltr'><strong>haeque</strong></span> <span class='ocrx_word' id='word_1_760' title='bbox 363 2346 485 2373; x_wconf 65' lang='lat' dir='ltr'><strong>limitalaa</strong></span> <span class='ocrx_word' id='word_1_761' title='bbox 500 2350 546 2373; x_wconf 90' lang='lat' dir='ltr'><strong>aut</strong></span> <span class='ocrx_word' id='word_1_762' title='bbox 559 2345 682 2373; x_wconf 74' lang='lat' dir='ltr'><strong>inlinitze.</strong></span> <span class='ocrx_word' id='word_1_763' title='bbox 699 2346 728 2373; x_wconf 92' lang='lat' dir='ltr'><strong>Si</strong></span> <span class='ocrx_word' id='word_1_764' title='bbox 743 2354 807 2381; x_wconf 77' lang='lat' dir='ltr'><strong>ergo</strong></span> <span class='ocrx_word' id='word_1_765' title='bbox 822 2347 877 2381; x_wconf 82' lang='lat' dir='ltr'><strong>egit</strong></span> <span class='ocrx_word' id='word_1_766' title='bbox 888 2354 936 2381; x_wconf 87' lang='lat' dir='ltr'><strong>per</strong></span> <span class='ocrx_word' id='word_1_767' title='bbox 954 2355 1047 2380; x_wconf 86' lang='lat' dir='ltr'><strong>unam,</strong></span> 
     </span>
    </p>
   </div>
   <div class='ocr_carea' id='block_1_96' title="bbox 254 2392 1048 2429">
    <p class='ocr_par' dir='ltr' id='par_1_96' title="bbox 254 2392 1048 2429">
     <span class='ocr_line' id='line_1_96' title="bbox 254 2392 1048 2429; baseline 0.001 -9"><span class='ocrx_word' id='word_1_768' title='bbox 254 2392 341 2420; x_wconf 86' lang='lat' dir='ltr'><strong>solam</strong></span> <span class='ocrx_word' id='word_1_769' title='bbox 363 2400 396 2419; x_wconf 91' lang='lat' dir='ltr'><strong>ac</strong></span> <span class='ocrx_word' id='word_1_770' title='bbox 416 2392 573 2424; x_wconf 72' lang='lat' dir='ltr'><strong>litnitatam,</strong></span> <span class='ocrx_word' id='word_1_771' title='bbox 590 2392 705 2420; x_wconf 83' lang='lat' dir='ltr'><strong>evidens</strong></span> <span class='ocrx_word' id='word_1_772' title='bbox 721 2397 764 2420; x_wconf 86' lang='lat' dir='ltr'><strong>cst.</strong></span> <span class='ocrx_word' id='word_1_773' title='bbox 785 2393 954 2425; x_wconf 85' lang='lat' dir='ltr'><strong>absurditas,</strong></span> <span class='ocrx_word' id='word_1_774' title='bbox 974 2394 1048 2429; x_wconf 81' lang='lat' dir='ltr'><strong>quod</strong></span> 
     </span>
    </p>
   </div>
   <div class='ocr_carea' id='block_1_97' title="bbox 252 2437 1048 2475">
    <p class='ocr_par' dir='ltr' id='par_1_97' title="bbox 252 2437 1048 2475">
     <span class='ocr_line' id='line_1_97' title="bbox 252 2437 1048 2475; baseline 0.004 -10"><span class='ocrx_word' id='word_1_775' title='bbox 252 2437 367 2466; x_wconf 86' lang='lat' dir='ltr'><strong>limitata</strong></span> <span class='ocrx_word' id='word_1_776' title='bbox 383 2438 505 2473; x_wconf 86' lang='lat' dir='ltr'><strong>potentia</strong></span> <span class='ocrx_word' id='word_1_777' title='bbox 523 2437 594 2465; x_wconf 84' lang='lat' dir='ltr'><strong>Deus</strong></span> <span class='ocrx_word' id='word_1_778' title='bbox 609 2446 653 2465; x_wconf 70' lang='lat' dir='ltr'><strong>res</strong></span> <span class='ocrx_word' id='word_1_779' title='bbox 672 2438 825 2467; x_wconf 83' lang='lat' dir='ltr'><strong>mundanas</strong></span> <span class='ocrx_word' id='word_1_780' title='bbox 839 2440 999 2475; x_wconf 77' lang='lat' dir='ltr'><strong>produxerit</strong></span> <span class='ocrx_word' id='word_1_781' title='bbox 1021 2446 1048 2468; x_wconf 84' lang='lat' dir='ltr'><strong>et</strong></span> 
     </span>
    </p>
   </div>
   <div class='ocr_carea' id='block_1_98' title="bbox 252 2483 1047 2521">
    <p class='ocr_par' dir='ltr' id='par_1_98' title="bbox 252 2483 1047 2521">
     <span class='ocr_line' id='line_1_98' title="bbox 252 2483 1047 2521; baseline 0.004 -10"><span class='ocrx_word' id='word_1_782' title='bbox 252 2487 407 2511; x_wconf 87' lang='lat' dir='ltr'><strong>conservet.</strong></span> <span class='ocrx_word' id='word_1_783' title='bbox 425 2483 508 2519; x_wconf 81' lang='lat' dir='ltr'><strong>Atqui</strong></span> <span class='ocrx_word' id='word_1_784' title='bbox 525 2491 606 2511; x_wconf 90' lang='lat' dir='ltr'><strong>omne</strong></span> <span class='ocrx_word' id='word_1_785' title='bbox 626 2484 698 2518; x_wconf 90' lang='lat' dir='ltr'><strong>quod</strong></span> <span class='ocrx_word' id='word_1_786' title='bbox 714 2491 776 2511; x_wconf 87' lang='lat' dir='ltr'><strong>cum</strong></span> <span class='ocrx_word' id='word_1_787' title='bbox 794 2485 908 2513; x_wconf 86' lang='lat' dir='ltr'><strong>limitata</strong></span> <span class='ocrx_word' id='word_1_788' title='bbox 927 2487 1047 2521; x_wconf 81' lang='lat' dir='ltr'><strong>potentia</strong></span> 
     </span>
    </p>
   </div>
   <div class='ocr_carea' id='block_1_99' title="bbox 251 2529 1046 2564">
    <p class='ocr_par' dir='ltr' id='par_1_99' title="bbox 251 2529 1046 2564">
     <span class='ocr_line' id='line_1_99' title="bbox 251 2529 1046 2564; baseline 0.006 -9"><span class='ocrx_word' id='word_1_789' title='bbox 251 2529 387 2564; x_wconf 87' lang='lat' dir='ltr'><strong>producit,</strong></span> <span class='ocrx_word' id='word_1_790' title='bbox 405 2529 522 2556; x_wconf 88' lang='lat' dir='ltr'><strong>termino</strong></span> <span class='ocrx_word' id='word_1_791' title='bbox 548 2537 734 2564; x_wconf 89' lang='lat' dir='ltr'><strong>mensuraque</strong></span> <span class='ocrx_word' id='word_1_792' title='bbox 762 2531 900 2558; x_wconf 88' lang='lat' dir='ltr'><strong>contineri</strong></span> <span class='ocrx_word' id='word_1_793' title='bbox 932 2540 1046 2560; x_wconf 85' lang='lat' dir='ltr'><strong>necesse</strong></span> 
     </span>
    </p>
   </div>
   <div class='ocr_carea' id='block_1_100' title="bbox 251 2574 1045 2612">
    <p class='ocr_par' dir='ltr' id='par_1_100' title="bbox 251 2574 1045 2612">
     <span class='ocr_line' id='line_1_100' title="bbox 251 2574 1045 2612; baseline 0.005 -11"><span class='ocrx_word' id='word_1_794' title='bbox 251 2579 304 2607; x_wconf 83' lang='lat' dir='ltr'><strong>est.</strong></span> <span class='ocrx_word' id='word_1_795' title='bbox 322 2578 377 2601; x_wconf 89' lang='lat' dir='ltr'><strong>tam</strong></span> <span class='ocrx_word' id='word_1_796' title='bbox 405 2575 557 2610; x_wconf 85' lang='lat' dir='ltr'><strong>quantitate</strong></span> <span class='ocrx_word' id='word_1_797' title='bbox 582 2575 688 2602; x_wconf 85' lang='lat' dir='ltr'><strong>scilicet</strong></span> <span class='ocrx_word' id='word_1_798' title='bbox 708 2574 788 2603; x_wconf 78' lang='lat' dir='ltr'><strong>facta:</strong></span> <span class='ocrx_word' id='word_1_799' title='bbox 801 2577 840 2603; x_wconf 91' lang='lat' dir='ltr'><strong>rei</strong></span> <span class='ocrx_word' id='word_1_800' title='bbox 862 2583 943 2610; x_wconf 89' lang='lat' dir='ltr'><strong>quam</strong></span> <span class='ocrx_word' id='word_1_801' title='bbox 957 2577 1045 2612; x_wconf 85' lang='lat' dir='ltr'><strong>quali-</strong></span> 
     </span>
    </p>
   </div>
   <div class='ocr_carea' id='block_1_101' title="bbox 251 2621 1047 2659">
    <p class='ocr_par' dir='ltr' id='par_1_101' title="bbox 251 2621 1047 2659">
     <span class='ocr_line' id='line_1_101' title="bbox 251 2621 1047 2659; baseline 0.004 -10"><span class='ocrx_word' id='word_1_802' title='bbox 251 2627 317 2650; x_wconf 89' lang='lat' dir='ltr'><strong>tate.</strong></span> <span class='ocrx_word' id='word_1_803' title='bbox 333 2621 411 2655; x_wconf 84' lang='lat' dir='ltr'><strong>Quod</strong></span> <span class='ocrx_word' id='word_1_804' title='bbox 422 2622 444 2649; x_wconf 87' lang='lat' dir='ltr'><strong>si</strong></span> <span class='ocrx_word' id='word_1_805' title='bbox 459 2622 496 2649; x_wconf 86' lang='lat' dir='ltr'><strong>ita</strong></span> <span class='ocrx_word' id='word_1_806' title='bbox 508 2629 538 2650; x_wconf 84' lang='lat' dir='ltr'><strong>se</strong></span> <span class='ocrx_word' id='word_1_807' title='bbox 553 2622 646 2657; x_wconf 82' lang='lat' dir='ltr'><strong>habet,</strong></span> <span class='ocrx_word' id='word_1_808' title='bbox 666 2622 775 2650; x_wconf 87' lang='lat' dir='ltr'><strong>delieiet</strong></span> <span class='ocrx_word' id='word_1_809' title='bbox 791 2623 873 2650; x_wconf 85' lang='lat' dir='ltr'><strong>etiam</strong></span> <span class='ocrx_word' id='word_1_810' title='bbox 887 2623 1047 2659; x_wconf 86' lang='lat' dir='ltr'><strong>aliquando.</strong></span> 
     </span>
    </p>
   </div>
   <div class='ocr_carea' id='block_1_102' title="bbox 249 2668 469 2703">
    <p class='ocr_par' dir='ltr' id='par_1_102' title="bbox 249 2668 469 2703">
     <span class='ocr_line' id='line_1_102' title="bbox 249 2668 469 2703; baseline -0.005 -6"><span class='ocrx_word' id='word_1_811' title='bbox 249 2670 349 2697; x_wconf 82' lang='lat' dir='ltr'><strong>durare</strong></span> <span class='ocrx_word' id='word_1_812' title='bbox 364 2668 469 2703; x_wconf 87' lang='lat' dir='ltr'><strong>nequit.</strong></span> 
     </span>
    </p>
   </div>
   <div class='ocr_carea' id='block_1_103' title="bbox 285 2716 1044 2755">
    <p class='ocr_par' dir='ltr' id='par_1_103' title="bbox 285 2716 1044 2755">
     <span class='ocr_line' id='line_1_103' title="bbox 285 2716 1044 2755; baseline 0.001 -9"><span class='ocrx_word' id='word_1_813' title='bbox 285 2718 312 2746; x_wconf 86' lang='lat'><strong>6.</strong></span> <span class='ocrx_word' id='word_1_814' title='bbox 337 2718 369 2746; x_wconf 85' lang='lat' dir='ltr'><strong>Et</strong></span> <span class='ocrx_word' id='word_1_815' title='bbox 383 2718 480 2745; x_wconf 85' lang='lat' dir='ltr'><strong>aliter:</strong></span> <span class='ocrx_word' id='word_1_816' title='bbox 506 2716 534 2745; x_wconf 90' lang='lat' dir='ltr'><strong>Si</strong></span> <span class='ocrx_word' id='word_1_817' title='bbox 551 2722 618 2754; x_wconf 82' lang='lat' dir='ltr'><strong>ergo</strong></span> <span class='ocrx_word' id='word_1_818' title='bbox 639 2717 710 2746; x_wconf 86' lang='lat' dir='ltr'><strong>Deus</strong></span> <span class='ocrx_word' id='word_1_819' title='bbox 727 2718 842 2746; x_wconf 79' lang='lat' dir='ltr'><strong>lintitata</strong></span> <span class='ocrx_word' id='word_1_820' title='bbox 859 2727 968 2754; x_wconf 88' lang='lat' dir='ltr'><strong>unaque</strong></span> <span class='ocrx_word' id='word_1_821' title='bbox 993 2727 1044 2755; x_wconf 84' lang='lat' dir='ltr'><strong>po-</strong></span> 
     </span>
    </p>
   </div>
   <div class='ocr_carea' id='block_1_104' title="bbox 250 2764 1042 2802">
    <p class='ocr_par' dir='ltr' id='par_1_104' title="bbox 250 2764 1042 2802">
     <span class='ocr_line' id='line_1_104' title="bbox 250 2764 1042 2802; baseline 0 -9"><span class='ocrx_word' id='word_1_822' title='bbox 250 2765 334 2794; x_wconf 86' lang='lat' dir='ltr'><strong>tentia</strong></span> <span class='ocrx_word' id='word_1_823' title='bbox 348 2769 423 2793; x_wconf 88' lang='lat' dir='ltr'><strong>creat</strong></span> <span class='ocrx_word' id='word_1_824' title='bbox 433 2765 525 2793; x_wconf 87' lang='lat' dir='ltr'><strong>omnia</strong></span> <span class='ocrx_word' id='word_1_825' title='bbox 539 2773 600 2800; x_wconf 81' lang='lat' dir='ltr'><strong>qua:</strong></span> <span class='ocrx_word' id='word_1_826' title='bbox 612 2764 684 2792; x_wconf 83' lang='lat' dir='ltr'><strong>facta</strong></span> <span class='ocrx_word' id='word_1_827' title='bbox 696 2769 771 2799; x_wconf 73' lang='lat' dir='ltr'><strong>Sunt,</strong></span> <span class='ocrx_word' id='word_1_828' title='bbox 786 2770 860 2800; x_wconf 92' lang='lat' dir='ltr'><strong>patet</strong></span> <span class='ocrx_word' id='word_1_829' title='bbox 873 2773 936 2793; x_wconf 86' lang='lat' dir='ltr'><strong>eum</strong></span> <span class='ocrx_word' id='word_1_830' title='bbox 953 2766 1042 2802; x_wconf 89' lang='lat' dir='ltr'><strong>ipsum</strong></span> 
     </span>
    </p>
   </div>
   <div class='ocr_carea' id='block_1_105' title="bbox 274 2821 1042 2861">
    <p class='ocr_par' dir='ltr' id='par_1_105' title="bbox 274 2821 1042 2861">
     <span class='ocr_line' id='line_1_105' title="bbox 274 2821 1042 2861; baseline 0.001 -11"><span class='ocrx_word' id='word_1_831' title='bbox 274 2821 446 2861; x_wconf 22' lang='lat' dir='ltr'><strong>_(3)‘Reapse</strong></span> <span class='ocrx_word' id='word_1_832' title='bbox 459 2822 486 2849; x_wconf 95' lang='lat' dir='ltr'><strong>in</strong></span> <span class='ocrx_word' id='word_1_833' title='bbox 502 2822 696 2861; x_wconf 60' lang='lat' dir='ltr'><strong>Etymologieo</strong></span> <span class='ocrx_word' id='word_1_834' title='bbox 707 2830 817 2861; x_wconf 66' lang='lat' dir='ltr'><strong>magno,</strong></span> <span class='ocrx_word' id='word_1_835' title='bbox 829 2822 895 2854; x_wconf 80' lang='grc' dir='ltr'>Θεὸς</span> <span class='ocrx_word' id='word_1_836' title='bbox 921 2823 1042 2861; x_wconf 24' lang='grc' dir='ltr'><strong>παρὰμτὸ</strong></span> 
     </span>
    </p>
   </div>
   <div class='ocr_carea' id='block_1_106' title="bbox 251 2857 1041 2893">
    <p class='ocr_par' dir='ltr' id='par_1_106' title="bbox 251 2857 1041 2893">
     <span class='ocr_line' id='line_1_106' title="bbox 251 2857 1041 2893; baseline 0.001 -9"><span class='ocrx_word' id='word_1_837' title='bbox 251 2857 301 2893; x_wconf 79' lang='grc' dir='ltr'>σῷ,</span> <span class='ocrx_word' id='word_1_838' title='bbox 317 2857 346 2893; x_wconf 51' lang='lat' dir='ltr'><strong>to</strong></span> <span class='ocrx_word' id='word_1_839' title='bbox 356 2857 555 2890; x_wconf 59' lang='grc' dir='ltr'>κατασκευάζον</span> <span class='ocrx_word' id='word_1_840' title='bbox 564 2858 611 2884; x_wconf 69' lang='grc' dir='ltr'><strong>καὶ</strong></span> <span class='ocrx_word' id='word_1_841' title='bbox 631 2857 719 2884; x_wconf 85' lang='grc' dir='ltr'>ποιῶ·</span> <span class='ocrx_word' id='word_1_842' title='bbox 751 2859 765 2884; x_wconf 90' lang='grc' dir='ltr'>ὁ</span> <span class='ocrx_word' id='word_1_843' title='bbox 782 2858 891 2884; x_wconf 80' lang='grc' dir='ltr'>πάντων</span> <span class='ocrx_word' id='word_1_844' title='bbox 913 2857 1041 2893; x_wconf 75' lang='grc' dir='ltr'>ποιητὴτ,</span> 
     </span>
    </p>
   </div>
   <div class='ocr_carea' id='block_1_107' title="bbox 252 2892 1043 2929">
    <p class='ocr_par' dir='ltr' id='par_1_107' title="bbox 252 2892 1043 2929">
     <span class='ocr_line' id='line_1_107' title="bbox 252 2892 1043 2929; baseline 0.004 -10"><span class='ocrx_word' id='word_1_845' title='bbox 252 2892 300 2920; x_wconf 71' lang='grc' dir='ltr'><strong>καὶ</strong></span> <span class='ocrx_word' id='word_1_846' title='bbox 313 2892 362 2928; x_wconf 78' lang='grc' dir='ltr'><strong>τῆς</strong></span> <span class='ocrx_word' id='word_1_847' title='bbox 377 2893 431 2920; x_wconf 83' lang='grc' dir='ltr'><strong>τῶν</strong></span> <span class='ocrx_word' id='word_1_848' title='bbox 441 2893 549 2920; x_wconf 78' lang='grc' dir='ltr'>πάντων</span> <span class='ocrx_word' id='word_1_849' title='bbox 565 2894 739 2929; x_wconf 74' lang='grc' dir='ltr'>κατασκευῆς</span> <span class='ocrx_word' id='word_1_850' title='bbox 748 2893 846 2927; x_wconf 81' lang='grc' dir='ltr'>αῖτιο;,</span> <span class='ocrx_word' id='word_1_851' title='bbox 872 2892 976 2928; x_wconf 77' lang='grc' dir='ltr'>γίνεται</span> <span class='ocrx_word' id='word_1_852' title='bbox 998 2892 1043 2926; x_wconf 78' lang='grc' dir='ltr'><strong>σὸς</strong></span> 
     </span>
    </p>
   </div>
   <div class='ocr_carea' id='block_1_108' title="bbox 1103 2298 1898 2334">
    <p class='ocr_par' dir='ltr' id='par_1_108' title="bbox 1103 2298 1898 2334">
     <span class='ocr_line' id='line_1_108' title="bbox 1103 2298 1898 2334; baseline 0 -9"><span class='ocrx_word' id='word_1_853' title='bbox 1103 2300 1215 2326; x_wconf 80' lang='grc' dir='ltr'>σκοπεῖν</span> <span class='ocrx_word' id='word_1_854' title='bbox 1250 2298 1308 2326; x_wconf 75' lang='grc' dir='ltr'>ἐστι</span> <span class='ocrx_word' id='word_1_855' title='bbox 1341 2299 1372 2325; x_wconf 80' lang='grc' dir='ltr'><strong>τὺ</strong></span> <span class='ocrx_word' id='word_1_856' title='bbox 1408 2299 1509 2326; x_wconf 78' lang='grc' dir='ltr'>ἄτοπον</span> <span class='ocrx_word' id='word_1_857' title='bbox 1534 2307 1542 2316; x_wconf 77' lang='grc' dir='ltr'><strong>ι</strong></span> <span class='ocrx_word' id='word_1_858' title='bbox 1566 2299 1580 2325; x_wconf 89' lang='grc' dir='ltr'>ὁ</span> <span class='ocrx_word' id='word_1_859' title='bbox 1603 2299 1669 2331; x_wconf 78' lang='grc' dir='ltr'><strong>Θεὸς</strong></span> <span class='ocrx_word' id='word_1_860' title='bbox 1700 2299 1898 2334; x_wconf 75' lang='grc' dir='ltr'>πεπερασμένη</span> 
     </span>
    </p>
   </div>
   <div class='ocr_carea' id='block_1_109' title="bbox 1101 2344 1897 2381">
    <p class='ocr_par' dir='ltr' id='par_1_109' title="bbox 1101 2344 1897 2381">
     <span class='ocr_line' id='line_1_109' title="bbox 1101 2344 1897 2381; baseline 0 -10"><span class='ocrx_word' id='word_1_861' title='bbox 1101 2344 1225 2380; x_wconf 74' lang='grc' dir='ltr'>δυνάμει,</span> <span class='ocrx_word' id='word_1_862' title='bbox 1240 2345 1274 2371; x_wconf 82' lang='grc' dir='ltr'><strong>τὰ</strong></span> <span class='ocrx_word' id='word_1_863' title='bbox 1286 2344 1349 2380; x_wconf 83' lang='grc' dir='ltr'>τῇδε</span> <span class='ocrx_word' id='word_1_864' title='bbox 1363 2345 1524 2380; x_wconf 70' lang='grc' dir='ltr'>παρήγαγέν</span> <span class='ocrx_word' id='word_1_865' title='bbox 1537 2353 1566 2371; x_wconf 87' lang='grc' dir='ltr'>τε</span> <span class='ocrx_word' id='word_1_866' title='bbox 1581 2345 1627 2372; x_wconf 72' lang='grc' dir='ltr'><strong>καὶ</strong></span> <span class='ocrx_word' id='word_1_867' title='bbox 1643 2345 1791 2381; x_wconf 74' lang='grc' dir='ltr'>περισώζει</span> <span class='ocrx_word' id='word_1_868' title='bbox 1805 2354 1811 2360; x_wconf 91' lang='grc'>·</span> <span class='ocrx_word' id='word_1_869' title='bbox 1843 2347 1897 2372; x_wconf 77' lang='grc' dir='ltr'><strong>πᾶν</strong></span> 
     </span>
    </p>
   </div>
   <div class='ocr_carea' id='block_1_110' title="bbox 1101 2391 1897 2428">
    <p class='ocr_par' dir='ltr' id='par_1_110' title="bbox 1101 2391 1897 2428">
     <span class='ocr_line' id='line_1_110' title="bbox 1101 2391 1897 2428; baseline 0 -10"><span class='ocrx_word' id='word_1_870' title='bbox 1101 2391 1129 2418; x_wconf 74' lang='grc' dir='ltr'>δὲ</span> <span class='ocrx_word' id='word_1_871' title='bbox 1145 2391 1175 2418; x_wconf 84' lang='grc' dir='ltr'><strong>τὸ</strong></span> <span class='ocrx_word' id='word_1_872' title='bbox 1193 2391 1392 2428; x_wconf 79' lang='grc' dir='ltr'>πεπερασμένη</span> <span class='ocrx_word' id='word_1_873' title='bbox 1405 2391 1520 2426; x_wconf 74' lang='grc' dir='ltr'>δυνάμει</span> <span class='ocrx_word' id='word_1_874' title='bbox 1541 2391 1677 2427; x_wconf 80' lang='grc' dir='ltr'>παράγον,</span> <span class='ocrx_word' id='word_1_875' title='bbox 1708 2391 1897 2427; x_wconf 77' lang='grc' dir='ltr'>συνορίζεσοαι</span> 
     </span>
    </p>
   </div>
   <div class='ocr_carea' id='block_1_111' title="bbox 1102 2437 1897 2474">
    <p class='ocr_par' dir='ltr' id='par_1_111' title="bbox 1102 2437 1897 2474">
     <span class='ocr_line' id='line_1_111' title="bbox 1102 2437 1897 2474; baseline 0.003 -11"><span class='ocrx_word' id='word_1_876' title='bbox 1102 2437 1208 2473; x_wconf 59' lang='grc' dir='ltr'>ἀνάγκη</span> <span class='ocrx_word' id='word_1_877' title='bbox 1222 2437 1270 2465; x_wconf 73' lang='grc' dir='ltr'>καὶ</span> <span class='ocrx_word' id='word_1_878' title='bbox 1285 2438 1512 2473; x_wconf 72' lang='grc' dir='ltr'>συμμετρεῖσθαι,</span> <span class='ocrx_word' id='word_1_879' title='bbox 1526 2438 1564 2474; x_wconf 80' lang='grc' dir='ltr'><strong>τῷ</strong></span> <span class='ocrx_word' id='word_1_880' title='bbox 1586 2447 1615 2465; x_wconf 87' lang='grc' dir='ltr'>τε</span> <span class='ocrx_word' id='word_1_881' title='bbox 1642 2439 1721 2474; x_wconf 81' lang='grc' dir='ltr'>ποσῷ</span> <span class='ocrx_word' id='word_1_882' title='bbox 1751 2441 1798 2465; x_wconf 77' lang='grc' dir='ltr'><strong>καὶ</strong></span> <span class='ocrx_word' id='word_1_883' title='bbox 1827 2439 1897 2474; x_wconf 84' lang='grc' dir='ltr'>ποιῷ</span> 
     </span>
    </p>
   </div>
   <div class='ocr_carea' id='block_1_112' title="bbox 1101 2484 1897 2520">
    <p class='ocr_par' dir='ltr' id='par_1_112' title="bbox 1101 2484 1897 2520">
     <span class='ocr_line' id='line_1_112' title="bbox 1101 2484 1897 2520; baseline -0.001 -9"><span class='ocrx_word' id='word_1_884' title='bbox 1101 2484 1155 2511; x_wconf 89' lang='grc' dir='ltr'><strong>τῶν</strong></span> <span class='ocrx_word' id='word_1_885' title='bbox 1166 2484 1316 2519; x_wconf 85' lang='grc' dir='ltr'>γινομένων</span> <span class='ocrx_word' id='word_1_886' title='bbox 1331 2493 1337 2500; x_wconf 92' lang='grc'><strong>·</strong></span> <span class='ocrx_word' id='word_1_887' title='bbox 1355 2487 1379 2511; x_wconf 79' lang='grc' dir='ltr'>εἱ</span> <span class='ocrx_word' id='word_1_888' title='bbox 1391 2485 1418 2512; x_wconf 79' lang='grc' dir='ltr'>δὲ</span> <span class='ocrx_word' id='word_1_889' title='bbox 1434 2485 1524 2516; x_wconf 79' lang='grc' dir='ltr'>τοῦτο,</span> <span class='ocrx_word' id='word_1_890' title='bbox 1555 2485 1602 2512; x_wconf 74' lang='grc' dir='ltr'><strong>καὶ</strong></span> <span class='ocrx_word' id='word_1_891' title='bbox 1631 2485 1803 2520; x_wconf 75' lang='grc' dir='ltr'>συνεκλείψει</span> <span class='ocrx_word' id='word_1_892' title='bbox 1821 2493 1828 2500; x_wconf 94' lang='grc'><strong>·</strong></span> <span class='ocrx_word' id='word_1_893' title='bbox 1857 2485 1897 2519; x_wconf 81' lang='grc' dir='ltr'><strong>τῷ</strong></span> 
     </span>
    </p>
   </div>
   <div class='ocr_carea' id='block_1_113' title="bbox 1101 2531 1895 2568">
    <p class='ocr_par' dir='ltr' id='par_1_113' title="bbox 1101 2531 1895 2568">
     <span class='ocr_line' id='line_1_113' title="bbox 1101 2531 1895 2568; baseline -0.001 -10"><span class='ocrx_word' id='word_1_894' title='bbox 1101 2531 1155 2568; x_wconf 74' lang='grc' dir='ltr'><strong>γὰρ</strong></span> <span class='ocrx_word' id='word_1_895' title='bbox 1177 2533 1391 2568; x_wconf 81' lang='grc' dir='ltr'>πεπερασμένῳ,</span> <span class='ocrx_word' id='word_1_896' title='bbox 1416 2533 1445 2559; x_wconf 81' lang='grc' dir='ltr'>ὲν</span> <span class='ocrx_word' id='word_1_897' title='bbox 1471 2531 1579 2568; x_wconf 78' lang='grc' dir='ltr'>ἀπείρῳ</span> <span class='ocrx_word' id='word_1_898' title='bbox 1602 2533 1692 2567; x_wconf 73' lang='grc' dir='ltr'>χρόνῳ</span> <span class='ocrx_word' id='word_1_899' title='bbox 1716 2531 1838 2566; x_wconf 79' lang='grc' dir='ltr'>διαρκεῖν</span> <span class='ocrx_word' id='word_1_900' title='bbox 1864 2531 1895 2557; x_wconf 81' lang='grc' dir='ltr'>οὐ</span> 
     </span>
    </p>
   </div>
   <div class='ocr_carea' id='block_1_114' title="bbox 1101 2578 1259 2614">
    <p class='ocr_par' dir='ltr' id='par_1_114' title="bbox 1101 2578 1259 2614">
     <span class='ocr_line' id='line_1_114' title="bbox 1101 2578 1259 2614; baseline 0.006 -10"><span class='ocrx_word' id='word_1_901' title='bbox 1101 2578 1259 2614; x_wconf 79' lang='grc' dir='ltr'>πρόσεστιν.</span> 
     </span>
    </p>
   </div>
   <div class='ocr_carea' id='block_1_115' title="bbox 1066 2623 1905 2668">
    <p class='ocr_par' dir='ltr' id='par_1_115' title="bbox 1066 2623 1905 2668">
     <span class='ocr_line' id='line_1_115' title="bbox 1066 2623 1905 2668; baseline -0.001 -16"><span class='ocrx_word' id='word_1_902' title='bbox 1066 2623 1135 2652; x_wconf 85' lang='lat' dir='ltr'><strong>Nam</strong></span> <span class='ocrx_word' id='word_1_903' title='bbox 1158 2626 1231 2661; x_wconf 89' lang='lat' dir='ltr'><strong>quod</strong></span> <span class='ocrx_word' id='word_1_904' title='bbox 1251 2626 1396 2653; x_wconf 86' lang='lat' dir='ltr'><strong>limitatum</strong></span> <span class='ocrx_word' id='word_1_905' title='bbox 1418 2630 1470 2658; x_wconf 90' lang='lat' dir='ltr'><strong>est,</strong></span> <span class='ocrx_word' id='word_1_906' title='bbox 1491 2625 1518 2652; x_wconf 89' lang='lat' dir='ltr'><strong>id</strong></span> <span class='ocrx_word' id='word_1_907' title='bbox 1535 2625 1642 2654; x_wconf 92' lang='lat' dir='ltr'><strong>inlinito</strong></span> <span class='ocrx_word' id='word_1_908' title='bbox 1679 2630 1800 2661; x_wconf 89' lang='lat' dir='ltr'><strong>tempore</strong></span> <span class='ocrx_word' id='word_1_909' title='bbox 1834 2632 1905 2668; x_wconf 25' lang='lat' dir='ltr'><strong>per:</strong></span> 
     </span>
    </p>
   </div>
   <div class='ocr_carea' id='block_1_116' title="bbox 1135 2715 1896 2753">
    <p class='ocr_par' dir='ltr' id='par_1_116' title="bbox 1135 2715 1896 2753">
     <span class='ocr_line' id='line_1_116' title="bbox 1135 2715 1896 2753; baseline -0.003 -7"><span class='ocrx_word' id='word_1_910' title='bbox 1135 2718 1171 2753; x_wconf 83' lang='grc' dir='ltr'><strong>ς’.</strong></span> <span class='ocrx_word' id='word_1_911' title='bbox 1193 2717 1248 2746; x_wconf 77' lang='grc' dir='ltr'><strong>Καὶ</strong></span> <span class='ocrx_word' id='word_1_912' title='bbox 1271 2717 1372 2749; x_wconf 50' lang='grc' dir='ltr'>ἄλλως</span> <span class='ocrx_word' id='word_1_913' title='bbox 1389 2717 1420 2743; x_wconf 73' lang='grc' dir='ltr'><strong>ΕΞ</strong></span> <span class='ocrx_word' id='word_1_914' title='bbox 1444 2715 1492 2744; x_wconf 71' lang='grc' dir='ltr'>οὖν</span> <span class='ocrx_word' id='word_1_915' title='bbox 1507 2718 1520 2744; x_wconf 85' lang='grc' dir='ltr'>ὁ</span> <span class='ocrx_word' id='word_1_916' title='bbox 1535 2717 1600 2750; x_wconf 69' lang='grc' dir='ltr'>θεὸς</span> <span class='ocrx_word' id='word_1_917' title='bbox 1625 2717 1822 2753; x_wconf 76' lang='grc' dir='ltr'>πεπερασμένη</span> <span class='ocrx_word' id='word_1_918' title='bbox 1847 2718 1896 2744; x_wconf 76' lang='grc' dir='ltr'>καὶ</span> 
     </span>
    </p>
   </div>
   <div class='ocr_carea' id='block_1_117' title="bbox 1100 2764 1895 2803">
    <p class='ocr_par' dir='ltr' id='par_1_117' title="bbox 1100 2764 1895 2803">
     <span class='ocr_line' id='line_1_117' title="bbox 1100 2764 1895 2803; baseline -0.001 -10"><span class='ocrx_word' id='word_1_919' title='bbox 1100 2767 1149 2803; x_wconf 80' lang='grc' dir='ltr'><strong>μιᾷ</strong></span> <span class='ocrx_word' id='word_1_920' title='bbox 1165 2766 1280 2800; x_wconf 84' lang='grc' dir='ltr'>δυνάμει</span> <span class='ocrx_word' id='word_1_921' title='bbox 1295 2765 1460 2800; x_wconf 84' lang='grc' dir='ltr'>δημιουργεῖ</span> <span class='ocrx_word' id='word_1_922' title='bbox 1474 2764 1563 2791; x_wconf 83' lang='grc' dir='ltr'>πάντα</span> <span class='ocrx_word' id='word_1_923' title='bbox 1579 2765 1613 2792; x_wconf 68' lang='grc' dir='ltr'><strong>τὰ</strong></span> <span class='ocrx_word' id='word_1_924' title='bbox 1629 2765 1742 2801; x_wconf 71' lang='grc' dir='ltr'>γενητὰ,</span> <span class='ocrx_word' id='word_1_925' title='bbox 1761 2765 1840 2800; x_wconf 82' lang='grc' dir='ltr'>δῆλον</span> <span class='ocrx_word' id='word_1_926' title='bbox 1853 2766 1895 2792; x_wconf 75' lang='grc' dir='ltr'><strong>ὅτι</strong></span> 
     </span>
    </p>
   </div>
   <div class='ocr_carea' id='block_1_118' title="bbox 1096 2821 1894 2856">
    <p class='ocr_par' dir='ltr' id='par_1_118' title="bbox 1096 2821 1894 2856">
     <span class='ocr_line' id='line_1_118' title="bbox 1096 2821 1894 2856; baseline -0.003 -6"><span class='ocrx_word' id='word_1_927' title='bbox 1096 2824 1144 2850; x_wconf 69' lang='grc' dir='ltr'>καὶ</span> <span class='ocrx_word' id='word_1_928' title='bbox 1156 2822 1232 2853; x_wconf 87' lang='grc' dir='ltr'>Θεός.</span> <span class='ocrx_word' id='word_1_929' title='bbox 1251 2821 1319 2848; x_wconf 75' lang='lat' dir='ltr'><strong>Deus</strong></span> <span class='ocrx_word' id='word_1_930' title='bbox 1337 2830 1352 2848; x_wconf 81' lang='grc' dir='ltr'><strong>α</strong></span> <span class='ocrx_word' id='word_1_931' title='bbox 1367 2821 1443 2848; x_wconf 79' lang='lat' dir='ltr'><strong>verbo</strong></span> <span class='ocrx_word' id='word_1_932' title='bbox 1460 2821 1510 2854; x_wconf 79' lang='grc' dir='ltr'><strong>θῶ,</strong></span> <span class='ocrx_word' id='word_1_933' title='bbox 1525 2822 1595 2856; x_wconf 80' lang='lat' dir='ltr'><strong>quod</strong></span> <span class='ocrx_word' id='word_1_934' title='bbox 1611 2827 1649 2849; x_wconf 74' lang='lat' dir='ltr'><strong>est</strong></span> <span class='ocrx_word' id='word_1_935' title='bbox 1661 2827 1787 2849; x_wconf 74' lang='lat' dir='ltr'><strong>construe</strong></span> <span class='ocrx_word' id='word_1_936' title='bbox 1809 2827 1834 2848; x_wconf 83' lang='lat' dir='ltr'><strong>et</strong></span> <span class='ocrx_word' id='word_1_937' title='bbox 1849 2821 1894 2856; x_wconf 79' lang='lat' dir='ltr'><strong>fu-</strong></span> 
     </span>
    </p>
   </div>
   <div class='ocr_carea' id='block_1_119' title="bbox 1097 2857 1895 2892">
    <p class='ocr_par' dir='ltr' id='par_1_119' title="bbox 1097 2857 1895 2892">
     <span class='ocr_line' id='line_1_119' title="bbox 1097 2857 1895 2892; baseline 0 -7"><span class='ocrx_word' id='word_1_938' title='bbox 1097 2859 1149 2885; x_wconf 84' lang='lat' dir='ltr'><strong>cio.</strong></span> <span class='ocrx_word' id='word_1_939' title='bbox 1168 2858 1264 2884; x_wconf 83' lang='lat' dir='ltr'><strong>Rerum</strong></span> <span class='ocrx_word' id='word_1_940' title='bbox 1278 2857 1396 2883; x_wconf 72' lang='lat' dir='ltr'><strong>euntium</strong></span> <span class='ocrx_word' id='word_1_941' title='bbox 1414 2857 1512 2892; x_wconf 81' lang='lat' dir='ltr'><strong>factor,</strong></span> <span class='ocrx_word' id='word_1_942' title='bbox 1525 2863 1550 2885; x_wconf 72' lang='lat' dir='ltr'><strong>at</strong></span> <span class='ocrx_word' id='word_1_943' title='bbox 1578 2858 1663 2885; x_wconf 74' lang='lat' dir='ltr'><strong>omnis</strong></span> <span class='ocrx_word' id='word_1_944' title='bbox 1689 2857 1895 2885; x_wconf 75' lang='lat' dir='ltr'><strong>constructioni:</strong></span> 
     </span>
    </p>
   </div>
   <div class='ocr_carea' id='block_1_120' title="bbox 1098 2891 1441 2927">
    <p class='ocr_par' dir='ltr' id='par_1_120' title="bbox 1098 2891 1441 2927">
     <span class='ocr_line' id='line_1_120' title="bbox 1098 2891 1441 2927; baseline -0.009 -5"><span class='ocrx_word' id='word_1_945' title='bbox 1098 2899 1203 2926; x_wconf 83' lang='lat' dir='ltr'><strong>auctor,</strong></span> <span class='ocrx_word' id='word_1_946' title='bbox 1218 2893 1248 2927; x_wconf 78' lang='lat' dir='ltr'><strong>ﬁt</strong></span> <span class='ocrx_word' id='word_1_947' title='bbox 1262 2891 1307 2925; x_wconf 74' lang='grc' dir='ltr'><strong>οὺς</strong></span> <span class='ocrx_word' id='word_1_948' title='bbox 1320 2897 1346 2920; x_wconf 85' lang='lat' dir='ltr'><strong>et</strong></span> <span class='ocrx_word' id='word_1_949' title='bbox 1365 2892 1441 2925; x_wconf 70' lang='grc' dir='ltr'><strong>Θεὸς.</strong></span> 
     </span>
    </p>
   </div>
  </div>
