2083 3155
210 153 262 187 6'17

800 151 1014 183 REFUTATIO
1028 150 1265 183 MOHAMEDIS.

1381 92 1390 105 Ι

1786 139 1840 188 613

211 213 258 240 καὶ
275 209 474 246 πεπερασμένη
489 209 603 246 δυνάμει
617 210 647 236 ὲν
659 209 700 245 τῷ
714 207 784 236 εἶναι
798 208 1000 244 χαρακτηρίζε-

1063 210 1162 237 ionnisi
1179 217 1210 237 ex
1225 209 1340 237 limitata
1357 209 1477 245 potentia
1497 209 1686 238 exsistentiam
1701 211 1840 246 propriam

210 266 256 285 ται
268 266 276 275 ·
296 257 321 283 εἰ
336 256 365 283 δὲ
378 255 468 289 τοῦτο,
486 256 533 282 καὶ
555 255 605 282 οὐκ
629 255 716 286 ἀΐδιος
727 262 735 270 ·
753 255 898 288 συνάγεται
920 254 974 289 ἄρα
988 254 1002 280 6

209 303 277 334 Θεὸς
291 303 341 329 οὑκ
359 301 454 334 ἀΐδιος,
481 301 548 337 ὅπερ
574 301 649 327 ἐστὶν
675 301 787 328 ἄτοπονο
803 301 827 327 ει
842 300 864 327 δ’
880 298 913 327 αὖ
932 300 1003 327 κατὰ

211 349 338 380 πλείονας
366 348 580 382 πεπερασμένας
608 346 737 382 δυνάμεις
760 346 853 378 όΘεὺς
882 346 1002 381 παράγει

212 395 300 422 πάντα
314 394 350 420 τὰ
364 393 475 428 γενητὰ,
500 393 560 419 κατ’
583 393 659 419 οὐδέν
677 393 735 419 ἐστι
748 392 779 419 τὸ
798 392 875 419 Θεῖον
891 393 1004 427 ἀπειρο-

211 441 331 476 δὺναμον
344 450 350 457 ·
369 440 414 467 καὶ
433 441 472 471 εἰς
491 440 590 466 ταυτὸν
606 440 800 475 συνδραμεῖται
823 440 858 473 τῇ
885 439 1004 473 προτέρᾳ

212 487 350 520 ὑποθέσει,
364 487 397 513 δι’
411 486 544 521 ἑκατέρας
558 485 714 516 ὑποθέσεως
726 493 732 499 ·
748 485 797 511 καὶ
813 485 960 519 συνάγεται
973 484 1004 511 τὸ

211 533 284 561 κατὰ
309 533 391 569 μηδὲν
423 529 493 558 εἶναι
518 531 548 557 τὸ
568 531 646 558 Θεῖον
670 531 898 567 ἁπειροδύναμον.
926 531 1004 557 Ἐπεὶ

213 577 260 606 οὖν
275 579 289 605 6
303 578 372 606 αἰὼν
395 577 477 604 οἱονεὶ
503 577 619 613 δύναμίς
647 578 722 604 ἐστιν
750 578 873 612 ἄπειρος,
892 577 908 612 ἢ
924 577 1005 603 οἱονεὶ

213 625 351 660 διάστημα
370 625 501 659 ἄπειρον,
527 624 600 651 καθὰ
624 625 681 656 τοῖς
703 625 885 659 ἔπιστήμοσιν
908 625 956 650 καὶ
971 624 1004 659 τῇ

212 670 329 707 ἀληθείᾳ
345 671 430 702 δοκεῖ,
453 670 571 705 φανερὸν
588 670 629 696 ὃτι
644 669 673 696 τὸ
685 670 804 702 αἰώνιον,
830 670 874 696 καὶ
891 671 1005 706 ἀπειρο-

211 717 350 752 δύναμον·
383 716 458 743 ἐστιν
483 716 530 743 οὖν
556 715 767 750 συλλογίσασθαι
799 716 904 748 οὕτως·
921 717 953 742 Ei
977 716 1006 742 τὸ

213 764 323 791 αἰώνιον
347 763 577 799 ἀπειροδύναμον,
600 764 669 798 ὅπερ
686 761 733 790 οὖν
747 764 797 790 οὐκ
812 764 868 799 ἔχει
891 764 1006 799 δύναμιν

214 811 340 847 ἄπειρον,
356 811 437 837 τοῦτο
452 811 512 837 οὐδὲ
525 810 634 837 αἰώνιόν
648 811 722 837 ἐστιν
734 818 740 824 ·
754 811 778 837 ει
796 809 842 837 οὖν
859 810 919 837 κατ’
931 811 1006 837 οὐδε-

216 857 282 892 μίαν
295 857 349 884 τῶν
361 857 502 892 ἑκατέρων
515 856 683 888 ὑποθέσεων,
703 857 717 883 ὁ
730 856 796 888 Θεὸς
817 856 931 891 ἄπειρον
949 856 1006 891 ἔχει

214 903 339 939 δύναμιν,
365 904 427 930 κατ’
441 903 517 930 οὐδέν
533 903 608 929 ἐστιν
635 902 761 935 αἰώνιοςο
780 903 804 929 εἰ
821 903 850 929 δὲ
873 903 910 938 μή
933 903 1007 929 ἐστιν

214 949 334 981 αἰώνιος,
355 949 408 976 ὑπὸ
432 949 529 985 χρόνον
557 949 631 975 ἐστὶν
653 949 683 981 ἐξ
705 948 847 984 ἀνάγκην
871 948 926 974 τῶν
953 948 1008 983 γὰρ

213 996 299 1023 ὅντων
314 996 347 1022 τὰ
364 995 414 1032 μέν
429 997 503 1022 ἐστιν
519 995 617 1022 αἰώνια
630 1015 637 1027 ,
662 995 696 1021 τὰ
716 995 744 1021 δὲ
760 994 813 1021 ὑπὸ
830 994 941 1030 χρόνον·
961 993 1008 1020 καὶ

215 1042 275 1073 πῶς
298 1041 351 1068 ὑπὸ
379 1041 476 1077 χρόνον
489 1042 502 1068 6
517 1042 572 1068 τῶν
597 1041 703 1076 χρόνων
723 1040 909 1075 δημιουργὸς;
934 1040 958 1066 εἰ
979 1040 1008 1066 δὲ

216 1087 305 1119 τοῦτο,
323 1087 370 1113 καὶ
386 1087 473 1122 ἀρχὴν
491 1086 548 1122 ἔχει
570 1087 617 1113 καὶ
638 1086 714 1117 τέλος
726 1094 733 1101 °
755 1085 802 1112 καὶ
818 1085 882 1112 ἄλλο
896 1094 922 1112 τι
933 1085 1008 1119 αὑτῷ

215 1132 292 1160 ἔσται
304 1133 352 1159 τοῦ
368 1130 439 1160 εἶναι
455 1133 502 1159 καὶ
521 1133 572 1167 τῆς
586 1132 732 1167 ὑπάρξεως
755 1133 841 1159 αἴτιον
852 1141 859 1148 ·
876 1132 924 1158 καὶ
943 1131 1009 1167 περὶ

215 1181 322 1208 ἐκείνου
336 1181 370 1208 τὰ
382 1181 452 1207 αὐτὰ
467 1181 659 1216 ἀπορήσομεν·
677 1180 813 1207 καὶτοῦτο
823 1179 867 1206 ἐπ’
883 1180 1007 1215 ἄπειρον,

216 1227 285 1262 ὅπερ
298 1226 373 1253 ἐστὶν
389 1227 500 1254 ἄτοπον.
516 1226 648 1253 Λειπεται
659 1226 713 1260 ἄρα
727 1225 780 1252 τῶν
790 1226 893 1252 λοιπῶν
906 1225 952 1252 δύο
961 1225 1009 1261 τὴν

218 1273 314 1309 ἑτέραν
330 1272 417 1308 ἀληθῆ
441 1270 522 1305 εἶναι,
545 1273 595 1307 τῆς
612 1272 772 1308 φασκούσης
789 1272 854 1307 μίαν
870 1272 917 1299 καὶ
931 1272 1010 1299 ἄπει-

219 1329 277 1356 ρον,
293 1319 404 1354 καὶτῆς
424 1319 525 1350 πολλάς
542 1327 570 1345 τε
585 1319 633 1345 καὶ
654 1319 799 1354 ἀπείρουςσ
824 1318 881 1345 ἁλλ’
903 1318 943 1345 ὅτι
962 1318 1011 1353 μὲν

219 1365 345 1396 πλείονας
366 1364 495 1399 δυνάμεις
514 1363 562 1390 καὶ
577 1363 719 1398 ἀπείρους,
737 1363 772 1389 δι’
792 1362 825 1394 εις
848 1362 1012 1398 δημιουργεῖ

218 1412 264 1438 τὸν
286 1411 389 1446 κόσμον
404 1411 418 1437 6
432 1410 509 1442 Θεὸς,
531 1410 621 1444 λέγειν
637 1410 684 1436 ἐπὶ
703 1409 770 1436 Θεοῦ
787 1409 921 1436 ἀνοίκειόν
937 1410 1012 1436 ἐστιν

218 1457 263 1485 διὰ
273 1457 324 1493 τὴν
344 1457 464 1492 παντελῆ
483 1456 530 1483 τοῦ
555 1456 624 1483 Θεοῦ
653 1455 804 1491 ἁπλότητα,
833 1455 950 1490 φανερὸν
970 1456 1011 1482 ὅτι

221 1504 287 1538 μίαν
301 1503 349 1530 καὶ
371 1503 485 1538 ἄπειρον
507 1502 554 1529 καὶ
576 1502 649 1529 κατὰ
670 1502 761 1528 πάντα
781 1501 1010 1537 ἀπειροδύναμον,

1053 257 1154 283 habere
1164 256 1263 284 videri.
1275 256 1352 289 Quod
1368 257 1390 284 si
1403 257 1440 284 ita
1457 261 1508 288 est,
1524 264 1578 284 non
1592 261 1634 285 est
1649 258 1842 292 sempiternus.

1053 301 1198 337 Colligitur
1217 309 1281 338 ergo
1296 302 1379 330 Deum
1392 310 1446 330 non
1464 310 1526 330 esse
1540 303 1754 338 sempiternum;
1770 305 1845 339 quod

1054 353 1097 375 est
1115 348 1276 376 absurdum.
1294 347 1342 376 Sin
1363 356 1429 376 vero
1447 348 1518 376 Deus
1541 357 1588 384 per
1608 349 1702 384 plures
1714 350 1845 378 limitatas

1054 396 1189 431 potentias
1205 399 1360 422 creaturam
1375 402 1484 422 omnem
1499 395 1637 430 producit,
1652 396 1725 423 nulla
1742 397 1770 424 in
1788 396 1845 424 Deo

1055 442 1160 469 inﬁnita
1182 443 1302 477 potentia
1320 446 1372 474 est,
1389 443 1540 478 eodemque
1554 448 1583 470 ut
1597 449 1676 471 antea
1696 451 1846 478 argumen-

1055 493 1112 516 tum
1134 488 1231 516 recidit
1251 489 1278 515 in
1305 493 1423 524 utraque
1458 489 1619 525 hypotlicsi;
1645 489 1848 526 conﬁciturque

1055 539 1086 561 ut
1103 534 1175 562 Deus
1189 535 1263 562 nulla
1278 535 1305 562 in
1319 543 1348 562 re
1363 535 1399 562 sit
1415 536 1600 570 omnipotens.
1612 535 1683 569 Quia
1693 543 1758 572 ergo
1771 541 1850 564 aeter-

1055 581 1129 608 nitas
1149 585 1190 608 est
1211 581 1336 616 qumdam
1351 581 1432 609 veluti
1457 581 1563 609 inﬁnita
1579 583 1712 617 potentia,
1728 583 1768 611 vel
1784 583 1848 610 inll-

1056 626 1143 653 nitum
1160 627 1298 662 quoddam
1316 627 1446 662 spatium,
1464 631 1493 654 ut
1507 628 1678 662 sapientibus
1691 632 1718 656 et
1733 628 1783 663 ipsi
1800 636 1849 656 ve-

1056 673 1130 700 ritati
1160 673 1259 708 piaret,
1279 678 1388 701 constat
1415 673 1441 702 id
1462 674 1534 709 quod
1562 677 1694 702 mternum
1706 679 1759 707 est,
1776 675 1849 702 idem

1057 727 1118 746 esse
1147 719 1230 746 etiam
1263 720 1449 755 omnipotens.
1479 720 1525 748 Sic
1549 721 1642 756 itaque
1661 722 1849 757 argumentari

1058 765 1140 793 licet:
1155 765 1184 792 Si
1200 765 1271 800 quod
1287 771 1419 793 aeternum
1437 771 1490 799 est,
1504 766 1573 794 idem
1594 767 1783 802 omnipotens,
1806 775 1851 795 se-

1058 812 1151 847 quitur
1163 817 1192 839 ut
1206 812 1278 846 quod
1293 820 1346 840 non
1360 813 1440 840 habet
1453 813 1601 848 potentiam
1616 813 1762 847 inﬁnitam,
1779 813 1850 841 idem

1059 865 1093 883 ne
1108 862 1244 884 mternum
1263 857 1372 891 quidem
1390 858 1436 885 sit.
1465 857 1494 885 Si
1511 866 1576 893 ergo
1600 858 1626 885 in
1652 863 1749 886 neutra
1764 859 1853 895 hypo-

1059 901 1128 929 thesi
1144 901 1214 930 Deus
1231 902 1366 930 inﬁnitam
1393 903 1474 930 habet
1496 904 1658 938 potentiam,
1675 904 1751 932 nullo
1771 904 1853 932 modo

1058 953 1100 976 est
1115 953 1244 976 aeternus.
1268 949 1346 982 Quod
1371 950 1394 977 si
1420 957 1473 977 non
1491 954 1532 977 est
1549 954 1678 983 aeternus,
1699 951 1854 978 necessario

1060 995 1175 1029 tempori
1201 995 1337 1023 obnoxius
1365 999 1417 1024 est.
1441 995 1509 1023 Nam
1535 1003 1625 1023 rerum
1653 996 1851 1024 exsistenlium

1060 1041 1120 1069 alim
1154 1046 1262 1069 aeternae
1289 1046 1364 1074 sunt,
1395 1043 1455 1070 alite
1482 1047 1604 1077 tempore
1627 1043 1854 1078 circumscripta.

1060 1087 1204 1120 Quomodo
1221 1093 1312 1115 autem
1328 1093 1451 1124 tempore
1473 1089 1509 1116 sit
1529 1088 1756 1124 circumscriptus
1770 1089 1793 1117 is
1809 1089 1856 1124 qui

1060 1137 1214 1168 temporum
1232 1137 1274 1161 est
1299 1135 1426 1161 creator?
1442 1134 1519 1167 Quod
1546 1135 1567 1162 si
1594 1135 1629 1162 ita
1645 1135 1689 1167 sit,
1706 1139 1732 1162 et
1748 1134 1855 1162 initiqu

1060 1179 1143 1207 habet
1157 1185 1184 1207 et
1197 1179 1297 1211 ﬁnem:
1321 1184 1348 1207 et
1367 1180 1439 1207 aliud
1456 1181 1556 1216 aliquid
1582 1181 1606 1208 ei
1624 1181 1677 1208 erit
1690 1180 1858 1208 exsistentia’,

1061 1225 1302 1259 subsistentiaeque
1315 1226 1485 1252 causativum
1502 1233 1509 1252 τ
1525 1230 1551 1252 et
1567 1233 1666 1253 rursus
1677 1225 1710 1252 de
1727 1225 1779 1252 hoc
1797 1225 1857 1260 ipso

1061 1270 1155 1298 eodem
1187 1272 1269 1297 modo
1304 1271 1541 1305 ambigemus;c1
1565 1271 1618 1298 hoc
1648 1271 1676 1298 in
1702 1271 1856 1304 inﬁnitum;

1061 1316 1134 1351 quod
1152 1321 1192 1343 est
1210 1317 1370 1343 absurdum.
1388 1317 1533 1352 Reliquum
1549 1321 1591 1344 est
1611 1316 1702 1351 igitur,
1722 1320 1753 1343 ut
1771 1317 1857 1343 alter-

1063 1368 1123 1389 utra
1145 1369 1177 1388 ex
1195 1362 1301 1389 duabus
1315 1369 1377 1389 "era
1392 1361 1524 1389 sententia
1541 1362 1594 1395 sit;
1618 1361 1642 1388 id
1670 1365 1722 1394 est,
1744 1361 1786 1388 vel
1806 1361 1853 1389 illa

1063 1416 1123 1442 quae
1137 1415 1219 1434 unam
1231 1408 1297 1435 dicit
1310 1408 1527 1443 immensamque
1539 1408 1686 1443 potentiam
1698 1416 1706 1441 ;
1718 1408 1760 1435 vel
1771 1408 1856 1436 altera

1063 1460 1124 1487 quae
1144 1452 1236 1486 plures
1264 1457 1292 1479 ct
1315 1453 1474 1480 immensas.
1503 1452 1557 1480 Sed
1583 1453 1657 1480 enim
1676 1453 1738 1488 quia
1765 1453 1858 1487 plures

1064 1498 1199 1533 potentias
1229 1503 1255 1525 et
1282 1499 1432 1526 immensas
1461 1498 1570 1531 dicere,
1595 1498 1696 1534 quibus
1725 1499 1858 1526 mundum

220 1551 289 1585 ὅπερ
305 1549 354 1576 καὶ
380 1548 481 1584 μᾶλλον
497 1547 596 1582 ἀληθές
613 1548 683 1579 ἐστι,
704 1547 751 1573 καὶ
770 1547 831 1576 ταῖς
845 1548 949 1578 κοιναῖς
965 1547 1011 1572 ἐπὶ

1066 1542 1137 1569 Deus
1153 1542 1317 1576 condiderit,
1335 1543 1390 1570 Deo
1410 1543 1591 1578 improprium
1610 1548 1661 1577 est,
1680 1548 1789 1579 propter
1802 1552 1861 1571 om-

220 1595 288 1623 Θεοῦ
302 1594 416 1626 ἐννοίαις
433 1593 578 1628 ἁρμόττον.
599 1592 677 1620 Ἐπεὶ
692 1591 738 1618 οὖν
749 1593 762 1618 6
778 1591 856 1626 λόγος
869 1593 901 1618 ὲκ
915 1591 1013 1618 κοινῶν

221 1641 330 1668 ἐννοιῶν
355 1641 404 1668 καὶ
429 1640 493 1675 ἡμῖν
527 1638 745 1673 κατειθισμένων
775 1638 821 1664 καὶ
841 1637 876 1664 δι’
900 1637 1013 1671 ἐπιστη-

223 1687 343 1724 μονικῶν
359 1687 558 1722 ἐπιχειρήσεων
574 1685 675 1717 ἔδειξεν
691 1685 732 1711 ὅτι
761 1684 833 1710 κατὰ
849 1683 913 1719 μίαν
929 1683 1013 1718 μόνην

220 1734 270 1761 καὶ
285 1733 374 1769 ἁπλῆν
394 1733 441 1760 καὶ
454 1732 525 1759 κατὰ
540 1731 629 1758 πάντα
647 1730 867 1765 ἀπειροδύναμον
885 1729 1012 1764 δύναμιν,

220 1781 235 1807 6
247 1780 313 1812 Θεὸς
336 1780 367 1806 τὸ
382 1778 495 1810 δυνατὸς
519 1776 588 1804 εἶναι
609 1777 676 1812 ἔχει,
692 1777 738 1802 καὶ
751 1777 786 1802 δι’
799 1776 886 1811 αὐτῆς
910 1776 984 1802 ποιεῖ
999 1775 1013 1801 ὃ

221 1827 304 1859 ποιεῖ,
322 1827 370 1852 καὶ
387 1825 435 1851 τὸν
451 1824 554 1858 κόσμον
575 1823 707 1850 οὑσίωςέν
719 1831 750 1849 τε
771 1822 820 1848 καὶ
839 1822 1013 1858 παρήγαγεν,

221 1874 269 1901 καὶ
282 1872 325 1900 ἐπ’
340 1872 421 1899 αὐτὸν
441 1870 471 1898 τὸ
484 1870 613 1897 δύνασθαι
624 1869 735 1903 λέγεται
746 1877 752 1883 ·
770 1868 840 1903 αὕτη
852 1867 898 1894 οὖν
911 1869 927 1903 ἠ
939 1868 1015 1894 δύνα-

224 1919 308 1956 μις,ἢ
322 1918 387 1946 ποτέ
401 1919 474 1944 ἐστιν
487 1918 516 1943 ἐν
527 1916 566 1951 τῷ
580 1915 652 1951 Θεῷ,
665 1914 749 1950 ἥὰεί·
766 1914 823 1941 ἀλλ’
838 1914 861 1940 ει
875 1913 924 1949 μὲν
938 1913 1013 1945 ποτὲ,

222 1966 298 1994 ἔσται
311 1967 325 1993 6
341 1965 408 1997 Θεὸς
432 1964 497 1991 ποτὲ
515 1962 652 1997 ἀδύναμος
674 1962 720 1988 καὶ
745 1961 891 1996 ἀνίσχυρος
904 1961 950 1988 τοῦ
966 1961 1015 1995 δη-

224 2013 365 2048 μιουργεῖν
380 2020 409 2038 τε
425 2011 472 2037 καὶ
488 2009 623 2044 παράγειν
634 2016 641 2023 ο
661 2007 708 2034 καὶ
724 2007 778 2043 γὰρ
795 2007 836 2041 ἐφ’
853 2004 891 2033 ὧν
906 2006 1014 2042 ἡδύνα-

224 2068 269 2095 μις
287 2059 352 2086 ποτὲ
368 2058 398 2084 οὑ
415 2057 578 2093 πρόσεστιν,
606 2055 710 2081 τούτων
726 2053 772 2080 καὶ
789 2053 819 2079 τὸ
836 2053 902 2079 ποτὲ
928 2053 1015 2079 ποιεῖν

222 2106 436 2135 διαχεκὼλυται-
460 2105 484 2131 εἰ
509 2104 538 2130 δὲ
560 2103 654 2134 τοῦτο,
681 2102 729 2129 καὶ
754 2101 784 2127 οὺ
809 2100 958 2136 σύνδρομον
986 2099 1016 2126 τὸ

222 2153 352 2181 δύνασθαι
365 2152 461 2184 Θέλειν,
474 2152 520 2178 καὶ
532 2150 589 2182 πῶς
600 2149 694 2177 διοίσει
704 2149 752 2184 τῆς
766 2149 883 2183 γενητῆς
896 2147 1015 2182 φύσεως,

224 2200 266 2226 ἐπ’
281 2201 313 2227 ἂν
327 2199 358 2225 τὸ
371 2198 502 2225 δύνασθαι
529 2196 604 2231 αὑτῷ
627 2195 676 2221 οὐκ
694 2195 737 2222 ἀεὶ
764 2194 927 2230 πρόσεστινς
949 2193 1016 2220 ἀλλὰ

1065 1590 1203 1616 nimodam
1231 1589 1340 1617 deitatis
1372 1591 1600 1625 simplicitatem;
1631 1591 1754 1626 profecto
1786 1596 1862 1627 patet

1066 1645 1148 1664 unam
1168 1637 1385 1672 immensamque
1400 1630 1460 1665 esse
1474 1638 1634 1672 poxentiam,
1651 1643 1676 1665 et
1687 1646 1861 1674 quaquever-

1065 1690 1112 1710 sus
1127 1683 1357 1718 omnipotentem;
1378 1692 1449 1718 quoa
1465 1688 1491 1711 et
1506 1684 1597 1711 verius
1620 1688 1671 1716 est,
1692 1689 1718 1712 et
1736 1692 1862 1712 commu-

1066 1728 1146 1756 nibus
1162 1728 1195 1755 de
1215 1728 1271 1756 Deo
1288 1728 1445 1756 notionibus
1462 1736 1627 1764 congruum.
1647 1728 1784 1762 Quoniam
1809 1730 1862 1757 ita-

1066 1781 1120 1809 que
1145 1781 1236 1802 sermo
1251 1779 1345 1802 noster
1373 1782 1407 1802 ex
1424 1774 1619 1803 communibus
1644 1775 1779 1811 nobisque
1794 1783 1862 1803 con-

1066 1821 1152 1850 suetis
1168 1822 1325 1850 notionibus
1351 1823 1527 1857 scientiaeque
1544 1825 1714 1859 argumentis
1729 1825 1861 1858 ostendit,

1066 1875 1162 1900 unam,
1178 1869 1275 1900 solam,
1288 1868 1505 1904 simplicemque,
1517 1874 1543 1896 et
1555 1877 1760 1905 quaqueversus
1773 1871 1865 1898 omni-

1066 1918 1205 1948 potentem
1223 1921 1284 1942 esse
1305 1913 1465 1942 facultatem
1492 1915 1566 1942 illam
1579 1936 1586 1948 ,
1603 1924 1657 1950 qua
1674 1916 1746 1944 Deus
1763 1922 1862 1954 potens

1066 1965 1123 1992 est,
1143 1964 1170 1987 et
1185 1968 1239 1995 qua
1258 1961 1283 1987 id
1299 1961 1355 1996 agit
1368 1961 1440 1996 quod
1461 1962 1525 1996 agit,
1536 1963 1693 1997 mundoque
1709 1964 1863 1993 subsisten.

1067 2007 1132 2034 tiam
1147 2006 1280 2041 contulit;
1296 2008 1363 2040 haec,
1379 2008 1502 2042 inquam,
1514 2009 1643 2042 potentia,
1659 2009 1700 2037 vel
1716 2009 1866 2044 aliquando

1067 2053 1094 2080 in
1120 2053 1175 2080 Deo
1189 2058 1241 2086 est,
1258 2053 1300 2081 vel
1320 2061 1438 2089 semper.
1459 2054 1511 2081 Sed
1536 2054 1557 2081 si
1575 2055 1723 2090 aliquando
1747 2060 1863 2088 tantum,

1067 2100 1139 2129 Deus
1156 2101 1208 2129 erit
1218 2102 1365 2136 aliquando
1380 2102 1516 2137 impotens
1530 2107 1556 2129 et
1570 2103 1706 2130 invalidus
1721 2102 1755 2130 ad
1768 2110 1866 2130 creaue

1068 2148 1133 2175 dum
1152 2156 1184 2175 ac
1201 2148 1421 2184 producendum.
1436 2147 1503 2176 Nam
1521 2149 1624 2183 quibus
1640 2149 1666 2176 in
1684 2149 1765 2176 rebus
1781 2149 1867 2176 inter,

1069 2193 1133 2221 dum
1158 2195 1182 2222 ei
1206 2195 1326 2230 potentia
1349 2195 1434 2227 deest,
1452 2203 1498 2223 eas
1512 2195 1659 2231 quominus
1675 2196 1756 2224 faciat
1776 2196 1864 2223 initer-

224 2223 273 2272 ;¢;1
496 2223 792 2276 Evvomlénepaﬁouévq
800 2239 880 2266 τοῦτο
894 2223 1011 2273 κατέχει,

1072 2240 1136 2267 dum
1155 2223 1354 2275 proiiibebitur.
1382 2223 1461 2275 Quod
1489 2223 1566 2270 si-ila
1580 2247 1632 2276 est,
1649 2251 1739 2278 neque
1758 2251 1867 2279 semper

223 2291 255 2318 τὸ
269 2291 358 2318 πάντα
376 2291 421 2317 τὸν
441 2290 508 2316 Θεὸν
530 2288 672 2319 δύνασθαι,
699 2287 745 2313 καὶ
760 2286 805 2312 ὅτε
821 2285 894 2313 Θέλει
910 2285 956 2312 καὶ
972 2285 1016 2312 ὅτε

226 2337 361 2373 βούλεται.

1072 2286 1219 2313 comitatur
1246 2287 1414 2314 voluntatem
1439 2288 1580 2322 potentia,
1600 2290 1738 2322 quomodo
1758 2289 1831 2316 Deus
1850 2297 1866 2319 α

1073 2337 1164 2359 creata
1194 2338 1290 2361 natura
1307 2334 1423 2368 dilleret,
1448 2335 1670 2370 quandoquidem
1691 2336 1715 2363 ei
1743 2336 1866 2371 potentia

225 2383 297 2410 haud
314 2390 421 2416 semper
437 2381 529 2410 adest?
546 2379 660 2408 Temere
689 2379 771 2414 igitur
796 2377 953 2405 communis
970 2377 1048 2404 notio
1067 2377 1120 2406 hoc
1144 2379 1284 2407 mordicus
1312 2384 1394 2414 tenet,
1414 2381 1540 2408 videlicet
1559 2381 1645 2409 Deum
1666 2383 1758 2410 omnia
1786 2390 1868 2418 posse

226 2430 444 2465 quotiescunque
465 2428 504 2454 ita
520 2427 579 2454 vult
599 2433 632 2453 ac
657 2424 792 2452 decernit.

259 2476 293 2510 ζ’.
308 2476 363 2503 Καὶ
389 2475 476 2508 ἄλλως
488 2482 496 2490 ⁸
514 2475 545 2501 Ei
563 2474 608 2501 οῦν
623 2475 636 2501 6
651 2473 728 2504 Θεὸς,
746 2472 784 2503 ὡς
809 2471 926 2507 ἐεραμεν,
948 2471 1015 2498 ποτε

225 2524 282 2560 ἔχει
302 2523 352 2559 τὴν
370 2522 453 2549 αὑτοῦ
477 2521 603 2556 δύναμιν,
618 2519 696 2554 δῆλον
714 2518 754 2545 ὅτι
770 2517 916 2553 ἐπίκτητον
931 2517 1016 2552 αὐτὴν

225 2568 387 2602 εἰσδέχεται,
401 2567 480 2601 εῐπερ
493 2566 506 2592 ό
518 2565 584 2596 Θεος
598 2564 640 2591 ἀεί
652 2565 725 2590 ἐστιν
735 2571 741 2578 ⁸
757 2563 810 2589 πᾶν
823 2563 851 2589 δὲ
863 2562 893 2588 τὸ
904 2563 1017 2596 ἐπικτή-

225 2623 280 2645 τως
304 2612 450 2648 δεχόμενόν
465 2620 502 2642 τι,
521 2610 634 2646 ὕστερον
654 2609 700 2636 τοῦ
724 2606 795 2636 εἶναι
817 2608 883 2635 αὐτὸ
899 2608 1016 2643 δέχεται,

227 2660 275 2686 καὶ
289 2658 361 2684 κατὰ
386 2656 529 2692 προκοπὴν
553 2656 601 2682 καὶ
615 2655 653 2687 ὼς
667 2654 775 2687 ἐλλιπὲς
798 2653 878 2681 τοῦτο
891 2654 1016 2689 δέχεται·

228 2704 373 2739 συνάγεται
388 2703 442 2739 ἄρα
453 2704 493 2730 ὅτι
507 2703 521 2729 ὁ
533 2702 598 2734 Θεὸς
614 2701 690 2728 ἔσται
703 2701 768 2728 ποτὲ
782 2700 880 2736 ἀτελὴς
891 2701 938 2727 καὶ
951 2700 1023 2727 κατὰ

227 2751 371 2787 προκοπὴν
389 2749 592 2784 τελειοῦμενος·
615 2748 685 2784 ὅπερ
712 2747 771 2774 ἐστὶ
794 2747 841 2773 καὶ
858 2746 948 2781 λέγειν
975 2746 1023 2774 καὶ

228 2799 329 2825 ἐννοεῖν
345 2797 392 2824 ἐπὶ
403 2795 471 2824 Θεοῦ
490 2796 661 2831 βλάσφημον.
678 2795 733 2822 Καὶ
747 2794 850 2825 ἄλλως·
867 2793 899 2820 El
913 2794 930 2829 ἡ
942 2793 1022 2820 δύνα-

230 2854 276 2882 μις
290 2844 337 2872 τοῦ
353 2844 421 2871 Θεοῦ
439 2842 513 2879 αὑτῷ
528 2851 594 2870 ποτε
618 2842 775 2878 πρόσεστιν,
799 2841 913 2876 ὕστερον
936 2841 1022 2877 αὐτὴν

229 2891 357 2928 εἴληφεν·
378 2891 403 2918 ει
427 2891 456 2919 δὲ
473 2889 576 2928 τοῦτο,
605 2889 664 2925 ἦτοι
695 2888 761 2925 παρ’
790 2887 889 2916 ἑαυτοῦ
916 2887 1022 2924 ταύτην

1106 2471 1131 2497 7.
1149 2469 1181 2498 Et
1195 2471 1294 2499 aliter:
1309 2472 1338 2500 Si
1354 2478 1419 2508 ergo
1433 2473 1514 2507 Deus,
1531 2478 1560 2501 ut
1573 2475 1703 2508 diximus,
1720 2476 1869 2512 aliquando

1069 2521 1175 2545 tantum
1194 2519 1343 2553 potentiam
1357 2528 1434 2547 suam
1452 2521 1542 2553 habet,
1560 2527 1674 2557 apparet
1688 2523 1758 2551 hanc
1773 2525 1868 2559 acqui-

1070 2564 1150 2591 sitam
1168 2564 1302 2599 recipere;
1326 2566 1548 2602 quandoquidem
1579 2568 1652 2596 Deus
1678 2577 1786 2604 semper
1812 2574 1870 2598 est.-

1070 2608 1130 2636 Jam
1150 2611 1242 2638 omnis
1262 2611 1309 2646 qui
1325 2613 1494 2647 acquisitum
1511 2614 1614 2648 aliquid
1631 2615 1739 2650 recipit,
1756 2615 1868 2643 nonnisi

1072 2660 1220 2692 postquam
1246 2657 1306 2692 ipse
1320 2662 1372 2691 est,
1397 2659 1464 2687 illud
1479 2661 1592 2696 recipit;
1611 2666 1638 2688 et
1652 2661 1763 2696 quidem
1780 2661 1871 2688 incre-

1076 2703 1160 2730 menti
1188 2704 1294 2737 instar,
1321 2706 1393 2740 quod
1411 2711 1491 2734 antea
1515 2707 1697 2735 desiderabat.
1724 2707 1871 2742 Colligitur

1075 2748 1168 2783 itaque
1187 2749 1271 2777 Deum
1291 2759 1352 2779 esse
1372 2752 1520 2788 aliquando
1549 2754 1750 2788 imperfectum,
1769 2758 1797 2781 et
1824 2754 1869 2782 in-

1075 2796 1224 2824 erementis
1242 2797 1354 2831 perﬁci;
1373 2799 1446 2833 quod
1462 2799 1495 2826 de
1513 2799 1568 2826 Deo
1583 2799 1674 2826 dicere
1699 2803 1727 2826 et
1748 2800 1871 2835 cogitare

1074 2842 1264 2878 blaspliemum
1281 2848 1332 2871 est.
1350 2843 1416 2872 Item
1441 2845 1520 2872 aliter
1536 2854 1543 2872 :
1562 2845 1590 2872 Si
1606 2844 1652 2872 Dei
1671 2846 1792 2880 potentia
1819 2846 1870 2882 ipsi

1076 2889 1224 2925 aliquando
1242 2891 1432 2919 tantummodo
1449 2891 1532 2926 inest,
1549 2892 1619 2921 lianc
1643 2892 1754 2922 nonuisi
1769 2893 1871 2922 deinde
