2083 3155
226 154 279 186 6‘79

863 144 1013 177 NICETE
1033 142 1239 174 BYZANTINI

1809 137 1865 170 680

227 207 344 242 accepit.
359 205 436 239 Quod
460 204 483 232 si
501 204 540 231 ita
551 208 602 236 est,
619 203 662 230 vel
677 209 691 229 a
709 209 738 230 se
756 202 816 236 ipso
832 208 892 228 eam
909 201 1017 235 accepit

1080 199 1190 234 ἱληφεν,
1214 199 1230 234 ἢ
1248 197 1313 233 παρ’
1339 196 1451 232 ἑτέρου·
1475 195 1532 223 ἀλλ’
1547 196 1571 222 εἰ
1589 195 1637 230 μὲν
1659 194 1729 230 παρ’
1756 194 1864 227 ἑαυτοῦ,

227 255 270 281 vel
286 254 321 280 ab
335 253 398 280 alio.
412 251 473 278 Jant
495 250 519 278 si
542 258 556 277 a
573 257 602 277 se
617 249 677 284 ipso
695 247 810 282 accepit,
828 246 871 273 vei
887 252 1017 279 tanquam

226 300 282 335 jam
300 299 402 326 habens
422 304 481 324 eam
504 296 618 330 accepit,
639 295 682 321 vel
701 301 792 321 secus.
815 292 868 319 Sed
884 292 1019 326 siquidem

228 350 359 379 tanquam
377 350 429 369 non
442 342 554 373 lta‘bens,
573 347 714 374 nunquam
728 339 799 366 hanc
813 338 938 372 accipiet.
950 335 1019 364 Nam

229 391 276 426 qui
294 395 335 416 est
355 391 462 423 ineptus
481 387 513 414 ad
541 386 695 413 faciendum
723 385 838 420 aliquid,
858 385 910 412 Itoc
930 385 1021 418 ipsum

230 436 334 464 scilicet
352 434 442 461 facere
456 441 509 460 non
522 437 619 467 potest.
637 430 754 464 Quod-si
771 436 900 465 tanquam
919 429 1021 456 habens

230 481 350 515 accc-pili,
374 480 462 515 primo
483 479 593 513 quidem
620 477 685 511 quid
710 477 820 508 obstat,
841 481 870 502 ut
891 476 1021 510 quoniam

230 526 413 561 sempiternus
428 529 498 556 erat,
520 524 642 559 polentia
659 530 770 558 qttoqne
785 522 915 557 praeditus
928 520 1023 548 esset?

230 573 332 600 Deinde
347 572 411 599 hinc
424 571 568 598 exsisteret
581 569 703 604 polentia
717 568 844 603 potentia":
855 588 862 600 ,
877 567 1023 601 multaeque

229 618 257 645 in
275 617 330 644 Deo
347 615 476 651 potentiae
493 615 606 647 ﬁerent;
631 613 702 648 qttod
718 620 795 646 acthe
817 611 962 638 manifeste
976 618 1024 637 tte-

230 661 350 697 gandum
367 664 417 687 est.
435 659 494 686 Jam
518 659 541 686 si
557 667 571 686 a
586 666 615 685 se
634 659 693 692 ipso
714 657 784 684 hanc
799 656 949 691 potentiam
965 663 1020 682 non

231 707 347 742 accepit,
363 710 488 741 superest
504 710 533 732 ιιι
550 705 584 731 ab
610 704 674 731 alio.
692 703 743 730 Sed
759 703 780 730 si
801 703 835 729 ab
851 702 915 734 alio,
931 701 1025 736 utique

232 754 275 780 \‘el
299 754 332 780 ab
361 753 458 787 wquali
485 751 526 778 \‘cl
546 759 561 778 a
583 750 688 777 minore
703 749 743 776 \‘el
762 757 776 776 a
803 749 926 776 meliore.
947 747 1024 781 Quod

232 800 343 834 quidem
358 807 373 826 a
387 799 496 825 nemine
511 797 657 832 acceperit,
673 796 738 822 inde
747 799 864 828 constat,
880 795 943 829 quia
952 794 1026 829 quod

231 846 382 882 perﬁcitur,
401 853 415 872 a
428 845 542 872 meliore
561 843 700 879 perﬁcitur
718 851 724 869 ε
744 842 815 876 quod
831 846 920 868 autem
936 841 1027 868 minus

1071 246 1132 280 ῆτοι
1154 245 1192 276 ὼς
1216 244 1286 279 ἔχων
1310 243 1424 278 δύναμιν
1455 242 1557 277 ταύτην
1582 242 1714 276 εἴληφεν,
1734 241 1801 276 ἢὼς
1829 241 1866 275 μὴ

1071 291 1157 326 ἔχων
1191 290 1248 318 ἀλλ’
1273 290 1297 316 ει
1326 289 1375 325 μὲν
1406 289 1444 320 ὡς
1467 289 1504 324 μὴ
1532 288 1624 323 ἔχων,
1653 287 1780 314 οὐδέποτε
1799 287 1868 314 ταύ-

1071 346 1122 373 την
1147 337 1277 373 λήψεταν
1302 337 1350 363 xui
1369 335 1423 371 γὰρ
1441 335 1471 361 τὸ
1496 334 1641 365 ’ἀδυνάτως
1666 335 1728 369 ἕχον
1751 334 1820 368 πρὸς
1837 333 1867 360 τὸ

1074 384 1160 410 ποιεῖν
1172 392 1208 414 τι,
1222 382 1352 409 ἀδύνατόν
1368 382 1427 407 ἐστι
1441 380 1521 407 τοῦτο
1536 381 1639 406 ποιεῖν·
1659 381 1682 406 ει
1697 380 1724 406 δὲ
1737 379 1774 410 ὼς
1786 379 1866 414 ἔχων,

1074 429 1181 464 πρῶτον
1198 429 1246 463 μὲν
1259 428 1284 455 τί
1296 428 1326 454 τὸ
1340 427 1443 454 κωλῦον
1460 427 1533 458 ἐξότε
1549 424 1583 461 ἦν
1600 426 1696 458 ἀΐδιος,
1717 425 1755 461 μὴ
1771 426 1818 452 xui
1834 425 1864 451 τὸ

1073 474 1203 501 δύνασθαι
1229 474 1318 509 ἕχειν;
1336 473 1431 500 ἔπειτα
1451 473 1499 498 xui
1524 472 1703 507 εὑρεθήσεται
1719 473 1768 506 τῆς
1785 472 1865 498 δυνά-

1075 529 1149 554 μεως
1165 520 1290 555 δύναμις,
1311 521 1358 546 xui
1372 519 1468 546 πολλαὶ
1490 520 1620 554 δυνάμεις
1637 518 1682 545 ἐπὶ
1702 518 1781 547 Θεοῦ.
1799 518 1867 552 ὅπερ

1074 568 1122 594 xui
1146 567 1225 593 τοῦτο
1241 566 1335 601 σαφῶς
1359 566 1537 602 ἐληλεγκται·
1556 566 1607 592 οὐκ
1619 565 1673 601 ἄρα
1689 566 1754 599 παρ’
1771 565 1867 591 ἑαυτοῦ

1074 613 1175 647 ταύτην
1200 612 1321 647 εἴληφεν,
1345 612 1469 639 λείπεται
1486 611 1551 647 παρ’
1569 612 1678 647 ἐτέρου·
1704 611 1762 637 ἀλλ’
1776 611 1800 637 εἰ
1821 612 1869 646 μὲν

1076 659 1141 695 παρ’
1157 659 1262 694 ἑτέρου,
1289 659 1348 693 ἤτοι
1373 659 1427 684 ἀπὺ
1440 659 1498 685 ι’σου
1515 657 1531 693 ἢ
1548 657 1595 684 ἀπ’
1615 657 1766 689 ἐλάττονος,
1785 657 1801 692 ἦ
1817 657 1869 683 ἀπὸ

1076 705 1246 741 κρείττονος·
1263 705 1320 731 ἀλλ’
1334 705 1374 731 ὅτι
1395 704 1443 739 μὲν
1456 704 1506 730 οὐκ
1523 704 1571 730 ἀπ’
1584 703 1691 735 οὐδενὸς
1707 703 1786 729 τοῦτο
1798 703 1871 729 ἑνδέ-

1076 759 1164 786 χεται,
1194 750 1320 777 ἐντεῦθεν
1345 749 1441 784 δῆλονο
1458 749 1488 775 τὸ
1513 749 1562 784 μὲν
1586 749 1639 784 γὰρ
1669 748 1868 783 τελειούμενον,

1077 796 1131 823 ἀπὸ
1150 797 1305 831 κρείττονος
1330 795 1499 822 τελειοῦται·
1523 795 1553 821 τὸ
1574 795 1602 821 δὲ
1622 794 1750 825 ἔλαττον,
1779 793 1870 829 χεῖρόν

1078 843 1136 869 ἐστι
1149 850 1156 858 ·
1173 843 1220 869 xui
1239 842 1269 869 τὸ
1292 842 1348 868 ἴσον
1372 842 1466 876 ὅμοιον
1477 848 1484 857 ’
1510 840 1643 876 κρείττων
1657 840 1686 867 δὲ
1705 840 1786 866 πάλιν
1801 838 1869 865 Θεοῦ

231 898 284 926 est,
302 892 422 920 deterius
443 896 484 919 est
498 901 505 924 ;
524 895 550 918 et
565 890 678 924 aequale,
698 889 835 916 similiter.
848 888 929 922 Atqui
945 894 1026 914 nemo

1080 888 1128 914 οὐκ
1152 887 1244 914 ἔστιν·
1269 888 1292 913 εὶ
1316 887 1370 922 γὰρ
1384 886 1462 913 τοῦτο
1487 886 1545 921 δοίη
1569 894 1621 917 τις,
1639 885 1715 911 ἔσται
1739 884 1786 911 τοῦ
1802 883 1869 911 Θεοῦ

234 939 288 966 Deo
314 938 410 965 melior
425 942 485 970 est;
504 945 565 963 nam
583 937 605 964 si
623 936 675 962 ltoc
698 934 843 970 quisquam
863 934 920 961 ﬁeri
945 941 1026 968 posse

231 984 375 1015 concedat,
390 983 441 1009 erit
457 982 503 1009 Dei
522 982 602 1013 Deus,
621 982 740 1015 itemque
756 980 825 1007 alius
842 980 913 1007 Deus
925 989 931 1012 ;
945 979 1026 1014 idque

232 1030 261 1056 in
276 1029 412 1056 ittﬁnittttn
436 1029 576 1064 procedet.
599 1028 682 1063 Igitur
712 1034 886 1062 nequaquam
910 1026 981 1054 Deus
993 1026 1026 1053 ab

231 1075 286 1103 alio
304 1075 453 1110 potentiam
472 1083 549 1103 suam
571 1075 683 1110 reeepit.
925 1100 931 1106 ,

267 1121 294 1148 8.
312 1121 447 1155 Quoniam
477 1121 569 1156 itaque
583 1121 654 1148 Deus
670 1130 758 1157 tthue
777 1130 791 1150 a
813 1129 843 1150 se
863 1121 932 1156 ipso,
955 1120 1025 1147 ntul-

233 1173 315 1203 toque
327 1168 419 1195 minus
431 1167 466 1194 ah
484 1168 538 1194 alio
560 1169 708 1202 potentiattt
731 1176 807 1196 suam
824 1168 932 1202 recipit,
951 1170 1026 1202 patet

232 1213 323 1248 ipsum
350 1212 451 1239 habere
475 1212 547 1238 illam
565 1213 750 1247 congenitam.
782 1212 831 1240 Est
858 1218 949 1239 autent
969 1212 1027 1246 ipse

233 1265 363 1293 semper;
379 1265 444 1293 ergo
467 1258 594 1292 et—ipsius
608 1259 754 1293 sapientia,
769 1266 823 1293 qua
846 1263 943 1293 potens
972 1261 1024 1290 est,

232 1309 258 1331 et
271 1311 325 1338 qua
338 1309 477 1338 operatur,
510 1311 620 1338 semper
634 1308 686 1331 est.
714 1304 791 1337 Quod
807 1305 830 1331 si
850 1308 965 1336 aeterna,
985 1306 1027 1329 est.

233 1349 315 1376 ctiam
329 1353 457 1384 perpettta
477 1353 504 1376 et
522 1349 723 1384 intemporalis.
741 1349 799 1377 Jam
829 1349 902 1385 quod
919 1356 1027 1383 semper

233 1400 285 1426 cst,
300 1393 325 1420 id
344 1398 475 1420 teternutn
492 1399 533 1420 est
548 1398 575 1421 et
590 1399 753 1429 perpetuunt
770 1399 798 1422 et
813 1394 992 1429 intemporale
1003 1398 1029 1420 et

234 1433 386 1466 increatum
402 1443 429 1465 et
445 1446 497 1466 non
506 1438 620 1466 factum.
631 1439 775 1475 Colligitur
791 1447 866 1476 ergo,
880 1440 1028 1475 potentiam

235 1484 294 1516 Dei,
310 1492 364 1519 qua
381 1489 477 1519 potens
493 1489 545 1517 est,
562 1490 589 1512 et
612 1493 666 1520 qua
687 1486 755 1521 agit,
772 1490 799 1514 et
816 1487 876 1513 sine
893 1494 945 1520 qtta
960 1485 1029 1512 nihil

235 1531 302 1565 agit,
320 1530 449 1557 inl‘eetant
463 1538 523 1558 esse
536 1536 618 1565 atque
641 1532 805 1559 increatam.
820 1531 877 1560 lam
891 1539 956 1559 vero
974 1539 1028 1558 non

1080 933 1157 965 Θεὸς,
1174 932 1222 959 καὶ
1236 932 1317 959 πάλιν
1334 932 1415 963 ἀλλος
1429 931 1507 963 Θεὸς,
1530 932 1578 958 xui
1595 931 1668 958 τοῦτ’
1681 931 1721 962 εἰς
1738 930 1850 965 ἄπειρον
1862 938 1868 946 ·

1080 980 1130 1007 οὐκ
1155 980 1209 1015 ἄρα
1233 980 1247 1005 ὁ
1269 979 1334 1011 Θεὸς
1360 978 1425 1014 παρ’
1452 979 1545 1014 ἑτέρου
1572 977 1620 1014 τὴν
1645 977 1728 1004 αὑτοῦ
1756 977 1871 1012 δύναμιν

1081 1027 1200 1062 εἴληφεν.

1118 1118 1153 1151 η’.
1173 1114 1251 1142 Ἐπεὶ
1264 1112 1310 1141 οὖν
1319 1115 1332 1141 ὁ
1344 1114 1409 1146 Θεῖις
1421 1113 1482 1140 οὒτε
1501 1115 1566 1148 παρ’
1582 1113 1691 1144 ἑαυτοῦ,
1707 1113 1769 1139 οὒτε
1781 1109 1872 1145 πο).λῴ

1084 1163 1184 1199 μᾶλλον
1200 1163 1265 1197 παρ’
1286 1161 1380 1197 ἑτέρου
1397 1161 1446 1196 τὴν
1461 1160 1544 1187 αὑτοῦ
1569 1160 1685 1194 δύναμιν
1708 1158 1870 1193 εἰσδέχεται,

1081 1209 1160 1245 δῆλον
1179 1210 1220 1236 ὅτι
1238 1208 1377 1244 σύμφυτον
1403 1207 1487 1243 αὐτὴν
1510 1207 1584 1242 ἔχει·
1606 1205 1704 1233 ἔστιδὲ
1719 1205 1799 1236 αὐτὸς
1815 1205 1870 1236 ἀεὶ,

1083 1256 1131 1282 καὶ
1147 1255 1164 1290 ἡ
1180 1254 1262 1281 αὐτοῦ
1285 1254 1410 1288 δύναμις,
1426 1253 1487 1280 καθ’
1502 1253 1535 1287 ἥν
1551 1253 1608 1278 ἐστι
1631 1252 1755 1284 δυνατὸς,
1777 1252 1824 1278 xui
1837 1251 1871 1277 δι’

1082 1299 1116 1337 ἧς
1131 1302 1211 1333 ποιεῖ,
1224 1301 1350 1327 ἀείέστιν
1361 1307 1368 1315 °
1383 1300 1408 1326 εἰ
1419 1297 1464 1325 οὖν
1478 1299 1520 1325 ἀεί
1534 1300 1603 1330 ἐστι,
1614 1299 1661 1325 xui
1676 1298 1784 1330 αἰώνιός
1797 1298 1872 1324 ἐστι’

1083 1349 1107 1374 εἰ
1121 1347 1149 1374 δὲ
1160 1346 1279 1379 αἰώνιος,
1297 1347 1344 1373 xui
1359 1346 1444 1377 ἀΐδιος
1460 1346 1505 1372 καὶ
1523 1345 1636 1380 ἄχρονος
1649 1354 1656 1360 ·
1676 1345 1730 1371 πᾶν
1745 1345 1772 1371 δὲ
1786 1344 1816 1370 τδ
1830 1345 1873 1370 ἀεὶ

1083 1395 1123 1428 ὃν,
1139 1393 1186 1421 xui
1201 1393 1310 1420 αἰώνιον
1324 1393 1371 1419 xui
1387 1392 1471 1418 ἀΐδιον
1487 1391 1533 1419 xui
1545 1392 1659 1427 ἄχρονον
1675 1391 1723 1418 xui
1746 1391 1873 1418 ἂκτιστον

1083 1440 1130 1466 xui
1145 1439 1276 1474 ἀγένητόν
1290 1439 1362 1465 ἐστι·
1385 1439 1531 1472 συνάγεται
1546 1438 1600 1473 ἄρα
1618 1438 1686 1472 ὁτιὴ
1701 1437 1815 1471 δύναμις
1826 1437 1873 1463 τοῦ

1084 1486 1151 1513 Θεοῦ
1175 1486 1236 1512 καθ’
1252 1486 1285 1521 ἥν
1301 1486 1359 1512 ἐστι
1375 1485 1497 1517 δυνατὸς,
1520 1485 1567 1511 xui
1581 1483 1614 1510 δι’
1634 1482 1667 1520 ἦς
1681 1485 1763 1517 ποιεῖ,
1780 1483 1827 1510 xui
1840 1481 1874 1519 ἧς

1085 1533 1170 1568 χωρὶς
1194 1532 1270 1559 οὐδὲν
1293 1533 1375 1564 ποιεῖ,
1403 1531 1536 1565 ἀγένητος
1561 1531 1607 1556 xui
1627 1530 1754 1561 ἄκτιστός
1782 1531 1872 1556 ἐστιν·

235 1576 336 1603 l'aetunt
351 1584 365 1603 a
393 1584 448 1603 non
465 1576 549 1609 facto,
565 1582 700 1611 quatenus
723 1586 777 1605 non
800 1582 842 1606 est
864 1578 979 1608 factum.
1002 1582 1027 1606 et

1083 1579 1215 1615 ἀγένητον
1229 1578 1256 1604 δὲ
1271 1579 1405 1613 ἀγενήτῳ,
1422 1577 1483 1603 xuO‘
1499 1576 1513 1603 ὃ
1533 1577 1563 1603 οὐ
1588 1577 1717 1611 γέγονεν’
1734 1577 1781 1603 xui
1793 1576 1873 1602 ἄκτι-

235 1622 388 1649 inereatunt
407 1622 440 1648 ab
457 1621 593 1654 increato,
613 1627 751 1657 quatenus
763 1630 818 1650 non
836 1628 879 1651 est.
894 1627 1028 1656 creatum,

237 1672 336 1694 natura
352 1668 420 1694 nihil
443 1668 514 1695 inter
533 1675 562 1696 se
576 1669 721 1703 different;
739 1669 813 1704 quod
833 1669 855 1697 si
877 1677 932 1696 non
951 1669 1030 1697 diﬁ‘e-

236 1717 312 1747 runt,
327 1714 398 1741 ident
421 1718 485 1741 sunt
497 1723 504 1747 ;
517 1719 544 1742 et
563 1715 587 1742 si
602 1715 684 1749 idem,
702 1716 824 1751 ejusdem
842 1724 950 1750 quoque
979 1724 1028 1744 na-

237 1763 306 1787 turae
347 1764 421 1793 sunt,
454 1761 706 1794 consubstantialia,
734 1766 762 1789 et
799 1763 929 1797 quidquid
959 1763 1033 1798 ejus-

237 1806 310 1833 modi
340 1810 391 1835 est.
417 1806 498 1841 Atqui
534 1808 606 1834 Deus
631 1811 674 1835 est
699 1807 816 1835 infectus
831 1813 858 1836 et
873 1809 1030 1841 incrcatus;

237 1859 303 1887 ergo
317 1860 393 1887 mque
405 1853 527 1887 potentia
546 1853 616 1888 ejus.
631 1853 717 1881 Porro
734 1861 818 1881 unttm
832 1858 875 1882 est
899 1854 1030 1881 infectum

238 1903 336 1926 natura
352 1903 378 1926 οι
392 1899 557 1931 increatum,
573 1899 645 1927 sicut
672 1908 834 1928 communes
847 1901 974 1928 notiones
988 1908 1032 1928 DC-

238 1950 333 1973 curate
363 1950 457 1973 tenent
478 1955 484 1972 :
505 1946 643 1982 colligitur
654 1954 729 1982 ergo,
760 1952 790 1974 ut
816 1947 864 1975 Dei
899 1948 1031 1983 potentia,

240 1999 293 2025 qua
310 1991 411 2018 dicitur
436 1997 543 2026 potens,
570 1997 597 2019 et
621 2000 674 2027 qua
689 1993 755 2027 agit,
771 1998 798 2020 et
813 1993 872 2020 sine
895 2001 948 2028 qua
965 1994 1032 2021 nihil

243 2037 309 2071 agit,
326 2038 570 2066 consubstantialis
585 2043 612 2066 et
625 2038 748 2073 ejusdem
769 2043 873 2066 natura:
895 2046 956 2066 cum
980 2040 1033 2067 Deo

241 2085 286 2111 sit.
303 2083 369 2116 Quae
396 2085 419 2111 si
437 2085 476 2112 ita
500 2093 529 2114 se
555 2085 669 2118 habent,
689 2086 748 2121 ipsa
776 2094 888 2121 quoque
911 2087 1032 2122 potentia

239 2128 312 2156 Deus
333 2133 385 2156 est.
405 2129 463 2164 Age
474 2137 539 2157 vero
555 2131 627 2165 quod
648 2138 680 2158 ex
693 2131 736 2159 bis
756 2132 827 2159 haud
842 2134 897 2160 duo
917 2132 954 2160 dii
966 2140 1033 2160 cott-

238 2180 364 2210 surgant,
379 2181 410 2202 ut
422 2176 539 2211 Agareni
552 2177 635 2204 stulte
654 2177 734 2205 ttobis
749 2178 909 2210 inclamant,
936 2179 1033 2206 subse-

239 2228 327 2256 quens
349 2225 443 2249 nostra
479 2223 568 2250 oratio
605 2223 820 2257 demonstrabit;
856 2232 919 2252 cum
943 2225 1030 2259 ipsttttt

239 2274 347 2302 quoque
363 2267 506 2302 Spiritum,
523 2268 568 2302 qui
584 2268 610 2295 in
627 2268 680 2295 Deo
695 2273 746 2302 est,
762 2274 891 2304 tanquam
908 2270 1029 2304 ejusdem

238 2317 344 2338 natura:
362 2316 389 2339 et
402 2313 666 2340 consubstantialem
682 2313 737 2341 Deo
752 2314 867 2349 ejusque
893 2315 1030 2349 potentiae,

240 2365 301 2392 quae
316 2362 342 2384 et
360 2357 500 2393 Sapientia
514 2363 541 2385 et
554 2358 672 2386 Verbum
690 2359 739 2387 Dei
755 2361 889 2395 potentia,
910 2369 962 2395 qua
991 2361 1033 2388 di-

239 2404 312 2431 citur
336 2409 444 2439 potens,
479 2409 502 2432 et
520 2413 573 2439 qua
595 2406 661 2441 agit,
689 2411 715 2433 et
734 2407 793 2434 sine
810 2414 864 2442 qua
882 2407 950 2434 nihil
966 2408 1031 2443 agit,

240 2458 355 2485 quaeque
387 2455 415 2478 et
447 2450 564 2478 Verbum
595 2451 640 2479 Dei
657 2456 685 2479 et
706 2453 839 2487 sapientia
870 2453 981 2486 dicitur,
1003 2456 1034 2482 ut

239 2501 331 2523 vestra
356 2504 465 2531 quoque
486 2497 622 2532 scriptura
654 2503 788 2532 testatur;
818 2499 890 2533 quod
906 2500 973 2531 hazc,
989 2499 1031 2527 in-

240 2551 334 2578 quam,
363 2544 496 2578 potentia,
529 2552 581 2571 non
608 2544 644 2572 sit
675 2545 771 2572 alienae
798 2545 968 2578 substantiae,
999 2553 1030 2573 ac

240 2588 324 2616 veluti
342 2589 481 2622 accidens,
498 2594 527 2617 ut
539 2597 586 2618 vos
599 2590 700 2623 dicitis,
728 2591 774 2618 sed
801 2591 924 2624 ejusdem
941 2591 1031 2625 potius

240 2640 346 2662 natura:
371 2639 398 2662 et
420 2636 666 2664 consubstantialis
687 2635 754 2670 Deo,
778 2640 871 2671 utpote
886 2643 941 2662 nott
959 2635 1029 2663 facta

240 2686 268 2708 et
285 2681 418 2712 inereata.
434 2682 459 2709 id
477 2682 527 2710 ltac
544 2682 650 2709 ratione
672 2683 701 2709 lit
716 2681 838 2709 evidens.

276 2727 303 2754 9.
319 2727 391 2756 Deus
407 2728 629 2764 simplicissimus
643 2734 696 2761 est,
717 2733 744 2755 et
767 2727 878 2755 cuilibet
895 2727 1029 2763 composi-

240 2771 308 2800 tioni
338 2774 529 2808 contpositaeve
557 2774 811 2810 notionisupetior,
828 2779 858 2802 ut
877 2774 1031 2803 communis

274 2865 313 2900 (ι)
326 2865 389 2894 Sur.
407 2866 453 2901 tv,
476 2867 534 2895 tos.

1083 1634 1147 1652 στον
1158 1625 1290 1660 ἀκτίστῳ,
1303 1624 1363 1651 καθ’
1379 1624 1393 1650 ὃ
1408 1625 1457 1650 οὐκ
1467 1623 1600 1655 ἓκτιεται,
1615 1623 1686 1650 κατὰ
1703 1623 1784 1658 φύσιν
1799 1623 1874 1649 οὐδὲν

1081 1672 1190 1699 διοίσει·
1205 1673 1229 1698 εἰ
1244 1672 1271 1698 δὲ
1287 1672 1363 1698 οὐδὲν
1378 1671 1482 1703 διοίσει,
1503 1671 1601 1697 ταυτόν
1620 1671 1694 1697 ἐστιν
1707 1679 1713 1686 -
1730 1670 1754 1696 εἰ
1769 1669 1797 1695 δὲ
1811 1677 1875 1696 ταυ-

1082 1718 1149 1750 τὸν,
1175 1718 1222 1744 xui
1249 1717 1368 1753 ὁμοφυὲς
1391 1717 1438 1743 xui
1460 1717 1603 1752 ὁμοοὺσιον
1628 1716 1676 1743 xui
1698 1717 1749 1743 ὅσα
1770 1716 1876 1747 τούτοις

1082 1764 1182 1799 ὅμοιον
1199 1763 1257 1789 ἐστι
1280 1763 1308 1789 δὲ
1331 1764 1378 1789 καὶ
1397 1763 1410 1789 ὁ
1425 1762 1490 1794 Θεὸς
1506 1763 1636 1797 ἀγένητος
1663 1761 1710 1788 xui
1735 1761 1873 1793 ἄκτιστος,

1084 1809 1140 1835 ἔστι
1155 1808 1184 1835 δὲ
1202 1809 1248 1835 καὶ
1264 1809 1281 1843 ἠ
1299 1808 1381 1835 αὐτοῦ
1397 1807 1513 1843 δύναμις
1525 1815 1532 1823 ’
1547 1807 1575 1834 ἓν
1587 1807 1614 1834 δὲ
1630 1807 1660 1833 τὸ
1676 1807 1808 1842 ἀγένητον
1825 1807 1874 1833 xui

1083 1856 1211 1883 ἄκτιστον
1236 1857 1268 1890 τῇ
1292 1856 1382 1890 φύσει,
1410 1855 1447 1886 ὠς
1465 1855 1492 1881 αἱ
1508 1855 1598 1881 κοιναὶ
1624 1853 1724 1880 ἔννοιαι
1751 1853 1875 1889 ἀκριϐῶς

1084 1902 1174 1937 ἔχουσι
1185 1911 1191 1917 ·
1210 1902 1355 1936 συνάγεται
1370 1902 1424 1937 ἄρα
1441 1901 1481 1928 ὅτι
1499 1903 1515 1936 ἡ
1529 1901 1644 1936 δύναμις
1666 1900 1713 1927 τοῦ
1734 1900 1802 1927 Θεοῦ
1814 1899 1875 1927 καθ’

1084 1949 1117 1984 ἣν
1135 1949 1244 1982 λέγεται
1264 1948 1386 1981 δυνατὸς,
1408 1948 1454 1974 καί
1474 1948 1508 1974 δι’
1520 1945 1554 1983 ἦς
1569 1948 1652 1980 ποιεῖ,
1673 1948 1719 1974 xui
1732 1945 1767 1984 ἦς
1789 1947 1875 1982 χωρὶς

1084 1994 1160 2022 οὐδὲν
1175 1996 1257 2027 ποιεῖ,
1279 1994 1420 2029 ὁμοούσιός
1433 1995 1491 2020 ἐστι
1507 1995 1553 2021 xui
1568 1994 1691 2029 ὀμοφυὴς
1706 1993 1744 2028 τῷ
1759 1993 1835 2028 Θεῷ·
1851 1994 1875 2019 εἰ

1084 2039 1112 2065 δὲ
1126 2039 1216 2072 τοῦτο,
1231 2040 1277 2066 xui
1293 2039 1362 2075 αὕτη
1375 2040 1441 2072 Θεὸς
1455 2048 1461 2055 ·
1479 2039 1526 2066 xui
1543 2040 1584 2066 ὅτι
1599 2041 1654 2066 κάκ
1670 2040 1773 2066 τούτων
1786 2040 1816 2066 οὐ
1829 2039 1876 2066 δύο

1085 2086 1151 2119 θεοὶ,
1168 2087 1206 2118 ὼς
1220 2087 1296 2113 αὐτοὶ
1309 2086 1414 2120 ἀλόγως
1435 2087 1509 2122 ἡμᾶς
1522 2087 1731 2122 ἐπιφημίζουσι,
1748 2095 1876 2122 παρακα-

1083 2132 1149 2158 τιὼν
1167 2131 1181 2157 ὁ
1197 2131 1275 2165 λόγος
1290 2131 1383 2164 δείξει,
1401 2131 1442 2157 ὅτι
1458 2131 1505 2158 xui
1521 2131 1551 2158 τὸ
1572 2131 1685 2167 Πνεῦμα
1702 2131 1748 2157 xui
1765 2131 1830 2158 αὐτὸ
1847 2131 1875 2157 ὲν

1084 2177 1123 2213 τῷ
1138 2177 1197 2212 Θεῷ
1213 2177 1250 2208 ὡς
1263 2177 1384 2212 ὁμοφυὲς
1408 2177 1455 2203 xui
1479 2177 1623 2212 ὀμοούσιον
1640 2178 1679 2212 τῷ
1695 2186 1725 2204 τε
1743 2177 1802 2212 Θεῷ
1828 2178 1875 2203 xui

1084 2224 1116 2258 τῇ
1130 2223 1211 2250 αὐτοῦ
1228 2224 1352 2259 δυνάμει,
1366 2223 1382 2258 ἢ
1399 2224 1444 2250 xui
1459 2224 1542 2258 Σοφία
1558 2224 1603 2250 xui
1617 2225 1702 2258 Λόγος
1715 2224 1782 2250 Θεοῦ
1799 2224 1876 2258 λέγε-

1084 2279 1139 2303 ται,
1154 2270 1261 2305 τρανῶς
1278 2270 1498 2306 διαγορεύσειεν·
1510 2270 1567 2297 ἀλλ’
1582 2271 1624 2297 ὅτι
1640 2271 1689 2306 μὲν
1706 2271 1753 2297 xui
1766 2271 1782 2305 ὴ
1795 2270 1876 2297 δύνα-

1086 2325 1131 2351 μις
1144 2316 1190 2342 τοῦ
1203 2316 1270 2343 Θεοῦ
1282 2317 1342 2343 καθ’
1351 2317 1383 2351 ἢν
1394 2317 1504 2350 λέγεται
1515 2317 1638 2350 δυνατὸς,
1651 2318 1696 2344 καὶ
1705 2317 1738 2343 δι’
1748 2315 1780 2353 ἧς
1792 2318 1874 2348 ποιεῖ,

1084 2362 1130 2388 καὶ
1144 2359 1178 2398 ἦς
1193 2363 1278 2398 χωρὶς
1300 2363 1377 2389 οὐδὲν
1398 2365 1479 2396 ποιεῖ,
1497 2363 1514 2399 ἢ
1530 2365 1577 2390 καὶ
1599 2365 1685 2399 Λόγος
1700 2364 1808 2399 λέγεται
1828 2364 1874 2391 τοῦ

1084 2407 1151 2434 Θεοῦ
1177 2409 1224 2435 xui
1261 2409 1365 2443 Σοφία,
1388 2409 1426 2441 ὡς
1448 2409 1496 2436 xui
1517 2410 1547 2436 τὺ
1573 2411 1704 2446 ὑμέτερον
1741 2411 1876 2447 μαρτυρεῖ

1085 2455 1204 2490 γράμμα
1227 2454 1276 2490 (4),
1293 2455 1342 2490 οὐχ
1366 2456 1598 2491 ὲτεροῦπόστατός
1622 2458 1696 2484 ἐστιν
1711 2457 1748 2489 ὡς
1773 2457 1875 2492 cupiis-

1085 2499 1179 2534 6qxo;,
1191 2500 1228 2531 ὡς
1239 2501 1319 2534 ὑμεῖς
1341 2510 1419 2535 φατε,
1448 2502 1505 2529 ἀλλ’
1526 2503 1650 2539 ὁμοφυής
1670 2511 1699 2529 τε
1713 2503 1760 2529 xui
1777 2503 1875 2538 ὁμοού-

1086 2552 1143 2574 σιος
1159 2544 1196 2579 τῷ
1207 2544 1266 2580 Θεῷ
1284 2545 1321 2576 ὡς
1336 2546 1467 2582 ἀγένητος
1483 2547 1528 2574 καὶ
1543 2548 1680 2581 ἄκτιστος,
1694 2548 1741 2574 xui
1753 2545 1804 2575 ὦδὲ
1817 2549 1876 2574 ἐστι

1085 2589 1174 2625 δῆλον.

1122 2679 1154 2708 θ’.
1178 2681 1206 2707 '0
1224 2681 1289 2714 Θεὸς
1315 2682 1502 2715 ἁπλούστατός
1521 2685 1590 2718 ἐστι,
1612 2685 1660 2712 xui
1676 2685 1766 2720 πάσης
1780 2684 1875 2711 συνθέ-

1087 2735 1155 2758 σεως
1181 2729 1228 2754 καὶ
1254 2727 1414 2764 συνθετικῆς
1433 2731 1537 2762 ἐννοίας
1562 2731 1701 2763 ἐπέκεινα,
1727 2732 1764 2763 ὡς
1783 2733 1830 2758 καὶ
1848 2731 1876 2757 αι

1087 2774 1288 2805 κοιναὶκέννοιαι
1307 2776 1372 2812 ἡμῖν
1391 2777 1595 2812 διαγορεύουσι·
1613 2778 1667 2805 πᾶν
1681 2777 1710 2804 δὲ
1725 2777 1758 2813 δὴ
1774 2776 1876 2811 συμϐε-
