2083 3155
194 148 245 181 681

773 149 990 180 REFUTATIO
1010 149 1248 180 MOHAMEDIS.

1772 149 1824 180 68?.

194 207 278 242 ϐηχὸς
295 204 365 241 μετὰ
377 205 425 232 τοῦ
439 202 461 239 ᾧ
476 205 645 240 συμϐέϐηκε,
673 205 801 234 σύνθετόν
817 207 847 234 τέ
863 209 921 234 ἐστι
937 207 983 233 καὶ

1038 215 1138 235 Sensus
1153 214 1204 234 nos
1235 207 1325 233 docet.
1338 205 1371 231 At
1385 211 1466 230 onme
1490 203 1626 234 accidens,
1653 211 1727 238 aeque
1747 212 1778 231 ac
1793 213 1824 231 ea

193 252 348 286 λογίζεται·
365 252 389 277 ει
403 250 432 277 δὲ
445 250 535 283 τοῦτο,
554 251 601 277 καὶ
621 251 754 284 διαλυτὸν,
776 252 836 287 ἦτοι
858 253 984 288 ἐνεργείᾳ

193 299 210 333 ἢ
225 298 356 332 δυνάμει,
381 296 521 323 τουτέστιν
540 296 556 330 ῆ
572 296 644 332 λόγῳ
663 296 680 331 ἢ
698 297 816 332 ὑπάρξει
829 305 837 313 ·
861 297 901 324 διὸ
925 298 983 324 ἐστι

195 341 406 376 συλλογίσασθαι
435 341 536 372 οὕτως·
559 342 588 368 ’0
603 342 669 374 Θεὸς
696 342 883 374 ἁπλούστατός
906 344 982 370 ἐστι·

194 389 249 415 πᾶν
269 388 298 414 δὲ
323 387 497 422 συμϐεϐηκὸς
523 387 592 421 μετὰ
617 387 664 414 τοῦ
679 384 701 421 ᾧ
724 387 917 423 συμϐέϐηκεν,
935 390 984 424 οὐχ

194 433 296 461 ἁπλοῦν
309 434 368 459 ἐστι
383 433 430 460 καὶ
444 433 580 466 λογίζεται
591 440 598 449 ·
613 433 758 467 συνάγεται
770 434 825 468 ἄρα
835 434 876 460 ὅτι
892 434 906 460 ό
918 434 983 465 Θεὸς

193 479 368 511 ἀνεπίδεκτός
382 479 441 505 ἐστι
458 478 677 514 ωμόεὸηκότοςο
694 479 751 514 ἔχει
762 479 791 506 δὲ
805 480 931 515 δύναμιν,
946 480 983 511 ὡς

194 526 244 554 καὶ
259 526 340 552 τοῦτο
361 525 497 552 δέδεικται
507 533 514 539 ·
533 527 581 551 καὶ
594 524 664 561 αὕτη
681 525 735 561 ἄρα
749 526 780 552 οὐ
795 525 982 561 συμδεσηκόςο

193 573 254 599 ἐστι
267 572 322 608 γὰρ
339 572 387 598 καὶ
401 571 481 598 τοῦτο
503 579 593 606 συμπε
599 572 678 606 ρᾶναι
690 571 778 604 οὓτως
789 579 797 587 ·
816 572 845 599 '0
858 572 926 604 Θεὸς
937 573 983 599 ἁν-

195 618 338 650 επίδεκτός
355 618 412 644 ἐστι
427 617 633 652 συμὸεϐηκότος
643 626 650 633 ·
669 619 683 644 ό
696 618 763 650 Θεὸς
777 618 893 654 δύναμιν
906 618 963 654 ἔχει
975 627 982 634 ·

195 665 341 698 συνάγεται
367 664 422 699 ἆρα
445 664 517 699 ὂτιὴ
534 663 649 699 δύναμις
673 664 721 691 τοῦ
746 664 814 691 Θεοῦ
831 666 861 691 οὐ
881 665 984 700 συμϐε-

177 699 181 746 :
194 711 278 746 δηκός
287 717 293 724 ’
305 711 330 736 ει
345 710 374 736 δὲ
385 709 473 741 τοῦτο,
487 710 534 736 καὶ
547 710 729 742 ὲνυπόστατος
743 711 791 737 καὶ
806 710 868 738 καθ’
885 699 984 746 ἑαυτὴν

175 739 305 799 ξτδιεῐναι
320 755 430 790 ἔχουσα,
444 739 492 782 καὶ
509 755 623 790 μηδενὸς
640 739 726 782 άλλουί
737 756 871 799 δεομένηί
886 739 984 783 ἔστιδὲ

193 801 242 828 καὶ
257 801 313 833 ἀεὶ,
331 801 369 833 ὡς
380 800 429 828 καὶ
450 800 529 828 τοῦτο
552 800 686 828 δέδεικται
697 809 704 817 ·
720 802 751 828 τὸ
765 801 794 828 δὲ
805 802 848 828 ἀεὶ
861 793 902 834 δν,
920 802 983 829 οὔτε

193 846 282 882 ἀρχὴν
307 846 439 882 χρονικὴν
461 845 517 881 ἔχει
533 845 595 872 οὕτε
611 847 703 878 τέλος·
721 848 774 874 πᾶν
796 847 825 874 δὲ
839 848 870 874 τὸ
885 849 983 874 ὲνυπό-

194 901 302 925 στατον,
318 894 388 928 μήτε
405 892 493 928 ἀρχὴν
503 892 564 927 ἔχον
582 892 711 928 χρονικὴν
727 893 794 929 μήτε
808 893 894 925 τέλος,
906 894 984 920 ἄκτι-

195 939 257 966 στόν
267 940 326 965 ἐστι
337 939 385 965 καὶ
392 938 524 974 ἀγένητον
533 945 542 951 ·
551 938 710 973 εὑρίσκεται
720 939 775 974 ἄρα
785 939 826 966 ὃτι
836 940 852 974 ή
868 939 983 974 δύναμις

193 983 240 1010 τοῦ
254 983 322 1010 Θεοῦ
334 983 351 1018 ἡ
361 983 553 1016 ἐνυπόστατος,
565 984 582 1019 ἢ
596 984 641 1010 καὶ
653 984 738 1018 Λόγος
751 984 799 1011 καὶ
810 985 895 1019 Σοφία
908 986 984 1021 παρὰ

193 1028 248 1055 τῶν
265 1028 345 1056 θείων
368 1028 485 1063 Γραφών
508 1029 616 1064 τρανῶς
635 1030 754 1064 λέγεται,
784 1030 910 1063 ἄκτιστός
925 1032 984 1058 ἐστι

192 1074 242 1101 καὶ
263 1073 412 1109 ἁγένητος’
430 1074 463 1100 τὸ
475 1073 503 1100 δὲ
517 1074 645 1102 ἄκλειστον
658 1075 706 1102 καὶ
722 1075 867 1111 ἀγένητον,
890 1077 940 1103 καὶ
956 1078 983 1103 at

193 1121 284 1147 κοιναὶ
299 1119 400 1147 ἔννοιαι
416 1120 466 1146 οὐκ
488 1120 532 1147 ἔπ’
549 1119 630 1147 ἄλλον
653 1120 726 1152 τινὸς
742 1120 854 1148 εἰώθασι
881 1121 981 1156 λέγειν,

193 1165 252 1192 ἀλλ’
273 1166 320 1192 ἐπὶ
337 1165 406 1192 Θεοῦ
418 1174 424 1180 ·
442 1166 459 1201 ὴ
473 1165 590 1201 δύναμις
613 1166 669 1201 ἄρα
680 1166 728 1193 τοῦ
741 1166 821 1200 Θεοῦ,
839 1167 913 1202 ἥπερ
935 1169 983 1195 καὶ

195 1211 281 1245 Σοφία
297 1210 346 1238 καὶ
362 1210 449 1245 Λόγος
461 1211 546 1238 αὑτοῦ
570 1212 618 1238 καὶ
636 1211 700 1243 Υἱὸς
714 1212 747 1238 ἑκ
759 1211 814 1238 τῶν
828 1212 894 1247 παρ’
917 1213 983 1247 ἡμῖν

194 1256 441 1292 προσαγορεύεται,
463 1256 530 1288 Θεός
544 1256 574 1282 τὲ
599 1257 673 1283 ἐστιν
699 1257 837 1292 ἀληθινὸς,
853 1257 983 1284 καὶκατὰ

195 1302 285 1328 πάντα
299 1303 392 1337 ὅμοιος
402 1302 441 1338 τῷ
457 1302 516 1337 Θεῷ
530 1303 578 1329 καὶ
594 1303 692 1338 Πατρὶ,
707 1304 756 1330 καὶ
770 1304 845 1339 παρὰ
858 1305 912 1331 τῶν
932 1313 983 1330 κα-

194 1344 248 1376 λώς
261 1345 425 1379 δοξαζόντων
434 1347 605 1382 Χριστιανῶν
616 1348 772 1374 πιστεύεται
781 1350 829 1375 καὶ
836 1348 981 1383 λογίζεται·

194 1391 254 1418 ἀλλ’
266 1392 307 1418 ὃτι
324 1392 373 1427 μὲν
390 1392 439 1428 τὴν
461 1393 576 1428 δύναμιν
596 1393 644 1420 τοῦ
661 1394 727 1420 Θεοῦ
743 1394 804 1421 καθ’
822 1395 855 1429 ἢν
873 1395 982 1429 λέγεται

195 1437 319 1470 δυνατὸς,
338 1439 387 1465 καὶ
399 1439 433 1465 δι’
450 1436 484 1475 ἦς
496 1441 580 1473 ποιεῖ,
604 1440 651 1466 καὶ
664 1437 698 1475 ἧς
714 1442 799 1475 χωρὶς
818 1441 894 1467 οὐδὲν
913 1443 984 1467 ποιεῖ

196 1484 212 1510 ὁ
223 1483 299 1517 Θεὸς,
313 1484 380 1511 Θεὸν
394 1486 408 1512 6
417 1485 496 1519 λόγος
510 1485 707 1521 καὶόμοούσιον
722 1486 807 1522 αὐτὴν
816 1487 864 1513 καὶ
875 1487 982 1522 όμοφυῆ

195 1529 244 1556 τοῦ
265 1531 333 1557 Θεοῦ
361 1533 408 1557 καὶ
435 1532 542 1566 Πατρδς
569 1531 628 1567 μετ’
652 1532 783 1566 ἀκριϐοῦς
819 1532 982 1564 ἀποδείξεως

196 1574 290 1609 ἔδειξε,
309 1577 436 1612 φανερόν.

233 1715 260 1743 ι’.
279 1716 340 1743 ὀτι
353 1716 382 1743 δὲ
396 1716 443 1744 καὶ
458 1717 527 1752 αὐτὴ
542 1717 605 1750 Υἱὸς
621 1718 689 1745 Θεοῦ
707 1720 753 1746 καὶ
767 1719 853 1754 Λόγος
871 1721 918 1747 καὶ
936 1722 984 1749 Σο-

197 1762 248 1797 φία
266 1762 356 1795 ἑστιν,
373 1763 419 1790 καὶ
436 1764 548 1795 εἰκότως
565 1764 630 1801 παρ’
645 1765 724 1800 ἡμῶν
741 1765 795 1792 τῶν
812 1767 985 1801 Χριστιανῶν

196 1807 370 1844 ὡμολόγηται
388 1817 418 1835 τε
438 1809 485 1836 καὶ
501 1809 698 1842 πεπίστευται,
722 1807 773 1837 ὦδέ
789 1811 849 1843 πώς
864 1813 921 1838 ἐστι
939 1813 986 1848 δῆ-

197 1853 253 1880 λον.
276 1854 304 1880 '0
324 1854 401 1886 Θεὸς.
421 1855 500 1890 εἴπερ
514 1856 572 1881 ἐστὶ
583 1854 649 1887 Θεὸς
665 1856 792 1890 ἀληθινὸς
810 1857 858 1883 καὶ
874 1857 984 1891 λέγεται

198 1899 246 1925 καὶ
260 1899 418 1926 πιστεύεται
433 1900 478 1926 καὶ
495 1901 571 1934 παρὰ
587 1900 641 1926 τῶν
658 1901 860 1935 εὐφρονούντων
876 1902 985 1935 δοξάζε-

196 1953 242 1971 ται
265 1945 313 1972 καὶ
326 1944 509 1981 κηρύττεταιζ
525 1946 584 1980 ἦτοι
601 1947 634 1972 ἐκ
644 1946 698 1972 τῶν
719 1947 779 1973 κατ’
799 1948 892 1979 αὑτὸν,
907 1957 986 1975 τουτ-

197 1991 270 2018 έστιν
281 1992 313 2018 ἐκ
326 1991 376 2026 τῆς
385 1991 480 2023 οὐσίας
492 1992 586 2024 αὑτοῦ,
597 1992 741 2026 ἔγνωσται,
750 1994 778 2019 ἐν
791 1990 832 2024 οἷς
846 1993 985 2026 δοξάζεται

196 2037 244 2064 καὶ
267 2037 432 2073 κηρύττεται
453 2037 500 2064 καὶ
516 2038 673 2064 πιστεύεται
688 2039 729 2065 ὃτι
748 2039 832 2070 ἔστιν,
850 2040 866 2074 ἢ
883 2041 914 2066 ἐκ
931 2040 985 2066 τῶν

197 2083 264 2119 περὶ
290 2084 388 2116 αὐτὸν,
406 2085 531 2111 τουτέστι
555 2085 610 2110 τῶν
632 2085 715 2112 αὐτοῦ
732 2086 906 2120 κτισμάτων·
928 2086 984 2113 ἀλλ’

196 2130 237 2156 ὅτι
253 2131 302 2164 μὲν
318 2131 350 2156 ἐκ
365 2130 419 2156 τῶν
435 2132 496 2158 κατ’
512 2130 610 2163 αὐτὸν,
624 2131 763 2157 τουτέστιν
779 2133 811 2158 ὲκ
829 2132 879 2167 τῆς
892 2132 986 2164 οὐσίας

196 2176 291 2208 αὐτοῦ,
308 2178 449 2212 ἀμήχανον
469 2178 516 2204 καὶ
532 2177 663 2204 ἀδύνατον
686 2178 819 2211 ἐγνῶσθαι
837 2178 916 2204 αὐτὸν
937 2180 985 2205 καὶ

196 2224 257 2254 ταῖς
275 2223 434 2257 ἀγγελικαῐς
448 2224 595 2258 δυνάμεσι,
615 2223 653 2258 μὴ
674 2225 715 2250 ὅτι
730 2232 762 2257 γε
777 2225 810 2258 τῇ
826 2225 983 2260 ἀνθρωπίνῃ

197 2269 288 2303 φύσει,
305 2270 350 2296 καὶ
366 2271 394 2296 αἱ
407 2270 495 2296 κοιναὶ
513 2269 612 2296 ἔννοιαι
626 2270 700 2304 ἡμᾶς
715 2269 903 2296 ἐκδιδάσκουσι
914 2278 920 2284 ’
936 2270 983 2295 καὶ

197 2314 252 2350 γὰρ
267 2315 312 2342 τὸν
323 2315 394 2342 Θεὸν.
405 2315 476 2342 κατὰ
486 2315 530 2342 τὸν
542 2316 592 2350 τῆς
603 2315 696 2346 οὐσίας
706 2314 796 2348 λόγον,
811 2316 982 2349 ἀκατονόμα-

198 2369 261 2388 στον
283 2362 331 2388 καὶ
354 2362 539 2397 ἀνέκιρραστον
559 2362 625 2396 ἡμῖν
651 2362 697 2387 καί
718 2360 860 2396 ἀνώνυμον
883 2361 930 2386 καὶ
955 2361 984 2386 αι

197 2406 268 2433 θεῖαι
281 2407 389 2443 Γραφαὶ
402 2408 446 2434 καὶ
461 2407 489 2433 αἱ
504 2408 592 2433 κοιναὶ
608 2406 707 2433 ἔννοιαι
727 2406 904 2442 παραδιδόασι
915 2413 923 2422 ⁸
938 2407 984 2432 καὶ

197 2452 292 2480 τούτου
319 2454 410 2484 πίστις
434 2453 569 2488 ἐναργὴς,
594 2454 618 2479 εὶ
640 2452 712 2478 θέλοι
732 2461 774 2484 τις
798 2453 931 2488 συνορᾷν,
955 2453 984 2478 τὸ

199 2499 283 2534 μηδὲν
299 2499 354 2526 τῶν
375 2499 459 2525 αὐτοῦ
474 2499 614 2534 ὀνομάτων
635 2499 683 2532 τῆς
698 2498 791 2529 οὐσίας
811 2499 894 2525 αὐτοῦ
916 2497 985 2525 εἶναι

196 2546 361 2582 δηλωτικὸν.
382 2547 469 2582 αὕτη·
489 2546 537 2573 καὶ
561 2545 615 2581 γάρ
638 2545 753 2572 ἕκαστον
772 2546 825 2572 τῶν
847 2546 985 2581 ὀνομάτων

197 2593 266 2628 πρὸς
278 2592 390 2628 όδηγίαν
400 2593 449 2628 τῆς
467 2592 543 2623 θείας
558 2592 665 2626 φύσεως
679 2592 744 2626 ἡμῖν
759 2591 984 2626 λαμῦανομένων,

199 2639 267 2666 ἰδίαν
283 2640 340 2674 ἔχει
357 2640 472 2666 ἕκαστον
489 2638 762 2674 ἑμπεριειλημμένην
779 2638 899 2664 διάνοιαν
910 2646 916 2653 ·
940 2639 986 2664 καὶ

197 2687 248 2714 οὐκ
261 2686 294 2713 ἂν
307 2687 391 2722 χωρὶς
402 2686 539 2722 νοήματός
551 2694 634 2718 τινος,
649 2685 778 2720 οὐδεμίαν
793 2684 884 2720 εὖροις
894 2684 986 2719 φωνὴν

197 2732 227 2758 δν
248 2733 306 2764 τοῖς
329 2732 574 2767 θεοπρεπεστέροις
589 2731 643 2758 τῶν
665 2731 816 2765 ὀνομάτων.
837 2730 867 2755 Εἰ
886 2727 932 2756 οὖν
954 2731 986 2756 ἐκ

198 2777 248 2814 τῆς
263 2778 357 2810 οὐσίας
374 2778 514 2813 ἀμήχανον
531 2778 610 2804 αὑτὸν
630 2776 782 2811 ἐγνῶσθαι,
805 2777 842 2807 ὡς
866 2775 985 2810 ἔφαμεν,

198 2824 316 2860 φανερὸν
332 2825 373 2851 ὅτι
390 2825 423 2850 ὲκ
437 2824 491 2850 τῶν
504 2824 568 2859 περὶ
582 2823 674 2855 αὐτὸν,
693 2822 766 2850 καθὰ
785 2823 833 2848 καὶ
851 2821 928 2857 ὀρθός
945 2830 987 2852 τις

198 2871 278 2905 λόγος
306 2870 449 2907 ἐμφαίνει·
479 2871 512 2897 ὲκ
538 2870 593 2905 γάρ
620 2869 751 2904 μεγέθους
783 2869 830 2895 καὶ
853 2867 985 2902 καλλονῆς

357 2919 493 2949 Parnm“
503 2919 573 2955 .GR.
596 2918 643 2949 CV

1037 262 1081 281 res
1095 254 1139 281 cui
1160 252 1270 284 accidit,
1294 251 1475 286 compositum
1500 254 1542 276 est
1563 254 1591 277 et
1619 250 1658 277 sic
1672 255 1825 284 reputatur.

1035 299 1113 331 Quod
1131 299 1154 325 si
1180 298 1216 324 ita
1247 305 1276 324 se
1295 296 1390 327 habet.
1410 294 1570 322 dissolubile
1584 303 1694 330 quoque
1711 300 1763 328 est,
1783 297 1825 322 vel

1036 345 1136 371 virtute
1159 344 1200 370 Vel
1222 343 1350 378 potentia,
1381 341 1406 368 id
1434 346 1486 373 cst,
1503 341 1674 368 rationaliter
1701 342 1742 368 vel
1759 342 1825 368 sub-

1035 389 1209 417 stantialiter.
1227 389 1272 416 Sic
1285 387 1570 423 itaqueargumentari
1583 387 1645 415 licet
1659 395 1666 413 :
1681 387 1750 414 Deus
1761 387 1827 415 sim-

1035 437 1202 471 plicissimus
1218 439 1260 463 est
1285 444 1293 462 :
1320 435 1462 469 quodlibet
1479 440 1571 461 autem
1588 433 1728 466 accidens,
1749 442 1828 469 aeque

1036 489 1068 509 ac
1082 489 1113 509 ea
1127 489 1170 508 res
1179 481 1223 508 cui
1235 481 1343 513 accidit,
1356 488 1410 507 non
1425 484 1466 507 est
1477 480 1603 514 simplex,
1618 486 1668 506 nec
1676 483 1827 514 reputatur.

1035 527 1179 563 Colligitur
1198 534 1264 562 ergo
1298 525 1382 554 Deum
1400 525 1550 553 accidentis
1573 533 1634 553 esse
1657 525 1824 560 incapacem.

1035 574 1118 609 Atqui
1135 573 1283 609 potentiam
1296 572 1387 602 habet.
1406 572 1444 598 uti
1461 571 1679 598 demonstratum
1689 575 1731 599 est
1744 580 1750 598 :
1763 579 1828 606 ergo

1037 620 1094 646 haec
1108 626 1218 654 quoque
1233 618 1360 645 accidens
1381 625 1434 644 non
1451 621 1511 649 est;
1526 617 1598 652 quod
1625 617 1660 643 ita
1676 617 1779 652 pariter
1795 618 1828 644 ad

1035 664 1239 691 conclusionem
1251 662 1402 690 deducitur.
1414 663 1484 689 Deus
1490 662 1636 689 accidentis
1648 661 1762 696 incapax
1770 666 1828 695 est;

1036 710 1109 738 Deus
1118 709 1235 744 potentia
1246 709 1375 744 praeditus
1384 713 1426 735 est
1441 707 1662 742 :colligiturergo
1675 706 1722 735 Dei
1732 712 1828 742 poten-

1036 757 1101 784 tiam
1113 764 1168 784 non
1180 763 1241 784 esse
1254 755 1421 783 accidentem
1440 763 1447 781 :
1461 754 1533 789 quod
1548 754 1570 782 si
1586 755 1622 781 ita
1639 761 1668 781 se
1679 754 1770 786 habet,
1787 759 1829 780 est

1036 803 1094 829 hac
1111 802 1166 829 Deo
1177 801 1393 836 enhypoststica.
1411 804 1437 826 et
1453 807 1500 835 per
1514 808 1543 827 se
1557 800 1763 827 subsistentiam
1781 800 1829 826 ha-

1036 849 1091 879 bet,
1102 853 1129 876 et
1149 847 1202 875 alio
1216 847 1325 874 neutrius
1339 850 1411 881 eget.
1428 845 1480 873 Sed
1500 850 1527 873 et
1541 847 1638 873 eadem
1653 854 1760 881 semper
1774 851 1827 878 est,

1039 894 1112 930 qmd
1131 895 1194 922 item
1216 893 1433 920 demonstratum
1451 891 1512 918 fuit.
1529 891 1607 925 Quod
1621 896 1712 919 autem
1721 899 1829 926 semper

1038 943 1090 972 est,
1102 946 1136 966 ne
1146 937 1410 973 temporalequidem
1424 937 1531 964 initium
1542 937 1623 965 habet
1631 945 1719 972 neque
1734 937 1826 965 ﬁnem.

1037 984 1125 1012 Omne
1138 992 1205 1012 vero
1231 984 1304 1019 quod
1319 983 1556 1019 enhypostaticum
1578 988 1631 1016 est,
1647 991 1738 1019 neque
1758 989 1829 1011 tem-

1038 1029 1130 1064 porale
1144 1028 1227 1055 habet
1241 1028 1348 1055 initium
1363 1028 1404 1055 vel
1421 1028 1512 1058 tinem,
1529 1027 1566 1060 id,
1583 1028 1706 1063 inquam,
1721 1028 1827 1055 increa-

1038 1079 1095 1102 tum
1112 1079 1193 1103 estet
1220 1074 1363 1102 infectum.
1384 1074 1557 1109 Comperitur
1581 1075 1684 1109 ἰιιιιμιθ,
1710 1073 1758 1101 Dei
1779 1082 1828 1109 po-

1038 1121 1161 1150 tentiam.
1175 1128 1236 1155 qute
1245 1122 1442 1156 enhypostatos
1451 1124 1477 1148 et
1486 1120 1606 1148 Verbum
1619 1126 1701 1155 atque
1713 1120 1828 1156 Sapien-

1038 1167 1074 1193 tia
1105 1173 1119 1192 a
1147 1166 1248 1194 divinis
1276 1166 1425 1200 Scripturis
1458 1166 1561 1200 liquido
1589 1167 1749 1201 appellatur,
1769 1174 1830 1194 esse

1039 1213 1189 1239 increatam
1207 1216 1290 1246 atque
1308 1211 1448 1239 inlectam.
1466 1211 1545 1245 Quod
1562 1216 1654 1239 autem
1671 1212 1826 1240 increatum

1039 1258 1226 1293 infectumque
1246 1262 1299 1291 est,
1312 1258 1339 1285 id
1355 1265 1516 1286 communes
1530 1265 1639 1293 quoque
1655 1258 1781 1286 notiones
1795 1259 1828 1285 de.

1038 1304 1093 1331 alio
1107 1304 1219 1332 nemine
1235 1311 1317 1339 quam
1341 1304 1375 1331 de
1393 1303 1449 1330 Deo
1465 1303 1558 1330 dicere
1570 1303 1668 1330 solent.
1683 1303 1754 1337 Ergo
1781 1303 1827 1330 Dei

1037 1350 1157 1385 potentia
1172 1358 1234 1385 qua:
1245 1354 1273 1377 et
1287 1349 1406 1377 Verbum
1423 1353 1450 1376 et
1460 1349 1598 1383 Sapientia
1610 1349 1697 1383 ipsius
1717 1349 1826 1377 dicitur.

1037 1400 1064 1424 et
1088 1403 1104 1423 a
1130 1395 1234 1423 nostris
1254 1394 1341 1422 Filius
1363 1394 1524 1430 appellatur,
1544 1394 1615 1421 Dens
1630 1403 1710 1422 verus
1729 1400 1780 1427 est,
1799 1399 1828 1422 et

1037 1449 1085 1476 per
1092 1441 1186 1469 omnia
1200 1441 1299 1468 similis
1313 1441 1369 1471 Deo
1379 1441 1451 1468 Patri
1463 1449 1470 1473 ;
1491 1446 1518 1468 et
1531 1449 1546 1468 a
1557 1441 1665 1468 cunctis
1677 1445 1750 1468 recte
1762 1448 1826 1468 sen-

1037 1485 1167 1513 tientibus
1178 1485 1344 1512 Christianis
1353 1484 1472 1512 creditur
1482 1491 1514 1511 ac
1525 1489 1675 1519 reputatur.
1686 1483 1766 1512 Nunc
1781 1492 1826 1512 er-

1037 1538 1081 1566 go,
1094 1531 1166 1566 quod
1176 1529 1222 1557 Dei
1236 1530 1394 1565 potentiam,
1405 1537 1457 1564 qua
1468 1530 1491 1556 is
1501 1529 1603 1557 dicitur
1614 1533 1721 1564 potens,
1735 1534 1762 1557 et
1775 1537 1827 1564 qua

996 1577 1018 1608 C
1035 1575 1100 1610 agit,
1108 1576 1202 1603 etsine
1210 1583 1263 1610 qna
1277 1575 1344 1602 nihil
1354 1575 1410 1609 agit
1422 1574 1500 1606 Deus,
1510 1581 1601 1602 sermo
1611 1579 1734 1602 nosteret
1744 1574 1826 1602 Deum

1035 1629 1109 1655 esse,
1121 1627 1148 1649 et
1168 1621 1223 1649 Deo
1236 1620 1310 1648 Patri
1328 1620 1588 1649 cortsnbstautialem
1602 1624 1684 1654 atque
1700 1620 1827 1654 homoge-

1037 1675 1115 1695 neam
1127 1667 1245 1695 evidenti
1257 1666 1490 1694 demonstratione
1507 1666 1665 1698 ostenderit,
1675 1665 1764 1700 palam
1775 1670 1828 1692 est.

1071 1713 1115 1741 10.
1131 1714 1209 1747 Quod
1225 1720 1288 1740 vero
1301 1712 1396 1739 eadem
1416 1717 1444 1739 et
1460 1711 1506 1738 Dei
1517 1710 1602 1738 Filius
1616 1710 1652 1738 sit
1663 1715 1690 1738 et
1711 1710 1828 1738 Verbum

1037 1765 1118 1794 atque
1134 1759 1284 1794 Sapientia,
1301 1759 1429 1792 quodque
1442 1765 1502 1784 eam
1514 1757 1577 1791 jure
1601 1756 1756 1791 meritoque
1779 1764 1829 1784 nes

1036 1805 1184 1833 Christiani
1213 1804 1393 1832 conﬁteantur
1414 1808 1497 1838 atque
1529 1802 1690 1835 credamus,
1714 1803 1756 1830 sic
1771 1802 1827 1830 fere

1038 1851 1211 1878 manifeslum
1227 1851 1283 1878 tiet.
1306 1849 1389 1882 Deus,
1408 1849 1544 1884 siquidem
1562 1856 1644 1876 verus
1656 1848 1728 1876 Deus
1747 1853 1774 1875 et
1788 1848 1828 1875 di-

1036 1899 1108 1926 citur
1122 1902 1203 1932 atque
1216 1897 1337 1924 creditur
1355 1900 1382 1923 et
1397 1897 1431 1922 ab
1446 1896 1575 1922 onmibus
1587 1901 1660 1922 recte
1687 1894 1829 1922 sentienti-

1037 1944 1088 1971 bus
1104 1943 1269 1978 glorilieatur
1286 1947 1313 1970 et
1332 1941 1503 1977 przedicatur,
1526 1940 1609 1973 Deus,
1634 1941 1756 1974 inquam,
1785 1940 1828 1966 vel

1037 1997 1070 2017 ex
1087 1989 1130 2016 his
1144 1996 1204 2023 qute
1217 1992 1282 2015 sunt
1297 1987 1446 2015 secundum
1473 1986 1583 2021 ipsmn,‘
1595 1985 1621 2013 id
1649 1989 1702 2017 est,
1717 1992 1750 2012 ex
1769 1985 1827 2018 ejus

1038 2035 1202 2067 substantia,
1218 2034 1402 2068 cognoscitur,
1420 2039 1556 2068 quatenus
1576 2040 1609 2059 ex
1627 2032 1670 2059 his
1692 2032 1828 2066 glorilicao

1039 2087 1092 2113 tur,
1107 2081 1271 2116 praedicatur
1283 2079 1438 2107 etcreditur
1453 2079 1527 2114 quod
1544 2079 1581 2106 sit
1600 2087 1608 2112 ;
1627 2078 1669 2105 vel
1689 2079 1778 2112 potius
1793 2085 1827 2104 ex

1038 2129 1071 2156 iis
1088 2135 1148 2163 quae
1163 2127 1235 2154 circa
1244 2126 1332 2161 ipsum
1352 2130 1426 2158 sunt,
1442 2126 1468 2153 id
1482 2130 1534 2158 est,
1555 2133 1589 2152 ex
1606 2125 1741 2152 creaturis
1756 2125 1825 2160 ejus.

1040 2175 1092 2202 Sed
1108 2175 1180 2201 enim
1196 2181 1228 2201 ex
1241 2174 1284 2200 his
1296 2181 1357 2208 qua:
1371 2173 1520 2200 secundum
1535 2172 1623 2206 ipsum
1639 2175 1712 2203 sunt,
1731 2171 1756 2197 id
1773 2177 1824 2200 est.

1039 2230 1071 2248 ex
1085 2221 1145 2256 ejus
1164 2221 1327 2252 substantia,
1354 2220 1442 2253 ipsqu
1468 2218 1606 2252 cognosci,
1631 2218 1681 2244 hoc
1695 2217 1826 2252 angelicis

1036 2275 1146 2302 quoque
1165 2267 1312 2293 virtutibus
1324 2265 1492 2300 impossibile
1512 2271 1584 2295 esse,
1603 2265 1702 2290 nedum
1721 2267 1827 2290 natura:

1038 2314 1173 2343 humanm,
1192 2313 1232 2338 vel
1248 2318 1408 2338 communes
1423 2311 1548 2338 notiones
1560 2310 1627 2337 satis
1645 2317 1695 2336 nos
1715 2309 1824 2336 docent.

1034 2360 1102 2386 Nam
1117 2360 1197 2391 Deus,
1211 2358 1283 2393 quod
1306 2358 1402 2385 attinet
1431 2358 1463 2384 ad
1484 2364 1540 2384 sua:
1560 2357 1722 2383 submantim
1742 2356 1824 2383 ratio-

1036 2412 1109 2437 nem,
1127 2403 1331 2431 innominabilis
1347 2407 1399 2435 est,
1428 2402 1589 2434 ineﬂ‘abills,
1613 2406 1640 2428 et
1661 2408 1824 2436 anonymus.

1038 2456 1067 2478 ut
1091 2451 1191 2478 divime
1204 2458 1312 2485 quoque
1335 2449 1486 2484 Scriptura:
1499 2454 1526 2476 et
1553 2455 1714 2475 communes
1735 2447 1824 2473 notio-

1036 2505 1085 2524 nes
1106 2497 1214 2523 tradunt
1236 2505 1242 2523 ε
1262 2496 1340 2530 cujus
1360 2495 1398 2522 rei
1424 2501 1597 2529 perspicuum
1623 2498 1825 2528 argmnentum,

1036 2543 1058 2570 si
1077 2543 1138 2576 quis
1151 2542 1232 2574 volet,
1251 2546 1352 2572 cernet.
1368 2541 1440 2576 quod
1463 2548 1559 2576 nempe
1587 2540 1690 2567 nullum
1717 2548 1750 2566 ex
1766 2540 1826 2573 ejus

1036 2589 1196 2616 nominibus
1216 2588 1397 2616 substantiam
1420 2587 1542 2621 ejusdem
1564 2586 1731 2613 manifestat.
1757 2584 1824 2611 Nam

1038 2635 1143 2668 singula
1158 2635 1270 2662 nomina
1283 2642 1343 2669 quae
1367 2643 1381 2660 a
1408 2633 1486 2660 nobis
1502 2634 1666 2660 adhibentur
1689 2632 1767 2666 quasi
1791 2631 1824 2657 ad

1038 2681 1157 2708 divinam
1173 2685 1297 2706 naturam
1322 2679 1460 2709 ducentia.
1484 2680 1622 2714 proprium
1651 2676 1824 2710 unumquod-

1038 2736 1091 2762 que
1122 2727 1222 2754 habent
1255 2727 1404 2754 involutam
1438 2726 1602 2758 notiouem;
1626 2731 1712 2758 neque
1739 2722 1824 2749 ullum

1038 2773 1187 2809 conperies
1200 2773 1259 2800 sine
1283 2774 1399 2807 quadam
1429 2772 1527 2799 mentis
1555 2769 1718 2804 cogitatione
1745 2774 1825 2794 voca-

1039 2821 1142 2852 bulum,
1163 2820 1232 2845 inter
1248 2819 1309 2846 illas
1325 2827 1387 2852 qua:
1402 2818 1487 2852 magis
1508 2816 1591 2843 Deum
1619 2815 1715 2842 decent
1739 2812 1826 2840 deno—

1040 2865 1216 2893 minationes.
1235 2863 1264 2891 Si
1293 2871 1358 2898 ergo
1384 2863 1460 2889 illum
1475 2869 1508 2889 ex
1536 2860 1644 2896 propria
1673 2859 1826 2887 substantia

1589 2906 1627 2937 22
