2083 3155
262 144 321 175 ³ΰὸ3

898 142 1043 172 NICET/E
1061 142 1264 172 BYZAN’I‘INI

1842 141 1897 174 684

268 206 446 234 cognoscere,
465 197 633 233 impossibile
658 202 709 229 est,
739 202 768 224 ut
797 197 928 228 diximus,
949 201 1056 224 constat

1111 197 1268 231 κτισμάτων
1283 195 1422 230 ἀναλόγως
1437 197 1451 223 ό
1467 196 1656 232 γενεσιουργὸς
1674 196 1838 231 γνωρίζεται
1849 206 1855 213 ~
1872 199 1896 224 εἰ

268 247 340 281 quod
370 245 457 273 exiis
479 252 538 279 quae
558 244 629 272 circa
659 244 746 278 ipsum
787 247 862 276 sunt,
892 250 1059 276 cognoscen-

268 292 321 319 dus
337 291 383 324 sit,
399 290 480 318 sicuti
495 293 585 317 rectus
618 289 727 323 quidam
760 293 849 316 textus
877 288 1005 322 patefacit
1025 289 1033 304 ¹
1049 297 1055 315 :

267 344 385 371 namque
398 344 431 363 ex
451 336 636 370 magnitudine
649 339 676 362 et
696 334 896 369 pulchritudine
921 339 1059 362 ert-atura-

268 389 328 407 rum
351 383 532 414 congruentcr
549 383 656 406 creator
680 381 847 414 agnoscitur.
867 380 946 406 Certe
962 380 984 407 si
1008 379 1060 407 hoc

265 426 368 460 aliquis
383 425 495 452 minime
511 425 652 457 concedat,
677 425 759 452 Deum
777 433 810 452 ex
826 425 946 452 externis
966 425 1058 457 rebus,

269 472 294 498 id
309 476 362 503 est,
375 470 486 502 nostris,
495 470 606 505 agnosci
621 478 628 502 ;
644 470 862 504 quandoquidem
873 477 906 497 ex
918 469 952 497 iis
963 477 1023 504 quae
1032 470 1059 498 in

268 517 354 550 ipsius
370 521 465 543 natura
475 521 539 544 sunt
546 515 656 543 minime
668 524 731 543 eum
750 516 950 551 cognoscimus;
964 523 1059 544 neces-

267 563 341 590 sario
351 567 575 595 consequeretur,
586 567 614 588 ul
624 569 674 589 nos
683 563 709 588 in
718 569 824 589 summa
837 562 883 589 Dei
892 563 1061 597 ignoratione

267 614 442 634 versaremur
457 616 464 640 ;
480 607 552 642 quod
569 612 611 634 est
625 607 784 634 absurdum.
797 607 825 634 Si
841 615 907 642 ergo
925 615 960 635 ex
978 609 1060 636 rebus

265 652 369 680 nostris
385 653 559 687 cognoscitur
578 652 664 683 Deus,
695 653 755 680 sine
780 652 863 679 dubio
877 661 910 680 ex
931 653 974 681 his
1000 661 1061 688 qua!

270 701 297 727 in
314 699 392 725 nobis
411 703 476 725 sunt
488 698 591 732 potiora
604 702 632 725 ct
657 698 833 725 honoratiora
851 698 940 733 ipsum
956 699 1061 726 descri-

267 744 361 771 bimus
377 763 384 774 ,
409 743 513 777 absque
541 743 654 770 omnitto
684 743 717 769 iis
730 750 790 776 qua
814 743 893 770 nobis
909 743 1060 772 accidentia

267 794 332 816 sunt
345 798 351 815 :
370 791 427 816 haec
441 789 513 816 enim
527 796 542 814 a
558 787 750 816 Dciattrihutis
763 789 942 817 excludimus.
958 789 1060 822 Quatu-

267 835 361 861 obrem
394 842 456 868 quae
483 839 547 861 sunt
580 834 680 868 optima
706 834 732 860 in
769 834 868 866 nobis,
893 842 926 862 ea
957 835 992 862 de
1013 836 1060 863 illo

264 880 454 911 aflirmamus,
482 879 522 906 vel
553 879 642 914 potius
676 879 766 906 omnia
794 879 828 908 de
853 887 886 907 eo
913 887 1055 915 negamus.
1074 873 1095 902 Β

1109 243 1163 278 γὰρ
1173 244 1219 270 καὶ
1233 243 1314 269 τοῦτο
1328 243 1357 269 ού
1366 242 1424 277 δοίη
1434 251 1476 274 τις
1486 243 1516 269 τὸ
1530 244 1563 269 ὲκ
1575 243 1630 270 τῶν
1641 243 1706 278 περὶ
1717 243 1808 275 αὐτῶν,
1819 252 1898 270 τουτ-

1109 289 1182 315 έστιν
1203 289 1237 314 ὲκ
1251 288 1306 315 τῶν
1329 290 1359 316 ὲν
1373 289 1439 324 ἡμῖν
1449 310 1456 322 ,
1474 288 1657 323 γινώσκεσθαι
1667 309 1674 321 ,
1689 289 1771 315 αὑτὸν
1785 289 1814 315 δὲ
1828 290 1896 316 κατὰ

1109 333 1154 360 τὸν
1170 334 1220 368 τῆς
1236 333 1330 366 οὐσίας
1349 333 1427 368 λόγον
1447 333 1574 360 οὐδέποτε
1588 332 1749 368 ἐγνώκαμεν
1762 354 1770 366 ,
1788 333 1895 368 ἀνάγκη

1110 380 1138 405 ἐν
1160 379 1288 406 παντελεῖ
1301 379 1423 414 ἀγνωσία
1437 380 1511 414 ἡμᾶς
1532 379 1579 405 τοῦ
1604 378 1672 407 Θεοῦ
1691 379 1892 411 καθίστασθαι,

1109 425 1178 460 ὅπερ
1191 425 1266 452 ἐστὶν
1282 425 1392 454 ἀτοπον.
1412 426 1442 451 Et
1459 423 1505 452 οὖν
1523 426 1556 451 ἐκ
1570 425 1624 452 τῶν
1640 427 1669 451 ἐν
1681 426 1748 459 ἡμῖν
1762 425 1896 459 ἔγνωσται

1109 471 1124 496 ό
1137 469 1215 502 Θεὸς,
1229 470 1347 504 φανερὸν
1369 470 1411 496 ὅτι
1427 470 1458 496 ἐκ
1477 469 1532 496 τῶν
1552 469 1774 503 ἁξιολογωτέρων
1789 469 1836 495 καὶ
1856 476 1897 494 τι-

1112 516 1253 551 μιωτέρων
1274 516 1340 550 ἡμῖν
1357 515 1437 542 αὑτὸν
1455 515 1653 550 διαγράφομεν,
1670 514 1734 541 ἄνευ
1758 513 1813 540 τῶν
1828 521 1897 548 συμ-

1110 562 1256 590 ὃαινόντων
1272 563 1337 596 ἡμίν
1360 562 1587 596 συμπτωμάτων·
1603 559 1690 587 ταῦτα
1709 560 1764 594 γὰρ
1786 559 1898 591 ὑπεξαι-

1112 608 1212 644 ροῦμεν
1230 609 1285 636 ἀπὸ
1294 608 1348 635 τῶν
1361 609 1407 635 ἐπὶ
1420 608 1489 635 Θεοῦ
1502 607 1656 641 λεγομένων
1668 614 1674 621 ”
1690 606 1732 632 διὸ
1744 606 1791 632 καὶ
1806 605 1896 636 πάσεις

1110 655 1191 681 αὑτὸν
1207 654 1261 681 τῶν
1281 656 1310 681 ἐν
1327 655 1393 690 ἡμῖν
1408 655 1570 690 κρειττόνων
1591 653 1641 684 τὰς
1662 653 1830 685 καταφάσεις
1846 660 1897 679 κα-

1110 701 1302 735 τιφάσκομεν,
1319 702 1366 727 καὶ
1383 701 1474 732 πάσας
1490 699 1582 727 αὐτῶν
1602 698 1770 734 κυριώτερον
1791 698 1898 731 ἀποφά-

1111 754 1229 781 σκομεν·
1256 747 1305 773 καὶ
1329 747 1358 773 οὺ
1383 746 1540 781 μαχομένας
1566 745 1616 776 τὰς
1642 743 1811 777 κατα-φάσεις
1838 744 1898 774 ταῖς

1110 791 1281 826 ἀποφάσεσιν
1295 792 1407 828 οἰόμεθα
1417 800 1423 806 ·
1440 793 1470 818 οὐ
1486 792 1541 827 γὰρ
1556 792 1589 818 ὲκ
1606 791 1660 818 τῶν
1674 790 1764 817 αὐτῶν
1779 789 1899 824 ἀμφότε-

1113 845 1157 870 ραι
1169 837 1341 873 ἐλήφθησαν
1360 839 1407 864 καὶ
1421 837 1465 864 ἵνα
1480 836 1568 872 σαφὴς
1582 837 1647 872 ἡμῖν
1658 836 1673 862 ὸ
1683 835 1761 869 λόγος
1772 834 1896 870 γένηται,

1109 879 1160 909 ὧδέ
1175 891 1233 915 πως
1248 883 1303 919 ὲρῶ
1312 891 1318 898 ·

266 923 360 959 Neque
384 924 581 952 altirmationes
620 931 771 959 repugnare
805 926 973 954 arbitramur
1011 927 1226 962 negatiouihus,
1245 930 1308 964 quia
1336 937 1389 956 non
1429 936 1460 956 ex
1486 928 1580 956 iisdem
1612 927 1699 955 amba:
1741 930 1896 954 sumuntur.

267 972 356 1005 Atque
368 976 397 998 ut
408 971 507 999 clarior
523 979 614 998 sermo
633 976 725 999 noster
744 971 801 1004 ﬁat,
822 973 862 1000 sic
876 973 983 1008 loquar.

304 1019 348 1045 Η.
367 1018 394 1045 In
413 1019 492 1046 nobis
516 1019 624 1053 quidem
639 1019 724 1046 multa
740 1026 772 1046 ac
803 1020 910 1048 diversa
928 1025 1002 1055 sunt,
1029 1026 1056 1050 et

267 1071 328 1098 quae
343 1064 481 1092 contrario
495 1064 577 1091 veluti
590 1072 672 1092 sensu
682 1065 853 1100 accipiuntur
868 1075 874 1093 :
888 1067 940 1094 alia
958 1074 1056 1102 nempe

265 1110 389 1144 digniora
403 1117 434 1137 ac
453 1109 573 1142 meliora,
597 1111 650 1138 alia
680 1118 745 1139 vero
774 1112 934 1140 deteriorem
959 1113 1055 1140 condi-

268 1155 368 1181 tionem
386 1155 523 1182 habentia.
540 1155 604 1183 Sine
619 1155 703 1183 dubio
718 1156 809 1191 itaque
822 1165 886 1184 cuttt
906 1165 938 1184 ex
954 1158 1056 1186 nostris

266 1200 407 1227 attributis
421 1201 454 1228 ad
471 1200 518 1227 Dei
540 1201 664 1229 notitiam
689 1203 740 1229 iter
761 1202 887 1235 facimus,
904 1204 1055 1231 secundum

269 1246 380 1273 meliora
399 1250 490 1274 nostra
523 1246 606 1275 Deum
636 1247 819 1275 describimus
838 1256 871 1275 ac
899 1249 1054 1277 deﬁnimus.

264 1291 335 1324 Quia
347 1299 411 1326 ergo
425 1292 450 1319 in
465 1293 542 1320 nobis
558 1293 604 1320 lux
616 1297 658 1321 est
673 1301 706 1321 ac
717 1294 835 1321 tenebra:
847 1314 854 1326 ,
864 1295 917 1322 vita
925 1303 958 1322 ac
971 1303 1055 1329 mors,

269 1337 419 1365 mortalitas
449 1342 476 1364 et
506 1337 705 1370 immortalitas,
725 1338 832 1373 justitia
855 1343 882 1366 et
906 1339 1057 1374 iniquitas;

268 1383 359 1417 priora
378 1382 487 1417 quidem
508 1383 534 1409 in
563 1383 722 1412 melioribus
743 1391 758 1411 a
785 1385 863 1411 uoltis
880 1386 1057 1420 collocantur,

269 1429 353 1456 veluti
373 1430 437 1461 vita,
451 1435 533 1464 atque
555 1430 755 1462 immortalitas,
780 1430 897 1465 justitia,
912 1432 1033 1459 charilas
1049 1441 1056 1466 ;

264 1476 419 1511 posteriora
439 1480 529 1502 autent
544 1476 570 1502 in
581 1475 772 1507 deterioribus.
790 1476 872 1504 veluti
889 1485 974 1509 mors,
987 1486 1059 1505 mor-
1072 1474 1093 1485 “¹

270 1521 376 1550 talilas.
398 1521 536 1555 iniquitas,
565 1521 668 1548 odiutn.
703 1521 788 1549 Porro
815 1522 984 1556 exploratum
1006 1527 1058 1556 est,

270 1567 352 1594 vitam
367 1571 394 1593 et
414 1566 656 1598 immortalitatem,
682 1566 816 1601 justitiam
833 1572 861 1594 et
883 1568 1056 1601 charitatem,

268 1617 296 1640 et
307 1620 367 1648 qua:
386 1612 428 1639 his
440 1618 505 1638 sunt
533 1617 726 1644 consentanea,
739 1613 796 1639 haec
811 1621 825 1639 a
846 1613 924 1640 nobis
939 1613 992 1640 Deo
1019 1618 1061 1641 at-

266 1658 365 1689 tribui,
382 1663 408 1684 et
427 1658 469 1684 bis
484 1658 570 1691 ipsum
589 1666 604 1683 a
624 1657 703 1684 nobis
728 1658 843 1686 describi
873 1666 904 1685 ac
931 1659 1036 1686 deliniri
1052 1667 1059 1692 ;

272 1704 328 1730 imo
342 1703 364 1730 si
395 1704 481 1737 magis
505 1703 613 1737 proprie
634 1703 798 1737 loquendum
821 1709 872 1735 est,
892 1709 982 1731 nostra
1004 1705 1062 1732 hac

272 1751 299 1777 in
326 1758 360 1776 cn
384 1757 446 1777 esse
465 1757 605 1783 negamus.
631 1748 736 1776 Etenim
769 1749 837 1776 Dens
862 1757 943 1784 supra
973 1751 1060 1778 lucem

270 1802 323 1827 est,
337 1803 419 1830 supra
435 1795 677 1827 immortalitatem,
687 1796 922 1829 suprajustitiam,
938 1803 965 1824 et
980 1797 1060 1832 quid-

268 1841 336 1876 quid
368 1840 525 1875 hujusmodi
539 1845 591 1868 cst.
621 1842 725 1869 Pariter
741 1842 766 1868 in
784 1843 862 1870 nobis
882 1848 923 1870 est
935 1844 1010 1871 visus
1035 1849 1062 1871 et

271 1888 378 1915 caecitas
394 1895 401 1919 ;
417 1887 518 1914 scilicet
543 1888 644 1915 omissa
671 1894 801 1921 caelato,
830 1889 913 1916 Deum
945 1890 1062 1918 dicimus

272 1931 476 1967 impassibiliter
510 1932 640 1960 Visualem
658 1942 665 1966 ;
684 1934 708 1961 id
732 1940 773 1965 est
796 1955 801 1966 ,
819 1935 923 1970 absque
949 1936 982 1964 iis
1002 1943 1062 1970 qua

271 1983 370 2005 nostra:
391 1977 519 2005 accidunt
546 1979 643 2006 visuali
667 1980 690 2005 vi
709 1988 792 2012 ;nam
810 1981 835 2007 in
862 1981 968 2009 cunctis
991 1981 1061 2009 Deus

267 2029 313 2050 est
329 2023 517 2057 impassihilis.
536 2024 648 2052 Etiamsi
665 2027 737 2052 enim
764 2027 821 2053 hau:
835 2029 935 2062 scripta
951 2028 1062 2055 minime

265 2068 432 2099 habeamus,
447 2069 489 2095 his
505 2069 684 2097 nihilominus
704 2071 825 2106 vestigiis
842 2071 926 2098 Deum
949 2071 1061 2107 indaga-

272 2122 343 2141 mus.
359 2114 447 2149 Atque
466 2115 515 2147 ita,
540 2116 603 2149 quia
634 2116 660 2142 in
691 2117 768 2144 nobis
793 2116 943 2145 fecunditas
965 2122 1008 2145 est
1029 2125 1062 2145 ac

274 2159 474 2191 ini‘eeumIilas,
506 2160 645 2194 guis-ratio
679 2166 704 2187 et
727 2162 868 2193 sterilitas,
891 2161 1062 2190 iructiticatio

271 2211 298 2232 et
317 2205 521 2233 inl't'uctuositas
538 2215 545 2239 ;
566 2206 676 2233 meliora
694 2207 801 2241 quidem
838 2213 902 2235 sunt
925 2208 1063 2244 generatio

267 2256 298 2277 ret
322 2250 473 2278 fecunditas
486 2267 495 2282 ,
518 2251 680 2285 germinatio
701 2256 728 2278 et
752 2253 793 2279 his
810 2252 909 2279 similia
936 2261 951 2288 εγ
972 2253 1062 2287 pejora

275 2301 377 2328 autem,
404 2295 606 2328 inierunditas,
638 2297 777 2329 sterilitas,
799 2297 1022 2329 infructuositas,
1036 2303 1063 2326 et

273 2342 480 2376 germinationis
496 2343 614 2377 negatio.
634 2342 718 2371 Deum
749 2352 814 2372 vero
838 2344 998 2372 melioribus
1013 2344 1061 2371 de-

272 2388 421 2415 scribimus
436 2395 468 2416 ac
490 2387 654 2422 detinimus,
671 2390 775 2424 absque
798 2390 831 2418 iis
846 2398 906 2425 qua:
934 2390 960 2417 in
986 2390 1063 2419 nobis

274 2438 339 2460 sunt
357 2433 519 2467 accidentia,
540 2438 570 2461 ut
581 2434 721 2467 diximus;
754 2435 778 2463 id
801 2441 843 2463 est
866 2436 1062 2470 indubitanter,

276 2479 309 2506 iis
334 2486 394 2514 qua:
423 2480 638 2514 generationem,
667 2481 863 2509 fecunditatem
889 2481 1063 2516 fructumque

279 2518 380 2552 habent
406 2529 433 2552 et
454 2525 497 2552 his
514 2525 660 2554 similibus.
683 2526 742 2554 Jam
755 2526 778 2553 si
805 2527 830 2554 in
845 2527 889 2554 his
917 2527 1062 2561 quisquam

272 2571 428 2603 contendet,
444 2571 604 2599 contendam
620 2577 646 2599 et
668 2580 730 2607 ego,
751 2580 848 2607 nempe
864 2578 978 2599 mortem
1007 2573 1062 2598 rita

275 2624 336 2648 esse
349 2617 500 2649 meliorem,
517 2618 643 2645 tenebras
660 2617 719 2644 luce
733 2626 739 2650 ;
752 2618 826 2653 quod
842 2622 885 2645 est
905 2618 1060 2645 ridiculum.

272 2663 367 2696 Quare
382 2668 491 2691 constat
507 2663 592 2691 Deum
606 2671 668 2692 esse
686 2664 833 2692 fecundum
856 2669 883 2691 et
897 2663 976 2691 Verbi
991 2664 1064 2698 geni-

273 2708 372 2736 tivum.
388 2707 470 2736 Extra
486 2710 557 2737 enim
574 2717 682 2738 omnem
708 2710 919 2738 controversiam
939 2703 981 2737 est
1014 2717 1062 2745 po-

270 2754 372 2781 1iorem
392 2762 453 2782 esse
477 2756 622 2790 genitivam
651 2756 704 2783 vim
729 2764 811 2791 quam
840 2756 1008 2784 sterilitatem
1036 2761 1063 2784 et

307 2844 322 2860 ⁴
335 2843 418 2873 Rom.
432 2853 452 2877 ι,
463 2845 508 2872 20.

1146 1020 1190 1048 ια’.
1211 1021 1256 1048 Ἐν
1269 1021 1335 1056 ἡμῖν
1351 1020 1399 1055 μὲν
1414 1019 1521 1047 πολλῶν
1533 1018 1581 1045 καὶ
1598 1017 1735 1053 διαφόρων
1749 1017 1795 1043 καί
1814 1016 1897 1057 τινων

1109 1077 1167 1099 πως
1179 1067 1376 1101 ἀντικειμένως
1388 1065 1611 1100 λαμὸανομένων,
1623 1064 1670 1090 καὶ
1683 1063 1737 1089 τῶν
1750 1062 1800 1098 μὲν
1813 1063 1895 1095 ἀξιω-

1109 1113 1196 1149 τερων
1217 1121 1246 1139 τε
1270 1111 1316 1138 καὶ
1339 1110 1501 1147 κρειττόνων
1526 1109 1620 1141 όντων,
1642 1108 1697 1135 τῶν
1720 1108 1748 1135 δὲ
1768 1108 1818 1142 τὴν
1842 1107 1897 1134 τῶν

1109 1159 1239 1194 χειρόνων
1259 1158 1356 1193 μοῖραν
1376 1157 1507 1191 ἐχόντων,
1525 1154 1640 1190 φανερὸν
1657 1153 1790 1189 δήπουθεν
1809 1153 1848 1181 ὅτ’
1863 1152 1897 1180 ἂν

1109 1205 1142 1231 ὲκ
1152 1203 1207 1231 τῶν
1222 1205 1251 1231 ἐν
1263 1204 1330 1238 ἡμῖν
1340 1203 1408 1238 πρὸς
1421 1200 1604 1236 χειραγωγίαν
1618 1199 1688 1227 Θεοῦ
1701 1198 1896 1234 ποδηγώμεθα.

1109 1251 1141 1277 ἐκ
1156 1249 1211 1276 τῶν
1228 1250 1390 1284 κρειττόνων
1406 1249 1471 1283 ἡμῖν
1487 1247 1533 1274 καὶ
1549 1246 1720 1282 τιμιωτέρων
1739 1245 1821 1272 αὐτὸν
1837 1244 1897 1271 δια-

1109 1294 1252 1330 γράφομέν
1264 1303 1295 1320 τε
1307 1295 1355 1321 καὶ
1372 1294 1597 1328 καταφάσκομεν.
1612 1292 1643 1318 Et
1658 1289 1705 1319 οὖν
1721 1293 1750 1317 ὲν
1762 1292 1827 1326 ἡμῖν
1838 1291 1897 1317 ἐστι

1109 1341 1166 1376 φῶς
1183 1341 1230 1367 καὶ
1255 1340 1366 1372 σκότος,
1391 1340 1448 1375 ζωὴ
1469 1340 1516 1365 καὶ
1544 1338 1676 1369 θάνατος,
1696 1337 1830 1372 θνητότης
1846 1336 1894 1363 καὶ

1109 1387 1260 1420 ἀθανασία,
1278 1386 1436 1421 δικαιοσύνη
1454 1394 1485 1412 τε
1499 1385 1547 1411 καὶ
1561 1384 1669 1411 ἀδικία·
1691 1384 1738 1410 καὶ
1751 1383 1786 1409 τὰ
1806 1383 1855 1417 μὲν
1866 1383 1895 1408 ὲν

1109 1433 1142 1468 τῇ
1158 1432 1213 1459 τῶν
1229 1432 1393 1467 κρειττόνων
1410 1431 1493 1466 μοίρῃ.
1504 1430 1643 1462 τέτακται,
1661 1426 1716 1456 οἷον
1731 1429 1787 1463 ζωή
1803 1437 1832 1455 τε
1848 1428 1895 1455 καὶ

1109 1477 1254 1509 ἀθανασία,
1269 1476 1425 1511 δικαιοσύνη
1441 1485 1471 1502 τε
1485 1476 1532 1502 καὶ
1541 1476 1635 1510 ἀγάπη
1648 1482 1654 1488 ·
1667 1474 1701 1501 τὰ
1714 1474 1742 1501 δὲ
1753 1475 1782 1500 ὲν
1795 1475 1828 1508 τῇ
1842 1473 1897 1500 τῶν

1110 1522 1258 1558 χειρόνων,
1279 1520 1335 1549 οἷον
1362 1522 1486 1554 θάνατος,
1501 1522 1650 1556 θνητότης,
1678 1521 1771 1546 ἀδικία
1790 1528 1819 1547 τε
1848 1519 1896 1546 καὶ

1110 1567 1204 1603 ἔχθρα,
1223 1567 1338 1602 φανερὸν
1353 1567 1393 1593 ὃτι
1412 1567 1485 1601 ζωήν
1502 1573 1532 1591 τε
1549 1565 1595 1592 καὶ
1615 1564 1776 1596 ἀθανασίαν,
1792 1563 1895 1590 δικαιο-

1112 1614 1194 1648 σύνην
1214 1622 1244 1640 τε
1259 1613 1307 1639 καὶ
1328 1613 1460 1646 ἀγάπην,
1485 1612 1533 1638 καὶ
1549 1611 1600 1637 ὅσα
1621 1610 1727 1640 τούτοις
1749 1609 1894 1643 σύστοιχα,

1109 1659 1197 1686 ταῦτα
1207 1659 1244 1694 τῷ
1259 1658 1318 1693 Θεῷ
1328 1658 1503 1692 ἀνατιθεμεν,
1517 1657 1564 1683 καὶ
1574 1656 1617 1683 διὰ
1630 1656 1731 1683 τούτων
1742 1655 1823 1682 αὑτὸν
1835 1655 1894 1681 δια-

1111 1705 1254 1741 γράφομέν
1276 1713 1306 1731 τε
1327 1704 1375 1731 καὶ
1398 1703 1631 1738 καταφάσκομεν’
1657 1704 1703 1729 καὶ
1729 1702 1896 1738 κυριώτερον

1110 1753 1217 1783 εἰπεῖν,
1241 1751 1329 1777 ταῦτα
1351 1750 1382 1782 ἐξ
1405 1749 1488 1776 αὑτοῦ
1508 1749 1719 1784 ἀποφάσκομεν·
1738 1749 1786 1777 καὶ
1810 1748 1864 1783 γὰρ
1882 1748 1897 1773 ό

1110 1797 1175 1828 Θεὸς
1188 1797 1263 1823 ἐστιν
1273 1795 1343 1831 ὑπὲρ
1361 1795 1430 1830 φῶς,
1448 1795 1518 1830 ὑπὲρ
1532 1795 1692 1826 ἀθανασίαν,
1710 1793 1779 1830 ὑπὲρ
1792 1794 1896 1820 δικαιο-

1112 1843 1204 1877 σύνην,
1218 1842 1266 1868 καὶ
1276 1842 1326 1869 ὅσα
1338 1841 1442 1872 τούτοις
1452 1841 1533 1874 ὃμοια
1544 1849 1551 1856 ·
1563 1839 1694 1871 ὡσαύτως
1705 1839 1778 1865 ἔστιν
1791 1839 1820 1865 ὲν
1832 1838 1897 1873 ἡμῖν

1110 1889 1205 1924 ὅρασις
1221 1889 1268 1914 καὶ
1292 1887 1446 1921 τύφλωσις·
1472 1886 1521 1922 τὴν
1544 1885 1682 1920 τύφλωσιν
1698 1885 1828 1919 ἀφέντες,
1852 1884 1898 1911 τὸν

1110 1935 1176 1961 Θεὸν
1195 1934 1330 1969 φήσαιμεν
1343 1932 1473 1968 ὁρατικὸν
1492 1931 1616 1965 ἀπαθῶς,
1637 1931 1697 1966 ἦτοι
1720 1931 1784 1959 ἄνευ
1797 1930 1851 1959 τῶν
1868 1931 1898 1957 ἐν

1111 1980 1176 2014 ἡμῖν
1195 1978 1399 2013 συμϐαινόντων
1417 1976 1588 2012 παθημάτων
1601 1977 1635 2011 τῇ
1651 1976 1745 2012 ὁράσει
1757 1983 1763 1990 ·
1785 1976 1814 2001 ἐν
1831 1975 1899 2001 πᾶσι

1111 2026 1164 2060 γάρ
1179 2026 1253 2051 ἐστιν
1267 2025 1281 2051 ό
1294 2023 1361 2055 Θεὸς
1373 2023 1496 2058 ἀπαθής·
1514 2023 1539 2049 εί
1550 2021 1604 2057 γὰρ
1619 2022 1668 2048 καὶ
1681 2021 1817 2056 μηδέποτε
1829 2021 1899 2055 Γρα-

1111 2072 1164 2106 φὴν
1177 2069 1336 2105 ἐδεξάμεθα,
1357 2070 1414 2100 τοῖς
1426 2069 1559 2099 τοιούτοις
1575 2067 1660 2102 [χνεσί
1677 2076 1707 2093 τε
1726 2067 1773 2093 καὶ
1787 2066 1898 2102 τρόποις

1113 2116 1159 2142 τὸν
1175 2115 1241 2142 Θεὸν
1257 2114 1463 2150 ιχνηλατοῦμεν.
1483 2114 1561 2140 Ἐπεὶ
1570 2113 1616 2140 οὖν
1627 2114 1656 2139 ἐν
1670 2114 1736 2148 ἡμῖν
1751 2112 1810 2138 ἐστι
1827 2111 1899 2145 γόνι-

1115 2161 1165 2195 μόν
1181 2169 1210 2187 τε
1228 2161 1274 2187 καὶ
1290 2161 1396 2194 ἄγονον,
1412 2159 1538 2194 γέννησίς
1550 2167 1579 2185 τε
1597 2159 1643 2185 καὶ
1659 2158 1812 2193 πείρωσις,
1830 2165 1899 2192 καρ-

1114 2207 1163 2238 πός
1185 2215 1215 2233 τε
1237 2206 1283 2232 καὶ
1306 2205 1446 2238 ἀκαρπία,
1473 2204 1619 2240 βλάστησις
1642 2212 1672 2230 τε
1690 2204 1738 2230 καὶ
1757 2203 1774 2238 ἡ
1796 2201 1900 2237 ταύτης

1115 2252 1258 2287 στέρησις·
1277 2251 1325 2278 καὶ
1347 2251 1381 2279 τὰ
1406 2251 1454 2286 μὲν
1473 2250 1634 2285 κρείττονα,
1649 2247 1705 2276 οἷον
1720 2248 1846 2283 γέννησίς
1868 2255 1899 2275 τε

1113 2297 1162 2324 καὶ
1175 2297 1298 2331 γόνιμον,
1315 2296 1461 2331 βλάστησίς
1473 2304 1502 2322 τε
1514 2295 1560 2321 καὶ
1574 2295 1624 2321 ὅσα
1638 2293 1742 2325 τούτοις
1754 2294 1832 2328 ὅμοια
1841 2300 1849 2308 ⁸
1862 2291 1900 2319 τὰ

1112 2344 1141 2370 δὲ
1156 2342 1276 2378 χείρονα,
1302 2339 1357 2369 οἷον
1371 2341 1476 2376 ἄγονον,
1503 2340 1657 2376 στείρωσις,
1675 2339 1800 2374 ἀκαρπία
1820 2337 1867 2365 καὶ
1881 2338 1898 2373 ή

1113 2389 1161 2423 τῆς
1192 2387 1365 2423 βλαστήσεως
1397 2386 1544 2422 στέρησις·
1561 2385 1606 2413 τὸν
1629 2385 1658 2412 δὲ
1683 2383 1749 2411 Θεδν
1774 2383 1819 2410 διά
1843 2382 1898 2409 τῶν

1113 2434 1276 2469 κρειττόνων
1295 2433 1509 2468 καταγράφομεν
1527 2433 1575 2458 καὶ
1595 2431 1818 2466 καταφὰσκομεν,
1834 2429 1898 2456 ἄνευ

1113 2479 1166 2506 τῶν
1195 2480 1223 2506 ὲν
1239 2480 1304 2515 ἡμῖν
1329 2478 1532 2514 συμϐαινόντων
1559 2476 1782 2513 συμπτωμάτων,
1803 2475 1899 2508 ὥσπερ

1114 2526 1220 2562 ἔφαμεν
1230 2534 1237 2542 ·
1259 2525 1375 2559 φανερὸν
1391 2525 1432 2552 ὅτι
1446 2524 1557 2560 γόνιμον
1573 2523 1698 2558 γέννησιν
1712 2522 1819 2557 ἔχοντα,
1834 2521 1898 2556 βλα-

1115 2572 1192 2605 στὸν,
1209 2571 1314 2607 καρπὸν
1326 2591 1334 2604 ,
1351 2571 1398 2598 καὶ
1417 2570 1452 2597 τὰ
1465 2570 1569 2600 τούτοις
1593 2569 1674 2602 ὃμοια
1698 2566 1852 2603 φησόμεθα.
1868 2566 1900 2592 ΕΞ

1113 2619 1168 2654 γὰρ
1194 2618 1240 2645 καί
1257 2626 1298 2649 τις
1313 2618 1342 2644 ἐν
1368 2617 1472 2648 τούτοις
1502 2615 1688 2651 φιλονεικοίη,
1717 2612 1900 2649 φιλονεικήσω

1114 2664 1208 2698 κάγὼ,
1233 2664 1274 2690 ὅτι
1293 2665 1307 2690 ὁ
1329 2663 1443 2695 θάνατος
1464 2663 1513 2698 τῆς
1538 2662 1610 2696 ζωῆς
1635 2661 1781 2696 κρείττων,
1805 2661 1852 2687 καὶ
1869 2659 1899 2685 τὸ

1115 2710 1209 2741 σκότος
1226 2709 1273 2735 τοῦ
1288 2709 1385 2744 φωτὸς,
1401 2709 1469 2744 ὅπερ
1486 2709 1544 2735 ὲστὶ
1561 2708 1664 2742 γελοῖον
1675 2715 1681 2721 α
1698 2706 1768 2733 ὥστε
1785 2704 1899 2740 φανερόν

1113 2757 1180 2784 ὃτιὸ
1195 2757 1262 2788 Θεὸς
1283 2756 1393 2792 γόνιμός
1408 2756 1437 2783 τέ
1453 2757 1538 2788 ἐστιν,
1554 2755 1600 2781 καὶ
1621 2753 1778 2789 γεννητικὸς
1790 2752 1878 2787 Λόγου
1889 2758 1898 2767 ν
