2083 3155
221 135 275 169 685

813 132 1030 165 REFUTATIO
1045 132 1284 163 MOHAMEDIS.

1813 133 1865 165 686

227 193 318 228 πάσης
334 191 390 228 γὰρ
406 191 561 226 ἀντιλογίας
577 191 726 227 ἀργούσης,
743 191 905 227 τιμιώτερον
927 191 943 225 ἡ
956 191 1020 225 γέν-

1072 191 1332 218 inl'ructuositatem.
1351 190 1428 224 Quod
1445 191 1467 218 si
1489 191 1524 218 ita
1541 198 1570 218 se
1582 191 1675 221 habet.
1689 191 1864 226 perspicuum

223 246 304 273 νησις
321 237 371 272 τῆς
393 237 564 272 πειρώσεως
589 236 637 262 καὶ
653 236 794 271 ἀκαρπίας
808 244 814 251 ·
831 236 856 262 εἰ
870 236 898 262 δὲ
921 235 1018 267 τοῦτο,

222 283 341 320 φανερόν
352 284 394 310 ὃτι
404 284 419 309 ὸ
429 283 496 314 Θεὸς
512 281 576 309 Υἰδν
588 282 645 317 ἔχει
655 289 661 296 ·
675 281 798 317 ἔστιγὰρ
809 281 1020 315 συλλογίσασθαι

223 330 322 361 οὕτως·

263 374 311 410 ιβ’.
325 375 377 400 Τὸν
391 373 458 400 Θεὸν
468 375 500 400 ἐκ
513 374 568 400 τῶν
585 375 613 401 ὲν
628 375 696 410 ἡμῖν
712 374 876 410 κρειττόνων
893 380 1019 408 γεννητι-

223 421 270 448 κόν
287 429 318 447 τε
342 422 390 446 καὶ
403 421 517 454 γόνιμον
536 420 720 455 βλαστάνοντα
743 419 890 455 προσφυῶς
904 418 1019 453 διαγράο

223 475 311 502 φομεν
323 475 330 481 ·
349 467 403 493 πᾶν
417 466 445 493 δὲ
459 465 489 492 τὸ
506 465 593 497 οὕτως
606 466 678 501 ἕχον,
690 465 759 501 πρὸς
774 465 831 491 υἱὸν
845 465 861 500 ἢ
876 464 989 500 βλαστὸν
1001 463 1018 499 ἢ

223 513 330 548 καρπὸν
346 512 362 548 ἢ
378 512 456 546 γόνον
473 512 523 547 τὴν
538 512 678 547 ἀναφορὰν
696 513 767 547 ἔχει’
785 511 933 545 συνάγεται
953 510 1017 545 ἄρα,

223 559 264 586 ὅτι
278 559 292 585 ὀ
302 558 368 590 Θεὸς
381 557 542 592 πρεπόντως
555 557 588 583 ὲκ
597 557 651 583 τῶν
665 558 694 583 ὲν
707 557 773 592 ἡμῖν
784 555 1016 591 διαγραφόμενος,

224 606 288 632 Υίόν
303 613 333 630 τε
349 604 406 639 ἔχει
422 604 481 639 (καὶ
496 604 562 638 παρ’
586 604 652 639 ἡμῖν
677 603 768 634 καλῶς
793 602 955 629 πιστεύεται
970 602 1018 628 καὶ

223 649 377 684 δοξάζεται)
406 649 452 675 τὸν
470 649 499 682 ἐξ
523 649 606 675 αὑτοῦ
630 649 822 680 ἑνυποστάτως
837 649 884 675 καὶ
903 648 1017 680 ἀπαθῶς

223 696 271 722 καὶ
287 694 429 731 ἀρεύστως
442 694 608 729 γεννηθέντα
623 694 711 729 Λόγον
721 702 728 708 ·
747 694 770 720 εἰ
785 694 814 721 δὲ
828 694 916 728 τοῦτο,
933 703 1017 728 φανε-

225 743 271 778 ρδν
286 743 334 768 καὶ
348 742 405 773 τοῖς
424 741 554 776 ἀμυδρῶς
575 742 691 777 συνορᾷν
715 741 864 776 ἰσχύουσιν,
880 741 921 767 ὅτι
943 741 959 776 ἡ
975 741 1017 767 ὲν-

177 789 188 799 ¹
225 787 377 817 υπόστατος
391 785 506 820 δύναμις
522 785 570 812 τοῦ
583 785 651 812 Θεοῦ
662 787 710 813 καὶ
723 786 819 820 Σοφία,
831 786 892 813 καθ’
906 786 942 821 ἥν
957 788 1015 812 ἐστι

224 833 348 864 δυνατὸς,
365 831 412 858 καὶ
425 831 460 858 δι’
479 830 513 867 ἧς
531 833 613 864 ποιεῖ,
631 832 678 858 καὶ
690 829 724 868 ἦς
739 831 824 867 χωρὶς
839 831 916 859 οὐδὲν
933 834 1015 865 ποιεῖ,

225 879 260 913 ἣν
278 876 326 904 καὶ
351 877 366 904 ό
389 877 470 912 λόγος
493 878 639 912 ὁμοούσιον
660 867 706 914 τῷν
719 878 780 913 Θεῷ
797 879 844 905 καὶ
861 879 950 914 Πατρὶ
969 878 1015 905 καὶ
1034 867 1054 894 Β

225 924 296 951 κατὰ
320 924 409 950 πάντα
433 925 527 959 ὅμοιον
547 924 658 958 ἔδειξεν,
680 926 764 961 χωρὶς
785 926 835 961 τῆς
854 926 1019 961 γεννήσεως,

226 970 290 1002 Υίός
304 970 334 996 τέ
348 971 407 996 ἐστι
422 970 491 996 Θεοῦ
507 971 555 997 κα)⁸
570 971 656 1005 Σοφία
671 971 719 998 καὶ
731 971 827 1005 Λόγος,
845 972 893 998 καὶ
906 971 1020 1003 είκότως

225 1015 292 1051 παρ’
309 1015 389 1050 ἡμῶν
412 1015 468 1042 τῶν
490 1015 665 1051 Χριστιανῶν
690 1016 866 1052 ὡμολόγηται
891 1016 946 1053 [τε]
974 1017 1021 1043 καὶ

225 1062 427 1089 πεπίστευταισ
455 1062 480 1089 εί
502 1061 531 1089 δὲ
555 1062 634 1089 τοῦτο
651 1062 767 1099 ἀληθὲς,
783 1063 880 1099 ὥσπερ
902 1063 949 1090 οὖν
972 1064 1021 1090 καὶ

225 1107 342 1143 ἀληθὲς,
367 1107 406 1139 ὡς
420 1108 574 1140 δέδεικται,
601 1108 689 1144 μάτην
713 1109 767 1144 ἄρα
784 1110 798 1136 ὸ
818 1109 956 1144 βάρϐαρος
972 1109 1020 1136 καὶ

225 1154 324 1188 ἄλογος
339 1153 460 1189 Μωάμετ
478 1154 554 1189 ἡμᾶς
569 1155 599 1181 ἐν
614 1155 648 1190 τῇ
663 1155 729 1190 παρ’
745 1154 827 1181 αὑτοῦ
847 1155 1021 1190 πλαστογρα-

226 1201 345 1238 φηθιίσῃ
365 1200 448 1237 βίϐλῳ
466 1201 504 1232 ὡς
518 1201 687 1234 κοινωνητὰς
713 1202 760 1228 καὶ
777 1201 936 1237 ἑταιριστὰς
962 1201 1021 1228 δια-

228 1246 377 1282 κωμῳδεῖ,
393 1246 478 1282 ἡγουν
492 1246 530 1278 ὼς
547 1246 641 1281 ἕτερον
663 1246 730 1273 Θεὸν
743 1247 790 1273 τὸν
811 1247 875 1273 Υίὸν
889 1246 936 1273 τοῦ
953 1245 1021 1273 Θεοῦ

226 1293 275 1318 καὶ
302 1291 421 1328 Πατρός,
446 1292 522 1327 παρὰ
537 1292 584 1318 τὸν
600 1292 648 1318 ἕνα
663 1292 711 1318 καὶ
735 1291 816 1326 φύσει
837 1291 886 1318 καὶ
907 1291 1021 1327 ἀληθείᾳ

226 1338 304 1370 Θεὸν,
329 1337 431 1372 ἔξωθεν
446 1338 704 1374 παρεισκρίνοντας.
732 1339 764 1364 Εί
780 1336 828 1364 οὖν
845 1338 859 1364 ό
882 1337 962 1372 λόγος
989 1338 1021 1363 ἐκ

227 1385 327 1413 κοινῶν
353 1384 464 1412 ἐννοιῶν
481 1386 530 1412 καὶ
555 1384 676 1419 λογικῶν
692 1385 812 1420 μεθόδων
836 1384 885 1420 τὴν
908 1383 1022 1419 δύναμιν

227 1431 276 1460 τοῦ
296 1431 379 1463 Θεοῦ,
395 1431 458 1458 καθ’
482 1431 517 1465 ἦν
538 1432 613 1458 ἐστιν
635 1431 673 1463 ὡς
693 1432 763 1467 ἔχων
779 1431 906 1466 δύναμιν,
927 1430 973 1457 καὶ
989 1429 1022 1457 δι’

226 1476 260 1513 ἧς
275 1478 359 1510 ποιεῖ,
377 1477 425 1504 καὶ
438 1474 472 1513 ἧς
490 1478 575 1513 χωρὶς
589 1477 666 1504 οὐδὲν
678 1478 760 1509 ποιεῖ,
778 1477 795 1511 ἢ
810 1477 856 1502 καὶ
872 1476 957 1511 Σοφία
972 1475 1021 1502 καὶ

229 1524 317 1569 Λόγος
331 1523 378 1569 τοῦ
395 1523 463 1550 Θεοῦ
477 1523 524 1550 καὶ
538 1523 644 1558 Πατρὸς
659 1522 718 1549 ἐστι
733 1530 762 1548 τε
777 1525 824 1549 καὶ
839 1522 961 1556 λέγεται,
976 1522 1019 1548 ὲν-
1036 1538 1057 1569 c

228 1567 380 1593 υπόστατόν
393 1575 423 1593 τε
440 1568 486 1593 καὶ
503 1567 648 1602 ὁμοούσιον
666 1567 712 1593 καὶ
727 1567 798 1593 κατὰ
817 1568 905 1593 πάντα
928 1567 1022 1602 ὅμοιον

229 1613 269 1648 τῷ
285 1612 345 1648 Θεῷ
358 1612 405 1639 καὶ
429 1611 530 1648 Πατρὶς
546 1613 595 1639 καὶ
622 1611 685 1639 Υίδν
702 1613 752 1647 τὴν
767 1611 853 1647 αὐτὴν
878 1609 961 1644 εἶναι,
983 1611 1020 1643 ὼ;

228 1659 320 1691 καλῶς
336 1661 401 1696 παρ’
424 1661 492 1695 ἡμῖν
505 1660 675 1692 πιστεύεται,
694 1659 799 1696 τρανῶς
820 1659 941 1692 ἔδειξεν·
962 1660 1023 1695 ἀρι-

229 1705 363 1740 δηλότατα
381 1704 477 1740 τεόρρω
498 1712 550 1731 που
566 1704 763 1740 ἑξωστράκισε,
782 1705 828 1730 καὶ¹
845 1703 1023 1736 ἀπεσείσατο,

230 1751 279 1777 καὶ
289 1750 397 1786 ψευδεῖς
405 1751 535 1785 ἐνέφηνεν
546 1750 560 1776 ὑ
565 1751 618 1785 μᾶς
626 1751 689 1781 τοὺς
695 1750 742 1776 ἐπὶ
748 1751 779 1785 τῇ
793 1750 902 1785 θεότητι
913 1750 943 1776 τὸ
955 1751 1024 1785 μετὰ

229 1796 261 1822 τὸ
275 1797 374 1824 ἑνιαῖον
396 1797 446 1831 τῆς
463 1796 582 1830 φύσεως,
604 1797 651 1823 καὶ
667 1796 699 1822 τὺ
716 1797 745 1822 ὲν
763 1797 797 1832 τῇ
815 1795 926 1830 ἰδιότητι
942 1796 1024 1831 ἧτουν

230 1842 380 1870 ὑποστάσει
404 1841 622 1877 ὁμολογοῦνταςο
649 1843 698 1869 καὶ
714 1842 760 1869 τὸν
779 1842 889 1878 Πατέρα
906 1842 953 1868 καὶ
978 1844 1024 1868 τὸν

231 1888 295 1915 Υἰὺν
309 1889 469 1924 ὀμοουσίους
487 1890 535 1915 καὶ
550 1889 622 1915 κατὰ
633 1889 724 1916 πάντα
740 1889 857 1920 ταυτοϋς
867 1908 875 1920 ,
891 1887 960 1924 πλὴν
974 1888 1023 1919 τῆς

229 1936 396 1970 ἁγεννησίας
424 1937 471 1962 καὶ
493 1936 543 1970 τῆς
566 1936 720 1971 γεννήσεως
747 1935 785 1970 μὴ
807 1935 1021 1970 προσιεμένουςν

230 1983 272 2009 διὸ
297 1982 398 2012 τέλειος
414 1981 449 2008 ἂν
465 1983 532 2016 ἡμῖν
553 1982 567 2008 6
587 1981 667 2015 λόγος
685 1981 736 2016 τῆς
765 1980 940 2015 κατασκευῆς
957 1987 1022 2006 κατ-

231 2028 368 2062 εφαίνετο,
395 2027 442 2054 καὶ
457 2026 563 2058 οὐδενὸς
582 2027 709 2060 δεόμενος
724 2027 781 2057 τοῖς
795 2025 945 2056 ἐθέλουσιν,
961 2025 1023 2052 ὅσον

230 2074 301 2101 κατὰ
315 2073 345 2100 τὸ
367 2073 480 2100 δυνατὸν
495 2074 528 2099 ἐκ
547 2073 646 2100 κοινῶν
661 2080 691 2098 τε
707 2071 817 2098 ἐννοιῶν
835 2073 882 2098 καὶ
899 2071 1023 2105 φυσικῶν

231 2121 449 2157 ἐπιχειρήσεων,
474 2120 529 2148 τῶν
548 2121 618 2155 ὑπὲρ
643 2119 724 2154 φύσιν
741 2120 789 2150 τὰς
805 2119 956 2151 ἀποδείξεις
978 2119 1021 2145 δέ-

230 2167 326 2203 χεσθαι
337 2176 344 2183 ·
361 2167 402 2193 ὅτι
412 2167 426 2193 ό
440 2166 506 2198 Θεὸς
522 2167 570 2193 καὶ
586 2166 681 2201 Πατὴρ
694 2166 750 2201 ἔχει
765 2165 829 2192 Υἰδν
842 2165 934 2200 ὅμοιον
946 2164 1022 2200 αὐτῷ

228 2200 301 2240 κατὰ
319 2213 418 2246 πάντα,
435 2213 519 2248 ὅνπερ
535 2212 650 2244 ἀπαθῶς
666 2200 723 2239 ixmil
740 2211 862 2247 ἀχράνως
878 2212 925 2238 καὶ
939 2211 1020 2246 ἀρεύ-
1038 2200 1060 2228 Ῐ)

229 2267 300 2291 στως
313 2259 497 2294 γεγέννηκενν
508 2258 538 2290 ὃς
551 2259 599 2285 καὶ
611 2258 698 2292 Λόγος
713 2259 760 2284 καὶ
772 2257 857 2292 Σοφία
870 2258 918 2284 καὶ
932 2257 1019 2284 Δύνα-

231 2315 279 2342 μις
306 2306 489 2338 ὲνυπόστατος
505 2305 553 2333 τοῦ
578 2305 647 2332 Θεοῦ
671 2306 757 2338 ἔστιν,
773 2304 820 2332 καὶ
843 2304 934 2336 καλῶς
952 2305 1019 2340 παρ’

228 2353 308 2390 ἡμῶν
322 2352 491 2380 πιστεύεται.

265 2444 310 2481 ιγ’.
338 2445 410 2473 Ἀλλ’
434 2446 495 2472 ἐπεὶ
519 2446 567 2472 καὶ
585 2444 616 2471 τὸ
643 2443 758 2479 Πνεῦμα
781 2443 812 2470 τὸ
838 2444 870 2470 ὲκ
885 2443 933 2470 τοῦ
952 2442 1020 2470 Θεοῦ

229 2495 277 2521 κα¹ι
293 2493 400 2528 Πατρός
413 2492 641 2528 ἐκπορευόμενον,
663 2491 711 2518 καὶ
728 2490 778 2517 σὺν
790 2490 847 2526 Υίῷ
858 2489 905 2516 τὸν
919 2489 1021 2524 κόσμον

229 2539 380 2573 ζωογονοῦν
399 2539 447 2566 καὶ
475 2537 646 2564 ἀναπ).ἀττον
671 2537 720 2563 καὶ
745 2535 814 2572 πρὸς
843 2535 893 2571 τὴν
916 2535 1021 2570 ἀμείνω

229 2585 302 2620 ζωὴν
315 2584 547 2621 μεταστοιχειοῦν,
564 2583 684 2619 όμοφυὲς
698 2582 728 2609 τέ
743 2583 801 2609 ὲστι
817 2583 865 2609 καὶ
878 2581 1022 2617 ὀμοούσιον

228 2633 267 2669 τῷ
280 2633 368 2669 Πατρὶ
383 2632 430 2660 καὶ
441 2632 480 2667 τῷ
491 2631 547 2666 Υίῷ
559 2631 606 2657 καὶ
618 2630 751 2665 ἰσότιμον,
767 2629 816 2664 τῆς
829 2629 891 2664 μιᾶς
905 2627 1021 2664 ἀληθοῦς

229 2679 361 2714 Θεότητος
378 2678 428 2714 μία
452 2679 601 2709 ὑπόστασις
622 2677 762 2712 πεφυκός·
778 2675 840 2702 καθ’
862 2674 877 2701 ὃ
891 2675 938 2701 καὶ
955 2675 1021 2708 παρ’

229 2726 308 2762 ἡμῶν
336 2726 390 2753 τῶν
420 2724 592 2761 Χριστιανῶν
619 2723 711 2755 καλῶς
735 2721 895 2749 πιστεύεται
920 2728 951 2748 τε
975 2722 1022 2748 καὶ

230 2772 396 2808 κηρύττεται
409 2779 416 2787 ’
436 2772 502 2808 φέρε
516 2772 564 2798 καὶ
580 2771 646 2806 περὶ
664 2769 771 2797 ἐκείνου
787 2769 832 2795 τὸν
849 2768 929 2802 λόγον
944 2768 1023 2804 ποιή-

231 2828 324 2854 σομαι,
340 2818 387 2846 καὶ
402 2819 451 2850 τὰς
466 2817 619 2850 ἀποδείξεις
635 2817 735 2853 μᾶλλον
753 2817 785 2843 ὲκ
799 2815 897 2842 κοινῶν
911 2813 1023 2840 ἐννοιῶν

231 2867 452 2902 παραστήσομαι,
470 2866 516 2892 καὶ
538 2866 570 2891 ὲκ
590 2865 736 2900 Γραφικῶν
753 2864 878 2899 ρἡεωνς
894 2861 927 2888 ἶν’
942 2862 957 2887 ὁ
970 2861 1019 2896 τῆς

1073 241 1117 263 est
1141 236 1227 264 Detttn
1245 237 1346 264 habere
1377 236 1488 264 Filium.
1514 236 1560 264 Sic
1577 238 1648 264 enim
1681 239 1865 271 argumentari

1073 282 1145 310 licet.

1109 374 1153 402 l2.
1172 373 1256 401 Deum
1273 382 1305 402 ex
1322 375 1365 407 iis,
1382 382 1445 410 quae
1461 375 1488 402 in
1503 374 1583 402 nobis
1596 377 1659 401 sunt
1677 374 1781 409 potiora
1794 394 1800 405 ,
1820 381 1868 408 εει

1071 421 1186 448 nitivum
1210 426 1236 448 et
1262 421 1407 449 fecundum
1430 426 1458 449 et
1487 421 1684 456 germinantem
1710 427 1780 453 esse,
1806 426 1867 454 apte

1070 465 1216 493 definimus
1243 474 1249 492 :
1271 467 1345 500 atqui
1372 471 1471 494 cuncta
1498 466 1654 500 huiusmodi
1682 465 1813 492 vocabula
1833 466 1867 492 ad

1070 511 1168 544 illium,
1193 516 1241 539 aut
1264 518 1385 547 germen,
1416 517 1463 539 aut
1481 512 1613 544 fructum,
1631 516 1680 538 aut
1711 512 1866 546 genituram

1070 557 1254 585 referuntur:
1286 557 1422 592 colligitur
1458 565 1523 593 ergo
1555 557 1641 585 Deum
1683 564 1805 592 congrue
1835 565 1867 584 ex

1069 603 1172 630 nostris
1191 603 1273 630 rebus
1293 603 1400 630 deliniri
1431 603 1554 634 solitum,
1577 602 1674 630 Filium
1692 610 1802 637 quoque
1819 602 1869 629 ha-

1070 650 1136 678 bere
1157 649 1266 685 (idque
1297 658 1313 677 a
1339 650 1419 676 nobis
1446 654 1519 677 recte
1548 649 1621 676 credi
1633 653 1660 675 et
1682 648 1865 682 existimari),

1069 702 1167 730 nempe
1180 694 1246 722 illud
1265 694 1339 730 quod
1354 694 1561 730 enbypostaliee
1572 698 1600 722 et
1614 693 1829 729 impassibiliter,
1842 698 1868 720 cl.

1068 741 1129 768 sine
1142 740 1197 768 ullo
1213 739 1286 767 lluxn
1298 741 1417 776 genitum
1436 740 1552 768 Verbum
1566 744 1618 768 est.
1634 739 1712 773 Quod
1723 739 1746 767 si
1761 739 1798 766 ita
1814 743 1866 770 est,

1067 788 1242 822 perspicuum
1257 787 1375 815 fitetiam
1399 787 1452 814 illis
1474 787 1519 822 qui
1533 786 1642 814 exiliter
1668 793 1780 814 cernere
1799 793 1868 821 que-

1069 837 1127 865 ttttt,
1149 832 1385 869 enhypostaticam
1403 830 1448 860 Dei
1471 834 1619 867 potentiam
1652 837 1734 867 atque
1756 832 1866 866 sapien-

1070 879 1147 911 tiam,
1177 887 1231 914 qua
1257 883 1353 914 potens
1374 884 1425 910 est,
1458 883 1486 905 et
1503 885 1557 913 qua
1575 877 1651 912 agit,
1669 882 1696 904 et
1724 877 1784 905 sine
1813 885 1868 912 qua

1072 927 1138 954 nihil
1154 926 1227 961 agit,
1243 932 1324 960 quam
1351 925 1433 953 etiam
1449 932 1540 953 sermo
1559 930 1654 952 noster
1682 924 1869 952 consubstan-

1071 973 1163 1000 tialem
1177 972 1231 998 Deo
1243 970 1327 1003 Patri,
1338 974 1366 998 et
1382 974 1430 1006 per
1444 970 1536 997 omnia
1554 969 1672 997 similem
1697 970 1869 997 demonstra-

1071 1019 1122 1051 vit,
1148 1022 1263 1053 excepta
1293 1017 1489 1053 generatione,
1516 1015 1615 1044 Filium
1645 1023 1706 1043 esse
1723 1015 1769 1043 Dei
1788 1020 1870 1051 atque

1073 1062 1240 1099 Sapientiam
1262 1067 1290 1090 et
1304 1062 1434 1094 Verbum,
1447 1062 1529 1097 idq‘ne
1548 1062 1645 1089 merito
1662 1069 1712 1088 nos
1733 1061 1867 1088 Christia-

1074 1117 1125 1138 nos
1141 1108 1265 1138 contlteri
1283 1113 1310 1136 et
1325 1108 1446 1136 credere.
1458 1106 1520 1134 tiam
1534 1108 1556 1134 si
1577 1108 1626 1134 hoe
1643 1114 1736 1134 verum
1752 1112 1803 1139 est,
1818 1114 1867 1133 cett

1073 1163 1170 1190 reapse
1199 1162 1293 1183 verum
1311 1155 1527 1182 demonstratum
1549 1158 1591 1180 εει
1607 1162 1615 1187 ',
1630 1158 1731 1180 temere
1756 1160 1870 1188 pI‘OI'SlIS

1073 1202 1209 1230 barbarus
1225 1200 1396 1236 stolidttsque
1415 1199 1590 1227 Mehamedes
1604 1219 1611 1231 ,
1632 1200 1658 1225 in
1678 1207 1728 1226 suo
1749 1199 1818 1226 falso
1834 1200 1869 1226 li-

1072 1247 1123 1275 bro
1138 1255 1188 1275 nos
1216 1252 1346 1282 tanquam
1382 1245 1614 1273 commnnicarios
1641 1250 1669 1272 et
1699 1246 1868 1272 associantes

1073 1294 1169 1330 irridet
1187 1313 1193 1326 ,
1210 1293 1289 1328 quasi
1305 1292 1390 1320 Deum
1406 1292 1502 1324 alium,
1515 1290 1561 1319 Dei
1577 1291 1665 1319 Patris
1677 1290 1787 1323 Filium,
1798 1299 1868 1326 pra:-

1073 1346 1114 1368 ter
1147 1342 1231 1367 unum
1259 1338 1412 1366 naturalem
1442 1345 1560 1373 vereque
1583 1337 1679 1369 Deum,
1696 1337 1868 1366 extrinsecus

1073 1386 1246 1414 inrehamus.
1266 1385 1294 1413 Si
1307 1392 1372 1420 ergo
1386 1393 1476 1413 sermo
1493 1388 1588 1412 noster
1614 1391 1647 1412 ex
1674 1385 1868 1412 eommudibus

1074 1433 1234 1460 notionibus
1254 1432 1405 1467 logicisque
1418 1430 1564 1463 methodis,
1581 1430 1627 1457 Dei
1643 1431 1803 1465 potentiam,
1815 1439 1868 1466 qua

1074 1484 1170 1513 potens
1186 1483 1237 1509 est,
1251 1483 1279 1505 et
1290 1485 1344 1513 qua
1363 1478 1428 1512 agit,
1446 1481 1473 1504 et
1490 1476 1550 1504 sine
1577 1483 1631 1512 qua
1647 1476 1714 1503 nihil
1728 1477 1792 1512 agit,
1809 1485 1869 1512 qum

1074 1525 1156 1553 etiam
1174 1524 1313 1560 Sapientia
1338 1523 1514 1558 Verbumque
1533 1523 1580 1551 Dei
1592 1523 1684 1551 Patris
1700 1527 1742 1551 est
1757 1531 1788 1550 ac
1803 1522 1870 1551 diei-

1078 1577 1132 1604 tur,
1148 1571 1384 1607 enltypostaticam
1396 1575 1423 1598 et
1437 1569 1697 1598 consubstantialem
1710 1573 1737 1597 et
1748 1577 1795 1604 per
1809 1577 1869 1597 om-

1076 1617 1121 1644 nia
1137 1616 1254 1644 similem
1272 1615 1327 1643 Deo
1340 1615 1424 1648 Patri,
1439 1615 1619 1650 eamdemque
1632 1621 1693 1642 esse
1715 1614 1827 1647 Filium,
1839 1621 1870 1642 ut

1076 1663 1144 1689 bene
1164 1669 1179 1688 a
1193 1661 1274 1689 nobis
1286 1661 1408 1688 creditur
1425 1669 1432 1694 ;
1449 1660 1472 1688 si
1490 1660 1559 1694 haec,
1577 1660 1687 1695 inquam
1701 1680 1708 1693 ,
1730 1660 1867 1688 serm0nis

1076 1708 1162 1735 nostri
1178 1707 1264 1735 series
1276 1707 1365 1735 lucide
1380 1706 1589 1738 demonstravit,
1608 1706 1796 1734 indubitanter
1818 1714 1868 1734 vos

1076 1753 1171 1789 procul
1191 1753 1279 1789 abegit
1301 1753 1479 1788 dispulilque,
1507 1752 1706 1787 mendacesque
1736 1753 1869 1788 coarguit,

1076 1799 1200 1835 qnidunt
1231 1803 1328 1835 praeter
1354 1804 1460 1827 naturae
1492 1799 1624 1827 unitatem
1642 1820 1650 1832 ,
1676 1800 1868 1834 proprietatem

1075 1854 1185 1882 quoque
1194 1847 1250 1874 sive
1262 1846 1430 1882 hypostasim
1440 1846 1606 1873 contltemini
1617 1866 1623 1878 ,
1636 1845 1742 1873 Patrem
1755 1845 1869 1874 Filium-

1076 1900 1130 1928 que
1145 1892 1402 1925 consubstantiales,
1417 1896 1444 1919 et
1460 1899 1508 1927 per
1524 1893 1616 1919 omnia
1641 1892 1772 1923 eosdem.
1788 1901 1869 1920 exce—

1075 1943 1119 1974 pta
1139 1938 1308 1966 innativitate
1327 1943 1353 1965 et
1370 1938 1554 1973 generatione,
1571 1945 1625 1964 tton
1651 1938 1782 1972 recipitis.
1800 1939 1869 1966 Pro-

1075 1990 1167 2020 plerca
1186 1985 1266 2013 nobis
1287 1985 1395 2019 quidem
1410 1984 1552 2011 ridebatur
1575 1983 1710 2018 perfectus
1724 1990 1870 2019 argumen—

1074 2032 1187 2059 tationis
1209 2036 1310 2059 nostra:
1325 2038 1427 2062 sermo,
1442 2035 1469 2057 et
1484 2030 1618 2064 Siquidem
1644 2030 1669 2056 hi
1697 2030 1804 2061 vellent.
1831 2031 1869 2057 ni-

1076 2079 1113 2105 hil
1126 2078 1336 2106 desiderandutn
1356 2077 1509 2112 relinquere
1523 2085 1530 2109 ;
1546 2081 1681 2110 quatenus
1697 2084 1729 2103 ex
1745 2084 1868 2103 commu-

1075 2125 1156 2152 nibus
1176 2124 1333 2151 notionibus
1358 2123 1532 2158 pltysieisque
1552 2122 1731 2156 argumentis,
1751 2129 1795 2148 res
1808 2129 1869 2156 quae

1074 2177 1157 2204 supra
1183 2173 1308 2196 naturam
1330 2173 1405 2200 sunt,
1425 2167 1685 2195 demonstrationem
1703 2167 1841 2202 patiuntur
1859 2178 1864 2193 :

1073 2225 1171 2254 nempe
1183 2218 1256 2253 quod
1279 2216 1350 2244 Deus
1365 2217 1444 2243 Pater
1464 2214 1562 2242 Filium
1588 2215 1668 2242 habet
1680 2214 1795 2242 similem
1816 2214 1866 2241 sibi

1070 2272 1120 2300 per
1135 2263 1248 2296 omnia;
1271 2270 1351 2298 quem
1380 2261 1585 2297 impassibiliter
1603 2265 1631 2288 et
1654 2260 1868 2295 intetnporaliter

1071 2316 1098 2338 et
1109 2311 1166 2338 sine
1182 2310 1238 2338 ullo
1254 2309 1441 2344 ilu\'u,genuit
1454 2315 1461 2339 ;
1473 2307 1519 2342 qui
1538 2311 1565 2334 et
1577 2305 1696 2333 Verbum
1710 2311 1737 2332 et
1753 2304 1867 2340 Sapien-

1072 2357 1108 2384 tia
1131 2361 1158 2384 et
1185 2356 1309 2383 Potentia
1339 2353 1546 2389 cnhyposlalica
1573 2352 1620 2380 Dei
1634 2357 1685 2386 est,
1707 2356 1834 2387 recteque
1853 2361 1867 2378 ιι

1073 2404 1154 2432 nobis
1168 2402 1298 2431 creditur.

1109 2449 1153 2476 l5.
1172 2448 1225 2476 Sed
1236 2448 1301 2483 quia
1323 2446 1440 2482 Spiritus
1456 2453 1576 2481 queque,
1592 2445 1638 2480 qui
1668 2453 1683 2472 a
1699 2444 1755 2472 Deo
1787 2443 1868 2471 Patre

1073 2494 1207 2531 procedit,
1232 2498 1259 2520 et
1274 2500 1336 2520 cutn
1348 2491 1418 2518 Filio
1437 2491 1570 2518 mundum
1599 2489 1719 2517 viviﬁcat
1735 2493 1762 2517 et
1783 2489 1869 2516 refor-

1074 2546 1140 2570 mat,
1151 2543 1177 2566 rt
1190 2539 1221 2565 ad
1239 2539 1378 2565 meliorem
1396 2537 1478 2563 vitam
1491 2539 1667 2567 transmutat,
1683 2535 1870 2568 homOgeneus

1072 2590 1114 2613 est
1130 2590 1156 2612 et
1170 2582 1413 2612 eonsubstantialis
1437 2581 1512 2609 Patri
1531 2588 1564 2609 ac
1585 2581 1654 2609 Filio
1683 2585 1711 2608 et
1727 2587 1804 2615 atque
1818 2579 1868 2605 lto-

1073 2631 1215 2661 norabilis,
1247 2629 1328 2656 unius
1341 2635 1413 2656 verae
1434 2627 1548 2655 Deitatis
1578 2631 1693 2662 peremta
1720 2623 1869 2659 singularis

1073 2676 1221 2705 exsistens.
1234 2675 1331 2702 sicuta
1351 2674 1431 2702 nobis
1448 2672 1615 2701 Christianis
1645 2676 1720 2699 recte
1747 2669 1869 2697 creditur

1074 2729 1107 2750 ac
1126 2721 1310 2756 praedicatur;
1333 2720 1424 2754 agesis
1445 2720 1479 2747 de
1508 2719 1557 2747 illo
1573 2722 1684 2753 quoque
1712 2721 1869 2743 Sermonem

1074 2768 1226 2798 instituam,
1244 2766 1301 2793 imo
1316 2765 1408 2800 potius
1420 2764 1669 2792 demonstrationes
1686 2766 1720 2788 ex
1744 2766 1869 2788 commit.

1075 2815 1157 2842 nibus
1182 2813 1339 2841 notionibus
1368 2812 1512 2843 exhibebo,
1542 2816 1648 2838 necnon
1666 2815 1700 2835 ex
1719 2805 1870 2842 Scriptura:

1078 2860 1261 2894 testimoniis,
1282 2864 1312 2887 ut
1335 2859 1396 2886 iidci
1413 2858 1535 2886 doctrina
1557 2855 1590 2883 de
1615 2859 1709 2883 saneta
1735 2853 1869 2881 Trinitatc
