2083 3155
218 126 271 158 687

855 127 876 156 N
884 127 1000 156 [CE'l‘zE
1020 128 1222 158 ΠΥΖΛΝΤΙΝΙ

1799 130 1852 161 688

221 181 372 210 secundum
398 181 590 216 proprietates,
607 181 632 208 id
652 185 704 213 est,
732 189 863 216 personas
889 183 1012 210 unicam-

1067 183 1145 217 ἁγίας
1160 183 1274 218 Τριὰδος
1287 183 1356 210 κατὰ
1369 184 1417 215 τὰς
1432 184 1564 218 ἰδιότητας
1579 186 1659 220 ἦτουν
1678 187 1840 219 ὑποστάσεις

220 236 274 263 quc
289 228 459 255 divinitatem
490 236 521 255 ac
545 228 760 255 dominationem
788 233 814 255 et
846 233 1009 262 potestatem

222 278 304 307 atque
319 274 518 305 monarcbiam,
537 280 610 300 sarta
624 278 748 308 tectaque
764 275 809 306 sit,
829 281 855 301 et
873 283 888 301 a
901 276 1011 301 nemine

220 321 335 347 alterius
364 321 425 347 lidei
456 320 567 347 homine
595 321 751 354 repellatur.
777 320 912 354 Quoniam
948 320 1011 347 lidei

220 365 355 392 eriJentis
378 365 455 392 nobis
473 366 558 392 instar
575 372 618 393 est
649 365 839 392 communium
865 366 1008 392 uotionum

222 418 305 443 usus;
321 417 417 445 praeter
430 411 503 438 hunc
522 415 627 442 autem,
643 411 838 446 prophetarum
867 410 1011 445 iuspiratto

223 465 238 483 a
255 457 348 483 divino
385 457 487 491 Spiriln
509 456 721 492 suppeditatur,
755 463 842 491 eaque
868 456 1012 484 Inanileste

222 504 306 532 ltohis
322 508 431 530 enarrat
460 503 544 530 DCIIII]
557 511 640 530 omne
653 508 776 530 creatum
792 510 961 530 conservare
981 511 1012 530 ac

222 552 325 582 fovere,
341 549 490 582 viriliearc,
505 554 531 576 et
544 550 653 577 divinos
680 550 837 580 instinctus,
862 549 1013 577 charisma-

222 603 278 624 tum
294 596 384 623 \‘arias
406 596 526 623 rationes
544 600 570 622 et
582 595 815 623 sanctilicationcs
841 595 932 631 dignis
944 603 1012 631 pra:-

222 643 298 675 bere,
314 643 385 669 sicut
402 648 491 669 Vt'SlI’a
506 649 617 676 quoque
630 642 766 675 scriptura
784 645 936 673 consonat;
963 649 1011 668 ex-

224 689 363 724 ploratum
378 693 421 715 est
444 688 528 714 Deum
543 688 631 715 multo
643 687 721 722 prius
734 691 761 714 et
792 692 916 714 Sanctum
939 695 1011 720 esse,

219 740 248 762 ct
264 743 297 762 ex
314 734 406 762 divina
432 733 632 762 consuetudine
660 733 793 760 mundum
826 733 965 761 custodire
981 741 1013 761 ac

220 781 323 812 fovere,
341 784 368 807 et
379 780 411 806 ad
427 779 570 806 meliorum
597 786 704 806 morum
725 778 909 806 conditionem
927 778 1013 806 dedu-

219 833 293 853 cere.
306 824 373 852 Nam
385 825 407 852 si
420 824 490 852 forte
500 824 552 851 hoc
563 824 662 859 aliquis
673 831 792 851 vesanus
806 832 858 851 non
870 824 1011 856 concedat,

1063 230 1110 254 καὶ
1128 229 1178 264 τὴν
1200 229 1264 264 μίαν
1287 229 1402 261 Θεότητα
1423 230 1470 256 καὶ
1495 231 1644 266 κυριότητα
1661 231 1707 258 καὶ
1730 232 1855 264 ἐξουσίαν

1063 276 1109 301 καὶ
1126 276 1278 310 μοναρχίαν
1292 277 1465 307 πιστευτικὸς
1478 276 1566 310 λόγος,
1584 277 1690 312 βέϐαιος
1706 279 1754 304 καὶ
1765 280 1854 313 ἀσφα-

1063 320 1110 355 λὴς
1127 322 1181 356 εἴη,
1198 322 1245 347 καὶ
1265 321 1342 356 παρὰ
1360 322 1472 356 μηδενὸς
1489 323 1664 358 ἐτεροπίστου
1684 325 1855 360 παρακρουὸ-

1064 375 1144 401 μενος
1156 375 1163 381 ·
1180 366 1321 402 ἀρξόμεθα
1340 367 1368 393 δὲ
1384 367 1432 394 καὶ
1447 368 1512 402 περὶ
1529 368 1624 395 τούτου
1643 365 1695 396 ὧδε
1707 378 1713 384 ·
1746 370 1855 405 Ἐπειδὴ

1062 413 1154 444 πίστις
1170 413 1236 448 ἡμῖν
1259 413 1378 449 ἐναργὴς
1403 414 1419 448 ὴ
1438 414 1493 440 τῶν
1509 415 1606 440 κοινῶν
1629 415 1738 441 ἐννοιῶν
1755 416 1854 442 ὑποτέ-

1063 458 1150 485 Θειται
1177 459 1286 494 χρῆσις,
1314 459 1384 494 ὑπὲρ
1403 459 1431 485 δὲ
1450 459 1553 494 ταύτης
1582 461 1598 495 ή
1621 461 1676 486 τῶν
1705 462 1854 496 προφητῶν

1063 503 1212 538 ἕμπνευσις
1239 505 1284 531 διὰ
1310 504 1357 531 τοῦ
1388 504 1460 531 θείου
1488 505 1649 540 Πνεύματος
1671 507 1854 539 καθίσταται,

1063 549 1132 586 αὕτη
1152 551 1180 577 δὲ
1194 551 1289 585 σαφῶς
1302 552 1368 587 ἡμῖν
1385 551 1550 586 διαγορεύει,
1567 553 1607 579 ὅτι
1623 553 1637 579 6
1662 553 1728 585 Θεὸς
1742 554 1792 588 τὴν
1809 555 1855 590 δη-

1064 597 1209 631 μιουργίαν
1236 597 1346 624 ἅπασαν
1375 599 1534 633 φρουρεῖται
1559 607 1590 625 τε
1617 600 1665 626 καὶ
1690 601 1854 633 ὲπιθάλπει,

1063 642 1192 675 ζωογονεί
1212 651 1242 669 τε
1265 643 1313 670 καὶ
1339 644 1505 677 ἐμπνεύσεις
1526 645 1601 675 θείας
1618 647 1665 672 καὶ
1679 647 1855 682 χαρισμάτων

1062 687 1180 723 τρόπους
1205 689 1254 715 καὶ
1268 690 1422 724 ἁγιασμοὺς
1436 692 1493 722 τοῖς
1507 690 1592 723 ἀξίοις
1613 692 1739 727 παρέχει,
1755 692 1817 719 καθ’
1837 694 1855 719 ἂ

1063 733 1111 760 καὶ
1124 734 1155 760 τὸ
1167 734 1301 770 ὑμέτερον
1317 736 1435 770 γράμμα
1451 737 1557 771 συνῳδὰ
1573 737 1678 770 τούτοις
1694 739 1854 773 φθέγγεται.

1064 779 1180 814 φανερὸν
1194 780 1234 807 ὅτι
1257 782 1271 807 6
1284 781 1350 813 Θεὸς
1369 781 1460 817 πολλῷ
1485 783 1619 819 πρότερον
1632 783 1710 818 ἅγιός
1735 784 1794 812 ἐστι
1809 787 1856 812 καὶ

1064 826 1092 851 ὲν
1109 826 1250 862 ἁγιωσύνῃ
1278 827 1339 862 θείᾳ
1355 827 1400 854 τὸν
1417 828 1521 863 κόσμον
1545 830 1660 864 φρουρεῖ
1672 838 1701 856 τε
1723 831 1771 857 καὶ
1794 832 1855 858 ἐπι-

222 873 246 899 is
266 871 351 898 Deum
367 870 442 898 oumi
457 875 594 897 carentem
626 870 773 897 sanctitate
797 870 910 897 diceret.
934 869 1009 903 Quo-

1067 857 1163 898 θάλπει
1177 873 1225 899 καὶ
1236 857 1310 908 ’πρὸς
1327 857 1379 909 τὴν
1394 857 1538 910 κρείττονα
1551 857 1700 911 ,διαγωγὴν
1715 857 1834 912 διεξάγει
1847 885 1855 894 ·

221 917 304 945 modo
319 922 410 944 autem
429 916 473 943 ille
486 915 638 943 volentibus
666 916 794 943 omnibus
820 916 919 943 divina-
949 923 1011 951 gra-

222 965 268 991 tia:
284 963 395 991 divitias
410 963 445 990 ad
463 962 645 990 hauriendum
666 962 726 990 sine
740 962 794 989 ulla
825 963 866 989 sui
880 962 1011 990 imminu-

221 1011 296 1038 tione
311 1009 456 1044 proponit?
473 1017 535 1036 nam
551 1009 573 1036 si
587 1009 644 1044 ipse
667 1009 812 1036 sanctitate
827 1013 911 1041 caret,
938 1013 1012 1036 certe

223 1064 257 1083 ne
268 1055 450 1083 sanctitieabit
464 1055 589 1090 quidem:
605 1061 685 1081 nemo
704 1054 776 1081 enim
795 1054 867 1089 quod
885 1063 939 1082 non
964 1055 1012 1082 ha-

224 1103 269 1128 bet
284 1102 331 1128 dat
354 1101 500 1136 cuiquam:
529 1100 568 1127 vel
593 1099 672 1135 cujus
701 1100 758 1134 ipse
783 1101 820 1127 rei
852 1104 1012 1135 paupertate

223 1148 341 1180 laborat,
360 1148 454 1174 eadem
472 1147 541 1174 alios
552 1146 660 1174 ditabit.
689 1145 718 1174 Si
741 1146 811 1174 Deus
836 1146 930 1181 itaque
958 1154 1012 1174 non

222 1198 266 1221 est
280 1192 434 1221 sanctitatis
456 1192 606 1227 particeps,
625 1192 685 1219 sine
697 1191 781 1219 dubio
803 1195 931 1219 creatura
954 1192 1013 1218 uni-

223 1247 302 1267 versa
324 1238 409 1266 multo
423 1238 509 1273 magis
534 1238 721 1266 desertissima
741 1238 792 1265 erit
806 1246 822 1265 a
847 1237 933 1273 gratia
952 1242 980 1265 et
997 1245 1012 1264 a

222 1285 318 1313 divino
338 1292 462 1313 munere.
483 1285 565 1319 Atqui
587 1288 712 1312 creatura
740 1284 811 1311 haud
836 1284 948 1311 omnino
967 1284 1014 1312 de-

222 1332 348 1360 stituitur
359 1332 444 1367 gratia
460 1336 486 1358 et
500 1331 644 1358 sanctitate
662 1339 694 1358 ac
706 1331 850 1366 praesidio;
875 1331 1014 1366 quomodo

221 1379 297 1405 enim
331 1386 411 1406 secus
436 1378 620 1405 subsisteret?
650 1378 742 1413 itaque
776 1377 953 1405 manifestum
973 1382 1016 1405 est

224 1425 313 1457 illum,
332 1424 378 1458 qui
398 1423 454 1451 Itth
469 1423 574 1456 tribuit,
597 1423 623 1450 id
647 1428 690 1451 est.
704 1423 800 1454 Deum.
826 1424 1016 1451 substantialis

224 1471 379 1498 sanctitatis
396 1470 483 1497 multo
496 1478 556 1498 esse
570 1470 730 1505 pleniorem,
747 1475 773 1497 et
788 1479 850 1497 cum
870 1471 1016 1498 sanctitate

226 1517 359 1544 mundum
377 1516 539 1551 gubernare.
555 1516 582 1543 Si
595 1523 660 1551 ergo
677 1517 748 1544 Deus
761 1517 787 1543 in
797 1517 943 1544 sanctitate
956 1524 1016 1543 ver-
1029 1529 1051 1558 ρ

227 1570 294 1590 sans
311 1563 444 1590 mundum
463 1562 617 1590 sanctificat
638 1567 665 1590 et
684 1563 786 1597 dirigit.
812 1571 929 1597 eumque
942 1563 1017 1590 exsi-

225 1613 342 1637 stentem
358 1609 459 1636 divinis
480 1609 707 1644 inspirationibus
728 1615 755 1637 et
772 1611 907 1637 doctrinis
933 1614 1016 1645 atque

227 1655 439 1682 charismatibus
457 1655 559 1689 implet,
590 1659 664 1688 patet
691 1663 754 1682 eum
779 1656 839 1682 sine
871 1656 1017 1682 sanctitate

227 1707 281 1726 non
292 1707 362 1726 esse.
379 1699 462 1726 l’orro
476 1707 558 1727 omne
571 1701 642 1735 quod
660 1701 833 1728 sanctitatem
850 1700 942 1733 habet,
955 1709 1015 1728 eam

225 1745 268 1771 mel
286 1745 441 1779 adoptivam
459 1744 540 1772 habet
553 1745 594 1772 rel
607 1745 769 1772 naturalem.
787 1745 846 1772 Jam
870 1746 894 1773 si
909 1746 1017 1781 adopti-

227 1798 289 1817 vam
306 1791 396 1821 habet,
423 1791 463 1818 vel
493 1798 547 1818 uno
575 1791 731 1826 syllogismo
756 1792 793 1818 rei
820 1791 1016 1819 absurditatem

227 1844 395 1871 cognoscere
413 1837 485 1864 licet.
508 1837 578 1865 licus
607 1839 759 1872 adoptivam
786 1838 866 1865 habet
887 1838 1017 1866 sanctita-

229 1889 282 1910 tem
298 1891 375 1910 suam
391 1888 473 1918 atque
489 1883 697 1918 inspirationcm
716 1883 806 1917 :atqui
839 1891 921 1910 omne
943 1883 1017 1918 quod

228 1929 264 1956 ita
279 1930 369 1962 habet,
386 1929 551 1964 prolicicudo
563 1929 721 1965 perﬁcitur:
736 1929 909 1957 concluditur
925 1929 1018 1965 itaque

228 1980 258 2003 ut
279 1975 350 2003 Deus
370 1976 537 2010 proliciendo
548 1975 718 2011 perliciatur.
739 1975 817 2009 Quod
830 1976 863 2003 de
876 1975 932 2003 Deo
958 1976 1017 2004 sine

220 2022 398 2057 .blasplu-mia
411 2022 463 2050 dici
477 2022 582 2057 nequit.

266 2161 310 2187 tt.
325 2161 390 2187 ltem
402 2160 492 2187 aliter.
511 2160 540 2187 Si
573 2159 644 2188 Deus
668 2160 822 2194 adoptivam
852 2160 933 2188 habet
953 2168 1017 2188 san-

1062 918 1086 943 έί
1099 918 1153 953 γὰρ
1168 918 1215 945 καί
1229 927 1271 949 τις
1288 919 1367 945 τοῦτο
1383 920 1524 955 ἁφραίνων
1536 922 1567 947 οὑ
1581 921 1651 956 δοίη,
1663 922 1709 948 τὸν
1722 923 1790 950 Θεὸν
1802 925 1854 959 φή-

1063 972 1119 990 σειε
1139 964 1278 996 παντελῶς
1296 966 1459 1001 ἐστερῆσθαι
1485 966 1660 1002 ἁγιωσύνης·
1680 969 1728 995 καὶ
1747 969 1807 1000 πῶς
1822 970 1854 996 ἂν

1063 1011 1078 1037 6
1093 1010 1175 1043 αὐτὸς
1189 1012 1244 1043 τοῖς
1258 1010 1382 1038 Θέλουσιν
1404 1012 1491 1039 ἅπασι
1515 1013 1562 1039 τὸν
1578 1013 1693 1040 πλοῦτον
1707 1014 1757 1049 τῆς
1780 1014 1855 1046 Θείας

1064 1057 1175 1092 χάριτος
1194 1057 1327 1092 ἀρύεσθαι
1351 1057 1538 1093 ὰπροσπαοῶς
1567 1059 1714 1095 ἐντίθησιν,
1740 1060 1817 1096 εἰπερ
1842 1062 1871 1090 ὁ,

1064 1103 1146 1136 αὐτὸς
1158 1103 1271 1139 ἄμοιρός
1283 1105 1356 1130 ἐστιν
1369 1103 1531 1141 άγιότητοςς
1542 1106 1573 1132 Et
1585 1103 1632 1133 οὖν
1649 1107 1729 1138 αὐτὸς
1743 1107 1856 1142 ἄμοιρός

1064 1149 1140 1176 ἐστιν
1152 1149 1307 1184 ἁγιότητος.
1321 1150 1382 1176 οὐδὲ
1396 1150 1506 1185 ἅγιάσει
1519 1159 1525 1166 ·
1540 1152 1616 1179 οὐδὲν
1628 1153 1684 1188 γὰρ
1692 1153 1748 1180 τῶν
1760 1153 1856 1184 οντων.

1064 1194 1133 1229 ὅπερ
1146 1195 1176 1220 οὐ
1193 1195 1326 1230 κέκτηται
1340 1196 1470 1232 παράσχῃ
1486 1197 1617 1230 τινὶνκαὶ.
1632 1194 1663 1224 οὗ
1685 1198 1797 1225 πένεται
1812 1198 1856 1225 ά).-

1065 1239 1127 1272 λους
1146 1240 1369 1269 καταπλουτίσει.
1387 1242 1417 1268 Ei
1443 1241 1489 1269 οὖν
1505 1244 1519 1269 6
1544 1243 1612 1275 Θεὸς
1637 1244 1755 1279 ἄμοιρός
1783 1245 1858 1271 ἐστιν

1065 1283 1217 1320 ἁγιότητος,
1243 1285 1322 1321 δῆλον
1347 1287 1389 1313 ὃτι
1415 1288 1461 1314 καὶ
1487 1289 1504 1323 ἡ
1532 1288 1622 1320 κτίσις
1648 1289 1742 1316 ἁπασα
1766 1290 1857 1325 πολλῷ

1068 1329 1169 1366 μᾶλλον
1186 1330 1278 1366 ἐρήμη
1297 1331 1330 1358 ἂν
1346 1332 1389 1368 εἴη
1405 1334 1575 1368 χαρίσματός
1594 1343 1624 1361 τε
1641 1336 1689 1362 καὶ
1708 1335 1781 1362 θείου
1793 1337 1857 1372 τρό-

1065 1384 1118 1403 ’που
1131 1383 1138 1391 ·
1163 1375 1234 1403 ἀλλὰ
1251 1375 1305 1412 μὴν
1320 1377 1338 1412 ἡ
1355 1377 1444 1409 κτίσις
1458 1378 1488 1404 οὐ
1512 1378 1652 1412 παντελῶς
1674 1380 1767 1416 ἐρήμη
1785 1381 1858 1409 θείου

1066 1421 1237 1457 χαρίσματος
1253 1423 1300 1449 καὶ
1319 1423 1476 1459 ἁγιωσύνης
1499 1425 1548 1452 καὶ
1563 1425 1713 1460 ἀσφαλείας
1728 1428 1859 1456 καθίστα-

1066 1476 1111 1493 ται
1124 1475 1131 1482 ·
1156 1468 1215 1500 πῶς
1241 1469 1296 1504 γὰρ
1322 1469 1355 1496 ἂν
1379 1470 1426 1497 καὶ
1443 1471 1604 1507 συνείχετο;
1621 1473 1700 1508 δῆλον
1719 1474 1760 1500 ὅτι
1775 1475 1823 1501 καὶ
1845 1476 1860 1501 ὁ

1067 1514 1169 1548 ταύτης
1185 1514 1361 1548 μεταδοτικὸς
1372 1536 1380 1548 ,
1396 1514 1464 1552 ὅπερ
1484 1518 1543 1544 ἐστὶ
1558 1517 1625 1550 Θεὸς
1637 1538 1644 1551 ,
1661 1518 1752 1555 πολλῷ
1776 1520 1857 1547 πλέον

1068 1559 1216 1592 οὺσιώδους
1232 1561 1377 1594 ἀνάπλεώς
1400 1564 1474 1590 εστιν
1488 1564 1633 1600 ἁγιότητος
1646 1585 1654 1597 ,
1671 1567 1718 1593 καὶ
1733 1566 1764 1592 ὲν
1781 1567 1860 1600 ἁγια-

1068 1606 1130 1641 σμῷ
1145 1606 1190 1633 τὸν
1210 1607 1312 1642 κόσμον
1330 1608 1499 1640 διευθετίζει.
1522 1610 1554 1637 Ει
1566 1608 1613 1637 οὖν
1623 1611 1637 1638 6
1651 1611 1717 1643 Θεὸς
1733 1612 1762 1639 ὲν
1775 1613 1859 1646 ἁγιω-

1069 1651 1136 1687 σύνῃ
1152 1651 1229 1685 άγιος
1248 1652 1296 1684 ὣν,
1314 1654 1360 1680 τὸν
1377 1654 1479 1689 κόσμον
1499 1655 1610 1689 ἁγιάζει
1626 1657 1673 1682 καὶ
1688 1657 1859 1690 διευθετὶζει,

1068 1698 1116 1725 καὶ
1131 1698 1211 1728 θείων
1225 1699 1401 1734 ἑμπνεύσεων
1415 1701 1463 1728 καὶ
1480 1702 1608 1736 μυήσεων
1623 1703 1669 1729 καὶ
1682 1704 1860 1739 χαρισμάτων

1068 1744 1134 1771 ὄντα
1157 1745 1345 1781 ἐμπίμπλησι,
1362 1748 1479 1783 φανερὸν
1501 1749 1541 1775 ὃτι
1563 1749 1696 1785 άγιότητα
1713 1750 1788 1785 ἔχει’
1806 1753 1859 1778 πᾶν

1068 1791 1097 1817 δὲ
1111 1791 1142 1818 τὸ
1163 1791 1225 1826 ἔχον
1239 1792 1383 1828 ὰγιὸτητα,
1399 1794 1415 1829 ἢ
1433 1794 1518 1826 οετῶς
1533 1795 1636 1830 ταύτην
1652 1795 1708 1830 ἔχει
1725 1797 1740 1831 ἢ
1758 1797 1838 1831 φύσει
1852 1806 1858 1813 ·

1069 1836 1126 1863 ἀλλ’
1138 1838 1162 1864 εί
1179 1837 1228 1872 μὲν
1243 1838 1327 1870 θετῶς
1342 1838 1409 1874 ἔχει,
1426 1841 1537 1866 σκοπεῖν
1552 1840 1610 1867 ἔστι
1623 1841 1667 1868 διὰ
1679 1841 1859 1878 συλλογισμοῦ

1069 1882 1098 1908 τὸ
1112 1882 1213 1909 ἄτοπον
1226 1891 1233 1897 ·
1248 1883 1262 1909 6
1273 1883 1339 1914 Θεὸς
1355 1883 1434 1919 Θετὴν
1448 1883 1505 1919 ἔχει
1519 1885 1569 1920 τὴν
1584 1886 1666 1912 αὐτοῦ
1683 1887 1817 1921 άγιότητά
1830 1897 1859 1914 τε

1069 1927 1116 1954 καὶ
1131 1927 1281 1962 ἐμπνευσιν
1295 1937 1302 1944 '
1318 1929 1372 1956 πᾶν
1387 1929 1415 1955 δὲ
1429 1929 1459 1955 τὸ
1471 1929 1558 1962 οὕτως
1581 1931 1654 1966 ἔχον,
1669 1932 1702 1958 ὲκ
1717 1932 1860 1968 προκοπῆς

1068 1973 1219 2001 τελειοῦται
1233 1983 1240 1989 “
1255 1975 1403 2009 συνάγεται
1423 1975 1477 2010 ἄρα
1491 1976 1533 2003 ὅτι
1547 1977 1562 2003 6
1586 1976 1653 2009 Θεὸς
1670 1978 1742 2005 κατὰ
1760 1987 1860 2013 προκο-

1069 2020 1122 2054 πὴν
1139 2020 1290 2048 τελειοῦται
1304 2029 1310 2037 ·
1336 2021 1405 2056 ὅπερ
1427 2021 1500 2048 ἐστὶν
1524 2021 1570 2048 ἐπὶ
1585 2022 1653 2050 Θεοῦ
1666 2022 1758 2058 λέγειν
1777 2023 1861 2059 βλάσ-

1070 2073 1171 2100 φημον-

1106 2156 1148 2184 ιδ’.
1169 2157 1225 2185 Καὶ
1238 2157 1342 2190 ἄλλως·
1358 2159 1391 2185 Ei
1405 2159 1419 2185 6
1433 2158 1499 2190 Θεὸς
1524 2158 1605 2195 θετὴν
1629 2160 1686 2195 ἔχει
1709 2160 1757 2196 τὴν
1777 2160 1860 2188 αὑτοῦ

229 2206 350 2234 ctitalem
386 2214 463 2233 suam
493 2210 575 2241 atque
611 2206 829 2241 iuspiratiotmu,
857 2210 930 2240 patet
955 2213 1016 2232 eum

1071 2204 1205 2240 ἁγιότητά
1217 2212 1246 2230 τε
1262 2205 1310 2231 καὶ
1326 2204 1486 2238 ἒμπνευσιν,
1496 2205 1575 2240 δῆλον
1587 2206 1628 2233 ὅτι
1644 2206 1761 2241 θύραθεν
1775 2206 1861 2241 αὐτὴν

229 2252 400 2279 extrinsecus
413 2251 487 2278 illam
499 2251 637 2285 accepisse
651 2260 657 2278 :
672 2250 747 2285 atqui
763 2250 853 2278 omnis
864 2251 911 2286 qui
921 2251 958 2278 ita
971 2258 1020 2278 ac-

230 2299 343 2332 ceperit,
363 2297 459 2324 abalio
473 2297 596 2331 acet-pit:
610 2297 686 2323 nulla
714 2296 785 2323 enim
813 2304 856 2323 res
883 2295 1019 2324 exsistens

222 2343 290 2378 ipsa
303 2351 350 2378 per
370 2351 400 2370 se
411 2346 437 2369 et
449 2342 499 2369 sibi
516 2342 601 2369 datm
614 2343 704 2373 datur,
732 2341 886 2369 sanctiﬁcat
904 2347 932 2369 et
956 2349 1020 2369 sau-

231 2390 382 2421 ctilicatur,
407 2389 544 2416 illuminat
569 2394 596 2416 et
623 2389 814 2422 illuminatur;
845 2389 916 2416 sicut
948 2388 1018 2416 idem

222 2436 312 2462 .homo
322 2443 374 2462 non
384 2435 461 2462 docet
472 2435 630 2462 etdocetur.
647 2434 674 2461 Si
687 2442 751 2466 ergo
764 2434 834 2461 Deus
848 2435 1020 2461 sanctitatem

230 2482 265 2508 ab
279 2482 333 2508 alio
345 2482 460 2516 accepit.
478 2481 519 2508 vel
534 2489 548 2508 a
563 2481 622 2516 pari
635 2481 752 2516 accepit,
765 2481 806 2508 vel
819 2489 833 2508 a
850 2481 965 2513 minore,
977 2480 1020 2508 vel

231 2527 349 2561 denique
361 2536 375 2552 a
393 2527 506 2562 majore.
520 2527 572 2554 Sed
594 2528 666 2554 enim
681 2526 753 2562 quod
785 2527 819 2553 ab
848 2526 945 2553 horum
973 2534 1021 2553 nc-

231 2574 305 2601 mitte
315 2574 461 2608 acceperit,
484 2573 548 2600 hinc
561 2577 670 2600 constat
693 2581 699 2599 :
725 2580 787 2599 nam
816 2572 861 2607 qui
890 2571 1022 2599 sanctita-

221 2625 285 2647 tem
302 2620 337 2647 ab
352 2620 445 2654 aliquo
461 2619 571 2654 accipit,
589 2624 617 2645 ut
631 2618 814 2646 sanetitieetur
841 2617 957 2651 accipit:
974 2617 1020 2651 qui

231 2671 322 2694 autem
336 2666 495 2702 accipiendo
514 2665 711 2698 sanctiﬁcatur,
729 2674 743 2692 a
761 2665 865 2700 majore
884 2663 1022 2699 aceipitet

231 2713 428 2740 sanctilicatur.
445 2710 530 2739 Porro
555 2712 652 2739 horum
673 2711 742 2738 alter
754 2715 796 2737 est
810 2710 940 2742 deterior,
954 2712 1022 2736 alter

223 2758 359 2793 aqualis;
377 2766 438 2785 nam
454 2759 592 2786 meliorem
619 2757 673 2784 Deo
705 2757 839 2783 neminem
857 2764 919 2784 esse
944 2764 1021 2783 com-

234 2802 325 2830 munis
344 2803 421 2830 nobis
439 2811 536 2830 sensus
563 2805 670 2830 suadet.
695 2801 779 2836 Igitur
809 2801 880 2829 Deus
904 2801 939 2828 ab
967 2801 1021 2828 alio

224 2846 404 2876 sanctitatem
420 2855 498 2876 suam
512 2855 565 2876 non
582 2847 695 2883 accepit.
709 2847 787 2880 Quod
803 2848 826 2874 si
845 2855 1019 2883 nequaquam

1071 2249 1193 2285 εἴληφεν
1207 2251 1260 2277 πᾶν
1272 2250 1300 2277 δὲ
1312 2250 1342 2277 τὸ
1357 2250 1443 2282 οὕτως
1456 2251 1584 2286 ὲσχηκὸς.
1596 2251 1664 2286 παρ’
1678 2252 1773 2287 ἐτέρου
1790 2253 1861 2283 τινὸς

1071 2295 1174 2331 ταύτην
1185 2296 1280 2331 εἴληφε
1289 2304 1295 2311 ·
1307 2296 1354 2323 καὶ
1366 2296 1419 2331 γὰρ
1432 2296 1508 2323 οὐδὲν
1520 2297 1574 2323 τῶν
1591 2297 1675 2324 ὄντων
1690 2298 1756 2325 αὐτὸ
1771 2298 1861 2333 ἐαυτῷ

1072 2342 1188 2376 παρέχει
1212 2342 1259 2368 καὶ
1276 2342 1436 2378 παρέχεται,
1460 2343 1568 2377 ἁγιάζει
1585 2352 1614 2370 τε
1637 2344 1685 2370 καὶ
1700 2343 1859 2378 ἁγιάζεται·

1072 2387 1166 2422 ὥσπερ
1186 2388 1247 2414 οὐδὲ
1263 2387 1294 2414 τὸ
1314 2388 1380 2415 αὐτὸ
1397 2388 1517 2415 διδάσκει
1533 2398 1562 2415 τε
1583 2390 1629 2416 καὶ
1649 2390 1814 2416 διδάσκεται.
1830 2389 1862 2417 ΕΞ

1072 2432 1118 2460 οὖν
1139 2435 1152 2461 6
1178 2434 1244 2465 Θεὸς
1258 2434 1322 2470 mp‘
1340 2435 1435 2470 ἑτέρου
1458 2434 1560 2470 ταύτην
1584 2436 1706 2471 εἴληφεν,
1725 2437 1784 2471 ἢτοι
1809 2436 1863 2462 ἀπὸ

1074 2479 1143 2512 ἴσου,
1161 2480 1177 2515 ἢ
1196 2480 1250 2508 ἀπὸ
1265 2480 1405 2513 ἐλάττονος
1418 2501 1426 2513 ,
1442 2482 1458 2517 ἦ
1477 2482 1530 2508 άπὸ
1552 2482 1720 2518 κρείττονος’
1740 2481 1801 2509 ἀλλ’
1818 2483 1860 2508 ὅτι

1077 2526 1126 2561 μὲν
1143 2526 1193 2552 οὐκ
1205 2527 1252 2554 ἀπ’
1268 2526 1374 2558 οὐδενὸς
1388 2528 1492 2554 τούτων
1504 2527 1652 2563 ἐνδέχεται,
1669 2527 1794 2555 ἐντεῦθεν
1815 2528 1862 2562 δῆ-

1074 2572 1134 2598 λον·
1152 2572 1183 2598 τὸ
1198 2572 1248 2607 μὲν
1262 2571 1317 2607 γὰρ
1331 2573 1464 2608 άγιότητά
1481 2581 1540 2605 πως
1555 2573 1586 2600 Ex
1600 2582 1673 2605 τινος
1688 2573 1865 2609 μεταλαμεὰ-

1074 2626 1129 2650 νον,
1148 2617 1330 2653 ἁγιαζόμενόν
1347 2627 1404 2650 πως
1423 2618 1627 2654 μεταλαμϐάνει
1638 2627 1644 2633 ·
1661 2619 1691 2645 τὸ
1707 2619 1735 2645 δὲ
1753 2619 1865 2653 ἁγιαςί-

1075 2672 1154 2697 μενον
1170 2664 1199 2690 ὲν
1212 2663 1250 2698 τῷ
1264 2663 1423 2698 λαμϐάνειν.
1449 2664 1503 2690 ἀπὸ
1518 2665 1672 2699 κρείττονος
1687 2664 1861 2699 μεταλαμϐά-

1074 2718 1115 2735 νει
1135 2710 1182 2736 κα¹ι
1206 2709 1362 2744 ἁγιάζεται¹
1383 2710 1487 2737 τούῑων
1503 2709 1532 2736 δὲ
1545 2710 1575 2736 τὸ
1594 2710 1643 2745 μὲν
1661 2711 1763 2746 χεῖρον,
1783 2710 1815 2736 τὸ
1836 2710 1864 2735 6's

1076 2755 1133 2782 ἴσον
1143 2764 1150 2771 '
1169 2757 1292 2792 κρεῖττον
1305 2755 1332 2782 δὲ
1347 2756 1415 2783 Θεοῦ
1428 2757 1476 2783 οὐκ
1493 2756 1576 2789 ἔστιν,
1594 2757 1631 2788 ὡς
1649 2757 1665 2791 ἡ
1682 2756 1760 2792 κοινὴ
1775 2755 1865 2782 ἔννοια

1075 2801 1130 2837 ἔχει
1141 2811 1147 2817 ·
1161 2803 1211 2828 οὐκ
1224 2802 1277 2837 ἄρα
1289 2802 1302 2827 ὁ
1313 2801 1379 2833 Θεὸς
1390 2802 1454 2837 παρ’
1467 2803 1561 2837 ἑτέρου
1572 2803 1621 2837 τὴν
1633 2803 1716 2830 αὐτοῦ
1731 2803 1865 2836 ἀγιότη-ῐα

1075 2848 1200 2883 εἴληφεν·
1217 2849 1241 2874 εἰ
1259 2848 1287 2874 δὲ
1305 2848 1342 2883 μὴ
1366 2849 1431 2883 παρ’
1445 2849 1552 2884 ἑτέρου,
1567 2849 1646 2884 δῆλον
1668 2849 1709 2876 ὅτι
1727 2849 1784 2876 οὐδ’
1798 2848 1866 2880 ἔξω·
