2083 3155
230 216 284 247 689

229 271 276 296 οεν
286 279 293 285 ·
308 272 332 298 εὶ
346 272 374 299 δὲ
393 274 430 310 μὴ
441 275 553 311 ἔξωθεν,
566 281 627 308 οὐδὲ

229 320 283 348 τως
299 320 371 345 τοιοῦ
377 329 419 346 τον
432 320 514 359 εἶναι.

266 419 307 443 ιε’.
328 418 383 444 Καὶ
396 419 483 452 ἄλλως
494 429 501 436 ·
530 423 561 450 Εἰ
585 426 601 451 ὁ
616 426 682 458 Θεὸς
697 427 777 464 θετὴν
799 432 856 466 ἔχει
876 434 926 469 τὴν
942 436 1020 469 ἁγιό-

227 470 307 496 τητα,
321 465 439 500 φανερὸν
450 467 493 494 ὅτι
507 470 683 507 συμϐέϐηκεν
705 475 779 511 αὺτῴ
789 485 796 492 ·
815 479 868 504 πᾶν
878 465 909 505 δέ
921 465 1019 515 συμϐε-

226 507 321 542 ϐηχὸς,
344 513 552 547 πεπερασμένον
567 516 597 542 τέ
616 518 674 544 ἐστι
687 538 695 551 ,
712 507 809 548 xat'év
825 527 920 560 κτιστῇ
939 507 1018 560 φυσει

227 554 350 590 δηλονότι
367 554 436 584 εἶναι
454 559 508 594 ἔχει
519 568 527 576 ⁸
558 563 703 597 συνάγεται
720 566 773 601 ἄρα
787 569 827 595 ὅτι
842 570 855 595 ὁ
869 554 1017 603 053;.sz—

229 599 292 631 στός
308 601 378 634 ἐστι,
392 604 438 630 καὶ
451 607 566 642 κτιστὴν
579 608 660 642 φύσιν
673 610 745 645 ἔχει·
761 614 785 639 εἰ
808 614 836 640 δὲ
849 616 937 650 τοῦτο,
958 619 1018 653 ἦτοι

228 645 293 679 παρ’
313 646 412 674 ἑαυτοῦ
427 649 563 684 ἔκτισται,
588 654 604 688 ἢ
630 657 821 693 παρ”ἑτέρου-
839 661 896 688 ἀλλ’
913 664 937 688 εἰ
964 664 1014 698 μὲν

225 691 290 725 παρ’
321 692 432 726 ἑαυτοῦ,
459 695 536 723 ἔσται
561 699 633 726 κατὰ
658 703 742 729 ταυτὺ
757 705 771 730 ὁ
787 705 867 737 αὐτὸς
884 709 1017 743 παράγων

226 736 274 761 καὶ
291 738 494 774 παραγόμενος,
519 743 618 775 κτίζων
635 747 681 772 καὶ
700 749 871 784 κτιζόμενος,
886 752 1016 790 δημιουρ-

223 781 281 815 γῶν
296 784 343 810 καὶ
359 785 610 824 δημιουργούμενος
622 800 628 806 ”
639 793 716 820 οὐδὲν
729 795 757 821 δὲ
767 781 820 823 τιῖιν
833 781 1017 828 ὕνεωνΙτοιου-

223 829 270 855 τόν
285 830 376 856 ἐστιν·
391 833 441 859 οὐκ
463 834 518 869 ἄρα
538 837 551 862 ὁ
575 837 640 870 Θεὸς
659 841 723 875 παρ’
748 843 845 870 ἑαυτοῦ
871 846 993 874 ἔκτισται
1006 857 1013 864 ·

224 875 283 901 ἀλλ’
306 877 367 903 οὑδὲ
392 879 458 912 παρ’
475 881 570 916 ἐτέρου
582 891 589 897 ·
605 884 630 910 εἰ
652 885 706 921 γὰρ
729 888 777 914 καὶ
788 889 869 916 τοῦτο
880 891 938 927 δοίη
959 901 1012 926 τις,

222 921 300 948 ἔσται
314 923 361 949 τοῦ
373 925 440 951 Θεοῦ
455 926 521 958 Θεός
531 936 538 943 ·
557 930 604 955 καὶ
619 932 683 966 περὶ
699 933 805 960 ἐκείνου
817 935 852 962 τὰ
863 937 933 964 αὐτὰ
944 939 1014 966 ἀπο.

226 968 358 1004 ρήσομεν,
371 972 419 998 καὶ
432 972 511 1000 τοῦτο
521 975 565 1001 ἐπ’
577 976 691 1012 ἄπειρον
702 986 708 992 ·
724 979 774 1006 οὐκ
791 981 846 1016 ἄρα
859 983 873 1008 ὁ
887 983 952 1016 Θεὸς
967 985 1011 1012 0e.-
1028 968 1050 996 Β

221 1014 269 1049 τὴν
283 1015 341 1050 ἔχει
357 1016 405 1051 τὴν
423 1018 506 1045 αὑτοῦ
520 1020 652 1056 ἁγιότητα
671 1025 718 1050 καὶ
734 1024 884 1060 ἑμπνευσιν
896 1029 950 1056 τῶν
962 1040 1012 1065 χα-

222 1062 372 1095 ρισμάτων.
389 1063 419 1089 Εἰ
433 1062 479 1090 οὖν
499 1066 514 1091 ὁ
534 1065 624 1100 λόγος,
644 1069 688 1095 διὰ
704 1071 809 1098 πολλῶν
828 1062 1012 1112 ἐπιχειρημά-

219 1114 284 1139 των,
304 1107 435 1135 ἀδύνατον
452 1110 538 1144 ἔδειξε
556 1112 585 1138 τὺ
609 1113 693 1146 οετῶς
716 1116 789 1151 ἔχειν
812 1118 856 1145 τὸν
870 1120 937 1147 Θεὸν
962 1122 1012 1158 τὴν

219 1151 301 1178 αὐτοῦ
329 1153 461 1189 ἁγιότητα
487 1156 535 1182 καὶ
557 1157 718 1193 ἔμπνευσιν,
737 1164 853 1198 φανερὸν
867 1166 909 1192 ὅτι
931 1151 1011 1201 φύσει

219 1198 305 1233 αὐτὴν
323 1199 380 1235 ἔχει
391 1208 398 1216 ·
429 1201 454 1227 εἰ
469 1201 515 1228 οὖν
531 1203 612 1238 φύσει
628 1205 714 1242 αὐτὴν
729 1207 797 1243 ἔχει,
811 1210 870 1246 ἤτοι
884 1211 914 1244 ἐξ
929 1198 1012 1248 ανάγ-

221 1253 271 1279 κης
287 1245 302 1279 ἢ
320 1245 357 1278 ὡς
371 1247 417 1273 ἐπὶ
428 1247 458 1274 τὺ
474 1249 559 1276 πολύ·
581 1251 640 1278 ἀλλ’
658 1253 700 1280 ὃτι
724 1254 774 1290 μὲν
785 1256 823 1288 ὠς
839 1257 886 1284 ἐπὶ
899 1259 930 1285 τὸ
942 1245 1011 1288 nota

217 1291 248 1317 οὐ
264 1292 405 1326 πρόσεστι,
422 1294 515 1329 δῆλον·
532 1296 562 1323 τὸ
589 1298 643 1333 γὰρ
653 1299 691 1331 ὡς
706 1301 752 1327 ἐπὶ.
767 1302 798 1329 τὺ
813 1304 892 1338 πολὺ,
907 1306 1010 1333 ἀποτυ-

217 1338 263 1373 χία
278 1339 386 1373 φύσεώς
400 1342 490 1369 ἐστιν·
515 1345 700 1381 ἀποτυγχάνει
715 1349 769 1384 γὰρ
784 1350 800 1385 η
815 1351 897 1385 φύσις
921 1353 1010 1381 ἐνίοτε

216 1385 270 1411 τῶν
281 1386 326 1412 ἐπ’
335 1386 494 1416 ἐλαττόνων·
506 1390 684 1427 ἐπιτυγχάνει
694 1394 723 1421 δὲ
732 1395 787 1422 τῶν
795 1396 833 1428 ὡς
844 1399 891 1425 ἐπὶ
901 1399 931 1425 τὸ
941 1400 1008 1427 πολὺ

217 1432 334 1460 καὶτῶν
354 1433 385 1466 ἐξ
397 1435 538 1471 ἀνάγκης·
564 1438 595 1464 τὸ
614 1438 637 1465 δ’
661 1440 861 1477 ἀποτυγχάνειν
888 1445 935 1472 ἐπὶ
958 1447 1009 1482 τῆς

215 1480 290 1513 θείας
304 1481 424 1516 φύσεως,
441 1485 577 1513 ἀνοίκειόν
589 1488 674 1515 ἐστιν’
688 1490 769 1526 εἴπερ
785 1493 859 1519 πᾶσα
872 1494 1009 1530 ἀποτυχία

215 1528 286 1562 μετὰ
298 1529 402 1561 πάθους
412 1538 419 1546 ·
443 1532 457 1557 ὁ
470 1531 499 1558 δὲ
514 1532 580 1564 Θεὸς
594 1536 696 1566 παντὸς
710 1536 813 1570 πάθους
835 1528 986 1574 ἀνῴκισται
999 1550 1006 1557 ⁸

212 1574 263 1600 οὐκ
272 1575 326 1609 ἄρα
338 1575 376 1607 ὡς
392 1576 440 1603 ἐπὶ
452 1577 484 1603 τὸ
499 1578 566 1605 πολὺ
582 1580 596 1606 ὁ
608 1579 674 1611 Θεὸς
694 1581 752 1616 ἔχει
767 1583 817 1618 τὴν
829 1584 913 1612 αὑτοῦ
929 1586 1007 1619 ἁγιό-

211 1628 283 1654 τητα.
292 1629 299 1636 ·
310 1621 432 1648 λείπεται
443 1623 472 1655 ἐξ
485 1623 608 1659 ἀνάγκης
618 1634 624 1641 ·
642 1627 667 1652 εἰ
681 1626 704 1653 δ’
717 1628 748 1660 ἐξ
759 1628 893 1664 ἀνάγκης,
903 1632 950 1658 καὶ
962 1631 1006 1658 ἀει
1019 1644 1040 1673 ο

211 1665 297 1698 ἐστιν,
313 1666 392 1701 εἴπερ
412 1667 526 1695 τοιαῦτα
540 1669 575 1696 τὰ
588 1670 617 1704 ὲξ
631 1671 771 1708 ἀνάγκης·
789 1674 815 1701 ει
827 1675 854 1701 δὲ
874 1676 917 1703 ἀεί
931 1678 1005 1704 ἐστιν

212 1711 229 1743 ἡ
246 1710 359 1746 ἀγιότης
373 1713 421 1739 καὶ
437 1713 454 1748 ἡ
471 1713 624 1749 ἔμπνευσις
639 1717 686 1744 τοῦ
700 1718 768 1745 Θεοῦ
783 1720 813 1746 ἐν
829 1721 905 1757 αὐτῷ
917 1742 924 1754 ,
944 1723 1005 1758 ἦτοι

210 1755 249 1788 ὡς
271 1757 456 1791 ἑνυπόστατός
472 1760 503 1787 τέ
525 1761 597 1793 ἐστι,
622 1763 669 1790 καὶ
684 1764 746 1791 καθ’
756 1765 859 1802 ἑαυτὴν
879 1755 910 1794 ἰδ
932 1755 1004 1796 εἶναι

210 1801 267 1836 ἔχει
277 1810 284 1817 ·
299 1801 316 1838 ἦ
327 1802 366 1834 ὼς
382 1804 424 1830 ἐτε
430 1805 614 1839 ροῡπόστατος
631 1809 678 1835 καὶ
690 1801 864 1847 συμϐεϐηκός
874 1820 881 1827 ”
894 1813 952 1840 ἀλλ’
963 1815 1004 1841 ὅτι

211 1844 261 1879 μὲν
282 1845 319 1877 ὡς
349 1847 580 1883 ἑτεροῡπόστατος
595 1852 642 1879 καὶ
657 1854 832 1890 συμϐεϐηκὸς
850 1857 900 1884 οὐκ
919 1858 1004 1892 ἔστιν,

208 1886 260 1917 ὧδε
274 1891 306 1927 δή
324 1892 382 1925 πώς
400 1895 458 1922 ἐστι
472 1895 564 1930 δῆλον.

209 1937 344 1971 subsistit,
363 1944 391 1966 et
412 1946 455 1969 est
482 1943 621 1973 accidens.
651 1945 704 1974 Sed
730 1948 804 1983 quod
825 1957 857 1977 ea
891 1951 918 1978 in
944 1951 1033 1979 altero

207 1983 263 2012 ﬂet.

243 2035 292 2065 ις’.
312 2033 342 2061 '0
358 2035 424 2068 θεὸς
437 2037 626 2072 ἀπλούστατὸς
642 2042 701 2069 ἐστι
712 2063 720 2076 ,
737 2044 784 2071 καὶ
802 2045 893 2080 πάσης
906 2048 1000 2075 συνθέ-

210 2086 279 2110 σεως
304 2082 351 2106 καὶ
374 2082 535 2119 συνθετικῆς
560 2087 666 2118 ἐννοίας
684 2088 831 2124 ἐπέκεινα,
855 2092 892 2124 ὡς
907 2094 953 2120 καὶ
969 2094 999 2120 αἱ

209 2126 300 2174 κοιναὶ
317 2126 417 2155 ἔννοιαι
432 2129 525 2165 ἔχουσι
536 2139 543 2146 ·
561 2133 617 2160 πᾶν
630 2134 659 2161 δὲ
675 2136 850 2172 συμϐεϐηκὸς
866 2139 937 2174 μετὰ
950 2140 999 2167 τοῦ

206 2167 229 2203 ᾦ
248 2171 420 2208 συμϐέϐηκεν
433 2193 441 2206 ,
458 2175 586 2204 σύνθετόν
603 2179 681 2206 ἐστιν
709 2167 756 2208 καὶ
778 2167 932 2217 λογίζεται·
959 2187 999 2214 διδ

205 2215 264 2266 εστι
286 2218 498 2252 συλλογίσασθαι
527 2223 633 2257 οὕτως·
665 2226 695 2254 '0
717 2228 784 2260 Θεὸς
810 2215 1000 2266 ἀτελοῦστατός

205 2259 282 2291 ἐστι·
299 2263 354 2312 «say
373 2264 403 2290 δὲ
421 2266 596 2303 συμϐεϐηκὸς
617 2271 687 2305 μετά
702 2272 749 2299 τοῦ
813 2259 998 2312 συμϐέϐηκενζ

204 2305 254 2340 οὐχ
267 2306 370 2335 ἁπλοῦν
382 2309 414 2335 τέ
430 2310 489 2337 ἐστι
499 2312 548 2339 καὶ
562 2312 714 2348 λογίζεταν
732 2305 880 2353 συνάγεται
894 2305 948 2357 ἄρα
956 2305 998 2350 δτξ

810 234 1024 268 REFUTATIO
1043 241 1277 277 MOlL‘lMEDIS.

646 282 730 316 θετῶς
739 292 746 300 ⁸
769 287 813 315 διὰ
830 290 859 315 τὸ
872 291 925 318 πᾶν
937 293 967 318 τὸ
979 293 1006 320 ϐε

1807 282 1858 292 νου

1057 298 1108 326 λιιι)
1120 300 1184 332 alio,
1217 307 1325 330 constat
1351 305 1422 338 quod
1452 314 1500 334 nec
1527 309 1709 339 extrinsecus.
1740 313 1817 346 Quod
1835 315 1858 343 si

1807 261 1859 292 690

1073 345 1186 373 minime
1210 349 1393 382 extrinsecus.
1409 360 1442 380 ne
1469 353 1596 388 adoptive
1621 357 1748 391 quidem:
1777 367 1859 388 onme

1071 391 1143 417 enim
1161 393 1318 428 adoptivum
1344 396 1380 422 ita
1396 404 1425 424 se
1441 397 1532 426 habet.

1107 438 1141 464 15
1164 439 1258 468 Adhuc
1271 441 1358 468 aliter.
1374 442 1402 470 Si
1433 444 1503 472 Deus
1516 445 1668 481 adoptivam
1693 449 1775 476 habet
1795 459 1858 478 san-

1070 483 1202 516 ctitatem,
1253 491 1362 514 constat
1394 496 1453 516 eam
1482 491 1519 517 illi
1550 494 1693 521 accidisse.
1719 495 1857 531 Quidquid

1069 532 1160 556 autem
1173 530 1282 563 accidit,
1297 532 1442 561 limitatum
1455 541 1507 567 est.
1539 538 1604 565 etin
1632 544 1729 567 natura
1766 548 1856 569 creata

1069 574 1129 602 sine
1149 576 1233 603 dubio
1260 577 1341 605 habet
1375 581 1593 610 snhsistentiam.
1623 585 1766 620 Colligitur
1792 596 1857 623 ergo

1068 619 1154 648 Deum
1172 629 1231 649 esse
1250 627 1384 657 creatum,
1404 630 1430 652 et
1455 632 1576 655 creatam
1594 630 1693 658 habere
1715 638 1855 662 naturam.

1068 665 1146 698 Quod
1167 667 1191 694 si
1209 668 1245 695 ita
1271 674 1322 702 est,
1338 671 1379 697 vel
1399 679 1414 698 a
1426 679 1454 699 se
1475 673 1534 708 ipso
1543 680 1653 702 creatus
1685 677 1747 710 fuit,
1765 678 1807 705 vel
1822 679 1856 705 ab

1067 712 1131 740 alio.
1142 713 1194 741 Sed
1204 714 1227 741 si
1242 722 1257 741 a
1279 723 1308 742 se
1327 717 1395 750 ipso,
1419 718 1470 746 erit
1497 719 1568 747 idem
1597 722 1752 755 producens
1774 724 1855 751 simul

1065 762 1091 783 et
1107 759 1377 792 productus,creans
1402 768 1430 789 et
1452 770 1574 795 creatus.
1595 767 1693 794 artifex
1720 773 1748 794 et
1775 774 1854 796 arte—

1066 801 1165 830 factus.
1182 804 1263 840 Atqui
1300 806 1369 833 nihil
1403 807 1559 842 bujusmodi
1589 811 1615 837 in
1641 820 1731 839 rerum
1757 819 1854 842 natura

1065 852 1122 875 est:
1140 856 1192 875 non
1208 850 1289 884 igitur
1302 857 1391 879 semet
1406 853 1464 887 ipse
1479 856 1580 882 ereavit
1599 856 1679 885 Deus.
1697 858 1750 886 Sed
1767 868 1855 895 neque

1065 893 1100 920 ab
1115 894 1169 922 alio
1184 901 1294 924 creatus
1309 897 1377 930 fuit;
1398 907 1461 926 nam
1483 900 1505 927 si
1532 901 1584 929 hoc
1597 903 1735 938 quispiam
1753 913 1853 933 conce—

1064 939 1119 972 dat,
1135 941 1188 969 erit
1203 942 1247 970 Dei
1260 942 1342 976 Deus,
1360 945 1448 978 deque
1461 947 1511 973 hoc
1526 948 1650 975 similiter
1662 950 1832 986 ambigemus
1845 961 1851 983 ;

1064 984 1145 1020 idque
1169 986 1196 1012 in
1227 987 1374 1016 inﬁnitum.
1400 989 1459 1017 Non
1491 991 1575 1026 igitur
1599 993 1670 1021 Deus
1696 984 1852 1030 adoptivum

1062 1031 1144 1059 habet
1167 1034 1425 1063 sanetitatemsnam
1437 1041 1463 1064 et
1480 1038 1614 1066 dottorum
1630 1040 1852 1076 inspirationcm.

1063 1078 1091 1105 Si
1103 1087 1168 1115 ergo
1180 1088 1272 1109 sermo
1291 1088 1387 1111 noster
1409 1085 1503 1114 multis
1527 1090 1695 1122 argumentis
1725 1090 1853 1126 impossi~

1062 1126 1115 1153 bile
1131 1128 1250 1155 ostendit
1282 1130 1437 1165 adoptivam
1455 1139 1470 1159 a
1487 1132 1543 1160 Deo
1568 1135 1702 1168 possideri
1717 1138 1854 1165 sanctita~

1061 1176 1114 1198 tem
1128 1180 1205 1199 suam
1222 1178 1249 1201 et
1263 1175 1482 1210 inspirationem,
1498 1184 1674 1207 constatcam
1688 1184 1851 1210 naturaliter

1061 1217 1095 1244 ab
1110 1226 1143 1244 eo
1160 1218 1264 1247 haberi.
1279 1220 1306 1247 Si
1321 1229 1387 1256 ergo
1405 1225 1564 1252 naturaliter
1575 1234 1635 1254 eam
1654 1227 1746 1260 habet,
1763 1229 1789 1257 id
1805 1231 1848 1257 vel

1061 1266 1229 1298 necessario,
1246 1267 1289 1294 vel
1308 1268 1485 1303 plerumque;
1502 1271 1548 1298 sed
1565 1273 1637 1307 quod
1650 1282 1702 1301 non
1727 1275 1850 1310 plerum-

1059 1316 1122 1343 que,
1139 1315 1264 1344 constat;
1287 1321 1349 1340 nam
1365 1314 1437 1348 quod
1452 1315 1610 1352 plerumque
1625 1323 1730 1345 tantum
1746 1321 1848 1352 evenit.

1059 1354 1086 1381 id
1105 1360 1209 1384 natura:
1236 1357 1373 1385 defccttnn
1396 1360 1516 1387 indicat:
1540 1362 1744 1391 frustrationem
1775 1366 1848 1392 enim

1059 1400 1206 1435 aliquando
1233 1406 1332 1431 natura
1360 1404 1461 1438 patitur
1476 1406 1540 1432 dum
1573 1408 1708 1436 minorem
1741 1416 1846 1445 partem

1058 1446 1130 1474 fert:
1147 1447 1221 1475 bono
1234 1453 1324 1476 autem
1340 1458 1470 1479 successu
1495 1453 1580 1480 utitur
1596 1458 1651 1481 tum
1682 1456 1708 1482 in
1735 1457 1769 1484 iis
1788 1466 1848 1492 qua:

1057 1492 1219 1528 plerumque
1243 1495 1381 1528 accidunt,
1417 1501 1474 1525 tum
1503 1499 1584 1526 etiam
1615 1501 1641 1527 in
1671 1503 1845 1530 necessariis.

1058 1539 1140 1573 Atqui
1177 1541 1303 1568 frustrari
1339 1542 1365 1569 in
1382 1542 1500 1571 divinam
1534 1550 1658 1573 naturam
1675 1555 1728 1574 non
1751 1549 1846 1582 cadit;

1058 1582 1194 1618 siquidem
1209 1585 1301 1613 omnis
1317 1586 1462 1615 frustratio
1479 1597 1533 1616 non
1549 1590 1608 1618 sine
1623 1593 1753 1625 passione
1779 1600 1840 1621 est:

1058 1629 1131 1657 Deus
1149 1638 1213 1658 vero
1233 1632 1348 1660 cuilibet
1379 1634 1499 1668 passioni
1533 1638 1668 1671 superior.
1696 1638 1755 1665 Non
1780 1649 1846 1675 ergo

1058 1676 1138 1704 habet
1151 1677 1224 1705 Deus
1250 1679 1329 1714 quasi
1358 1680 1517 1716 plerumque
1545 1684 1717 1712 sanctitatem
1755 1694 1843 1713 suam.

1058 1721 1203 1758 Reliquum
1221 1728 1274 1756 est,
1297 1729 1327 1752 ut
1352 1728 1520 1755 necessario.
1551 1728 1605 1756 Sed
1631 1730 1653 1757 si
1675 1732 1844 1763 neceSSario,

1057 1775 1164 1803 semper
1181 1777 1291 1804 quoque
1306 1770 1396 1804 habet,
1411 1772 1630 1807 quandoquidem
1646 1775 1703 1802 haec
1717 1784 1844 1805 necessa-

1058 1814 1161 1841 riorum
1175 1819 1272 1842 natura
1296 1820 1349 1843 est.
1365 1816 1425 1843 Jam
1441 1818 1464 1844 si
1493 1826 1602 1854 semper
1627 1821 1683 1848 Deo
1709 1822 1780 1850 inest
1794 1831 1844 1851 sua

1058 1860 1189 1887 sanctitas
1204 1865 1232 1887 et
1247 1861 1410 1895 inspiratio;
1426 1871 1456 1890 ea
1476 1865 1588 1898 quidem
1615 1867 1656 1893 vel
1682 1868 1844 1904 enbyposta-

1057 1905 1110 1932 tica
1125 1910 1178 1938 est,
1208 1911 1237 1934 et
1267 1915 1314 1942 per
1335 1916 1364 1935 se
1390 1909 1448 1943 ipsa
1478 1911 1621 1945 subsistit;
1640 1913 1679 1940 vel
1707 1914 1733 1941 in
1756 1915 1845 1942 altero

1056 1959 1110 1979 ttou
1138 1953 1272 1981 subsistat
1302 1962 1354 1982 nec
1381 1955 1417 1983 sit
1440 1957 1577 1992 accidens,
1613 1960 1648 1986 ita
1671 1960 1727 1987 fere
1754 1962 1841 1996 palam

1093 2048 1135 2074 l6.
1157 2047 1229 2075 Deus
1243 2048 1466 2082 simplicissimus
1485 2056 1537 2083 est,
1553 2053 1682 2087 omnique
1703 2055 1840 2087 composi—

1053 2092 1119 2120 tioni
1145 2094 1354 2129 compositoque
1383 2096 1484 2124 mentis
1522 2099 1668 2133 conceptni
1704 2102 1839 2135 superior.

1053 2139 1124 2167 sicut
1136 2144 1163 2168 et
1177 2148 1336 2170 communes
1366 2143 1491 2171 notiones
1516 2148 1617 2171 tenent.
1638 2145 1724 2173 Omne
1749 2151 1839 2175 autem

1053 2186 1190 2220 accidens,
1207 2195 1284 2222 aeque
1297 2196 1329 2216 ac
1340 2188 1406 2216 illud
1420 2189 1465 2216 cui
1481 2190 1591 2223 accidit,
1604 2192 1785 2225 compositum
1797 2198 1842 2221 est:

1051 2236 1078 2259 et
1090 2232 1125 2259 ita
1139 2237 1293 2267 reputatur.
1308 2233 1399 2266 Quare
1415 2235 1455 2262 sic
1470 2235 1533 2262 licet
1546 2238 1732 2272 argumentari
1747 2246 1755 2265 :
1769 2238 1839 2266 Deus

1047 2277 1269 2312 simplicissinms
1286 2284 1343 2306 est:
1365 2287 1447 2307 otnne
1464 2284 1555 2307 autem
1572 2280 1700 2308 accidens
1717 2289 1794 2316 aeque
1807 2291 1839 2308 at:

1046 2322 1113 2350 illud
1131 2324 1174 2350 cui
1190 2324 1300 2355 accidit,
1323 2332 1412 2359 neque
1430 2325 1544 2360 simplex
1562 2331 1614 2354 ,est
1628 2334 1716 2362 neque
1730 2333 1839 2361 reputa-

203 2351 218 2376 ό
231 2351 297 2384 Θεὺς
314 2353 493 2388 ἀνεπίδεκτος
511 2358 717 2395 συμϐεϐηκότος
727 2371 735 2378 ο
750 2351 811 2398 ἔχει
821 2365 849 2391 δὲ
863 2351 996 2404 ἀγιοτητα

1294 2351 1299 2355 ,
1368 2351 1374 2359 ,
1403 2351 1408 2352 ,
1447 2351 1824 2362 ηπη..ηηηηην-υη

1057 2376 1113 2394 ιιι-ε
1130 2369 1304 2395 concluditur
1318 2377 1383 2404 ergo
1405 2369 1492 2396 Deum
1513 2378 1574 2398 esse
1593 2371 1744 2399 accidentis
1763 2373 1839 2400 inca-

203 2397 234 2423 ἐν
251 2398 340 2434 ἑαυτῷ
356 2401 405 2427 καὶ
419 2401 581 2437 ἔμπνευσιν,
594 2406 610 2440 ἢ
626 2407 672 2433 καὶ
687 2397 801 2445 Πνεῦμα
817 2397 893 2438 Θεοῦ.
904 2397 998 2440 καίετ-

201 2451 257 2475 ται,
274 2445 334 2471 καθ’
358 2446 377 2473 ἃ
403 2451 538 2484 μαρτυρεῖ
563 2451 611 2477 καὶ
633 2452 664 2479 τὸ
697 2454 830 2491 ὑμέτερον
856 2458 990 2494 γράμμα,

201 2488 285 2522 ἤγουν
298 2491 314 2525 ἡ
329 2491 376 2518 τοῦ
392 2493 519 2528 Μωάμετ
537 2496 629 2531 βίϐλος
644 2499 699 2534 (5)-
725 2488 843 2537 οὐχ’ἀρα
854 2488 995 2541 tam:

200 2533 331 2570 ϐεϐηκός·
343 2538 369 2564 εὶ
382 2538 411 2564 δὲ
423 2540 454 2566 οὺ
462 2542 647 2579 συμϐεϐηκὸς,
660 2533 843 2577 ινυπόπαεόν
859 2551 927 2583 ἐστι,
944 2533 992 2580 καὶ

200 2580 262 2607 καθ’
280 2582 362 2610 ἑαυτὸ
376 2584 406 2611 τὸ
418 2583 489 2613 εἶναι
503 2586 564 2623 ἔχει
575 2597 582 2604 ’
596 2589 656 2618 ἔστι
668 2591 697 2618 δὲ
712 2593 759 2620 καὶ
775 2594 835 2621 ἀεί’
851 2597 905 2623 πᾶν
919 2580 946 2624 te
960 2598 992 2626 τὸ

199 2625 392 2662 ὲνυπόστατον,
412 2631 460 2658 καὶ
482 2633 543 2660 καθ’
565 2634 645 2662 ἑαυτὸ
659 2636 691 2663 τὸ
710 2635 781 2665 εῖναι
802 2639 874 2675 ἕχον,
889 2642 934 2669 ἀεὶ
948 2625 989 2676 8v,

197 2671 260 2722 οὔτε
279 2674 367 2710 ἀρχὴν
386 2676 445 2712 ἔχει
466 2680 597 2716 χρονικὴν
615 2681 679 2709 οὗτε
698 2684 790 2717 τέλος·
858 2671 887 2713 de
902 2671 990 2722 οὕτως

197 2716 270 2752 Εχον,
286 2720 396 2754 πάντως
414 2723 463 2750 καὶ
477 2725 605 2753 ἄκτιστόν
619 2728 678 2755 ἐστι
692 2730 740 2757 καὶ
754 2732 886 2768 ἀγένητον
898 2743 906 2750 ·
923 2716 988 2762 aw:

197 2763 295 2798 ἄγεται
311 2767 377 2801 ἄρα,
398 2769 440 2796 ὅτι
458 2771 474 2805 ὴ
492 2771 538 2798 τοῦ
557 2773 625 2800 Θεοῦ
639 2776 753 2812 ἁγιότης
767 2763 813 2804 καὶ
871 2779 989 2814 ἔμπνευ-

197 2819 251 2843 σις,
280 2812 297 2847 ἢ
322 2813 372 2840 καὶ
399 2815 511 2851 Πνεῦμα
539 2818 608 2846 Θεοῦ
630 2820 738 2856 λέγεται
765 2812 846 2859 παράν
865 2812 897 2861 τῇ
927 2827 987 2863 θείᾳ

194 2855 301 2893 Γραφῇ,
316 2859 450 2896 ἀγένητόν
463 2862 475 2907 [_
483 2864 521 2891 ita
536 2865 615 2902 cod.]
632 2855 690 2895 ἔσει
704 2870 752 2896 καὶ
763 2855 908 2899 auom;-
921 2857 985 2907 ιὶιγέἰ

230 2947 269 2983 (5)
286 2948 348 2978 Sur.
365 2949 397 2985 V,
415 2952 472 2980 [69.

1052 2421 1156 2447 pacem.
1181 2414 1267 2442 Habet
1281 2421 1370 2442 autem
1401 2416 1574 2444 sanctitatem
1590 2417 1615 2444 in
1634 2425 1663 2445 se
1679 2418 1738 2452 ipso
1755 2423 1781 2446 et
1794 2420 1819 2446 in
1831 2435 1837 2439 -

1051 2459 1241 2493 spirationem,
1259 2469 1321 2494 quas
1340 2462 1421 2488 etiam
1436 2462 1553 2496 Spiritus
1570 2463 1614 2490 Dei
1629 2469 1752 2498 voratur,
1767 2467 1838 2493 sit-nt

1047 2505 1128 2531 etiam
1147 2511 1236 2532 vestra
1253 2507 1395 2541 Scriptura
1409 2513 1534 2540 testatur,
1551 2508 1575 2534 id
1600 2514 1643 2536 est
1669 2510 1836 2538 Mohamedis

1046 2551 1123 2579 liber.
1141 2551 1236 2587 Itaque
1262 2553 1306 2580 illa
1328 2563 1380 2580 non
1407 2559 1448 2582 est
1465 2556 1604 2584 accidens.
1630 2557 1706 2590 Quod
1732 2558 1753 2585 si
1780 2567 1833 2584 non

1045 2598 1181 2631 accidens,
1199 2599 1405 2635 enbypostatira
1420 2606 1471 2633 est,
1479 2606 1506 2629 et
1530 2601 1556 2629 in
1572 2610 1601 2630 se
1615 2603 1671 2638 ipsa
1683 2604 1834 2631 subsisten-

1044 2643 1109 2670 tiam
1138 2644 1242 2677 habet,
1272 2653 1433 2681 semperque
1470 2652 1530 2678 est.
1566 2657 1653 2683 neque
1684 2651 1832 2684 temporale

1043 2690 1150 2718 initium
1173 2691 1254 2719 habet
1274 2700 1363 2727 neque
1376 2694 1466 2721 linem.
1482 2695 1561 2728 Quod
1578 2696 1684 2722 veroita
1701 2703 1729 2722 se
1740 2695 1829 2725 habet.

1043 2735 1069 2762 id
1084 2737 1197 2764 omnino
1213 2738 1364 2765 inereatum
1385 2746 1426 2767 est
1448 2745 1475 2767 et
1502 2741 1664 2775 ingenitum.
1681 2740 1831 2767 Conﬁcitur

1041 2789 1107 2818 ergo
1123 2787 1153 2810 ut
1167 2783 1213 2810 Dei
1227 2785 1360 2813 sanctitas
1375 2791 1457 2821 atque
1470 2787 1625 2821 inspiratio,
1643 2794 1703 2820 quae
1717 2791 1744 2813 et
1772 2786 1830 2822 Spi-

1041 2829 1110 2856 ritus
1134 2829 1180 2857 Dei
1195 2830 1297 2858 dicitur
1312 2832 1383 2866 apud
1414 2832 1533 2859 divinam
1558 2831 1738 2866 Scripturam,
1755 2833 1830 2868 ing-:-

1041 2875 1097 2903 nita
1111 2876 1144 2903 sit
1166 2881 1193 2905 et
1211 2877 1413 2905 increata.Jam
1432 2878 1582 2913 ittgcniltlm
1610 2885 1672 2905 cum
1698 2878 1828 2914 ingenito,
