2083 3155
232 243 283 277 691

866 239 1014 272 NICETE
1033 237 1237 269 BYZANTINI

1817 231 1870 263 692

234 304 370 333 quatenus
387 305 441 326 non
458 297 510 324 fuit
534 296 635 324 factum
648 317 655 327 .
683 301 709 323 et
727 296 878 326 increatum
898 303 960 323 cum
981 294 1024 322 in-

1091 301 1155 328 ητον
1179 292 1208 318 δὲ
1227 291 1354 327 ἀγενήτῳ
1378 290 1442 317 καθ’
1466 289 1480 315 ὃ
1502 289 1532 315 οὺ
1550 289 1656 322 γέγονε,
1672 290 1719 315 καὶ
1742 288 1870 316 ﬁxus-.0:

236 351 340 377 creato.
360 349 496 380 quatenus
522 350 577 370 non
611 341 663 369 fuit
680 346 803 370 creatum
818 362 825 373 ,
843 341 913 369 idem
935 346 978 368 est
998 344 1026 367 et

236 391 433 426 liomogeneum
451 394 532 424 atque
549 387 792 415 consubstantiale.
808 388 884 415 Patet
903 387 1026 421 proferto

237 437 472 472 enltypostaticatn
499 443 559 462 esse
576 435 748 463 sanctitatem
766 434 823 464 Dei.
854 442 915 468 qum
943 434 1025 461 etiam

241 484 359 518 Spiritus
378 491 393 510 a
410 482 510 509 divinis
530 482 679 516 Scripturis
693 482 794 509 diserte
809 481 918 512 dicitur.
931 489 1027 508 verus-

237 536 290 562 que
305 527 376 554 Deus
387 531 439 559 est,
451 531 478 554 et
497 526 726 554 consulrtantialis
741 525 796 553 Deo
820 526 892 553 Patri
906 525 1027 559 Filioque

238 575 309 609 ejus.

273 619 317 646 l'l.
332 618 360 645 Si
377 625 441 654 ergo
459 617 530 644 Deus
548 616 637 647 Pater.
654 623 682 645 ut
706 617 781 644 omni
811 617 950 645 communi
965 624 1027 644 sen-

239 662 282 691 sui
296 668 510 690 consentaneum
527 665 579 692 est.
596 661 819 696 enhypostaticus
842 665 892 691 est,
906 668 1029 695 semper-

238 716 293 744 que
312 708 380 737 etin
407 715 437 735 se
452 707 512 742 ipso
537 707 726 734 exsistentiaru
742 706 837 735 habet:
856 706 1030 735 demonstra-

240 759 298 782 tum
318 759 368 787 est,
383 754 530 789 potentiam
547 761 655 788 quoque
672 753 729 785 Dei,
750 760 803 787 qua
821 756 917 787 potens
935 757 987 783 est.
1004 757 1031 780 et

240 809 294 836 qua
309 802 375 835 agit.
386 805 414 828 et
428 801 486 828 sine
503 808 557 835 qua
575 800 642 828 nihil
659 799 725 834 agit.
742 807 803 834 quae
818 798 939 826 Verbum
958 806 1030 834 quo-

240 855 294 883 que
309 853 334 875 et
348 847 486 882 Sapientia
504 847 550 874 Dei
579 851 621 875 est
640 854 672 874 ac
693 846 803 876 dicitur.
820 851 848 873 et
874 851 1030 880 perpetuam

239 901 300 920 es~e
320 896 347 919 et
359 891 604 927 enbypostaticam.
617 891 747 918 Similiter
759 895 851 919 autem
868 890 950 917 etiam
965 898 1032 917 san-

241 937 333 970 ctitas,
360 944 422 973 quae
439 941 467 964 et
487 935 606 971 Spiritus
621 935 668 963 Dei
690 936 799 967 dicitur,
825 936 1032 971 euhypostatica

241 986 284 1010 est
296 987 324 1011 et
337 988 480 1018 perpetua,
495 988 520 1011 et
536 983 563 1010 in
585 991 615 1012 se
644 983 701 1018 ipsa
718 983 924 1011 subsistentiam
939 983 1029 1010 habet.

242 1026 320 1059 Quod
336 1032 426 1055 autem
438 1034 599 1064 perpetuum
616 1033 667 1060 est.
684 1036 746 1055 cum
765 1033 896 1063 perpetuo
926 1033 953 1056 et
969 1036 1031 1064 per-

243 1078 346 1108 pctuo;
368 1078 396 1101 et
422 1074 672 1110 enhypostaticum.
693 1082 755 1100 cum
780 1073 988 1109 onhypostatieo
1005 1078 1033 1100 et

218 1127 219 1130 ‘
243 1119 462 1156 enltypostatico,
484 1124 539 1147 tres
570 1127 631 1148 esse
660 1119 818 1154 ltypostasrs
846 1119 1031 1153 bomogeneas

244 1163 546 1198 consubstantialesque
577 1165 743 1198 comperies.
774 1163 863 1198 Atque
893 1163 938 1191 hic
953 1163 1032 1190 nobis

244 1215 286 1238 est
314 1209 386 1237 Deus
411 1209 492 1237 Pater
505 1214 533 1237 et
556 1209 643 1237 Filius
656 1214 684 1237 et
702 1209 821 1244 Spiritus
849 1214 971 1237 sanctus.
987 1209 1033 1237 Ille

245 1254 355 1290 quidem
373 1254 478 1289 genitor
504 1259 531 1283 et
560 1255 719 1290 productnr,
747 1254 963 1289 itupassibililet‘,
988 1254 1032 1281 in-

245 1309 340 1335 quam.
359 1300 604 1334 intemporabiliter
619 1305 646 1328 et
679 1301 902 1335 incorporaliter.
923 1300 1032 1335 Reliqui

246 1351 347 1377 autem,
363 1347 430 1374 alter
446 1347 581 1381 genitura,
593 1347 661 1374 alter
671 1347 820 1381 processio.
839 1346 906 1373 Nam
920 1346 943 1373 si
953 1346 1034 1374 Pater

245 1397 289 1420 est
303 1401 382 1422 verus
394 1393 476 1426 Deus,
492 1392 578 1420 Filius
603 1393 708 1428 pariter
723 1400 755 1421 ac
771 1393 892 1428 Spiritus
907 1398 1032 1425 sanctus.

247 1443 374 1475 tanquam
393 1440 488 1468 eadem
505 1439 540 1467 ’et
560 1447 612 1467 una
629 1439 727 1472 deitas,
753 1440 885 1472 indiviso,
905 1444 1033 1474 tanquam

247 1485 274 1513 in
294 1485 400 1516 divisis.
417 1485 495 1512 utita
513 1485 614 1517 dicam,
635 1490 766 1521 spectata.
784 1487 818 1514 l‘lt
840 1490 932 1513 tamen
963 1485 1033 1515 haud

248 1536 303 1558 tres
324 1531 371 1558 dii.
388 1530 521 1566 Quodque
535 1531 587 1558 hoc
603 1538 697 1558 verum
711 1531 756 1562 sit.
786 1535 817 1558 ut
834 1531 961 1564 superius
972 1538 1036 1564 pro-

247 1577 322 1609 misi,
338 1577 458 1605 conabor
476 1577 630 1605 ostendere.
641 1576 738 1605 Omnis
755 1585 886 1606 numerus
902 1581 942 1604 est
950 1584 1036 1611 quan—

247 1623 332 1650 titalis
360 1623 544 1658 subiectarum
576 1630 668 1651 rerum
697 1622 942 1655 dernonstrativus,
979 1629 1034 1650 non
1051 1641 1072 1670 ρ

248 1675 340 1697 autent
374 1673 477 1697 natura:
497 1677 605 1701 rerum;
628 1669 710 1704 idque
721 1676 774 1696 non
789 1673 924 1701 quatenus
936 1667 1036 1695 eaedem

252 1718 327 1745 sunt.
344 1714 391 1740 sed
408 1719 545 1748 quatenus
558 1714 683 1742 diversae.
700 1713 833 1741 Similiter
849 1712 931 1740 etiam
946 1713 1036 1740 omnis

249 1760 468 1788 connumeratio.
483 1760 508 1788 id
519 1764 570 1792 est,
586 1760 613 1787 in
625 1767 859 1787 unumnumerum
873 1758 1036 1794 complexio,

249 1803 454 1836 diversitaturn,
477 1809 613 1837 quatenus
629 1803 680 1830 alia
705 1808 758 1834 est.
777 1802 944 1838 compositio
961 1810 1039 1831 00m—

249 1848 460 1884 plexioque‘est.
485 1848 568 1883 quue
583 1848 628 1875 [iet
648 1848 833 1878 manifestum.
869 1849 891 1875 si
912 1848 974 1882 quis
987 1855 1037 1875 au-

251 1903 326 1922 rertm
351 1902 494 1923 nummum
511 1900 611 1926 sumat,
628 1902 746 1929 eumque
769 1895 795 1921 iu
825 1894 946 1929 quinque
961 1902 1039 1922 com-

251 1941 356 1968 minuat
369 1942 492 1976 signatos
504 1941 673 1972 nummulos.
697 1940 753 1976 jatn
773 1948 827 1967 non
853 1941 975 1975 quinque
989 1948 1039 1967 au-

249 1993 312 2013 reos
323 1986 404 2018 dicet,
423 1990 452 2013 ut
466 1986 504 2013 rei
514 1986 573 2020 ejus
589 1990 714 2012 naturam
731 1985 852 2018 denotet,
863 1985 908 2012 sed
917 1985 1038 2019 quinque

249 2039 348 2059 aureos
359 2031 480 2067 signatos
495 2031 610 2064 solidos,
630 2035 659 2058 ut
686 2030 725 2058 rei
742 2030 872 2064 subjectae
901 2030 1038 2065 quantita-

251 2082 304 2105 tem
322 2078 470 2114 signiticet,
492 2082 519 2104 et
541 2078 590 2104 hos
605 2077 713 2112 quidem
731 2083 785 2103 non
803 2080 934 2111 tanquam
953 2083 1037 2102 unum

251 2125 327 2160 quid,
344 2125 391 2152 sed
415 2124 549 2152 diversos.
564 2123 626 2152 Pari
651 2123 734 2150 modo
756 2122 783 2149 lii
811 2129 906 2150 rursus
931 2129 1039 2149 connu-

251 2171 360 2204 merati.
375 2171 401 2199 id
421 2177 460 2199 est
480 2171 603 2206 quinque
624 2170 651 2198 in
668 2177 752 2197 unum
772 2176 916 2197 numerum
939 2169 1040 2197 roadu-

251 2219 318 2252 nati,
332 2219 506 2249 diversorum
533 2222 670 2253 quatenus
693 2216 739 2244 alii
772 2221 836 2245 sunt
861 2217 1039 2251 compositio-

1076 338 1274 373 ἀκτίστῳ“καθ’
1287 337 1301 364 ὃ
1316 337 1366 364 οὐκ
1383 336 1517 368 ἔκτισται,
1531 337 1564 370 τῇ
1577 335 1656 369 φύσει
1670 335 1768 362 ταυτὸν
1783 336 1867 362 ἐστιν·

1078 385 1102 412 εἰ
1117 385 1144 411 δὲ
1158 384 1265 414 ταυτὸν.
1291 384 1338 410 καὶ
1365 382 1486 417 ὁμοφυὲς
1508 382 1554 408 καὶ
1577 381 1737 416 ὁμοούσιον·
1753 382 1870 416 φανερὸν

1077 432 1131 463 ἄρα
1154 431 1196 456 ὅτι
1221 430 1237 464 ὴ
1262 429 1446 459 ὲνυπόστατος
1470 427 1583 462 ἁγιότης
1608 426 1655 453 τοῦ
1678 426 1758 459 Θεοῦ,
1776 427 1793 462 ἢ
1821 428 1870 454 καὶ

1079 476 1192 511 Πνεῦμα
1207 476 1284 512 παρὰ
1305 475 1360 502 τῶν
1383 475 1464 501 Delon
1487 474 1603 510 Γραφῶν
1619 473 1725 509 τρανῶς
1748 473 1869 507 λέγεται.

1078 523 1146 554 Θεός
1160 523 1190 549 τέ
1202 523 1276 549 ἐστιν
1290 521 1426 557 ἀληθινὸς,
1443 520 1586 556 ὁμοούσιος
1599 519 1638 556 τῷ
1655 519 1714 555 Θεῷ
1741 521 1790 547 καὶ
1814 521 1871 547 Πα-

1080 571 1126 605 τρὶ
1145 570 1194 597 καὶ
1211 570 1249 604 τῲ
1262 569 1319 604 Υιῷ
1333 569 1427 596 αὑτοῦ.

1116 616 1162 647 ιζ’.
1182 616 1212 642 El
1225 615 1272 642 οὖν
1286 617 1300 642 ὀ
1317 615 1383 646 Θεὸς
1394 614 1441 642 καὶ
1454 613 1560 648 Πατὴρ,
1587 613 1625 644 ὡς
1651 613 1753 644 πάσαις
1767 614 1872 645 κοιναῖς

1080 661 1196 693 ἐννοίαις
1211 661 1354 696 ἑπόμενον,
1366 660 1551 691 ὲνυπόστατός
1562 658 1591 685 τέ
1609 660 1679 692 ἐστι,
1701 659 1747 686 καὶ
1762 660 1806 686 ἀεὶ
1826 659 1872 686 καὶ

1081 707 1142 735 καθ’
1154 707 1236 735 ἑαυτδ
1251 707 1282 734 τὺ
1298 705 1367 733 εἶναι
1384 706 1456 741 ἔχει’
1471 705 1605 732 δέδεικται
1621 705 1649 732 δὲ
1673 706 1714 732 ὅτι
1730 709 1777 732 καὶ
1792 706 1808 740 ἡ
1826 705 1873 732 δύ-

1081 761 1164 788 ναμις
1178 752 1226 779 τοῦ
1242 752 1322 785 Θεοῦ,
1347 752 1409 780 καθ’
1425 752 1458 787 ἦν
1485 752 1544 778 ἐστι
1569 751 1691 782 δυνατὸς,
1718 751 1764 777 καὶ
1787 752 1821 778 δι’
1839 748 1874 788 ἧς

1082 800 1164 830 ποιεῖ,
1181 798 1227 825 καὶ
1244 796 1278 834 ἦς
1292 799 1377 834 χωρὶς
1401 797 1478 824 οὐδὲν
1498 798 1587 828 ποιεῖ,
1611 797 1628 832 ἢ
1654 797 1702 823 καὶ.
1721 797 1806 831 Λόγος
1826 797 1874 824 καὶ

1084 845 1168 879 Σοφία
1193 844 1263 872 Θεοῦ
1290 844 1347 871 ἐστι
1373 853 1403 870 τε
1419 844 1467 870 καὶ
1490 843 1611 877 λέγεται,
1628 843 1672 870 ἀεί
1696 844 1724 870 τέ
1754 843 1874 870 ἐστικαὶ

1083 889 1283 920 ὲνυπόστατος’
1308 889 1440 920 ὡσαύτως
1464 888 1492 915 δὲ
1518 889 1565 915 καὶ
1590 889 1606 924 ή
1632 889 1763 923 ἀγιότης.
1786 889 1803 923 ἣ
1828 891 1875 915 καὶ

1084 935 1197 970 Πνεῦμα
1211 935 1279 962 Θεοῦ
1293 935 1413 969 λέγεται,
1431 934 1613 965 ἑνυπόστατός
1629 935 1658 960 τέ
1671 935 1740 965 ἐστι.
1756 935 1804 961 καὶ
1816 935 1871 965 ἀεὶ,

1086 980 1130 1007 καὶ
1143 980 1204 1006 καθ’
1219 980 1300 1006 ἑαυτὸ
1313 981 1343 1006 τὸ
1357 977 1428 1006 εἶναι
1444 979 1500 1015 ἔχει
1511 988 1518 996 ·
1543 980 1574 1006 τὸ
1593 980 1621 1006 δὲ
1642 981 1686 1006 ἀεὶ
1704 982 1750 1006 καὶ
1767 980 1809 1007 ἀεὶ
1828 981 1875 1008 καὶ

1085 1025 1129 1052 ἀεί
1139 1035 1145 1041 ·
1162 1026 1209 1052 καὶ
1220 1026 1402 1052 ὲνυπόστατον
1417 1024 1489 1061 [βοά.
1507 1026 1683 1061 ὲνυποστάτῳ
1701 1024 1759 1060 καὶ]
1777 1026 1815 1059 τῷ
1828 1026 1873 1052 ὲν-

1086 1072 1229 1108 υποστάτῳ
1246 1073 1292 1098 καὶ
1308 1072 1483 1107 ὲνυποστάτῳ
1498 1073 1629 1106 ὁμοφυεῖς
1652 1072 1700 1098 καὶ
1716 1072 1877 1106 όμοουσίους

1086 1119 1247 1153 εὑρήσειας·
1260 1119 1308 1145 καὶ
1318 1118 1398 1145 τοῦτό
1413 1119 1487 1144 ἐστιν
1503 1118 1517 1144 ὸ
1531 1118 1597 1149 θεὸς
1613 1119 1680 1152 ἡμῖν
1694 1119 1708 1144 ὁ
1724 1118 1818 1153 Πατὴρ
1830 1118 1878 1144 καὶ

1086 1164 1152 1196 Υἱὸς
1168 1164 1216 1190 καὶ
1237 1164 1268 1190 τὸ
1283 1163 1394 1199 Πνεῦμα
1407 1164 1438 1190 τὸ
1457 1163 1536 1198 ἅγιον
1546 1172 1553 1180 '
1569 1164 1583 1190 ό
1595 1165 1655 1200 μὲν,
1674 1165 1816 1199 γεννήτωρ
1830 1165 1877 1190 καὶ

1087 1210 1247 1245 προὸολεὺς,
1262 1210 1333 1244 λέγω
1355 1210 1386 1245 δὴ
1407 1210 1521 1242 ἀπαθῶς
1536 1210 1583 1237 καὶ
1597 1210 1721 1246 ἀχρόνως
1741 1210 1790 1237 καὶ
1805 1211 1876 1236 ὰσωο

1088 1257 1182 1291 μάτως
1192 1265 1198 1271 ·
1218 1256 1272 1282 τῶν
1282 1256 1310 1282 δὲ
1321 1256 1352 1282 τὸ
1367 1256 1426 1290 μὲν,
1443 1257 1567 1291 γέννημα
1578 1264 1584 1271 ·
1600 1257 1632 1282 τὸ
1651 1256 1680 1282 δὲ
1691 1275 1700 1288 ,
1713 1257 1860 1291 πρόῆλημα
1869 1265 1876 1272 ·

1088 1300 1112 1327 εί
1128 1300 1182 1336 γὰρ
1201 1300 1249 1327 καὶ
1261 1301 1274 1327 ό
1291 1301 1385 1336 Πατὴρ
1408 1301 1474 1332 Θεός
1491 1301 1520 1328 τέ
1547 1302 1622 1328 ἐστιν
1637 1301 1774 1335 ἀληθινὸς,
1797 1303 1845 1328 καὶ
1864 1303 1878 1329 ὁ

1088 1347 1151 1378 Υέδς
1162 1347 1210 1373 καὶ
1225 1346 1256 1373 τὸ
1271 1346 1382 1381 Πνεῦμα
1393 1347 1423 1373 τὸ
1438 1347 1526 1380 ἅγιον,
1540 1346 1578 1378 ὡς
1592 1347 1643 1382 τῆς
1656 1347 1742 1382 αὐτῆς
1756 1349 1802 1374 καὶ.
1815 1349 1879 1382 μιᾶς

1088 1393 1227 1428 θεότητος,
1247 1393 1403 1428 ἀμερίστως
1418 1393 1456 1424 ὡς
1472 1393 1501 1419 έν
1516 1394 1666 1428 μεριστοῖς.
1692 1394 1725 1420 ἶν’
1740 1393 1826 1424 οὕτως
1840 1394 1878 1419 εἰ-

1089 1447 1141 1469 πω,
1157 1438 1346 1474 θεωρουμένης
1356 1447 1363 1454 ο
1378 1438 1435 1465 ἀλλ’
1453 1439 1528 1474 ὅμως
1544 1439 1574 1466 οὑ
1599 1440 1673 1474 τρεῖς
1687 1439 1761 1466 θεοί·
1777 1440 1824 1466 καὶ
1839 1441 1880 1466 ὅτι

1089 1484 1169 1510 τοῦτο
1190 1483 1299 1519 ἀληθὲς,
1329 1484 1367 1515 ὡς
1384 1484 1544 1520 ὑπεσχόμην
1558 1485 1697 1519 ἀνωτέρω,
1714 1485 1880 1520 πειράσομαι

1088 1530 1182 1562 δεῖξαι.
1204 1530 1260 1561 Πᾶς
1273 1530 1389 1566 ἀριθμὸς
1403 1530 1453 1565 τῆς
1464 1531 1613 1566 ποσότητος
1625 1531 1678 1558 τῶν
1689 1531 1879 1566 ὑποκειμένων

1089 1576 1150 1602 ἐστὶ
1166 1576 1327 1611 ὥπλωτικὺς,
1344 1577 1375 1603 οὐ
1389 1577 1438 1611 τῆς
1451 1576 1558 1610 φύσεως
1573 1577 1628 1604 τῶν
1639 1578 1822 1613 πραγμάτων,
1833 1579 1881 1606 καὶ

1089 1621 1192 1649 τούτων
1203 1622 1252 1656 οὐχ
1291 1621 1409 1654 ταυτῶν,
1421 1622 1477 1647 ἀλλ’
1521 1623 1667 1658 διαφόρων·
1675 1623 1779 1657 ὁμοίως
1790 1623 1819 1650 δὲ
1830 1624 1879 1651 καὶ

1090 1666 1164 1692 πᾶσα
1192 1666 1403 1701 συναρίθμησις,
1428 1667 1570 1692 τουτέστιν
1591 1668 1608 1702 ἡ
1633 1668 1672 1697 τίς
1689 1667 1738 1694 ἕνα
1763 1668 1882 1703 ἀριθμὸν

1090 1712 1258 1747 συναίρεσις,
1284 1712 1337 1738 τῶν
1358 1713 1529 1748 έτεροτήτων
1545 1721 1614 1745 πως,
1687 1713 1769 1749 ἑτέρα
1797 1714 1881 1747 ἐστὶν,

1092 1758 1217 1790 σύνθεσίς
1232 1758 1290 1786 ἐστι
1306 1759 1353 1787 καὶ
1378 1759 1533 1794 συναίρεσις
1545 1768 1552 1775 ν
1571 1760 1618 1786 καὶ
1638 1759 1718 1786 τοῦτο
1740 1759 1830 1794 δῆλον,
1857 1760 1882 1786 εἰ

1089 1805 1166 1832 λάϐοι
1194 1814 1237 1838 τις
1267 1806 1378 1841 χρυσὸν,
1400 1806 1449 1832 καὶ
1468 1806 1562 1832 τοῦτον
1585 1807 1818 1842 κατακερματίσει
1842 1807 1883 1838 εἰς

1091 1850 1172 1879 πέντε
1196 1853 1384 1886 χαρακτῆρας,
1409 1852 1469 1886 οὐχὶ
1492 1851 1572 1878 πέντε
1596 1852 1716 1887 χρυσοῦς
1738 1852 1798 1887 ἐρεῖ
1809 1853 1884 1884 ὅπως

1092 1896 1142 1932 τὴν
1159 1897 1240 1931 φύσιν
1255 1898 1431 1934 ὑποσημάνῃ,
1456 1897 1524 1924 ἀλλὰ
1537 1898 1617 1924 πέντε
1635 1898 1778 1933 χρυσίνους
1799 1907 1885 1934 χαρα-

1092 1943 1198 1977 κτῆρας
1210 1963 1218 1974 ,
1240 1943 1315 1974 ὅπως
1333 1943 1382 1978 τὴν
1397 1943 1536 1979 ποσότητα
1561 1943 1614 1970 τῶν
1629 1943 1818 1978 ὑποκειμένων
1835 1944 1884 1978 δη-

1091 1988 1180 2024 λώσειε
1197 1989 1244 2015 καὶ
1258 1989 1361 2016 τούτων
1377 1986 1460 2026 οὺχῇᾖ
1476 1989 1592 2020 ταυτῶν,
1609 1989 1666 2016 ἀλλ’
1688 1987 1705 2026 ᾖ
1728 1990 1883 2024 διαφόρων

1091 2034 1224 2066 ὡσαύτως
1245 2035 1275 2061 δὲ
1299 2035 1348 2062 καὶ
1369 2034 1457 2062 ταῦτα
1480 2035 1729 2070 συναριθμούμενα,
1745 2035 1885 2062 τουτέστιν

1092 2082 1132 2111 εἰς
1145 2081 1194 2108 ἕνα
1207 2080 1326 2116 ἀριθμὸν
1341 2081 1397 2108 τῶν
1412 2081 1494 2108 πέντε
1512 2082 1714 2117 ουναιρούμενα
1728 2082 1783 2109 τῶν
1797 2082 1887 2117 ἑτερο-

1092 2127 1182 2161 τήτων
1203 2135 1262 2159 πως
1285 2127 1347 2154 καθ’
1366 2127 1380 2154 ὃ
1395 2127 1477 2162 ἕτερα
1494 2127 1544 2163 τὴν
1561 2128 1686 2155 σύνθεσιν
1708 2129 1884 2162 εἰσάγουσιν

1094 2173 1141 2200 καὶ
1153 2174 1208 2208 γὰρ
1224 2175 1238 2200 ό
1249 2172 1364 2209 ἀριθμὸς
1380 2173 1435 2201 τῶν
1446 2173 1583 2209 διαφόρων
1594 2175 1779 2210 πραγμάτων,
1830 2174 1887 2201 διά-

1094 2217 1167 2252 φορά
1181 2219 1251 2251 ἐστι,
1266 2218 1438 2254 περιεκτικός
1452 2218 1501 2245 καὶ
1513 2218 1713 2253 περιληπτικὸς
1725 2217 1759 2244 ἂν
1775 2219 1831 2253 εῦη.

251 2272 313 2292 nem
329 2263 488 2292 coniiciunt.
517 2264 622 2291 Etenim
643 2271 782 2295 numerus,
809 2263 979 2290 diversarum
994 2270 1083 2290 rerum
1112 2270 1249 2299 quatenus
1276 2264 1390 2292 diverse
1422 2268 1497 2296 sunt,
1533 2264 1776 2298 comprelrensivus
1812 2270 1888 2291 com-

254 2313 434 2348 plexivnsque
450 2316 502 2339 est.

289 2359 332 2387 18.
342 2358 390 2388 llis
398 2366 414 2386 a
423 2358 502 2386 nobis
508 2357 649 2392 expositis,
658 2357 841 2385 animadverte
848 2356 913 2392 quid
923 2364 1047 2392 compro-
1060 2357 1087 2387 D

255 2407 345 2434 batum
351 2405 396 2434 sit.
404 2404 539 2438 Quoniam
547 2404 638 2431 divina
646 2411 678 2431 ac
686 2404 763 2430 beata
773 2408 881 2436 natura,
888 2408 942 2431 tota
950 2407 1045 2438 quate-

254 2460 307 2480 nus
313 2456 380 2484 tota,
388 2451 535 2479 indivisein
545 2450 656 2478 Patreet
664 2450 732 2478 Filio
738 2454 766 2478 et
775 2449 876 2485 Spiritu
883 2454 978 2478 sancto
986 2457 1042 2484 spe

254 2502 490 2530 ctatur,utsermo
498 2502 589 2525 noster
596 2497 714 2524 ostendit
723 2506 729 2525 :
739 2505 826 2531 neque
836 2497 861 2523 in
870 2497 920 2524 hoc
929 2497 1048 2531 pluseat,

255 2545 282 2572 in
289 2544 335 2572 illo
342 2543 493 2577 ntinus,sed
499 2542 638 2578 aequaliter
644 2542 799 2577 pariterque
806 2541 1045 2576 prmdicamentum

256 2591 286 2617 ﬁt
301 2599 308 2623 ;
327 2597 415 2624 neque
429 2589 502 2616 aliud
518 2588 604 2623 prius,
620 2588 693 2615 aliud
708 2587 845 2622 posterius
855 2586 890 2614 ab
901 2586 961 2621 ipso
976 2593 1046 2620 prae-

257 2636 414 2664 dicamcnto
428 2635 610 2670 signiﬁcatur.
624 2634 669 2661 scd
686 2641 770 2661 unum
784 2632 848 2668 quid
868 2638 1045 2662 comternuru.

256 2687 284 2711 et
296 2681 454 2710 omnimode
466 2681 554 2708 simile
569 2690 576 2708 :
594 2680 694 2708 etenim
715 2685 800 2707 totum
820 2679 861 2707 vel
877 2683 941 2706 ante
955 2683 1046 2713 partes

257 2730 402 2765 cogitatur,
410 2729 453 2755 vel
467 2728 492 2755 in
508 2727 576 2762 ipsis
584 2726 762 2762 participibus
778 2735 784 2759 ;
800 2725 881 2761 idque
897 2733 995 2752 rursus
1007 2723 1048 2750 vel

257 2775 285 2802 in
319 2782 375 2802 uno
400 2778 497 2806 totum,
525 2779 575 2800 ceu
621 2777 706 2800 toturn
758 2771 874 2798 indivise
901 2774 1049 2806 spectatur,

258 2821 300 2848 vel
321 2821 402 2849 etiam
427 2820 454 2847 in
478 2819 612 2854 reliquis:
634 2822 719 2846 totum
743 2822 834 2844 autem
856 2817 929 2850 dico,
952 2823 1005 2843 non
1022 2815 1049 2843 id

259 2867 330 2902 quod
358 2875 391 2894 ex
413 2866 542 2902 partibus
562 2865 744 2899 compositum
772 2864 1048 2900 conglutittalttmqtte

258 2917 321 2946 est;
336 2913 423 2940 absit!
441 2913 488 2940 sed
506 2912 543 2945 id,
555 2911 627 2947 quod
645 2915 737 2946 utpote
749 2915 846 2938 natura
857 2930 864 2942 ,
881 2910 907 2937 in
923 2910 1047 2944 personis

259 2958 376 2993 propriis
384 2962 530 2994 spectatur.
541 2957 582 2986 Ex
588 2956 679 2991 dictis,
687 2957 808 2992 inquam,
815 2960 933 2990 constat,
940 2955 1047 2983 Patrem

1137 2361 1182 2391 ιη’.
1205 2356 1314 2384 Τούτων
1345 2355 1392 2383 οὖν
1418 2357 1482 2392 ἡμῖν
1509 2355 1706 2386 ὑποτεθέντων,
1732 2354 1829 2380 σκόπει
1856 2352 1888 2380 τὸ

1099 2401 1386 2438 κατασκευαζόμενον.
1403 2402 1458 2436 Τῆς
1474 2401 1549 2432 θείας
1566 2401 1613 2428 καὶ
1628 2400 1767 2435 μακαρίας
1779 2399 1888 2433 φύσεως

1099 2449 1163 2483 ὅλης
1178 2448 1215 2478 ὡς
1235 2447 1299 2482 ὅλης
1311 2467 1319 2480 ,
1342 2447 1498 2482 ἀμερίστως
1517 2446 1547 2472 ιν
1560 2454 1590 2472 τε
1611 2444 1651 2480 τῷ
1665 2445 1752 2479 Πατρὶ
1776 2445 1823 2470 καὶ
1848 2442 1889 2478 τῷ

1101 2494 1159 2530 Υἱῷ
1174 2494 1223 2521 καὶ
1236 2493 1277 2529 τῷ
1296 2493 1367 2529 ἁγίῳ
1391 2492 1532 2528 Πνεύματι
1545 2490 1751 2526 θεωρουμένης,
1765 2489 1802 2521 ὠς
1817 2490 1832 2515 ὁ
1845 2488 1890 2515 λό-

1101 2549 1151 2575 γος
1169 2540 1287 2573 ἔδειξεν
1306 2540 1353 2567 καὶ
1367 2539 1399 2566 οὐ
1414 2538 1461 2566 τοῦ
1480 2538 1531 2573 μὲν
1554 2537 1665 2572 μᾶλλον,
1679 2536 1727 2563 τοῦ
1745 2535 1774 2562 δὲ
1794 2529 1888 2571 ἦττον,

1100 2587 1158 2613 ἀλλ’
1186 2587 1229 2613 ἐπ’
1255 2587 1317 2622 ἴσης
1342 2585 1390 2613 καὶ
1415 2584 1544 2615 ίαοκλεῶς
1567 2583 1617 2618 τῆς
1633 2581 1802 2617 κατηγορίας
1820 2589 1889 2607 κατ-

1100 2632 1289 2668 ηγγελμένηςο
1317 2631 1365 2658 καὶ
1375 2631 1406 2657 οὺ
1419 2631 1451 2657 τὺ
1466 2629 1514 2664 μὲν
1528 2629 1670 2664 πρότερον,
1687 2628 1718 2654 τὸ
1729 2628 1757 2654 δὲ
1775 2627 1890 2661 ὕστερον

1099 2679 1149 2714 τῆς
1164 2677 1333 2713 κατηγορίας
1346 2676 1541 2711 ἅμφαινούοης,
1551 2675 1608 2702 ἀλλ’
1618 2675 1676 2710 ἅμα
1688 2674 1736 2701 καὶ
1747 2673 1888 2703 συναῑδίως

1100 2726 1148 2753 καὶ
1161 2725 1232 2752 κατὰ
1249 2724 1340 2752 πάντα
1353 2722 1542 2758 ὁμοιοτρόπως
1555 2721 1655 2757 οὖσηςο
1671 2720 1718 2747 καὶ
1732 2720 1787 2755 γὰρ
1801 2720 1818 2753 ὴ
1829 2718 1890 2745 ὁλό-

1100 2781 1150 2808 της
1169 2771 1186 2806 ἢ
1204 2770 1258 2806 πρὸ
1271 2770 1326 2798 τῶν
1343 2769 1436 2805 μερῶν
1462 2769 1624 2799 ὲπινοείται,
1651 2767 1668 2802 ἢ
1691 2767 1721 2792 ὲν
1742 2767 1801 2797 τοῖς
1826 2772 1892 2799 μετ-

1101 2816 1213 2851 έχουσι·
1242 2815 1289 2842 καὶ
1314 2814 1416 2841 τούτων
1432 2813 1448 2848 ἢ
1463 2813 1491 2839 ὲν
1505 2812 1543 2847 τῷ
1561 2812 1601 2838 ἑνὶ
1613 2811 1661 2846 ὅλη
1674 2811 1711 2842 ὡς
1725 2810 1773 2844 ὃλη
1790 2808 1888 2845 ἀμερί-

1104 2871 1174 2894 στως
1191 2860 1380 2896 θεωρουμένη,
1392 2859 1409 2894 ἢ
1423 2859 1470 2886 καὶ
1485 2859 1514 2885 ὲν
1528 2859 1585 2889 τοῖς
1599 2857 1703 2888 λοιποῖς
1712 2865 1720 2872 ·
1733 2855 1849 2890 ὁλότητα
1861 2853 1895 2881 δε

1103 2917 1175 2944 φημι
1191 2908 1222 2934 οὐ
1235 2907 1284 2943 τὴν
1299 2908 1331 2933 ἐκ
1348 2906 1403 2933 τῶν
1419 2905 1510 2940 μερῶν
1531 2903 1715 2938 συγκειμένην
1732 2903 1779 2929 καὶ
1793 2900 1890 2928 σύνομ

1099 2962 1157 2988 τον,
1171 2953 1274 2986 ἄπαγε,
1283 2951 1351 2980 ἀλλὰ
1360 2950 1408 2986 τὴν
1425 2950 1464 2982 ὡς
1480 2949 1562 2985 φύσιν
1579 2950 1608 2976 ἐν
1621 2950 1681 2981 ταῖς
1694 2948 1809 2979 οῐκεᾰαις
1822 2946 1890 2973 ὓπο-
