2083 3155
193 247 245 279 693
771 246 988 279 REFUTATIO
1008 248 1245 279 MOHAMEDIS;
1766 244 1825 278 οτι

194 302 323 329 στάσεσιν
342 301 553 337 θεωρουμένην⁸
575 303 692 338 φανερὸν
708 304 750 331 ὅτι
762 306 776 331 ό
793 305 886 339 Πατὴρ
903 305 950 331 καὶ
968 306 982 332 ὸ

1039 309 1060 331 at
1075 304 1174 331 Filium
1191 307 1218 331 et
1241 302 1374 338 Spiritum
1388 306 1527 334 sanctam,
1544 300 1696 329 Secundum
1714 300 1824 328 unicam

193 347 258 379 Υιδς
275 347 366 374 καὶτὸ
383 347 495 383 Πνεῦμα
509 348 540 374 τὸ
551 347 639 382 ἅγιον,
655 349 726 376 κατὰ
743 350 807 385 μίαν
826 350 940 384 θεότητά
951 358 980 377 τε

193 394 241 422 καὶ
257 393 384 427 ἐξουσίαν
406 394 454 420 καὶ
468 388 620 429 ὶνριότητα
634 396 817 428 ταυτίζονται,
837 397 885 423 καὶ
900 396 929 423 ἓν
943 397 982 423 ει-

193 447 255 467 σιν·
283 439 364 475 ιῖπερ
377 439 430 474 τῆς
444 439 530 475 αὐτῆς
551 440 599 467 καὶ
623 441 689 475 μιᾶς
715 441 844 476 Θεότητος
859 442 903 467 ἐπ’
921 442 982 477 ἴσης

193 484 360 520 πεφύκασιν.
376 485 407 512 ΕΞ
423 485 470 512 οὖν
487 486 502 512 ὁ
517 485 584 518 Θεὸς
595 486 643 513 καὶ
659 487 754 523 Πατὴρ
774 488 822 514 καὶ
833 488 847 514 ὁ
859 488 923 520 Υἱὸς
934 489 982 515 καὶ

193 531 224 558 τὺ
236 531 350 566 Πνεῦμα
369 531 400 558 τὸ
413 531 491 565 ἅγιον
509 532 572 559 καθ’
583 532 597 559 δ
608 533 659 568 τῆς
673 534 739 568 μιᾶς
753 533 881 569 θεότητος
893 542 923 561 τε
935 534 983 561 καὶ

193 576 317 610 ἔξουσίας
334 577 462 608 iaculati);
480 577 599 612 ἔχουσιν,
616 578 646 605 ἓν
661 579 691 605 τέ
706 579 762 606 εισι
779 579 827 606 καὶ
839 580 982 606 πιστεύον-

193 631 250 655 ται,
265 622 441 658 ὡμολόγηται
453 623 482 649 δὲ
498 624 539 650 ὅτι
565 624 621 655 πᾶς
642 624 759 660 ἀριθμὸς
770 626 819 660 τῆς
833 626 982 661 ποσότητος

193 668 248 695 τῶν
263 668 452 703 ὑποκειμένων
467 669 527 695 ἐστὶ
539 669 754 703 δηλωτικδς,καὶ
768 671 798 697 οὑ
813 671 862 705 τῆς
877 671 984 705 φύσεως

193 712 251 739 τῶν
271 713 461 747 πραγμάτωνο
480 714 643 741 καὶτούτων
661 716 710 750 οὑχ
755 715 870 748 ταυτῶν,
888 716 946 743 ἀλλ’

193 759 348 793 διαφόρων·
372 760 419 785 καὶ
438 760 515 787 πᾶσα
533 761 742 796 συναρίθμησις,
758 763 895 789 τουτέστιν
913 764 929 798 ἡ
944 765 984 794 εἰς

193 804 242 831 ἕνα
250 804 368 839 ἀριθμὸν
378 805 533 840 συνσίρεσις
547 806 601 832 τῶν
613 807 780 842 ἑτεροτήτων
795 817 864 839 πως,
904 809 985 843 ἕτερά

193 850 264 881 ἐστι,
281 849 407 882 σύνθεσίς
423 850 498 883 ἐστι,
517 851 635 886 φανερὸν
650 853 705 887 ἄρα
721 854 762 879 ὅτι
777 853 844 880 Θεὸν
865 854 911 880 τὸν
928 855 984 880 Πα-

192 895 261 931 τέρα
285 895 358 927 ἰδίως
371 895 506 930 λέγοντες,
532 896 663 928 ὡσαύτως
677 898 705 924 δὲ
721 900 767 924 καὶ
783 898 828 925 τὴν
842 899 916 930 Υξὸν,
937 899 984 926 καὶ

192 942 225 968 τὸ
240 940 352 976 Πνεῦμα
365 942 396 968 τὸ
413 942 502 975 ἆγιονς
518 943 547 969 οὐ
563 944 635 977 τρεῖς
653 943 729 975 θεοὺς
748 945 898 979 εισάγομεν
921 954 984 972 συν-

194 973 379 1022 αριθμοῦντες
461 988 541 1022 φύσιν
551 997 558 1004 ⁸
574 973 608 1024 ἦν
622 973 676 1024 γὰρ
694 973 727 1015 ἂν
741 991 754 1016 ὁ
769 973 887 1026 (ipsiika
901 992 948 1018 καὶ
967 992 983 1026 ἡ
1001 973 1023 1000 Β

195 1033 396 1068 συναρίθμησις
412 1035 462 1068 τῆς
479 1035 597 1069 φύσεως,
615 1035 662 1062 καὶ
679 1036 709 1062 οὑ
723 1037 778 1063 τῶν
794 1037 984 1072 ὑποκειμένων

194 1080 365 1114 πραγμάτων
379 1081 428 1115 τῆς
442 1081 599 1116 ποσότητος,
613 1082 660 1108 καὶ
673 1083 728 1109 τῶν
741 1083 849 1110 ταυτῶν
898 1084 984 1110 ταυτα

194 1126 262 1157 ἐστι,
279 1125 327 1152 καὶ
341 1126 402 1161 οὑχὶ
418 1126 474 1152 τῶν
491 1127 593 1162 ἑτέρων
642 1128 724 1162 ἕτερά
738 1129 822 1160 ἐστιν,
845 1129 914 1164 ὅπερ
935 1130 984 1164 οὐχ

193 1171 366 1206 ὡμολόγηται
377 1179 384 1187 ”
401 1172 442 1198 διὸ
461 1172 571 1207 Πατέρα
585 1173 780 1207 ὁμολογοῦντες
797 1175 843 1200 καὶ
858 1174 923 1200 Υἱὸν
937 1176 985 1201 καὶ

195 1216 308 1250 Πνεῦμα
323 1216 412 1249 ἅγιον,
436 1217 468 1243 οὑ
484 1217 546 1244 καθ’*
563 1218 578 1243 ὃ
593 1218 718 1254 Πατὴρῆ
743 1219 808 1250 Υιὺς
831 1219 847 1254 ἢ
872 1219 986 1255 Πνεῦμα

195 1262 274 1295 ἅγιον
297 1262 327 1288 ἓν
349 1263 408 1288 ἐστι
426 1263 649 1298 καταγγέλλομεν
666 1264 763 1298 (ταῦτα
775 1265 830 1300 γὰρ
845 1266 984 1301 διάφορα),

195 1308 254 1333 ἀλλ’
325 1308 374 1343 μία
400 1308 495 1343 θεότης
517 1317 548 1335 τε
575 1310 622 1336 καὶ
640 1309 761 1344 ἐξουσία,
780 1311 828 1337 καὶ
851 1308 891 1342 εἷς
919 1311 986 1343 Θεὺς

197 1352 352 1388 θεωρεῖται,
369 1353 422 1380 κᾶν
435 1354 500 1389 τρία
514 1356 575 1386 ταῖς
590 1356 757 1383 ὑποστάσεσι
774 1357 948 1392 πιστεύηται.

233 1399 276 1426 ιϐ’.
293 1400 348 1426 Καὶ
359 1400 446 1432 ἄλλως
454 1400 512 1427 ἔστι
524 1400 621 1434 δεῖξαι,
633 1402 674 1428 ὅτι
688 1405 721 1428 ού
736 1402 810 1438 spei;
825 1402 903 1434 θεοὺς
927 1403 985 1429 sic»

198 1444 303 1478 ἁγομεν
331 1445 378 1470 ἐπὶ
392 1446 425 1480 τῇ
447 1445 496 1480 μιᾷ
513 1445 632 1481 θεότητι,
658 1447 711 1473 κᾶν
726 1448 801 1482 τρεῖς
824 1448 986 1479 ὑποστάσεις

196 1490 402 1526 ὁμολογοῦμεν
429 1492 453 1517 sl
476 1491 524 1518 οὖν
546 1493 562 1519 ὁ
584 1492 681 1528 Πατὴρ
701 1494 747 1520 καὶ
771 1495 786 1520 ὁ
810 1494 871 1524 Υἱὸς
888 1494 934 1521 καὶ
956 1495 986 1520 τὸ

198 1536 311 1570 Πνεῦμα
325 1537 356 1563 τὸ
372 1537 451 1571 ἆγιον
464 1538 588 1572 ἀκριϐῶς
614 1539 679 1574 παρ’
694 1540 759 1574 ἡμῖν
783 1540 916 1567 δέδεικται
946 1541 986 1567 ὅτι

196 1582 246 1615 τῆς
263 1582 329 1616 μιᾶς
346 1583 393 1609 καὶ
411 1583 542 1611 ἀκτίστου
562 1584 610 1611 καὶ
634 1585 767 1621 ἀγενήτου
784 1585 911 1620 θεότητος
925 1595 987 1612 συν-

1033 350 1213 383 divinitatem,
1238 351 1398 384 potestatem
1429 355 1462 375 ac
1495 346 1727 378 dominationem,
1752 345 1824 373 idem

1035 403 1174 430 unumque
1193 402 1273 429 esse;
1292 394 1426 429 siquidem
1443 400 1525 420 unam
1543 393 1721 427 eamdemque
1739 391 1826 419 deita-

1033 446 1086 470 tem
1103 449 1181 477 atque
1200 445 1302 469 tenent.
1319 440 1347 468 Si
1364 447 1430 475 ergo
1444 438 1516 466 Deus
1529 437 1621 471 Pater,
1639 442 1666 464 et
1679 436 1781 470 FiliusI
1798 440 1826 464 et

1035 487 1154 524 Spiritus
1169 490 1293 519 sanctus,
1308 491 1444 521 quatenus
1456 485 1579 512 eamdem
1591 483 1719 511 deitatem
1730 489 1762 509 ac
1775 489 1825 517 po-

1035 538 1161 562 testatem
1177 540 1254 568 aeque
1276 532 1385 565 habent,
1403 537 1488 558 unum
1503 530 1568 564 quid
1586 534 1651 558 sunt
1663 533 1691 556 et
1710 528 1828 556 credun-

1034 586 1100 613 tur;
1121 580 1148 607 in
1164 578 1291 608 confesso
1301 583 1391 606 autem
1414 582 1458 606 est
1475 573 1584 604 omnem
1607 583 1750 603 numerum
1774 574 1825 603 de-

1035 631 1191 654 monstrare
1220 625 1403 660 suhjcctarum
1432 630 1524 650 rerum
1546 622 1745 657 quantitatem,
1771 627 1826 647 non

1035 678 1127 700 autem
1142 680 1233 700 rerum
1248 675 1385 701 naturam,
1403 674 1429 697 et
1445 670 1541 696 harum
1560 668 1669 702 quidem
1689 674 1743 694 non
1758 673 1827 701 qua-

1036 723 1114 748 tenus
1128 718 1297 749 earumdem,
1311 716 1358 743 sed
1373 720 1509 750 quatenus
1524 715 1615 749 potius
1631 713 1802 739 diversarum
1818 720 1826 744 ;

1035 769 1062 792 et
1073 764 1095 792 si
1106 764 1195 791 omnis
1208 763 1425 792 connumeratio.
1435 762 1461 788 id
1471 765 1524 791 est,
1536 761 1562 787 in
1578 767 1663 786 unum
1679 765 1823 785 numerum

1036 809 1201 839 contractio.
1224 809 1428 839 diversitatnm,
1451 810 1587 841 quatenus
1609 805 1724 832 diversae
1746 808 1828 836 sunt,

1036 855 1197 890 compositio
1209 859 1251 882 est
1266 863 1273 885 ;
1287 858 1392 880 constat
1407 859 1531 887 prorsus,
1547 852 1619 885 quod
1639 858 1701 877 cum
1720 849 1827 876 Patrem

1036 908 1158 929 seorsum
1172 900 1300 930 dicimus,
1318 899 1436 934 itemque
1455 898 1552 925 Filium
1565 901 1594 924 et
1613 896 1744 931 Spiritum
1767 903 1830 923 san-

1036 952 1110 974 ctum
1124 967 1131 979 ,
1148 951 1204 974 tres
1226 946 1293 973 deos
1308 954 1361 972 non
1380 945 1536 972 inducimus
1557 943 1634 978 quasi
1660 941 1829 969 numerando

1036 995 1173 1018 naturam.
1190 990 1287 1022 Secus,
1301 997 1431 1017 numerus
1442 993 1469 1016 et
1481 988 1692 1016 connumeralio
1704 992 1829 1014 naturam

1036 1038 1164 1069 alliceret,
1172 1045 1225 1064 non
1235 1042 1325 1064 autem
1336 1037 1520 1071 sulijeetarnm
1528 1041 1620 1062 rerum
1630 1034 1807 1068 quantitatem
1821 1042 1828 1066 ;

1036 1089 1064 1112 et
1079 1084 1188 1118 quidem
1203 1091 1250 1111 eas
1267 1088 1396 1117 tanquam
1411 1082 1532 1112 easdem.
1547 1087 1601 1107 non
1617 1080 1738 1107 diversas
1750 1084 1831 1114 prout

1036 1132 1152 1158 diversae
1174 1135 1259 1162 sunt;
1283 1131 1356 1165 quod
1377 1137 1430 1156 non
1453 1128 1621 1156 conceditur.
1649 1127 1742 1162 Itaque
1766 1133 1829 1153 eum

1036 1177 1144 1205 Patrem
1159 1177 1321 1204 confitemur
1334 1180 1361 1203 et
1376 1175 1477 1202 Filium
1491 1179 1518 1202 et
1540 1174 1671 1209 Spiritum
1694 1177 1830 1204 sanctum.

1038 1231 1091 1250 non
1106 1223 1184 1258 quasi
1198 1223 1275 1250 Pater
1292 1227 1318 1249 et
1333 1222 1419 1249 Filius
1438 1225 1465 1248 et
1482 1220 1601 1255 Spiritus
1618 1223 1730 1247 sanctus
1746 1226 1831 1245 unum

1037 1270 1101 1304 quid
1128 1269 1182 1297 sint
1204 1268 1433 1304 pronuntiamus;
1464 1267 1492 1293 hi
1525 1266 1597 1293 enim
1624 1265 1723 1291 diversi
1756 1268 1830 1293 sunt,

1037 1314 1082 1341 sed
1098 1319 1232 1349 quatenus
1245 1320 1299 1340 una
1310 1312 1406 1343 deitas,
1419 1319 1471 1338 una
1486 1313 1616 1345 potestas,
1633 1315 1659 1336 et
1673 1315 1745 1336 unus
1762 1308 1832 1334 Deus

1037 1360 1394 1394 consideratur,qnanquam
1409 1363 1463 1385 tres
1478 1364 1601 1392 persona:
1617 1356 1777 1383 creduntur.

1075 1405 1118 1433 19.
1146 1406 1243 1433 Adhuc
1262 1405 1341 1433 aliter
1364 1412 1421 1432 rem
1450 1405 1640 1431 demonstrare
1662 1408 1808 1436 possumus
1824 1422 1830 1431 ,

1039 1458 1210 1486 nequaquam
1231 1455 1287 1478 tres
1305 1451 1374 1478 Deos
1389 1458 1403 1477 a
1420 1449 1496 1476 nobis
1511 1448 1600 1475 induci
1618 1448 1644 1474 in
1664 1454 1716 1473 una
1733 1446 1833 1473 divini—

1039 1502 1104 1529 tate,
1117 1497 1224 1524 etiamsi
1239 1504 1370 1531 personas
1383 1501 1440 1523 tres
1448 1495 1621 1523 conﬁtemur.
1638 1492 1833 1529 SiergoPater

1038 1548 1065 1570 ct
1092 1542 1177 1570 Filius
1197 1547 1223 1570 et
1245 1542 1363 1577 Spiritus
1384 1545 1496 1569 sanctus
1509 1561 1515 1573 ,
1536 1545 1617 1576 prout
1637 1544 1764 1568 accurate
1783 1546 1833 1566 nos

1039 1589 1299 1620 demonstravimus,
1329 1595 1410 1614 unam
1437 1595 1487 1614 nec
1509 1592 1628 1614 creatam
1657 1593 1707 1612 nec
1734 1586 1832 1612 factum

197 1627 292 1659 αῖόίως
307 1627 400 1664 ἔχουσι
411 1650 418 1661 ,
437 1629 484 1656 καὶ
500 1630 550 1664 μία
564 1630 645 1664 φύσις
658 1631 713 1657 τῶν
727 1630 811 1666 τριῶν
826 1633 987 1667 κατηγορεῖ-

1040 1633 1210 1660 divinitatem
1225 1637 1356 1668 perpetuo
1371 1633 1452 1659 simul
1469 1633 1586 1665 habent,
1605 1640 1714 1667 unaque
1735 1635 1832 1658 natura

197 1682 253 1705 ται,
273 1675 323 1701 καὶ.
345 1675 394 1710 οὐχ
415 1674 497 1710 ἑτέρα
518 1677 566 1703 καὶ
593 1677 684 1712 ἑτέρα,
705 1678 823 1713 φανερὸν
846 1678 887 1704 ὃτι
913 1680 988 1713 τρεῖς

197 1720 361 1752 ὑποστάσεις
387 1720 523 1754 λέγοντες,
552 1722 582 1748 οὒ
614 1723 810 1757 σννεισάγομεν
833 1724 882 1750 καὶ
913 1724 988 1758 τρεῖς

198 1765 293 1797 Madv
318 1768 342 1793 ει
364 1767 420 1802 γάρ
446 1775 490 1799 τις
509 1769 575 1803 ἡμῖν
596 1768 675 1795 τοῦτο
697 1769 896 1805 καταφημίζει,
912 1770 988 1796 οὐδὲν

198 1811 263 1838 ἄλλο
284 1812 370 1840 αὑτὸν
385 1813 443 1839 ἐστι
458 1813 559 1847 λέγειν,
577 1813 635 1840 ἀλλ’
651 1815 667 1850 ἢ
684 1814 756 1841 κατὰ
779 1815 880 1842 ταυτὸν
905 1815 934 1841 ἓν
958 1824 988 1841 τε

197 1858 247 1885 καὶ
271 1858 356 1885 πολλὰ
380 1857 461 1892 εἶναι,
485 1860 532 1886 καὶ
552 1859 601 1895 τὴν
625 1860 769 1895 ἁντέφασιν
784 1861 988 1896 συναληθεύειν,

199 1904 248 1930 καὶ
263 1904 297 1931 τὰ
312 1904 445 1931 ἐλάττονα
472 1905 528 1932 τῶν
551 1906 682 1932 ὲπιπλέον
714 1907 926 1943 κατηγορεῖσθαι
942 1908 989 1934 καὶ

200 1950 350 1983 ὲξισάζειν,
362 1951 431 1987 ὅπερ
447 1951 508 1978 οὑδὲ
520 1953 580 1983 ταῖς
593 1952 717 1986 λογιχαῖς
735 1952 867 1988 μεθόδοις,
882 1954 943 1980 οὐδὲ
955 1954 987 1989 τῇ

197 1996 311 2032 ἀληθείᾳ
325 1997 470 2032 σύμφωνον
480 2004 488 2012 ⁸
501 1998 547 2024 καὶ
561 1998 635 2029 ὅπως
649 1999 715 2033 ἡμῖν
731 1999 817 2033 σαφὲς
831 1999 945 2034 γένηται
959 2000 989 2026 τὸ

198 2042 356 2076 λεγόμενον,
373 2042 411 2074 ὡς
427 2043 456 2069 ὲν
466 2043 666 2077 ὑποδείγματος
681 2044 776 2078 τρόπῳ
787 2044 836 2079 τὴν
852 2044 990 2079 ἀνορωπὶ-

198 2094 248 2120 νην
260 2085 342 2120 φύσιν
357 2086 498 2118 λαϐόντες,
512 2088 558 2113 καὶ
572 2088 614 2121 ἐφ’
627 2084 666 2114 ὧν
680 2088 769 2124 ταύτῃ
781 2090 987 2125 κατηγορεῖται,

198 2130 278 2165 δῆλον
292 2132 356 2167 ὑμῖν
376 2133 408 2158 τὸ
429 2132 576 2167 λεγόμενον
597 2134 767 2169 παραστήσω
779 2143 785 2149 ”
802 2135 893 2162 Ἔστω
907 2136 923 2170 ἡ
942 2136 989 2162 ἀν-

198 2178 320 2212 θρωπίνη
350 2177 431 2213 φύσις
449 2179 486 2210 ὡς
511 2179 542 2205 ὲν
568 2179 695 2205 ὑποθέσει
712 2179 796 2215 τριῶν
810 2180 990 2208 ὑποστάσεων

201 2222 291 2255 μόνων
303 2223 540 2258 κατηγορουμένη,
556 2222 611 2250 οἷον
627 2225 742 2260 Πέτρου,
759 2225 841 2261 φημὶ.
858 2226 904 2252 καὶ
917 2227 990 2253 Παύ·

197 2268 246 2294 λου
261 2269 308 2295 καὶ
322 2268 424 2303 Θωμᾶ·
439 2269 509 2305 αὕτη
522 2270 569 2296 οὖν
583 2271 600 2304 ὴ
614 2270 695 2304 φύσις
712 2271 759 2305 ὅλη
774 2271 812 2302 ὡς
826 2271 873 2305 ὅλη
892 2273 990 2307 ἀμερι-

1040 1678 1121 1704 trium
1138 1677 1311 1713 praedicatur,
1322 1685 1377 1705 non
1397 1678 1448 1704 alia
1462 1682 1489 1704 et
1503 1678 1567 1709 alia,
1583 1680 1656 1712 patet
1670 1676 1754 1712 quod,
1768 1676 1833 1703 dum

1040 1729 1096 1751 tres
1111 1731 1243 1758 personas
1257 1724 1385 1754 dicimus.
1409 1724 1481 1751 hami
1502 1729 1558 1751 tres
1580 1723 1645 1750 deos
1666 1723 1834 1750 inducimus.

1040 1769 1118 1804 Quod
1131 1770 1153 1797 si
1169 1770 1230 1805 quis
1250 1769 1331 1797 nobis
1347 1770 1471 1804 imputet,
1490 1770 1561 1797 idem
1576 1769 1642 1798 facit
1657 1769 1769 1802 dicenti,
1786 1769 1834 1796 ali-

1040 1813 1105 1848 quid
1117 1813 1266 1841 secundum
1278 1814 1360 1844 idem,
1373 1818 1400 1841 et.
1413 1822 1499 1841 unum
1511 1821 1572 1842 esse
1584 1818 1611 1842 et
1623 1814 1712 1849 plura,
1728 1818 1755 1841 et
1768 1821 1835 1841 con-

1041 1860 1196 1887 tradictioni
1214 1860 1305 1887 inesse
1325 1860 1468 1887 veritatem
1480 1881 1487 1891 .
1510 1865 1538 1887 et
1556 1862 1661 1887 minora
1682 1860 1835 1896 majoribus

1040 1906 1177 1940 exaequari
1192 1906 1348 1940 pariterque
1364 1906 1492 1940 appellari
1510 1915 1516 1933 :
1535 1907 1607 1940 quod
1628 1914 1716 1941 neque
1740 1905 1835 1941 lngicis

1041 1950 1142 1983 regulis
1153 1958 1240 1985 neque
1254 1950 1357 1977 veritati
1373 1955 1517 1978 consonat.
1530 1951 1619 1986 Atque
1631 1957 1659 1979 ut
1674 1952 1752 1979 nobis
1764 1951 1835 1978 dicta

1042 2003 1086 2022 res
1112 1996 1210 2023 clarior
1233 1996 1290 2027 ﬁat,
1313 1996 1461 2023 humanam
1480 2001 1606 2023 naturam
1624 1997 1657 2023 ad
1680 1996 1834 2030 exemplum

1042 2048 1165 2074 sumens,
1180 2041 1330 2069 secundum
1344 2041 1466 2076 ejusdem
1488 2041 1711 2077 praedicamenta,
1728 2041 1835 2076 perspi-

1042 2095 1121 2114 cuam
1134 2088 1211 2115 vobis
1226 2087 1323 2115 faciam
1339 2087 1491 2115 orationem
1512 2096 1611 2115 meam.
1629 2087 1694 2115 Esto
1712 2088 1834 2115 humana

1042 2139 1138 2161 natura
1156 2140 1287 2168 tanquam
1309 2134 1336 2161 in
1357 2134 1480 2169 subjecto
1495 2134 1574 2161 trium
1588 2139 1693 2161 tantum
1708 2141 1836 2169 persona-

1042 2184 1103 2206 rum
1117 2179 1274 2214 praedicata,
1290 2179 1371 2206 veluti
1391 2180 1473 2211 I'etri,
1492 2179 1579 2211 Pauli,
1593 2187 1625 2207 ac
1637 2179 1759 2207 Thomzn.
1774 2178 1835 2207 llaec

1042 2226 1125 2260 igitur
1137 2229 1234 2253 natura
1248 2231 1302 2253 tota
1316 2231 1394 2261 prout
1409 2231 1451 2254 εει
1467 2226 1583 2253 indivise
1597 2226 1623 2253 in
1640 2227 1732 2259 Petro,
1751 2226 1835 2254 Paulo

1044 2278 1075 2298 ac
1086 2270 1423 2302 'l’homa.denominatur:
1440 2278 1502 2297 nam
1522 2271 1619 2297 horum
1636 2272 1836 2307 tntttsquisque,

199 2322 269 2345 στως
282 2315 330 2340 ἰπὶ
343 2315 449 2350 Πέτρου
466 2317 514 2342 καὶ
530 2316 637 2342 Παύλου
660 2316 708 2343 καὶ
721 2317 808 2352 Θωμᾶ
829 2319 987 2353 κατηγορεῖς

1039 2317 1141 2344 animal
1157 2321 1199 2345 est
1217 2317 1362 2350 rationale,
1378 2317 1512 2349 mortale,
1536 2317 1638 2344 mentis
1660 2317 1838 2353 scientiaeque

198 2366 262 2385 ται·
279 2359 326 2386 καὶ
341 2359 396 2394 γὰρ
411 2360 526 2392 ἕκαστος
549 2360 625 2396 [cod.
643 2361 772 2398 ἕκαστον]
789 2362 903 2395 τούτων,
919 2362 989 2395 ζῶον

197 2404 307 2438 λογικὸν
327 2405 435 2441 θνητὴν,
453 2407 502 2432 νοῦ
525 2407 573 2434 καὶ
596 2408 754 2443 ἐπιστήμης
767 2408 893 2435 δεκτικόν
911 2409 988 2435 ἐστι·

197 2450 319 2486 φανιρδν
331 2451 373 2478 δτι
387 2452 436 2480 καὶ
447 2452 482 2478 τὰ
499 2453 658 2488 μετέχοντα,
676 2454 737 2480 καθ’
750 2453 765 2480 ὃ
781 2454 830 2489 τῆς
845 2455 929 2490 αὐτῆς
941 2456 989 2481 καὶ

199 2496 266 2531 μιᾶς
279 2496 391 2532 φύσεως
407 2498 580 2534 μετέχουσιν,
593 2499 624 2525 ἓν
639 2508 669 2526 τε
681 2500 729 2526 καὶ
739 2500 828 2527 ταυτά
841 2501 894 2527 εἰσι
903 2508 911 2516 ο
926 2500 989 2527 καθ’

196 2543 212 2569 ὃ
230 2542 259 2570 ἃ
273 2542 392 2579 διάφορα
415 2546 477 2576 ταῖς
501 2545 678 2576 ὑποστάσεσι.
704 2546 750 2572 καὶ
764 2546 810 2572 τὸν
825 2548 903 2582 τρεῖς
928 2547 989 2582 ἀρι-

197 2588 267 2622 θμδν
278 2588 480 2624 ἐκληρώσαντο.
493 2590 523 2617 Εἰ
537 2588 584 2617 οὖν
595 2599 637 2622 τις
651 2591 702 2626 τὴν
716 2591 872 2625 ἄνθρωπος
885 2591 987 2627 φωνὴν,

165 2669 167 2675 ι
197 2635 260 2670 ἥτις
274 2635 335 2662 ἔστι
350 2636 459 2670 φύσεως
478 2636 615 2671 δηλωτικὴ
635 2637 681 2663 ent
694 2637 749 2663 τῶν
765 2637 853 2673 τριῶν
869 2638 987 2665 ὑποστα-

198 2689 279 2714 σιων,
296 2681 363 2716 μίαν
373 2680 457 2708 οὖσαν
472 2684 519 2708 καὶ
536 2683 586 2717 τὴν
601 2682 687 2718 αὐτὴν
701 2683 749 2709 καὶ
761 2682 917 2718 ἀμερίστως
939 2684 989 2710 αὑ-

196 2727 252 2754 τῶν
280 2728 534 2763 κατηγορουμένην,
559 2726 618 2755 εἶτα
643 2729 692 2756 καὶ
709 2729 748 2760 ὡς
770 2729 856 2764 τριῶν
878 2737 989 2766 συναρι-

197 2772 369 2807 θμουμένων.
397 2775 444 2800 καῖ
470 2774 572 2809 ταύτην
590 2775 640 2810 τὴν
654 2775 811 2809 ἄνθρωπος
834 2776 927 2810 φωνὴν
960 2776 990 2809 ἐξ

197 2818 324 2853 ἀνάγκης
340 2820 402 2851 ταῖς
423 2819 589 2846 ὑποστάσεσι
613 2821 824 2856 συναριθμήσει,
844 2823 920 2856 τρεῖς
942 2822 990 2848 ἀν-

197 2863 325 2898 Θρώπους
342 2865 466 2898 φάσκων,
481 2862 558 2892 οὐδὲν
570 2866 635 2894 ἄλλο
649 2867 733 2902 λέγει,
748 2868 834 2902 ἀλλ’ἢ
851 2870 925 2902 τρεῖς
940 2868 991 2902 φύ-

199 2917 257 2940 σεις
270 2910 301 2936 ἐν
315 2911 377 2942 ταῖς
399 2913 489 2947 τρισὶν
508 2913 674 2940 ὑποστάσεσι
699 2914 877 2949 θεωρεῖσθαι·
898 2915 914 2949 ὴ
934 2915 990 2949 γὰρ

199 2953 356 2990 ἄνθρωπος
367 2958 447 2994 φωνὴ
465 2958 574 2993 φύσεώς
586 2960 644 2986 ἐστι
656 2960 791 2996 δηλωτικὴ
801 2969 808 2976 υ
827 2962 850 2987 εἰ
862 2960 889 2987 δὲ
902 2954 987 2993 rei-to,

1042 2369 1138 2398 capax.
1150 2361 1265 2390 Constat
1283 2363 1333 2389 hos
1348 2362 1504 2397 participes,
1522 2366 1657 2396 quatenus
1672 2369 1753 2388 unam
1764 2370 1835 2389 eam-

1042 2409 1160 2444 demque
1179 2413 1305 2435 naturam
1327 2409 1501 2443 participant.
1519 2416 1604 2435 unum
1627 2407 1694 2442 quid
1710 2406 1837 2440 idemque

1042 2461 1121 2481 esse:
1139 2457 1273 2488 quatenus
1287 2457 1378 2480 autem
1396 2453 1495 2480 diversi
1512 2459 1576 2480 sunt
1591 2452 1726 2487 personis.
1743 2457 1836 2479 terna-

1042 2500 1112 2527 rium
1128 2506 1270 2526 numerum
1284 2499 1392 2526 habere.
1404 2498 1431 2526 Si
1441 2499 1503 2534 quis
1513 2506 1578 2534 ergo
1590 2499 1751 2526 vocabulum
1760 2500 1836 2524 [nemo

1043 2545 1115 2580 quod
1133 2548 1258 2572 naturam
1277 2544 1399 2576 denotat,
1418 2545 1546 2579 quodque
1560 2552 1644 2571 unum
1664 2544 1789 2578 idemque
1810 2546 1837 2569 ct

1044 2591 1159 2618 indivise
1170 2591 1204 2618 de
1215 2591 1302 2617 tribus
1311 2590 1489 2624 prmdicatnr;
1502 2590 1598 2617 deinde
1611 2595 1739 2625 tanquam
1750 2589 1836 2616 tribus

1041 2637 1097 2672 jam
1113 2638 1194 2664 simul
1204 2637 1420 2668 connumeratis,
1436 2637 1505 2664 idem
1520 2637 1571 2664 hoc
1585 2636 1746 2663 vocabulum
1759 2635 1838 2660 homo

1043 2682 1200 2710 necessario
1222 2690 1285 2709 cum
1310 2683 1433 2716 personis
1453 2684 1641 2713 connumeret‘,
1664 2685 1719 2707 tres
1741 2680 1835 2705 «licens

1045 2730 1169 2756 homines
1184 2738 1190 2760 ;
1205 2728 1271 2755 nihil
1287 2728 1360 2755 aiiud
1373 2728 1449 2759 dicit,
1466 2729 1517 2756 nisi
1530 2735 1585 2755 tres
1606 2732 1718 2754 naturas
1734 2726 1759 2752 in
1773 2733 1835 2759 per-

1044 2776 1118 2802 sonis
1137 2775 1223 2801 tribus
1237 2774 1353 2809 spectari
1371 2783 1377 2801 :
1396 2781 1513 2810 namque
1529 2773 1649 2800 hominis
1669 2770 1833 2798 vocabulum

1044 2827 1168 2847 naturam
1186 2821 1307 2848 denotat.
1323 2820 1401 2854 Quod
1423 2821 1446 2848 si
1468 2828 1563 2847 verum
1583 2823 1635 2850 est.
1656 2818 1748 2852 utique
1763 2817 1834 2844 idem

1044 2867 1195 2893 secundum
1208 2867 1278 2894 idem
1297 2866 1491 2901 comperietur,
1513 2864 1538 2891 id
1565 2869 1607 2891 est
1622 2864 1769 2890 humanam
1787 2871 1835 2889 na—

1045 2919 1142 2945 turam.
1157 2919 1183 2940 ct
1198 2920 1282 2941 unum
1298 2913 1363 2947 quid
1384 2920 1445 2939 esse
1461 2914 1488 2938 et
1504 2915 1596 2938 contra
1613 2920 1618 2936 :
1639 2915 1666 2937 et
1682 2910 1754 2945 quod
1772 2918 1837 2936 (ςοιιε

1045 2959 1172 2987 tradictio
1192 2964 1244 2992 est,
1263 2966 1356 2986 verum
1385 2957 1500 2991 evadet;
1520 2957 1654 2993 quod~cst
1675 2956 1835 2985 absurdum.
