2083 3155
248 221 304 252 695

879 221 1025 251 NlCET/E
1045 222 1231 252 ΒΥΖΛΝΤΙΝ
1235 223 1246 252 Ι

1822 222 1875 253 696

253 276 346 311 Neque
361 277 411 304 hoc
432 277 529 310 solum,
547 277 594 304 sed
610 282 637 304 et
656 277 760 304 minora
788 278 813 304 id
834 283 887 309 est,
904 286 1036 312 personae,

1092 279 1272 314 εὑρεθήσεται
1290 279 1320 305 τὸ
1335 279 1401 304 αὐτὸ
1425 278 1498 304 κατὰ
1519 278 1611 307 ταυτὺ,
1628 277 1767 303 τουτέστιν
1790 277 1807 311 ἡ
1826 277 1875 302 ἀν-

254 322 399 357 majorum.
421 323 447 349 id
463 328 514 354 est,
538 328 696 350 naturarum
712 325 954 358 prazdicamentum
978 332 1037 352 sor-

251 368 363 399 tientur,
382 368 476 402 eisque
489 369 669 402 azquabuntur
686 378 693 401 ;
718 377 778 404 qum
796 377 839 397 res
862 370 897 396 ita
917 369 1038 396 declara-

252 420 305 441 tur.

1092 324 1215 359 Θρωπίνη
1233 325 1313 358 φύσις
1330 324 1359 350 ἓν
1378 332 1408 349 τε
1429 324 1477 350 καὶ
1498 324 1547 358 οὐχ
1566 324 1612 349 ἔν’
1629 323 1676 349 καὶ
1699 323 1714 357 ἡ
1732 322 1875 355 ἀντίφασις

1093 370 1296 404 συναληθεύσει,
1324 371 1391 404 ὅπερ
1420 370 1536 397 ἄτοπον·
1559 369 1606 395 καὶ
1628 369 1659 395 οὗ
1681 369 1760 403 μόνον
1785 368 1874 399 τοῦτο,

1093 416 1150 442 ἀλλ’
1176 415 1192 451 ἢ
1217 417 1263 443 καὶ
1284 417 1317 443 τὰ
1335 417 1475 447 ἐλάττονα,
1499 415 1621 442 τουτέστι
1643 414 1692 445 τὰς
1713 413 1876 444 ὑποστάσεις

251 462 306 487 τῶν
319 461 457 492 ὲπιπλέον,
474 463 595 489 τουτέστι
609 463 662 489 τῶν
688 463 795 497 φύσεων
813 463 957 498 συμϐαίνει
974 463 1188 497 κατηγορεῖσθαι
1203 464 1250 492 καὶ
1267 464 1418 496 ἑξισάζειν·
1440 463 1497 489 ἔστι
1538 463 1566 488 δὲ
1606 463 1653 488 καὶ
1686 460 1766 487 τοῦτο
1797 460 1876 495 δῆλον

249 505 299 534 ὦδε
309 516 316 522 ·

286 556 331 582 20.
352 556 474 583 Humana
494 561 589 583 natura
603 558 629 583 iu
644 558 731 585 tribus
741 559 864 592 personis
879 558 1035 592 prmdicala.

253 602 324 628 haud
339 602 460 629 vicissim
482 610 514 630 ex
535 603 575 630 IilS
593 604 766 638 przedicatur,
787 611 873 638 neque
901 603 1036 630 converti-

251 653 305 680 tur,
319 652 462 682 propterea
477 648 548 683 quod
564 650 624 683 plus
643 653 685 676 est
701 657 780 682 quam
795 656 963 683 unaquaeque
975 656 1037 682 per-

250 700 328 719 sona.
343 693 410 720 Nam
431 694 453 720 si
470 694 535 728 quid
555 699 598 721 est
619 694 726 726 Petrus,
750 694 800 721 hoc
816 698 843 721 et
863 695 960 725 homo;
982 701 1036 720 non

250 743 338 764 tamen
351 739 374 765 si
385 738 447 772 quid
457 739 549 772 homo,
563 740 613 766 hoc
626 746 653 767 ct
665 741 772 768 PetrnS.
789 739 910 774 Namque
926 740 953 766 iu
967 747 1037 774 prae-

249 783 358 814 dicatis,
378 784 422 810 illa
445 784 560 812 invicem
578 790 774 812 convertuntur
788 794 849 820 (iure
871 789 935 812 sunt
948 791 1038 819 requa-

250 829 295 862 lia,
309 829 392 856 veluti
407 830 488 856 homo
501 835 527 858 et
543 831 664 864 risibile;
683 838 746 858 nam
761 832 783 858 si
807 831 871 866 quid
886 835 927 858 est
945 830 1036 861 homo,

250 875 301 902 hoc
313 879 340 902 et
356 875 478 908 risibile;
495 881 521 903 et
535 877 557 903 si
574 877 637 912 quid
653 881 695 904 est
708 877 821 907 risihilc.
837 877 888 903 hoc
903 882 929 902 ct
944 876 1035 902 homo,

250 920 315 954 Quze
329 925 418 948 autem
433 921 579 956 excedunt,
594 930 625 950 ea
640 922 754 950 invicem
766 931 817 949 nou
830 926 1036 953 conwsrtuntur,

1129 558 1162 581 κ’.
1194 556 1224 582 Ἠ
1249 554 1405 588 ἀνθρωπίνη
1422 553 1500 587 φύσις
1516 553 1562 578 ἐπὶ
1585 552 1637 577 τῶν
1652 550 1734 584 τριῶν
1760 549 1878 575 ὑποστά-

1093 610 1163 627 σεων
1195 599 1433 634 κατηγορουμένη,
1463 598 1525 624 οὔτε
1562 596 1818 631 ἀντικατηγορεῖται
1845 595 1878 620 ἐκ

1091 645 1204 675 τούτων,
1231 645 1292 671 οὔτε
1320 643 1494 679 ἀντιστρέφει
1520 643 1564 670 διὰ
1593 642 1623 668 τὸ
1653 640 1780 667 ὲπιπλέον
1808 637 1878 665 εἶναι

1092 690 1210 724 ἑκάστης
1227 690 1402 720 ὑποστάσεως
1415 697 1421 703 ·
1434 689 1482 715 καὶ
1497 688 1551 724 γὰρ
1575 687 1602 713 εἴ
1623 695 1648 713 τι
1674 686 1786 721 Πέτρος,
1800 685 1878 711 τοῦτο

1092 736 1139 762 καὶ
1161 734 1314 770 ἄνθρωπος,
1330 735 1380 760 οὐκ
1396 734 1421 760 εἴ
1446 743 1473 760 τι
1498 734 1525 759 δὲ
1553 732 1704 767 ἄνθρωπος,
1726 732 1804 757 τοῦτο
1831 730 1878 756 καὶ

1093 781 1211 814 Πέτρος·
1230 780 1284 807 τῶν
1306 780 1361 814 γὰρ
1388 779 1645 814 κατηγορουμένων,
1663 777 1698 804 τὰ
1722 777 1770 812 μὲν
1786 776 1878 808 ὲξισά-

1091 827 1173 857 ζοντά
1184 828 1262 859 εἰσιν,
1279 826 1297 853 ὃ.
1310 826 1356 852 καὶ
1370 825 1603 859 ἀντιστρέφουσιν,
1624 821 1680 850 οἷον
1696 824 1710 850 ὃ
1727 831 1756 849 τε
1771 822 1877 857 ἀνθρω-

1092 880 1141 903 πος
1159 871 1205 898 χαὶ
1221 871 1252 897 τὸ
1264 870 1426 904 γελαστικόν
1438 878 1444 885 ·
1461 870 1487 896 εἴ
1508 878 1535 895 τι
1559 869 1613 904 γὰρ
1630 868 1784 902 ἄνθρωπος,
1798 867 1878 894 τοῦτο

1092 917 1140 944 καὶ
1164 917 1343 950 γελαστικόν
1368 916 1416 941 καὶ
1438 914 1466 941 εἴ
1487 924 1512 941 τι
1535 913 1705 948 γελαστικὸν,
1727 912 1809 939 τοῦτο
1831 911 1878 938 καὶ

251 971 361 1000 propter
371 974 525 994 excessum.
538 966 624 994 Veluti
637 967 658 994 si
677 968 740 1002 quid
759 968 850 999 homo.
867 968 919 994 hac
934 973 960 994 et
975 968 1036 993 ani-

1090 962 1138 989 ἄνθ
1143 971 1231 997 ρωπος
1242 970 1249 977 ·
1265 962 1298 988 τὰ
1308 961 1336 987 δὲ
1349 960 1490 992 ὲπιπλέον,
1504 959 1521 987 ἃ
1533 959 1581 986 καὶ
1593 959 1642 985 οὐκ
1652 957 1878 992 ἀντικατηγορεῖ-

250 1013 318 1045 mal;
337 1021 389 1040 non
407 1013 428 1040 si
455 1014 520 1048 quid
544 1014 654 1045 animal.
679 1014 729 1040 hoc
752 1019 778 1041 et
805 1014 896 1040 homo.
919 1013 946 1040 Si
964 1022 1039 1048 ergo,

250 1066 312 1085 ('qu
334 1060 451 1086 humana
465 1063 561 1086 natura
577 1059 638 1094 plus
664 1059 699 1086 sit
714 1059 828 1093 singulis
842 1059 928 1086 tribus
948 1066 1041 1093 perso-

250 1104 304 1137 nis,
330 1104 492 1138 praadicctur
515 1109 605 1132 autem
639 1105 774 1132 ternarius
805 1112 934 1131 numerus
960 1104 1039 1130 trium

249 1157 441 1184 personarum,
474 1158 526 1177 non
555 1150 690 1182 absolute,
712 1150 758 1178 sed
783 1151 932 1177 secundum
958 1150 1038 1177 talem

248 1195 434 1230 subjectorum
460 1197 657 1231 quantitatem;
686 1197 756 1224 idem
783 1202 872 1223 autem
898 1204 1037 1227 numerus.

249 1249 330 1276 quem
347 1247 373 1268 et
391 1242 586 1269 numerabilem
600 1242 727 1274 dicimus,
748 1251 797 1268 ceu
817 1242 862 1276 qui
881 1246 1039 1268 numeratur

249 1285 338 1320 magis
364 1294 445 1320 quam
473 1291 610 1318 numerat,
628 1287 787 1321 praedicetur
804 1286 886 1313 etiam
904 1286 937 1313 de
958 1292 1038 1312 voca-

251 1330 315 1357 bulo
342 1331 425 1358 homo
446 1331 557 1365 adatque
574 1339 604 1358 ac
626 1339 757 1358 numerus
772 1339 966 1366 personarum;
987 1331 1037 1361 sic,

249 1375 372 1410 inquam,
387 1378 569 1410 conipcrictur
595 1383 767 1411 unaqquue
786 1384 901 1410 persona
918 1377 964 1403 ιιιιὶ
989 1383 1039 1402 na-

251 1426 318 1449 turae
332 1427 449 1456 mquala,
479 1426 506 1449 ct
533 1422 654 1450 vicissim
679 1423 835 1457 przedicata.
855 1421 923 1449 Nam
943 1426 998 1449 tres
1013 1426 1040 1449 et

251 1473 305 1495 tres
319 1469 464 1500 numerati,
492 1476 544 1495 non
566 1473 631 1496 sunt
648 1469 750 1503 plures,
761 1470 807 1495 sed
824 1476 911 1503 pares.
930 1468 996 1495 Nam
1012 1472 1039 1495 ct

250 1515 271 1542 si
286 1515 340 1542 duo
352 1515 474 1547 quatdam
493 1515 557 1546 sint,
575 1516 689 1542 alterum
711 1520 802 1542 autem
819 1515 852 1541 de
872 1522 927 1541 uno
942 1513 1039 1549 praedi-

250 1565 337 1591 cetur.
365 1561 449 1587 veluti
480 1561 583 1588 risibile
612 1561 646 1588 de
679 1561 809 1592 homine;
836 1560 1038 1586 demonstretur

250 1611 342 1634 autem
355 1607 468 1634 alterum
484 1614 544 1634 esse
557 1614 615 1642 par,
627 1606 887 1634 necessarioaccidit
897 1611 926 1633 ut
939 1605 1038 1640 pra-di-

251 1657 405 1679 camentum
434 1652 549 1679 invicem
571 1652 627 1684 tiat,
653 1657 680 1679 et
703 1653 784 1679 homo
809 1652 972 1687 praedicetur
987 1659 1037 1686 pro

251 1697 358 1725 risibili.
375 1698 558 1730 Quamobrem
583 1703 702 1731 constat,
723 1699 796 1733 quod
823 1698 844 1726 si
858 1698 920 1732 quis
933 1705 1038 1725 comm-

253 1744 396 1771 meraverit
413 1744 536 1778 personis
555 1749 660 1772 natura:
685 1745 807 1779 ipsarum
831 1752 941 1777 nomen,
957 1743 1038 1771 faciet

253 1794 284 1816 ut
296 1790 400 1817 minora
412 1790 592 1825 przediceutur
600 1791 633 1818 de
648 1791 830 1825 majoribuset
843 1794 1036 1825 exaequentur;

252 1833 325 1869 quod
357 1835 485 1862 abhorret
509 1843 524 1862 a
548 1836 642 1870 logicis
663 1835 762 1871 regulis
784 1839 812 1863 et
830 1843 845 1862 ιι
865 1835 990 1867 veritate,
1008 1839 1037 1861 ut

251 1879 381 1906 diximus.

287 2015 331 2042 21.
348 2015 409 2041 Pari
426 2015 507 2042 modo
520 2015 592 2049 quod
607 2015 702 2042 attinet
718 2016 751 2042 ad
760 2015 879 2043 divinam
900 2021 1036 2051 naturam,

251 2061 305 2089 hoc
323 2060 448 2096 exemplo
469 2061 543 2088 viam
565 2061 644 2088 nobis
663 2061 878 2094 demonstrante,
894 2062 1036 2090 veritatem

253 2107 453 2139 nanciscemnr,
470 2114 647 2142 erroremque
670 2106 848 2142 depellemus.
868 2106 951 2135 Nobis
964 2108 1036 2136 enim

253 2151 342 2179 tresin
355 2151 446 2178 divina
457 2155 552 2178 natura
564 2159 695 2186 personas
712 2153 914 2186 conﬁtentibus,
927 2161 1038 2182 necesse

252 2204 306 2224 non
326 2202 367 2224 est
394 2201 448 2223 tres
474 2204 582 2231 quoque
605 2196 671 2224 deos
695 2196 833 2230 invehere,
850 2202 959 2233 propter
977 2198 1037 2229 illas

251 2248 321 2276 quas
335 2241 391 2275 jam
406 2241 524 2269 diximus
546 2242 739 2269 absurditates.
757 2242 941 2275 Quamobrem
957 2244 1036 2271 nobis

1090 1018 1135 1035 ται
1151 1008 1194 1035 διὰ
1213 1008 1244 1034 τὸ
1258 1007 1386 1034 ὲπιπλέον
1398 1015 1404 1022 ·
1421 1004 1476 1033 οἷον
1491 1006 1518 1031 at
1528 1013 1553 1031 τι
1569 1004 1721 1040 ἄνθρωπος,
1735 1003 1814 1030 τοῦτο
1833 1002 1880 1029 καὶ

1091 1053 1159 1085 ζῶον
1170 1062 1176 1069 ·
1194 1054 1243 1079 οὐκ
1259 1053 1286 1079 εἴ
1299 1062 1326 1079 τι
1352 1053 1432 1084 ζῶον,
1452 1052 1533 1078 τοῦτο
1547 1051 1595 1078 καὶ
1609 1050 1764 1084 ἄνθρωπος.
1786 1049 1817 1075 Εἰ
1832 1047 1878 1075 οὖν

1090 1101 1138 1134 τῆς
1150 1099 1324 1134 ἀνθρωπίνης
1350 1099 1458 1132 φύσεως
1478 1097 1607 1124 ὲπιπλὲον
1626 1096 1710 1131 οῦσης
1729 1096 1794 1130 μιᾶς
1816 1095 1880 1122 ἑκά-

1091 1153 1156 1179 στης
1180 1145 1233 1170 τῶν
1256 1145 1340 1179 τριῶν
1369 1143 1563 1175 ὑποστάσεων,
1592 1143 1787 1177 κατηγορεῖται
1815 1141 1844 1167 δὲ
1864 1141 1879 1167 ὁ

1090 1190 1164 1224 τρεῖς
1179 1188 1297 1224 ἀριθμὸς
1314 1188 1367 1214 τῶν
1379 1187 1464 1223 τριῶν
1475 1187 1660 1219 ὺποστάσεων,
1678 1187 1728 1212 οὐκ
1744 1185 1876 1212 ἀπολελυ-

1091 1235 1190 1269 μένως,
1212 1235 1280 1260 ἀλλὰ
1302 1233 1373 1260 κατὰ
1387 1234 1438 1268 τὴν
1457 1233 1570 1260 τοιῶσδε
1589 1233 1727 1266 ποσότητα
1741 1232 1795 1258 τῶν
1810 1232 1878 1258 ὑπο-

1091 1281 1241 1315 κειμένων·
1259 1280 1305 1306 τὸν
1320 1279 1348 1306 δὲ
1364 1279 1446 1306 αὑτὸν
1458 1278 1586 1313 ἀριθμὸν,
1609 1278 1638 1304 ὃν
1655 1278 1703 1304 καὶ
1727 1277 1878 1313 ἀριθμητὸν

1089 1327 1215 1361 λέγομεν,
1232 1326 1261 1357 ὃς
1284 1326 1332 1352 καὶ
1347 1325 1506 1360 ἀριθμεῖται
1531 1323 1632 1359 μᾶλλον
1655 1323 1727 1358 ἥπερ
1752 1322 1876 1357 ἀριθμεῖ,

1089 1372 1288 1407 κατηγορήσεις
1311 1371 1359 1397 καὶ
1371 1370 1421 1405 τῆς
1437 1370 1593 1404 ἅνθρωπος
1606 1369 1699 1404 φωνῆς
1715 1369 1743 1401 ἐξ
1765 1368 1824 1395 ἴσου
1839 1367 1878 1402 τῷ

1089 1418 1199 1453 ἀριθμῷ
1214 1417 1269 1444 τῶν
1283 1418 1470 1449 ὑποστάσεων,
1490 1416 1668 1451 εὑρεθήσεται
1691 1415 1792 1450 ἑκάστη
1809 1414 1878 1441 ὑπό-

1091 1472 1184 1496 στασις
1198 1464 1227 1497 eg
1241 1464 1300 1490 ἴσου
1312 1465 1345 1498 τῇ
1359 1464 1409 1498 μιᾷ
1422 1463 1502 1498 φύσει
1512 1463 1559 1489 καὶ
1569 1461 1858 1496 ἀντικατηγορουμὲνη
1868 1468 1876 1476 ·

1088 1512 1119 1538 τὺ
1140 1512 1195 1547 γὰρ
1212 1513 1286 1546 τρεῖς
1302 1511 1349 1538 καὶ
1365 1512 1439 1545 τρεῖς
1454 1510 1667 1546 ἀριθμούμενον,
1683 1510 1733 1536 οὐκ
1749 1509 1878 1535 ὲπιπλέον

1089 1558 1174 1588 ἐστὶν,
1187 1558 1244 1584 ἀλλ’
1256 1558 1285 1590 ἐξ
1298 1558 1355 1584 ἴσου
1364 1565 1371 1572 τ
1385 1557 1494 1592 καὶγὰρ
1507 1556 1555 1583 ἐὰν
1564 1555 1610 1582 δύο
1619 1555 1681 1582 τινὰ
1690 1552 1751 1586 ὦσι,
1763 1554 1878 1590 θάτερον

1088 1604 1117 1630 δὲ
1143 1605 1338 1639 κατηγορεῖται
1352 1602 1398 1629 τοῦ
1424 1603 1493 1634 ἑνὸς,
1511 1599 1566 1628 οἷον
1592 1602 1623 1628 τὸ
1647 1600 1806 1634 γελαστικὸν
1830 1598 1878 1626 τοῦ

1051 1633 1072 1662 C
1090 1633 1232 1685 ἀνθρώπου
1241 1633 1349 1685 ’,δειχθῇ
1363 1648 1392 1675 δὲ
1401 1649 1449 1675 καὶ
1459 1633 1573 1684 θάτερον
1583 1633 1718 1680 ὲξισᾶζον,
1734 1645 1878 1680 συμϐαίνει

1088 1695 1118 1728 ἐξ
1134 1696 1257 1730 ἀνάγκης
1272 1695 1321 1730 τὴν
1344 1693 1510 1729 κατηγορίαν
1531 1692 1733 1729 ὰντιστρέφειν,
1763 1691 1811 1718 καὶ
1831 1690 1878 1716 τὸν

1089 1740 1233 1776 ἄνθρωπον
1253 1739 1530 1776 ἀντικατηγορεῖσθαι
1543 1738 1591 1765 τοῦ
1612 1736 1774 1772 γελαστικοῦ
1784 1746 1791 1752 ·
1806 1735 1878 1763 ὥστε

1089 1788 1206 1822 φανερὸν
1229 1787 1269 1814 ὄτι
1283 1787 1308 1813 εἰ
1320 1795 1362 1818 τις
1383 1785 1546 1820 συναριθμεῖ
1565 1786 1626 1816 ταῖς
1650 1784 1832 1811 ὑποστάσεσιν
1847 1782 1878 1809 τὸ

1088 1833 1139 1867 τῆς
1157 1833 1266 1867 φύσεως
1275 1832 1365 1860 αὐτῶν
1384 1831 1481 1867 ὄνομα,
1501 1831 1614 1865 συνάγει
1627 1830 1661 1857 τὰ
1677 1830 1807 1857 ἐλάττονα
1823 1828 1878 1855 τῶν

1089 1879 1218 1905 ὲπιπλέον
1242 1878 1455 1914 κατηγορεῖσθαι
1470 1877 1518 1905 καὶ
1535 1877 1685 1909 ὲξισάζειν·
1702 1877 1771 1910 ὅπερ
1786 1875 1875 1910 acap-

1089 1924 1178 1957 φωνόν
1193 1924 1253 1950 ὲστι
1266 1925 1328 1955 ταῖς
1340 1923 1464 1958 λογικαῖς
1488 1923 1610 1958 μεθόδοις
1632 1922 1680 1949 καὶ
1698 1923 1731 1957 τῇ
1748 1921 1874 1956 ἀληθείᾳ,

1087 1968 1124 1999 ὡς
1138 1968 1253 2003 ἔφαμεν.

1124 2013 1177 2041 κα’.
1193 2014 1230 2041 Τὸ
1244 2014 1310 2041 αὐτὸ
1324 2015 1357 2048 δὴ
1376 2015 1423 2041 καὶ
1435 2014 1482 2040 ἐπὶ
1494 2015 1543 2047 τῆς
1559 2014 1634 2045 θείας
1652 2014 1760 2048 ςύσεως
1771 2032 1777 2043 ,
1792 2011 1830 2044 ὡς
1845 2012 1877 2038 ἐκ

1088 2059 1194 2086 seuseu?
1208 2060 1255 2086 τοῦ
1271 2060 1491 2096 παραδείγματος
1509 2059 1707 2095 ποδηγούμενοι
1725 2059 1755 2085 τὸ
1777 2057 1877 2093 ἀληθὲς

1088 2105 1214 2140 λάϐωμεν
1232 2106 1279 2132 καὶ
1297 2106 1328 2132 τὸ
1345 2105 1441 2140 ψεῦδος
1466 2105 1703 2141 ἀποκρουσώμεοα
1715 2113 1722 2120 ο
1748 2105 1796 2130 καὶ
1821 2103 1875 2138 γὰρ

1088 2151 1167 2185 ἡμῶν
1177 2151 1261 2185 τριῶν
1275 2152 1451 2178 ὑποστάσεων
1461 2151 1664 2185 ὁμολογούντων
1678 2151 1724 2177 ἐπὶ
1739 2151 1788 2184 τῆς
1800 2149 1876 2180 θείας

1089 2197 1210 2230 φύσεως,
1227 2197 1276 2224 οὐκ
1287 2198 1394 2233 ἀνάγκη
1412 2199 1459 2224 καὶ
1476 2199 1550 2233 τρεῖς
1568 2199 1643 2233 ἡμᾶς
1659 2198 1737 2228 θεοὺς
1753 2196 1874 2230 εἰσάγειν

1087 2243 1130 2270 διὰ
1148 2243 1182 2270 τὰ
1198 2244 1412 2279 προδεδειγμένα
1431 2244 1520 2271 ἄτοπα
1533 2253 1539 2260 ·
1555 2245 1626 2270 ὣστε
1641 2244 1720 2278 δῆλον
1744 2244 1812 2278 ἡμῖν
1826 2243 1875 2269 ἁν-

252 2287 426 2315 manifestum
442 2293 562 2321 apparet,
575 2287 648 2322 quod
664 2294 717 2315 tres
733 2295 874 2323 personas,
887 2289 1034 2324 secundum

1089 2289 1199 2323 ἐφηνεν,
1212 2289 1253 2316 ἇτι
1269 2290 1345 2324 τρεῖς
1360 2289 1523 2320 ὑποστάσεις
1536 2289 1608 2316 κατὰ
1621 2290 1670 2320 τὰς
1684 2288 1817 2322 ἰδιότητας
1828 2287 1876 2314 ἐπὶ

251 2339 316 2359 suas
329 2331 520 2366 proprietates.
539 2332 566 2358 in
582 2339 636 2359 una
650 2332 739 2359 divina
757 2337 853 2360 natura
865 2333 1034 2367 conﬁtentes,

253 2384 423 2412 nequaquam
439 2382 494 2404 tres
508 2377 574 2404 deos
586 2377 750 2409 invehimus.
771 2379 817 2406 sed
831 2387 915 2406 unum
930 2379 1034 2412 Deum;

252 2422 473 2458 quandoquidem
494 2431 548 2450 una
565 2424 652 2450 deitas
671 2429 721 2455 est,
735 2428 818 2459 atque
829 2426 861 2452 ad
879 2434 963 2453 unum
978 2426 1035 2460 illa,

252 2476 312 2502 quae
325 2468 388 2495 inde
403 2473 477 2500 sunt,
494 2468 660 2497 referuntur.
672 2469 786 2497 Nomina
803 2471 876 2498 enim
899 2471 986 2499 Patris
1004 2479 1036 2499 ac

253 2515 323 2546 Filii.
348 2515 418 2542 haud
442 2521 566 2542 naturam
594 2516 762 2551 signiﬁcant,
789 2518 836 2544 sed
864 2517 1034 2550 relationem,

253 2569 349 2596 nempe
365 2561 503 2595 quomodo
520 2569 550 2588 se
573 2561 671 2589 habeat
685 2562 718 2589 ad
736 2562 834 2590 Filium
845 2562 935 2595 Pater,
960 2568 987 2590 et
1002 2563 1035 2590 ad

252 2606 359 2634 Patrem
378 2605 473 2633 Filius.
489 2605 566 2633 Sicut
577 2607 648 2633 enim
664 2608 735 2642 apud
757 2615 806 2635 nos
817 2607 858 2635 lue
875 2608 1035 2642 appellatio-

253 2661 301 2680 nes
313 2652 460 2687 legitimam
484 2651 638 2687 genituram
655 2653 817 2687 signiﬁcant,
832 2653 869 2680 ila
894 2653 949 2681 illic
959 2654 1035 2689 geni-

252 2705 308 2727 tum
326 2707 387 2726 cum
407 2698 528 2732 genitore
549 2698 746 2734 homogeneum
772 2699 970 2727 demonstrant.
989 2698 1034 2727 Si-

253 2743 350 2770 militer
365 2747 392 2770 ct
418 2742 537 2777 Spiritus
559 2751 728 2777 nequaquam
743 2748 868 2771 naturam
888 2744 1033 2780 signiﬁcat,

253 2793 282 2815 ut
294 2793 322 2815 et
336 2793 432 2815 caetera
448 2797 454 2814 :
471 2788 570 2814 ctenim
592 2787 731 2816 relationis
754 2788 825 2815 inter
843 2790 893 2817 has
903 2797 1035 2824 personas

252 2833 594 2865 diﬂerentia,diﬂ‘erentcm
615 2841 725 2868 quoque
749 2834 855 2861 illarum
873 2836 1033 2870 appellatio-

252 2886 313 2906 nem
324 2879 421 2906 etlecit.
445 2878 549 2906 Idcirco
571 2886 633 2906 cum
654 2879 688 2906 ad
710 2879 836 2907 deitatem
859 2881 1032 2916 respicimus,

251 2924 420 2960 primamque
441 2932 563 2958 causam,
592 2929 618 2953 et
648 2925 846 2958 moneri-binm,
868 2934 951 2954 unum
968 2927 1033 2962 quid

1089 2333 1138 2369 τῆς
1152 2335 1216 2369 μιᾶς
1230 2335 1277 2361 καὶ
1292 2335 1385 2370 θεῖκῆς
1408 2334 1516 2368 φύσεως
1539 2335 1743 2369 ὁμολογοῦντες,
1758 2333 1808 2359 οὑκ
1819 2333 1874 2358 εἰσι

1089 2380 1193 2414 άγομεν
1206 2381 1252 2408 καὶ
1271 2381 1345 2415 τρεῖς
1362 2380 1449 2411 θεοὺς,
1466 2380 1523 2406 ἀλλ’
1538 2381 1586 2407 ἕνα
1597 2380 1674 2411 Θεὸν,
1689 2380 1730 2406 ὅτι
1747 2379 1796 2414 μία
1812 2377 1874 2405 θεό-

1087 2434 1147 2460 της,
1160 2426 1206 2452 καὶ
1222 2426 1290 2461 πρὸς
1304 2426 1333 2453 ἓν
1345 2427 1380 2453 τὰ
1395 2426 1424 2459 ἐξ
1440 2426 1522 2453 αὑτοῦ
1538 2426 1587 2461 τὴν
1605 2425 1745 2459 ἀναφορὰν
1760 2424 1830 2458 ἔχει·
1844 2422 1875 2449 τὸ

1087 2472 1141 2507 γὰρ
1158 2472 1261 2506 Πατὴρ
1277 2473 1325 2499 καὶ
1339 2473 1405 2505 ΥΙὸς
1417 2472 1513 2507 ὄνομα,
1526 2473 1557 2498 οὐ
1572 2471 1652 2506 φύσιν
1668 2470 1874 2505 ὑποσημαίνου-

1090 2527 1142 2551 σιν,
1160 2518 1229 2545 ἀλλὰ
1253 2519 1374 2553 σχέσεώς
1387 2528 1417 2545 τε
1439 2518 1547 2546 καὶτοῦ
1572 2519 1632 2550 πῶς
1658 2518 1713 2553 ἔχει
1735 2518 1804 2553 πρὸς
1827 2517 1874 2544 τὸν

1088 2564 1151 2590 Υίὺν
1163 2565 1177 2590 ὁ
1194 2565 1298 2600 Πατὴρ,
1314 2565 1330 2600 ἢ
1347 2566 1361 2592 ὁ
1377 2565 1439 2595 Υίδς
1458 2565 1527 2600 προς
1539 2565 1585 2591 τδν
1611 2565 1736 2599 Πατέρα·
1760 2563 1799 2594 ὼς
1818 2563 1874 2597 γὰρ

1086 2608 1128 2642 ἐφ’
1146 2609 1161 2644 ὴ
1167 2610 1226 2643 μῶν
1239 2606 1320 2636 αὗται
1338 2610 1367 2636 αἱ
1382 2609 1492 2644 κλήσεις
1511 2610 1541 2635 τὸ
1556 2610 1665 2644 γνήσιον
1684 2609 1871 2643 σημαίνουσιν,

1086 2654 1173 2686 οὕτως
1193 2655 1250 2682 ἐκεῖ
1267 2655 1316 2690 τὴν
1333 2654 1380 2682 τοῦ
1393 2655 1592 2689 γεγεννημένου
1607 2654 1676 2690 πρὸς
1697 2654 1728 2680 τὸ
1744 2662 1874 2688 γεγεννη-

1086 2701 1133 2732 κὸς
1143 2701 1277 2735 ὁμοφυῖαν
1288 2702 1465 2736 σημαίνουσιν
1476 2709 1483 2716 ·
1492 2701 1623 2732 ὡσαύτως
1631 2701 1659 2727 δὲ
1666 2700 1712 2727 καὶ
1722 2701 1752 2727 τὸ
1760 2700 1872 2734 Πνεῦμα

1085 2747 1116 2773 οὐ
1132 2747 1212 2781 φύσιν
1229 2747 1368 2782 σημαίνει,
1386 2746 1482 2781 ὥσπερ
1504 2747 1552 2773 καὶ
1576 2746 1611 2773 τὰ
1633 2746 1731 2774 λοιπά¹
1755 2747 1786 2773 τὸ
1817 2746 1872 2780 γὰρ

1084 2792 1213 2828 διάφορον
1229 2794 1277 2827 τῆς
1295 2792 1364 2828 πρὸς
1372 2792 1475 2826 ἄλληλα
1487 2792 1589 2818 τούτων
1600 2792 1728 2826 σχέσεως,
1744 2791 1872 2826 διάφορον

1085 2838 1176 2865 αὐτῶν
1188 2839 1236 2865 καὶ
1251 2839 1300 2873 τὴν
1315 2838 1412 2872 κλῆσιν
1424 2838 1559 2872 πεποίηκε
1571 2845 1578 2854 ·
1591 2837 1631 2864 διὸ
1639 2837 1678 2864 ὅτ’
1690 2837 1724 2864 ἂν
1740 2837 1789 2871 μὲν
1801 2837 1871 2872 πρὸς

1084 2883 1133 2918 τὴν
1154 2883 1269 2918 θεότητα
1292 2883 1438 2918 βλέπωμεν
1461 2883 1508 2909 καὶ
1522 2882 1571 2916 τὴν
1585 2881 1697 2917 πρώτην
1716 2882 1808 2908 αἰτίαν
1823 2883 1869 2908 καὶ

1086 2929 1246 2965 μοναρχίαν,
1269 2929 1297 2957 ἓν
1313 2931 1379 2965 ἡμῖν
1408 2929 1438 2956 τὸ
1462 2928 1679 2964 φανταζόμενον·
1711 2928 1749 2956 ὅτ’
1780 2928 1813 2956 ἂν
1839 2927 1869 2954 δὲ
