2083 3155
195 212 246 243 697

775 212 991 243 llEFUTATIO
1009 212 1246 243 MOHAMEDIS.

1771 213 1824 245 698

196 267 263 302 πρὸς
288 265 323 292 τὰ
336 267 365 293 ὲν
379 264 420 298 οἷς
442 268 459 301 ὴ
483 266 578 302 θεότης
599 267 633 293 τὰ
653 266 685 293 ἐκ
700 266 751 301 τῆς
769 267 880 302 πρώτης
896 268 984 299 αἰτίας

1038 268 1231 304 imaginamur.
1247 269 1314 296 Cum
1327 275 1390 295 vero
1409 268 1441 296 ad
1459 275 1490 295 ea
1507 268 1533 295 in
1546 268 1646 304 quibus
1659 267 1745 295 dcitas
1757 275 1823 295 con-

196 313 318 348 ἀχρόνως
331 313 380 339 καὶ
389 312 522 347 ὀμοόόεως
537 312 726 348 ἐκλάμψαντα,
743 313 807 348 τρία
819 313 853 339 τὰ
863 321 985 348 προσκυκ

197 360 313 394 νούμενα
325 367 333 374 ⁸
350 359 494 385 καὶταῦτα
508 360 578 390 ἐστι,
592 360 606 385 ὁ
621 359 716 394 Πατὴρ
729 360 776 386 καὶ
791 361 804 386 ὁ
817 360 879 391 Υἱὸς
895 360 942 385 καὶ
957 359 986 385 τὸ

197 406 310 440 Πνεῦμα
331 406 361 432 τὸ
381 405 469 439 ἆγιον,
497 406 537 437 εἰς
558 405 576 432 ἃ
597 406 761 440 πιστεύομεν
789 407 835 433 καὶ
855 406 986 441 βεὸαπτί-

197 453 296 487 σμεοα,
314 453 361 479 καὶ
373 449 413 483 οἷς
425 451 604 488 λατρεύωμεν.

231 545 284 581 κβ¹.
304 546 336 572 Et
351 545 379 572 δὲ
399 545 589 579 ἀναιδέστερον
618 545 687 580 πρὸς
702 545 736 571 τὰ
751 545 882 580 λεχθέντα
906 546 930 572 οἰ
954 546 986 572 ὲκ

196 593 246 628 τῆς
261 593 351 627 Ἀγαρ
369 591 518 618 διατεθεῖεν
544 590 687 624 λέγοντες·
705 591 737 617 ΕΞ
761 593 808 618 καὶ
834 591 936 626 κυρίως
955 592 986 618 τὸ

196 638 245 672 τῆς
261 637 370 672 φύσεως
393 636 478 671 ῠνομα
496 636 526 662 οὑ
554 637 774 670 συναριθμεῖται,
794 637 851 663 ἀλλ’
869 636 916 664 οὖν
935 646 985 664 κα-

197 682 389 718 ταχρηστικῶς
405 681 480 717 παρὰ
493 683 527 717 τῇ
548 682 676 717 συνηθείᾳ
701 681 813 717 εὓρηται
829 682 984 718 λεγόμενον,

197 728 258 754 καθ’
273 728 287 754 ὃ
303 727 419 762 λέγομεν
437 728 513 762 τρεῖς
534 727 695 762 ἀνθρώπους
718 729 766 754 καὶ
782 729 856 763 τρεῖς
874 728 983 759 ἵππους·

197 773 296 800 οὐκοῦν
311 773 359 799 καὶ
374 772 435 799 καθ’
451 773 523 807 ὑμᾶς
539 772 660 806 λεγέσθω
685 770 755 799 εῖναι
777 774 793 807 ἠ
817 774 882 806 παρ’
908 773 985 807 ὑμῶν

197 820 283 854 Τριὰς
300 820 435 854 σεὸομένη
455 819 671 854 καταχρηστικῷ
693 819 764 853 λόγῳ
778 821 852 854 τρεῖς
876 819 931 845 θεοὶ
947 819 985 850 ὡς

196 866 270 899 τρεῖς
288 864 439 898 ἄνθρωποι,
461 864 477 899 ἢ
494 865 558 891 ἄλλο
573 874 598 891 τι
616 864 876 900 συναριθμοὺμενον,
895 866 984 900 φαμὲν

197 911 278 946 ἡμεῖς
293 910 360 946 πρὸς
371 910 478 944 ζαὺτούς
489 919 496 926 ·
514 911 554 937 ὅτι
569 911 600 938 τὸ
615 911 666 945 τῆς
685 912 792 945 φύσεως
812 911 907 947 δνομα,
924 913 984 938 τότε

197 959 254 990 ταῖς
268 958 381 989 οἰκείαις
395 959 562 985 ὑποστάσεσι
577 959 786 994 συναριθμεῖται
799 968 984 994 καταχρηστι-

197 1005 263 1036 κῶς,
276 1005 357 1040 ἡνίκα
370 1006 398 1032 αι
414 1005 580 1036 ὑποστάσεις
596 1005 645 1040 τὴν
661 1006 700 1036 εἰς
711 1005 814 1040 ἄλληλα
829 1005 986 1041 περιχώρη-

198 1061 240 1078 σιν
257 1052 295 1086 (ϐ)
312 1052 363 1078 οὐκ
379 1051 480 1086 ἔχουσι,
499 1053 568 1079 ἀλλὰ
580 1053 706 1080 πλεῖστον
717 1054 764 1080 ἀπ’
786 1054 911 1088 ἀλλήλων
926 1054 985 1080 δια-

198 1097 396 1131 κεχωρήκασιν,
411 1097 479 1131 μετὰ
491 1097 538 1124 καὶ
552 1097 599 1124 τοῦ
613 1097 685 1133 ἔχειν
697 1098 825 1133 διάφορον
840 1098 870 1125 τὸ
879 1098 986 1134 θέλημα

197 1146 244 1171 καὶ
277 1144 419 1180 ἐνέργειαν
450 1143 498 1171 κα)⁹
528 1143 672 1178 βούλησιν,
704 1145 752 1170 καὶ
781 1143 911 1177 πλείστην
935 1145 985 1177 τὴν

197 1191 328 1226 διαφορὰν
353 1190 512 1225 κεκτῆσθαι,
533 1190 632 1225 ἥττονα
644 1190 672 1216 δὲ
690 1189 737 1225 τὴν
759 1190 901 1216 κοινωνίαν
914 1198 922 1206 ο
944 1187 984 1220 οἷς

197 1237 225 1264 δὲ
242 1237 338 1272 γνώμη
358 1237 418 1271 μία,
434 1236 480 1262 καὶ
501 1235 627 1270 βούλησις
637 1235 800 1270 ἀδιαίρετος.
816 1236 863 1262 καὶ
878 1236 986 1270 φύσεως

197 1283 340 1317 ταυτότης,
353 1283 399 1308 καὶ
414 1282 463 1317 μία
475 1282 592 1314 ἐξουσία,
605 1282 651 1309 καὶ¹
661 1281 780 1316 θέλησις,
794 1281 840 1308 καὶ
849 1281 983 1316 ἐνέργεια,

199 1330 246 1355 καὶ
261 1329 350 1355 πάντα
362 1328 449 1360 κοινὰ,
467 1328 537 1360 πλὴν
553 1329 617 1362 μιᾶς
635 1327 718 1363 μόνης
732 1327 782 1361 τῆς
795 1327 848 1353 τῶν
866 1327 986 1353 ὑποστα-

197 1374 282 1400 τικῶν
305 1373 445 1408 ίδιοτήτων
467 1373 609 1408 διαφορᾶς,
637 1372 656 1399 ἃ
670 1373 717 1399 καὶ
736 1372 766 1398 τὸ
792 1372 986 1406 ἁνεκφοίτητον

199 1419 267 1453 πρὸς
276 1419 388 1452 ἑαυτὰς,
398 1419 469 1454 καὶὴ
480 1419 519 1451 εις
532 1418 635 1454 ἄλληλα
649 1417 846 1453 πνριχώρησις,
859 1417 984 1452 οὐδαμῶς

197 1464 311 1501 εὓρηται
327 1465 357 1491 τὸ
369 1465 418 1500 τῆς
438 1464 547 1499 φύσεως
563 1464 653 1491 αὐτῶν
668 1465 753 1499 ὃνομα
771 1463 986 1498 συναριθμούμε⁸

197 1520 252 1543 νον,
269 1510 333 1538 οὔτε
364 1511 485 1547 κυρίως,
505 1510 567 1538 οὕτε
594 1510 841 1546 καταχρηστικῶς·
872 1510 917 1536 διά
944 1518 984 1536 τοι

197 1557 285 1590 τοῦτο,
308 1557 361 1584 κᾶν
379 1558 425 1584 τὸν
446 1557 556 1593 Πατέρα
573 1557 750 1592 ὁμολογῶμεν
775 1556 842 1583 Θεὸν
865 1557 913 1583 καὶ
938 1556 984 1582 τὸν

1037 316 1120 348 sistit,
1137 324 1168 343 ea
1191 321 1256 342 tunc
1281 321 1437 350 spectamus
1451 322 1512 350 quae
1527 323 1560 341 ex
1579 314 1666 349 prima
1681 321 1764 341 causa
1779 314 1824 340 in-

1037 363 1222 397 temporaliter
1234 367 1260 389 et
1274 370 1336 389 eum
1345 362 1457 389 honoris
1470 362 1584 396 paritate
1596 361 1823 396 explendescunl,

1036 409 1087 436 tria
1100 408 1250 441 adoranda,
1270 416 1330 442 qua:
1347 412 1410 437 sunt
1434 407 1513 435 Pater
1525 411 1552 434 et
1567 406 1651 434 Filius
1666 411 1691 432 et
1704 405 1824 440 Spiritus

1036 459 1159 485 sanctus,
1181 455 1207 481 in
1234 463 1294 488 qua:
1322 454 1460 481 credimus
1479 457 1506 480 et
1522 452 1652 488 baptizati
1666 451 1778 484 fuimus,
1797 454 1825 478 et

1035 508 1097 535 quae
1113 500 1254 526 Ialreutico
1270 500 1343 526 cultu
1361 499 1563 533 prosequimur.

1071 546 1117 573 22.
1130 546 1187 580 Age
1201 553 1275 576 vero,
1287 544 1310 572 si
1327 544 1396 571 forte
1412 543 1596 578 impudentius
1611 544 1742 572 adversus
1759 545 1824 572 hac-

1036 597 1116 619 tenus
1139 592 1211 629 dicta
1238 592 1353 626 Agareni
1375 595 1543 625 consurgant
1572 591 1695 619 dicentes
1719 601 1725 619 :
1745 592 1824 625 Quod

1035 639 1140 666 etiamsi
1158 638 1265 673 proprie
1290 644 1393 664 natura:
1411 638 1571 665 vocabulum
1598 645 1651 664 non
1674 645 1826 665 connume-

1036 691 1124 716 ratnr,
1141 688 1259 710 attamen
1280 683 1394 710 abttsive
1421 683 1570 710 secundum
1597 685 1823 711 consuetudinem

1036 729 1076 758 sic
1092 729 1145 757 dici
1162 730 1348 762 comperitnr;
1374 729 1456 756 veluti
1472 729 1589 756 dicimus
1607 733 1662 756 tres
1688 729 1823 761 homines,

1036 780 1062 802 et
1075 780 1128 802 tres
1145 783 1230 810 equos
1248 784 1254 802 :
1269 775 1446 814 quamobrem
1464 775 1546 801 etiam
1563 774 1633 809 apud
1649 782 1697 802 vos
1717 775 1825 802 dicatur

1036 829 1096 848 esse
1118 821 1190 848 culta
1215 821 1261 848 illa
1286 829 1301 848 a
1327 821 1404 848 vobis
1424 820 1546 847 Trinitas
1564 821 1677 847 abusivo
1698 828 1824 848 sermone

1036 872 1092 894 tres
1108 867 1156 898 dii,
1174 875 1250 902 aque
1270 875 1302 894 ac
1327 872 1382 894 tres
1409 867 1545 897 homines,
1564 871 1612 893 aut
1626 866 1699 893 aliud
1716 866 1825 901 quidvis

1035 918 1262 941 connumeratum
1278 923 1284 940 :
1298 921 1348 940 nos
1366 914 1401 940 ita
1430 914 1462 940 iis
1492 913 1688 947 respondemus
1706 919 1825 947 :nempe

1036 961 1108 995 quod
1123 965 1226 987 naturae
1245 960 1404 987 vocabulum
1418 964 1483 987 tunc
1495 967 1556 986 cttm
1571 959 1687 993 propriis
1700 959 1825 993 personis

1037 1006 1149 1033 abusive
1165 1012 1389 1038 connmneratur,
1412 1013 1475 1032 cum
1502 1012 1627 1040 personae
1647 1012 1699 1031 non
1724 1003 1826 1031 habent

1036 1053 1152 1080 invicem
1169 1053 1466 1083 circtnninsessioncm,
1482 1052 1529 1079 sed
1547 1051 1694 1086 plurimum
1707 1050 1823 1078 invicem

1035 1099 1153 1131 distant;
1173 1103 1271 1134 praeter
1289 1106 1370 1133 quam
1387 1098 1459 1133 quod
1481 1097 1620 1124 voluntate
1645 1097 1774 1124 diﬂ‘erunt
1799 1101 1826 1124 et

1036 1146 1194 1179 operatione
1219 1150 1246 1172 et
1275 1145 1481 1176 deliberatione,
1509 1145 1727 1179 permnltamque
1743 1143 1824 1170 aliam

1036 1190 1216 1217 differentiam
1239 1198 1294 1224 prae
1313 1197 1343 1216 se
1366 1190 1466 1218 ferunt.
1495 1189 1608 1216 minime
1622 1196 1687 1216 vero
1699 1196 1826 1216 commu-

1036 1237 1157 1262 nionem.
1176 1235 1368 1262 Verumtamen
1386 1235 1505 1266 illorntn,
1520 1242 1636 1269 quorum
1650 1242 1704 1261 una
1716 1235 1827 1269 insepa-

1038 1281 1186 1315 rabilisqne
1200 1287 1244 1307 est
1267 1280 1435 1312 deliberatio,
1455 1285 1552 1307 natura
1576 1279 1683 1312 eadem,
1704 1287 1758 1306 una
1774 1287 1825 1314 po-

1037 1332 1129 1359 testas,
1145 1328 1279 1359 volnntas.
1309 1331 1391 1361 atque
1416 1327 1552 1361 operatio,
1573 1332 1727 1360 cunctaque
1750 1333 1826 1353 com-

1037 1374 1140 1406 munia,
1155 1374 1212 1401 sola
1228 1380 1339 1408 excepta
1356 1372 1540 1407 personalium
1557 1371 1755 1407 proprietatum
1770 1370 1825 1398 dif-

1037 1419 1159 1449 ferentia,
1180 1426 1297 1452 qttornm
1311 1419 1373 1444 item
1386 1416 1564 1451 impossibilis
1572 1416 1717 1450 separatio,
1730 1419 1758 1442 et
1765 1422 1826 1448 quae

1037 1464 1151 1490 invicem
1173 1461 1417 1494 circuminsident;
1449 1462 1557 1493 horum,
1580 1461 1704 1495 inquam,
1720 1463 1826 1487 natura

1036 1510 1198 1537 vocabulum
1226 1515 1367 1542 nunquam
1394 1507 1550 1534 invenietur
1576 1510 1824 1538 connumeratum,

1036 1562 1125 1589 neque
1137 1554 1246 1589 proprie
1260 1561 1347 1588 neque
1372 1552 1495 1580 abusive.
1510 1551 1692 1584 Quamobrem
1717 1549 1825 1578 etiamsi

198 1603 262 1630 Υίδν
275 1604 322 1630 καὶ
337 1603 367 1630 τὸ
380 1603 512 1636 πανάγιον
531 1603 644 1638 Πνεῦμα
658 1602 800 1634 ὡσαύτως,
816 1602 865 1628 οὐκ
877 1602 983 1635 εἰσάγο-

1039 1601 1143 1627 Patrem
1175 1600 1337 1627 confitemur
1359 1598 1455 1630 Dettm,
1484 1598 1642 1633 pariterque
1672 1596 1770 1623 Filium
1798 1599 1827 1623 et

200 1658 248 1683 μεν
267 1649 314 1675 καὶ
343 1650 418 1683 τρεῖς
433 1648 510 1680 θεούς
522 1656 529 1663 ·
559 1647 622 1674 οὒτε
642 1648 692 1683 μὲν
707 1647 896 1682 ἁπαιτηύμεθα
923 1645 985 1673 οὕτε

199 1695 301 1730 κυρίως
316 1694 378 1721 οὔτε
392 1694 622 1729 καταχρηστικῶς
642 1693 833 1728 συναριθμεῖν·
854 1692 947 1727 ἐπειδὴ
967 1693 983 1727 ή

197 1742 236 1773 είς
250 1741 353 1775 ἄλληλα
371 1740 559 1776 περιχώρησις
582 1740 722 1774 πρόσεστι,
748 1740 795 1766 καὶ
809 1738 839 1765 τὸ
858 1738 982 1773 ἀνεκφοί-

197 1796 278 1822 τητον
294 1787 382 1814 καὶτὸ
392 1786 554 1814 ἀδιάστατον
564 1786 612 1813 καὶ
623 1785 718 1820 γνώμη
732 1786 781 1820 μία
795 1785 843 1812 καὶ
858 1784 985 1819 βούλησις

197 1832 245 1858 καὶ
274 1832 399 1867 ἐνέργεια
422 1831 469 1858 καὶ
482 1831 567 1858 τᾶλλα
595 1831 666 1866 ἆπερ
683 1830 798 1865 ἔφαμεν.
816 1830 846 1856 Εἰ
860 1829 887 1856 δὲ
903 1829 985 1856 πάλιν

197 1877 412 1912 ἁνθυποφέροιεν
428 1877 563 1911 λέγοντες.
584 1877 625 1903 ὅτι
640 1876 671 1903 τὸ
685 1876 757 1908 Θεὸς
780 1875 865 1910 ὄνομα
881 1875 912 1901 οὺ
935 1875 985 1909 τῆς

197 1923 305 1957 φύσεως
319 1924 368 1958 τῆς
382 1924 457 1954 θείας
470 1923 529 1950 ἐστὶ
544 1922 703 1957 δηλωτικὸν,
714 1922 771 1949 ἀλλ’
785 1921 924 1957 ἐνεργείας
933 1922 983 1956 (7),

197 1970 230 1996 τὰ
253 1969 282 1996 δὲ.
297 1970 351 1996 τῶν
366 1969 509 2006 ἐνεργειῶν
525 1969 644 2004 ὀνόματα
668 1967 907 2002 συναριθμοῦνται,
928 1965 984 1994 οἷον

196 2017 312 2050 λέγομεν
328 2017 401 2052 τρεῖς
418 2016 534 2052 ῥήτορας
551 2015 598 2042 καὶ
614 2016 688 2050 τρεῖς
702 2013 863 2048 φιλοσόφους
878 2013 894 2049 ἢ
911 2014 984 2048 τρεῖς

197 2062 338 2094 τέκτονας,
351 2062 467 2097 λέγομεν
486 2062 534 2088 καὶ
558 2061 624 2096 πρὸς
638 2061 734 2093 ταῦτα,
751 2061 791 2087 ὅτι
809 2060 870 2087 τότε
884 2060 917 2086 τὰ
929 2059 984 2086 τῶν

199 2109 344 2142 ἐνεργειῶν
368 2108 489 2143 ὀνόματα
511 2106 728 2143 συναριθμεῖται,
746 2107 775 2133 ὲν
803 2103 844 2137 οἷς
871 2105 984 2140 γνώμης

198 2154 361 2189 παραλλαγὴ
385 2153 588 2188 παρεισδύεται.
616 2152 664 2180 καλ⁴
689 2152 840 2188 βουλήσεως
857 2151 984 2186 ἑτερότης

198 2201 326 2235 πάρεστι,
342 2201 389 2226 καὶ
412 2199 514 2234 ἀπορία
528 2198 732 2234 καλοῦσαιπρὸς
749 2199 798 2233 τὴν
815 2198 922 2233 χρείαν,
937 2197 984 2224 καὶ

198 2246 322 2282 ἐνέργεια
343 2245 373 2271 οὺ
391 2245 449 2280 μία,
465 2245 532 2271 ἀλλὰ
553 2245 680 2279 διάφορος
694 2244 740 2270 καὶ
752 2243 982 2278 ἀποτετμημένη·

197 2289 237 2323 οἷς
252 2292 280 2318 δὲ
307 2291 356 2327 μία
382 2291 509 2326 ἐνέργεια
533 2290 635 2326 φυσικὴ
660 2290 812 2325 ἀδιαίρετος
840 2291 982 2325 πάρεστιν,

197 2337 322 2372 οὐδαμῶς
337 2337 371 2363 τὰ
385 2337 440 2363 τῶν
459 2337 605 2372 ἐνεργειῶν
626 2337 746 2371 ὀνόματα
769 2336 984 2371 συναριθμεῖται.

203 2384 280 2410 Ἐπεὶ
295 2382 342 2410 οὖν
352 2385 368 2418 ἡ
382 2384 544 2419 ὑπερούσιος
563 2383 658 2418 Τριὰς,
674 2383 758 2418 ἤγουν
777 2384 791 2409 ὁ
805 2382 898 2417 Πατὴρ
913 2383 959 2409 καὶ
972 2384 986 2409 ὁ

196 2430 261 2460 Υίδς
276 2430 323 2456 καὶ
338 2430 368 2456 τὸ
381 2429 494 2465 Πνεῦμα
504 2430 534 2456 τὸ
554 2430 642 2464 ἆγιον,
662 2430 678 2464 ἡ
694 2429 770 2464 παρὰ
782 2429 836 2455 τῶν
854 2430 985 2465 Χριστια-

198 2477 252 2503 νῶν
269 2477 388 2508 εὺσεεῶς
407 2478 454 2504 καὶ
468 2477 625 2512 ὸρθοτόμως
654 2476 838 2511 πιστευομένη
866 2477 913 2502 καὶ
937 2476 984 2502 λα-

197 2522 359 2558 τρευομένη,
375 2523 440 2557 μιᾶς
454 2523 594 2557 ἐνεργείας
602 2522 763 2549 ἀδιαστάτου
773 2521 856 2552 ἐστιν,
869 2521 983 2556 φανερὸν

198 2560 251 2604 ἆρα
269 2569 321 2595 κᾶν
336 2570 367 2595 τὸ
385 2569 456 2601 Θεὸς
477 2569 562 2604 ὄνομα
587 2568 728 2604 ἐνεργείας
753 2568 811 2594 ἐστὶ
825 2567 982 2602 δηλωτικὸν,

197 2614 288 2649 χώραν
304 2615 334 2641 τὸ
348 2614 574 2649 συναριθμεῖσθαι
591 2614 661 2641 κατὰ
676 2614 755 2639 τοῦτο
773 2614 821 2648 οὐχ
834 2613 904 2645 ἕξει·
923 2613 983 2639 ὅθεν

197 2659 286 2693 πάσης
298 2658 426 2694 διαὸολῆς
446 2659 494 2686 καὶ
507 2659 672 2694 κατηγορίας
694 2659 710 2694 ἡ
725 2658 785 2685 καθ’
801 2658 874 2694 ἡμᾶς
890 2657 981 2690 πίστις

195 2705 331 2738 ἀνωτέρα,
345 2704 383 2736 ὼς
400 2705 447 2732 καὶ
458 2705 603 2731 δέδεικται.

231 2748 284 2783 κγ’.
306 2750 414 2776 Ἔνεστι
430 2750 458 2777 δὲ
474 2751 520 2776 καὶ
534 2750 621 2781 ἄλλως
636 2751 702 2784 ἡμῖν
715 2749 747 2775 δι’
763 2748 978 2784 ὲπιστημονικῆς

194 2795 242 2821 καὶ
253 2794 376 2829 ἀφύκτου
392 2795 551 2831 διαιρέσεως
564 2797 599 2823 τὰ
622 2796 686 2831 περὶ
700 2795 749 2830 τῆς
767 2795 909 2830 ὁμοουσίου
931 2795 978 2821 καὶ

229 2892 268 2927 (6)
278 2892 325 2930 ‘Dc
341 2893 494 2930 theglpgico
507 2894 639 2930 vocabulo
651 2893 838 2930 περιχώρησις
865 2893 979 2930 copiose

193 2926 321 2956 Petavius
336 2927 374 2956 De
386 2926 461 2958 Trin.
478 2929 525 2957 lib.
541 2929 583 2963 IV,
603 2930 646 2957 16.
675 2926 766 2958 Utitur
786 2926 876 2957 'etiam
899 2926 980 2956 Nice-

1037 1647 1169 1681 Spiritnm
1187 1651 1323 1676 sanctum,
1337 1649 1390 1672 tres
1407 1645 1472 1672 deos
1487 1651 1541 1671 non
1556 1643 1722 1674 invcllimus,
1736 1649 1826 1677 neque

1037 1693 1160 1727 cogimur
1186 1691 1245 1719 sive
1267 1690 1378 1725 proprie
1400 1690 1458 1717 sive
1476 1689 1588 1716 abusive
1610 1694 1824 1720 connutnerare;

1035 1738 1256 1774 quandoquidem
1280 1737 1395 1763 invicem
1424 1734 1647 1763 circuminsessio
1672 1734 1758 1766 adest,
1776 1739 1828 1760 nec

1036 1794 1091 1813 non
1108 1783 1328 1819 inseparabilitas
1348 1787 1375 1809 et
1393 1781 1609 1812 indivisibilitas,
1623 1779 1756 1807 sententia
1772 1785 1826 1806 una

1036 1837 1062 1859 et
1080 1831 1241 1859 deliberatio
1257 1834 1341 1864 atque
1355 1827 1491 1863 operatio,
1508 1831 1533 1854 et
1552 1826 1604 1853 alia
1622 1833 1683 1860 quae
1694 1825 1827 1853 diximus.

1036 1877 1113 1910 Quod
1127 1877 1149 1904 si
1164 1883 1260 1903 rursus
1275 1873 1593 1903 adversenturdicentes,
1605 1870 1652 1899 Dei
1663 1870 1825 1897 vocabulum

1036 1928 1141 1950 natura:
1154 1922 1254 1949 divina:
1267 1919 1479 1956 signiﬁcativum
1497 1925 1550 1944 non
1571 1924 1643 1949 esse,
1667 1916 1714 1944 sed
1731 1922 1828 1950 opera-

1035 1969 1138 2001 tionis;
1152 1966 1343 2002 operationum
1360 1969 1451 1992 autent
1471 1962 1605 1990 vocabula
1631 1959 1826 1989 connumerari

1035 2016 1132 2047 solere,
1142 2013 1225 2041 veluti
1244 2012 1361 2040 dicimus
1386 2015 1441 2038 tres
1461 2009 1596 2040 rhetores,
1614 2011 1642 2034 et
1660 2012 1714 2034 tres
1736 2005 1827 2040 philos

1035 2061 1148 2096 sophos,
1160 2059 1201 2087 vel
1214 2063 1268 2086 tres
1278 2057 1459 2088 architectos;
1473 2062 1522 2081 nos
1532 2054 1575 2081 his
1588 2053 1623 2079 ita
1633 2051 1822 2079 occurrimus:

1036 2095 1101 2134 tunc
1112 2105 1238 2132 videlicet
1252 2102 1441 2137 operationum
1460 2098 1592 2127 vocabula
1621 2095 1825 2127 connumerari,

1035 2160 1097 2180 cttm
1123 2149 1266 2179 sententia!
1297 2147 1453 2175 immutatio
1476 2145 1561 2176 subit,
1580 2147 1608 2170 et
1623 2140 1826 2170 deliberationis

1035 2199 1181 2227 diversitas
1197 2196 1284 2228 adest,
1302 2199 1329 2221 et
1341 2193 1505 2228 perplexitas
1528 2191 1561 2217 de
1574 2190 1612 2217 rei
1628 2189 1761 2224 gestione,
1775 2194 1827 2214 nec

1036 2253 1090 2273 una
1105 2242 1238 2278 operatio,
1248 2241 1294 2268 sed
1310 2240 1415 2266 diversa
1428 2243 1455 2266 et
1470 2238 1594 2271 abrupta.
1611 2235 1639 2262 In
1658 2235 1712 2261 illis
1723 2237 1826 2264 autem,

1036 2298 1153 2327 quorum
1172 2296 1226 2315 una
1242 2286 1364 2322 operatio
1379 2285 1490 2320 physica
1512 2283 1628 2310 indivisa
1650 2285 1703 2311 est.
1719 2286 1825 2314 nequa-

1035 2325 1116 2372 quam
1129 2335 1319 2370 operationum
1335 2333 1468 2360 vocabula
1489 2331 1735 2357 connumerantur.
1755 2325 1825 2358 Quia

1036 2371 1118 2417 ipitur
1135 2378 1407 2416 supersubstantialis
1430 2376 1562 2406 Trinitas,
1586 2374 1612 2400 id
1635 2376 1678 2400 est
1697 2371 1778 2398 Pater
1798 2374 1826 2397 et

1034 2428 1121 2455 Filius
1147 2431 1174 2454 et
1199 2426 1318 2460 Spiritus
1342 2427 1464 2453 sanctus.
1481 2429 1540 2456 qua!
1553 2418 1743 2448 aChristianis
1761 2416 1825 2444 reli-

1036 2475 1113 2510 giose
1127 2478 1153 2500 et
1166 2477 1239 2500 recte
1257 2471 1380 2499 creditur
1394 2474 1474 2504 atque
1486 2468 1626 2499 adcratur,
1642 2473 1724 2492 unam
1744 2463 1825 2490 habet

1035 2508 1242 2554 inseparabilem
1251 2515 1561 2552 operationetn,constat
1573 2511 1706 2547 profecto,
1717 2508 1824 2554 etiamsi

1037 2565 1083 2593 Dei
1096 2553 1263 2592 vocabulum
1279 2561 1448 2597 operationis
1461 2558 1672 2594 signiﬁcativum
1690 2557 1735 2587 sit,
1752 2553 1823 2581 haud

1035 2617 1123 2639 tamen
1141 2612 1193 2637 hac
1219 2610 1246 2636 in
1272 2616 1301 2636 re
1321 2608 1381 2635 fore
1407 2606 1554 2634 obnoxium
1573 2599 1821 2632 connumerationi.

1036 2657 1218 2691 Quamobrem
1247 2655 1384 2682 calumnia
1410 2653 1484 2681 omni
1507 2657 1534 2680 et
1562 2649 1752 2679 criminatione
1773 2653 1820 2672 ex-

1035 2704 1134 2732 celsior
1148 2707 1190 2729 est
1205 2701 1270 2729 ﬁdes
1287 2705 1391 2732 nostra.
1404 2700 1444 2727 uti
1457 2699 1674 2727 demonstratum
1695 2692 1756 2720 fuit.

1069 2749 1114 2775 25.
1135 2747 1284 2775 Possumus
1299 2753 1350 2773 nos
1364 2750 1391 2772 et
1403 2745 1480 2772 aliter
1495 2740 1638 2771 doctrinali
1663 2738 1819 2768 invictaque

1033 2794 1219 2825 distinctione,
1234 2793 1268 2820 de
1282 2789 1510 2820 consubstantiali
1526 2792 1553 2815 et
1566 2790 1662 2814 sancta
1674 2782 1819 2814 Trinitate,

1032 2893 1136 2928 plmrus
1149 2900 1164 2920 a
1177 2891 1357 2928 noblsrcdillts
1374 2889 1402 2917 in
1415 2885 1539 2916 Antirrh.
1553 2892 1572 2917 ι.
1587 2883 1634 2916 l3,
1650 2881 1709 2910 47.¹

1069 2928 1107 2964 (7)
1123 2929 1210 2963 Supra
1223 2927 1275 2956 col.
1298 2925 1361 2953 675.
