2083 3155
261 229 316 262 699

894 227 918 256 Ν
922 227 1041 258 JCET/E
1055 227 1144 257 BYZA
1150 227 1258 258 NTINI

1840 226 1895 257 700

264 289 391 320 tanquam
403 283 476 311 brevi
485 281 596 313 dietato,
605 280 852 309 demonstrationes
862 281 901 309 sic
910 281 1048 316 proferre:

1105 281 1182 316 ἁγίας
1196 281 1322 317 Τριάδσς,
1336 281 1375 313 ὡς
1399 280 1428 308 ἑν
1442 279 1557 316 βραχείᾳ
1582 280 1719 316 ἀπηχήσει
1731 300 1738 312 ,
1753 281 1802 313 τὰς
1826 281 1895 309 ἀπο-

266 331 348 363 Deus,
377 329 510 364 siquidem
536 333 577 355 est
601 335 681 355 verus
704 326 775 354 Deus
797 331 825 355 et
852 328 983 360 creditur,
1011 329 1052 356 vel

263 385 348 404 ttnum
381 375 446 410 quid
493 378 536 401 est
579 378 676 400 natura
717 378 801 408 atque
839 381 971 408 persona;
1010 375 1052 402 vel

264 428 347 448 unum
366 420 458 453 Illique
491 423 598 449 natura.
629 418 675 445 sed
693 418 769 453 plura
799 419 870 453 quod
909 420 1050 447 attinetad

264 474 397 502 personas
429 475 435 492 :
461 466 501 492 vcl
525 465 584 491 vice
616 472 704 497 versa,
729 472 845 499 persona
870 465 979 500 quidem
1007 472 1050 493 est

263 520 360 543 numm,
384 517 482 538 natura
505 516 594 538 autem
626 512 702 545 plura
719 521 725 538 :
742 512 783 538 vel
812 511 930 546 denique
955 517 1052 540 natura

264 562 345 592 atque
371 565 487 592 persona
514 558 601 591 plura.
621 557 672 583 Sed
696 557 757 583 inde
769 558 860 584 statim
876 558 989 592 emergit
1004 559 1053 585 ab-

263 601 404 630 surditas:
423 609 519 636 nempe
528 601 599 636 quod
615 602 665 628 hac
676 602 781 628 ratione
793 609 822 628 se
833 602 924 633 habet,
940 603 1052 638 polyar-

262 648 372 675 chicum
389 651 431 674 est
446 656 453 679 ;
466 647 669 682 polyarchicutn
695 653 797 680 autem,
810 647 970 675 seditiosum
983 657 990 681 ;
1004 649 1053 676 de-

262 694 346 728 nique
359 693 532 725 seditiosum.
549 693 724 720 anarchicum
736 698 778 720 est
795 699 821 721 et
842 694 1028 722 inordinatum
1043 704 1050 722 :

262 744 291 766 at
306 738 503 769 inordinatum.
527 738 638 765 initium
667 744 708 766 est
721 739 927 773 dissolutionis;
941 741 1014 775 quod
1028 741 1052 768 si

263 785 299 812 ita
311 789 365 818 est,
384 785 560 819 corrttptibile
570 793 679 819 quoque
693 790 735 812 est
762 790 789 812 et
803 786 966 820 periturum.
991 786 1050 814 Jam

262 831 286 858 si
313 831 382 858 forte
407 831 443 858 sit
468 838 584 865 persona
609 839 703 863 unum,
725 836 823 859 natura
843 838 932 859 autent
963 833 1050 867 plura.

264 878 316 904 hoc
331 885 440 912 quoque
454 877 603 904 absurdum
625 886 631 904 :
651 885 713 903 nam
725 878 797 912 quod
810 882 853 905 est
863 878 1009 912 ejusmodi,
1024 878 1049 905 id

262 923 443 957 compositum
457 927 510 949 est.
525 922 612 949 Omne
631 922 704 949 enim
720 923 793 957 quod
813 931 847 950 ex
863 923 980 950 diversis
1003 932 1050 950 na-

263 969 332 996 turis
348 975 433 995 unum
447 968 514 1002 quid
531 968 718 1000 constituit,in
735 976 824 995 rerum
837 969 1049 1001 compositarum
1068 959 1089 986 Β

263 1019 337 1041 sorte
363 1013 483 1047 ponitur.
503 1012 588 1040 Porro
627 1013 822 1046 compositum.
848 1013 964 1040 solubile
992 1019 1050 1046 est;

263 1059 427 1086 solutionem
450 1062 540 1085 autem
562 1058 738 1092 subsequitur
767 1059 926 1093 corruptio;
957 1067 1053 1086 corru-

264 1103 387 1138 ptionem
399 1103 502 1138 excipit
515 1103 687 1131 anuihilatio.
698 1103 850 1130 Conﬁcitur
863 1112 927 1137 ergo
942 1110 969 1130 ut
981 1103 1052 1131 Dens

261 1151 450 1186 corruptibilis
477 1151 524 1182 sit.
547 1155 575 1178 et
601 1151 630 1178 in
669 1151 785 1177 nihilum
813 1150 961 1183 deciduus;
992 1158 1053 1184 (tua:

262 1206 372 1226 summa
395 1198 551 1225 absurditas
576 1202 628 1225 est.
656 1197 685 1224 Si
717 1197 800 1231 igitur
821 1197 897 1231 plura
917 1204 978 1224 esse
993 1203 1051 1224 tum

262 1250 360 1272 natura
377 1249 434 1270 tum
458 1251 587 1278 persona.
603 1243 700 1270 falsum
717 1243 907 1276 convincitur;
935 1244 1052 1278 pariter-

261 1298 315 1325 que
331 1298 413 1316 unum
428 1297 490 1316 €850
505 1297 630 1324 persona,
644 1290 720 1325 plura
731 1294 820 1317 autem
834 1295 942 1321 natura.
957 1298 1053 1325 super—

262 1340 305 1362 est
328 1339 358 1362 ut
384 1335 499 1362 duarum
529 1335 745 1370 propositionum
778 1335 864 1362 altera
907 1343 971 1362 vera
1004 1336 1050 1363 sit.

263 1380 291 1407 Si
310 1388 376 1414 ergo
396 1388 479 1406 unum
503 1379 612 1414 quidem
635 1387 696 1407 esse
718 1384 830 1412 natura,
851 1379 928 1414 plura
959 1384 1050 1406 autent

261 1433 390 1460 persona,
405 1432 498 1452 sermo
510 1429 606 1452 noster
617 1432 712 1452 verum
727 1426 891 1459 lirtnnmque
909 1425 1051 1457 ostendet;

262 1475 374 1499 constat
403 1471 508 1505 reliqua
528 1470 595 1498 falsa
619 1471 707 1504 argui.
730 1475 811 1505 atque
828 1471 881 1497 hoc
896 1478 959 1497 vere
987 1470 1050 1497 diei.

263 1515 342 1548 Quod
364 1523 449 1542 unum
463 1515 499 1542 sit
516 1520 625 1546 natura,
642 1515 766 1548 personis
779 1519 868 1542 autem
883 1515 970 1549 plura.
989 1515 1053 1542 hinc

262 1561 292 1588 ﬁt
307 1561 490 1595 exploratum.
509 1560 612 1587 Natura
632 1561 673 1588 vel
688 1568 833 1587 commune
854 1561 918 1595 qttid
939 1565 992 1592 est.
1011 1561 1052 1587 vel

261 1606 430 1640 proprium:
457 1610 486 1632 at.
506 1605 529 1633 si
548 1605 701 1640 proprium,
727 1605 886 1640 singillatim
903 1611 960 1638 est;
978 1605 1050 1640 quod
1065 1624 1088 1656 C

261 1651 285 1679 si
303 1651 474 1685 singillatim,
490 1654 600 1678 atomus
620 1651 745 1685 quaedam
764 1658 807 1677 est
823 1658 829 1676 :
846 1650 918 1685 quod
938 1650 961 1677 si
974 1651 1009 1677 ita
1024 1658 1053 1678 se

263 1697 354 1729 habet,
364 1697 405 1724 vel
421 1704 475 1723 una
488 1701 580 1724 atomo
587 1697 733 1729 exstincta,
747 1704 857 1723 necesse
869 1699 911 1723 est
926 1701 1051 1723 naturam

264 1747 377 1775 quoque
389 1741 471 1767 simul
486 1741 635 1776 exstingui.
653 1741 719 1768 Nam
745 1741 767 1768 si
781 1748 888 1774 eorum,
905 1749 965 1775 qua:
991 1745 1054 1768 sunt

263 1786 370 1819 eadem,
383 1786 545 1814 alterutrum
570 1788 728 1822 perimatur,
746 1795 856 1815 necesse
880 1793 921 1815 est
939 1789 1053 1815 alterum

263 1840 374 1874 quoque
390 1841 441 1860 una
456 1833 562 1868 perimi.
583 1834 630 1861 Sic
639 1841 705 1869 ergo
721 1834 854 1862 moriente
868 1833 971 1870 Moyse,
987 1842 1054 1861 con-

263 1879 373 1913 tigisset
399 1879 546 1906 humanam
567 1885 693 1908 naturam
715 1880 796 1907 mori.
814 1880 897 1914 Atqui
924 1880 1054 1907 rnoriente

263 1923 367 1959 Moyse.
393 1931 449 1951 non
475 1923 526 1951 iuit
543 1924 686 1952 imminuta
709 1930 816 1953 natura.
847 1924 907 1952 Non
934 1931 1054 1960 estergo

262 1969 409 2004 singularis
419 1975 526 1998 natura.
551 1970 629 2004 Quod
656 1971 678 1998 si
701 1971 848 2006 singularis
863 1980 916 1999 non
940 1975 982 1999 est
1005 1979 1054 1999 na-

263 2020 334 2048 tura,
352 2023 385 2043 ne
402 2016 512 2051 propria
542 2017 652 2051 quidem
678 2021 731 2050 est,
751 2017 815 2052 quia
834 2017 972 2052 proprium
1003 2017 1056 2045 tale

263 2066 314 2089 εει.

298 2105 344 2134 24.
361 2105 393 2134 Et.
422 2106 511 2134 aliter.
530 2105 558 2134 Si
575 2111 672 2134 natura
688 2114 731 2134 res
748 2107 859 2141 propria
876 2111 929 2138 est,
943 2111 1054 2142 oportet

264 2160 326 2180 eam
353 2153 387 2180 de
419 2160 476 2180 uno
496 2152 686 2180 tantummodo
716 2153 859 2187 praedicari
887 2162 894 2180 :
923 2154 998 2188 atqui
1021 2154 1055 2181 de

263 2198 392 2233 pluribus
408 2199 584 2233 praedicatur.
600 2199 682 2226 veluti
708 2199 811 2226 animal
835 2199 966 2226 rationale
982 2207 1055 2226 mor-

265 2244 329 2276 tale,
342 2245 376 2272 de
392 2244 481 2277 Petro.
495 2245 529 2272 de
546 2244 642 2278 Paulo,
653 2246 685 2271 tle
699 2245 815 2277 Thoma,
828 2251 855 2272 et
884 2246 917 2272 de
933 2245 1054 2273 homini-

1104 327 1201 361 δείξεις
1213 327 1262 354 καὶ
1275 323 1326 354 ὧδε
1342 327 1482 361 παριστᾷν
1495 333 1501 340 ·
1527 325 1556 353 '0
1567 326 1647 358 Θεὸς,
1661 326 1743 361 εἴπερ
1754 327 1812 354 ἐστὶ
1828 328 1892 360 Θεὸς

1103 373 1231 408 ἀληθινὸς
1248 373 1297 400 καὶ
1312 372 1481 404 πιστεύεται,
1498 372 1557 407 ἦτοι
1569 369 1609 404 εἷς
1620 373 1678 398 ὲστι
1697 373 1730 407 τῇ
1749 373 1829 406 φύσει
1848 375 1895 400 καὶ

1103 421 1136 454 τῇ
1152 419 1320 446 ὑποστάσει·
1339 418 1357 454 ἢ
1375 415 1415 450 εἷς
1436 418 1486 453 μὲν
1501 419 1534 454 τῇ
1556 418 1652 452 φύσει,
1678 418 1764 444 πολλὰ
1784 418 1813 445 δὲ
1834 420 1895 450 ταῖς

1103 465 1286 492 ὑποστάσεσιν
1297 473 1304 480 ·
1319 464 1335 499 ἢ
1348 465 1378 490 τὺ
1391 464 1538 495 ἀνάπαλιν,
1554 465 1587 499 τῇ
1607 464 1657 498 μὲν
1677 464 1829 490 ὑποστάσει
1852 465 1893 496 ἓν,

1103 512 1135 546 τῇ
1155 511 1183 537 δὲ
1204 511 1285 544 φύσει
1303 510 1401 541 πολλὰ,
1418 510 1433 544 ἦ
1453 509 1499 536 καὶ
1519 511 1552 545 τῇ
1569 509 1648 543 φύσει
1666 510 1713 536 καὶ
1723 511 1756 544 τῇ
1775 510 1896 536 ὑποστά-

1104 565 1146 583 σει
1173 556 1274 583 πολλὰ·
1303 556 1360 582 ἀλλ’
1373 557 1397 582 ει
1422 555 1471 590 μὲν
1487 557 1520 590 τῇ
1537 555 1616 590 φύσει
1631 556 1678 581 καὶ
1693 557 1726 590 τῇ
1746 555 1894 582 ὑποστάσει

1104 601 1199 633 πολλὰ,
1212 601 1343 636 πρόδηλον
1355 601 1386 628 τὸ
1404 602 1504 628 ἄτοπον
1516 609 1524 616 ·
1536 601 1567 628 τὺ
1582 601 1631 636 μὲν
1646 601 1701 636 γὰρ
1713 600 1800 632 οὕτως
1812 599 1893 634 εἶναι,

1103 648 1258 682 πολύαρχον
1270 649 1328 674 ἐστι
1338 656 1346 663 ·
1364 648 1395 674 τδ
1413 648 1442 673 δὲ
1458 647 1623 683 πολύαρχον,
1643 647 1791 678 στασιῶδες
1803 655 1810 663 ·
1824 647 1854 673 τὸ
1866 647 1894 673 δὲ

1105 694 1263 724 στασιῶδες,
1280 693 1398 728 ἄναρχον
1409 694 1467 720 ἐστι
1478 694 1524 720 καὶ
1539 694 1670 720 ἄτακτον·
1683 693 1751 719 τὸδὲ
1764 693 1892 723 ἄτακτον,

1103 738 1175 774 ἁρχὴ
1194 739 1315 770 λύσεως·
1342 740 1366 764 ει
1389 738 1417 764 δὲ
1439 738 1538 771 τοῦτο,
1568 739 1615 765 καὶ
1642 737 1822 773 φθειρόμενον
1848 738 1895 764 καὶ

1103 783 1291 819 ἀπολλύμενον
1304 792 1311 800 ·
1330 785 1354 810 si
1369 784 1392 810 δ’
1407 782 1441 811 αὖ
1455 785 1488 819 τῇ
1505 784 1653 810 ὑποστάσει
1668 783 1707 815 ἓν,
1724 785 1755 818 τῇ
1772 783 1800 809 δὲ
1814 784 1895 818 φύσει

1103 829 1199 861 πολλὰ,
1215 830 1261 856 καὶ
1276 829 1361 860 οὕτως
1375 830 1491 856 ἄτοπον·
1504 829 1551 855 καὶ
1564 829 1618 863 γὰρ
1629 828 1661 855 τδ
1668 828 1800 860 τοιοῦτον,
1812 829 1896 862 ἀναγ-

1103 875 1190 906 καίως
1207 875 1336 902 σύνθετόν
1352 877 1410 901 ἐστι
1421 884 1427 890 ·
1451 875 1499 901 καὶ
1513 875 1568 910 γὰρ
1583 875 1656 901 ἅπαν
1671 874 1702 901 τὸ
1716 875 1749 901 ὲκ
1759 874 1896 910 διαφόρων

1104 922 1213 957 φύσεων
1228 922 1256 948 ἓν
1282 930 1310 948 τι
1334 921 1553 957 καθιστάμενον,
1571 923 1600 948 ὲν
1623 923 1658 957 τῇ
1679 921 1734 947 τῶν
1759 921 1896 948 συνθέτων

1105 971 1187 1007 μοίρᾳ
1203 972 1333 998 τέτακται
1345 980 1351 986 ·
1370 971 1401 998 τὸ
1416 970 1446 998 δὲ
1467 970 1610 1002 σύνθετον,
1627 970 1754 997 διαλυτόν
1770 970 1828 996 ἐστι
1839 977 1846 983 ·
1862 971 1894 1004 τῇ

1103 1016 1132 1043 δὲ
1151 1015 1272 1042 διαλύσει
1294 1017 1390 1043 ἕπεται
1418 1015 1526 1052 φθορά·
1553 1016 1641 1050 φθορᾷ
1667 1015 1694 1042 δὲ
1718 1015 1750 1041 τὸ
1776 1015 1813 1050 μὴ
1845 1015 1895 1041 ὃν·

1105 1062 1252 1095 συνάγεται
1264 1061 1318 1097 ἄρα
1338 1062 1378 1088 ὅτι
1391 1063 1404 1088 ό
1423 1061 1489 1093 Θεδς
1506 1061 1626 1096 φθαρτὸς
1642 1061 1702 1087 ἐστι
1716 1060 1764 1087 καὶ
1793 1061 1831 1095 μὴ
1858 1059 1896 1086 ὢν

1104 1107 1172 1144 [εοά.
1190 1107 1208 1134 2
1226 1117 1306 1135 manu
1332 1108 1384 1144 6v].
1407 1109 1475 1144 ὅπερ
1511 1107 1699 1134 ἀτοπώτατον.
1723 1107 1754 1133 El
1788 1105 1835 1134 οὖν
1865 1106 1897 1133 τὸ

1104 1153 1190 1180 πολλὰ
1206 1155 1240 1188 τῇ
1254 1153 1335 1187 φύσει
1351 1154 1399 1180 καὶ
1413 1154 1445 1188 τῇ
1459 1153 1607 1179 ὑποστάσει
1620 1152 1791 1186 ἑλήλεγκται,
1807 1151 1896 1178 ὡσαύ-

1103 1207 1158 1229 τως
1186 1200 1234 1225 καὶ
1258 1200 1288 1225 τὸ
1305 1198 1334 1225 ἓν
1349 1200 1383 1234 τῇ
1411 1199 1571 1230 ὑποστάσει,
1592 1198 1678 1224 πολλὰ
1693 1197 1722 1224 δὲ
1749 1199 1783 1232 τῇ
1804 1197 1895 1231 φύσει,

1103 1243 1228 1271 λείπεται
1238 1245 1294 1271 τῶν
1314 1244 1362 1271 δύο
1375 1244 1531 1271 ὑποθέσεων
1542 1244 1593 1279 τὴν
1605 1244 1702 1279 ἑτέραν
1717 1243 1804 1278 ἁληοῆ
1816 1241 1896 1270 εἶναι.

1105 1291 1135 1317 El.
1155 1288 1202 1317 οὖν
1221 1290 1298 1317 τὸὲν
1332 1290 1381 1324 μὲν
1406 1292 1440 1326 τῇ
1471 1290 1562 1325 φύσει,
1588 1290 1674 1317 πολλὰ
1698 1289 1727 1316 δὲ
1749 1289 1896 1316 ὑποστάσει

1103 1336 1186 1369 δείξει
1202 1336 1217 1363 ὀ
1230 1337 1309 1371 λόγος
1326 1337 1426 1372 ἀληθές
1440 1345 1471 1363 τε
1495 1337 1543 1363 καὶ
1572 1336 1692 1371 βέσαιον,
1711 1336 1828 1370 φανερὸν
1855 1336 1897 1362 ὃτι

1103 1381 1152 1407 καὶ
1165 1381 1196 1407 τὸ
1213 1381 1307 1407 λοιπὸν
1329 1381 1584 1417 συναπελήλεγκται
1593 1389 1601 1396 ·
1619 1381 1668 1408 καὶ
1681 1382 1722 1407 ὅτι
1736 1380 1817 1407 τοῦτο
1830 1380 1897 1415 ἁλη-

1104 1425 1160 1459 Θὲς,
1173 1426 1204 1453 τὺ
1215 1426 1244 1453 ἐν
1259 1426 1310 1460 μὲν
1320 1428 1352 1462 τῇ
1374 1426 1466 1461 φύσει,
1487 1428 1546 1458 ταῖς
1563 1427 1592 1453 δέ
1609 1427 1775 1453 ὑποστάσεσι
1800 1426 1896 1458 πολλὰ,

1104 1472 1229 1499 ὲντεῦθεν
1250 1473 1329 1508 δῆλον
1343 1481 1351 1488 ·
1386 1473 1418 1500 'H
1435 1473 1517 1507 φύσις
1545 1474 1606 1508 ἦτοι
1629 1473 1720 1499 κοινόν
1745 1480 1772 1498 τι
1800 1473 1898 1508 χρῆμά

1103 1518 1188 1549 ἐστιν,
1204 1518 1220 1553 ἢ
1235 1519 1300 1545 ῐδιον
1311 1526 1317 1533 ·
1336 1519 1392 1545 ἀλλ’
1406 1520 1430 1545 εἰ
1446 1519 1496 1553 μὲν
1509 1519 1586 1550 ἴδιον,
1611 1518 1672 1545 καθ’
1687 1518 1793 1545 ἕκαστά
1804 1519 1878 1545 ἔστιν
1888 1527 1896 1535 ο

1103 1564 1128 1589 sl
1141 1563 1168 1590 δὲ
1185 1563 1247 1590 καθ’
1271 1563 1387 1596 ἕκαστα,
1410 1566 1457 1591 καὶ
1474 1565 1593 1599 ἄτομον·
1609 1564 1758 1597 συνάγεται
1780 1565 1835 1599 ἄρα
1855 1565 1898 1591 ὅτι

1103 1610 1120 1644 ὴ
1133 1608 1214 1643 φύσις
1226 1609 1328 1645 ἄτομον
1347 1612 1421 1637 ἐστιν
1433 1619 1440 1626 ”
1462 1611 1487 1637 ει
1500 1611 1528 1637 δὲ
1547 1611 1637 1642 τοῦτο,
1652 1610 1703 1636 καὶ
1722 1611 1781 1642 ἑνὸς
1795 1611 1898 1645 ἀτόμου

1105 1656 1309 1690 ἀναιρεθέντος,
1324 1656 1433 1691 ἀνάγκη
1449 1657 1496 1683 καὶ
1504 1657 1553 1692 τὴν
1568 1655 1650 1691 φύσιν
1664 1657 1897 1691 ωναναιρεῖσθαν

1105 1701 1160 1727 τῶν
1173 1701 1228 1736 γὰρ
1240 1702 1348 1728 ταυτῶν
1363 1702 1412 1729 ἐὰν
1432 1702 1547 1737 θάτερον
1564 1702 1709 1737 ἀναιρεθῇ,
1727 1703 1835 1737 ἀνάγκη
1851 1703 1898 1729 καὶ

1105 1746 1219 1782 θάτερον
1242 1748 1479 1783 ωναναιρεῖσοαι·
1504 1748 1603 1775 οὐκοῦν
1626 1748 1768 1780 Μωῦσέως
1789 1749 1901 1782 ἀναιρε-

1106 1791 1208 1825 θέντος,
1239 1793 1386 1828 συμϐαίνει
1410 1795 1461 1829 τὴν
1480 1793 1656 1828 ἀνθρωπίνην
1679 1794 1760 1827 φύσιν
1777 1794 1898 1828 ἀναιρεῖ-

1106 1836 1186 1863 σοαι·
1207 1837 1275 1864 ἀλλὰ
1301 1838 1354 1872 μὴν
1379 1839 1520 1870 Μωῦσέως
1547 1838 1781 1874 ἁναιρεθέντος,ή
1816 1838 1898 1872 φύσις

1105 1882 1242 1917 ἀμείωτός
1260 1883 1352 1910 ἐστιν·
1368 1884 1420 1910 οὐκ
1434 1884 1489 1918 ἄρα
1508 1883 1564 1910 τῶν
1589 1883 1650 1910 καθ’
1662 1884 1767 1910 ἕκαστά
1785 1884 1860 1910 ἐστιν
1879 1885 1895 1918 ἡ

1106 1928 1204 1962 φύσις*
1222 1928 1287 1955 εἰδὲ
1304 1929 1342 1964 μὴ
1363 1929 1420 1956 τῶν
1438 1929 1605 1962 καοὲκαστα,
1623 1929 1683 1956 οὐδὲ
1709 1929 1784 1962 ἴδιον,
1805 1929 1850 1956 διὰ
1867 1929 1898 1955 τὸ

1106 1974 1172 2000 [διον
1188 1975 1307 2001 τοιοῦτον
1322 1973 1403 2002 εἶναι.

1143 2111 1190 2140 κδ’.
1208 2113 1262 2139 Καὶ
1277 2112 1364 2142 ἄλλως
1375 2120 1383 2128 ·
1402 2111 1433 2138 Et
1448 2111 1496 2138 οὖν
1509 2111 1525 2146 ἡ
1538 2110 1620 2145 φύσις
1634 2110 1701 2138 ἴδιόν
1714 2111 1774 2137 ἐστι
1790 2110 1897 2146 χρῆμα,

1105 2160 1211 2194 ἀνάγκη
1234 2159 1295 2185 καθ’
1311 2158 1370 2189 ἑνὸς
1389 2158 1472 2192 μόνου
1494 2157 1726 2192 κατηγορεῖσθαι·
1751 2156 1819 2183 ἀλλὰ
1844 2156 1899 2191 μὴν

1106 2206 1177 2232 κατὰ
1200 2205 1333 2232 πλειόνων
1349 2205 1558 2240 κατηγορεῖται,
1576 2204 1615 2236 ὡς
1643 2205 1674 2230 τὺ
1690 2204 1760 2236 ζῶον
1787 2203 1899 2237 λογικὸν

1106 2251 1212 2286 Θνητδν,
1231 2250 1302 2277 κατὰ
1319 2250 1424 2285 Πέτρου
1441 2249 1490 2276 καὶ
1504 2249 1611 2276 Παύλου
1627 2249 1675 2275 καὶ
1689 2249 1777 2283 Θωμᾶ.
1789 2249 1836 2275 καὶ
1851 2248 1898 2274 τοῦ

266 2290 320 2318 bus
331 2291 447 2326 singulis
461 2299 467 2316 :
482 2299 537 2317 non
551 2296 592 2318 est
603 2299 669 2326 ergo
684 2292 793 2326 propria
808 2299 851 2318 res
866 2291 953 2325 :quod
966 2292 988 2318 si
1000 2299 1054 2318 non

1107 2297 1167 2324 καθ’
1187 2297 1302 2323 ἕκαστον
1327 2295 1489 2331 ἀνθρώπουο
1512 2296 1563 2321 οὐκ
1582 2296 1636 2330 ἄρα
1656 2295 1722 2322 ἴδιόν
1752 2303 1780 2321 τι
1803 2294 1899 2329 χρῆμά

268 2337 390 2371 propria.
407 2345 471 2371 ergo
487 2338 655 2365 communis.
670 2337 734 2364 Item
759 2338 846 2364 aliter.
865 2337 894 2364 Si
916 2345 980 2371 ergo
1004 2345 1054 2364 na-

269 2387 330 2409 tura
347 2391 390 2409 res
405 2383 515 2417 propria
530 2388 572 2410 est
586 2391 593 2416 ;
609 2388 636 2410 et
650 2390 765 2418 persona
787 2383 889 2417 pariter
916 2383 1054 2418 proprium

265 2429 332 2464 quid
346 2434 404 2462 est;
421 2429 503 2456 habet
523 2434 615 2456 autem
631 2433 727 2456 natura
744 2437 887 2463 personas.
900 2429 934 2456 de
955 2429 1055 2464 quibus

265 2475 478 2510 pronuntiatur;
512 2475 696 2509 comperietur
732 2476 826 2510 utique
865 2475 906 2502 rei
939 2475 1056 2510 propriae

263 2527 326 2548 esse
342 2520 408 2555 quid
420 2521 559 2556 propriutn
572 2530 580 2552 ;
596 2521 668 2555 quod
693 2528 790 2556 reapse
815 2520 932 2548 inveniri
949 2520 1054 2555 nequit.

263 2566 324 2594 Non
339 2571 382 2594 est
395 2575 460 2602 ergo
477 2566 542 2602 quid
559 2566 723 2602 proprium;
743 2567 816 2602 quod
835 2567 857 2594 si
884 2573 1054 2601 nequaquam

264 2613 416 2647 propriutn,
426 2621 571 2641 commune
579 2618 631 2642 est.
642 2614 739 2642 Adhuc
746 2614 834 2641 aliter.
849 2613 876 2640 Si
886 2613 969 2648 igitur
980 2620 1056 2640 com-

265 2664 349 2685 mune
365 2658 430 2693 quid
440 2663 483 2686 est
495 2663 521 2685 et
533 2659 697 2692 universale,
714 2660 787 2694 quod
798 2659 831 2686 de
847 2658 972 2693 pluribus
987 2666 1056 2692 prte-

265 2703 391 2736 dicatur;
405 2708 502 2731 natura
515 2709 606 2732 autem
615 2705 652 2733 ita
665 2713 695 2734 se
710 2706 812 2738 habet;
827 2704 953 2740 sequitur
965 2709 995 2731 ut
1008 2713 1057 2731 na—

268 2752 329 2775 tura
349 2755 493 2776 commune
508 2750 610 2784 aliquid
626 2751 662 2778 sit
678 2755 706 2778 et
721 2751 885 2778 universale.
901 2750 970 2783 Quia
992 2757 1057 2784 ergo

267 2795 538 2828 supersubstantialis
558 2801 585 2824 et
609 2798 739 2830 iuereata,
755 2801 782 2824 et
803 2805 856 2824 non
889 2796 958 2824 facta
992 2796 1058 2823 sub-

268 2839 370 2866 stantia
390 2845 433 2867 est
452 2840 544 2868 divina
572 2847 679 2873 natura.
703 2847 814 2876 apparet
838 2842 924 2876 ipsam
949 2849 1058 2877 quoque

271 2891 333 2912 esse
342 2893 487 2914 commune
501 2887 606 2922 aliquid
621 2893 648 2916 et
660 2889 815 2916 universale
827 2897 833 2921 ;
855 2890 983 2924 quoniatn
1000 2890 1057 2923 jam

273 2930 443 2958 ostendimus
469 2937 594 2961 naturam
621 2942 682 2962 csse
713 2942 859 2962 commune
895 2934 997 2970 aliquid
1033 2940 1060 2963 ct

1106 2343 1180 2369 ἐστιν
1190 2350 1197 2356 ·
1212 2342 1236 2368 εἰ
1248 2341 1277 2367 δὲ
1290 2340 1326 2376 μὴ
1340 2340 1415 2371 ἴδιον,
1433 2341 1522 2366 κοινόν
1542 2341 1627 2367 ἐστιν.
1654 2340 1708 2366 Καὶ
1734 2339 1822 2370 ἄλλως
1837 2347 1844 2353 ·
1868 2339 1900 2364 El

1106 2385 1153 2415 οὖν
1168 2388 1250 2421 φύσις
1269 2387 1363 2421 χρῆμα
1378 2386 1442 2412 ἴδιόν
1457 2387 1544 2418 ἐστιν,
1559 2386 1618 2412 εστι
1636 2386 1665 2412 δὲ
1682 2386 1730 2412 καὶ
1747 2387 1762 2420 ἡ
1780 2384 1899 2411 ὑπόστα-

1107 2441 1148 2464 σις
1167 2432 1231 2458 ῐδιόν
1246 2441 1271 2457 τι
1287 2433 1392 2466 χρῆμα,
1407 2432 1464 2465 ἔχει
1477 2431 1506 2457 δὲ
1519 2432 1535 2465 ἠ
1552 2430 1634 2465 φύσις
1645 2431 1822 2461 ὑποστάσεις,
1837 2429 1899 2456 καθ’

1107 2473 1144 2503 ὦν
1163 2476 1281 2509 λέγεται,
1308 2476 1488 2510 εὑρεθήσεται
1504 2475 1560 2511 ἄρα
1585 2475 1632 2501 τοῦ
1663 2474 1729 2501 ιδίου
1757 2474 1899 2509 χρήματος

1108 2522 1174 2549 ἴδιόν
1184 2530 1211 2549 τι
1226 2520 1308 2554 εἶναι,
1319 2522 1388 2556 ὅπερ
1399 2522 1449 2556 οὺχ
1462 2521 1577 2556 εὓρηται
1586 2529 1592 2535 ·
1607 2520 1658 2547 οὐκ
1670 2521 1724 2555 ἄρα
1736 2519 1801 2546 ἴδιόν
1813 2520 1898 2545 ἐστιν·

1106 2569 1131 2594 εἰ
1153 2568 1181 2594 δὲ
1198 2568 1235 2603 μὴ
1256 2567 1321 2594 ἴδιόν
1339 2569 1424 2598 ἐστιν,
1441 2567 1531 2594 κοινόν
1555 2568 1639 2593 ἐστιν.
1662 2567 1717 2593 Καὶ
1737 2566 1845 2597 ἄλλως·
1867 2565 1899 2592 El

1107 2612 1153 2640 οὖν
1176 2614 1264 2640 κοινόν
1288 2615 1346 2640 ἐστι
1367 2614 1415 2640 καὶ
1439 2612 1585 2639 καθολικόν
1611 2621 1637 2638 τι
1653 2612 1748 2647 χρῆμα
1772 2611 1803 2638 τὸ
1826 2610 1898 2637 κατὰ

1108 2660 1239 2686 πλειόνων
1256 2659 1480 2694 κατηγορεῖσθαι,
1499 2659 1516 2694 ἡ
1538 2659 1567 2685 δὲ
1594 2658 1675 2692 φύσις
1691 2657 1771 2684 τοῦτο
1795 2657 1863 2692 ἔχει,
1879 2658 1896 2691 ἡ

1109 2709 1189 2741 φύσις
1204 2706 1258 2742 ἄρα
1284 2706 1374 2732 κοινόν
1395 2714 1423 2731 τι
1444 2705 1492 2732 καὶ
1517 2704 1662 2732 καθολικόν
1682 2705 1741 2730 ἐστι
1769 2703 1898 2738 πρᾶγμα.

1115 2753 1190 2780 Ἐπεὶ
1207 2752 1254 2779 οὖν
1272 2753 1288 2787 ὴ
1307 2751 1469 2786 ὑπεροὺσιος
1489 2752 1536 2778 καὶ
1559 2750 1686 2781 ἄκτιστος
1707 2749 1755 2776 καὶ
1766 2749 1901 2783 ἀγένητος

1109 2796 1188 2824 οὐσία
1201 2796 1283 2830 φύσις
1298 2804 1341 2827 τις
1357 2795 1418 2821 Θεία
1430 2795 1515 2827 ἐστὶν,
1527 2794 1606 2828 δῆλον
1618 2795 1660 2820 ὁτι
1675 2795 1720 2820 καὶ
1729 2793 1798 2828 αὑτὴ
1811 2793 1900 2819 κοινόν

1109 2851 1135 2868 τι
1155 2842 1200 2868 καὶ
1217 2841 1361 2868 καθολιγόν
1376 2842 1434 2867 ἐστι
1450 2841 1576 2876 πρᾶγμα,
1591 2839 1636 2865 διὰ
1650 2839 1679 2866 τὸ
1695 2838 1829 2873 δεδεῖχθαι
1849 2837 1900 2870 τὴν

1111 2887 1193 2921 φύσιν
1209 2887 1297 2912 κοινόν
1312 2895 1338 2912 τι
1350 2887 1398 2912 καὶ
1420 2885 1564 2912 καθολικδν
1581 2883 1649 2912 εἶναι
1664 2884 1792 2919 πρᾶγμα.
1807 2884 1838 2910 El
1853 2880 1900 2909 οὖν

1109 2934 1126 2968 ἡ
1142 2932 1201 2960 θεία
1222 2932 1269 2959 καὶ
1286 2931 1411 2967 μακαρία
1428 2931 1513 2966 φύσις
1539 2930 1628 2958 κοινόν
1651 2938 1679 2957 τι
1693 2930 1741 2957 καὶ
1756 2928 1901 2957 καθολικόν
