2083 3155
163 213 213 246 τοι

722 216 939 247 REFUTATIO
957 216 1198 246 MAHOMEDIS.

1747 216 1802 247 702

162 272 222 298 ἐστι
235 270 364 306 πρᾶγμα.
384 269 423 302 ὡς
439 271 487 297 καὶ
501 271 571 306 αὑτὴ
596 271 678 305 φύσις
703 281 745 304 τις
772 273 850 306 οὖσα,
877 273 908 298 τὸ
924 272 952 298 δὲ

1020 271 1169 300 πηίνειοεσιε.
1180 274 1275 308 ltaque
1284 272 1306 300 si
1313 272 1404 299 divina
1413 272 1547 307 beataque
1553 276 1649 299 natura
1657 279 1803 301 commune

164 316 254 343 κοινόν
269 324 296 342 τι
312 317 418 351 χρῆμα,
434 316 483 351 οὐχ
504 318 563 349 ἑνός
577 318 634 344 ἐστι
651 319 751 350 κοινὸν,
771 318 867 353 ὥσπερ
881 319 897 352 ἡ
908 317 955 343 τοῦ

165 362 283 396 ἀγγέλου
299 362 347 389 καὶ
370 362 516 398 ἀνθρώπου
537 363 629 397 φύσις,
654 364 703 399 οὐχ
719 365 778 395 ἑνός
795 365 868 390 ἐστιν
888 363 957 390 ἀλλὰ

167 409 298 436 πλειόνων
308 417 316 424 ·
328 408 460 441 ὡσαύτως
474 409 503 435 δὲ
527 410 575 437 καὶ
589 411 619 436 τὸ
632 410 778 437 καθολικὸν
796 411 914 446 πρᾶγμα.
927 410 958 436 τὸ

166 456 237 482 κατὰ
247 455 380 482 πλειόνων
391 455 548 490 λεγόμενον,
559 456 596 487 ὡς
608 457 636 482 αἱ
647 457 756 491 λογικαὶ
767 456 958 491 διαγορεύουσι

168 503 289 539 μέθοδοι,
306 503 424 538 φανερὸν
441 503 495 539 ἄρα
510 504 552 530 ὅτι
573 504 620 530 καὶ
636 504 697 530 θεία
722 504 803 538 φύσις
825 503 957 530 πλειόνων

166 550 243 576 ἐστιν
257 558 264 564 ·
282 549 362 585 εἴπερ
380 549 469 576 κοινόν
483 558 508 576 τι
521 550 569 576 καὶ
585 550 729 577 καθολικὴν
743 550 862 585 πρᾶγμά
878 551 936 576 ἐστι
949 558 957 566 ⁸

165 595 245 622 τοῦτο
262 596 315 630 γὰρ
329 595 514 630 ὡμολόγηται.

201 642 249 670 κε’.
272 643 303 669 Εἰ
316 641 363 670 οὖν
376 644 392 678 ὴ
406 642 466 669 θεία
481 643 561 677 φύσις
576 643 707 669 πλειόνων
719 643 802 676 ἐστὶν,
816 642 854 674 ὡς
869 643 960 669 κοινόν

167 697 193 715 τι
208 689 256 716 καὶ
271 688 417 715 καθολικὸν
431 689 559 724 πρᾶγμα.
572 689 675 724 ἑκάστη
695 689 724 715 δὲ
741 688 821 723 φύσις
839 689 915 724 κοινή
929 697 960 715 τε

168 735 214 761 καὶ
222 735 353 770 καθολικὴ
368 735 445 767 οὖσα,
457 737 506 762 οὐκ
517 735 597 762 ἄλλου
608 735 680 766 τινός
694 736 752 762 ἐστι
765 735 852 770 κοινὴ,
870 735 928 761 ἀλλ’
942 735 960 770 ἢ

168 781 222 807 τῶν
236 781 266 807 ὲν
278 778 318 812 οἷς
333 780 477 816 Θεωρεῑται
490 781 538 807 καὶ
555 778 592 808 ὧν
609 783 813 817 κατηγορεῖται,
827 781 915 808 ταῦτα
931 781 962 808 δὲ

170 827 204 854 ἂν
221 825 276 853 εἷεν
290 828 318 853 αἱ
332 828 431 853 οἰκεῖαι
450 827 624 859 ὑποστάσεις,
651 828 796 861 συνάγεται
814 827 869 863 ἄρα
884 827 925 854 ὅτι
943 828 960 862 ἡ

169 873 229 899 θεία
243 872 324 906 φύσις
349 873 426 908 κοινὴ
448 871 531 903 οὖσα,
550 873 682 900 πλειόνων
699 873 876 900 ὑποστάσεων
896 881 962 899 x11—

167 921 321 954 ηγορεῐται,
337 919 386 945 καὶ
396 919 424 944 ὲν
440 918 546 945 πλείοσι
561 919 714 954 θεωρεῖται·
730 920 798 954 ὅπερ
810 919 883 945 ἐστὶν
897 918 962 953 άλη-

170 965 252 996 θινὸν,
269 966 315 991 καὶ
328 965 390 995 ταῖς
411 965 563 998 Γραφικαῖς
581 965 695 996 ἐννοίαις
716 965 840 1000 συνᾷδον.
869 965 900 990 El
913 963 960 991 οὖν

168 1010 199 1036 ἓν
215 1011 263 1045 μὲν
271 1012 303 1045 τῇ
316 1010 407 1045 φύσει,
422 1010 506 1037 πολλὰ
520 1010 548 1036 δὲ
559 1012 618 1042 ταῖς
634 1010 773 1046 ἰδιότησιν.
788 1010 832 1046 ἣτ’
846 1008 893 1037 οὖν
904 1011 965 1042 ταῖς

171 1057 363 1087 ὑποστάσεσιν,
381 1058 395 1083 ὀ
413 1057 492 1091 λόγος
508 1056 608 1088 ἔδειξεν
632 1057 742 1091 ἀληθὲς,
768 1055 886 1090 φανερὸν
910 1057 964 1090 ἄρα

169 1105 209 1130 ὅτι
227 1104 257 1131 τὸ
268 1104 297 1130 ἓν
312 1105 361 1138 μὲν
376 1105 408 1139 τῇ
422 1103 502 1138 φύσει
525 1104 573 1129 καὶ
590 1104 623 1138 τῇ
640 1103 790 1130 ὑποστάσει
811 1101 966 1136 ἁπελήλεγ-

170 1158 248 1177 κται”
266 1152 290 1177 ei
307 1151 335 1177 δὲ
353 1151 368 1186 ἡ
384 1150 443 1177 θεία
467 1150 514 1177 καὶ
533 1150 656 1185 μακαρία
677 1149 758 1184 φύσις
777 1150 810 1184 τῇ
826 1148 907 1183 φύσει
923 1148 963 1180 ἓν,

171 1197 256 1223 πολλὰ
270 1196 299 1223 δὲ
314 1197 375 1228 ταῖς
390 1196 573 1223 ὑποστάσεσιν
586 1196 615 1222 ἐν
630 1192 673 1226 αἷς
690 1195 833 1230 θεωρεῖται
854 1194 892 1226 ὡς
909 1203 966 1221 κοι-

171 1243 217 1270 νίν
227 1251 253 1269 τι
266 1243 312 1269 καὶ
324 1242 470 1269 καθολικὺν
486 1242 602 1277 πρᾶγμα
612 1239 689 1273 οὖσα,
701 1240 926 1275 ὑπεραναϐἐὸηκε
937 1239 966 1266 δὲ

172 1289 263 1323 πάσης
274 1289 388 1323 κτιστῆς
401 1290 519 1322 φύσεως,
536 1288 583 1314 καὶ
598 1287 699 1322 μᾶλλον
715 1287 754 1321 τῷ
770 1287 808 1313 ὲνὶ
827 1294 967 1321 χαρακτη-

172 1335 314 1371 ριζομένη.
341 1336 414 1372 ἢπερ
435 1336 464 1362 ὲν
488 1336 544 1366 τοῖς
560 1334 700 1360 πλείοοίν⁹
718 1333 765 1360 καὶ
780 1333 836 1367 γὰρ
851 1331 967 1368 βραχεῖά

173 1390 231 1414 πως
245 1382 293 1409 καὶ
307 1382 417 1418 ἀμυδρά
428 1383 457 1408 ἐν
471 1381 509 1416 τῷ
525 1380 584 1416 Θεῷ
601 1381 734 1415 διαφορά·
749 1379 779 1406 ἓν
790 1379 819 1405 δὲ
831 1379 878 1405 καὶ
898 1386 964 1404 ταυ-

173 1427 265 1463 τότης,
276 1427 349 1454 κατὰ
361 1427 450 1454 πάντα
465 1426 693 1462 ἀπαραλλάκτως,
705 1425 775 1460 πλὴν
790 1424 836 1451 τοῦ
853 1424 968 1458 ἀγεννή-

174 1481 221 1499 του
247 1473 296 1499 καὶ
321 1473 453 1507 γεννητοῦ
473 1471 583 1498 καὶτοῦ
597 1470 782 1506 ἑκπορευτοῦ⁴
801 1471 830 1497 ὲν
858 1470 886 1496 δὲ
911 1471 968 1501 τοῖς

176 1519 321 1554 κτίσμασιν
333 1518 468 1546 ἀνάπαλιν
481 1518 565 1553 πολλὴ
584 1518 632 1552 μὲν
645 1517 783 1551 ἑτερότης,
795 1516 926 1550 ταυτότης
939 1516 968 1542 δὲ

175 1564 263 1598 ὀλίγη·
277 1563 395 1598 φανερὸν
407 1563 448 1589 ὅτι
458 1563 507 1589 καὶ
522 1563 550 1589 αἱ
564 1562 686 1592 πλείονες
702 1561 867 1591 ὑποστάσεις
882 1561 910 1585 ὲν
923 1558 968 1590 αἷς

177 1611 193 1645 ὴ
207 1609 255 1644 μία
272 1610 320 1636 καὶ
334 1608 545 1644 ἀπαράλλακτος
561 1607 643 1642 φύσις
656 1607 816 1642 θεωρεῖται,
834 1607 885 1632 οὐκ
901 1606 969 1631 εἰσὶν

177 1656 290 1690 ἄπειρον
315 1654 436 1690 πλῆθος·
466 1655 498 1682 οὑ
522 1655 576 1690 γάρ
605 1655 665 1680 ἐστι
690 1653 813 1688 συμφυὲς
833 1652 872 1686 τῷ
886 1651 928 1678 ἑνὶ
940 1651 973 1678 τὸ

178 1703 304 1737 ι’ἱκιίειρον,¹
320 1702 377 1729 ἀλλ’
406 1701 562 1737 ἀλλότριον·
580 1700 634 1727 οὐδ’
660 1700 754 1731 ἁπλῶς
769 1698 970 1733 ὲξαπλούμεναι

179 1748 308 1775 ἐπέκεινα
323 1748 370 1774 τοῦ
392 1749 467 1782 τρεῖς
484 1747 603 1782 ἀριθμοῦ
615 1755 622 1762 ·
640 1746 687 1773 τοῦ
702 1746 756 1781 γὰρ
772 1745 893 1780 πλήθους
909 1744 973 1771 καθ’

179 1793 244 1820 αὐτὴ
273 1793 321 1819 τοῦ
348 1792 406 1824 ἑνὸς
433 1793 632 1828 ἀφεστηκότος,
649 1791 727 1827 δῆλον
755 1791 796 1818 ὅτι
813 1791 843 1817 τὸ
857 1790 974 1825 ἄπειρον

181 1839 281 1874 πλῆθος
295 1838 436 1870 παντελῶς
461 1838 603 1874 ἀλλότριον
620 1839 668 1865 καὶ
695 1837 824 1868 ἀπεοικὸς
847 1836 973 1863 ἑκείνουο

180 1885 227 1912 καὶ
241 1885 296 1920 γὰρ
307 1885 331 1911 al
343 1884 416 1920 ἀρχὴ
428 1884 529 1919 πλῆθος
538 1883 582 1920 ἦν,
593 1884 647 1910 ἔδει
657 1884 689 1910 τὸ
698 1884 748 1918 τῆς
760 1883 846 1917 αὐτῆς
861 1882 974 1916 aptam;

184 1931 296 1966 μετέχον
313 1931 414 1965 μᾶλλον
429 1927 498 1958 εἶναι
516 1930 620 1965 πλῆθος
638 1929 686 1956 τοῦ
702 1929 878 1965 πορρωτὲρου
889 1935 897 1943 '
911 1927 973 1954 ἐπεὶ

183 1978 211 2004 is
221 1977 251 2003 τὺ
264 1977 294 2003 ἓν
319 1977 370 2011 τῆς
391 1977 466 2008 θείας
493 1976 602 2011 φύσεώς
627 1977 701 2002 ἐστιν
723 1975 805 2010 ἀρχὴ,
823 1974 933 2008 ἀνάγκη
943 1973 974 2000 τὸ

182 2021 282 2056 ἐκεινῳ
292 2021 411 2055 συναφὲς
429 2021 484 2048 τῶν
501 2021 580 2048 θείων
597 2021 774 2047 ὑποστάσεων
784 2019 897 2054 πλῆθος,
911 2019 973 2046 ὲλά-

182 2077 275 2102 χιστον
296 2067 437 2100 παντελῶς
454 2069 502 2094 καὶ
516 2067 682 2103 πορρωτέρω
701 2066 821 2100 πληθύος
831 2073 838 2081 ’
852 2065 930 2092 τοῦτο
944 2065 973 2091 δέ

183 2115 256 2141 ἐστιν
303 2114 383 2150 τριάς
395 2123 402 2130 ·
417 2114 479 2141 οὔτε
498 2115 552 2150 γὰρ
565 2116 580 2148 ἡ
593 2114 669 2145 δυὰς,
684 2113 728 2139 διὰ
744 2114 774 2139 τὸ
788 2113 824 2148 μὴ
841 2110 911 2139 εἶναι
922 2112 972 2147 (8)·

182 2160 244 2187 οὔτε
258 2161 312 2196 γὰρ
326 2161 388 2188 ἄλλο
399 2169 436 2193 τι,
449 2160 493 2187 διὰ
504 2160 534 2187 τὸ
549 2160 586 2195 μὴ
601 2159 726 2195 πρώτως·
745 2160 861 2193 φανερὸν
877 2159 930 2194 ἄρα
942 2159 974 2185 ἐκ

183 2207 285 2233 τούτων
303 2207 345 2233 ὅτι
361 2207 376 2233 ὁ
387 2207 452 2238 Θεὸς
479 2208 511 2242 τῇ
532 2207 580 2242 μὲν
594 2206 674 2239 φύσει
691 2203 731 2237 εἷς
752 2205 801 2238 ὢν,
818 2206 891 2240 τρισὶ
913 2206 973 2236 ταῖς

1009 319 1074 354 quid
1088 324 1115 347 et
1132 319 1287 346 universale
1300 323 1351 351 est,
1365 323 1504 354 quatenus
1513 322 1541 345 et
1556 318 1615 352 ipsa
1629 323 1727 345 natura
1741 323 1802 353 est;

1010 374 1054 393 res
1075 371 1166 393 autem
1181 365 1348 397 communis,
1363 372 1417 392 non
1436 365 1483 392 uni
1498 369 1540 392 est
1552 364 1717 395 communis,
1731 365 1804 392 sicut

1010 412 1098 447 angeli
1115 411 1289 446 hominisque
1305 415 1413 444 natura,
1432 418 1486 437 non
1503 415 1545 438 est
1560 410 1655 441 unius,
1670 409 1718 437 sed
1743 410 1804 443 plu-

1010 461 1101 494 rium;
1115 466 1193 494 atque
1202 467 1234 487 ac
1243 459 1409 487 universalis
1422 467 1466 486 res
1475 459 1509 485 de
1516 459 1641 492 pluribus
1651 457 1762 491 dicitur,
1775 463 1806 485 ut

1011 508 1105 542 logica
1117 507 1217 542 regulae
1227 506 1357 538 tradunt;
1375 509 1449 541 patet
1462 505 1553 539 utique
1564 505 1683 532 divinam
1696 511 1807 539 quoque

1012 560 1138 582 naturam
1160 554 1280 589 plurium
1301 559 1371 583 esse.
1401 552 1623 585 quandoquidem
1653 551 1808 579 communis

1012 601 1233 634 nniversalisque
1245 607 1287 626 res
1300 604 1352 626 est.
1369 597 1426 624 lloc
1439 597 1512 624 enim
1534 601 1576 624 est
1593 598 1620 624 in
1640 598 1777 625 confesso.

1048 647 1093 674 25.
1111 646 1247 679 Quoniam
1271 645 1364 679 itaque
1380 644 1471 670 divina
1493 648 1591 670 natura
1609 643 1731 678 plurium
1749 646 1806 674 est,

1013 697 1107 728 utpote
1123 700 1184 727 quae
1200 691 1355 719 communis
1369 689 1587 724 univcrsalisque
1602 697 1645 716 res
1660 693 1718 720 est;
1737 696 1808 715 una-

1013 747 1127 774 qumque
1147 744 1237 765 autem
1267 742 1362 764 natura
1385 741 1479 771 utpote
1508 736 1664 764 communis
1693 740 1720 763 et
1747 735 1809 762 uni-

1013 785 1139 815 versalis.
1154 784 1225 811 haud
1246 784 1292 810 alii
1321 783 1449 817 cuiquam
1478 782 1634 809 communis
1662 787 1703 808 est
1725 789 1807 815 quant

1020 831 1076 859 illis
1089 832 1116 858 in
1136 831 1235 865 quibus
1251 835 1403 864 spectatur.
1423 829 1448 855 id
1468 833 1520 861 est,
1533 829 1652 863 propriis
1668 827 1808 862 personis;

1015 877 1196 910 consequitur
1218 881 1248 903 ut
1264 876 1356 902 divina
1377 880 1473 902 natura
1488 882 1550 909 quae
1572 874 1728 901 cominunis
1755 880 1808 905 est.

1016 923 1050 950 de
1078 922 1202 956 pluribus
1230 921 1356 956 personis
1385 920 1561 955 praedicetur.
1591 924 1619 946 et
1642 920 1669 946 in
1686 919 1812 954 pluribus

1017 968 1227 999 consideretur;
1249 966 1322 1001 quod
1354 973 1450 1000 reapse
1474 972 1568 992 verum
1597 969 1649 996 est,
1665 969 1692 991 et
1707 964 1810 991 divinis

1016 1013 1159 1041 sententiis
1177 1019 1342 1039 consonum.
1358 1010 1445 1045 Igitur
1467 1010 1490 1037 si
1511 1010 1583 1043 quod
1599 1013 1641 1036 est
1653 1017 1740 1036 unum
1759 1017 1811 1036 na-

1016 1064 1087 1091 tura,
1100 1057 1324 1093 proprietatibus,
1332 1056 1357 1083 id
1364 1061 1406 1083 est
1417 1055 1554 1090 personis,
1566 1055 1641 1089 plura
1649 1063 1710 1082 esse
1720 1062 1812 1082 sermo

1016 1111 1112 1133 noster
1130 1112 1192 1132 vere
1205 1103 1415 1135 demonstravit,
1431 1106 1504 1137 patet
1520 1110 1597 1134 sane,
1622 1103 1649 1129 id
1663 1102 1737 1136 quod
1768 1106 1811 1129 est

1017 1160 1103 1180 unum
1130 1155 1239 1183 natura.
1269 1158 1387 1185 persona
1427 1157 1539 1185 quoque
1558 1149 1680 1184 coargui.
1709 1148 1811 1181 Quodsi

1016 1198 1109 1225 divina
1124 1197 1258 1230 hcataque
1271 1200 1367 1222 natura
1384 1195 1545 1222 naturaliter
1565 1201 1649 1220 unum
1667 1194 1733 1228 quid
1758 1197 1812 1227 est,

1017 1244 1094 1279 plura
1108 1249 1198 1270 autent
1214 1241 1365 1269 secundum
1393 1248 1524 1276 personas
1552 1240 1578 1267 in
1596 1239 1697 1274 quibus
1722 1239 1814 1267 consi-

1018 1291 1143 1322 deratur,
1162 1297 1210 1317 ceu
1228 1297 1272 1316 res
1284 1288 1408 1323 quaedam
1425 1287 1580 1314 communis
1589 1291 1616 1313 et
1631 1287 1812 1319 universalis;

1018 1335 1190 1362 transcendit
1208 1339 1302 1361 autem
1319 1333 1470 1368 quamlibet
1485 1339 1604 1360 creatam
1624 1340 1761 1364 naturam,
1786 1336 1814 1358 ct

1019 1387 1111 1408 tamen
1141 1381 1247 1407 unitate
1260 1380 1348 1415 magis
1363 1384 1588 1412 reprmsentatur,
1603 1386 1685 1413 quam
1715 1377 1815 1413 plurali

1019 1436 1134 1455 numero
1153 1435 1159 1453 :
1175 1427 1275 1454 etenim
1292 1426 1319 1452 in
1339 1426 1393 1452 Deo
1422 1425 1513 1452 brevis
1524 1425 1648 1459 quzedam
1676 1424 1812 1458 exilisque

1020 1475 1173 1502 diﬂ‘ercnlia
1190 1479 1243 1505 est,
1271 1473 1318 1500 sed
1334 1480 1419 1499 unum
1438 1477 1465 1499 ct
1488 1472 1558 1498 idem
1581 1480 1626 1506 per
1642 1472 1733 1497 omnia
1748 1479 1814 1497 con-

1021 1526 1135 1551 stanter.
1151 1521 1263 1554 dempto
1280 1519 1401 1554 ingenito
1425 1523 1452 1545 et
1467 1519 1562 1553 genitu
1583 1526 1615 1545 ac
1630 1517 1791 1552 procedente
1806 1526 1813 1550 ;

1020 1573 1049 1594 at
1063 1574 1127 1594 vero
1147 1567 1173 1593 in
1197 1566 1332 1594 creaturis
1349 1571 1464 1596 contra;
1494 1564 1632 1591 diversum
1647 1571 1727 1598 salpe,
1744 1563 1815 1590 idem

1022 1622 1102 1646 raro;
1121 1617 1194 1647 patet
1209 1612 1292 1639 etiam
1323 1612 1416 1646 plures
1433 1618 1577 1646 personas.
1598 1609 1624 1635 in
1643 1609 1745 1643 quibus
1758 1615 1811 1635 una

1023 1658 1251 1692 invarialrilisque
1280 1662 1377 1684 natura
1401 1661 1552 1691 spectatur,
1569 1663 1622 1681 non
1651 1662 1712 1681 esse
1726 1653 1818 1680 inﬁni-

1024 1710 1078 1732 tant
1113 1703 1412 1730 multitudinem:non
1442 1703 1515 1728 enim
1546 1699 1736 1727 connaluraiis
1772 1703 1817 1726 est

1024 1750 1123 1777 unitati
1144 1747 1392 1778 innutnerahilitas,
1427 1746 1473 1773 sed
1496 1746 1586 1773 aliena
1603 1745 1704 1780 potius.
1720 1744 1815 1778 Neque

1024 1804 1148 1832 personae
1164 1795 1327 1830 amplianda:
1335 1798 1397 1821 sunt
1406 1794 1476 1821 ultra
1490 1793 1641 1819 ternarium
1651 1797 1794 1818 numerum
1807 1798 1816 1818 :

1024 1851 1086 1871 nam
1116 1850 1177 1869 cum
1198 1841 1344 1868 multitudo
1361 1848 1411 1875 per
1430 1847 1460 1867 se
1475 1839 1621 1866 abhorreat
1640 1837 1676 1864 ab
1702 1837 1816 1868 unitate,

1024 1893 1097 1924 patet
1116 1889 1248 1915 iuliuitam
1280 1886 1481 1914 multitudinem
1497 1892 1612 1920 prorsus
1633 1885 1668 1911 ah
1685 1884 1728 1910 illa
1749 1883 1817 1910 alie—

1024 1945 1087 1964 nam
1100 1944 1165 1963 esse
1178 1940 1205 1962 et
1216 1936 1423 1961 abhorrentem.
1448 1933 1517 1960 Nam
1534 1933 1556 1959 si
1572 1936 1653 1966 caput
1669 1930 1816 1957 multitudo

1024 1987 1106 2014 esset,
1131 1985 1269 2016 oporteret
1286 1980 1351 2007 illud
1370 1979 1441 2014 quod
1458 1978 1582 2013 proxime
1610 1977 1635 2004 ei
1662 1976 1817 2011 participat,

1025 2028 1111 2063 magis
1125 2035 1185 2054 esse
1201 2027 1376 2061 plurativmn,
1389 2033 1469 2060 quam
1484 2024 1558 2060 quod
1590 2023 1732 2050 remotius.
1749 2021 1819 2054 Quia

1023 2081 1089 2101 vero
1108 2073 1198 2100 unitas
1217 2078 1300 2106 caput
1317 2075 1359 2099 est
1387 2071 1485 2098 divinm
1508 2074 1621 2100 natm-re,
1650 2075 1761 2095 necesse
1777 2071 1821 2095 est

1025 2120 1053 2147 id
1070 2119 1142 2155 quod
1157 2119 1194 2146 illi
1209 2118 1395 2150 connectitur,
1412 2117 1567 2144 divinarum
1581 2123 1676 2149 nempe
1688 2121 1820 2149 persona-

1025 2173 1086 2193 rum
1100 2172 1258 2196 numerum,
1274 2164 1418 2191 minimum
1438 2170 1552 2196 prorsus
1570 2169 1632 2188 esse
1646 2165 1674 2187 et
1697 2168 1712 2186 a
1726 2159 1820 2186 multi-

1026 2212 1121 2239 tudine
1146 2211 1381 2239 remotissimum.
1412 2208 1487 2241 Talis
1514 2215 1596 2242 porro
1623 2206 1732 2233 trinitas
1767 2209 1820 2232 est.

184 2253 350 2279 ὑποστάσεσι
358 2252 523 2286 γινώσκεται
534 2260 564 2278 τε
573 2252 621 2278 καὶ
630 2251 719 2282 καλῶς
731 2251 806 2287 παρὰ
819 2251 873 2277 τῶν
886 2251 967 2286 ὀρθῶς

1027 2257 1094 2285 Nam
1126 2265 1214 2293 neque
1244 2258 1298 2284 duo
1319 2264 1381 2283 esse
1396 2259 1532 2290 poterant,
1563 2253 1627 2288 quia
1653 2260 1707 2279 non
1725 2252 1821 2278 fuisset

185 2297 356 2331 φρονούντων
367 2296 538 2332 Χριστιανῶν
551 2295 710 2322 πιστεύεται
719 2295 809 2321 τεκαὶ
822 2293 973 2326 δοξάζεται·

185 2343 233 2369 καὶ
256 2342 337 2369 τοῦτο
360 2343 426 2378 ἡμῖν
452 2343 527 2369 ἐστιν
542 2342 557 2368 ὁ
582 2341 677 2376 Πατὴρ
699 2342 747 2367 καὶ
763 2341 777 2367 ὁ
794 2340 855 2372 Υιὺς
880 2340 928 2367 καὶ
946 2339 977 2365 τὺ

185 2388 262 2422 ἅγιον
278 2388 400 2424 Πνεῦμα..

392 2536 538 2563 ΕᾹΕΓΚΤΙ
544 2535 610 2562 ΚΟΣ
630 2533 773 2561 ΠΡΩΤΟΣ.

224 2583 303 2610 Κατὰ
315 2582 375 2609 τῶν
388 2583 423 2610 ἐν
438 2583 478 2615 τῷ
495 2582 599 2643 πῇώτξρ
619 2582 698 2615 λόγῳ
714 2580 888 2607 δοκούντων
904 2579 945 2612 τῷ

541 2625 648 2643 ωαιλετ.

541 2625 648 2651 ωαμετ.

225 2664 280 2696 κς·’.
297 2663 373 2690 Ἐπεὶ
383 2661 449 2690 οὖνό
462 2662 575 2697 λόγοςέξ
587 2663 802 2696 ὲπιστημονικῆς
809 2661 922 2696 μεθόδου
934 2661 982 2687 καὶ

189 2710 397 2744 συλλογιστικῆς
408 2709 584 2742 ἀποδείξεως,
599 2708 647 2742 τὴν
661 2708 726 2743 περ).
736 2708 785 2743 τῆς
798 2707 879 2741 ἁγίας
894 2707 980 2742 Τριά-

189 2756 233 2787 δος
242 2756 438 2791 ὁμοουσιότητα
454 2757 501 2782 καὶ
517 2756 681 2789 ταυτότητα,
707 2755 755 2780 καὶ
769 2754 818 2788 τὴν
838 2753 902 2788 μίαν
918 2752 978 2779 θεό-

188 2810 258 2837 τητα
272 2803 320 2828 καὶ
339 2802 501 2837 μοναρχίαν,
515 2803 578 2829 ὅσον
591 2801 662 2828 κατὰ
682 2801 712 2827 τδ
726 2800 837 2826 δυνατὸν
860 2799 894 2825 τὰ.
909 2798 980 2833 ὑπὲρ

188 2848 267 2882 λόγον
285 2849 332 2875 καὶ
344 2848 409 2875 ὗντα
432 2849 480 2875 καὶ
494 2848 687 2883 πιστευόμενα,
703 2846 793 2878 καλῶς
809 2845 979 2879 παρέστησε,

1029 2304 1144 2339 pluralis
1172 2311 1303 2330 numerus
1318 2312 1324 2329 :
1352 2309 1441 2335 neque
1455 2301 1528 2327 aliud
1542 2299 1664 2334 quidvis,
1682 2298 1746 2333 quia
1767 2305 1820 2324 non

1030 2355 1104 2378 esset
1116 2350 1255 2385 primitus.
1275 2348 1313 2375 Ex
1329 2348 1371 2375 his
1385 2348 1469 2382 igitur
1479 2350 1592 2381 apparet
1621 2346 1706 2372 Deum
1722 2349 1821 2371 natura

1031 2396 1141 2431 quidem
1157 2403 1254 2424 unum.
1271 2395 1298 2421 in
1311 2394 1399 2420 tribus
1412 2393 1536 2428 personis
1550 2391 1675 2426 agnosci,
1693 2394 1822 2424 recteque

1031 2443 1065 2469 ab
1078 2441 1239 2469 orthodoxis
1254 2439 1418 2468 Christianis
1433 2438 1507 2466 credi
1519 2442 1545 2464 et
1560 2437 1719 2472 glorilicari.
1734 2436 1822 2470 Atque

1027 2488 1072 2515 hic
1084 2487 1155 2515 Deus
1167 2487 1244 2514 nobis
1256 2491 1299 2513 est
1310 2486 1390 2512 Pater
1400 2490 1426 2511 et
1440 2484 1524 2511 Filius
1533 2488 1559 2511 et
1571 2483 1690 2519 Spiritus
1699 2488 1822 2510 sanctus.

1240 2531 1464 2559 CONFIJTATIO
1489 2529 1607 2557 PRIMA.

1071 2580 1199 2607 Adversus
1211 2579 1352 2606 sententias
1373 2577 1452 2612 primi
1472 2576 1580 2611 capituli
1596 2574 1772 2602 Illohrtmedis.

1070 2660 1115 2687 26.
1132 2660 1279 2693 Postquam
1296 2665 1386 2685 sermo
1406 2661 1500 2684 noster
1515 2654 1659 2683 doctrinali
1675 2650 1819 2681 metltodo,

1033 2714 1084 2735 nec
1102 2714 1156 2733 non
1172 2706 1341 2741 syllogistica
1367 2703 1612 2732 demonstratione,
1643 2703 1745 2726 5:1]ch
1758 2695 1822 2722 Tri-

1032 2754 1125 2781 nitatis
1139 2751 1454 2780 consubstantialitatent
1471 2754 1498 2777 et
1510 2748 1665 2783 puritatem,
1683 2749 1821 2776 unamque

1034 2799 1205 2827 divinitatem
1230 2802 1257 2825 et
1276 2797 1463 2824 monarchiam
1480 2795 1623 2830 (quantum
1651 2790 1707 2818 ﬁeri
1732 2792 1822 2823 potest

1035 2846 1064 2872 in
1085 2845 1118 2872 iis
1135 2852 1195 2880 quae
1215 2851 1296 2880 supra
1313 2843 1448 2872 rationem
1461 2844 1524 2869 sunt
1538 2843 1565 2866 et
1581 2844 1643 2865 esse
1660 2834 1822 2870 creduntur)

226 2936 265 2972 (8)
282 2936 369 2965 ϐηεοὶ
396 2937 526 2973 pluralem
547 2945 561 2965 a
583 2936 656 2966 duali
683 2944 796 2964 numero
818 2935 976 2964 distinctum
996 2934 1100 2963 volunt.
