2083 3155
273 216 328 247 703

908 218 1059 248 ΝΙΟΕΤιλΕ
1077 218 1262 249 ΒΥΖΑΝΤΙΝ
1267 220 1279 249 Ι

1853 224 1905 255 704

274 275 349 298 recte
375 270 511 305 exposuit,
528 275 705 305 uostruntque
730 271 826 306 dogma
853 274 1043 308 comprobavit

1101 300 1102 303 η
1117 274 1164 300 καὶ
1188 274 1219 300 τὸ
1243 275 1342 301 οἰκεῖον
1357 275 1445 310 δόγμα
1460 276 1657 307 κατεσκεύασε.
1684 277 1780 311 καιρὸς
1792 278 1841 314 ἤδη
1859 284 1905 308 καὶ

275 321 382 351 temptts
402 317 459 350 jam
493 321 535 343 est
561 321 591 343 ut
618 316 833 346 nefandissiums
855 324 881 346 et
891 320 1008 346 mendax
1025 320 1060 347 ab

276 363 366 390 Arabe
385 362 546 390 Mohamede
575 363 698 390 falsidico
720 366 826 392 calamo
848 366 966 400 scriptus
985 367 1062 400 liber,

275 412 366 434 utrum
386 408 509 435 veritatis
527 413 662 443 rectazque
677 409 809 437 doctrinae
835 410 937 445 aliquid
954 412 1064 446 haheat,

274 452 492 480 consideremus.
534 453 580 481 Sic
605 463 670 489 ergo
697 460 842 484 tractatum
875 458 1062 486 exordiamur.

270 497 338 524 Cum
366 498 542 526 multifariam
570 503 723 536 Oppugnari
742 503 828 536 possit
858 502 1064 532 inﬁcetissimus

275 543 444 570 Mohamcdis
474 544 561 578 liber;
590 550 662 573 totus
696 547 769 574 enim
801 548 939 575 marcidus
968 553 1010 576 cst
1037 554 1064 576 et

269 589 409 621 ruinosos,
427 591 513 624 putris
529 590 614 618 instar
627 592 733 620 aedilicii
745 594 850 621 cariosa
865 595 976 622 materie
985 602 1063 622 com-

268 635 351 670 pacti,
367 635 546 671 imperiteque
562 639 724 671 constructi,
745 640 868 674 nihilque
892 640 1001 667 ﬁrmum
1017 645 1063 668 aut

268 680 366 708 stabile
381 681 521 710 habentis:
534 688 596 709 ante
608 685 699 711 omnia
712 693 902 720 argumentum
913 686 978 713 illud
990 687 1062 722 quod

268 724 464 752 toluutaadilicii
477 726 680 761 lutitlattteulum
694 729 833 757 continuere
844 730 960 763 videtur,
970 731 1063 766 prole-

267 776 376 803 ramus;
388 778 506 806 namque
514 772 539 798 id
547 780 608 799 cum
621 774 706 800 sanrti
716 774 832 809 Spiritus
843 783 894 810 ope
905 777 1062 805 subvertere

267 814 440 843 meditantur.
460 816 507 845 Sic
517 818 590 844 enim
606 826 635 845 se
650 827 744 853 gerere
770 821 860 847 solent
872 821 954 848 etiam
975 821 992 848 ii
1014 824 1061 856 qui

266 862 403 897 ejusmodi
418 864 531 892 aedilicia
546 870 667 893 evertere
680 866 792 900 volunt;
809 868 938 895 nimirum
951 869 985 896 iis
998 877 1059 904 quae

268 908 356 936 fulcra
387 909 515 937 videnlur
542 911 700 944 destructis,
726 913 882 940 universam
912 914 1005 941 subito
1022 914 1060 941 l'a-

266 953 369 981 bricam
390 954 467 982 humi
486 961 624 984 sternunt.
642 957 689 984 Est
701 963 790 986 autem
811 959 899 994 prima
922 960 1056 988 adversus

266 999 319 1027 hoc
334 1005 412 1035 putre
425 1002 569 1029 aedilicium
585 1004 722 1034 machina.
736 1005 904 1040 comparatio
918 1005 978 1041 ejus
992 1014 1053 1034 cutn

264 1045 356 1073 divina
375 1047 529 1082 Scriptura.
548 1048 616 1076 Nant
629 1050 692 1084 quia
708 1050 892 1084 Mohamedes,
909 1052 986 1079 omni
1007 1060 1054 1087 ge-

265 1097 331 1118 nere
343 1091 475 1120 doctrinaa
494 1094 606 1127 omisso,
625 1095 680 1122 imo
697 1096 723 1122 iu
751 1101 856 1132 tergum
871 1097 982 1131 reiecto,
1003 1105 1051 1125 ca-

264 1140 314 1170 put
325 1137 368 1165 sui
383 1138 519 1166 sermonis
532 1141 675 1168 constituit
690 1142 716 1167 in
727 1141 772 1169 Dei
792 1149 874 1176 quam
890 1143 942 1170 sibi
963 1143 1052 1170 vindi-

264 1185 309 1209 eat
337 1183 511 1218 allocutione,
543 1194 593 1213 ttos
620 1194 730 1222 qttoque
762 1187 894 1216 debemus
928 1188 1049 1216 omnium

263 1235 398 1256 concessu
414 1230 545 1259 divinitus
555 1231 684 1259 dictatam
703 1234 870 1268 Scripturant
881 1242 944 1261 cutn
960 1242 991 1261 eu
1014 1234 1048 1261 li-

263 1274 314 1300 bro
325 1274 351 1300 in
367 1275 462 1309 primis
481 1277 628 1310 conferre;
650 1283 678 1305 ttt
692 1285 820 1307 accurato
837 1280 1049 1314 comparationis

264 1318 369 1346 lumine
394 1320 566 1355 deprehensa
593 1323 667 1352 illius
699 1326 868 1353 absurditate
891 1330 919 1353 ct
954 1326 1050 1353 incon-

262 1366 398 1400 gruentia,
415 1368 520 1403 reliqua
536 1371 627 1397 omnia
643 1370 710 1398 I‘alsa
729 1376 754 1398 et
771 1380 850 1404 vana,
867 1371 983 1407 ideoque
996 1379 1047 1406 pa-

261 1409 315 1438 lam
332 1411 521 1447 vituperanda,
537 1414 717 1450 despuantur.

1114 319 1163 354 τὴν
1180 320 1381 354 μυσαρωτάτην
1395 321 1441 347 καὶ
1455 320 1622 356 ψευδηγόρον
1634 321 1709 356 παρὰ
1721 322 1768 349 τοῦ
1785 324 1904 358 Ἄραϐος

1115 366 1237 401 Μωάμετ
1253 366 1544 402 πλαστογραφηϐεἰσαν
1560 367 1660 403 βίϐλον,
1679 369 1727 394 καὶ
1741 369 1775 395 τὰ
1792 370 1820 395 ἐν
1834 371 1903 406 αὐτῇ

1115 413 1290 447 έμφερόμενα
1309 414 1334 439 εί
1359 413 1486 447 ἀληθείας
1503 422 1532 439 τε
1551 413 1596 439 καὶ
1624 414 1782 447 εὐθυὸολίας
1799 415 1905 450 ἔχουσιν

1114 456 1331 491 ἐπισκέψασθαι·
1353 457 1470 492 ἄρξομαι
1494 458 1522 484 δὲ
1551 459 1597 485 καὶ⁹
1625 460 1689 494 περὶ
1707 460 1809 487 τούτων
1832 458 1902 488 ὦδε·

1114 501 1267 536 Τοιγαροῦν
1297 502 1398 534 πολλὰς
1426 503 1554 535 ὲπιὸολὰς
1582 505 1736 540 ἀνασκευῆς
1760 507 1903 541 δεχομένου

1114 544 1161 570 τοῦ
1177 544 1349 578 ἀλογωτὰτου
1363 546 1467 580 βιὸλίου
1491 546 1538 573 τοῦ
1564 548 1687 583 Μωάμετ
1703 549 1774 584 (ὅλον
1787 551 1840 585 γὰρ
1855 559 1903 578 σα-

1114 590 1177 625 θρόν
1191 591 1221 617 τέ
1237 592 1306 624 εστι,
1323 593 1368 618 καὶ
1383 592 1606 626 εὐκατάπτωτον,
1620 593 1716 630 ὥσπερ
1729 596 1801 622 οἰκία
1817 597 1911 631 σαθρὰ.

1113 636 1146 662 ὲκ
1158 636 1207 670 τῆς
1230 636 1297 671 ὕλης
1320 637 1472 673 εὐφθὰρτου
1503 640 1709 676 συντεθειμένη.
1727 641 1848 676 ἀτεχνῶς
1873 643 1901 669 δὲ

1112 681 1335 717 οίκοδομουμένη,
1349 683 1396 709 καὶ
1409 684 1566 718 μηδαμόθεν
1581 685 1611 711 τὺ
1625 685 1732 719 βέϐαιον
1749 688 1795 713 καὶ
1809 689 1903 723 στερέ-

1114 735 1190 761 μνιον
1212 727 1339 762 ἔχουσα),
1361 728 1409 763 τὴν
1440 731 1469 755 τὸ
1485 730 1545 756 ὅλον
1572 730 1650 757 τοῦτο
1669 732 1791 767 συνέχειν
1806 733 1902 760 δοκοῦν

1113 773 1212 810 βάθρον
1236 774 1305 810 [εοιί.
1332 775 1479 811 βάραθρον]
1508 777 1674 804 ἁνασπῶσαν
1700 779 1739 813 (9)
1769 780 1901 816 πρότερον

1112 821 1298 855 προσάγοιμεν
1326 822 1492 856 ἀνασκευὴν.
1517 823 1681 858 ἀνατρέπειν
1705 825 1771 851 αὐτὸ
1790 825 1838 851 σὺν
1866 828 1899 861 τῇ

1111 866 1223 901 δυνάμει
1247 867 1293 893 τοῦ
1311 867 1388 901 ἁγίου
1418 869 1575 903 [Ῑνεύματος
1595 869 1804 905 βεϐουλημένον
1822 872 1900 899 τοῦτο

1111 911 1166 946 γὰρ
1180 911 1213 946 δὴ
1228 913 1274 938 καὶ
1289 913 1336 938 ἐπὶ
1351 913 1405 938 τῶν
1420 913 1547 939 τοιούτων
1570 914 1665 940 οίκιῶν
1689 915 1810 942 ποιοῦσιν
1826 917 1851 943 οἱ
1867 917 1899 944 τὸ

1109 957 1252 992 καθαιρεῖν
1269 959 1354 990 αὑτὰς
1373 959 1599 994 προαιρούμενοι,
1616 961 1649 986 τὸ
1673 961 1768 988 δοκοῦν
1788 963 1897 998 ὑπερεί-

1107 1004 1161 1030 δειν
1172 1004 1303 1039 πρότερον
1315 1005 1466 1037 ἀνελόντες,
1479 1006 1568 1032 πᾶσαν
1580 1006 1665 1041 αὐτὴν
1677 1007 1781 1043 ἀθρόως
1796 1009 1835 1041 εἰς
1845 1010 1897 1043 γῆν

1106 1050 1339 1085 καταστρέψωσιν
1353 1059 1359 1065 ·
1378 1050 1435 1077 ἔστι
1450 1051 1477 1077 δὲ
1495 1052 1511 1084 ή
1526 1051 1621 1088 πρώτη
1642 1054 1712 1079 κατὰ
1728 1053 1778 1088 τῆς
1794 1054 1897 1089 σαθρᾶς

1104 1096 1205 1130 ταύτης
1219 1097 1413 1132 προσαγομένη
1428 1097 1572 1132 οἰκοδομῆς
1591 1099 1708 1134 μηχανὴ,
1724 1101 1740 1135 ἡ
1765 1101 1831 1134 πρὸς
1848 1102 1896 1137 τὴν

1104 1142 1178 1168 θείαν
1195 1141 1304 1177 Γραφὴν
1318 1142 1462 1178 σύγκρισις
1473 1151 1479 1158 ·
1497 1144 1590 1179 ἐπειδὴ
1601 1145 1656 1179 γὰρ
1666 1146 1747 1177 αὐτὸς
1761 1147 1815 1174 πᾶν
1826 1144 1895 1179 εἶδος

1103 1186 1182 1222 λόγου
1200 1187 1388 1223 παραδραμὼν
1416 1189 1464 1215 καὶ
1488 1189 1604 1216 κατόπιν
1620 1191 1717 1217 ἑαυτοῦ
1735 1192 1827 1227 ῥίψας,
1846 1194 1895 1228 τὴν

1103 1232 1225 1267 κορυφὴν
1240 1232 1295 1258 τῶν
1304 1233 1391 1267 λόγων
1404 1235 1453 1268 τὴν
1469 1234 1632 1262 αὐτόλεκτον
1644 1236 1690 1262 τοῦ
1706 1237 1772 1263 Θιοῦ
1787 1237 1895 1273 ὁμιλίαν

1103 1278 1177 1314 αὑτῷ
1204 1279 1394 1315 ἀπεγράψατο,
1414 1279 1559 1315 ὀφείλομεν
1585 1281 1632 1307 καὶ
1658 1283 1739 1317 ἡμεῖς
1762 1283 1830 1318 πρὸς
1846 1286 1894 1318 τὴν

1102 1324 1320 1360 ὁμολογουμένην
1342 1325 1418 1360 παρὰ
1441 1326 1549 1353 πάντων
1568 1326 1708 1354 θεόλεκτον
1729 1329 1850 1365 Γραφὴν,
1863 1331 1894 1357 τὸ

1102 1369 1222 1396 τοιοῦτον
1237 1370 1355 1406 γράμμα
1369 1372 1502 1412 πρότερον
1517 1373 1692 1408 παραθεῖναι,
1705 1374 1743 1406 ὼς
1758 1375 1790 1402 ἃν
1803 1378 1836 1412 τῇ
1850 1377 1894 1404 διὰ

1101 1415 1151 1449 τῆς
1162 1415 1339 1450 παραθέσεως
1347 1415 1533 1453 ἁκριῦολογίᾳ,
1547 1417 1576 1443 τὸ
1587 1417 1731 1445 ἀλλόκοτον
1745 1420 1792 1447 καὶ
1800 1421 1888 1456 ἀσύμ-

260 1456 343 1484 ϐατον
368 1457 450 1484 αὑτοῦ
476 1460 612 1494 φωραθὲν,
641 1461 700 1488 ὅλον
725 1461 817 1489 λοιπὸν
843 1462 941 1498 ψευδές
967 1471 998 1488 τε
1030 1461 1079 1488 καὶ
1093 1460 1228 1496 μάταιον,
1243 1462 1291 1488 καὶ¹
1320 1463 1364 1489 διὰ
1378 1464 1457 1492 τοῦτο
1471 1466 1600 1502 ἐπίψογον
1622 1469 1788 1505 ἁπελεγχθὲν
1809 1475 1893 1498 κατα*

260 1502 382 1537 πύφιτο.

295 1560 497 1596 27.1ηερίι·ιιιε
518 1561 649 1590 divinitus
678 1564 828 1599 Scriptura;
856 1565 1049 1600 unusquisque

1134 1564 1185 1597 κζ’.
1202 1565 1258 1600 Τῆς
1271 1566 1451 1595 θεοπνεύστου
1471 1569 1584 1604 Γραφῆς
1602 1571 1655 1607 ίδίᾳ
1668 1573 1715 1599 καὶ
1729 1574 1793 1608 παρ’
1807 1575 1890 1610 ἑαυτῇ

259 1604 339 1638 liber,
355 1613 478 1633 seorsum
504 1612 529 1634 et
541 1616 588 1642 per
612 1615 642 1636 se
658 1614 806 1644 spectatus,
835 1618 991 1645 quanquam
1014 1611 1048 1638 ad

260 1657 344 1677 unum
359 1651 496 1686 religionis
511 1660 623 1687 scopum
649 1654 864 1689 tendil,qualem
889 1659 981 1682 tamen
1001 1663 1049 1690 pe-

260 1695 401 1722 culiariter
414 1697 556 1724 materiam
573 1698 722 1732 contineat,
738 1700 907 1728 demonstrat
928 1709 961 1728 ex
978 1709 1048 1736 pra:-

259 1740 350 1774 posito
373 1741 424 1768 sibi
443 1741 530 1774 titulo,
555 1743 601 1777 qui
620 1749 809 1778 argumentum
838 1750 924 1773 totum
938 1746 1046 1780 aperit:

259 1785 297 1812 ita
319 1791 349 1812 ut
368 1786 409 1813 vel
433 1787 490 1814 sola
505 1788 673 1823 singulorum
702 1791 873 1818 voluminum
902 1791 1046 1828 inscriptio

259 1830 402 1865 profanum
418 1833 576 1868 quemlibet,
606 1835 705 1863 nedum
723 1836 871 1870 initiatum,
900 1838 933 1866 ad
949 1839 1046 1868 lectio-

260 1885 321 1904 uem
353 1878 516 1906 audiendam
544 1879 648 1908 invitet.
684 1881 785 1915 Veluti,
812 1884 929 1919 exempli
949 1892 1044 1919 causa,

257 1921 360 1958 Moysis
378 1924 500 1960 quinque
524 1925 598 1958 libri,
625 1926 651 1954 id
676 1931 729 1961 est,
754 1929 867 1957 Genesis
889 1934 916 1957 et
936 1931 1045 1966 reliqui,

257 1976 406 2004 congruam
426 1970 507 1998 titulo
536 1971 733 2000 continentiam
752 1978 835 2002 totam
865 1975 966 2004 habent
981 1984 1046 2004 ora—

258 2013 396 2049 tionisque
410 2020 621 2044 consectaneam
635 2018 698 2050 vim,
714 2023 740 2046 et
751 2028 813 2054 quae
820 2028 871 2047 suo
884 2027 1046 2056 argumento

256 2059 432 2092 conveniunt,
458 2065 554 2096 utpar
575 2067 626 2095 est,
647 2070 771 2093 narrant.
799 2065 893 2101 Itaque
919 2067 1043 2101 Genesis.

255 2112 317 2139 qua:
332 2110 397 2133 sunt
411 2114 542 2142 geneseos
556 2109 681 2144 propria;
699 2110 818 2145 Exodus,
832 2121 892 2147 qua:
913 2113 940 2140 iu
956 2115 1045 2142 cxodo

255 2156 321 2179 sunt
338 2157 462 2187 peracta;
493 2153 723 2184 Deuteronotnion
751 2158 877 2193 denique,
903 2168 964 2194 quae
988 2161 1045 2196 lege

254 2195 352 2224 iterum
360 2198 463 2225 sancita
479 2198 597 2227 fuerunt.
614 2199 779 2230 Posteriores
791 2211 900 2239 quoque
914 2205 973 2232 libri
983 2195 1044 2240 pro-

1099 1610 1253 1646 τεταγμένη
1279 1611 1382 1646 ἑκάστη
1409 1613 1508 1647 βίϐλος,
1527 1615 1552 1641 εἰ
1575 1617 1621 1643 καὶ
1636 1618 1704 1653 πρὸς
1719 1618 1766 1645 ἕνα
1782 1619 1827 1646 τὸν
1841 1620 1891 1654 τῆς

1099 1655 1242 1687 εὐσεϐείας
1261 1657 1393 1691 ἀφορῶσα
1405 1660 1517 1691 σκοπὸν,
1536 1661 1594 1687 ἀλλ’
1611 1660 1657 1688 οὖν
1673 1656 1887 1700 ἆευχρινημένη

1099 1701 1174 1728 πᾶσά
1185 1702 1260 1728 ἐστιν
1281 1703 1331 1737 τῆς
1345 1703 1398 1730 ἀνὰ
1413 1705 1496 1740 μέρος
1510 1707 1711 1743 περιληπτικῆς
1724 1709 1888 1742 ὑποθέσεως,

1098 1746 1130 1772 ἐκ
1143 1745 1192 1779 τῆς
1205 1746 1275 1773 κατὰ
1297 1747 1347 1783 τὴν
1363 1749 1531 1785 πραγραφὴν
1546 1752 1694 1786 σημασίας,
1710 1754 1759 1780 σὺν
1785 1755 1824 1790 τῷ
1838 1756 1890 1790 ὅλῳ

1099 1791 1192 1826 σκοπῷ
1209 1792 1260 1828 τῆς
1278 1792 1369 1827 βίϐλου
1379 1794 1549 1831 δηλουμένης
1560 1804 1567 1811 ·
1581 1796 1619 1830 ὡς
1633 1799 1679 1825 καὶ
1692 1799 1725 1825 ὲκ
1744 1799 1828 1835 μόνης
1839 1802 1889 1835 τῆς

1098 1838 1285 1873 προσηγορίας
1303 1839 1421 1876 ἑκάστης
1445 1843 1619 1878 συγγραφῆς,
1637 1844 1683 1871 καὶ
1699 1844 1746 1872 τὸν
1766 1846 1889 1882 ἀμύητον

1097 1883 1166 1917 πρὸς
1179 1883 1312 1918 ἀκρόασιν
1326 1885 1511 1921 ἐπιστρέφειν,
1530 1889 1567 1922 μή
1582 1888 1608 1915 τί
1634 1897 1665 1924 γε
1680 1890 1725 1917 τὸν
1742 1893 1887 1930 μεμυημὲ-

1097 1936 1158 1955 νον·
1173 1928 1222 1961 ὼς,
1237 1929 1304 1965 φέρε
1314 1931 1412 1964 εἰπεῖν,
1422 1932 1457 1958 τὰ
1471 1934 1542 1960 κατὰ
1557 1935 1677 1962 Μωῡσέα
1693 1936 1773 1963 πέντε
1786 1928 1887 1972 βιϐλία,

1097 1974 1169 2008 φημὶ
1183 1973 1223 2006 δὲ,
1237 1975 1254 2010 ἥ
1272 1984 1302 2002 τε
1319 1976 1427 2008 Γένεσις
1439 1977 1487 2004 καὶ
1507 1978 1540 2005 τὰ
1554 1978 1646 2013 λοιπὰ,
1664 1981 1840 2016 ἁρμόζουσαν
1853 1985 1886 2019 τῇ

1096 2021 1243 2056 προγραφῇ
1261 2021 1311 2056 τὴν
1324 2021 1429 2049 ἔννοιαν
1442 2023 1517 2058 ὃλην,
1539 2025 1587 2051 καὶ
1599 2026 1647 2061 τὴν
1664 2026 1711 2054 τοῦ
1727 2027 1806 2062 λόγου
1823 2030 1888 2056 σύν-

1095 2065 1193 2100 δρομον
1209 2066 1335 2102 δύναμιν,
1350 2068 1398 2094 καὶ
1418 2069 1452 2095 τὰ
1469 2071 1529 2096 κατ’
1557 2071 1641 2107 αὐτὴν
1658 2073 1800 2108 πρόσφορα
1821 2083 1887 2110 πρε-

1096 2110 1199 2143 πάντως
1226 2113 1408 2148 παρίστησιν¹
1436 2115 1498 2150 ἥτε
1525 2117 1580 2151 γὰρ
1609 2118 1738 2152 Γένεσις,
1767 2120 1817 2146 ὅσα
1835 2121 1886 2156 τῆς

1096 2157 1228 2191 γενέσεως
1252 2156 1286 2194 ἦν
1296 2166 1302 2172 ·
1315 2159 1332 2194 ἦ
1346 2168 1375 2186 τε
1389 2161 1438 2194 τῆς
1453 2161 1568 2196 Ἐξόδου,
1581 2164 1630 2190 ὅσα
1643 2165 1673 2191 ἐν
1684 2166 1716 2201 τῇ
1732 2166 1813 2202 ἐξόδῳ
1837 2169 1886 2194 πέ-

1095 2211 1230 2238 πρακται·
1247 2205 1261 2231 ὃ
1274 2213 1304 2231 τε
1318 2205 1450 2242 Δεύτερος
1464 2209 1545 2242 νόμος
1559 2209 1609 2236 ὅσα
1624 2210 1654 2236 τὸ
1674 2211 1800 2248 δεύτερον
1812 2222 1885 2240 νενο-

254 2243 312 2276 prie
330 2247 422 2278 atque,
434 2249 463 2271 ut
493 2245 529 2272 ita
545 2246 643 2279 dicam,
659 2253 762 2275 natura:
788 2257 844 2277 sua:
860 2257 1042 2284 congruenter

1101 2249 1256 2284 μοοέτηκεν,
1276 2251 1324 2278 καὶ
1338 2251 1373 2278 τὰ
1388 2252 1506 2287 καθεξῆς
1517 2255 1625 2287 οἰκείως
1636 2265 1666 2282 τε
1682 2258 1729 2284 καὶ
1741 2243 1883 2294 συμφυῶς,

254 2287 377 2323 inscripti
404 2289 490 2317 fuere.
509 2291 640 2319 Similiter
655 2294 681 2320 in
696 2294 851 2330 Prophetis,
883 2297 908 2324 itt
928 2297 1040 2332 Sapien-

255 2333 375 2366 tialibus.
398 2335 424 2362 itt
455 2336 558 2371 Regum
574 2338 661 2371 libris,
675 2339 697 2367 si
709 2348 827 2375 quieres,
846 2342 948 2370 factum
962 2352 1039 2372 cotu-

253 2379 359 2414 peries;
380 2381 472 2410 divino
490 2382 593 2418 Spiritu
616 2386 685 2413 duce
699 2386 726 2413 in
753 2387 804 2415 hoc
818 2397 938 2424 qttoque,
953 2396 982 2418 ut
995 2399 1040 2419 ar-

252 2424 348 2458 bitror,
366 2427 549 2457 sinceritatem
561 2438 639 2458 suam
655 2437 681 2459 et
692 2433 853 2468 sapientiam
878 2437 1034 2466 cxhibeute.

254 2469 366 2506 Oportet
379 2473 450 2500 enim
475 2476 573 2504 mentis
586 2477 713 2506 lntmanze
729 2481 901 2515 magistrum,
914 2491 945 2510 ea
974 2491 1035 2518 qua

251 2525 345 2545 sanam
371 2522 534 2549 sententiam
559 2523 689 2557 alliciunt,
706 2530 785 2554 antea
801 2527 861 2555 sine
877 2528 942 2556 vitio
956 2530 1035 2557 cxhi-

250 2563 331 2597 bere;
349 2569 378 2592 ut
389 2572 530 2601 postquam
547 2568 757 2599 intellectualem
768 2581 878 2600 sensum
891 2575 1035 2602 rectitudi-

250 2609 294 2636 nis
306 2618 362 2638 suaa
387 2611 469 2639 homo
486 2615 644 2648 gustaverit,
672 2621 737 2645 tunc
761 2625 854 2645 rerum
869 2627 979 2654 quoque
997 2628 1035 2648 re-

249 2656 397 2684 motiorum
411 2659 510 2686 certior
525 2661 580 2687 liat.

282 2711 327 2739 28.
338 2714 372 2740 At
383 2714 454 2741 enim
468 2715 649 2748 deplorandus
658 2722 685 2744 et
694 2717 880 2753 incptissimus
896 2720 1034 2749 Mohame-

248 2757 290 2784 dis
303 2759 400 2786 Arabis
421 2760 543 2791 libellus.
567 2768 743 2798 praeterquam
771 2766 842 2799 quod
859 2767 1034 2801 blasphentiis

249 2802 380 2832 adversus
395 2805 564 2834 Altissimqu
587 2814 692 2841 scatet.
715 2818 776 2837 cum
798 2812 872 2839 omni
895 2813 1032 2840 incondita

1091 2295 1128 2326 ὡς
1144 2297 1242 2329 εἰπεῖν,
1258 2297 1438 2334 περιώρισται
1449 2309 1456 2315 ·
1473 2300 1574 2335 ὁμοίως
1595 2302 1623 2328 δὲ
1637 2303 1689 2330 κὰν
1703 2306 1762 2336 ταῖς
1776 2306 1884 2341 Προφη-

1089 2341 1185 2373 τείαις,
1203 2343 1253 2370 κὰν
1267 2345 1327 2375 ταῖς
1339 2345 1461 2378 Σοφίαις,
1482 2347 1533 2373 κάν
1547 2349 1608 2380 ταῖς
1621 2348 1777 2381 Βασιλείαις
1791 2351 1882 2386 ζητῶν

1089 2386 1225 2422 εὑρήσεις,
1245 2388 1276 2414 τὸ
1303 2389 1434 2421 ἀπλανὲς,
1458 2389 1545 2426 οἶμαι,
1558 2393 1607 2419 καὶ
1621 2394 1702 2428 σοφὸν
1718 2395 1767 2422 τοῦ
1783 2396 1882 2430 ὁδηγοῦ

1091 2431 1163 2458 Θείου
1179 2433 1337 2468 Πνεύματος
1359 2435 1405 2461 τοῦ
1418 2435 1496 2470 λόγου
1513 2437 1565 2464 κάν
1578 2439 1665 2474 τούτῳ
1680 2442 1863 2475 παριστάντος
1874 2451 1881 2458 ⁸

1087 2478 1128 2504 δεῖ
1143 2479 1196 2514 γὰρ
1210 2480 1256 2506 τὸν
1270 2481 1317 2507 τοῦ
1331 2481 1377 2508 νοῦ
1396 2483 1570 2518 παιδαγωγὸν
1596 2485 1630 2512 τὰ
1648 2487 1815 2522 ὲμποιητικὰ
1831 2489 1883 2523 τῆς

1087 2524 1223 2556 ἀπλανοῦς
1235 2526 1373 2558 γνώσεως,
1386 2529 1518 2564 πρότερον
1529 2530 1679 2566 ἀλωῆήτως
1691 2535 1880 2569 κοσμήσαντα.

1087 2570 1124 2602 ὼς
1139 2571 1189 2606 τὴν
1203 2572 1301 2608 νοητὴν
1314 2573 1443 2609 αἴσθησιν
1462 2575 1511 2610 τῆς
1525 2576 1629 2609 οἰκείας
1646 2578 1794 2613 ὀρθότητος
1813 2582 1882 2607 ἁπο-

1087 2618 1265 2652 γευσάμενον,
1278 2619 1308 2645 τὸ
1320 2621 1471 2654 τηνικαῦτα
1489 2622 1536 2648 καὶ
1553 2623 1618 2658 περὶ
1634 2623 1688 2650 τῶν
1701 2627 1882 2662 πορρωτέρω-ι

1087 2663 1317 2691 διαϐεϐαιοῦσθαι.

1122 2722 1175 2758 κη’.
1192 2724 1227 2750 Τὸ
1237 2724 1265 2751 δέ
1281 2733 1312 2759 γε
1326 2725 1460 2753 οἴκτιστον
1477 2728 1524 2754 καὶ
1541 2728 1682 2762 ἀλόγιστον
1698 2729 1745 2756 τοῦ
1762 2729 1880 2765 Ἄραϐος

1087 2769 1208 2804 Μωὰμετ
1220 2770 1357 2805 βιϐλίδιον,
1372 2774 1440 2808 μετὰ
1458 2773 1508 2806 τὰς
1521 2775 1561 2806 εἰς
1576 2775 1622 2801 τὸν
1636 2775 1768 2810 ’Ὕψιστον
1777 2777 1879 2810 δυσφη-

1087 2814 1150 2850 μίας
1168 2817 1320 2852 ἀνάμεστον
1333 2820 1477 2854 τυγχάνον,
1493 2821 1541 2846 σὺν
1563 2820 1640 2857 πάσῃ
1652 2822 1684 2856 τῇ
1700 2821 1815 2856 ἀκόσμῳ
1831 2822 1878 2848 καὶ

285 2878 648 2934 fortasse
661 2887 840 2916 ἀνασπῶσιν·
863 2895 890 2917 ct
924 2891 1033 2926 quidem
1054 2893 1090 2920 ita
1109 2894 1238 2923 relectum
1271 2896 1321 2924 l‘uit
1336 2897 1362 2924 itt
1379 2898 1475 2927 codice
1489 2907 1503 2926 a
1518 2899 1638 2928 secunda
1677 2908 1770 2934 manu,
1799 2902 1877 2929 abta-

250 2912 289 2940 sis
298 2914 400 2950 aliquot
415 2919 536 2953 syllabis.
