2083 3155
317 165 369 197 707

935 161 1086 192 Nicen;
1100 142 1311 193 (BYZANTINI
1328 196 1331 197 ,

1901 161 1956 194 708

319 226 372 254 ret,
391 219 572 255 theologicam
596 217 666 245 hanc
684 217 864 252 irreligiosam
887 224 981 244 vocem
996 217 1107 252 crepuit.

1165 219 1195 245 τὸ
1209 218 1297 250 Θεῖον,
1308 218 1407 254 μᾶλλον
1417 218 1456 251 δὲ,
1470 218 1509 250 ὡς
1522 216 1604 249 αὐτὸς
1617 215 1705 250 εἶπεν,
1721 216 1886 253 ὀλόσφαιρός
1898 218 1953 251 (lt)

317 267 391 303 quod
409 273 507 300 nempe
527 265 598 292 Deus
617 264 704 299 Iigura
721 263 854 298 sphaerica
871 262 917 294 sit,
940 263 996 290 imo
1019 263 1110 298 potius

316 318 404 341 totum
425 311 585 347 sphaeralem
603 310 686 337 Deum
703 309 782 341 dixit,
801 313 902 344 putans
917 316 980 336 eum
996 316 1109 343 prorsus

315 366 378 386 esse
390 364 548 392 corporeum
564 365 572 389 ;
591 363 678 391 neque
691 356 763 383 enim
780 356 859 382 aliter
870 355 983 390 sphmrre
995 355 1108 390 ﬁguram

316 404 460 438 reciperet.
486 402 545 430 Jam
569 401 805 429 cum'materialis
828 401 934 436 sphaara
959 402 1108 428 secundum

316 449 504 476 Mohamcdem
517 448 588 476 Deus
600 450 645 480 sit,
655 449 678 476 is
689 449 798 483 quidem
814 455 901 483 neque
909 448 1011 482 audiet,
1022 456 1111 484 neque

316 500 419 527 cernet,
437 495 666 527 intellectualiter,
690 495 802 529 inquam
818 503 825 527 ;
848 502 935 529 neque
951 495 1017 522 item
1037 501 1110 529 aget,

317 541 342 569 si
354 542 465 576 quando
479 542 513 568 ab
529 541 583 568 alio
600 541 762 573 movebitur,
781 541 970 576 praecipueque
981 541 1110 568 deorsum

315 586 495 614 stolidissime
502 586 649 613 deferetur.
664 586 775 621 Ignosce
787 586 863 618 mihi,
876 585 959 618 Deus,
972 585 1112 614 Mohame-

315 632 358 659 dis
387 633 550 659 sententiam
577 633 694 665 dicenti,
721 640 878 667 quanquam
902 633 992 667 potius
1015 639 1110 660 contra

315 677 405 711 ipsum
432 677 564 711 loquenti.
588 676 668 710 Quod
683 677 706 704 si
725 679 793 705 Iorte
810 678 900 712 ipsum
923 678 1022 705 coelum
1045 679 1112 706 dicit

317 723 414 755 Deum,
429 724 501 750 sicut
515 724 592 750 multi
610 724 782 751 ethnicorum
799 723 912 750 fabulati
927 729 1004 756 sunt,
1021 724 1111 752 adhuc

315 775 379 795 vere
401 776 450 795 nos
464 768 584 795 diximus
607 769 807 795 daemoniacum
831 776 891 796 esse
908 767 1109 796 Mohamcden‘.

314 813 495 848 l’hysiologiae
519 814 629 848 insuper
653 815 693 842 vel
714 814 782 841 nihil
808 814 921 842 omnino
944 816 1043 848 novit;
1069 815 1110 843 vel

314 867 376 886 cum
395 867 455 886 eam
474 860 593 888 salutare
609 859 643 887 de
658 861 751 888 limine
772 862 874 894 audet,
889 869 922 888 en
940 861 1006 888 dicit
1019 861 1109 888 homi-

315 913 377 933 nem
394 913 427 932 ες
446 905 573 933 hirudine
592 914 652 934 esse
667 907 767 934 factum
782 915 789 940 ;
806 911 834 934 et
848 907 933 934 solem
949 907 975 935 in
991 909 1107 936 calidam

315 958 413 986 aquam
425 952 574 987 submergi,
588 960 649 980 cum
665 953 699 980 ad
715 961 854 988 vesperam
870 954 989 981 devenit.
1004 954 1064 981 .lam
1082 955 1108 982 in

316 1005 346 1025 re
369 999 464 1025 morali
487 999 551 1033 quid
564 1000 625 1027 ait?
648 999 803 1027 Satisfaeite
824 1001 970 1028 animabus
983 1003 1081 1029 vestris
1101 1010 1108 1034 ;

315 1044 388 1071 odile
400 1045 559 1079 quemlibet,
577 1051 658 1080 prout
672 1046 716 1073 ille
731 1054 779 1074 vos
796 1047 894 1074 oderit.
906 1047 984 1080 Quod
1000 1055 1064 1074 vero
1075 1047 1109 1075 ad

316 1090 457 1117 historian-
468 1092 575 1124 attinet,
588 1096 690 1127 quanta
705 1092 738 1120 de
751 1093 854 1128 Moyse,
866 1097 893 1120 et
905 1095 936 1120 de
950 1094 1008 1128 ipso
1017 1093 1110 1121 Domi-

315 1145 351 1164 no
367 1141 460 1164 nostro
470 1137 533 1166 Iesu
549 1138 659 1166 Christo
671 1140 800 1166 mentitur
816 1139 828 1166 ‘P
847 1140 925 1174 quasi
939 1139 996 1167 haec
1010 1140 1051 1167 vel
1062 1140 1109 1168 illa

315 1182 411 1210 fecerit
435 1188 481 1211 aut
503 1184 611 1212 loculus
636 1184 742 1218 fuerit;
770 1186 975 1223 qua:_videlicet
996 1186 1110 1221 legendo

314 1228 491 1262 cognoscitis.
513 1229 581 1256 Nam
604 1230 708 1258 Christi
739 1231 851 1258 Matrem
887 1239 1010 1259 sororem
1047 1238 1109 1259 esse

314 1273 416 1309 Moysis
436 1275 511 1307 dicit.
527 1280 553 1303 et
571 1275 743 1304 Christianos
764 1285 825 1304 cum
845 1277 937 1312 Moyse
951 1277 977 1304 in
1000 1277 1110 1304 deserto

314 1324 446 1346 versatos.
462 1319 495 1346 Et
515 1327 548 1348 ne
568 1325 665 1348 cuncta
686 1329 758 1349 nunc
777 1329 952 1352 enumerans.
974 1323 1030 1350 haec
1050 1322 1110 1350 sine

313 1364 549 1394 demonstratione
559 1368 758 1402 reprehendere
768 1369 870 1401 videar,
884 1376 915 1396 ea
926 1368 1109 1396 confutationi

313 1415 408 1445 postea
423 1419 486 1439 cum
506 1412 552 1440 Dei
570 1414 658 1447 gratia
675 1413 806 1441 facienda
819 1415 975 1441 reservabo.
997 1414 1108 1441 Interim

313 1463 429 1485 eatenus
444 1464 550 1486 tantum
564 1465 699 1494 quatenus
710 1468 779 1494 opus
792 1465 851 1487 erat
863 1460 898 1486 ob
908 1460 1108 1487 ostendendum

313 1504 405 1532 divina
435 1506 610 1540 humanaque
631 1507 766 1541 sapientia
802 1514 917 1533 vacuam
953 1505 1040 1533 fuisse
1061 1514 1108 1533 su-

313 1553 425 1586 perbam
441 1552 611 1579 Mohamedis
627 1557 756 1584 mentem.
777 1557 804 1579 et
824 1552 922 1586 quovis
939 1551 1108 1578 charismate

313 1598 444 1624 divinitus
465 1597 624 1624 hominibus
637 1597 696 1624 dari
708 1597 790 1624 solito
801 1597 934 1630 caruisse,
949 1596 1106 1623 summatim

312 1643 441 1678 praedicta
461 1643 596 1670 recensui.

355 1687 400 1714 30.
417 1687 485 1714 Nam
499 1695 561 1714 cum
575 1687 707 1714 tredecim
728 1695 811 1722 supra
831 1692 942 1715 centum
967 1691 1040 1715 totus
1060 1687 1105 1715 hie

313 1733 424 1760 libellus
447 1733 574 1768 capitulis
599 1738 724 1767 constet;
746 1734 772 1760 in
794 1734 882 1769 primo
907 1733 1028 1768 quidem,
1043 1739 1105 1769 post

312 1787 374 1806 eam
392 1787 453 1814 quze
471 1779 596 1814 prooemii
612 1780 701 1807 locum
721 1780 827 1807 videtur
844 1785 937 1807 tenere
951 1781 1103 1815 scriptiun-

313 1825 414 1857 culam,
434 1825 558 1852 homines
576 1834 591 1852 a
613 1833 641 1852 se
656 1826 785 1860 deceptos
810 1826 981 1859 cohortatur,
1007 1834 1041 1853 ne
1054 1826 1106 1853 du-

314 1871 475 1898 bitationem
495 1877 586 1899 mente
599 1872 709 1899 foveant
723 1873 795 1900 circa
811 1871 882 1899 hanc
894 1880 971 1900 suam
991 1871 1104 1899 fraudu-

313 1917 417 1945 lentam
431 1918 609 1953 scripturam,
619 1920 697 1954 quasi
712 1920 880 1947 mendaciter
891 1920 927 1947 sit
937 1920 1103 1955 conscripta.

352 2006 409 2042 (Η)
426 2006 595 2043 Vocabulum
610 2006 770 2039 Arabicum,
794 2015 850 2043 quo
868 2008 955 2035 utitur
969 2007 1110 2038 Mohame-

313 2042 372 2072 des.
389 2042 544 2076 signiﬁcare
559 2048 614 2069 lum
630 2043 790 2078 ὀλόσφυρον,
803 2043 931 2075 solidum,
950 2048 1006 2070 tum
1025 2044 1107 2070 etiam

313 2083 451 2108 wternum,
462 2078 518 2112 jam
533 2078 733 2105 adnotaverunt
744 2078 880 2106 lielandus
895 2079 921 2105 in
939 2078 1109 2106 Mohamedi-

312 2113 350 2139 cis
368 2113 414 2148 lib.
436 2120 466 2143 ιι,
485 2113 512 2142 5,
536 2118 563 2140 et
585 2112 745 2148 Frcytagius
763 2114 789 2140 in
814 2113 924 2140 Lexico.
942 2114 974 2140 Et
994 2114 1104 2148 quidem

311 2152 376 2175 ante
393 2147 544 2175 Rclandum
561 2147 711 2175 Maraceius
724 2150 901 2177 transtulerat
916 2147 1105 2182 sempiternum

313 2183 340 2209 in
354 2191 418 2209 sura
433 2182 514 2215 CXII,
530 2183 558 2214 2,
575 2185 606 2210 de
621 2191 676 2218 quo
687 2184 746 2211 loco
763 2192 836 2212 nunc
850 2184 970 2218 loquitur
985 2184 1104 2216 Nicetes,

312 2219 391 2254 cujus
405 2219 645 2254 hallucinationem
662 2224 773 2247 secutus
787 2225 828 2247 est
843 2219 1006 2254 Euthymius
1019 2219 1105 2254 Zyga-

312 2253 400 2280 lienus
414 2253 441 2279 in
455 2253 709 2290 I’anopliuaNoster
720 2262 784 2282 vero
800 2253 967 2290 Byzantinus
982 2253 1107 2280 ηοιιὸλό-

314 2296 417 2323 σφυρον
443 2289 547 2321 scribit,
564 2289 610 2316 sed
636 2289 809 2324 ὁλόσφαιρον,
823 2289 971 2323 scriptura:
987 2294 1016 2316 ut
1039 2294 1106 2323 puto

312 2324 491 2351 similitudine
507 2324 647 2358 deceptus.
665 2324 696 2350 Et
715 2326 825 2359 quidem
842 2325 919 2359 prius
939 2326 1102 2352 vocabulum

312 2358 428 2394 Arabico
441 2360 596 2393 respondet.
606 2367 661 2386 non
672 2358 735 2386 item
744 2358 905 2387 secundum.
918 2359 1029 2387 Corruit
1041 2367 1106 2394 ergo

312 2393 394 2429 simul
409 2398 463 2420 tota
479 2394 655 2428 reprehensio
676 2394 739 2422 hinc
754 2402 936 2429 consequens,
961 2395 1033 2429 quod
1048 2393 1107 2422 ΜΞ)-

312 2428 456 2455 hamedani
477 2429 562 2456 Deum
583 2430 752 2457 materialem
773 2438 832 2458 esse
848 2428 1015 2457 existiment.
1042 2430 1106 2457 Lin-

312 2471 371 2500 gua;
386 2471 489 2500 nempe
520 2464 644 2491 Arabicae
668 2466 750 2492 nimis
773 2472 846 2492 arcta
875 2469 922 2492 aut
947 2465 1105 2500 imperfecta

313 2498 423 2536 notitia
437 2499 545 2536 multas
562 2502 632 2533 apud
664 2500 774 2528 Grzecos
803 2500 970 2535 Latinosque
985 2498 1105 2536 ‘peperit

312 2533 506 2562 absurditates.
532 2534 570 2562 De
594 2536 646 2562 hoc
665 2535 782 2563 Arabico
801 2533 934 2563 vocabulo
958 2533 1011 2563 non
1036 2533 1107 2562 inale

311 2569 525 2606 Bartholema-us
558 2570 710 2606 monachus
727 2571 883 2598 EtleSsenus
898 2579 913 2598 a
928 2570 1037 2606 Moynio
1047 2571 1106 2598 edi—

312 2610 357 2631 tus
379 2604 440 2632 Var.
452 2614 522 2632 sacr.
536 2611 555 2633 t.
570 2605 589 2636 l,
607 2614 632 2640 p.
645 2606 706 2637 508,
723 2614 803 2640 quem
817 2607 880 2633 item
892 2604 1105 2634 inter—Alcorani

313 2640 501 2668 confutatorcs
519 2642 654 2675 ignoravit
673 2641 835 2669 Maraccius.

350 2677 405 2711 (I5)
423 2678 484 2703 Sur.
501 2676 593 2707 χυνι.
607 2677 634 2704 2.

348 2712 404 2746 (16)
420 2712 525 2739 Itursus
540 2713 729 2743 hallucinatiu.
746 2721 829 2748 quam
848 2712 931 2740 etiam
945 2712 1106 2749 Zygabenus

312 2753 421 2781 repetit,
433 2756 465 2775 ex
484 2749 617 2775 vocabulo
633 2749 751 2776 Arabico
764 2749 835 2783 quod
853 2749 964 2783 sanguis
979 2749 1104 2783 coagula-

312 2787 355 2809 ιιιε
385 2789 464 2810 sonat
485 2787 545 2814 (seu
562 2784 673 2818 σπέρμα
694 2785 879 2818 γεννητικόν),
906 2789 933 2810 et
961 2792 1025 2811 cum
1054 2784 1104 2811 levi

311 2818 442 2845 varietate
454 2819 561 2845 hirudo.
580 2818 617 2845 Ita
626 2821 699 2846 enim
716 2824 788 2846 recte
805 2819 970 2850 Maraccius,
987 2827 1038 2846 nec
1050 2826 1104 2846 non

311 2851 451 2890 “claudus
465 2855 513 2881 lib.
530 2862 559 2885 ιι,
575 2854 620 2886 56,
640 2860 664 2882 et
680 2854 839 2890 Freytagius
852 2855 878 2880 in
892 2854 1002 2881 Lexico.
1020 2853 1105 2882 Porro

311 2892 340 2914 ut
351 2887 511 2924 Zygahenus
522 2895 635 2918 secutus
649 2895 691 2918 est
702 2887 803 2918 Nicetis
815 2890 957 2925 Byzantini
969 2897 1103 2923 errorem,

1128 904 1146 931 Β

1124 2239 1145 2266 D

1162 266 1236 292 ἐστιν
1253 266 1267 291 ὁ
1283 265 1361 298 Θεὸς,
1377 264 1458 300 σῶμα
1477 264 1587 296 πάντως
1600 263 1682 290 αὑτὸν
1694 263 1834 298 οιόμενοςε
1850 263 1882 290 οὐ
1899 264 1955 299 γὰρ

1162 311 1195 338 ἂν
1211 311 1298 342 ἄλλως
1314 311 1344 337 τὺ
1362 312 1411 346 τῆς
1423 310 1540 346 σφαίρας
1555 309 1663 345 ἐδέχετο
1676 310 1771 344 σχῆμα
1781 318 1787 324 ·
1806 310 1910 344 σφαῖρα
1926 309 1956 335 δὲ

1162 358 1242 394 ὑλικὴ
1266 358 1326 384 κατ’
1343 357 1426 384 αὐτὴν
1449 356 1602 392 τυγχάνων,
1626 355 1688 382 οὔτε
1714 355 1874 387 ἀκούσεται,
1891 355 1955 382 οὔτε

1161 404 1255 439 homo:
1283 403 1386 439 νοητῶς
1405 403 1536 438 δηλονότι,
1565 401 1627 428 οὔτε
1646 401 1791 437 ἐνεργήσει
1820 401 1913 433 πάλιν,
1931 402 1956 427 εἰ

1162 459 1213 477 που
1230 450 1306 485 τύχοι
1332 450 1396 484 παρ’
1427 449 1507 476 ἄλλον
1527 448 1660 483 κινηθεὶς,
1688 447 1736 474 καὶ
1751 447 1869 482 μάλιστα
1883 450 1955 474 κατὰ

1162 495 1282 531 πρανοῦς
1293 495 1444 529 ἀλογίστως
1458 493 1588 530 φέρεσθαι
1598 501 1605 509 ⁸
1621 493 1746 528 ίλάσθητι
1763 493 1841 528 ἡμῖν,
1853 494 1867 520 ὁ
1877 493 1954 525 Θεὸς,

1161 543 1196 568 τὰ
1209 541 1292 569 αὑτοῦ
1307 541 1442 575 λέγουσιν,
1454 541 1478 566 εὶ
1491 540 1539 567 καὶ
1550 540 1610 566 κατ’
1625 539 1708 566 αὐτοῦ
1722 548 1729 555 ·
1743 539 1767 565 εί
1784 539 1812 566 δὲ
1826 539 1858 574 δὴ
1872 539 1955 566 αὑτὶν

1162 589 1207 615 τὸν
1221 588 1335 623 οὐρανὸν
1347 588 1392 614 τὸν
1406 587 1471 613 Θεὸν
1486 587 1571 625 λέγει,
1586 585 1623 617 ὡς
1638 585 1732 612 πολλοὶ
1746 585 1800 611 τῶν
1821 585 1955 620 Ἐλλήνων

1162 635 1310 671 ἐλήρησαν,
1330 635 1378 661 καὶ
1392 633 1479 665 οὕτως
1497 632 1644 668 ἀληθεύσει
1657 633 1671 658 ὁ
1685 632 1774 666 λόγος,
1789 632 1955 666 δαιμονιὼδη

1161 682 1242 708 αὑτὸν
1268 680 1388 716 εἰρηκὼς
1417 678 1498 707 εἶναι.
1527 680 1575 710 El;
1598 679 1626 705 δὲ
1655 677 1955 713 φυσιολογίανῆοὺδὲν

1163 729 1246 763 φάναι
1259 728 1404 762 ἠπίστατο,
1425 727 1441 762 ἢ
1462 727 1486 753 εἰ
1504 726 1552 753 καὶ
1572 725 1764 760 προκύψαιείς
1779 724 1858 751 τοῦτο
1879 725 1956 751 ἐτόλ-

1164 783 1260 810 μησεν,
1290 774 1363 807 λέγει
1388 774 1444 808 (15)
1469 773 1510 799 ὄτι
1538 772 1571 798 ὲκ
1585 771 1695 806 βδέλλης
1714 770 1771 806 (16)
1784 772 1798 798 ὁ
1811 770 1956 805 ἄνθρωπος

1161 822 1276 856 γίνεται,
1295 821 1341 847 καὶ
1355 822 1370 847 ὁ
1385 820 1459 854 ἥλιος
1486 820 1526 851 είς
1544 818 1650 854 θερμὴν
1665 817 1738 853 ὕδωρ
1754 816 1956 849 καταϐαπτίζε-

1161 877 1206 894 ται
1220 868 1289 902 πρὸς
1304 867 1424 902 ἑσπέραν
1451 865 1600 901 φερόμενος
1616 864 1684 900 (I7).
1700 864 1747 896 Είς
1763 864 1793 890 δὲ
1809 863 1914 898 ὴθικὸν,
1927 864 1954 889 τί

1162 914 1207 940 καί
1223 921 1320 948 φησιν;
1338 911 1484 939 sumam
1502 913 1561 943 ταῖς
1577 911 1677 946 ψυχαῖς
1693 910 1782 946 ὑμῶν,
1796 911 1842 937 καὶ
1855 910 1954 945 ἐχθρά-

1161 967 1225 985 νατε
1238 958 1332 990 παντὶ,
1344 957 1404 984 καθ’
1420 958 1434 983 ὃ
1452 957 1506 988 πᾶς
1521 965 1563 988 τις
1585 956 1722 991 ἐχθραίνει
1737 956 1802 991 ὑμῖν
1819 955 1887 991 (l8).
1905 955 1952 986 Ei;

1161 1005 1189 1031 δὲ
1205 1004 1336 1040 ίστορίαν,
1351 1005 1402 1030 ὃσα
1418 1003 1557 1034 Μωῦσέως
1583 1002 1792 1037 καταψεύδεται,
1814 1001 1898 1029 αὐτοῦ
1922 1010 1952 1028 τε

1161 1050 1208 1077 τοῦ
1225 1050 1329 1085 Κυρίου
1346 1048 1424 1084 ἡμῶν
1445 1047 1534 1083 Ἰησοῦ
1552 1047 1684 1083 Χριστοῦ.
1698 1047 1734 1080 ὡς
1749 1045 1812 1075 τάδε
1829 1047 1877 1074 καὶ
1890 1047 1952 1074 τάδε

1162 1095 1344 1130 πεποιηκότος
1356 1095 1402 1121 καὶ
1409 1094 1587 1129 λελαληκὸτος
1597 1113 1605 1125 ,
1619 1093 1667 1120 καὶ
1681 1093 1705 1119 οἱ
1719 1091 1952 1127 ἀναγινώσκοντες

1163 1143 1292 1177 συνορᾶτε
1304 1150 1310 1157 ·
1329 1142 1378 1176 τήν
1393 1149 1422 1167 τε
1436 1141 1490 1176 γὰρ
1505 1140 1620 1174 Μητέρα
1637 1138 1757 1174 Χριστοῦ
1767 1138 1817 1174 τὴν
1834 1137 1952 1173 ἀδελφὴν

1161 1188 1300 1219 Μωῡσέως
1315 1187 1414 1222 φάσκει
1431 1184 1511 1219 εἶναι,
1539 1186 1602 1217 τούς
1629 1193 1659 1211 τε
1685 1185 1865 1220 Χριστιανοὺς
1884 1184 1953 1218 μετὰ

1160 1234 1300 1266 Μωῡσέως
1314 1235 1433 1260 συνεῖναι
1444 1234 1472 1259 ὲν
1486 1234 1519 1267 τῇ
1530 1233 1628 1267 ἐρήμῳ
1642 1231 1697 1267 (19)
1711 1239 1718 1246 ·
1734 1233 1781 1257 καὶ
1795 1231 1837 1257 ῐνα
1856 1231 1892 1265 μὴ
1904 1230 1952 1256 νῦν

1160 1282 1195 1308 τὰ
1211 1281 1301 1308 πάντα
1325 1278 1567 1314 ἀπαριθμούμενος
1592 1277 1777 1305 ἀναπόδεικτα
1800 1276 1886 1303 ταῦτα
1899 1278 1951 1303 ὰπ-

1161 1328 1282 1362 ελέγχειν
1295 1327 1374 1359 δόξω,
1389 1328 1422 1361 τῇ
1448 1326 1595 1361 μετέπειτα
1617 1324 1685 1351 Θεοῦ
1702 1324 1794 1359 χάριτι
1808 1323 1952 1359 τεθειμένῃ

1160 1374 1268 1406 ἑκάστῳ
1290 1373 1381 1399 αὐτῶν
1395 1372 1536 1406 ἀνατροπῇ
1552 1370 1738 1405 ταμιεύσομαι
1749 1378 1755 1384 ·
1771 1369 1831 1395 νυνὶ
1844 1370 1872 1395 δὲ
1885 1369 1951 1395 ὁπό-

1161 1428 1207 1446 σον
1219 1419 1298 1454 μόνον
1311 1419 1378 1454 πρὸς
1394 1417 1424 1444 τὺ
1437 1417 1522 1449 δεῖξαι
1536 1417 1640 1452 ἔρημον
1657 1416 1732 1448 Θείας
1747 1417 1794 1442 καὶ
1808 1415 1950 1449 ἀνθρωπί-

1160 1475 1208 1501 νης
1225 1466 1321 1499 σοφίας
1335 1465 1380 1491 τὸν
1397 1464 1515 1495 ἀλαζόνα
1531 1463 1604 1496 νοῦν,
1620 1464 1666 1490 καὶ
1676 1459 1714 1490 ὦν
1729 1463 1876 1498 ἐστέρηται
1890 1463 1952 1488 θεο-

1159 1512 1287 1547 δωρήτων
1302 1509 1457 1546 ἀνθρώποις
1481 1509 1670 1545 χαρισμάτων,
1687 1509 1880 1543 κεφαλαιωδῶς
1895 1509 1950 1535 ἁπ-

1121 1572 1145 1602 c
1159 1558 1312 1594 ηρίομησα.

1189 1690 1222 1717 λ’.
1239 1689 1329 1725 Τριῶν
1345 1689 1399 1724 γὰρ
1428 1689 1475 1715 καὶ
1494 1688 1560 1715 δέκα
1578 1688 1647 1724 πρὸς
1671 1689 1726 1719 τοῖς
1747 1687 1845 1714 suam
1862 1695 1949 1721 κεφα-

1153 1737 1239 1769 λαίοις
1249 1736 1279 1762 τὸ
1293 1735 1354 1762 ὅλον
1368 1735 1447 1762 τοῦτο
1462 1735 1636 1770 ὲκδεδομένον
1653 1734 1790 1769 βιϐλίδιον,
1804 1735 1834 1760 ὲν
1851 1733 1899 1768 μὲν
1910 1732 1949 1768 τῷ

1155 1781 1256 1817 πρώτῳ
1278 1781 1361 1816 λόγῳ,
1390 1780 1461 1807 κατὰ
1475 1781 1526 1815 τὴν
1550 1779 1683 1806 δοκοῦσαν
1711 1779 1853 1814 προοιμίου
1867 1780 1950 1806 τόπον

1155 1828 1226 1863 ἔχειν
1240 1827 1359 1862 γραφὴν,
1376 1826 1538 1862 παραίνεσιν
1551 1827 1667 1852 ποιεῖται
1681 1825 1749 1861 πρὸς
1769 1826 1832 1858 τοὺς
1844 1826 1948 1852 πεπλα-

1158 1873 1290 1908 νημένους
1316 1872 1362 1899 ὑπ’
1376 1871 1471 1904 αὑτοῦ,
1491 1872 1529 1907 μὴ
1547 1872 1619 1906 ἔχειν
1635 1872 1664 1897 ἐν
1676 1870 1780 1906 διανοίᾳ
1799 1870 1950 1904 δισταγμὸν

1161 1919 1225 1954 περὶ
1244 1919 1292 1954 τῆς
1312 1918 1453 1953 ἅπατηλῆς
1471 1916 1554 1944 αὑτοῦ
1579 1916 1681 1951 ταύτης
1699 1917 1808 1951 γραφῆς
1835 1915 1892 1950 (ΞΟ)
1908 1915 1951 1942 ὃτι

1161 2007 1198 2034 ita
1215 2006 1339 2035 vicissim
1358 2006 1532 2041 Zygabenum
1557 2009 1669 2034 secutus
1683 2011 1726 2034 est
1744 2006 1854 2034 Nicetas
1872 2007 1948 2034 Cho-

1162 2043 1236 2069 niala
1253 2043 1278 2068 in
1304 2038 1459 2069 ονιΙιοὶίοτέω
1479 2041 1542 2077 ﬁdei
1565 2041 1700 2068 Thesauro
1719 2049 1733 2069 a
1756 2043 1835 2069 nobis
1849 2043 1949 2077 partim

1160 2079 1232 2105 edito
1249 2077 1349 2108 Spei-il.
1366 2077 1445 2103 Roni.
1464 2082 1482 2104 t.
1501 2076 1545 2107 IV,
1564 2077 1609 2104 ubi
1627 2077 1726 2104 ridesis
1738 2076 1862 2112 paginam
1883 2078 1947 2104 492.

1160 2112 1200 2140 Re
1214 2114 1322 2147 quidem
1340 2120 1402 2139 vera
1420 2112 1593 2139 Iliohamedcs
1606 2113 1723 2145 primum
1740 2114 1877 2139 hominem
1894 2113 1949 2139 Ior-

1160 2154 1264 2175 matum
1277 2155 1292 2174 a
1316 2147 1369 2174 Deo
1384 2155 1416 2174 ex
1435 2148 1492 2174 luto
1507 2156 1554 2174 seu
1571 2148 1690 2182 pulvere,
1707 2147 1836 2182 deinceps
1858 2148 1947 2174 Immi-

1160 2191 1209 2210 nes
1223 2190 1257 2210 ex
1279 2183 1429 2217 sanguineo
1443 2183 1568 2217 coagulo.
1587 2190 1634 2210 seu
1652 2184 1684 2209 ἐκ
1709 2182 1757 2209 τοῦ
1777 2184 1946 2218 σπέρματος,

1159 2219 1245 2253 gigni,
1273 2219 1400 2253 plurimis
1416 2218 1441 2244 in
1470 2219 1537 2244 locis
1553 2222 1646 2252 aperte
1673 2219 1751 2248 dicit,
1770 2225 1827 2244 sur.
1853 2217 1946 2247 XVIII.

1158 2252 1214 2287 38’;
1234 2252 1320 2284 XXII,
1336 2253 1362 2278 5.
1380 2252 1474 2285 XXIII,
1487 2254 1537 2285 I2;
1556 2253 1664 2282 λΧΧΙΙ,
1679 2254 1706 2286 7,
1722 2254 1758 2285 ὃς
1776 2253 1884 2281 XXXV.
1898 2254 1946 2285 ll;

1247 2289 1298 2322 σξη
1331 2287 1386 2321 LV,
1414 2289 1464 2320 ii;
1497 2287 1609 2320 Lxxv,
1640 2289 1690 2322 57;
1717 2289 1817 2321 xcw,
1849 2288 1893 2321 is,
1920 2295 1948 2316 et

1159 2332 1193 2350 al
1216 2333 1234 2350 1.

1158 2325 1234 2351 alibi.

1195 2360 1251 2395 (I7)
1268 2360 1331 2388 δην.
1349 2360 1446 2391 xvm,
1461 2359 1506 2387 ετ.

1193 2393 1249 2431 (I8)
1270 2397 1332 2422 Sur.
1356 2396 1387 2428 Il,
1407 2396 1477 2427 I92;
1496 2393 1541 2426 IX,
1558 2393 1725 2431 6,75,_I%.

1194 2429 1249 2466 (19)
1266 2432 1500 2458 Anacbronismus
1514 2430 1629 2466 insignis
1637 2429 1816 2463 Mohamedis,
1826 2430 1946 2457 hominis

1159 2466 1373 2493 illitteratissimi
1388 2475 1395 2499 ;
1415 2467 1462 2500 qui
1475 2473 1553 2493 error
1568 2465 1635 2492 satis
1650 2466 1824 2500 comprobari
1839 2466 1947 2492 videtur

1157 2509 1190 2528 ex
1207 2509 1269 2528 sura
1281 2501 1352 2534 XIX,
1363 2502 1408 2532 '27,
1424 2506 1581 2535 comparata
1593 2508 1656 2528 cum
1670 2509 1735 2528 sura
1747 2501 1790 2532 III,
1808 2501 1834 2530 I.
1844 2500 1947 2534 ‘Quan-

1158 2544 1239 2570 quam
1257 2537 1459 2567 Mobamedani,
1476 2536 1656 2570 nonnullique
1680 2536 1842 2569 Christiani,
1861 2536 1945 2563 veluti

1158 2571 1320 2599 Ilerbelotus
1336 2577 1363 2599 et
1380 2572 1519 2599 Itelandus
1532 2571 1563 2602 ll,
1579 2571 1625 2604 ‘20,
1653 2575 1757 2599 textum
1782 2571 1946 2599 historicum

1158 2607 1286 2634 Alcorani
1300 2607 1379 2634 aliter
1393 2607 1529 2642 explicare
1541 2615 1594 2633 non
1607 2607 1826 2642 improbabiliter
1841 2607 1946 2642 volunt.

1158 2642 1323 2677 quibuscum
1352 2641 1443 2669 tamen
1470 2642 1621 2669 Maraccius
1646 2648 1700 2669 non
1725 2642 1862 2669 cel-sentit
1890 2646 1910 2668 t.
1925 2641 1945 2674 Ι,

1156 2682 1228 2712 part.
1248 2686 1284 2710 IV,
1298 2677 1343 2709 85,
1360 2683 1387 2705 et
1405 2683 1424 2704 t.
1440 2677 1470 2708 II,
1487 2684 1514 2712 p.
1530 2677 1591 2704 “5.

1205 2713 1252 2748 20)
1268 2712 1358 2748 Vulgo
1371 2711 1530 2740 scribuntur
1542 2712 1690 2744 sectiones,
1703 2720 1751 2740 seu
1767 2719 1849 2743 surae,
1865 2711 1947 2738 Alco.

1157 2749 1217 2776 rani
1233 2748 1325 2779 CXIV,
1340 2749 1404 2782 quia
1419 2750 1505 2782 prima
1521 2749 1604 2775 etiam
1620 2753 1790 2780 numeratur,
1803 2755 1885 2782 quam
1902 2752 1945 2774 ut-

1157 2789 1219 2817 pote
1247 2785 1348 2811 nudam
1381 2785 1581 2811 invocationem
1616 2791 1663 2810 seu
1696 2783 1945 2818 prtel'atiuncnlam.
1996 2784 2001 2785 ⁷

1157 2820 1244 2846 Grzeei
1275 2821 1301 2845 in
1329 2827 1473 2846 numerum
1495 2827 1546 2845 non
1575 2817 1739 2846 referebant.
1769 2817 1893 2852 Namque
1919 2823 1947 2844 et

1158 2854 1277 2881 I‘Evodius
1289 2855 1440 2882 monachus
1457 2855 1527 2888 apud
1551 2854 1688 2886 Euthymii
1703 2853 1838 2889 Zygaheni
1858 2852 1946 2880 Pano-

1157 2891 1252 2924 plium,
1271 2891 1312 2918 tit.
1340 2889 1436 2923 XXIV,
1455 2890 1482 2922 2,
1508 2898 1588 2918 suras
1616 2888 1730 2917 nonnisi
1759 2888 1841 2916 CXIII
1867 2889 1945 2918 dicit.
