  <div class='ocr_page' id='page_1' title='image "/cluster/home/n/w/nwhite01/storage/ocr_20150623/105/njp.32101077772893/430.png"; bbox 0 0 2083 3155; ppageno 0'>
   <div class='ocr_carea' id='block_1_1' title="bbox 199 157 253 190">
    <p class='ocr_par' dir='ltr' id='par_1_1' title="bbox 199 157 253 190">
     <span class='ocr_line' id='line_1_1' title="bbox 199 157 253 190; baseline 0 -1"><span class='ocrx_word' id='word_1_1' title='bbox 199 157 253 190; x_wconf 81' lang='grc'><strong>’137</strong></span> 
     </span>
    </p>
   </div>
   <div class='ocr_carea' id='block_1_2' title="bbox 783 157 1268 189">
    <p class='ocr_par' dir='ltr' id='par_1_2' title="bbox 783 157 1268 189">
     <span class='ocr_line' id='line_1_2' title="bbox 783 157 1268 189; baseline 0 -2"><span class='ocrx_word' id='word_1_2' title='bbox 783 157 1001 189; x_wconf 77' lang='lat' dir='ltr'><strong>REFUTATIO</strong></span> <span class='ocrx_word' id='word_1_3' title='bbox 1029 157 1109 188; x_wconf 77' lang='lat' dir='ltr'><strong>MOI]</strong></span> <span class='ocrx_word' id='word_1_4' title='bbox 1116 157 1268 188; x_wconf 76' lang='lat' dir='ltr'><strong>A‘MEDIS.</strong></span> 
     </span>
    </p>
   </div>
   <div class='ocr_carea' id='block_1_3' title="bbox 1782 160 1836 192">
    <p class='ocr_par' dir='ltr' id='par_1_3' title="bbox 1782 160 1836 192">
     <span class='ocr_line' id='line_1_3' title="bbox 1782 160 1836 192; baseline 0 0"><span class='ocrx_word' id='word_1_5' title='bbox 1782 160 1836 192; x_wconf 79' lang='lat'><strong>7&quot;-8</strong></span> 
     </span>
    </p>
   </div>
   <div class='ocr_carea' id='block_1_4' title="bbox 197 212 995 251">
    <p class='ocr_par' dir='ltr' id='par_1_4' title="bbox 197 212 989 250">
     <span class='ocr_line' id='line_1_4' title="bbox 197 212 989 250; baseline 0.001 -10"><span class='ocrx_word' id='word_1_6' title='bbox 197 213 320 240; x_wconf 80' lang='grc' dir='ltr'>τοιοῦτον</span> <span class='ocrx_word' id='word_1_7' title='bbox 336 212 365 239; x_wconf 78' lang='grc' dir='ltr'><strong>τδ</strong></span> <span class='ocrx_word' id='word_1_8' title='bbox 391 212 583 248; x_wconf 55' lang='grc' dir='ltr'>(φιλάνθρωπον</span> <span class='ocrx_word' id='word_1_9' title='bbox 599 213 645 240; x_wconf 74' lang='grc' dir='ltr'><strong>τοῦ</strong></span> <span class='ocrx_word' id='word_1_10' title='bbox 672 213 859 250; x_wconf 70' lang='grc' dir='ltr'><strong>ἀπανθρώπου</strong></span> <span class='ocrx_word' id='word_1_11' title='bbox 876 215 969 250; x_wconf 79' lang='grc' dir='ltr'>σχῆμα</span> <span class='ocrx_word' id='word_1_12' title='bbox 982 236 989 248; x_wconf 88' lang='grc'><strong>,</strong></span> 
     </span>
    </p>
   </div>
   <div class='ocr_carea' id='block_1_5' title="bbox 1047 212 1836 251">
    <p class='ocr_par' dir='ltr' id='par_1_5' title="bbox 1047 213 1836 251">
     <span class='ocr_line' id='line_1_5' title="bbox 1047 213 1836 251; baseline 0.004 -9"><span class='ocrx_word' id='word_1_13' title='bbox 1047 214 1176 247; x_wconf 70' lang='lat' dir='ltr'><strong>conﬁctae,</strong></span> <span class='ocrx_word' id='word_1_14' title='bbox 1193 222 1287 242; x_wconf 87' lang='lat' dir='ltr'><strong>scena.</strong></span> <span class='ocrx_word' id='word_1_15' title='bbox 1303 213 1355 242; x_wconf 90' lang='lat' dir='ltr'><strong>Sed</strong></span> <span class='ocrx_word' id='word_1_16' title='bbox 1373 214 1435 242; x_wconf 86' lang='lat' dir='ltr'><strong>inde</strong></span> <span class='ocrx_word' id='word_1_17' title='bbox 1452 215 1625 244; x_wconf 77' lang='lat' dir='ltr'><strong>comiucitur</strong></span> <span class='ocrx_word' id='word_1_18' title='bbox 1641 216 1714 251; x_wconf 87' lang='lat' dir='ltr'><strong>quod</strong></span> <span class='ocrx_word' id='word_1_19' title='bbox 1732 217 1836 245; x_wconf 86' lang='lat' dir='ltr'><strong>nullum</strong></span> 
     </span>
    </p>
   </div>
   <div class='ocr_carea' id='block_1_6' title="bbox 199 258 995 298">
    <p class='ocr_par' dir='ltr' id='par_1_6' title="bbox 199 258 995 295">
     <span class='ocr_line' id='line_1_6' title="bbox 199 258 995 295; baseline 0.001 -9"><span class='ocrx_word' id='word_1_20' title='bbox 199 259 248 286; x_wconf 78' lang='grc' dir='ltr'>καὶ</span> <span class='ocrx_word' id='word_1_21' title='bbox 273 259 290 294; x_wconf 82' lang='grc' dir='ltr'><strong>ἡ</strong></span> <span class='ocrx_word' id='word_1_22' title='bbox 319 258 406 293; x_wconf 79' lang='grc' dir='ltr'>σκηνὴ</span> <span class='ocrx_word' id='word_1_23' title='bbox 421 258 469 284; x_wconf 83' lang='grc' dir='ltr'>τοῦ</span> <span class='ocrx_word' id='word_1_24' title='bbox 485 258 619 293; x_wconf 82' lang='grc' dir='ltr'>μυθαρίου</span> <span class='ocrx_word' id='word_1_25' title='bbox 634 259 732 286; x_wconf 66' lang='grc' dir='ltr'>αὐτοῦ·</span> <span class='ocrx_word' id='word_1_26' title='bbox 761 259 902 295; x_wconf 75' lang='grc' dir='ltr'><strong>ἐλέγχεται</strong></span> <span class='ocrx_word' id='word_1_27' title='bbox 918 261 946 287; x_wconf 77' lang='grc' dir='ltr'>δὲ</span> <span class='ocrx_word' id='word_1_28' title='bbox 963 262 995 287; x_wconf 79' lang='grc' dir='ltr'>ὲκ</span> 
     </span>
    </p>
   </div>
   <div class='ocr_carea' id='block_1_7' title="bbox 1047 258 1750 298">
    <p class='ocr_par' dir='ltr' id='par_1_7' title="bbox 1047 261 1750 298">
     <span class='ocr_line' id='line_1_7' title="bbox 1047 261 1750 298; baseline 0.003 -10"><span class='ocrx_word' id='word_1_29' title='bbox 1047 261 1236 296; x_wconf 78' lang='lat' dir='ltr'><strong>propheticum</strong></span> <span class='ocrx_word' id='word_1_30' title='bbox 1254 261 1385 289; x_wconf 91' lang='lat' dir='ltr'><strong>iudicium</strong></span> <span class='ocrx_word' id='word_1_31' title='bbox 1399 262 1469 297; x_wconf 80' lang='lat' dir='ltr'><strong>apud</strong></span> <span class='ocrx_word' id='word_1_32' title='bbox 1487 270 1548 289; x_wconf 86' lang='lat' dir='ltr'><strong>cum</strong></span> <span class='ocrx_word' id='word_1_33' title='bbox 1565 263 1750 298; x_wconf 78' lang='lat' dir='ltr'><strong>eornpnriatur</strong></span> 
     </span>
    </p>
   </div>
   <div class='ocr_carea' id='block_1_8' title="bbox 198 305 994 343">
    <p class='ocr_par' dir='ltr' id='par_1_8' title="bbox 198 305 994 343">
     <span class='ocr_line' id='line_1_8' title="bbox 198 305 994 343; baseline 0.001 -11"><span class='ocrx_word' id='word_1_34' title='bbox 198 305 245 332; x_wconf 78' lang='grc' dir='ltr'>τοῦ</span> <span class='ocrx_word' id='word_1_35' title='bbox 264 305 348 340; x_wconf 73' lang='grc' dir='ltr'>μηδέν</span> <span class='ocrx_word' id='word_1_36' title='bbox 365 313 390 330; x_wconf 80' lang='grc' dir='ltr'><strong>τι</strong></span> <span class='ocrx_word' id='word_1_37' title='bbox 411 305 581 340; x_wconf 67' lang='grc' dir='ltr'>προφητικὸν</span> <span class='ocrx_word' id='word_1_38' title='bbox 600 306 712 341; x_wconf 80' lang='grc' dir='ltr'>σημεῖον</span> <span class='ocrx_word' id='word_1_39' title='bbox 729 306 793 342; x_wconf 82' lang='grc' dir='ltr'>παρ’</span> <span class='ocrx_word' id='word_1_40' title='bbox 809 306 891 333; x_wconf 79' lang='grc' dir='ltr'>αὑτοῦ</span> <span class='ocrx_word' id='word_1_41' title='bbox 918 307 994 343; x_wconf 76' lang='grc' dir='ltr'>εὑρί-</span> 
     </span>
    </p>
   </div>
   <div class='ocr_carea' id='block_1_9' title="bbox 200 352 325 380">
    <p class='ocr_par' dir='ltr' id='par_1_9' title="bbox 200 352 325 380">
     <span class='ocr_line' id='line_1_9' title="bbox 200 352 325 380; baseline -0.008 0"><span class='ocrx_word' id='word_1_42' title='bbox 200 352 325 380; x_wconf 79' lang='grc' dir='ltr'>σκεσοαι.</span> 
     </span>
    </p>
   </div>
   <div class='ocr_carea' id='block_1_10' title="bbox 235 398 995 435">
    <p class='ocr_par' dir='ltr' id='par_1_10' title="bbox 235 398 995 435">
     <span class='ocr_line' id='line_1_10' title="bbox 235 398 995 435; baseline 0 -9"><span class='ocrx_word' id='word_1_43' title='bbox 235 398 284 426; x_wconf 86' lang='grc' dir='ltr'>να’.</span> <span class='ocrx_word' id='word_1_44' title='bbox 307 399 348 426; x_wconf 74' lang='grc' dir='ltr'><strong>Τὰ</strong></span> <span class='ocrx_word' id='word_1_45' title='bbox 365 399 481 426; x_wconf 80' lang='grc' dir='ltr'><strong>εἰωθότα</strong></span> <span class='ocrx_word' id='word_1_46' title='bbox 506 399 536 426; x_wconf 76' lang='grc' dir='ltr'>δὲ</span> <span class='ocrx_word' id='word_1_47' title='bbox 559 398 634 434; x_wconf 72' lang='grc' dir='ltr'>αὑτῷ</span> <span class='ocrx_word' id='word_1_48' title='bbox 657 399 834 435; x_wconf 70' lang='grc' dir='ltr'>ψευδηγορῶν</span> <span class='ocrx_word' id='word_1_49' title='bbox 859 399 931 426; x_wconf 71' lang='grc' dir='ltr'>κατὰ</span> <span class='ocrx_word' id='word_1_50' title='bbox 945 401 995 435; x_wconf 81' lang='grc' dir='ltr'>τῆς</span> 
     </span>
    </p>
   </div>
   <div class='ocr_carea' id='block_1_11' title="bbox 197 444 992 481">
    <p class='ocr_par' dir='ltr' id='par_1_11' title="bbox 197 444 992 481">
     <span class='ocr_line' id='line_1_11' title="bbox 197 444 992 481; baseline 0 -9"><span class='ocrx_word' id='word_1_51' title='bbox 197 446 275 477; x_wconf 73' lang='grc' dir='ltr'>θείας</span> <span class='ocrx_word' id='word_1_52' title='bbox 292 446 405 481; x_wconf 80' lang='grc' dir='ltr'>Γραφῆς</span> <span class='ocrx_word' id='word_1_53' title='bbox 428 445 496 480; x_wconf 73' lang='grc'><strong>(85),</strong></span> <span class='ocrx_word' id='word_1_54' title='bbox 514 444 680 481; x_wconf 80' lang='grc' dir='ltr'><strong>μνημονεύει</strong></span> <span class='ocrx_word' id='word_1_55' title='bbox 698 445 746 472; x_wconf 84' lang='grc' dir='ltr'>τοῦ</span> <span class='ocrx_word' id='word_1_56' title='bbox 764 445 881 472; x_wconf 73' lang='grc' dir='ltr'>θανάτου</span> <span class='ocrx_word' id='word_1_57' title='bbox 899 445 992 478; x_wconf 74' lang='grc' dir='ltr'>Ἅϐελ,</span> 
     </span>
    </p>
   </div>
   <div class='ocr_carea' id='block_1_12' title="bbox 198 491 993 527">
    <p class='ocr_par' dir='ltr' id='par_1_12' title="bbox 198 491 993 527">
     <span class='ocr_line' id='line_1_12' title="bbox 198 491 993 527; baseline -0.001 -8"><span class='ocrx_word' id='word_1_58' title='bbox 198 492 246 519; x_wconf 73' lang='grc' dir='ltr'>καὶ</span> <span class='ocrx_word' id='word_1_59' title='bbox 272 492 378 527; x_wconf 71' lang='grc' dir='ltr'>κόρακα</span> <span class='ocrx_word' id='word_1_60' title='bbox 397 491 472 525; x_wconf 84' lang='grc' dir='ltr'>λέγει</span> <span class='ocrx_word' id='word_1_61' title='bbox 492 491 574 518; x_wconf 77' lang='grc' dir='ltr'>αὑτοῦ</span> <span class='ocrx_word' id='word_1_62' title='bbox 602 491 682 527; x_wconf 80' lang='grc' dir='ltr'>σῶμα</span> <span class='ocrx_word' id='word_1_63' title='bbox 708 491 792 526; x_wconf 68' lang='grc' dir='ltr'>Θαψαι</span> <span class='ocrx_word' id='word_1_64' title='bbox 816 493 932 526; x_wconf 67' lang='lat' dir='ltr'><strong>opt-ivro;</strong></span> <span class='ocrx_word' id='word_1_65' title='bbox 946 491 993 518; x_wconf 73' lang='grc' dir='ltr'>τοῦ</span> 
     </span>
    </p>
   </div>
   <div class='ocr_carea' id='block_1_13' title="bbox 199 536 994 572">
    <p class='ocr_par' dir='ltr' id='par_1_13' title="bbox 199 536 994 572">
     <span class='ocr_line' id='line_1_13' title="bbox 199 536 994 572; baseline -0.003 -7"><span class='ocrx_word' id='word_1_66' title='bbox 199 538 280 570; x_wconf 73' lang='grc' dir='ltr'>Κάῖν,</span> <span class='ocrx_word' id='word_1_67' title='bbox 301 537 348 563; x_wconf 86' lang='grc' dir='ltr'>καὶ</span> <span class='ocrx_word' id='word_1_68' title='bbox 364 537 396 563; x_wconf 83' lang='grc' dir='ltr'>ὲκ</span> <span class='ocrx_word' id='word_1_69' title='bbox 409 536 504 563; x_wconf 77' lang='grc' dir='ltr'>τούτου</span> <span class='ocrx_word' id='word_1_70' title='bbox 533 537 573 568; x_wconf 84' lang='grc' dir='ltr'>εἰς</span> <span class='ocrx_word' id='word_1_71' title='bbox 589 537 735 569; x_wconf 78' lang='grc' dir='ltr'>κατάνυξιν</span> <span class='ocrx_word' id='word_1_72' title='bbox 750 537 910 572; x_wconf 74' lang='grc' dir='ltr'><strong>ἐληλυθέναι</strong></span> <span class='ocrx_word' id='word_1_73' title='bbox 920 545 926 551; x_wconf 93' lang='grc'>·</span> <span class='ocrx_word' id='word_1_74' title='bbox 940 537 994 563; x_wconf 72' lang='grc' dir='ltr'>τῶν</span> 
     </span>
    </p>
   </div>
   <div class='ocr_carea' id='block_1_14' title="bbox 198 582 993 619">
    <p class='ocr_par' dir='ltr' id='par_1_14' title="bbox 198 582 993 619">
     <span class='ocr_line' id='line_1_14' title="bbox 198 582 993 619; baseline 0 -9"><span class='ocrx_word' id='word_1_75' title='bbox 198 584 246 610; x_wconf 78' lang='grc' dir='ltr'><strong>ἐπὶ</strong></span> <span class='ocrx_word' id='word_1_76' title='bbox 262 583 364 618; x_wconf 80' lang='grc' dir='ltr'>σκηνῆς</span> <span class='ocrx_word' id='word_1_77' title='bbox 389 582 478 610; x_wconf 82' lang='grc' dir='ltr'>ταῦτα</span> <span class='ocrx_word' id='word_1_78' title='bbox 503 583 551 610; x_wconf 77' lang='grc' dir='ltr'>καὶ</span> <span class='ocrx_word' id='word_1_79' title='bbox 580 583 734 619; x_wconf 82' lang='grc' dir='ltr'><strong>μεθυόντων</strong></span> <span class='ocrx_word' id='word_1_80' title='bbox 757 583 773 618; x_wconf 84' lang='grc' dir='ltr'>ἢ</span> <span class='ocrx_word' id='word_1_81' title='bbox 808 583 993 618; x_wconf 62' lang='grc' dir='ltr'>μαινομένων.</span> 
     </span>
    </p>
   </div>
   <div class='ocr_carea' id='block_1_15' title="bbox 205 629 994 666">
    <p class='ocr_par' dir='ltr' id='par_1_15' title="bbox 205 629 994 666">
     <span class='ocr_line' id='line_1_15' title="bbox 205 629 994 666; baseline 0 -10"><span class='ocrx_word' id='word_1_82' title='bbox 205 629 359 665; x_wconf 76' lang='grc' dir='ltr'>Ὀμαλίζων</span> <span class='ocrx_word' id='word_1_83' title='bbox 386 629 417 656; x_wconf 79' lang='grc' dir='ltr'>δὲ</span> <span class='ocrx_word' id='word_1_84' title='bbox 437 629 485 661; x_wconf 83' lang='grc' dir='ltr'>τὰς</span> <span class='ocrx_word' id='word_1_85' title='bbox 515 630 569 656; x_wconf 85' lang='grc' dir='ltr'>τῶν</span> <span class='ocrx_word' id='word_1_86' title='bbox 587 630 734 665; x_wconf 75' lang='grc' dir='ltr'>βαρϐάρων</span> <span class='ocrx_word' id='word_1_87' title='bbox 753 631 867 666; x_wconf 80' lang='grc' dir='ltr'>καρδίας</span> <span class='ocrx_word' id='word_1_88' title='bbox 879 630 948 664; x_wconf 67' lang='grc' dir='ltr'>πρὸς</span> <span class='ocrx_word' id='word_1_89' title='bbox 964 630 994 656; x_wconf 80' lang='grc' dir='ltr'>τὸ</span> 
     </span>
    </p>
   </div>
   <div class='ocr_carea' id='block_1_16' title="bbox 200 675 994 712">
    <p class='ocr_par' dir='ltr' id='par_1_16' title="bbox 200 675 994 712">
     <span class='ocr_line' id='line_1_16' title="bbox 200 675 994 712; baseline 0.001 -10"><span class='ocrx_word' id='word_1_90' title='bbox 200 675 404 710; x_wconf 67' lang='grc' dir='ltr'><strong>παραδέξασθαι</strong></span> <span class='ocrx_word' id='word_1_91' title='bbox 441 676 490 708; x_wconf 75' lang='grc' dir='ltr'>τὰς</span> <span class='ocrx_word' id='word_1_92' title='bbox 517 676 599 703; x_wconf 75' lang='grc' dir='ltr'><strong>αὖτοῦ</strong></span> <span class='ocrx_word' id='word_1_93' title='bbox 631 676 824 712; x_wconf 71' lang='grc' dir='ltr'><strong>βλασφημίας,</strong></span> <span class='ocrx_word' id='word_1_94' title='bbox 858 677 994 712; x_wconf 78' lang='grc' dir='ltr'><strong>μέμνηται</strong></span> 
     </span>
    </p>
   </div>
   <div class='ocr_carea' id='block_1_17' title="bbox 201 721 994 757">
    <p class='ocr_par' dir='ltr' id='par_1_17' title="bbox 201 721 994 757">
     <span class='ocr_line' id='line_1_17' title="bbox 201 721 994 757; baseline 0.001 -9"><span class='ocrx_word' id='word_1_95' title='bbox 201 722 283 749; x_wconf 81' lang='grc' dir='ltr'>πάλιν</span> <span class='ocrx_word' id='word_1_96' title='bbox 293 721 412 757; x_wconf 76' lang='grc' dir='ltr'><strong>Χριστοῦ</strong></span> <span class='ocrx_word' id='word_1_97' title='bbox 425 722 471 748; x_wconf 76' lang='grc' dir='ltr'>καὶ</span> <span class='ocrx_word' id='word_1_98' title='bbox 485 721 532 748; x_wconf 76' lang='grc' dir='ltr'>τοῦ</span> <span class='ocrx_word' id='word_1_99' title='bbox 553 722 731 756; x_wconf 68' lang='grc' dir='ltr'>Εὖαγγελίου,</span> <span class='ocrx_word' id='word_1_100' title='bbox 753 722 800 749; x_wconf 76' lang='grc' dir='ltr'>καὶ</span> <span class='ocrx_word' id='word_1_101' title='bbox 816 723 912 749; x_wconf 67' lang='grc' dir='ltr'>ἑαυτὸν</span> <span class='ocrx_word' id='word_1_102' title='bbox 929 723 994 749; x_wconf 84' lang='grc' dir='ltr'>ἁνα-</span> 
     </span>
    </p>
   </div>
   <div class='ocr_carea' id='block_1_18' title="bbox 199 767 993 804">
    <p class='ocr_par' dir='ltr' id='par_1_18' title="bbox 199 767 993 804">
     <span class='ocr_line' id='line_1_18' title="bbox 199 767 993 804; baseline 0.003 -10"><span class='ocrx_word' id='word_1_103' title='bbox 199 768 309 803; x_wconf 80' lang='grc' dir='ltr'>τρέπων</span> <span class='ocrx_word' id='word_1_104' title='bbox 329 767 360 794; x_wconf 78' lang='grc' dir='ltr'>οὺ</span> <span class='ocrx_word' id='word_1_105' title='bbox 389 768 505 803; x_wconf 76' lang='grc' dir='ltr'>συνορᾷ·</span> <span class='ocrx_word' id='word_1_106' title='bbox 525 769 593 803; x_wconf 77' lang='grc' dir='ltr'>φησὶ</span> <span class='ocrx_word' id='word_1_107' title='bbox 615 769 688 803; x_wconf 82' lang='grc' dir='ltr'>γάρ’</span> <span class='ocrx_word' id='word_1_108' title='bbox 707 779 715 795; x_wconf 74' lang='grc' dir='ltr'><strong>ι</strong></span> <span class='ocrx_word' id='word_1_109' title='bbox 731 769 947 804; x_wconf 80' lang='grc' dir='ltr'>’Δπεστείλαμεν</span> <span class='ocrx_word' id='word_1_110' title='bbox 964 769 993 796; x_wconf 74' lang='grc' dir='ltr'>δὲ</span> 
     </span>
    </p>
   </div>
   <div class='ocr_carea' id='block_1_19' title="bbox 199 814 992 851">
    <p class='ocr_par' dir='ltr' id='par_1_19' title="bbox 199 814 992 851">
     <span class='ocr_line' id='line_1_19' title="bbox 199 814 992 851; baseline 0.003 -11"><span class='ocrx_word' id='word_1_111' title='bbox 199 814 346 841; x_wconf 77' lang='grc' dir='ltr'>ἀκόλουῦον</span> <span class='ocrx_word' id='word_1_112' title='bbox 372 815 486 846; x_wconf 76' lang='grc' dir='ltr'>τούτων,</span> <span class='ocrx_word' id='word_1_113' title='bbox 513 815 622 841; x_wconf 80' lang='grc' dir='ltr'>πάντων</span> <span class='ocrx_word' id='word_1_114' title='bbox 636 815 735 850; x_wconf 80' lang='grc' dir='ltr'>δηλαδὴ</span> <span class='ocrx_word' id='word_1_115' title='bbox 754 815 808 842; x_wconf 82' lang='grc' dir='ltr'>τῶν</span> <span class='ocrx_word' id='word_1_116' title='bbox 833 815 992 851; x_wconf 74' lang='grc' dir='ltr'><strong>προφητῶν,</strong></span> 
     </span>
    </p>
   </div>
   <div class='ocr_carea' id='block_1_20' title="bbox 206 859 994 896">
    <p class='ocr_par' dir='ltr' id='par_1_20' title="bbox 206 859 994 896">
     <span class='ocr_line' id='line_1_20' title="bbox 206 859 994 896; baseline 0 -10"><span class='ocrx_word' id='word_1_117' title='bbox 206 859 310 894; x_wconf 82' lang='grc' dir='ltr'>Ἰησοῦν</span> <span class='ocrx_word' id='word_1_118' title='bbox 321 859 366 886; x_wconf 73' lang='grc' dir='ltr'><strong>τὸν</strong></span> <span class='ocrx_word' id='word_1_119' title='bbox 383 859 441 886; x_wconf 75' lang='grc' dir='ltr'>υἱὸν</span> <span class='ocrx_word' id='word_1_120' title='bbox 456 859 506 895; x_wconf 85' lang='grc' dir='ltr'>τῆς</span> <span class='ocrx_word' id='word_1_121' title='bbox 521 860 631 894; x_wconf 79' lang='grc' dir='ltr'>Μαρίας</span> <span class='ocrx_word' id='word_1_122' title='bbox 651 862 690 892; x_wconf 77' lang='grc' dir='ltr'><strong>είς</strong></span> <span class='ocrx_word' id='word_1_123' title='bbox 703 861 733 887; x_wconf 70' lang='grc' dir='ltr'><strong>τὸ</strong></span> <span class='ocrx_word' id='word_1_124' title='bbox 748 860 949 896; x_wconf 78' lang='grc' dir='ltr'>ἁληοοποιῆσαι</span> <span class='ocrx_word' id='word_1_125' title='bbox 960 861 994 886; x_wconf 72' lang='grc' dir='ltr'>τὰ</span> 
     </span>
    </p>
   </div>
   <div class='ocr_carea' id='block_1_21' title="bbox 1083 396 1840 429">
    <p class='ocr_par' dir='ltr' id='par_1_21' title="bbox 1083 396 1840 429">
     <span class='ocr_line' id='line_1_21' title="bbox 1083 396 1840 429; baseline 0.007 -5"><span class='ocrx_word' id='word_1_126' title='bbox 1083 396 1128 424; x_wconf 79' lang='lat'><strong>5|.</strong></span> <span class='ocrx_word' id='word_1_127' title='bbox 1146 396 1206 425; x_wconf 81' lang='lat' dir='ltr'><strong>Jam</strong></span> <span class='ocrx_word' id='word_1_128' title='bbox 1225 404 1289 424; x_wconf 84' lang='lat' dir='ltr'><strong>vero</strong></span> <span class='ocrx_word' id='word_1_129' title='bbox 1306 401 1436 424; x_wconf 85' lang='lat' dir='ltr'><strong>consueta</strong></span> <span class='ocrx_word' id='word_1_130' title='bbox 1452 397 1504 426; x_wconf 74' lang='lat' dir='ltr'><strong>sibi</strong></span> <span class='ocrx_word' id='word_1_131' title='bbox 1527 398 1669 426; x_wconf 87' lang='lat' dir='ltr'><strong>mendacia</strong></span> <span class='ocrx_word' id='word_1_132' title='bbox 1688 405 1782 428; x_wconf 80' lang='lat' dir='ltr'><strong>centra</strong></span> <span class='ocrx_word' id='word_1_133' title='bbox 1797 401 1840 429; x_wconf 81' lang='lat' dir='ltr'><strong>di-</strong></span> 
     </span>
    </p>
   </div>
   <div class='ocr_carea' id='block_1_22' title="bbox 1046 439 1841 476">
    <p class='ocr_par' dir='ltr' id='par_1_22' title="bbox 1046 439 1841 476">
     <span class='ocr_line' id='line_1_22' title="bbox 1046 439 1841 476; baseline 0.009 -10"><span class='ocrx_word' id='word_1_134' title='bbox 1046 439 1140 467; x_wconf 81' lang='lat' dir='ltr'><strong>vinan:</strong></span> <span class='ocrx_word' id='word_1_135' title='bbox 1153 439 1323 476; x_wconf 82' lang='lat' dir='ltr'><strong>Scripturanr</strong></span> <span class='ocrx_word' id='word_1_136' title='bbox 1339 441 1488 474; x_wconf 90' lang='lat' dir='ltr'><strong>blaterans,</strong></span> <span class='ocrx_word' id='word_1_137' title='bbox 1502 442 1595 471; x_wconf 79' lang='lat' dir='ltr'><strong>Abelis</strong></span> <span class='ocrx_word' id='word_1_138' title='bbox 1610 447 1724 475; x_wconf 84' lang='lat' dir='ltr'><strong>mortem</strong></span> <span class='ocrx_word' id='word_1_139' title='bbox 1739 453 1841 473; x_wconf 80' lang='lat' dir='ltr'><strong>memo—</strong></span> 
     </span>
    </p>
   </div>
   <div class='ocr_carea' id='block_1_23' title="bbox 1046 487 1840 524">
    <p class='ocr_par' dir='ltr' id='par_1_23' title="bbox 1046 487 1840 524">
     <span class='ocr_line' id='line_1_23' title="bbox 1046 487 1840 524; baseline 0.008 -11"><span class='ocrx_word' id='word_1_140' title='bbox 1046 491 1099 519; x_wconf 86' lang='lat' dir='ltr'><strong>rat,</strong></span> <span class='ocrx_word' id='word_1_141' title='bbox 1127 491 1153 514; x_wconf 90' lang='lat' dir='ltr'><strong>ct</strong></span> <span class='ocrx_word' id='word_1_142' title='bbox 1171 494 1185 514; x_wconf 88' lang='lat' dir='ltr'><strong>a</strong></span> <span class='ocrx_word' id='word_1_143' title='bbox 1201 494 1286 515; x_wconf 82' lang='lat' dir='ltr'><strong>corvo</strong></span> <span class='ocrx_word' id='word_1_144' title='bbox 1308 487 1376 515; x_wconf 89' lang='lat' dir='ltr'><strong>dicit</strong></span> <span class='ocrx_word' id='word_1_145' title='bbox 1401 488 1531 516; x_wconf 88' lang='lat' dir='ltr'><strong>traditum</strong></span> <span class='ocrx_word' id='word_1_146' title='bbox 1555 489 1702 524; x_wconf 72' lang='lat' dir='ltr'><strong>sepultum</strong></span> <span class='ocrx_word' id='word_1_147' title='bbox 1724 491 1840 520; x_wconf 77' lang='lat' dir='ltr'><strong>cadaver</strong></span> 
     </span>
    </p>
   </div>
   <div class='ocr_carea' id='block_1_24' title="bbox 1045 533 1841 572">
    <p class='ocr_par' dir='ltr' id='par_1_24' title="bbox 1045 533 1841 572">
     <span class='ocr_line' id='line_1_24' title="bbox 1045 533 1841 572; baseline 0.008 -12"><span class='ocrx_word' id='word_1_148' title='bbox 1045 533 1115 566; x_wconf 81' lang='lat' dir='ltr'><strong>ejus,</strong></span> <span class='ocrx_word' id='word_1_149' title='bbox 1142 538 1283 568; x_wconf 81' lang='lat' dir='ltr'><strong>spectante</strong></span> <span class='ocrx_word' id='word_1_150' title='bbox 1304 533 1402 567; x_wconf 86' lang='lat' dir='ltr'><strong>Caino,</strong></span> <span class='ocrx_word' id='word_1_151' title='bbox 1430 535 1476 570; x_wconf 87' lang='lat' dir='ltr'><strong>qui</strong></span> <span class='ocrx_word' id='word_1_152' title='bbox 1504 535 1607 564; x_wconf 89' lang='lat' dir='ltr'><strong>ideirco</strong></span> <span class='ocrx_word' id='word_1_153' title='bbox 1632 539 1841 572; x_wconf 83' lang='lat' dir='ltr'><strong>compunetionc</strong></span> 
     </span>
    </p>
   </div>
   <div class='ocr_carea' id='block_1_25' title="bbox 1046 578 1839 612">
    <p class='ocr_par' dir='ltr' id='par_1_25' title="bbox 1046 578 1839 612">
     <span class='ocr_line' id='line_1_25' title="bbox 1046 578 1839 612; baseline 0.009 -7"><span class='ocrx_word' id='word_1_154' title='bbox 1046 583 1133 606; x_wconf 84' lang='lat' dir='ltr'><strong>tactus</strong></span> <span class='ocrx_word' id='word_1_155' title='bbox 1146 578 1238 606; x_wconf 75' lang='lat' dir='ltr'><strong>fuerit.</strong></span> <span class='ocrx_word' id='word_1_156' title='bbox 1251 579 1312 608; x_wconf 66' lang='lat' dir='ltr'><strong>llmc</strong></span> <span class='ocrx_word' id='word_1_157' title='bbox 1325 585 1388 607; x_wconf 90' lang='lat' dir='ltr'><strong>sunt</strong></span> <span class='ocrx_word' id='word_1_158' title='bbox 1399 580 1552 608; x_wconf 88' lang='lat' dir='ltr'><strong>ludentium</strong></span> <span class='ocrx_word' id='word_1_159' title='bbox 1565 581 1592 609; x_wconf 88' lang='lat' dir='ltr'><strong>in</strong></span> <span class='ocrx_word' id='word_1_160' title='bbox 1604 590 1685 610; x_wconf 84' lang='lat' dir='ltr'><strong>scena</strong></span> <span class='ocrx_word' id='word_1_161' title='bbox 1706 589 1733 611; x_wconf 86' lang='lat' dir='ltr'><strong>et</strong></span> <span class='ocrx_word' id='word_1_162' title='bbox 1746 584 1839 612; x_wconf 89' lang='lat' dir='ltr'><strong>ebrio-</strong></span> 
     </span>
    </p>
   </div>
   <div class='ocr_carea' id='block_1_26' title="bbox 1045 627 1840 663">
    <p class='ocr_par' dir='ltr' id='par_1_26' title="bbox 1045 627 1840 663">
     <span class='ocr_line' id='line_1_26' title="bbox 1045 627 1840 663; baseline 0.008 -11"><span class='ocrx_word' id='word_1_163' title='bbox 1045 633 1104 652; x_wconf 94' lang='lat' dir='ltr'><strong>rum</strong></span> <span class='ocrx_word' id='word_1_164' title='bbox 1123 630 1171 653; x_wconf 85' lang='lat' dir='ltr'><strong>aut</strong></span> <span class='ocrx_word' id='word_1_165' title='bbox 1185 627 1334 654; x_wconf 85' lang='lat' dir='ltr'><strong>amentium</strong></span> <span class='ocrx_word' id='word_1_166' title='bbox 1351 627 1471 663; x_wconf 89' lang='lat' dir='ltr'><strong>propria.</strong></span> <span class='ocrx_word' id='word_1_167' title='bbox 1493 627 1563 656; x_wconf 85' lang='lat' dir='ltr'><strong>Tum</strong></span> <span class='ocrx_word' id='word_1_168' title='bbox 1585 633 1615 656; x_wconf 92' lang='lat' dir='ltr'><strong>ut</strong></span> <span class='ocrx_word' id='word_1_169' title='bbox 1635 629 1718 657; x_wconf 90' lang='lat' dir='ltr'><strong>corda</strong></span> <span class='ocrx_word' id='word_1_170' title='bbox 1743 630 1840 658; x_wconf 76' lang='lat' dir='ltr'><strong>barba-</strong></span> 
     </span>
    </p>
   </div>
   <div class='ocr_carea' id='block_1_27' title="bbox 1045 672 1839 711">
    <p class='ocr_par' dir='ltr' id='par_1_27' title="bbox 1045 672 1839 711">
     <span class='ocr_line' id='line_1_27' title="bbox 1045 672 1839 711; baseline 0.008 -13"><span class='ocrx_word' id='word_1_171' title='bbox 1045 679 1140 699; x_wconf 89' lang='lat' dir='ltr'><strong>rorum</strong></span> <span class='ocrx_word' id='word_1_172' title='bbox 1157 672 1310 700; x_wconf 82' lang='lat' dir='ltr'><strong>demulccal</strong></span> <span class='ocrx_word' id='word_1_173' title='bbox 1326 673 1359 701; x_wconf 87' lang='lat' dir='ltr'><strong>ad</strong></span> <span class='ocrx_word' id='word_1_174' title='bbox 1374 682 1438 702; x_wconf 83' lang='lat' dir='ltr'><strong>snas</strong></span> <span class='ocrx_word' id='word_1_175' title='bbox 1452 675 1629 710; x_wconf 81' lang='lat' dir='ltr'><strong>excipiendas</strong></span> <span class='ocrx_word' id='word_1_176' title='bbox 1645 675 1839 711; x_wconf 82' lang='lat' dir='ltr'><strong>blasphemias,</strong></span> 
     </span>
    </p>
   </div>
   <div class='ocr_carea' id='block_1_28' title="bbox 1044 717 1839 758">
    <p class='ocr_par' dir='ltr' id='par_1_28' title="bbox 1044 717 1839 758">
     <span class='ocr_line' id='line_1_28' title="bbox 1044 717 1839 758; baseline 0.009 -14"><span class='ocrx_word' id='word_1_177' title='bbox 1044 717 1145 745; x_wconf 79' lang='lat' dir='ltr'><strong>Christi</strong></span> <span class='ocrx_word' id='word_1_178' title='bbox 1170 719 1270 747; x_wconf 85' lang='lat' dir='ltr'><strong>iterum</strong></span> <span class='ocrx_word' id='word_1_179' title='bbox 1292 720 1417 748; x_wconf 90' lang='lat' dir='ltr'><strong>meminit</strong></span> <span class='ocrx_word' id='word_1_180' title='bbox 1430 726 1511 756; x_wconf 83' lang='lat' dir='ltr'><strong>atque</strong></span> <span class='ocrx_word' id='word_1_181' title='bbox 1527 722 1677 757; x_wconf 75' lang='lat' dir='ltr'><strong>Evangelii,</strong></span> <span class='ocrx_word' id='word_1_182' title='bbox 1695 730 1745 750; x_wconf 87' lang='lat' dir='ltr'><strong>nec</strong></span> <span class='ocrx_word' id='word_1_183' title='bbox 1766 724 1839 758; x_wconf 78' lang='lat' dir='ltr'><strong>quod</strong></span> 
     </span>
    </p>
   </div>
   <div class='ocr_carea' id='block_1_29' title="bbox 1045 764 1838 799">
    <p class='ocr_par' dir='ltr' id='par_1_29' title="bbox 1045 764 1838 799">
     <span class='ocr_line' id='line_1_29' title="bbox 1045 764 1838 799; baseline 0.006 -7"><span class='ocrx_word' id='word_1_184' title='bbox 1045 771 1074 792; x_wconf 85' lang='lat' dir='ltr'><strong>se</strong></span> <span class='ocrx_word' id='word_1_185' title='bbox 1092 764 1181 799; x_wconf 90' lang='lat' dir='ltr'><strong>ipsum</strong></span> <span class='ocrx_word' id='word_1_186' title='bbox 1195 769 1298 793; x_wconf 68' lang='lat' dir='ltr'><strong>evertat</strong></span> <span class='ocrx_word' id='word_1_187' title='bbox 1311 765 1392 794; x_wconf 84' lang='lat' dir='ltr'><strong>videt.</strong></span> <span class='ocrx_word' id='word_1_188' title='bbox 1406 767 1451 793; x_wconf 85' lang='lat' dir='ltr'><strong>Ait</strong></span> <span class='ocrx_word' id='word_1_189' title='bbox 1465 767 1538 794; x_wconf 86' lang='lat' dir='ltr'><strong>enim</strong></span> <span class='ocrx_word' id='word_1_190' title='bbox 1556 777 1562 794; x_wconf 92' lang='lat'>:</span> <span class='ocrx_word' id='word_1_191' title='bbox 1583 777 1592 793; x_wconf 76' lang='grc' dir='ltr'>ι</span> <span class='ocrx_word' id='word_1_192' title='bbox 1610 768 1733 797; x_wconf 82' lang='lat' dir='ltr'><strong>Misimus</strong></span> <span class='ocrx_word' id='word_1_193' title='bbox 1745 774 1838 797; x_wconf 86' lang='lat' dir='ltr'><strong>autem</strong></span> 
     </span>
    </p>
   </div>
   <div class='ocr_carea' id='block_1_30' title="bbox 1045 811 1840 851">
    <p class='ocr_par' dir='ltr' id='par_1_30' title="bbox 1045 811 1840 851">
     <span class='ocr_line' id='line_1_30' title="bbox 1045 811 1840 851; baseline 0.009 -14"><span class='ocrx_word' id='word_1_194' title='bbox 1045 815 1106 845; x_wconf 82' lang='lat' dir='ltr'><strong>post</strong></span> <span class='ocrx_word' id='word_1_195' title='bbox 1130 811 1242 847; x_wconf 77' lang='lat' dir='ltr'><strong>vestigia</strong></span> <span class='ocrx_word' id='word_1_196' title='bbox 1258 812 1376 844; x_wconf 84' lang='lat' dir='ltr'><strong>horum,</strong></span> <span class='ocrx_word' id='word_1_197' title='bbox 1395 814 1518 840; x_wconf 89' lang='lat' dir='ltr'><strong>omnium</strong></span> <span class='ocrx_word' id='word_1_198' title='bbox 1540 814 1665 843; x_wconf 83' lang='lat' dir='ltr'><strong>videlicet</strong></span> <span class='ocrx_word' id='word_1_199' title='bbox 1692 816 1840 851; x_wconf 77' lang='lat' dir='ltr'><strong>propheta-</strong></span> 
     </span>
    </p>
   </div>
   <div class='ocr_carea' id='block_1_31' title="bbox 1046 856 1841 891">
    <p class='ocr_par' dir='ltr' id='par_1_31' title="bbox 1046 856 1841 891">
     <span class='ocr_line' id='line_1_31' title="bbox 1046 856 1841 891; baseline 0.009 -8"><span class='ocrx_word' id='word_1_200' title='bbox 1046 865 1118 888; x_wconf 82' lang='lat' dir='ltr'><strong>rum,</strong></span> <span class='ocrx_word' id='word_1_201' title='bbox 1137 856 1229 885; x_wconf 83' lang='lat' dir='ltr'><strong>Jesnm</strong></span> <span class='ocrx_word' id='word_1_202' title='bbox 1244 858 1336 887; x_wconf 70' lang='lat' dir='ltr'><strong>Mariae</strong></span> <span class='ocrx_word' id='word_1_203' title='bbox 1362 859 1446 886; x_wconf 88' lang='lat' dir='ltr'><strong>ﬁlium</strong></span> <span class='ocrx_word' id='word_1_204' title='bbox 1459 880 1466 891; x_wconf 86' lang='lat'><strong>,</strong></span> <span class='ocrx_word' id='word_1_205' title='bbox 1485 864 1515 887; x_wconf 88' lang='lat' dir='ltr'><strong>ut</strong></span> <span class='ocrx_word' id='word_1_206' title='bbox 1530 861 1670 888; x_wconf 78' lang='lat' dir='ltr'><strong>veritatem</strong></span> <span class='ocrx_word' id='word_1_207' title='bbox 1694 867 1734 889; x_wconf 85' lang='lat' dir='ltr'><strong>tes</strong></span> <span class='ocrx_word' id='word_1_208' title='bbox 1748 866 1841 890; x_wconf 75' lang='lat' dir='ltr'><strong>art-tur</strong></span> 
     </span>
    </p>
   </div>
   <div class='ocr_carea' id='block_1_32' title="bbox 199 899 995 942">
    <p class='ocr_par' dir='ltr' id='par_1_32' title="bbox 199 905 995 941">
     <span class='ocr_line' id='line_1_32' title="bbox 199 905 995 941; baseline 0.001 -9"><span class='ocrx_word' id='word_1_209' title='bbox 199 905 254 940; x_wconf 73' lang='grc' dir='ltr'><strong>πρὸ</strong></span> <span class='ocrx_word' id='word_1_210' title='bbox 268 905 350 932; x_wconf 71' lang='grc' dir='ltr'>αὑτοῦ</span> <span class='ocrx_word' id='word_1_211' title='bbox 365 905 399 932; x_wconf 84' lang='grc' dir='ltr'><strong>τὰ</strong></span> <span class='ocrx_word' id='word_1_212' title='bbox 412 905 459 932; x_wconf 83' lang='grc' dir='ltr'><strong>τοῦ</strong></span> <span class='ocrx_word' id='word_1_213' title='bbox 472 905 567 939; x_wconf 75' lang='grc' dir='ltr'>νόμου,</span> <span class='ocrx_word' id='word_1_214' title='bbox 583 906 788 941; x_wconf 69' lang='grc' dir='ltr'>καταγαγόντες</span> <span class='ocrx_word' id='word_1_215' title='bbox 805 907 880 941; x_wconf 81' lang='grc' dir='ltr'>αὑτῴ</span> <span class='ocrx_word' id='word_1_216' title='bbox 903 907 950 933; x_wconf 82' lang='grc' dir='ltr'><strong>καὶ</strong></span> <span class='ocrx_word' id='word_1_217' title='bbox 964 907 995 934; x_wconf 75' lang='grc' dir='ltr'><strong>τδ</strong></span> 
     </span>
    </p>
   </div>
   <div class='ocr_carea' id='block_1_33' title="bbox 1047 899 1840 942">
    <p class='ocr_par' dir='ltr' id='par_1_33' title="bbox 1047 903 1840 942">
     <span class='ocr_line' id='line_1_33' title="bbox 1047 903 1840 942; baseline 0.01 -13"><span class='ocrx_word' id='word_1_218' title='bbox 1047 903 1121 932; x_wconf 88' lang='lat' dir='ltr'><strong>illius</strong></span> <span class='ocrx_word' id='word_1_219' title='bbox 1136 911 1197 939; x_wconf 79' lang='lat' dir='ltr'><strong>qua:</strong></span> <span class='ocrx_word' id='word_1_220' title='bbox 1210 909 1273 932; x_wconf 84' lang='lat' dir='ltr'><strong>ante</strong></span> <span class='ocrx_word' id='word_1_221' title='bbox 1289 905 1378 940; x_wconf 89' lang='lat' dir='ltr'><strong>ipsum</strong></span> <span class='ocrx_word' id='word_1_222' title='bbox 1400 905 1453 933; x_wconf 78' lang='lat' dir='ltr'><strong>fuit</strong></span> <span class='ocrx_word' id='word_1_223' title='bbox 1470 907 1554 942; x_wconf 78' lang='lat' dir='ltr'><strong>legis;</strong></span> <span class='ocrx_word' id='word_1_224' title='bbox 1575 907 1656 942; x_wconf 83' lang='lat' dir='ltr'><strong>eique</strong></span> <span class='ocrx_word' id='word_1_225' title='bbox 1678 909 1840 937; x_wconf 83' lang='lat' dir='ltr'><strong>tradidimus</strong></span> 
     </span>
    </p>
   </div>
   <div class='ocr_carea' id='block_1_34' title="bbox 199 948 994 989">
    <p class='ocr_par' dir='ltr' id='par_1_34' title="bbox 199 948 994 989">
     <span class='ocr_line' id='line_1_34' title="bbox 199 948 994 989; baseline 0.003 -11"><span class='ocrx_word' id='word_1_226' title='bbox 199 948 425 986; x_wconf 82' lang='grc' dir='ltr'>Εὐαγγέλιον,”ὲν</span> <span class='ocrx_word' id='word_1_227' title='bbox 437 949 459 986; x_wconf 82' lang='grc' dir='ltr'>ᾦ</span> <span class='ocrx_word' id='word_1_228' title='bbox 475 952 551 979; x_wconf 74' lang='grc' dir='ltr'>ἐστιν</span> <span class='ocrx_word' id='word_1_229' title='bbox 563 953 703 989; x_wconf 73' lang='grc' dir='ltr'>ὁδήγησις,</span> <span class='ocrx_word' id='word_1_230' title='bbox 723 953 792 987; x_wconf 79' lang='grc' dir='ltr'>φῶς,</span> <span class='ocrx_word' id='word_1_231' title='bbox 819 953 866 980; x_wconf 78' lang='grc' dir='ltr'>καὶ</span> <span class='ocrx_word' id='word_1_232' title='bbox 889 953 994 980; x_wconf 86' lang='grc' dir='ltr'>δικαιο-</span> 
     </span>
    </p>
   </div>
   <div class='ocr_carea' id='block_1_35' title="bbox 201 995 995 1034">
    <p class='ocr_par' dir='ltr' id='par_1_35' title="bbox 201 995 995 1034">
     <span class='ocr_line' id='line_1_35' title="bbox 201 995 995 1034; baseline 0.004 -12"><span class='ocrx_word' id='word_1_233' title='bbox 201 995 280 1031; x_wconf 74' lang='grc' dir='ltr'>σύνη,</span> <span class='ocrx_word' id='word_1_234' title='bbox 295 995 367 1024; x_wconf 82' lang='grc' dir='ltr'>κατὰ</span> <span class='ocrx_word' id='word_1_235' title='bbox 388 996 438 1032; x_wconf 75' lang='grc' dir='ltr'>τὴν</span> <span class='ocrx_word' id='word_1_236' title='bbox 467 996 584 1032; x_wconf 77' lang='grc' dir='ltr'>δύναμιν</span> <span class='ocrx_word' id='word_1_237' title='bbox 600 998 648 1024; x_wconf 78' lang='grc' dir='ltr'>τοῦ</span> <span class='ocrx_word' id='word_1_238' title='bbox 676 998 731 1032; x_wconf 80' lang='grc' dir='ltr'><strong>πρὸ</strong></span> <span class='ocrx_word' id='word_1_239' title='bbox 746 998 829 1025; x_wconf 75' lang='grc' dir='ltr'>αὑτοῦ</span> <span class='ocrx_word' id='word_1_240' title='bbox 845 998 939 1034; x_wconf 81' lang='grc' dir='ltr'>νόμου,</span> <span class='ocrx_word' id='word_1_241' title='bbox 955 1000 995 1031; x_wconf 83' lang='grc' dir='ltr'><strong>εἰς</strong></span> 
     </span>
    </p>
   </div>
   <div class='ocr_carea' id='block_1_36' title="bbox 199 1042 995 1079">
    <p class='ocr_par' dir='ltr' id='par_1_36' title="bbox 199 1042 995 1079">
     <span class='ocr_line' id='line_1_36' title="bbox 199 1042 995 1079; baseline 0.003 -11"><span class='ocrx_word' id='word_1_242' title='bbox 199 1042 327 1077; x_wconf 80' lang='grc' dir='ltr'>ὀδήγησιν</span> <span class='ocrx_word' id='word_1_243' title='bbox 338 1043 385 1069; x_wconf 70' lang='grc' dir='ltr'>καὶ</span> <span class='ocrx_word' id='word_1_244' title='bbox 400 1042 568 1077; x_wconf 70' lang='grc' dir='ltr'>ἐπαγγελίαν</span> <span class='ocrx_word' id='word_1_245' title='bbox 581 1044 637 1075; x_wconf 85' lang='grc' dir='ltr'>τοῖς</span> <span class='ocrx_word' id='word_1_246' title='bbox 649 1043 836 1079; x_wconf 70' lang='grc' dir='ltr'>φοϐουμένοις,</span> <span class='ocrx_word' id='word_1_247' title='bbox 849 1045 895 1071; x_wconf 82' lang='grc' dir='ltr'>καὶ</span> <span class='ocrx_word' id='word_1_248' title='bbox 910 1045 949 1075; x_wconf 82' lang='grc' dir='ltr'><strong>είς</strong></span> <span class='ocrx_word' id='word_1_249' title='bbox 964 1044 995 1070; x_wconf 83' lang='grc' dir='ltr'><strong>τὸ</strong></span> 
     </span>
    </p>
   </div>
   <div class='ocr_carea' id='block_1_37' title="bbox 200 1089 994 1124">
    <p class='ocr_par' dir='ltr' id='par_1_37' title="bbox 200 1089 994 1124">
     <span class='ocr_line' id='line_1_37' title="bbox 200 1089 994 1124; baseline 0.001 -9"><span class='ocrx_word' id='word_1_250' title='bbox 200 1090 292 1124; x_wconf 85' lang='grc' dir='ltr'>κρῖναι</span> <span class='ocrx_word' id='word_1_251' title='bbox 310 1089 374 1121; x_wconf 83' lang='grc' dir='ltr'>τοὺς</span> <span class='ocrx_word' id='word_1_252' title='bbox 385 1089 432 1116; x_wconf 78' lang='grc' dir='ltr'>τοῦ</span> <span class='ocrx_word' id='word_1_253' title='bbox 449 1089 634 1123; x_wconf 75' lang='grc' dir='ltr'>Εὑαγγελὶουο</span> <span class='ocrx_word' id='word_1_254' title='bbox 651 1090 745 1117; x_wconf 80' lang='grc' dir='ltr'>ἕνεκεν</span> <span class='ocrx_word' id='word_1_255' title='bbox 759 1090 823 1123; x_wconf 87' lang='grc' dir='ltr'>τῶν,</span> <span class='ocrx_word' id='word_1_256' title='bbox 838 1090 994 1124; x_wconf 83' lang='grc' dir='ltr'>κατήγαγεν</span> 
     </span>
    </p>
   </div>
   <div class='ocr_carea' id='block_1_38' title="bbox 200 1135 995 1172">
    <p class='ocr_par' dir='ltr' id='par_1_38' title="bbox 200 1135 995 1172">
     <span class='ocr_line' id='line_1_38' title="bbox 200 1135 995 1172; baseline 0.001 -11"><span class='ocrx_word' id='word_1_257' title='bbox 200 1136 214 1162; x_wconf 83' lang='grc' dir='ltr'><strong>ὁ</strong></span> <span class='ocrx_word' id='word_1_258' title='bbox 228 1135 293 1167; x_wconf 72' lang='grc' dir='ltr'>Θεὸς</span> <span class='ocrx_word' id='word_1_259' title='bbox 309 1136 436 1170; x_wconf 78' lang='grc' dir='ltr'>ἐντούτῳ</span> <span class='ocrx_word' id='word_1_260' title='bbox 448 1144 455 1151; x_wconf 91' lang='grc'><strong>·</strong></span> <span class='ocrx_word' id='word_1_261' title='bbox 476 1137 524 1162; x_wconf 75' lang='grc' dir='ltr'>καὶ</span> <span class='ocrx_word' id='word_1_262' title='bbox 536 1136 612 1168; x_wconf 80' lang='grc' dir='ltr'>ὅστις</span> <span class='ocrx_word' id='word_1_263' title='bbox 629 1136 661 1163; x_wconf 83' lang='grc' dir='ltr'>ἂν</span> <span class='ocrx_word' id='word_1_264' title='bbox 684 1137 765 1172; x_wconf 86' lang='grc' dir='ltr'>κρίνῃ</span> <span class='ocrx_word' id='word_1_265' title='bbox 787 1137 843 1172; x_wconf 76' lang='grc' dir='ltr'>(8ί)</span> <span class='ocrx_word' id='word_1_266' title='bbox 867 1137 906 1169; x_wconf 83' lang='grc' dir='ltr'><strong>είς</strong></span> <span class='ocrx_word' id='word_1_267' title='bbox 922 1137 995 1172; x_wconf 75' lang='grc' dir='ltr'>ἅπερ</span> 
     </span>
    </p>
   </div>
   <div class='ocr_carea' id='block_1_39' title="bbox 201 1178 995 1218">
    <p class='ocr_par' dir='ltr' id='par_1_39' title="bbox 201 1178 995 1218">
     <span class='ocr_line' id='line_1_39' title="bbox 201 1178 995 1218; baseline 0.001 -10"><span class='ocrx_word' id='word_1_268' title='bbox 201 1181 358 1216; x_wconf 81' lang='grc' dir='ltr'>κατήγαγεν</span> <span class='ocrx_word' id='word_1_269' title='bbox 371 1182 385 1208; x_wconf 83' lang='grc' dir='ltr'>ὁ</span> <span class='ocrx_word' id='word_1_270' title='bbox 398 1181 475 1214; x_wconf 61' lang='grc' dir='ltr'>Θεὸς,</span> <span class='ocrx_word' id='word_1_271' title='bbox 492 1178 568 1208; x_wconf 75' lang='grc' dir='ltr'>οὗτοι</span> <span class='ocrx_word' id='word_1_272' title='bbox 587 1183 640 1209; x_wconf 85' lang='grc' dir='ltr'>εἰσι</span> <span class='ocrx_word' id='word_1_273' title='bbox 656 1183 822 1218; x_wconf 68' lang='grc' dir='ltr'>παράνομοι.</span> <span class='ocrx_word' id='word_1_274' title='bbox 844 1192 852 1208; x_wconf 79' lang='grc' dir='ltr'><strong>ι</strong></span> <span class='ocrx_word' id='word_1_275' title='bbox 869 1180 944 1218; x_wconf 75' lang='grc' dir='ltr'>Ἀρά.</span> <span class='ocrx_word' id='word_1_276' title='bbox 963 1190 995 1215; x_wconf 75' lang='grc' dir='ltr'><strong>γε</strong></span> 
     </span>
    </p>
   </div>
   <div class='ocr_carea' id='block_1_40' title="bbox 201 1227 996 1264">
    <p class='ocr_par' dir='ltr' id='par_1_40' title="bbox 201 1227 996 1264">
     <span class='ocr_line' id='line_1_40' title="bbox 201 1227 996 1264; baseline 0.001 -11"><span class='ocrx_word' id='word_1_277' title='bbox 201 1227 386 1261; x_wconf 76' lang='grc' dir='ltr'>ἑπεγίνωσκεν</span> <span class='ocrx_word' id='word_1_278' title='bbox 402 1227 474 1263; x_wconf 80' lang='grc' dir='ltr'>ἆπερ</span> <span class='ocrx_word' id='word_1_279' title='bbox 488 1227 638 1263; x_wconf 74' lang='grc' dir='ltr'>παρελᾶλει</span> <span class='ocrx_word' id='word_1_280' title='bbox 650 1228 664 1254; x_wconf 80' lang='grc' dir='ltr'><strong>ὁ</strong></span> <span class='ocrx_word' id='word_1_281' title='bbox 681 1228 796 1264; x_wconf 80' lang='grc' dir='ltr'>μάταιος</span> <span class='ocrx_word' id='word_1_282' title='bbox 810 1237 818 1262; x_wconf 84' lang='lat'><strong>;</strong></span> <span class='ocrx_word' id='word_1_283' title='bbox 830 1229 917 1263; x_wconf 71' lang='grc' dir='ltr'>εῖγέιρ</span> <span class='ocrx_word' id='word_1_284' title='bbox 929 1228 996 1263; x_wconf 83' lang='grc' dir='ltr'>ἀλη-</span> 
     </span>
    </p>
   </div>
   <div class='ocr_carea' id='block_1_41' title="bbox 199 1272 996 1309">
    <p class='ocr_par' dir='ltr' id='par_1_41' title="bbox 199 1272 996 1309">
     <span class='ocr_line' id='line_1_41' title="bbox 199 1272 996 1309; baseline 0.001 -10"><span class='ocrx_word' id='word_1_285' title='bbox 199 1273 346 1308; x_wconf 78' lang='grc' dir='ltr'>οοποιῆσαι</span> <span class='ocrx_word' id='word_1_286' title='bbox 362 1273 395 1300; x_wconf 81' lang='grc' dir='ltr'><strong>τὰ</strong></span> <span class='ocrx_word' id='word_1_287' title='bbox 426 1273 481 1309; x_wconf 82' lang='grc' dir='ltr'>πρὸ</span> <span class='ocrx_word' id='word_1_288' title='bbox 505 1273 588 1300; x_wconf 82' lang='grc' dir='ltr'><strong>αὐτοῦ</strong></span> <span class='ocrx_word' id='word_1_289' title='bbox 616 1273 651 1300; x_wconf 79' lang='grc' dir='ltr'><strong>τὰ</strong></span> <span class='ocrx_word' id='word_1_290' title='bbox 681 1273 728 1300; x_wconf 83' lang='grc' dir='ltr'>τοῦ</span> <span class='ocrx_word' id='word_1_291' title='bbox 757 1274 851 1309; x_wconf 79' lang='grc' dir='ltr'>νόμου,</span> <span class='ocrx_word' id='word_1_292' title='bbox 875 1272 956 1308; x_wconf 78' lang='grc' dir='ltr'>ἦλθεν</span> <span class='ocrx_word' id='word_1_293' title='bbox 982 1274 996 1300; x_wconf 85' lang='grc' dir='ltr'><strong>ὸ</strong></span> 
     </span>
    </p>
   </div>
   <div class='ocr_carea' id='block_1_42' title="bbox 199 1318 996 1354">
    <p class='ocr_par' dir='ltr' id='par_1_42' title="bbox 199 1318 996 1354">
     <span class='ocr_line' id='line_1_42' title="bbox 199 1318 996 1354; baseline 0 -8"><span class='ocrx_word' id='word_1_294' title='bbox 199 1318 328 1354; x_wconf 80' lang='grc' dir='ltr'>Χριστὸς,</span> <span class='ocrx_word' id='word_1_295' title='bbox 345 1319 392 1346; x_wconf 78' lang='grc' dir='ltr'>καὶ</span> <span class='ocrx_word' id='word_1_296' title='bbox 416 1319 447 1346; x_wconf 82' lang='grc' dir='ltr'><strong>τὸ</strong></span> <span class='ocrx_word' id='word_1_297' title='bbox 471 1319 639 1353; x_wconf 79' lang='grc' dir='ltr'>Εὐαγγέλιον</span> <span class='ocrx_word' id='word_1_298' title='bbox 655 1319 713 1353; x_wconf 82' lang='grc' dir='ltr'>φῶς</span> <span class='ocrx_word' id='word_1_299' title='bbox 736 1320 783 1346; x_wconf 75' lang='grc' dir='ltr'>καὶ</span> <span class='ocrx_word' id='word_1_300' title='bbox 798 1319 928 1354; x_wconf 79' lang='grc' dir='ltr'>ὀδήγησιν</span> <span class='ocrx_word' id='word_1_301' title='bbox 941 1321 996 1351; x_wconf 83' lang='grc' dir='ltr'>τοῖς</span> 
     </span>
    </p>
   </div>
   <div class='ocr_carea' id='block_1_43' title="bbox 201 1364 996 1400">
    <p class='ocr_par' dir='ltr' id='par_1_43' title="bbox 201 1364 996 1400">
     <span class='ocr_line' id='line_1_43' title="bbox 201 1364 996 1400; baseline 0.001 -9"><span class='ocrx_word' id='word_1_302' title='bbox 201 1364 354 1400; x_wconf 78' lang='grc' dir='ltr'>ἀνθρώποις</span> <span class='ocrx_word' id='word_1_303' title='bbox 369 1365 497 1398; x_wconf 75' lang='grc' dir='ltr'>δέδωκεν,</span> <span class='ocrx_word' id='word_1_304' title='bbox 509 1365 547 1398; x_wconf 83' lang='grc' dir='ltr'><strong>ὡς</strong></span> <span class='ocrx_word' id='word_1_305' title='bbox 563 1366 595 1392; x_wconf 79' lang='grc' dir='ltr'>σὺ</span> <span class='ocrx_word' id='word_1_306' title='bbox 616 1365 770 1400; x_wconf 76' lang='grc' dir='ltr'>ὁμολογεῖς,</span> <span class='ocrx_word' id='word_1_307' title='bbox 788 1366 835 1392; x_wconf 75' lang='grc' dir='ltr'>καὶ</span> <span class='ocrx_word' id='word_1_308' title='bbox 849 1366 879 1392; x_wconf 74' lang='grc' dir='ltr'><strong>τὸ</strong></span> <span class='ocrx_word' id='word_1_309' title='bbox 906 1366 996 1400; x_wconf 78' lang='grc' dir='ltr'>κρίσιν</span> 
     </span>
    </p>
   </div>
   <div class='ocr_carea' id='block_1_44' title="bbox 201 1409 996 1447">
    <p class='ocr_par' dir='ltr' id='par_1_44' title="bbox 201 1409 996 1447">
     <span class='ocr_line' id='line_1_44' title="bbox 201 1409 996 1447; baseline 0 -11"><span class='ocrx_word' id='word_1_310' title='bbox 201 1409 282 1442; x_wconf 74' lang='grc' dir='ltr'>αὐτὸς</span> <span class='ocrx_word' id='word_1_311' title='bbox 295 1411 382 1437; x_wconf 81' lang='grc' dir='ltr'><strong>ποιεῖν</strong></span> <span class='ocrx_word' id='word_1_312' title='bbox 399 1410 503 1445; x_wconf 81' lang='grc' dir='ltr'>μέλλει,</span> <span class='ocrx_word' id='word_1_313' title='bbox 528 1411 570 1437; x_wconf 69' lang='grc' dir='ltr'><strong>σοι</strong></span> <span class='ocrx_word' id='word_1_314' title='bbox 583 1411 610 1437; x_wconf 78' lang='grc' dir='ltr'><strong>τί</strong></span> <span class='ocrx_word' id='word_1_315' title='bbox 627 1411 815 1447; x_wconf 78' lang='grc' dir='ltr'>περιλείπεται</span> <span class='ocrx_word' id='word_1_316' title='bbox 829 1412 996 1445; x_wconf 75' lang='grc' dir='ltr'>εἰσενεγκεῖν</span> 
     </span>
    </p>
   </div>
   <div class='ocr_carea' id='block_1_45' title="bbox 1046 948 1857 988">
    <p class='ocr_par' dir='ltr' id='par_1_45' title="bbox 1046 948 1857 988">
     <span class='ocr_line' id='line_1_45' title="bbox 1046 948 1857 988; baseline 0.007 -13"><span class='ocrx_word' id='word_1_317' title='bbox 1046 948 1235 984; x_wconf 82' lang='lat' dir='ltr'><strong>Evangelimn,</strong></span> <span class='ocrx_word' id='word_1_318' title='bbox 1259 950 1285 978; x_wconf 96' lang='lat' dir='ltr'><strong>in</strong></span> <span class='ocrx_word' id='word_1_319' title='bbox 1310 959 1364 986; x_wconf 83' lang='lat' dir='ltr'><strong>quo</strong></span> <span class='ocrx_word' id='word_1_320' title='bbox 1379 956 1421 980; x_wconf 88' lang='lat' dir='ltr'><strong>est</strong></span> <span class='ocrx_word' id='word_1_321' title='bbox 1440 952 1564 986; x_wconf 89' lang='lat' dir='ltr'><strong>directio,</strong></span> <span class='ocrx_word' id='word_1_322' title='bbox 1590 953 1647 986; x_wconf 82' lang='lat' dir='ltr'><strong>lux,</strong></span> <span class='ocrx_word' id='word_1_323' title='bbox 1673 958 1701 980; x_wconf 84' lang='lat' dir='ltr'><strong>ct</strong></span> <span class='ocrx_word' id='word_1_324' title='bbox 1723 953 1857 988; x_wconf 43' lang='lat' dir='ltr'><strong>justitia,</strong></span> 
     </span>
    </p>
   </div>
   <div class='ocr_carea' id='block_1_46' title="bbox 1045 995 1840 1032">
    <p class='ocr_par' dir='ltr' id='par_1_46' title="bbox 1045 995 1840 1032">
     <span class='ocr_line' id='line_1_46' title="bbox 1045 995 1840 1032; baseline 0.009 -10"><span class='ocrx_word' id='word_1_325' title='bbox 1045 995 1196 1023; x_wconf 85' lang='lat' dir='ltr'><strong>secundum</strong></span> <span class='ocrx_word' id='word_1_326' title='bbox 1212 996 1283 1024; x_wconf 88' lang='lat' dir='ltr'><strong>vires</strong></span> <span class='ocrx_word' id='word_1_327' title='bbox 1296 997 1363 1031; x_wconf 73' lang='lat' dir='ltr'><strong>legis</strong></span> <span class='ocrx_word' id='word_1_328' title='bbox 1375 1002 1437 1025; x_wconf 87' lang='lat' dir='ltr'><strong>ante</strong></span> <span class='ocrx_word' id='word_1_329' title='bbox 1452 1006 1514 1025; x_wconf 90' lang='lat' dir='ltr'><strong>eum</strong></span> <span class='ocrx_word' id='word_1_330' title='bbox 1530 999 1601 1032; x_wconf 68' lang='lat' dir='ltr'><strong>latzr,</strong></span> <span class='ocrx_word' id='word_1_331' title='bbox 1614 1000 1647 1027; x_wconf 90' lang='lat' dir='ltr'><strong>ad</strong></span> <span class='ocrx_word' id='word_1_332' title='bbox 1662 1000 1840 1030; x_wconf 84' lang='lat' dir='ltr'><strong>directiOnem</strong></span> 
     </span>
    </p>
   </div>
   <div class='ocr_carea' id='block_1_47' title="bbox 1045 1042 1840 1081">
    <p class='ocr_par' dir='ltr' id='par_1_47' title="bbox 1045 1042 1840 1081">
     <span class='ocr_line' id='line_1_47' title="bbox 1045 1042 1840 1081; baseline 0.009 -14"><span class='ocrx_word' id='word_1_333' title='bbox 1045 1045 1073 1067; x_wconf 91' lang='lat' dir='ltr'><strong>et</strong></span> <span class='ocrx_word' id='word_1_334' title='bbox 1088 1042 1334 1070; x_wconf 87' lang='lat' dir='ltr'><strong>commonitionem</strong></span> <span class='ocrx_word' id='word_1_335' title='bbox 1350 1043 1552 1077; x_wconf 89' lang='lat' dir='ltr'><strong>timoratorum,</strong></span> <span class='ocrx_word' id='word_1_336' title='bbox 1568 1049 1650 1080; x_wconf 81' lang='lat' dir='ltr'><strong>atque</strong></span> <span class='ocrx_word' id='word_1_337' title='bbox 1668 1051 1696 1073; x_wconf 90' lang='lat' dir='ltr'><strong>ut</strong></span> <span class='ocrx_word' id='word_1_338' title='bbox 1707 1046 1840 1081; x_wconf 81' lang='lat' dir='ltr'><strong>judicium</strong></span> 
     </span>
    </p>
   </div>
   <div class='ocr_carea' id='block_1_48' title="bbox 1045 1088 1841 1124">
    <p class='ocr_par' dir='ltr' id='par_1_48' title="bbox 1045 1088 1841 1124">
     <span class='ocr_line' id='line_1_48' title="bbox 1045 1088 1841 1124; baseline 0.009 -10"><span class='ocrx_word' id='word_1_339' title='bbox 1045 1093 1192 1115; x_wconf 77' lang='lat' dir='ltr'><strong>exerceant</strong></span> <span class='ocrx_word' id='word_1_340' title='bbox 1208 1088 1346 1124; x_wconf 81' lang='lat' dir='ltr'><strong>Evangelii</strong></span> <span class='ocrx_word' id='word_1_341' title='bbox 1366 1090 1488 1118; x_wconf 71' lang='lat' dir='ltr'><strong>asseclaa.</strong></span> <span class='ocrx_word' id='word_1_342' title='bbox 1511 1091 1573 1118; x_wconf 87' lang='lat' dir='ltr'><strong>Ideo</strong></span> <span class='ocrx_word' id='word_1_343' title='bbox 1592 1091 1617 1119; x_wconf 92' lang='lat' dir='ltr'><strong>id</strong></span> <span class='ocrx_word' id='word_1_344' title='bbox 1640 1092 1750 1120; x_wconf 78' lang='lat' dir='ltr'><strong>demisit</strong></span> <span class='ocrx_word' id='word_1_345' title='bbox 1777 1093 1841 1121; x_wconf 87' lang='lat' dir='ltr'><strong>huic</strong></span> 
     </span>
    </p>
   </div>
   <div class='ocr_carea' id='block_1_49' title="bbox 1047 1132 1841 1172">
    <p class='ocr_par' dir='ltr' id='par_1_49' title="bbox 1047 1132 1841 1172">
     <span class='ocr_line' id='line_1_49' title="bbox 1047 1132 1841 1172; baseline 0.008 -13"><span class='ocrx_word' id='word_1_346' title='bbox 1047 1132 1128 1160; x_wconf 82' lang='lat' dir='ltr'><strong>Deus.</strong></span> <span class='ocrx_word' id='word_1_347' title='bbox 1145 1133 1177 1162; x_wconf 85' lang='lat' dir='ltr'><strong>Et</strong></span> <span class='ocrx_word' id='word_1_348' title='bbox 1190 1135 1235 1168; x_wconf 91' lang='lat' dir='ltr'><strong>qui</strong></span> <span class='ocrx_word' id='word_1_349' title='bbox 1252 1134 1329 1170; x_wconf 91' lang='lat' dir='ltr'><strong>(non)</strong></span> <span class='ocrx_word' id='word_1_350' title='bbox 1350 1135 1548 1170; x_wconf 70' lang='lat' dir='ltr'><strong>iudicarer-iit,</strong></span> <span class='ocrx_word' id='word_1_351' title='bbox 1566 1136 1600 1163; x_wconf 79' lang='lat' dir='ltr'><strong>de</strong></span> <span class='ocrx_word' id='word_1_352' title='bbox 1624 1136 1677 1164; x_wconf 88' lang='lat' dir='ltr'><strong>illis</strong></span> <span class='ocrx_word' id='word_1_353' title='bbox 1692 1145 1753 1172; x_wconf 70' lang='lat' dir='ltr'><strong>qua:</strong></span> <span class='ocrx_word' id='word_1_354' title='bbox 1770 1137 1841 1165; x_wconf 84' lang='lat' dir='ltr'><strong>Dens</strong></span> 
     </span>
    </p>
   </div>
   <div class='ocr_carea' id='block_1_50' title="bbox 1046 1180 1842 1217">
    <p class='ocr_par' dir='ltr' id='par_1_50' title="bbox 1046 1180 1842 1217">
     <span class='ocr_line' id='line_1_50' title="bbox 1046 1180 1842 1217; baseline 0.005 -11"><span class='ocrx_word' id='word_1_355' title='bbox 1046 1180 1169 1212; x_wconf 82' lang='lat' dir='ltr'><strong>tradidit,</strong></span> <span class='ocrx_word' id='word_1_356' title='bbox 1189 1180 1214 1207; x_wconf 91' lang='lat' dir='ltr'><strong>hi</strong></span> <span class='ocrx_word' id='word_1_357' title='bbox 1225 1185 1290 1208; x_wconf 89' lang='lat' dir='ltr'><strong>sunt</strong></span> <span class='ocrx_word' id='word_1_358' title='bbox 1307 1182 1529 1215; x_wconf 66' lang='lat' dir='ltr'><strong>praevaricantes.</strong></span> <span class='ocrx_word' id='word_1_359' title='bbox 1544 1191 1553 1207; x_wconf 71' lang='grc' dir='ltr'>ι</span> <span class='ocrx_word' id='word_1_360' title='bbox 1570 1182 1620 1209; x_wconf 78' lang='lat' dir='ltr'><strong>Ain</strong></span> <span class='ocrx_word' id='word_1_361' title='bbox 1634 1190 1710 1214; x_wconf 88' lang='lat' dir='ltr'><strong>vero,</strong></span> <span class='ocrx_word' id='word_1_362' title='bbox 1726 1187 1842 1217; x_wconf 88' lang='lat' dir='ltr'><strong>putasne</strong></span> 
     </span>
    </p>
   </div>
   <div class='ocr_carea' id='block_1_51' title="bbox 1047 1223 1841 1262">
    <p class='ocr_par' dir='ltr' id='par_1_51' title="bbox 1047 1223 1841 1262">
     <span class='ocr_line' id='line_1_51' title="bbox 1047 1223 1841 1262; baseline 0.005 -11"><span class='ocrx_word' id='word_1_363' title='bbox 1047 1223 1194 1260; x_wconf 86' lang='lat' dir='ltr'><strong>ipsummct</strong></span> <span class='ocrx_word' id='word_1_364' title='bbox 1224 1233 1392 1261; x_wconf 78' lang='lat' dir='ltr'><strong>cognoscere</strong></span> <span class='ocrx_word' id='word_1_365' title='bbox 1418 1234 1480 1262; x_wconf 78' lang='lat' dir='ltr'><strong>qua:</strong></span> <span class='ocrx_word' id='word_1_366' title='bbox 1504 1227 1570 1254; x_wconf 79' lang='lat' dir='ltr'><strong>dicit</strong></span> <span class='ocrx_word' id='word_1_367' title='bbox 1596 1227 1639 1255; x_wconf 90' lang='lat' dir='ltr'><strong>hic</strong></span> <span class='ocrx_word' id='word_1_368' title='bbox 1665 1228 1787 1255; x_wconf 83' lang='lat' dir='ltr'><strong>stultus?</strong></span> <span class='ocrx_word' id='word_1_369' title='bbox 1811 1228 1841 1256; x_wconf 72' lang='lat' dir='ltr'><strong>Si</strong></span> 
     </span>
    </p>
   </div>
   <div class='ocr_carea' id='block_1_52' title="bbox 1047 1272 1841 1309">
    <p class='ocr_par' dir='ltr' id='par_1_52' title="bbox 1047 1272 1841 1309">
     <span class='ocr_line' id='line_1_52' title="bbox 1047 1272 1841 1309; baseline 0.005 -11"><span class='ocrx_word' id='word_1_370' title='bbox 1047 1272 1120 1298; x_wconf 84' lang='lat' dir='ltr'><strong>enim</strong></span> <span class='ocrx_word' id='word_1_371' title='bbox 1140 1272 1175 1299; x_wconf 91' lang='lat' dir='ltr'><strong>ob</strong></span> <span class='ocrx_word' id='word_1_372' title='bbox 1194 1273 1411 1300; x_wconf 87' lang='lat' dir='ltr'><strong>conlirmandarn</strong></span> <span class='ocrx_word' id='word_1_373' title='bbox 1434 1273 1575 1300; x_wconf 82' lang='lat' dir='ltr'><strong>veritatem</strong></span> <span class='ocrx_word' id='word_1_374' title='bbox 1604 1273 1671 1309; x_wconf 73' lang='lat' dir='ltr'><strong>legis</strong></span> <span class='ocrx_word' id='word_1_375' title='bbox 1692 1281 1754 1307; x_wconf 74' lang='lat' dir='ltr'><strong>quae</strong></span> <span class='ocrx_word' id='word_1_376' title='bbox 1777 1281 1841 1302; x_wconf 90' lang='lat' dir='ltr'><strong>eum</strong></span> 
     </span>
    </p>
   </div>
   <div class='ocr_carea' id='block_1_53' title="bbox 1049 1317 1841 1353">
    <p class='ocr_par' dir='ltr' id='par_1_53' title="bbox 1049 1317 1841 1353">
     <span class='ocr_line' id='line_1_53' title="bbox 1049 1317 1841 1353; baseline 0.005 -9"><span class='ocrx_word' id='word_1_377' title='bbox 1049 1317 1198 1352; x_wconf 50' lang='lat' dir='ltr'><strong>praecessit,</strong></span> <span class='ocrx_word' id='word_1_378' title='bbox 1213 1317 1342 1345; x_wconf 87' lang='lat' dir='ltr'><strong>Christus</strong></span> <span class='ocrx_word' id='word_1_379' title='bbox 1361 1319 1453 1352; x_wconf 90' lang='lat' dir='ltr'><strong>venit,</strong></span> <span class='ocrx_word' id='word_1_380' title='bbox 1470 1323 1495 1346; x_wconf 87' lang='lat' dir='ltr'><strong>et</strong></span> <span class='ocrx_word' id='word_1_381' title='bbox 1518 1319 1540 1346; x_wconf 87' lang='lat' dir='ltr'><strong>si</strong></span> <span class='ocrx_word' id='word_1_382' title='bbox 1560 1318 1736 1353; x_wconf 68' lang='lat' dir='ltr'><strong>lirangelium</strong></span> <span class='ocrx_word' id='word_1_383' title='bbox 1754 1319 1841 1348; x_wconf 87' lang='lat' dir='ltr'><strong>lucem</strong></span> 
     </span>
    </p>
   </div>
   <div class='ocr_carea' id='block_1_54' title="bbox 1047 1363 1840 1400">
    <p class='ocr_par' dir='ltr' id='par_1_54' title="bbox 1047 1363 1840 1400">
     <span class='ocr_line' id='line_1_54' title="bbox 1047 1363 1840 1400; baseline 0.003 -10"><span class='ocrx_word' id='word_1_384' title='bbox 1047 1363 1291 1398; x_wconf 76' lang='lat' dir='ltr'><strong>directionemque,</strong></span> <span class='ocrx_word' id='word_1_385' title='bbox 1306 1369 1336 1392; x_wconf 90' lang='lat' dir='ltr'><strong>ut</strong></span> <span class='ocrx_word' id='word_1_386' title='bbox 1351 1368 1378 1392; x_wconf 90' lang='lat' dir='ltr'><strong>tu</strong></span> <span class='ocrx_word' id='word_1_387' title='bbox 1394 1364 1498 1397; x_wconf 79' lang='lat' dir='ltr'><strong>fateris,</strong></span> <span class='ocrx_word' id='word_1_388' title='bbox 1520 1365 1716 1400; x_wconf 75' lang='lat' dir='ltr'><strong>suppeditaVit,</strong></span> <span class='ocrx_word' id='word_1_389' title='bbox 1733 1369 1760 1392; x_wconf 90' lang='lat' dir='ltr'><strong>et</strong></span> <span class='ocrx_word' id='word_1_390' title='bbox 1781 1365 1840 1399; x_wconf 77' lang='lat' dir='ltr'><strong>ipso</strong></span> 
     </span>
    </p>
   </div>
   <div class='ocr_carea' id='block_1_55' title="bbox 1046 1407 1842 1444">
    <p class='ocr_par' dir='ltr' id='par_1_55' title="bbox 1046 1407 1842 1444">
     <span class='ocr_line' id='line_1_55' title="bbox 1046 1407 1842 1444; baseline 0.003 -10"><span class='ocrx_word' id='word_1_391' title='bbox 1046 1407 1179 1442; x_wconf 88' lang='lat' dir='ltr'><strong>judicium</strong></span> <span class='ocrx_word' id='word_1_392' title='bbox 1198 1407 1321 1435; x_wconf 83' lang='lat' dir='ltr'><strong>l‘aeturns</strong></span> <span class='ocrx_word' id='word_1_393' title='bbox 1333 1413 1388 1442; x_wconf 88' lang='lat' dir='ltr'><strong>est;</strong></span> <span class='ocrx_word' id='word_1_394' title='bbox 1406 1408 1471 1444; x_wconf 92' lang='lat' dir='ltr'><strong>quid</strong></span> <span class='ocrx_word' id='word_1_395' title='bbox 1491 1409 1538 1436; x_wconf 86' lang='lat' dir='ltr'><strong>tibi</strong></span> <span class='ocrx_word' id='word_1_396' title='bbox 1556 1413 1683 1443; x_wconf 81' lang='lat' dir='ltr'><strong>superest</strong></span> <span class='ocrx_word' id='word_1_397' title='bbox 1697 1409 1842 1436; x_wconf 78' lang='lat' dir='ltr'><strong>conferen-</strong></span> 
     </span>
    </p>
   </div>
   <div class='ocr_carea' id='block_1_56' title="bbox 200 1451 995 1493">
    <p class='ocr_par' dir='ltr' id='par_1_56' title="bbox 200 1456 995 1493">
     <span class='ocr_line' id='line_1_56' title="bbox 200 1456 995 1493; baseline 0.003 -11"><span class='ocrx_word' id='word_1_398' title='bbox 200 1457 258 1488; x_wconf 85' lang='grc' dir='ltr'>τοῖς</span> <span class='ocrx_word' id='word_1_399' title='bbox 286 1456 461 1492; x_wconf 72' lang='grc' dir='ltr'>ἀνθρώποιςς</span> <span class='ocrx_word' id='word_1_400' title='bbox 481 1458 574 1491; x_wconf 77' lang='grc' dir='ltr'>Οὐδὲν,</span> <span class='ocrx_word' id='word_1_401' title='bbox 592 1459 651 1485; x_wconf 82' lang='grc' dir='ltr'>ἀλλ’</span> <span class='ocrx_word' id='word_1_402' title='bbox 665 1458 681 1493; x_wconf 79' lang='grc' dir='ltr'>ἢ</span> <span class='ocrx_word' id='word_1_403' title='bbox 698 1459 769 1485; x_wconf 72' lang='grc' dir='ltr'>κατὰ</span> <span class='ocrx_word' id='word_1_404' title='bbox 782 1458 812 1485; x_wconf 82' lang='grc' dir='ltr'>τὸ</span> <span class='ocrx_word' id='word_1_405' title='bbox 840 1458 884 1485; x_wconf 71' lang='grc' dir='ltr'>σὶν</span> <span class='ocrx_word' id='word_1_406' title='bbox 898 1458 995 1492; x_wconf 81' lang='grc' dir='ltr'>στόμα,</span> 
     </span>
    </p>
   </div>
   <div class='ocr_carea' id='block_1_57' title="bbox 1047 1451 1842 1493">
    <p class='ocr_par' dir='ltr' id='par_1_57' title="bbox 1049 1451 1842 1487">
     <span class='ocr_line' id='line_1_57' title="bbox 1049 1451 1842 1487; baseline 0.004 -9"><span class='ocrx_word' id='word_1_407' title='bbox 1049 1451 1114 1478; x_wconf 91' lang='lat' dir='ltr'><strong>dum</strong></span> <span class='ocrx_word' id='word_1_408' title='bbox 1137 1451 1316 1480; x_wconf 81' lang='lat' dir='ltr'><strong>hominibus?</strong></span> <span class='ocrx_word' id='word_1_409' title='bbox 1332 1451 1404 1479; x_wconf 84' lang='lat' dir='ltr'><strong>Nihil</strong></span> <span class='ocrx_word' id='word_1_410' title='bbox 1417 1453 1504 1486; x_wconf 89' lang='lat' dir='ltr'><strong>aliud,</strong></span> <span class='ocrx_word' id='word_1_411' title='bbox 1523 1453 1576 1480; x_wconf 90' lang='lat' dir='ltr'><strong>nisi</strong></span> <span class='ocrx_word' id='word_1_412' title='bbox 1591 1457 1619 1480; x_wconf 92' lang='lat' dir='ltr'><strong>ut</strong></span> <span class='ocrx_word' id='word_1_413' title='bbox 1640 1461 1688 1480; x_wconf 87' lang='lat' dir='ltr'><strong>ore</strong></span> <span class='ocrx_word' id='word_1_414' title='bbox 1703 1458 1750 1480; x_wconf 93' lang='lat' dir='ltr'><strong>tuo</strong></span> <span class='ocrx_word' id='word_1_415' title='bbox 1762 1457 1842 1487; x_wconf 81' lang='lat' dir='ltr'><strong>teste,</strong></span> 
     </span>
    </p>
   </div>
   <div class='ocr_carea' id='block_1_58' title="bbox 199 1497 995 1539">
    <p class='ocr_par' dir='ltr' id='par_1_58' title="bbox 199 1502 995 1539">
     <span class='ocr_line' id='line_1_58' title="bbox 199 1502 995 1539; baseline 0.004 -11"><span class='ocrx_word' id='word_1_416' title='bbox 199 1502 394 1537; x_wconf 79' lang='grc' dir='ltr'>ψευδοποιῆσαι</span> <span class='ocrx_word' id='word_1_417' title='bbox 409 1502 443 1529; x_wconf 66' lang='grc' dir='ltr'><strong>τὰ</strong></span> <span class='ocrx_word' id='word_1_418' title='bbox 457 1503 510 1538; x_wconf 77' lang='grc' dir='ltr'>πρὸ</span> <span class='ocrx_word' id='word_1_419' title='bbox 523 1503 581 1537; x_wconf 84' lang='grc' dir='ltr'>σοῦ,</span> <span class='ocrx_word' id='word_1_420' title='bbox 598 1504 645 1530; x_wconf 79' lang='grc' dir='ltr'>καὶ</span> <span class='ocrx_word' id='word_1_421' title='bbox 658 1504 755 1535; x_wconf 71' lang='grc' dir='ltr'>σκότος</span> <span class='ocrx_word' id='word_1_422' title='bbox 771 1504 818 1531; x_wconf 77' lang='grc' dir='ltr'>καὶ</span> <span class='ocrx_word' id='word_1_423' title='bbox 829 1503 995 1539; x_wconf 74' lang='grc' dir='ltr'>παροδητίαν</span> 
     </span>
    </p>
   </div>
   <div class='ocr_carea' id='block_1_59' title="bbox 1047 1497 1842 1539">
    <p class='ocr_par' dir='ltr' id='par_1_59' title="bbox 1048 1497 1842 1533">
     <span class='ocr_line' id='line_1_59' title="bbox 1048 1497 1842 1533; baseline 0.003 -9"><span class='ocrx_word' id='word_1_424' title='bbox 1048 1497 1115 1525; x_wconf 80' lang='lat' dir='ltr'><strong>falsa</strong></span> <span class='ocrx_word' id='word_1_425' title='bbox 1136 1497 1306 1525; x_wconf 86' lang='lat' dir='ltr'><strong>demonstres</strong></span> <span class='ocrx_word' id='word_1_426' title='bbox 1323 1506 1383 1533; x_wconf 81' lang='lat' dir='ltr'><strong>qua:</strong></span> <span class='ocrx_word' id='word_1_427' title='bbox 1399 1503 1462 1526; x_wconf 85' lang='lat' dir='ltr'><strong>ante</strong></span> <span class='ocrx_word' id='word_1_428' title='bbox 1479 1503 1504 1526; x_wconf 89' lang='lat' dir='ltr'><strong>te</strong></span> <span class='ocrx_word' id='word_1_429' title='bbox 1524 1498 1699 1533; x_wconf 79' lang='lat' dir='ltr'><strong>exstiterunt,</strong></span> <span class='ocrx_word' id='word_1_430' title='bbox 1716 1503 1743 1526; x_wconf 93' lang='lat' dir='ltr'><strong>et</strong></span> <span class='ocrx_word' id='word_1_431' title='bbox 1764 1504 1842 1527; x_wconf 82' lang='lat' dir='ltr'><strong>tene-</strong></span> 
     </span>
    </p>
   </div>
   <div class='ocr_carea' id='block_1_60' title="bbox 199 1547 996 1586">
    <p class='ocr_par' dir='ltr' id='par_1_60' title="bbox 199 1547 996 1586">
     <span class='ocr_line' id='line_1_60' title="bbox 199 1547 996 1586; baseline 0.004 -12"><span class='ocrx_word' id='word_1_432' title='bbox 199 1547 292 1575; x_wconf 80' lang='grc' dir='ltr'>δοῦναι</span> <span class='ocrx_word' id='word_1_433' title='bbox 307 1550 364 1580; x_wconf 82' lang='grc' dir='ltr'>τοῖς</span> <span class='ocrx_word' id='word_1_434' title='bbox 381 1549 547 1585; x_wconf 80' lang='grc' dir='ltr'>ἀνθρώποις,</span> <span class='ocrx_word' id='word_1_435' title='bbox 563 1550 610 1577; x_wconf 80' lang='grc' dir='ltr'><strong>καὶ</strong></span> <span class='ocrx_word' id='word_1_436' title='bbox 625 1551 653 1576; x_wconf 84' lang='grc' dir='ltr'>ὲν</span> <span class='ocrx_word' id='word_1_437' title='bbox 665 1552 699 1586; x_wconf 83' lang='grc' dir='ltr'><strong>τῇ</strong></span> <span class='ocrx_word' id='word_1_438' title='bbox 716 1551 807 1586; x_wconf 72' lang='grc' dir='ltr'>κρίσει</span> <span class='ocrx_word' id='word_1_439' title='bbox 822 1551 879 1582; x_wconf 78' lang='grc' dir='ltr'>τοῖς</span> <span class='ocrx_word' id='word_1_440' title='bbox 900 1558 930 1577; x_wconf 78' lang='grc' dir='ltr'><strong>σε</strong></span> <span class='ocrx_word' id='word_1_441' title='bbox 945 1559 996 1577; x_wconf 83' lang='grc' dir='ltr'>πα-</span> 
     </span>
    </p>
   </div>
   <div class='ocr_carea' id='block_1_61' title="bbox 202 1594 668 1632">
    <p class='ocr_par' dir='ltr' id='par_1_61' title="bbox 202 1594 668 1632">
     <span class='ocr_line' id='line_1_61' title="bbox 202 1594 668 1632; baseline 0.004 -11"><span class='ocrx_word' id='word_1_442' title='bbox 202 1594 409 1631; x_wconf 76' lang='grc' dir='ltr'>ραδ;δεγμένοις</span> <span class='ocrx_word' id='word_1_443' title='bbox 424 1595 668 1632; x_wconf 80' lang='grc' dir='ltr'>καταδικασθῆναι.</span> 
     </span>
    </p>
   </div>
   <div class='ocr_carea' id='block_1_62' title="bbox 237 1695 996 1735">
    <p class='ocr_par' dir='ltr' id='par_1_62' title="bbox 237 1695 996 1735">
     <span class='ocr_line' id='line_1_62' title="bbox 237 1695 996 1735; baseline 0.003 -13"><span class='ocrx_word' id='word_1_444' title='bbox 237 1695 286 1730; x_wconf 76' lang='grc' dir='ltr'><strong>νβ’.</strong></span> <span class='ocrx_word' id='word_1_445' title='bbox 302 1697 339 1723; x_wconf 77' lang='grc' dir='ltr'><strong>Οὐ</strong></span> <span class='ocrx_word' id='word_1_446' title='bbox 350 1697 416 1725; x_wconf 82' lang='grc' dir='ltr'>πολὺ</span> <span class='ocrx_word' id='word_1_447' title='bbox 428 1697 457 1724; x_wconf 71' lang='grc' dir='ltr'><strong>τὸ</strong></span> <span class='ocrx_word' id='word_1_448' title='bbox 472 1698 501 1725; x_wconf 74' lang='grc' dir='ltr'>ἐν</span> <span class='ocrx_word' id='word_1_449' title='bbox 515 1698 600 1733; x_wconf 86' lang='grc' dir='ltr'>μέσῳ,</span> <span class='ocrx_word' id='word_1_450' title='bbox 615 1699 663 1726; x_wconf 79' lang='grc' dir='ltr'>καὶ</span> <span class='ocrx_word' id='word_1_451' title='bbox 673 1699 767 1735; x_wconf 70' lang='grc' dir='ltr'>ὥσπερ</span> <span class='ocrx_word' id='word_1_452' title='bbox 778 1699 817 1731; x_wconf 79' lang='grc' dir='ltr'><strong>είς</strong></span> <span class='ocrx_word' id='word_1_453' title='bbox 832 1698 882 1734; x_wconf 88' lang='grc' dir='ltr'>τὴν</span> <span class='ocrx_word' id='word_1_454' title='bbox 891 1698 996 1725; x_wconf 72' lang='grc' dir='ltr'>οἰκείαν</span> 
     </span>
    </p>
   </div>
   <div class='ocr_carea' id='block_1_63' title="bbox 203 1739 997 1780">
    <p class='ocr_par' dir='ltr' id='par_1_63' title="bbox 203 1739 997 1780">
     <span class='ocr_line' id='line_1_63' title="bbox 203 1739 997 1780; baseline 0.004 -12"><span class='ocrx_word' id='word_1_455' title='bbox 203 1742 399 1778; x_wconf 73' lang='grc' dir='ltr'>ἑπανασφήλας</span> <span class='ocrx_word' id='word_1_456' title='bbox 420 1745 529 1779; x_wconf 87' lang='grc' dir='ltr'>μανίαν,</span> <span class='ocrx_word' id='word_1_457' title='bbox 551 1745 613 1773; x_wconf 76' lang='grc' dir='ltr'>τάδε</span> <span class='ocrx_word' id='word_1_458' title='bbox 629 1745 712 1780; x_wconf 81' lang='grc' dir='ltr'>φησίν</span> <span class='ocrx_word' id='word_1_459' title='bbox 731 1745 787 1780; x_wconf 77' lang='lat'><strong>(85)</strong></span> <span class='ocrx_word' id='word_1_460' title='bbox 799 1753 806 1760; x_wconf 85' lang='grc'><strong>·</strong></span> <span class='ocrx_word' id='word_1_461' title='bbox 824 1754 833 1771; x_wconf 79' lang='grc' dir='ltr'><strong>ι</strong></span> <span class='ocrx_word' id='word_1_462' title='bbox 853 1739 901 1771; x_wconf 73' lang='grc' dir='ltr'><strong>’Ᾱε</strong></span> <span class='ocrx_word' id='word_1_463' title='bbox 917 1745 997 1779; x_wconf 78' lang='grc' dir='ltr'>ὑμεῖς</span> 
     </span>
    </p>
   </div>
   <div class='ocr_carea' id='block_1_64' title="bbox 200 1789 996 1826">
    <p class='ocr_par' dir='ltr' id='par_1_64' title="bbox 200 1789 996 1826">
     <span class='ocr_line' id='line_1_64' title="bbox 200 1789 996 1826; baseline 0.003 -12"><span class='ocrx_word' id='word_1_464' title='bbox 200 1789 226 1814; x_wconf 84' lang='grc' dir='ltr'>οι</span> <span class='ocrx_word' id='word_1_465' title='bbox 238 1789 433 1821; x_wconf 80' lang='grc' dir='ltr'>πιστεύσαντες</span> <span class='ocrx_word' id='word_1_466' title='bbox 457 1790 538 1826; x_wconf 62' lang='grc' dir='ltr'>(προς</span> <span class='ocrx_word' id='word_1_467' title='bbox 556 1791 620 1822; x_wconf 79' lang='grc' dir='ltr'>τοὺς</span> <span class='ocrx_word' id='word_1_468' title='bbox 648 1790 804 1826; x_wconf 75' lang='grc' dir='ltr'>βαρϐάρους</span> <span class='ocrx_word' id='word_1_469' title='bbox 822 1789 942 1824; x_wconf 73' lang='grc' dir='ltr'>φωνῶν),</span> <span class='ocrx_word' id='word_1_470' title='bbox 958 1789 996 1825; x_wconf 82' lang='grc' dir='ltr'>μὴ</span> 
     </span>
    </p>
   </div>
   <div class='ocr_carea' id='block_1_65' title="bbox 202 1833 997 1871">
    <p class='ocr_par' dir='ltr' id='par_1_65' title="bbox 202 1833 997 1871">
     <span class='ocr_line' id='line_1_65' title="bbox 202 1833 997 1871; baseline 0.003 -12"><span class='ocrx_word' id='word_1_471' title='bbox 202 1833 310 1867; x_wconf 80' lang='grc' dir='ltr'>γίνεσθε</span> <span class='ocrx_word' id='word_1_472' title='bbox 323 1835 519 1871; x_wconf 80' lang='grc' dir='ltr'>ἁντιλήτττορες</span> <span class='ocrx_word' id='word_1_473' title='bbox 539 1835 673 1863; x_wconf 79' lang='grc' dir='ltr'>Ἰουδαίων</span> <span class='ocrx_word' id='word_1_474' title='bbox 685 1836 701 1871; x_wconf 80' lang='grc' dir='ltr'>ἢ</span> <span class='ocrx_word' id='word_1_475' title='bbox 718 1835 889 1871; x_wconf 86' lang='grc' dir='ltr'>Χριστιανῶν</span> <span class='ocrx_word' id='word_1_476' title='bbox 901 1843 908 1850; x_wconf 91' lang='grc'><strong>·</strong></span> <span class='ocrx_word' id='word_1_477' title='bbox 922 1835 997 1866; x_wconf 76' lang='grc' dir='ltr'>ὅστις</span> 
     </span>
    </p>
   </div>
   <div class='ocr_carea' id='block_1_66' title="bbox 202 1878 997 1916">
    <p class='ocr_par' dir='ltr' id='par_1_66' title="bbox 202 1878 997 1916">
     <span class='ocr_line' id='line_1_66' title="bbox 202 1878 997 1916; baseline 0.003 -11"><span class='ocrx_word' id='word_1_478' title='bbox 202 1878 257 1913; x_wconf 82' lang='grc' dir='ltr'><strong>γὰρ</strong></span> <span class='ocrx_word' id='word_1_479' title='bbox 269 1879 486 1915; x_wconf 76' lang='grc' dir='ltr'>ὑπερασπίζεται</span> <span class='ocrx_word' id='word_1_480' title='bbox 505 1881 595 1909; x_wconf 83' lang='grc' dir='ltr'>αὐτῶν</span> <span class='ocrx_word' id='word_1_481' title='bbox 611 1881 641 1913; x_wconf 78' lang='grc' dir='ltr'><strong>ἐξ</strong></span> <span class='ocrx_word' id='word_1_482' title='bbox 669 1881 758 1916; x_wconf 79' lang='grc' dir='ltr'>ὑμῶν,</span> <span class='ocrx_word' id='word_1_483' title='bbox 785 1878 863 1913; x_wconf 79' lang='grc' dir='ltr'>οὗτος</span> <span class='ocrx_word' id='word_1_484' title='bbox 879 1881 997 1916; x_wconf 84' lang='grc' dir='ltr'>ὑπάρχει</span> 
     </span>
    </p>
   </div>
   <div class='ocr_carea' id='block_1_67' title="bbox 202 1924 996 1963">
    <p class='ocr_par' dir='ltr' id='par_1_67' title="bbox 202 1924 996 1963">
     <span class='ocr_line' id='line_1_67' title="bbox 202 1924 996 1963; baseline 0.004 -12"><span class='ocrx_word' id='word_1_485' title='bbox 202 1924 233 1957; x_wconf 70' lang='grc' dir='ltr'><strong>ἐξ</strong></span> <span class='ocrx_word' id='word_1_486' title='bbox 249 1926 370 1953; x_wconf 73' lang='grc' dir='ltr'>αὐτῶν.»</span> <span class='ocrx_word' id='word_1_487' title='bbox 400 1927 494 1953; x_wconf 79' lang='grc' dir='ltr'>Ταῦτα</span> <span class='ocrx_word' id='word_1_488' title='bbox 522 1927 562 1962; x_wconf 80' lang='grc' dir='ltr'>τῷ</span> <span class='ocrx_word' id='word_1_489' title='bbox 590 1927 749 1963; x_wconf 81' lang='grc' dir='ltr'>ὁδηγηοέντι</span> <span class='ocrx_word' id='word_1_490' title='bbox 779 1927 836 1962; x_wconf 81' lang='grc' dir='ltr'>λαῷ</span> <span class='ocrx_word' id='word_1_491' title='bbox 854 1927 930 1963; x_wconf 76' lang='grc' dir='ltr'>παρὰ</span> <span class='ocrx_word' id='word_1_492' title='bbox 948 1927 996 1954; x_wconf 87' lang='grc' dir='ltr'>τοῦ</span> 
     </span>
    </p>
   </div>
   <div class='ocr_carea' id='block_1_68' title="bbox 203 1971 997 2009">
    <p class='ocr_par' dir='ltr' id='par_1_68' title="bbox 203 1971 997 2009">
     <span class='ocr_line' id='line_1_68' title="bbox 203 1971 997 2009; baseline 0.004 -11"><span class='ocrx_word' id='word_1_493' title='bbox 203 1971 370 2006; x_wconf 78' lang='grc' dir='ltr'>Εὑαγγελίου</span> <span class='ocrx_word' id='word_1_494' title='bbox 387 1973 516 2008; x_wconf 81' lang='grc' dir='ltr'>Χριστοῦ,</span> <span class='ocrx_word' id='word_1_495' title='bbox 531 1973 569 2005; x_wconf 86' lang='grc' dir='ltr'><strong>ὡς</strong></span> <span class='ocrx_word' id='word_1_496' title='bbox 585 1973 688 2008; x_wconf 77' lang='grc' dir='ltr'>ἔλεγες,</span> <span class='ocrx_word' id='word_1_497' title='bbox 710 1974 759 2009; x_wconf 85' lang='grc' dir='ltr'>τῆς</span> <span class='ocrx_word' id='word_1_498' title='bbox 772 1975 813 2006; x_wconf 80' lang='grc' dir='ltr'><strong>εἰς</strong></span> <span class='ocrx_word' id='word_1_499' title='bbox 825 1974 891 2001; x_wconf 73' lang='grc' dir='ltr'>Θεὸν</span> <span class='ocrx_word' id='word_1_500' title='bbox 903 1973 997 2001; x_wconf 71' lang='grc' dir='ltr'>ἕνεκεν</span> 
     </span>
    </p>
   </div>
   <div class='ocr_carea' id='block_1_69' title="bbox 202 2019 997 2056">
    <p class='ocr_par' dir='ltr' id='par_1_69' title="bbox 202 2019 997 2056">
     <span class='ocr_line' id='line_1_69' title="bbox 202 2019 997 2056; baseline 0.004 -12"><span class='ocrx_word' id='word_1_501' title='bbox 202 2019 345 2051; x_wconf 79' lang='grc' dir='ltr'>εὐσεσείας</span> <span class='ocrx_word' id='word_1_502' title='bbox 356 2019 488 2051; x_wconf 83' lang='grc' dir='ltr'>ἀποδίδως</span> <span class='ocrx_word' id='word_1_503' title='bbox 505 2020 538 2047; x_wconf 75' lang='grc' dir='ltr'><strong>τὰ</strong></span> <span class='ocrx_word' id='word_1_504' title='bbox 553 2021 632 2056; x_wconf 84' lang='grc' dir='ltr'>γέρα,</span> <span class='ocrx_word' id='word_1_505' title='bbox 645 2020 757 2052; x_wconf 74' lang='grc' dir='ltr'>εἰκότως</span> <span class='ocrx_word' id='word_1_506' title='bbox 769 2029 801 2055; x_wconf 86' lang='grc' dir='ltr'><strong>γε</strong></span> <span class='ocrx_word' id='word_1_507' title='bbox 811 2028 818 2035; x_wconf 87' lang='grc'><strong>·</strong></span> <span class='ocrx_word' id='word_1_508' title='bbox 832 2021 858 2047; x_wconf 88' lang='grc' dir='ltr'><strong>τί</strong></span> <span class='ocrx_word' id='word_1_509' title='bbox 878 2020 933 2056; x_wconf 77' lang='grc' dir='ltr'><strong>γὰρ</strong></span> <span class='ocrx_word' id='word_1_510' title='bbox 951 2021 997 2047; x_wconf 80' lang='grc' dir='ltr'>καὶ</span> 
     </span>
    </p>
   </div>
   <div class='ocr_carea' id='block_1_70' title="bbox 201 2064 997 2102">
    <p class='ocr_par' dir='ltr' id='par_1_70' title="bbox 201 2064 997 2102">
     <span class='ocr_line' id='line_1_70' title="bbox 201 2064 997 2102; baseline 0.001 -10"><span class='ocrx_word' id='word_1_511' title='bbox 201 2064 267 2092; x_wconf 74' lang='grc' dir='ltr'>ἄλλο</span> <span class='ocrx_word' id='word_1_512' title='bbox 280 2065 294 2092; x_wconf 78' lang='grc' dir='ltr'><strong>ὁ</strong></span> <span class='ocrx_word' id='word_1_513' title='bbox 304 2065 427 2097; x_wconf 77' lang='grc' dir='ltr'>διάϐολος</span> <span class='ocrx_word' id='word_1_514' title='bbox 446 2067 494 2093; x_wconf 75' lang='grc' dir='ltr'>καὶ</span> <span class='ocrx_word' id='word_1_515' title='bbox 507 2067 531 2093; x_wconf 76' lang='grc' dir='ltr'>οἱ</span> <span class='ocrx_word' id='word_1_516' title='bbox 555 2066 651 2093; x_wconf 84' lang='grc' dir='ltr'>τούτου</span> <span class='ocrx_word' id='word_1_517' title='bbox 669 2066 836 2102; x_wconf 80' lang='grc' dir='ltr'>θεράποντες</span> <span class='ocrx_word' id='word_1_518' title='bbox 849 2067 997 2102; x_wconf 79' lang='grc' dir='ltr'>παρέξουσι</span> 
     </span>
    </p>
   </div>
   <div class='ocr_carea' id='block_1_71' title="bbox 201 2111 995 2148">
    <p class='ocr_par' dir='ltr' id='par_1_71' title="bbox 201 2111 995 2148">
     <span class='ocr_line' id='line_1_71' title="bbox 201 2111 995 2148; baseline 0.004 -12"><span class='ocrx_word' id='word_1_519' title='bbox 201 2111 258 2141; x_wconf 76' lang='grc' dir='ltr'>τοῖς</span> <span class='ocrx_word' id='word_1_520' title='bbox 270 2111 377 2146; x_wconf 73' lang='grc' dir='ltr'>ἐχθροῖς</span> <span class='ocrx_word' id='word_1_521' title='bbox 394 2112 485 2138; x_wconf 76' lang='grc' dir='ltr'>αὐτῶν</span> <span class='ocrx_word' id='word_1_522' title='bbox 496 2116 508 2144; x_wconf 76' lang='grc' dir='ltr'>ς’</span> <span class='ocrx_word' id='word_1_523' title='bbox 517 2112 587 2139; x_wconf 79' lang='grc' dir='ltr'>ἔστω</span> <span class='ocrx_word' id='word_1_524' title='bbox 597 2113 770 2148; x_wconf 82' lang='grc' dir='ltr'>Χριστιανοίς</span> <span class='ocrx_word' id='word_1_525' title='bbox 788 2113 837 2147; x_wconf 84' lang='grc' dir='ltr'>μὲν</span> <span class='ocrx_word' id='word_1_526' title='bbox 850 2112 899 2148; x_wconf 82' lang='grc' dir='ltr'>τὴν</span> <span class='ocrx_word' id='word_1_527' title='bbox 910 2121 995 2140; x_wconf 85' lang='grc' dir='ltr'>παντ-</span> 
     </span>
    </p>
   </div>
   <div class='ocr_carea' id='block_1_72' title="bbox 202 2159 999 2196">
    <p class='ocr_par' dir='ltr' id='par_1_72' title="bbox 202 2159 999 2196">
     <span class='ocr_line' id='line_1_72' title="bbox 202 2159 999 2196; baseline 0.006 -14"><span class='ocrx_word' id='word_1_528' title='bbox 202 2159 300 2193; x_wconf 67' lang='grc' dir='ltr'>ουργὸν</span> <span class='ocrx_word' id='word_1_529' title='bbox 313 2159 359 2184; x_wconf 78' lang='grc' dir='ltr'>καὶ</span> <span class='ocrx_word' id='word_1_530' title='bbox 367 2159 523 2194; x_wconf 77' lang='grc' dir='ltr'>ζωαρχικὴν</span> <span class='ocrx_word' id='word_1_531' title='bbox 536 2160 616 2194; x_wconf 84' lang='grc' dir='ltr'>ἁγίαν</span> <span class='ocrx_word' id='word_1_532' title='bbox 628 2161 649 2186; x_wconf 87' lang='grc' dir='ltr'>Τ</span> <span class='ocrx_word' id='word_1_533' title='bbox 651 2160 730 2196; x_wconf 83' lang='grc' dir='ltr'>ριάδα</span> <span class='ocrx_word' id='word_1_534' title='bbox 739 2160 999 2196; x_wconf 78' lang='grc' dir='ltr'>ὁμολογοῦσι,ταῦτα</span> 
     </span>
    </p>
   </div>
   <div class='ocr_carea' id='block_1_73' title="bbox 203 2203 996 2242">
    <p class='ocr_par' dir='ltr' id='par_1_73' title="bbox 203 2203 996 2242">
     <span class='ocr_line' id='line_1_73' title="bbox 203 2203 996 2242; baseline 0.006 -13"><span class='ocrx_word' id='word_1_535' title='bbox 203 2203 350 2239; x_wconf 80' lang='grc' dir='ltr'>ὑπομένειν</span> <span class='ocrx_word' id='word_1_536' title='bbox 365 2205 472 2232; x_wconf 78' lang='grc' dir='ltr'>κελεύει</span> <span class='ocrx_word' id='word_1_537' title='bbox 483 2214 491 2222; x_wconf 84' lang='grc'><strong>·</strong></span> <span class='ocrx_word' id='word_1_538' title='bbox 513 2205 651 2238; x_wconf 81' lang='grc' dir='ltr'>Ἰουδαίοις</span> <span class='ocrx_word' id='word_1_539' title='bbox 665 2206 693 2233; x_wconf 76' lang='grc' dir='ltr'>δὲ</span> <span class='ocrx_word' id='word_1_540' title='bbox 709 2207 765 2237; x_wconf 85' lang='grc' dir='ltr'>τοῖς</span> <span class='ocrx_word' id='word_1_541' title='bbox 789 2207 996 2242; x_wconf 60' lang='grc' dir='ltr'>ἐπαγγελλομέν-</span> 
     </span>
    </p>
   </div>
   <div class='ocr_carea' id='block_1_74' title="bbox 202 2251 997 2288">
    <p class='ocr_par' dir='ltr' id='par_1_74' title="bbox 202 2251 997 2288">
     <span class='ocr_line' id='line_1_74' title="bbox 202 2251 997 2288; baseline 0.004 -12"><span class='ocrx_word' id='word_1_542' title='bbox 202 2258 258 2281; x_wconf 81' lang='grc' dir='ltr'>νοις</span> <span class='ocrx_word' id='word_1_543' title='bbox 269 2251 318 2286; x_wconf 75' lang='grc' dir='ltr'>τὴν</span> <span class='ocrx_word' id='word_1_544' title='bbox 328 2251 376 2278; x_wconf 75' lang='grc' dir='ltr'>τοῦ</span> <span class='ocrx_word' id='word_1_545' title='bbox 403 2251 528 2288; x_wconf 75' lang='grc' dir='ltr'>’Δῆραὰμ</span> <span class='ocrx_word' id='word_1_546' title='bbox 555 2252 647 2278; x_wconf 78' lang='grc' dir='ltr'>πίστιν</span> <span class='ocrx_word' id='word_1_547' title='bbox 663 2252 828 2286; x_wconf 74' lang='grc' dir='ltr'>ἀποσώζειν,</span> <span class='ocrx_word' id='word_1_548' title='bbox 858 2253 902 2279; x_wconf 70' lang='grc' dir='ltr'>διὰ</span> <span class='ocrx_word' id='word_1_549' title='bbox 917 2253 942 2278; x_wconf 88' lang='grc' dir='ltr'><strong>τί</strong></span> <span class='ocrx_word' id='word_1_550' title='bbox 964 2253 997 2280; x_wconf 80' lang='grc' dir='ltr'><strong>τὰ</strong></span> 
     </span>
    </p>
   </div>
   <div class='ocr_carea' id='block_1_75' title="bbox 203 2296 995 2333">
    <p class='ocr_par' dir='ltr' id='par_1_75' title="bbox 203 2296 995 2333">
     <span class='ocr_line' id='line_1_75' title="bbox 203 2296 995 2333; baseline 0.004 -11"><span class='ocrx_word' id='word_1_551' title='bbox 203 2296 272 2322; x_wconf 76' lang='grc' dir='ltr'>αὐτὰ</span> <span class='ocrx_word' id='word_1_552' title='bbox 285 2297 427 2332; x_wconf 75' lang='grc' dir='ltr'>προξενεῖς</span> <span class='ocrx_word' id='word_1_553' title='bbox 441 2298 491 2323; x_wconf 85' lang='grc' dir='ltr'>οὐκ</span> <span class='ocrx_word' id='word_1_554' title='bbox 506 2298 558 2330; x_wconf 69' lang='grc' dir='ltr'><strong>ἔξω</strong></span> <span class='ocrx_word' id='word_1_555' title='bbox 569 2298 617 2333; x_wconf 82' lang='grc' dir='ltr'>τῆς</span> <span class='ocrx_word' id='word_1_556' title='bbox 630 2298 838 2333; x_wconf 69' lang='grc' dir='ltr'>κακοφροσύνῃς</span> <span class='ocrx_word' id='word_1_557' title='bbox 851 2297 934 2325; x_wconf 79' lang='grc' dir='ltr'>αὑτοῦ</span> <span class='ocrx_word' id='word_1_558' title='bbox 945 2298 995 2326; x_wconf 77' lang='grc' dir='ltr'>καὶ</span> 
     </span>
    </p>
   </div>
   <div class='ocr_carea' id='block_1_76' title="bbox 202 2342 995 2380">
    <p class='ocr_par' dir='ltr' id='par_1_76' title="bbox 202 2342 995 2380">
     <span class='ocr_line' id='line_1_76' title="bbox 202 2342 995 2380; baseline 0.005 -12"><span class='ocrx_word' id='word_1_559' title='bbox 202 2342 295 2369; x_wconf 73' lang='grc' dir='ltr'>τοῦτο·</span> <span class='ocrx_word' id='word_1_560' title='bbox 315 2343 373 2378; x_wconf 70' lang='grc' dir='ltr'>ᾔδει</span> <span class='ocrx_word' id='word_1_561' title='bbox 389 2344 443 2379; x_wconf 76' lang='grc' dir='ltr'><strong>γὰρ</strong></span> <span class='ocrx_word' id='word_1_562' title='bbox 469 2344 510 2371; x_wconf 74' lang='grc' dir='ltr'>ὃτι</span> <span class='ocrx_word' id='word_1_563' title='bbox 535 2344 584 2379; x_wconf 80' lang='grc' dir='ltr'>τὴν</span> <span class='ocrx_word' id='word_1_564' title='bbox 609 2344 727 2380; x_wconf 82' lang='grc' dir='ltr'>Χριστοῦ</span> <span class='ocrx_word' id='word_1_565' title='bbox 749 2345 863 2380; x_wconf 75' lang='grc' dir='ltr'>θεότητα</span> <span class='ocrx_word' id='word_1_566' title='bbox 882 2345 896 2371; x_wconf 84' lang='grc' dir='ltr'><strong>ὸ</strong></span> <span class='ocrx_word' id='word_1_567' title='bbox 913 2344 995 2380; x_wconf 83' lang='grc' dir='ltr'>νόμος</span> 
     </span>
    </p>
   </div>
   <div class='ocr_carea' id='block_1_77' title="bbox 204 2388 997 2426">
    <p class='ocr_par' dir='ltr' id='par_1_77' title="bbox 204 2388 997 2426">
     <span class='ocr_line' id='line_1_77' title="bbox 204 2388 997 2426; baseline 0.004 -12"><span class='ocrx_word' id='word_1_568' title='bbox 204 2388 393 2415; x_wconf 77' lang='grc' dir='ltr'>ἀποδείκνυσι·</span> <span class='ocrx_word' id='word_1_569' title='bbox 416 2389 459 2416; x_wconf 79' lang='grc' dir='ltr'><strong>διὰ</strong></span> <span class='ocrx_word' id='word_1_570' title='bbox 483 2389 561 2416; x_wconf 86' lang='grc' dir='ltr'>τοῦτο</span> <span class='ocrx_word' id='word_1_571' title='bbox 583 2389 749 2425; x_wconf 80' lang='grc' dir='ltr'>ἀμφοτέροις</span> <span class='ocrx_word' id='word_1_572' title='bbox 771 2390 925 2426; x_wconf 83' lang='grc' dir='ltr'>ὲχΟραίνειν</span> <span class='ocrx_word' id='word_1_573' title='bbox 950 2398 997 2416; x_wconf 84' lang='grc' dir='ltr'>κε-</span> 
     </span>
    </p>
   </div>
   <div class='ocr_carea' id='block_1_78' title="bbox 203 2434 996 2472">
    <p class='ocr_par' dir='ltr' id='par_1_78' title="bbox 203 2434 996 2472">
     <span class='ocr_line' id='line_1_78' title="bbox 203 2434 996 2472; baseline 0.003 -11"><span class='ocrx_word' id='word_1_574' title='bbox 203 2434 285 2467; x_wconf 77' lang='grc' dir='ltr'>λεύει,</span> <span class='ocrx_word' id='word_1_575' title='bbox 303 2435 365 2462; x_wconf 78' lang='grc' dir='ltr'>καθ’</span> <span class='ocrx_word' id='word_1_576' title='bbox 382 2435 443 2462; x_wconf 79' lang='grc' dir='ltr'>ὅλου</span> <span class='ocrx_word' id='word_1_577' title='bbox 470 2435 603 2472; x_wconf 77' lang='grc' dir='ltr'>θεομάχος</span> <span class='ocrx_word' id='word_1_578' title='bbox 635 2436 767 2472; x_wconf 76' lang='grc' dir='ltr'>ὑπάρχων</span> <span class='ocrx_word' id='word_1_579' title='bbox 779 2445 786 2453; x_wconf 89' lang='grc'><strong>·</strong></span> <span class='ocrx_word' id='word_1_580' title='bbox 813 2437 855 2463; x_wconf 79' lang='grc' dir='ltr'>ὅτι</span> <span class='ocrx_word' id='word_1_581' title='bbox 869 2437 898 2463; x_wconf 78' lang='grc' dir='ltr'>δὲ</span> <span class='ocrx_word' id='word_1_582' title='bbox 910 2436 996 2463; x_wconf 83' lang='grc' dir='ltr'>ταῦτα</span> 
     </span>
    </p>
   </div>
   <div class='ocr_carea' id='block_1_79' title="bbox 204 2481 996 2518">
    <p class='ocr_par' dir='ltr' id='par_1_79' title="bbox 204 2481 996 2518">
     <span class='ocr_line' id='line_1_79' title="bbox 204 2481 996 2518; baseline 0.004 -12"><span class='ocrx_word' id='word_1_583' title='bbox 204 2481 370 2515; x_wconf 82' lang='grc' dir='ltr'>παραπαίων</span> <span class='ocrx_word' id='word_1_584' title='bbox 378 2481 510 2516; x_wconf 75' lang='grc' dir='ltr'>ιγραφεν,</span> <span class='ocrx_word' id='word_1_585' title='bbox 525 2482 542 2518; x_wconf 79' lang='grc' dir='ltr'>ἦ</span> <span class='ocrx_word' id='word_1_586' title='bbox 557 2483 592 2510; x_wconf 74' lang='grc' dir='ltr'><strong>τὰ</strong></span> <span class='ocrx_word' id='word_1_587' title='bbox 607 2483 749 2518; x_wconf 79' lang='grc' dir='ltr'>πρότερον,</span> <span class='ocrx_word' id='word_1_588' title='bbox 764 2483 780 2518; x_wconf 86' lang='grc' dir='ltr'>ἢ</span> <span class='ocrx_word' id='word_1_589' title='bbox 796 2482 896 2518; x_wconf 80' lang='grc' dir='ltr'>μᾶλλον</span> <span class='ocrx_word' id='word_1_590' title='bbox 908 2483 996 2509; x_wconf 75' lang='grc' dir='ltr'>εἰπεῖν</span> 
     </span>
    </p>
   </div>
   <div class='ocr_carea' id='block_1_80' title="bbox 203 2527 995 2564">
    <p class='ocr_par' dir='ltr' id='par_1_80' title="bbox 203 2527 995 2564">
     <span class='ocr_line' id='line_1_80' title="bbox 203 2527 995 2564; baseline 0.003 -11"><span class='ocrx_word' id='word_1_591' title='bbox 203 2527 237 2553; x_wconf 80' lang='grc' dir='ltr'>τὰ</span> <span class='ocrx_word' id='word_1_592' title='bbox 249 2527 348 2559; x_wconf 75' lang='grc' dir='ltr'>πάντα,</span> <span class='ocrx_word' id='word_1_593' title='bbox 363 2527 488 2554; x_wconf 77' lang='grc' dir='ltr'>ἐντεῦθεν</span> <span class='ocrx_word' id='word_1_594' title='bbox 499 2529 588 2564; x_wconf 81' lang='grc' dir='ltr'>δῆλον.</span> <span class='ocrx_word' id='word_1_595' title='bbox 612 2529 806 2555; x_wconf 78' lang='grc' dir='ltr'>Ἐπισυνάπτει</span> <span class='ocrx_word' id='word_1_596' title='bbox 823 2528 877 2564; x_wconf 86' lang='grc' dir='ltr'><strong>γὰρ</strong></span> <span class='ocrx_word' id='word_1_597' title='bbox 890 2528 995 2561; x_wconf 80' lang='grc' dir='ltr'>τούτοις</span> 
     </span>
    </p>
   </div>
   <div class='ocr_carea' id='block_1_81' title="bbox 204 2572 994 2611">
    <p class='ocr_par' dir='ltr' id='par_1_81' title="bbox 204 2572 994 2611">
     <span class='ocr_line' id='line_1_81' title="bbox 204 2572 994 2611; baseline 0.003 -12"><span class='ocrx_word' id='word_1_598' title='bbox 204 2572 285 2608; x_wconf 77' lang='grc' dir='ltr'>ἕτερα</span> <span class='ocrx_word' id='word_1_599' title='bbox 299 2573 381 2607; x_wconf 79' lang='grc' dir='ltr'>ὃμοια</span> <span class='ocrx_word' id='word_1_600' title='bbox 406 2574 454 2600; x_wconf 69' lang='grc' dir='ltr'>καὶ</span> <span class='ocrx_word' id='word_1_601' title='bbox 483 2576 639 2609; x_wconf 74' lang='grc' dir='ltr'>προσφωνεῖ</span> <span class='ocrx_word' id='word_1_602' title='bbox 659 2574 801 2607; x_wconf 80' lang='grc' dir='ltr'>Ἰουδαίους</span> <span class='ocrx_word' id='word_1_603' title='bbox 814 2583 844 2602; x_wconf 86' lang='grc' dir='ltr'><strong>τε</strong></span> <span class='ocrx_word' id='word_1_604' title='bbox 858 2575 906 2602; x_wconf 80' lang='grc' dir='ltr'>καὶ</span> <span class='ocrx_word' id='word_1_605' title='bbox 925 2576 994 2611; x_wconf 81' lang='grc' dir='ltr'>Χρι-</span> 
     </span>
    </p>
   </div>
   <div class='ocr_carea' id='block_1_82' title="bbox 205 2620 996 2657">
    <p class='ocr_par' dir='ltr' id='par_1_82' title="bbox 205 2620 996 2657">
     <span class='ocr_line' id='line_1_82' title="bbox 205 2620 996 2657; baseline 0.003 -12"><span class='ocrx_word' id='word_1_606' title='bbox 205 2620 330 2652; x_wconf 74' lang='grc' dir='ltr'>στιανοὺς</span> <span class='ocrx_word' id='word_1_607' title='bbox 347 2620 434 2656; x_wconf 83' lang='grc' dir='ltr'>λέγων</span> <span class='ocrx_word' id='word_1_608' title='bbox 445 2629 452 2637; x_wconf 88' lang='grc'><strong>·</strong></span> <span class='ocrx_word' id='word_1_609' title='bbox 471 2630 481 2647; x_wconf 79' lang='grc' dir='ltr'>ι</span> <span class='ocrx_word' id='word_1_610' title='bbox 507 2622 555 2648; x_wconf 70' lang='grc' dir='ltr'><strong>’Λα</strong></span> <span class='ocrx_word' id='word_1_611' title='bbox 579 2622 675 2648; x_wconf 79' lang='grc' dir='ltr'>οἰκεῖοι</span> <span class='ocrx_word' id='word_1_612' title='bbox 699 2621 825 2657; x_wconf 82' lang='grc' dir='ltr'>γραφῶν,</span> <span class='ocrx_word' id='word_1_613' title='bbox 842 2621 919 2648; x_wconf 83' lang='grc' dir='ltr'>οὐδέν</span> <span class='ocrx_word' id='word_1_614' title='bbox 933 2621 996 2647; x_wconf 74' lang='grc' dir='ltr'>ἐστε</span> 
     </span>
    </p>
   </div>
   <div class='ocr_carea' id='block_1_83' title="bbox 203 2663 995 2701">
    <p class='ocr_par' dir='ltr' id='par_1_83' title="bbox 203 2663 995 2701">
     <span class='ocr_line' id='line_1_83' title="bbox 203 2663 995 2701; baseline 0.004 -12"><span class='ocrx_word' id='word_1_615' title='bbox 203 2663 254 2696; x_wconf 77' lang='grc' dir='ltr'>ἓως</span> <span class='ocrx_word' id='word_1_616' title='bbox 267 2665 301 2691; x_wconf 79' lang='grc' dir='ltr'>ἂν</span> <span class='ocrx_word' id='word_1_617' title='bbox 325 2665 520 2701; x_wconf 71' lang='grc' dir='ltr'>ἑξακολονοῆτε</span> <span class='ocrx_word' id='word_1_618' title='bbox 536 2666 574 2700; x_wconf 85' lang='grc' dir='ltr'>τῷ</span> <span class='ocrx_word' id='word_1_619' title='bbox 594 2666 679 2700; x_wconf 69' lang='grc' dir='ltr'>νόμῳ.</span> <span class='ocrx_word' id='word_1_620' title='bbox 706 2666 755 2692; x_wconf 77' lang='grc' dir='ltr'><strong>καὶ</strong></span> <span class='ocrx_word' id='word_1_621' title='bbox 769 2665 808 2700; x_wconf 85' lang='grc' dir='ltr'>τῷ</span> <span class='ocrx_word' id='word_1_622' title='bbox 825 2666 995 2701; x_wconf 80' lang='grc' dir='ltr'>Εὐαγγεὶίῳ,</span> 
     </span>
    </p>
   </div>
   <div class='ocr_carea' id='block_1_84' title="bbox 203 2709 996 2748">
    <p class='ocr_par' dir='ltr' id='par_1_84' title="bbox 203 2709 996 2748">
     <span class='ocr_line' id='line_1_84' title="bbox 203 2709 996 2748; baseline 0.001 -11"><span class='ocrx_word' id='word_1_623' title='bbox 203 2709 250 2737; x_wconf 77' lang='grc' dir='ltr'>καὶ</span> <span class='ocrx_word' id='word_1_624' title='bbox 262 2711 317 2743; x_wconf 85' lang='grc' dir='ltr'>τοῖς</span> <span class='ocrx_word' id='word_1_625' title='bbox 333 2712 520 2747; x_wconf 81' lang='grc' dir='ltr'>κατενεχθεῖσι</span> <span class='ocrx_word' id='word_1_626' title='bbox 533 2712 609 2748; x_wconf 80' lang='grc' dir='ltr'>παρὰ</span> <span class='ocrx_word' id='word_1_627' title='bbox 623 2712 670 2738; x_wconf 81' lang='grc' dir='ltr'>τοῦ</span> <span class='ocrx_word' id='word_1_628' title='bbox 684 2711 786 2747; x_wconf 83' lang='grc' dir='ltr'>Κυρίου</span> <span class='ocrx_word' id='word_1_629' title='bbox 801 2711 880 2746; x_wconf 81' lang='grc' dir='ltr'>ὑμῶν</span> <span class='ocrx_word' id='word_1_630' title='bbox 890 2720 897 2727; x_wconf 90' lang='grc'>·</span> <span class='ocrx_word' id='word_1_631' title='bbox 910 2719 996 2747; x_wconf 79' lang='grc' dir='ltr'>προσ-</span> 
     </span>
    </p>
   </div>
   <div class='ocr_carea' id='block_1_85' title="bbox 203 2756 995 2794">
    <p class='ocr_par' dir='ltr' id='par_1_85' title="bbox 203 2756 995 2794">
     <span class='ocr_line' id='line_1_85' title="bbox 203 2756 995 2794; baseline 0.004 -12"><span class='ocrx_word' id='word_1_632' title='bbox 203 2756 308 2785; x_wconf 71' lang='grc' dir='ltr'>τίθεται</span> <span class='ocrx_word' id='word_1_633' title='bbox 331 2757 387 2794; x_wconf 78' lang='grc' dir='ltr'>γὰρ</span> <span class='ocrx_word' id='word_1_634' title='bbox 407 2759 440 2786; x_wconf 82' lang='grc' dir='ltr'>ἐκ</span> <span class='ocrx_word' id='word_1_635' title='bbox 463 2759 518 2786; x_wconf 85' lang='grc' dir='ltr'>τῶν</span> <span class='ocrx_word' id='word_1_636' title='bbox 543 2758 759 2794; x_wconf 82' lang='grc' dir='ltr'>κατενεχθέντων</span> <span class='ocrx_word' id='word_1_637' title='bbox 773 2758 838 2794; x_wconf 79' lang='grc' dir='ltr'>ἡμῖν</span> <span class='ocrx_word' id='word_1_638' title='bbox 856 2758 932 2794; x_wconf 70' lang='grc' dir='ltr'>παρὰ</span> <span class='ocrx_word' id='word_1_639' title='bbox 948 2757 995 2785; x_wconf 81' lang='grc' dir='ltr'>τοῦ</span> 
     </span>
    </p>
   </div>
   <div class='ocr_carea' id='block_1_86' title="bbox 240 2848 551 2884">
    <p class='ocr_par' dir='ltr' id='par_1_86' title="bbox 240 2848 551 2884">
     <span class='ocr_line' id='line_1_86' title="bbox 240 2848 551 2884; baseline 0.003 -9"><span class='ocrx_word' id='word_1_640' title='bbox 240 2848 297 2884; x_wconf 70' lang='grc' dir='ltr'><strong>(εδ)</strong></span> <span class='ocrx_word' id='word_1_641' title='bbox 315 2849 378 2876; x_wconf 87' lang='lat' dir='ltr'><strong>Snr.</strong></span> <span class='ocrx_word' id='word_1_642' title='bbox 395 2849 426 2881; x_wconf 85' lang='lat' dir='ltr'><strong>v,</strong></span> <span class='ocrx_word' id='word_1_643' title='bbox 445 2849 490 2880; x_wconf 77' lang='lat'><strong>57.</strong></span> <span class='ocrx_word' id='word_1_644' title='bbox 507 2849 551 2876; x_wconf 73' lang='grc' dir='ltr'><strong>δι.</strong></span> 
     </span>
    </p>
   </div>
   <div class='ocr_carea' id='block_1_87' title="bbox 239 2885 551 2920">
    <p class='ocr_par' dir='ltr' id='par_1_87' title="bbox 239 2885 551 2920">
     <span class='ocr_line' id='line_1_87' title="bbox 239 2885 551 2920; baseline -0.006 -7"><span class='ocrx_word' id='word_1_645' title='bbox 239 2885 297 2920; x_wconf 62' lang='grc' dir='ltr'>(ιι)</span> <span class='ocrx_word' id='word_1_646' title='bbox 313 2885 396 2913; x_wconf 77' lang='lat' dir='ltr'><strong>Arab.</strong></span> <span class='ocrx_word' id='word_1_647' title='bbox 410 2885 447 2920; x_wconf 78' lang='grc' dir='ltr'>μὴ</span> <span class='ocrx_word' id='word_1_648' title='bbox 459 2885 551 2920; x_wconf 71' lang='grc' dir='ltr'>κρίνῃ.</span> 
     </span>
    </p>
   </div>
   <div class='ocr_carea' id='block_1_88' title="bbox 1011 2125 1034 2152">
    <p class='ocr_par' dir='ltr' id='par_1_88' title="bbox 1011 2125 1034 2152">
     <span class='ocr_line' id='line_1_88' title="bbox 1011 2125 1034 2152; baseline 0 0"><span class='ocrx_word' id='word_1_649' title='bbox 1011 2125 1034 2152; x_wconf 87' lang='lat' dir='ltr'><strong>D</strong></span> 
     </span>
    </p>
   </div>
   <div class='ocr_carea' id='block_1_89' title="bbox 1046 1543 1842 1580">
    <p class='ocr_par' dir='ltr' id='par_1_89' title="bbox 1046 1543 1842 1580">
     <span class='ocr_line' id='line_1_89' title="bbox 1046 1543 1842 1580; baseline 0.001 -8"><span class='ocrx_word' id='word_1_650' title='bbox 1046 1544 1112 1572; x_wconf 88' lang='lat' dir='ltr'><strong>bras</strong></span> <span class='ocrx_word' id='word_1_651' title='bbox 1138 1543 1319 1578; x_wconf 84' lang='lat' dir='ltr'><strong>fallacemque</strong></span> <span class='ocrx_word' id='word_1_652' title='bbox 1334 1544 1461 1572; x_wconf 89' lang='lat' dir='ltr'><strong>ducatum</strong></span> <span class='ocrx_word' id='word_1_653' title='bbox 1491 1544 1650 1572; x_wconf 86' lang='lat' dir='ltr'><strong>hominibus</strong></span> <span class='ocrx_word' id='word_1_654' title='bbox 1667 1546 1799 1580; x_wconf 67' lang='lat' dir='ltr'><strong>praebeas.</strong></span> <span class='ocrx_word' id='word_1_655' title='bbox 1815 1550 1842 1573; x_wconf 85' lang='lat' dir='ltr'><strong>et</strong></span> 
     </span>
    </p>
   </div>
   <div class='ocr_carea' id='block_1_90' title="bbox 1045 1590 1842 1626">
    <p class='ocr_par' dir='ltr' id='par_1_90' title="bbox 1045 1590 1842 1626">
     <span class='ocr_line' id='line_1_90' title="bbox 1045 1590 1842 1626; baseline 0 -8"><span class='ocrx_word' id='word_1_656' title='bbox 1045 1590 1141 1626; x_wconf 84' lang='lat' dir='ltr'><strong>judicii</strong></span> <span class='ocrx_word' id='word_1_657' title='bbox 1170 1596 1291 1625; x_wconf 84' lang='lat' dir='ltr'><strong>tempore</strong></span> <span class='ocrx_word' id='word_1_658' title='bbox 1309 1597 1372 1618; x_wconf 87' lang='lat' dir='ltr'><strong>cum</strong></span> <span class='ocrx_word' id='word_1_659' title='bbox 1400 1590 1433 1618; x_wconf 88' lang='lat' dir='ltr'><strong>iis</strong></span> <span class='ocrx_word' id='word_1_660' title='bbox 1458 1590 1504 1626; x_wconf 85' lang='lat' dir='ltr'><strong>qui</strong></span> <span class='ocrx_word' id='word_1_661' title='bbox 1532 1595 1559 1618; x_wconf 89' lang='lat' dir='ltr'><strong>te</strong></span> <span class='ocrx_word' id='word_1_662' title='bbox 1583 1591 1755 1618; x_wconf 86' lang='lat' dir='ltr'><strong>admiserunt</strong></span> <span class='ocrx_word' id='word_1_663' title='bbox 1775 1598 1842 1618; x_wconf 86' lang='lat' dir='ltr'><strong>con-</strong></span> 
     </span>
    </p>
   </div>
   <div class='ocr_carea' id='block_1_91' title="bbox 1047 1636 1197 1665">
    <p class='ocr_par' dir='ltr' id='par_1_91' title="bbox 1047 1636 1197 1665">
     <span class='ocr_line' id='line_1_91' title="bbox 1047 1636 1197 1665; baseline -0.013 0"><span class='ocrx_word' id='word_1_664' title='bbox 1047 1636 1197 1665; x_wconf 86' lang='lat' dir='ltr'><strong>delnneris.</strong></span> 
     </span>
    </p>
   </div>
   <div class='ocr_carea' id='block_1_92' title="bbox 1083 1692 1844 1729">
    <p class='ocr_par' dir='ltr' id='par_1_92' title="bbox 1083 1692 1844 1729">
     <span class='ocr_line' id='line_1_92' title="bbox 1083 1692 1844 1729; baseline -0.001 -7"><span class='ocrx_word' id='word_1_665' title='bbox 1083 1693 1152 1722; x_wconf 86' lang='lat' dir='ltr'><strong>Tum</strong></span> <span class='ocrx_word' id='word_1_666' title='bbox 1179 1693 1274 1729; x_wconf 78' lang='lat' dir='ltr'><strong>paucis</strong></span> <span class='ocrx_word' id='word_1_667' title='bbox 1297 1693 1457 1729; x_wconf 81' lang='lat' dir='ltr'><strong>intcrjectis,</strong></span> <span class='ocrx_word' id='word_1_668' title='bbox 1472 1693 1498 1721; x_wconf 91' lang='lat' dir='ltr'><strong>in</strong></span> <span class='ocrx_word' id='word_1_669' title='bbox 1519 1701 1598 1721; x_wconf 87' lang='lat' dir='ltr'><strong>suam</strong></span> <span class='ocrx_word' id='word_1_670' title='bbox 1614 1693 1696 1721; x_wconf 85' lang='lat' dir='ltr'><strong>veluti</strong></span> <span class='ocrx_word' id='word_1_671' title='bbox 1718 1692 1844 1721; x_wconf 79' lang='lat' dir='ltr'><strong>relabens</strong></span> 
     </span>
    </p>
   </div>
   <div class='ocr_carea' id='block_1_93' title="bbox 1048 1739 1838 1774">
    <p class='ocr_par' dir='ltr' id='par_1_93' title="bbox 1048 1739 1838 1774">
     <span class='ocr_line' id='line_1_93' title="bbox 1048 1739 1838 1774; baseline -0.003 -6"><span class='ocrx_word' id='word_1_672' title='bbox 1048 1741 1196 1773; x_wconf 85' lang='lat' dir='ltr'><strong>insaniam,</strong></span> <span class='ocrx_word' id='word_1_673' title='bbox 1214 1740 1270 1767; x_wconf 69' lang='lat' dir='ltr'><strong>haec</strong></span> <span class='ocrx_word' id='word_1_674' title='bbox 1286 1740 1324 1767; x_wconf 88' lang='lat' dir='ltr'><strong>ait</strong></span> <span class='ocrx_word' id='word_1_675' title='bbox 1339 1749 1346 1767; x_wconf 89' lang='lat'><strong>:</strong></span> <span class='ocrx_word' id='word_1_676' title='bbox 1365 1749 1374 1766; x_wconf 78' lang='grc' dir='ltr'>ι</span> <span class='ocrx_word' id='word_1_677' title='bbox 1387 1739 1409 1767; x_wconf 91' lang='grc' dir='ltr'><strong>Ο</strong></span> <span class='ocrx_word' id='word_1_678' title='bbox 1425 1747 1473 1767; x_wconf 82' lang='lat' dir='ltr'><strong>vos</strong></span> <span class='ocrx_word' id='word_1_679' title='bbox 1486 1740 1630 1767; x_wconf 85' lang='lat' dir='ltr'><strong>credentes</strong></span> <span class='ocrx_word' id='word_1_680' title='bbox 1645 1739 1690 1774; x_wconf 89' lang='lat' dir='ltr'><strong>(ad</strong></span> <span class='ocrx_word' id='word_1_681' title='bbox 1705 1739 1838 1767; x_wconf 69' lang='lat' dir='ltr'><strong>barbaros</strong></span> 
     </span>
    </p>
   </div>
   <div class='ocr_carea' id='block_1_94' title="bbox 1048 1785 1843 1822">
    <p class='ocr_par' dir='ltr' id='par_1_94' title="bbox 1048 1785 1843 1822">
     <span class='ocr_line' id='line_1_94' title="bbox 1048 1785 1843 1822; baseline -0.005 -6"><span class='ocrx_word' id='word_1_682' title='bbox 1048 1789 1159 1822; x_wconf 87' lang='lat' dir='ltr'><strong>clamat)</strong></span> <span class='ocrx_word' id='word_1_683' title='bbox 1175 1795 1209 1814; x_wconf 86' lang='lat' dir='ltr'><strong>ne</strong></span> <span class='ocrx_word' id='word_1_684' title='bbox 1229 1787 1289 1815; x_wconf 88' lang='lat' dir='ltr'><strong>sitis</strong></span> <span class='ocrx_word' id='word_1_685' title='bbox 1304 1791 1480 1822; x_wconf 83' lang='lat' dir='ltr'><strong>susceptores</strong></span> <span class='ocrx_word' id='word_1_686' title='bbox 1494 1785 1651 1814; x_wconf 69' lang='lat' dir='ltr'><strong>Iudaeorum</strong></span> <span class='ocrx_word' id='word_1_687' title='bbox 1667 1791 1695 1813; x_wconf 90' lang='lat' dir='ltr'><strong>et</strong></span> <span class='ocrx_word' id='word_1_688' title='bbox 1709 1785 1843 1814; x_wconf 86' lang='lat' dir='ltr'><strong>Christia-</strong></span> 
     </span>
    </p>
   </div>
   <div class='ocr_carea' id='block_1_95' title="bbox 1048 1830 1845 1866">
    <p class='ocr_par' dir='ltr' id='par_1_95' title="bbox 1048 1830 1845 1866">
     <span class='ocr_line' id='line_1_95' title="bbox 1048 1830 1845 1866; baseline -0.004 -5"><span class='ocrx_word' id='word_1_689' title='bbox 1048 1840 1158 1861; x_wconf 89' lang='lat' dir='ltr'><strong>norum.</strong></span> <span class='ocrx_word' id='word_1_690' title='bbox 1184 1832 1315 1866; x_wconf 83' lang='lat' dir='ltr'><strong>Quisquis</strong></span> <span class='ocrx_word' id='word_1_691' title='bbox 1331 1837 1451 1859; x_wconf 82' lang='lat' dir='ltr'><strong>vestrum</strong></span> <span class='ocrx_word' id='word_1_692' title='bbox 1469 1831 1509 1859; x_wconf 88' lang='lat' dir='ltr'><strong>eis</strong></span> <span class='ocrx_word' id='word_1_693' title='bbox 1525 1831 1723 1866; x_wconf 83' lang='lat' dir='ltr'><strong>patrocinatur.</strong></span> <span class='ocrx_word' id='word_1_694' title='bbox 1741 1830 1786 1858; x_wconf 92' lang='lat' dir='ltr'><strong>hic</strong></span> <span class='ocrx_word' id='word_1_695' title='bbox 1802 1834 1845 1859; x_wconf 84' lang='lat' dir='ltr'><strong>est</strong></span> 
     </span>
    </p>
   </div>
   <div class='ocr_carea' id='block_1_96' title="bbox 1048 1877 1844 1915">
    <p class='ocr_par' dir='ltr' id='par_1_96' title="bbox 1048 1877 1844 1915">
     <span class='ocr_line' id='line_1_96' title="bbox 1048 1877 1844 1915; baseline -0.005 -8"><span class='ocrx_word' id='word_1_696' title='bbox 1048 1888 1079 1908; x_wconf 72' lang='lat' dir='ltr'><strong>ex</strong></span> <span class='ocrx_word' id='word_1_697' title='bbox 1096 1879 1173 1915; x_wconf 91' lang='lat' dir='ltr'><strong>ipsis.</strong></span> <span class='ocrx_word' id='word_1_698' title='bbox 1189 1888 1198 1905; x_wconf 75' lang='grc' dir='ltr'>ι</span> <span class='ocrx_word' id='word_1_699' title='bbox 1217 1878 1272 1906; x_wconf 86' lang='lat' dir='ltr'><strong>llos</strong></span> <span class='ocrx_word' id='word_1_700' title='bbox 1301 1878 1402 1913; x_wconf 92' lang='lat' dir='ltr'><strong>populo</strong></span> <span class='ocrx_word' id='word_1_701' title='bbox 1423 1877 1474 1905; x_wconf 87' lang='lat' dir='ltr'><strong>sub</strong></span> <span class='ocrx_word' id='word_1_702' title='bbox 1497 1877 1653 1913; x_wconf 76' lang='lat' dir='ltr'><strong>evangelica</strong></span> <span class='ocrx_word' id='word_1_703' title='bbox 1667 1877 1769 1904; x_wconf 78' lang='lat' dir='ltr'><strong>Christi</strong></span> <span class='ocrx_word' id='word_1_704' title='bbox 1792 1878 1844 1904; x_wconf 88' lang='lat' dir='ltr'><strong>dn-</strong></span> 
     </span>
    </p>
   </div>
   <div class='ocr_carea' id='block_1_97' title="bbox 1048 1923 1842 1961">
    <p class='ocr_par' dir='ltr' id='par_1_97' title="bbox 1048 1923 1842 1961">
     <span class='ocr_line' id='line_1_97' title="bbox 1048 1923 1842 1961; baseline -0.006 -7"><span class='ocrx_word' id='word_1_705' title='bbox 1048 1931 1110 1954; x_wconf 90' lang='lat' dir='ltr'><strong>catu</strong></span> <span class='ocrx_word' id='word_1_706' title='bbox 1128 1925 1247 1961; x_wconf 76' lang='lat' dir='ltr'><strong>degenti,</strong></span> <span class='ocrx_word' id='word_1_707' title='bbox 1263 1929 1291 1952; x_wconf 91' lang='lat' dir='ltr'><strong>ut</strong></span> <span class='ocrx_word' id='word_1_708' title='bbox 1309 1924 1413 1956; x_wconf 81' lang='lat' dir='ltr'><strong>aiebas.</strong></span> <span class='ocrx_word' id='word_1_709' title='bbox 1430 1923 1541 1959; x_wconf 88' lang='lat' dir='ltr'><strong>pietatis</strong></span> <span class='ocrx_word' id='word_1_710' title='bbox 1562 1931 1645 1951; x_wconf 80' lang='lat' dir='ltr'><strong>causa</strong></span> <span class='ocrx_word' id='word_1_711' title='bbox 1667 1931 1729 1959; x_wconf 70' lang='lat' dir='ltr'><strong>erga</strong></span> <span class='ocrx_word' id='word_1_712' title='bbox 1745 1923 1842 1956; x_wconf 81' lang='lat' dir='ltr'><strong>Deum,</strong></span> 
     </span>
    </p>
   </div>
   <div class='ocr_carea' id='block_1_98' title="bbox 1048 1969 1842 2005">
    <p class='ocr_par' dir='ltr' id='par_1_98' title="bbox 1048 1969 1842 2005">
     <span class='ocr_line' id='line_1_98' title="bbox 1048 1969 1842 2005; baseline -0.005 -6"><span class='ocrx_word' id='word_1_713' title='bbox 1048 1972 1168 1999; x_wconf 88' lang='lat' dir='ltr'><strong>honores</strong></span> <span class='ocrx_word' id='word_1_714' title='bbox 1182 1971 1290 1998; x_wconf 89' lang='lat' dir='ltr'><strong>tribuis.</strong></span> <span class='ocrx_word' id='word_1_715' title='bbox 1304 1970 1445 2005; x_wconf 79' lang='lat' dir='ltr'><strong>Condigne</strong></span> <span class='ocrx_word' id='word_1_716' title='bbox 1455 1970 1566 2005; x_wconf 88' lang='lat' dir='ltr'><strong>quidem</strong></span> <span class='ocrx_word' id='word_1_717' title='bbox 1579 1978 1587 2004; x_wconf 86' lang='lat'><strong>;</strong></span> <span class='ocrx_word' id='word_1_718' title='bbox 1603 1969 1668 2004; x_wconf 90' lang='lat' dir='ltr'><strong>quid</strong></span> <span class='ocrx_word' id='word_1_719' title='bbox 1681 1969 1753 1996; x_wconf 89' lang='lat' dir='ltr'><strong>enim</strong></span> <span class='ocrx_word' id='word_1_720' title='bbox 1767 1969 1842 1996; x_wconf 83' lang='lat' dir='ltr'><strong>aliud</strong></span> 
     </span>
    </p>
   </div>
   <div class='ocr_carea' id='block_1_99' title="bbox 1048 2015 1843 2051">
    <p class='ocr_par' dir='ltr' id='par_1_99' title="bbox 1048 2015 1843 2051">
     <span class='ocr_line' id='line_1_99' title="bbox 1048 2015 1843 2051; baseline -0.003 -7"><span class='ocrx_word' id='word_1_721' title='bbox 1048 2017 1176 2045; x_wconf 87' lang='lat' dir='ltr'><strong>diabolus</strong></span> <span class='ocrx_word' id='word_1_722' title='bbox 1200 2021 1227 2044; x_wconf 89' lang='lat' dir='ltr'><strong>ct</strong></span> <span class='ocrx_word' id='word_1_723' title='bbox 1254 2016 1338 2051; x_wconf 84' lang='lat' dir='ltr'><strong>hujus</strong></span> <span class='ocrx_word' id='word_1_724' title='bbox 1362 2016 1493 2044; x_wconf 81' lang='lat' dir='ltr'><strong>satellites</strong></span> <span class='ocrx_word' id='word_1_725' title='bbox 1512 2015 1630 2043; x_wconf 89' lang='lat' dir='ltr'><strong>inimicis</strong></span> <span class='ocrx_word' id='word_1_726' title='bbox 1649 2015 1705 2043; x_wconf 89' lang='lat' dir='ltr'><strong>suis</strong></span> <span class='ocrx_word' id='word_1_727' title='bbox 1731 2016 1843 2043; x_wconf 79' lang='lat' dir='ltr'><strong>exhibe-</strong></span> 
     </span>
    </p>
   </div>
   <div class='ocr_carea' id='block_1_100' title="bbox 1049 2062 1840 2098">
    <p class='ocr_par' dir='ltr' id='par_1_100' title="bbox 1049 2062 1840 2098">
     <span class='ocr_line' id='line_1_100' title="bbox 1049 2062 1840 2098; baseline -0.004 -6"><span class='ocrx_word' id='word_1_728' title='bbox 1049 2065 1139 2092; x_wconf 80' lang='lat' dir='ltr'><strong>bunt?</strong></span> <span class='ocrx_word' id='word_1_729' title='bbox 1153 2063 1218 2092; x_wconf 76' lang='lat' dir='ltr'><strong>Esto</strong></span> <span class='ocrx_word' id='word_1_730' title='bbox 1236 2064 1302 2091; x_wconf 88' lang='lat' dir='ltr'><strong>velit</strong></span> <span class='ocrx_word' id='word_1_731' title='bbox 1328 2062 1512 2096; x_wconf 84' lang='lat' dir='ltr'><strong>Christianos,</strong></span> <span class='ocrx_word' id='word_1_732' title='bbox 1531 2062 1579 2098; x_wconf 89' lang='lat' dir='ltr'><strong>qui</strong></span> <span class='ocrx_word' id='word_1_733' title='bbox 1601 2063 1725 2090; x_wconf 90' lang='lat' dir='ltr'><strong>omnium</strong></span> <span class='ocrx_word' id='word_1_734' title='bbox 1750 2070 1840 2089; x_wconf 77' lang='lat' dir='ltr'><strong>rerum</strong></span> 
     </span>
    </p>
   </div>
   <div class='ocr_carea' id='block_1_101' title="bbox 1048 2106 1841 2143">
    <p class='ocr_par' dir='ltr' id='par_1_101' title="bbox 1048 2106 1841 2143">
     <span class='ocr_line' id='line_1_101' title="bbox 1048 2106 1841 2143; baseline -0.006 -5"><span class='ocrx_word' id='word_1_735' title='bbox 1048 2110 1208 2138; x_wconf 85' lang='lat' dir='ltr'><strong>creatricem</strong></span> <span class='ocrx_word' id='word_1_736' title='bbox 1246 2108 1439 2143; x_wconf 82' lang='lat' dir='ltr'><strong>viviﬁcamque</strong></span> <span class='ocrx_word' id='word_1_737' title='bbox 1466 2106 1628 2135; x_wconf 80' lang='lat' dir='ltr'><strong>Trinitatem</strong></span> <span class='ocrx_word' id='word_1_738' title='bbox 1658 2107 1841 2140; x_wconf 86' lang='lat' dir='ltr'><strong>conﬁtentur,</strong></span> 
     </span>
    </p>
   </div>
   <div class='ocr_carea' id='block_1_102' title="bbox 1049 2151 1842 2192">
    <p class='ocr_par' dir='ltr' id='par_1_102' title="bbox 1049 2151 1842 2192">
     <span class='ocr_line' id='line_1_102' title="bbox 1049 2151 1842 2192; baseline -0.005 -8"><span class='ocrx_word' id='word_1_739' title='bbox 1049 2151 1120 2184; x_wconf 88' lang='lat' dir='ltr'><strong>hanc</strong></span> <span class='ocrx_word' id='word_1_740' title='bbox 1135 2156 1189 2192; x_wconf 87' lang='lat' dir='ltr'><strong>pati</strong></span> <span class='ocrx_word' id='word_1_741' title='bbox 1209 2163 1225 2183; x_wconf 87' lang='lat' dir='ltr'><strong>a</strong></span> <span class='ocrx_word' id='word_1_742' title='bbox 1245 2162 1274 2182; x_wconf 87' lang='lat' dir='ltr'><strong>se</strong></span> <span class='ocrx_word' id='word_1_743' title='bbox 1291 2155 1501 2188; x_wconf 82' lang='lat' dir='ltr'><strong>contumeliam;</strong></span> <span class='ocrx_word' id='word_1_744' title='bbox 1525 2154 1626 2182; x_wconf 76' lang='lat' dir='ltr'><strong>Judreis</strong></span> <span class='ocrx_word' id='word_1_745' title='bbox 1651 2161 1726 2185; x_wconf 83' lang='lat' dir='ltr'><strong>vero.</strong></span> <span class='ocrx_word' id='word_1_746' title='bbox 1741 2153 1788 2189; x_wconf 88' lang='lat' dir='ltr'><strong>qui</strong></span> <span class='ocrx_word' id='word_1_747' title='bbox 1812 2161 1842 2180; x_wconf 77' lang='lat' dir='ltr'><strong>se</strong></span> 
     </span>
    </p>
   </div>
   <div class='ocr_carea' id='block_1_103' title="bbox 1048 2201 1843 2233">
    <p class='ocr_par' dir='ltr' id='par_1_103' title="bbox 1048 2201 1843 2233">
     <span class='ocr_line' id='line_1_103' title="bbox 1048 2201 1843 2233; baseline -0.004 -3"><span class='ocrx_word' id='word_1_748' title='bbox 1048 2203 1129 2230; x_wconf 85' lang='lat' dir='ltr'><strong>ﬁdem</strong></span> <span class='ocrx_word' id='word_1_749' title='bbox 1142 2202 1290 2230; x_wconf 80' lang='lat' dir='ltr'><strong>Abrahami</strong></span> <span class='ocrx_word' id='word_1_750' title='bbox 1308 2206 1412 2229; x_wconf 84' lang='lat' dir='ltr'><strong>sartam</strong></span> <span class='ocrx_word' id='word_1_751' title='bbox 1431 2205 1528 2229; x_wconf 84' lang='lat' dir='ltr'><strong>tectam</strong></span> <span class='ocrx_word' id='word_1_752' title='bbox 1553 2206 1645 2228; x_wconf 88' lang='lat' dir='ltr'><strong>tenere</strong></span> <span class='ocrx_word' id='word_1_753' title='bbox 1667 2201 1778 2233; x_wconf 89' lang='lat' dir='ltr'><strong>dicunt,</strong></span> <span class='ocrx_word' id='word_1_754' title='bbox 1793 2207 1843 2228; x_wconf 90' lang='lat' dir='ltr'><strong>cur</strong></span> 
     </span>
    </p>
   </div>
   <div class='ocr_carea' id='block_1_104' title="bbox 1047 2247 1843 2284">
    <p class='ocr_par' dir='ltr' id='par_1_104' title="bbox 1047 2247 1843 2284">
     <span class='ocr_line' id='line_1_104' title="bbox 1047 2247 1843 2284; baseline -0.004 -8"><span class='ocrx_word' id='word_1_755' title='bbox 1047 2257 1142 2284; x_wconf 80' lang='lat' dir='ltr'><strong>parem</strong></span> <span class='ocrx_word' id='word_1_756' title='bbox 1161 2249 1290 2284; x_wconf 86' lang='lat' dir='ltr'><strong>injuriam</strong></span> <span class='ocrx_word' id='word_1_757' title='bbox 1313 2247 1399 2275; x_wconf 82' lang='lat' dir='ltr'><strong>facit?</strong></span> <span class='ocrx_word' id='word_1_758' title='bbox 1417 2248 1501 2283; x_wconf 83' lang='lat' dir='ltr'><strong>Atqui</strong></span> <span class='ocrx_word' id='word_1_759' title='bbox 1519 2255 1552 2275; x_wconf 91' lang='lat' dir='ltr'><strong>ne</strong></span> <span class='ocrx_word' id='word_1_760' title='bbox 1565 2247 1616 2275; x_wconf 87' lang='lat' dir='ltr'><strong>hoc</strong></span> <span class='ocrx_word' id='word_1_761' title='bbox 1635 2247 1744 2282; x_wconf 88' lang='lat' dir='ltr'><strong>quidem</strong></span> <span class='ocrx_word' id='word_1_762' title='bbox 1763 2247 1843 2274; x_wconf 87' lang='lat' dir='ltr'><strong>mali-</strong></span> 
     </span>
    </p>
   </div>
   <div class='ocr_carea' id='block_1_105' title="bbox 1048 2294 1842 2331">
    <p class='ocr_par' dir='ltr' id='par_1_105' title="bbox 1048 2294 1842 2331">
     <span class='ocr_line' id='line_1_105' title="bbox 1048 2294 1842 2331; baseline -0.003 -8"><span class='ocrx_word' id='word_1_763' title='bbox 1048 2297 1092 2324; x_wconf 70' lang='lat' dir='ltr'><strong>tize</strong></span> <span class='ocrx_word' id='word_1_764' title='bbox 1104 2297 1165 2331; x_wconf 85' lang='lat' dir='ltr'><strong>ejus</strong></span> <span class='ocrx_word' id='word_1_765' title='bbox 1179 2300 1341 2323; x_wconf 79' lang='lat' dir='ltr'><strong>extraneum</strong></span> <span class='ocrx_word' id='word_1_766' title='bbox 1357 2299 1409 2322; x_wconf 76' lang='lat' dir='ltr'><strong>est.</strong></span> <span class='ocrx_word' id='word_1_767' title='bbox 1426 2295 1506 2322; x_wconf 77' lang='lat' dir='ltr'><strong>Nmit</strong></span> <span class='ocrx_word' id='word_1_768' title='bbox 1517 2295 1602 2327; x_wconf 78' lang='lat' dir='ltr'><strong>enim,</strong></span> <span class='ocrx_word' id='word_1_769' title='bbox 1619 2294 1721 2322; x_wconf 84' lang='lat' dir='ltr'><strong>Christi</strong></span> <span class='ocrx_word' id='word_1_770' title='bbox 1741 2294 1842 2322; x_wconf 89' lang='lat' dir='ltr'><strong>divini-</strong></span> 
     </span>
    </p>
   </div>
   <div class='ocr_carea' id='block_1_106' title="bbox 1049 2340 1843 2376">
    <p class='ocr_par' dir='ltr' id='par_1_106' title="bbox 1049 2340 1843 2376">
     <span class='ocr_line' id='line_1_106' title="bbox 1049 2340 1843 2376; baseline -0.003 -8"><span class='ocrx_word' id='word_1_771' title='bbox 1049 2345 1132 2369; x_wconf 82' lang='lat' dir='ltr'><strong>tatem</strong></span> <span class='ocrx_word' id='word_1_772' title='bbox 1146 2347 1161 2368; x_wconf 88' lang='lat' dir='ltr'><strong>a</strong></span> <span class='ocrx_word' id='word_1_773' title='bbox 1179 2340 1238 2374; x_wconf 70' lang='lat' dir='ltr'><strong>lege</strong></span> <span class='ocrx_word' id='word_1_774' title='bbox 1261 2340 1444 2368; x_wconf 85' lang='lat' dir='ltr'><strong>demonstrari</strong></span> <span class='ocrx_word' id='word_1_775' title='bbox 1460 2349 1466 2367; x_wconf 89' lang='lat'><strong>:</strong></span> <span class='ocrx_word' id='word_1_776' title='bbox 1484 2340 1585 2367; x_wconf 89' lang='lat' dir='ltr'><strong>idcirco</strong></span> <span class='ocrx_word' id='word_1_777' title='bbox 1603 2340 1726 2376; x_wconf 67' lang='lat' dir='ltr'><strong>utrisque.</strong></span> <span class='ocrx_word' id='word_1_778' title='bbox 1749 2340 1843 2367; x_wconf 91' lang='lat' dir='ltr'><strong>inimi-</strong></span> 
     </span>
    </p>
   </div>
   <div class='ocr_carea' id='block_1_107' title="bbox 1048 2385 1839 2422">
    <p class='ocr_par' dir='ltr' id='par_1_107' title="bbox 1048 2385 1839 2422">
     <span class='ocr_line' id='line_1_107' title="bbox 1048 2385 1839 2422; baseline -0.003 -7"><span class='ocrx_word' id='word_1_779' title='bbox 1048 2394 1096 2415; x_wconf 78' lang='lat' dir='ltr'><strong>cos</strong></span> <span class='ocrx_word' id='word_1_780' title='bbox 1115 2386 1192 2422; x_wconf 87' lang='lat' dir='ltr'><strong>jubet</strong></span> <span class='ocrx_word' id='word_1_781' title='bbox 1215 2394 1277 2414; x_wconf 86' lang='lat' dir='ltr'><strong>esse</strong></span> <span class='ocrx_word' id='word_1_782' title='bbox 1297 2393 1374 2419; x_wconf 88' lang='lat' dir='ltr'><strong>suos,</strong></span> <span class='ocrx_word' id='word_1_783' title='bbox 1400 2386 1464 2421; x_wconf 89' lang='lat' dir='ltr'><strong>quia</strong></span> <span class='ocrx_word' id='word_1_784' title='bbox 1491 2385 1548 2421; x_wconf 86' lang='lat' dir='ltr'><strong>ipse</strong></span> <span class='ocrx_word' id='word_1_785' title='bbox 1573 2386 1724 2421; x_wconf 72' lang='lat' dir='ltr'><strong>generatim</strong></span> <span class='ocrx_word' id='word_1_786' title='bbox 1754 2386 1839 2414; x_wconf 86' lang='lat' dir='ltr'><strong>Deum</strong></span> 
     </span>
    </p>
   </div>
   <div class='ocr_carea' id='block_1_108' title="bbox 1048 2434 1853 2470">
    <p class='ocr_par' dir='ltr' id='par_1_108' title="bbox 1048 2434 1853 2470">
     <span class='ocr_line' id='line_1_108' title="bbox 1048 2434 1853 2470; baseline -0.001 -8"><span class='ocrx_word' id='word_1_787' title='bbox 1048 2439 1195 2470; x_wconf 73' lang='lat' dir='ltr'><strong>oppugnat.</strong></span> <span class='ocrx_word' id='word_1_788' title='bbox 1213 2434 1289 2468; x_wconf 84' lang='lat' dir='ltr'><strong>Quod</strong></span> <span class='ocrx_word' id='word_1_789' title='bbox 1314 2439 1407 2462; x_wconf 85' lang='lat' dir='ltr'><strong>autem</strong></span> <span class='ocrx_word' id='word_1_790' title='bbox 1432 2435 1489 2462; x_wconf 65' lang='lat' dir='ltr'><strong>haec</strong></span> <span class='ocrx_word' id='word_1_791' title='bbox 1509 2442 1562 2462; x_wconf 87' lang='lat' dir='ltr'><strong>non</strong></span> <span class='ocrx_word' id='word_1_792' title='bbox 1583 2434 1642 2462; x_wconf 86' lang='lat' dir='ltr'><strong>sine</strong></span> <span class='ocrx_word' id='word_1_793' title='bbox 1656 2434 1754 2462; x_wconf 89' lang='lat' dir='ltr'><strong>delirio</strong></span> <span class='ocrx_word' id='word_1_794' title='bbox 1771 2435 1853 2470; x_wconf 12' lang='lat' dir='ltr'><strong>serio,</strong></span> 
     </span>
    </p>
   </div>
   <div class='ocr_carea' id='block_1_109' title="bbox 1049 2480 1843 2516">
    <p class='ocr_par' dir='ltr' id='par_1_109' title="bbox 1049 2480 1843 2516">
     <span class='ocr_line' id='line_1_109' title="bbox 1049 2480 1843 2516; baseline -0.001 -7"><span class='ocrx_word' id='word_1_795' title='bbox 1049 2481 1106 2513; x_wconf 85' lang='lat' dir='ltr'><strong>bat,</strong></span> <span class='ocrx_word' id='word_1_796' title='bbox 1131 2488 1180 2508; x_wconf 88' lang='lat' dir='ltr'><strong>nec</strong></span> <span class='ocrx_word' id='word_1_797' title='bbox 1205 2488 1260 2508; x_wconf 91' lang='lat' dir='ltr'><strong>non</strong></span> <span class='ocrx_word' id='word_1_798' title='bbox 1276 2480 1378 2516; x_wconf 83' lang='lat' dir='ltr'><strong>priora,</strong></span> <span class='ocrx_word' id='word_1_799' title='bbox 1394 2481 1435 2508; x_wconf 87' lang='lat' dir='ltr'><strong>vel</strong></span> <span class='ocrx_word' id='word_1_800' title='bbox 1455 2481 1546 2516; x_wconf 86' lang='lat' dir='ltr'><strong>potius</strong></span> <span class='ocrx_word' id='word_1_801' title='bbox 1568 2481 1671 2513; x_wconf 79' lang='lat' dir='ltr'><strong>omnia,</strong></span> <span class='ocrx_word' id='word_1_802' title='bbox 1692 2480 1755 2508; x_wconf 88' lang='lat' dir='ltr'><strong>hinc</strong></span> <span class='ocrx_word' id='word_1_803' title='bbox 1776 2488 1843 2508; x_wconf 81' lang='lat' dir='ltr'><strong>con-</strong></span> 
     </span>
    </p>
   </div>
   <div class='ocr_carea' id='block_1_110' title="bbox 1050 2527 1854 2561">
    <p class='ocr_par' dir='ltr' id='par_1_110' title="bbox 1050 2527 1854 2561">
     <span class='ocr_line' id='line_1_110' title="bbox 1050 2527 1854 2561; baseline 0 -7"><span class='ocrx_word' id='word_1_804' title='bbox 1050 2527 1142 2555; x_wconf 84' lang='lat' dir='ltr'><strong>stabit.</strong></span> <span class='ocrx_word' id='word_1_805' title='bbox 1159 2527 1285 2555; x_wconf 81' lang='lat' dir='ltr'><strong>Subtexit</strong></span> <span class='ocrx_word' id='word_1_806' title='bbox 1299 2527 1371 2554; x_wconf 83' lang='lat' dir='ltr'><strong>enirn</strong></span> <span class='ocrx_word' id='word_1_807' title='bbox 1386 2527 1428 2555; x_wconf 90' lang='lat' dir='ltr'><strong>his</strong></span> <span class='ocrx_word' id='word_1_808' title='bbox 1442 2528 1494 2554; x_wconf 88' lang='lat' dir='ltr'><strong>alia</strong></span> <span class='ocrx_word' id='word_1_809' title='bbox 1510 2527 1620 2559; x_wconf 82' lang='lat' dir='ltr'><strong>similia,</strong></span> <span class='ocrx_word' id='word_1_810' title='bbox 1635 2532 1662 2555; x_wconf 89' lang='lat' dir='ltr'><strong>et</strong></span> <span class='ocrx_word' id='word_1_811' title='bbox 1678 2527 1788 2555; x_wconf 71' lang='lat' dir='ltr'><strong>Judaros</strong></span> <span class='ocrx_word' id='word_1_812' title='bbox 1801 2531 1854 2561; x_wconf 25' lang='lat' dir='ltr'><strong>ab,</strong></span> 
     </span>
    </p>
   </div>
   <div class='ocr_carea' id='block_1_111' title="bbox 1049 2573 1840 2610">
    <p class='ocr_par' dir='ltr' id='par_1_111' title="bbox 1049 2573 1840 2610">
     <span class='ocr_line' id='line_1_111' title="bbox 1049 2573 1840 2610; baseline 0.001 -10"><span class='ocrx_word' id='word_1_813' title='bbox 1049 2581 1102 2609; x_wconf 87' lang='lat' dir='ltr'><strong>que</strong></span> <span class='ocrx_word' id='word_1_814' title='bbox 1127 2573 1300 2602; x_wconf 84' lang='lat' dir='ltr'><strong>Christianos</strong></span> <span class='ocrx_word' id='word_1_815' title='bbox 1322 2574 1360 2602; x_wconf 89' lang='lat' dir='ltr'><strong>ita</strong></span> <span class='ocrx_word' id='word_1_816' title='bbox 1388 2574 1537 2610; x_wconf 89' lang='lat' dir='ltr'><strong>alloquitur</strong></span> <span class='ocrx_word' id='word_1_817' title='bbox 1554 2582 1584 2601; x_wconf 75' lang='grc' dir='ltr'><strong>ει</strong></span> <span class='ocrx_word' id='word_1_818' title='bbox 1599 2573 1621 2602; x_wconf 92' lang='grc' dir='ltr'>Ο</span> <span class='ocrx_word' id='word_1_819' title='bbox 1643 2574 1840 2609; x_wconf 80' lang='lat' dir='ltr'><strong>scripturales.</strong></span> 
     </span>
    </p>
   </div>
   <div class='ocr_carea' id='block_1_112' title="bbox 1050 2619 1842 2655">
    <p class='ocr_par' dir='ltr' id='par_1_112' title="bbox 1050 2619 1842 2655">
     <span class='ocr_line' id='line_1_112' title="bbox 1050 2619 1842 2655; baseline 0 -9"><span class='ocrx_word' id='word_1_820' title='bbox 1050 2619 1116 2647; x_wconf 85' lang='lat' dir='ltr'><strong>nihil</strong></span> <span class='ocrx_word' id='word_1_821' title='bbox 1130 2627 1179 2647; x_wconf 87' lang='lat' dir='ltr'><strong>vos</strong></span> <span class='ocrx_word' id='word_1_822' title='bbox 1195 2620 1273 2652; x_wconf 87' lang='lat' dir='ltr'><strong>estis,</strong></span> <span class='ocrx_word' id='word_1_823' title='bbox 1289 2620 1411 2655; x_wconf 89' lang='lat' dir='ltr'><strong>quandiu</strong></span> <span class='ocrx_word' id='word_1_824' title='bbox 1430 2620 1516 2655; x_wconf 84' lang='lat' dir='ltr'><strong>legem</strong></span> <span class='ocrx_word' id='word_1_825' title='bbox 1540 2625 1567 2648; x_wconf 90' lang='lat' dir='ltr'><strong>et</strong></span> <span class='ocrx_word' id='word_1_826' title='bbox 1590 2619 1767 2654; x_wconf 76' lang='lat' dir='ltr'><strong>Evangelium</strong></span> <span class='ocrx_word' id='word_1_827' title='bbox 1797 2626 1842 2646; x_wconf 85' lang='lat' dir='ltr'><strong>sc-</strong></span> 
     </span>
    </p>
   </div>
   <div class='ocr_carea' id='block_1_113' title="bbox 1049 2665 1842 2702">
    <p class='ocr_par' dir='ltr' id='par_1_113' title="bbox 1049 2665 1842 2702">
     <span class='ocr_line' id='line_1_113' title="bbox 1049 2665 1842 2702; baseline -0.001 -10"><span class='ocrx_word' id='word_1_828' title='bbox 1049 2666 1175 2698; x_wconf 82' lang='lat' dir='ltr'><strong>etamini,</strong></span> <span class='ocrx_word' id='word_1_829' title='bbox 1191 2671 1218 2694; x_wconf 88' lang='lat' dir='ltr'><strong>et</strong></span> <span class='ocrx_word' id='word_1_830' title='bbox 1232 2667 1258 2694; x_wconf 88' lang='lat' dir='ltr'><strong>id</strong></span> <span class='ocrx_word' id='word_1_831' title='bbox 1275 2667 1348 2702; x_wconf 88' lang='lat' dir='ltr'><strong>quod</strong></span> <span class='ocrx_word' id='word_1_832' title='bbox 1367 2667 1494 2694; x_wconf 90' lang='lat' dir='ltr'><strong>traditum</strong></span> <span class='ocrx_word' id='word_1_833' title='bbox 1511 2675 1526 2694; x_wconf 88' lang='lat' dir='ltr'><strong>a</strong></span> <span class='ocrx_word' id='word_1_834' title='bbox 1542 2667 1598 2695; x_wconf 91' lang='lat' dir='ltr'><strong>Deo</strong></span> <span class='ocrx_word' id='word_1_835' title='bbox 1613 2671 1705 2694; x_wconf 78' lang='lat' dir='ltr'><strong>vestro</strong></span> <span class='ocrx_word' id='word_1_836' title='bbox 1719 2671 1769 2693; x_wconf 81' lang='lat' dir='ltr'><strong>cst.</strong></span> <span class='ocrx_word' id='word_1_837' title='bbox 1785 2665 1842 2692; x_wconf 82' lang='lat' dir='ltr'><strong>Ad-</strong></span> 
     </span>
    </p>
   </div>
   <div class='ocr_carea' id='block_1_114' title="bbox 1049 2710 1841 2748">
    <p class='ocr_par' dir='ltr' id='par_1_114' title="bbox 1049 2710 1841 2748">
     <span class='ocr_line' id='line_1_114' title="bbox 1049 2710 1841 2748; baseline -0.001 -10"><span class='ocrx_word' id='word_1_838' title='bbox 1049 2711 1123 2739; x_wconf 91' lang='lat' dir='ltr'><strong>ditur</strong></span> <span class='ocrx_word' id='word_1_839' title='bbox 1132 2712 1204 2739; x_wconf 81' lang='lat' dir='ltr'><strong>enim</strong></span> <span class='ocrx_word' id='word_1_840' title='bbox 1221 2720 1254 2740; x_wconf 80' lang='lat' dir='ltr'><strong>ex</strong></span> <span class='ocrx_word' id='word_1_841' title='bbox 1270 2713 1303 2740; x_wconf 90' lang='lat' dir='ltr'><strong>iis</strong></span> <span class='ocrx_word' id='word_1_842' title='bbox 1319 2720 1381 2748; x_wconf 62' lang='lat' dir='ltr'><strong>quae</strong></span> <span class='ocrx_word' id='word_1_843' title='bbox 1395 2713 1494 2740; x_wconf 78' lang='lat' dir='ltr'><strong>tradita</strong></span> <span class='ocrx_word' id='word_1_844' title='bbox 1511 2717 1576 2740; x_wconf 87' lang='lat' dir='ltr'><strong>sunt</strong></span> <span class='ocrx_word' id='word_1_845' title='bbox 1590 2712 1668 2740; x_wconf 84' lang='lat' dir='ltr'><strong>nobis</strong></span> <span class='ocrx_word' id='word_1_846' title='bbox 1682 2719 1697 2738; x_wconf 78' lang='grc' dir='ltr'>ιι</span> <span class='ocrx_word' id='word_1_847' title='bbox 1715 2710 1841 2743; x_wconf 83' lang='lat' dir='ltr'><strong>Domino.</strong></span> 
     </span>
    </p>
   </div>
   <div class='ocr_carea' id='block_1_115' title="bbox 1049 2756 1842 2796">
    <p class='ocr_par' dir='ltr' id='par_1_115' title="bbox 1049 2756 1842 2796">
     <span class='ocr_line' id='line_1_115' title="bbox 1049 2756 1842 2796; baseline -0.003 -10"><span class='ocrx_word' id='word_1_848' title='bbox 1049 2765 1126 2786; x_wconf 91' lang='lat' dir='ltr'><strong>error</strong></span> <span class='ocrx_word' id='word_1_849' title='bbox 1145 2762 1173 2786; x_wconf 85' lang='lat' dir='ltr'><strong>et</strong></span> <span class='ocrx_word' id='word_1_850' title='bbox 1188 2758 1344 2788; x_wconf 88' lang='lat' dir='ltr'><strong>inﬁdelitas.</strong></span> <span class='ocrx_word' id='word_1_851' title='bbox 1357 2769 1367 2786; x_wconf 77' lang='grc' dir='ltr'><strong>ι</strong></span> <span class='ocrx_word' id='word_1_852' title='bbox 1385 2759 1455 2794; x_wconf 90' lang='lat' dir='ltr'><strong>Quid</strong></span> <span class='ocrx_word' id='word_1_853' title='bbox 1471 2759 1528 2796; x_wconf 79' lang='lat' dir='ltr'><strong>jam</strong></span> <span class='ocrx_word' id='word_1_854' title='bbox 1551 2759 1630 2787; x_wconf 88' lang='lat' dir='ltr'><strong>nobis</strong></span> <span class='ocrx_word' id='word_1_855' title='bbox 1646 2757 1791 2786; x_wconf 89' lang='lat' dir='ltr'><strong>dicendum</strong></span> <span class='ocrx_word' id='word_1_856' title='bbox 1807 2756 1842 2785; x_wconf 80' lang='lat' dir='ltr'><strong>de</strong></span> 
     </span>
    </p>
   </div>
   <div class='ocr_carea' id='block_1_116' title="bbox 1084 2849 1330 2884">
    <p class='ocr_par' dir='ltr' id='par_1_116' title="bbox 1084 2849 1330 2884">
     <span class='ocr_line' id='line_1_116' title="bbox 1084 2849 1330 2884; baseline 0.008 -8"><span class='ocrx_word' id='word_1_857' title='bbox 1084 2849 1141 2884; x_wconf 64' lang='grc' dir='ltr'>(ει)</span> <span class='ocrx_word' id='word_1_858' title='bbox 1156 2849 1220 2877; x_wconf 74' lang='lat' dir='ltr'><strong>Sllr.</strong></span> <span class='ocrx_word' id='word_1_859' title='bbox 1235 2849 1270 2882; x_wconf 87' lang='lat' dir='ltr'><strong>v,</strong></span> <span class='ocrx_word' id='word_1_860' title='bbox 1286 2850 1330 2878; x_wconf 78' lang='lat'><strong>59.</strong></span> 
     </span>
    </p>
   </div>
  </div>
