2083 3155
211 171 266 204 ’145

785 174 1001 206 REFUTATIO
1015 175 1250 207 MOHAMEDIS.

1779 178 1831 212 746

210 229 261 262 τὴν
274 226 319 253 διὰ
334 226 383 257 τὰς
400 226 536 262 ἀμέτρους
550 227 626 262 ἡμῶν
643 227 829 263 πλημμελείας
847 228 1001 263 ἐπενεχθεῖ-

1057 237 1165 257 numera
1186 235 1296 265 peccata
1316 235 1409 259 uestra
1427 232 1474 259 Dei
1491 231 1573 266 iram,
1590 231 1687 259 atheus
1704 231 1749 258 hic
1771 232 1835 259 bar-

211 281 261 299 σαν
284 272 350 307 ἡμῖν
364 272 448 307 ὀργὴν
467 274 498 299 ἐκ
519 273 598 306 Θεοῦ,
613 275 627 300 ὁ
652 273 730 305 ἄθεος
755 271 832 305 οὗτος
864 274 1001 309 βάρϐαρος

210 319 319 353 ἥρπασε
330 317 375 343 τὸν
386 317 481 352 καιρὸν
494 319 533 349 είς
547 318 597 353 τὴν
612 320 682 345 κατὰ
693 319 739 345 τοῦ
749 319 867 354 Χριστοῦ
882 319 1002 354 βλασφη-

212 363 288 397 μίαν,
305 362 351 389 καὶ
368 362 401 388 δι’
417 362 544 397 οὐδεμίαν
559 364 654 397 ἑτέραν
672 364 761 390 αἰτίαν
775 366 857 399 φησὶν
874 365 946 399 ἡμᾶς
962 365 1002 396 είς

211 410 305 443 χεῖρας
320 407 410 434 αὐτῶν
425 408 617 443 παραδίδοσθαι
633 430 640 442 ,
655 409 672 444 ἢ
695 409 738 436 διὰ
753 409 784 436 τὸ
806 409 950 443 σύνθρονον
963 409 1002 445 τῷ

212 454 299 489 Πατρὶ
316 454 361 480 τὸν
374 454 491 488 Χριστὸν
508 454 650 489 ὁμολογεῖν
662 462 669 469 ·
692 455 734 482 διὸ
749 455 869 490 συνεχῶς
883 455 1002 490 ἀποφαί-

211 508 286 526 νεται
296 507 303 514 θ
324 500 354 526 οὐ
368 499 423 535 γὰρ
442 500 533 534 ὁδηγεί
546 501 560 527 ὁ
574 500 641 532 Θεὸς
666 501 731 528 λαὸν
746 501 800 528 τῶν
816 502 983 536 παρανόμων
993 509 999 516 ·

212 545 377 580 πολλαχόθεν
394 546 423 573 δὲ
444 547 518 574 ἐστιν
542 548 624 575 αὐτὸν
650 548 798 582 ἀπελέγξαι
814 549 893 575 τοῦτο
910 548 1002 580 κακῶς

212 592 439 627 τεκμαιρόμενον,
457 594 580 627 φυσικῶς
599 603 629 620 τε
654 595 700 622 καὶ
716 595 878 630 Γραφικῶς·
898 596 1001 630 Γραφι-

213 637 268 668 κῶς
283 637 332 671 μὲν
349 638 403 664 ἀπό
416 647 445 664 τε
460 638 507 665 τοῦ
525 639 655 671 εὐσεϐοῦς
679 640 776 667 Ἰακὼϐ
793 642 839 667 καὶ
856 641 902 667 τοῦ
920 641 1002 676 βεϐή-

212 682 257 708 λου
278 682 373 715 Ἠσαῦ,
397 684 494 718 Ἰωσὴφ
510 684 538 711 δὲ
550 685 597 711 καὶ
610 686 748 721 Πετεφρῆ,
761 687 842 713 Δαϐίδ
856 695 885 713 τε
897 688 944 713 καὶ
955 686 1002 713 τοῦ

212 728 371 764 ἀγνώμονος
392 730 489 763 Σαοὺλ,
507 730 753 767 Ναϐουχοδονοσὼρ
769 733 815 758 καὶ
836 732 891 758 τῶν
921 733 1003 767 οιίχμ-

214 772 324 800 αλώτων
337 774 495 809 προφητῶν,
512 776 559 801 καὶ
574 775 675 811 ἑτέρων
686 776 818 803 πλείστων
833 777 943 812 ὁμοίων
953 786 1004 811 φυ-

214 818 339 850 «tuaest
362 819 416 846 ἀπό
439 828 469 846 τε
487 821 630 852 προϐάτιον
645 823 692 848 καὶ
715 823 819 858 ἀγρίων
840 823 942 858 θηρίων
957 824 1004 850 καὶ

213 863 267 890 τῶν
279 864 391 898 ὁμοίων,
405 864 422 891 ἃ
438 866 486 900 οὐχ
503 866 540 898 ὡς
555 867 665 902 χείρονα
682 869 728 895 καὶ
751 869 801 903 τῆς
825 869 865 900 εἰς
876 869 943 895 Θεὸν
957 869 1003 895 εὐ-

214 910 356 944 χαριστίας
369 911 546 946 ἀνεπιτήδεια
568 913 617 947 τὴν
636 913 736 940 ἅλωσιν
750 914 779 947 ἐξ
793 915 883 941 αὐτῶν
898 898 1041 950 {inopi-.3

214 963 273 981 νει·
286 955 344 981 ἀλλ’
367 955 404 988 ὡς
430 956 524 992 ἔτερόν
542 967 603 985 τινα
629 958 726 994 ἔχοντα
752 960 831 994 λόγον
847 960 1003 996 ἀπόρρητον

214 999 284 1028 οὕτω
298 1001 437 1029 τέτακται.

471 1092 690 1120 ΕΛΕΓΚΤΙΚΟΣ
708 1093 749 1120 Η’.

249 1135 297 1163 νθ’,
319 1137 349 1163 '0
362 1136 453 1171 ὕγδοος
477 1138 561 1172 μῦθος
581 1138 637 1174 (95)
654 1139 692 1174 τῷ
715 1139 836 1174 Μωάμετ
854 1140 1005 1175 ἐπιγέγρα-

215 1191 281 1209 πται
297 1183 357 1218 μὲν,
372 1185 425 1216 Είς
432 1184 657 1219 τὴνμετὰνοιαν
667 1193 674 1201 ·
690 1187 817 1221 παραινεῖ
830 1187 858 1213 δὲ
868 1188 923 1218 τοῖς
937 1187 1004 1222 βαρ-

216 1228 309 1263 ϐάροις
320 1229 472 1264 ὡρισμένον
488 1231 548 1257 τινὰ
565 1231 662 1266 καιρὸν
681 1231 721 1267 τῷ
736 1233 800 1259 πότε
816 1233 905 1268 χρόνῳ
922 1242 1005 1268 προσ·

217 1275 307 1309 μεῖναι
328 1275 390 1307 τοὺς
406 1276 597 1311 Χριστιανοὺς,
611 1278 649 1309 ὡς
674 1277 707 1304 ἂν
737 1278 875 1312 βούλοιντο
895 1279 929 1306 τὰ
944 1278 1005 1306 καθ’

216 1321 328 1353 ἑαυτοὺς
342 1321 482 1350 διαθέσθαι
495 1331 501 1338 ·
519 1323 544 1349 εἰ
557 1323 606 1358 μὲν
617 1321 664 1350 οὗν
681 1323 786 1351 ἑαυτῶν
803 1325 950 1360 ἐγκρατεῖς
961 1325 1006 1359 γέ-

216 1375 313 1400 νοιντο,
327 1367 374 1395 καὶ
389 1368 573 1395 ἁποδιαστῶσι
584 1369 634 1405 τῆς
648 1369 702 1396 τῶν
714 1369 858 1405 βαρϐάρων
877 1373 1007 1406 περικρα-

214 1412 330 1447 τήσεως,
343 1413 460 1449 πόλεμον
475 1415 633 1451 ἀναίρεσθαι
650 1416 719 1450 πρὸς
744 1415 858 1448 αὐτούς·
874 1417 898 1442 εί
916 1417 943 1443 δὲ
959 1426 1006 1452 με-

214 1460 350 1492 ταγνοτεν,
364 1460 441 1495 φησὶ,
469 1461 515 1487 καὶ
531 1461 713 1496 θρησκεύουσι
729 1462 778 1497 τὴν
802 1462 887 1490 αὑτοῦ
911 1463 1007 1490 δυσσέ-

216 1504 302 1539 ϐειαν,
315 1506 446 1540 ἀδελφοὺς
463 1507 560 1538 αὐτοὺς
580 1507 841 1543 προσλαμϐάνεσθαι
853 1516 859 1523 ·
878 1510 1007 1544 παραινεῖ

215 1548 262 1578 οὖν
277 1553 332 1583 τοῖς
354 1552 530 1586 Χριστιανοίς
552 1552 593 1579 ὅτι
619 1553 729 1580 κάλλιόν
755 1554 813 1581 ἐστι
837 1557 1005 1590 μετανοῆσαι
1019 1563 1041 1594 c

217 1596 264 1622 καὶ
278 1596 338 1631 ζῇν,
353 1596 370 1631 ἢ
382 1597 619 1631 Χριστιανίξοντας
647 1599 831 1634 ἀποθνήσκειν
843 1608 850 1615 ⁸
878 1601 956 1633 αὖθίς
978 1611 1007 1629 τε

217 1642 332 1675 ἀναιδῶς
358 1645 509 1670 κατατυπεῖ
533 1644 596 1675 τοὺς
625 1644 733 1677 ἀθλίους
759 1645 912 1681 βαρϐάρους
936 1647 964 1674 ἐν
977 1656 1008 1674 τε

216 1687 341 1720 ἀπειλαῖς
365 1688 414 1714 καὶ
437 1688 558 1723 ἐλέγχοις
575 1689 624 1716 καὶ
642 1690 771 1717 ὀνείδεσιν
797 1691 834 1723 ὡς
850 1693 1005 1728 καταρᾳθυ-

217 1732 334 1768 μοῦντας
353 1733 400 1760 τοῦ
429 1734 601 1770 σεϐάσματος
626 1735 728 1762 αὑτοῦ·
756 1738 805 1763 καὶ
833 1738 880 1764 ἐπὶ
903 1739 1009 1770 τούτοις

215 1778 289 1805 κατὰ
315 1779 345 1805 τὸ
364 1780 497 1815 πρότερον
515 1780 662 1816 εἰρημένον
692 1781 876 1818 πανούργημα
905 1784 934 1810 ἐν
968 1784 1009 1810 ἐνὶ

216 1825 320 1860 ἐλέγχῳ
350 1826 521 1861 ἀμφοτέρους
549 1828 677 1863 πειρᾶται
708 1829 914 1864 ἐπιστομίζειν,
942 1832 1009 1857 ’1ου-

216 1871 307 1904 δαίους
319 1881 349 1898 τε
366 1873 414 1899 καὶ
429 1873 610 1908 Χριστιανοὺς
623 1873 694 1900 οὕτω
709 1874 873 1909 παραλαλῶν
889 1885 895 1891 ·

253 1917 284 1950 ξ’.
304 1927 313 1944 ι
332 1918 463 1952 Λέγουσιν
483 1918 605 1946 Ἰουδαῖοι
634 1918 690 1954 (96)
715 1919 757 1945 ὃτι
785 1920 799 1947 ὁ
831 1920 939 1956 Ἰσραήλ
951 1921 1007 1957 (97)

217 1963 291 1989 ἐστιν
308 1963 365 1994 υίὸς
380 1963 448 1989 Θεοῦ
461 1971 470 1980 ο
497 1964 543 1990 καὶ
565 1963 690 1998 λέγουσιν
716 1965 741 1990 οἱ
766 1965 924 2000 Χριστιανοὶ
938 1967 978 1993 ὃτι
994 1968 1009 1994 ὁ

216 2007 334 2042 Χριστός
350 2008 424 2035 ὲστιν
441 2009 456 2035 ό
470 2008 534 2040 Υἱὸς
547 2008 593 2036 τοῦ
608 2010 676 2036 Θεοῦ
688 2018 696 2027 ·
712 2010 793 2037 τοῦτό
807 2012 881 2038 ἐστιν
900 2013 914 2038 ὁ
931 2012 1009 2047 λόγος

217 2052 308 2078 αὐτῶν
320 2052 364 2079 διὰ
382 2053 437 2079 τῶν
463 2054 604 2089 στομάτων
627 2055 738 2082 αὐτῶνο
765 2056 925 2090 ίσοφωνοῦσι
954 2059 1008 2090 τοῖς

217 2097 307 2131 λόγοις
321 2098 376 2124 τῶν
389 2099 587 2134 ἀρνησαμένων
605 2100 637 2126 ἐκ
661 2100 726 2135 πρίν
738 2109 744 2116 ·
767 2101 893 2135 φονεύσει
909 2103 1008 2134 αὐτοὺς

217 2146 232 2172 ὁ
246 2145 322 2178 Θεὸς,
337 2145 431 2172 ἓνεχεν
445 2146 499 2172 τῶν
513 2146 657 2182 ἀρνοῦνται
667 2155 674 2162 ⁸
693 2147 858 2175 ἐπελάϐοντο
865 2149 928 2180 τοὺς
941 2150 1008 2176 ἀπο-

219 2190 328 2222 στόλους
342 2190 432 2217 αὺτῶν
449 2191 568 2223 καὶτοὺς
583 2192 664 2227 ἱερεῖς
680 2193 791 2228 κυρίους
812 2193 900 2229 πάρεξ
921 2194 988 2221 Θεοῦ
999 2203 1006 2211 ·

1053 276 1137 303 barus
1175 277 1347 305 occasionem
1386 278 1451 306 hinc
1480 278 1598 312 arripuit.
1627 278 1836 313 blasphemandi

1052 321 1152 349 Christi
1170 331 1177 353 ς
1195 322 1350 357 nullamque
1363 323 1444 350 aliam
1459 324 1494 351 ob
1514 331 1626 351 causam
1647 331 1699 351 nos
1721 323 1838 351 traditos

1051 366 1118 394 dicit
1133 367 1239 395 illorum
1256 369 1394 402 manibus,
1411 369 1464 397 nisi
1484 369 1548 404 quia
1560 377 1748 397 consessorem
1763 369 1837 396 Patri

1052 414 1192 441 Christum
1216 415 1386 443 conﬁtemur.
1404 416 1466 443 Ideo
1481 420 1637 444 constanter
1652 416 1749 443 eﬁ‘atur
1763 425 1770 442 :
1783 423 1837 443 non

1052 460 1126 487 enim
1150 460 1244 494 dirigit
1267 460 1339 488 Deus
1356 462 1484 496 populum
1510 466 1693 497 peccatorem.
1719 462 1839 490 Multil'a<

1053 506 1121 533 riam
1154 513 1219 533 vero
1250 514 1398 541 possumus
1422 508 1495 535 hunc
1527 516 1575 536 ceu
1605 513 1838 543 argumentantem

1052 556 1179 583 perverse
1218 557 1376 585 coarguere,
1414 556 1470 579 tum
1513 557 1616 580 naturae
1646 554 1750 581 scilicet
1782 559 1839 581 tum

1055 593 1203 628 Scriptura:
1221 595 1394 623 testimoniis.
1409 596 1487 631 Apud
1507 597 1675 633 Scripturam
1687 598 1808 633 quidem,
1825 607 1841 626 a

1053 640 1099 674 pio
1118 639 1219 667 Jacobo
1240 645 1266 668 et
1288 640 1360 669 Esau
1382 649 1509 676 nequam.
1527 643 1561 670 ab
1575 643 1693 678 Josepho
1716 649 1743 671 et
1767 643 1842 670 Puti-

1054 686 1150 720 phare,
1167 694 1182 713 a
1199 686 1299 714 Davide
1310 692 1337 714 et
1360 687 1469 722 ingrato
1484 687 1576 721 SauIe,
1590 697 1605 716 a
1621 689 1841 717 Nabuchodono-

1054 738 1119 758 soro
1139 736 1165 758 et
1181 732 1322 767 prophetis
1341 733 1467 767 captivis,
1490 738 1517 761 et
1544 734 1682 761 similibus
1698 734 1760 762 aliis
1781 735 1841 769 plu-

1054 776 1142 804 rimis.
1160 777 1199 804 Ex
1220 783 1318 805 natura
1337 782 1440 812 autem,
1464 779 1498 807 ab
1511 779 1608 807 ovibus
1621 783 1649 807 et
1669 780 1841 807 silvestribus

1055 821 1131 855 feris,
1149 827 1176 850 et
1191 823 1348 858 huiusmodi
1364 824 1444 852 aliis:
1460 833 1520 860 qua:
1537 833 1604 853 sane
1623 825 1696 853 haud
1712 831 1840 861 tanquam

1055 868 1174 903 pejores,
1190 873 1217 896 et
1233 870 1324 897 minus
1337 875 1444 905 gratum
1460 878 1523 906 erga
1539 870 1624 898 Deum
1644 872 1767 898 animum
1795 879 1843 906 ge—

1056 917 1146 940 rentes
1161 914 1274 942 exitium
1291 915 1325 942 ab
1345 915 1407 943 aliis
1423 916 1614 951 perpetiuntur
1628 928 1633 944 :
1648 916 1695 944 sed
1709 917 1745 944 ob
1759 916 1840 944 aliam

1055 959 1229 987 secretiorem
1247 968 1357 989 causam
1372 961 1410 988 ita
1424 961 1476 989 fuit
1490 962 1683 990 constitutum.

1295 1090 1515 1120 CONFUTATIO
1538 1091 1603 1120 VIII.

1090 1136 1135 1164 59.
1145 1135 1246 1164 Octava
1258 1144 1272 1164 a
1280 1136 1438 1165 Mobamede
1448 1137 1540 1165 fabula
1550 1137 1706 1166 inscribitur
1713 1138 1844 1166 Paeniten-

1056 1183 1104 1209 tia.
1114 1182 1248 1210 Admonet
1261 1188 1351 1211 autem
1361 1183 1503 1217 barbaros,
1515 1189 1545 1211 ut
1555 1183 1695 1211 deﬁnitum
1707 1183 1843 1218 quoddam

1057 1233 1162 1264 tempus
1178 1229 1325 1257 observent
1339 1237 1402 1265 erga
1415 1229 1599 1262 Christianos,
1617 1230 1641 1257 si
1658 1230 1686 1257 hi
1699 1230 1783 1258 velint
1801 1237 1845 1258 res

1056 1283 1121 1303 suas
1138 1280 1264 1303 tractare.
1281 1276 1359 1309 Quod
1378 1276 1453 1303 siilli
1468 1281 1611 1311 compotes
1625 1277 1666 1304 sui
1678 1276 1842 1310 elﬁciantur,

1056 1325 1084 1349 et.
1098 1329 1114 1349 a
1134 1322 1312 1349 barbarorum
1342 1322 1458 1356 imperio
1473 1322 1625 1354 discedant,
1651 1327 1714 1350 tunc
1743 1322 1842 1349 bellum

1057 1373 1151 1395 contra
1172 1375 1219 1395 eos
1243 1368 1459 1403 suscipiendum.
1485 1367 1532 1395 Sin
1557 1375 1632 1401 vero,
1660 1368 1758 1402 inquit,
1780 1368 1843 1395 illos

1057 1414 1224 1448 paenituerit,
1246 1419 1273 1442 et
1294 1414 1406 1449 impiam
1424 1415 1484 1449 eius
1504 1419 1606 1442 sectam
1631 1414 1843 1449 amplectantur,

1057 1460 1084 1486 in
1112 1459 1228 1487 fratrum
1259 1460 1320 1487 loco
1347 1467 1395 1488 eos
1423 1459 1586 1494 suscipiant.
1613 1459 1750 1488 Admonet
1777 1467 1843 1494 ergo

1057 1505 1240 1537 Christianos,
1257 1505 1357 1533 melius
1373 1512 1437 1533 esse
1454 1505 1585 1540 paenitere
1601 1513 1634 1532 ac
1648 1506 1747 1538 vivere,
1761 1513 1844 1540 quam

1058 1550 1084 1577 in
1099 1550 1314 1579 Christianismo
1329 1557 1484 1586 perstantes
1500 1552 1583 1580 mori.
1596 1551 1658 1579 Mox
1671 1552 1844 1586 impudenter

1059 1597 1148 1631 pulsat
1164 1596 1288 1624 infelices
1311 1597 1443 1624 barbaros
1455 1616 1462 1629 ,
1489 1597 1589 1630 minis,
1612 1597 1845 1631 increpationibus

1059 1647 1086 1670 et
1100 1643 1241 1674 conviciis,
1257 1647 1387 1678 tanquam
1403 1644 1430 1670 in
1446 1644 1519 1671 cultu
1531 1650 1581 1671 suo
1595 1644 1733 1671 socordes.
1747 1643 1845 1671 Postea

1058 1688 1166 1721 eodem,
1190 1697 1271 1723 quem
1297 1694 1376 1716 antea
1401 1689 1532 1722 diximus,
1556 1693 1617 1716 astu
1643 1689 1738 1716 ambos
1765 1690 1845 1716 unica

1059 1735 1272 1770 reprehensione
1282 1735 1406 1763 inhibere
1425 1741 1552 1769 conatur,
1564 1736 1597 1763 de
1610 1734 1713 1764 Iudaeis
1725 1735 1808 1763 simul
1819 1740 1846 1762 ct

1058 1782 1222 1810 Christianis
1235 1782 1349 1811 futiIiter
1363 1783 1456 1811 dicens
1476 1792 1484 1810 :

1095 1916 1139 1944 60.
1161 1925 1170 1942 ι
1192 1915 1292 1944 Dicunt
1316 1915 1403 1943 Judaei
1432 1915 1560 1943 Israelem
1584 1922 1645 1943 esse
1672 1915 1757 1942 ﬁlium
1786 1915 1843 1943 Dei.

1059 1962 1209 1990 Christiani
1233 1962 1360 1990 similiter
1387 1961 1481 1989 dicunt
1500 1961 1638 1989 Christum
1659 1969 1720 1989 esse
1742 1961 1846 1988 DciFi-

1060 2008 1138 2035 lium.
1155 2008 1205 2035 Hic
1227 2007 1281 2036 illis
1301 2015 1392 2035 sermo
1415 2007 1443 2034 in
1463 2014 1511 2034 ore
1525 2012 1661 2034 versatur.
1687 2007 1847 2034 Consonam

1059 2060 1121 2080 cum
1137 2053 1244 2080 illorum
1265 2053 1438 2080 sermonibus
1458 2053 1505 2087 qui
1524 2052 1645 2080 inﬁdeles
1668 2052 1702 2080 ab
1713 2057 1775 2080 ante
1787 2052 1847 2080 fue-

1060 2103 1134 2126 runt.
1161 2098 1307 2129 Interﬁciet
1321 2098 1383 2126 illos
1398 2097 1471 2126 Deus
1487 2102 1600 2133 propter
1615 2105 1646 2125 ea
1663 2105 1724 2133 quae
1736 2102 1845 2133 negant.

1061 2143 1249 2179 Susceperunt
1264 2144 1405 2179 apostolos
1425 2151 1490 2172 suOs
1510 2148 1537 2170 et
1560 2143 1717 2171 sacerdotes
1735 2150 1800 2170 suos
1818 2143 1846 2170 in

1060 2190 1185 2217 dominos
1199 2189 1260 2217 loco
1275 2189 1332 2222 Dei,
1350 2196 1456 2216 necnon
1480 2189 1620 2217 Christum
1646 2189 1729 2216 ﬁlium
1742 2188 1844 2216 Mariae.

218 2235 323 2262 καὶτὸν
336 2235 454 2270 Χριστὸν
471 2235 528 2262 υἱὸν
540 2236 589 2270 τῆς
601 2236 719 2268 Μαρίας·
730 2237 775 2263 καὶ
786 2237 835 2263 οὐκ
846 2237 1007 2273 ἐκελεύσθη-

1063 2236 1143 2270 Atqui
1162 2243 1216 2263 non
1232 2235 1322 2263 fuerat
1341 2236 1394 2262 illis
1413 2235 1571 2262 mandatum
1597 2239 1626 2262 ut
1647 2234 1731 2262 alium
1747 2234 1846 2262 adora-

219 2289 269 2308 σαν
282 2281 419 2310 δουλεύειν
432 2283 456 2309 εί
469 2282 506 2317 μὴ
517 2282 585 2309 Θεοῦ
603 2282 672 2314 ἑνός.
685 2292 694 2308 ι
706 2283 823 2315 Δύσνους
833 2285 852 2310 όν
861 2284 1007 2319 βάρϐαρος,

219 2329 281 2355 ἐπεὶ
296 2328 405 2363 ἀμαθὴς
421 2329 468 2355 καὶ
493 2329 672 2360 ἀπαίδευτος·
697 2331 721 2355 εί
745 2331 798 2364 γὰρ
813 2331 882 2362 ὅλως
905 2331 1009 2366 προσῆν

219 2374 293 2409 αὐτῷ
307 2374 403 2408 λογικὴ
416 2374 533 2407 σύνεσις,
551 2375 604 2402 ἔδει
616 2375 650 2402 τὰ
666 2376 734 2411 πρὸς
746 2375 864 2410 τοῦνομα
885 2376 932 2403 τοῦ
949 2377 1007 2403 υἱοῦ

220 2421 408 2456 σημαινόμενα
424 2421 492 2456 πρὸς
507 2421 625 2457 θατέραν
649 2421 730 2454 δόξαν
748 2422 802 2450 τῶν
836 2422 922 2449 ἐθνῶν
939 2431 1007 2457 προ-

219 2467 406 2502 αναφωνῆσαι,
415 2467 462 2494 καὶ
477 2469 532 2500 τοῖς
549 2476 581 2502 γε
590 2467 658 2503 πρὸς
671 2468 751 2495 αὑτὸν
767 2469 805 2504 μὴ
817 2469 918 2504 σφόδρα
929 2470 1007 2496 ὲναν-

219 2513 283 2545 τίως
301 2514 460 2549 φερομένοις
471 2514 643 2549 ὁμαλώτερω
656 2516 818 2550 ἐπιτιμῆσαι
830 2524 837 2531 ·
854 2516 1008 2542 τούναντίον

219 2559 247 2585 δὲ
260 2560 314 2590 τοῖς
334 2559 368 2585 τὰ
383 2559 499 2593 μάλιστα
520 2559 594 2594 αὑτῷ
609 2559 820 2594 διαμαχομένοις
831 2567 839 2574 ·
858 2560 885 2586 oi.’
897 2569 927 2586 τε
953 2560 1007 2595 γὰρ

227 2604 348 2631 Ἰουδαῖοι
374 2605 405 2632 οὐ
419 2605 529 2640 γνήσιον
554 2605 610 2632 υίὺν
630 2605 697 2631 Θεοῦ
717 2605 763 2632 τὴν
783 2605 891 2641 Ἰσραὴλ
906 2606 1007 2640 ὀνομά-

221 2652 321 2684 ζουσιν,
339 2651 396 2678 ἀλλ’
409 2652 426 2685 ἢ
452 2651 513 2677 ὅσον
538 2650 678 2682 ἀποδεῖξαι
704 2652 753 2686 τὴν
778 2651 843 2685 περὶ
857 2651 946 2678 αὐτῶν
960 2651 1008 2678 τοῦ

221 2697 288 2724 Θεοῦ
308 2697 510 2732 ὑπερκειμένην
540 2697 608 2732 πρὸς
627 2696 662 2723 τὰ
678 2697 759 2723 λοιπά
783 2696 846 2730 ἔθνη
875 2696 920 2723 διὰ
946 2697 1010 2728 τοὺς

222 2743 343 2778 πατέρας
359 2743 476 2778 στοργήν
489 2749 496 2757 ·
514 2741 572 2773 πῶς
594 2741 639 2769 οῦν
655 2742 669 2768 ὁ
687 2741 744 2774 υίὸς
763 2741 811 2768 τοῦ
833 2742 937 2776 πατρὶς
961 2740 1008 2768 τοῦ

259 2847 316 2885 (ἔδει)
333 2847 398 2885 ξυτ·
409 2847 462 2885 .13."
478 2849 496 2885 4,
507 2857 565 2885 sefl-

259 2882 316 2918 (96)
332 2881 394 2910 ειη.
407 2882 453 2915 tx,
469 2884 512 2911 δι.

390 2931 523 2962 Pn‘nOL.
543 2931 599 2961 Gn.
618 2931 679 2961 CV.

1063 2287 1130 2315 rent,
1147 2287 1242 2317 praeter
1253 2281 1337 2308 Deum
1355 2290 1450 2309 unum.
1467 2291 1477 2308 ι
1493 2281 1568 2308 Malae
1581 2282 1681 2309 mentis
1699 2281 1845 2312 barbarus,

1062 2332 1241 2363 praeterquam
1261 2327 1333 2362 Quod
1349 2328 1476 2355 indoctus
1499 2332 1526 2354 et
1541 2327 1706 2355 ineruditus.
1727 2326 1796 2353 Nam
1824 2327 1847 2353 si

1061 2373 1206 2401 rationalis
1226 2373 1250 2400 ci
1267 2373 1421 2401 intellectus
1437 2373 1549 2406 inesset,
1571 2373 1709 2400 debuisset
1727 2372 1848 2399 nominis

1062 2419 1112 2447 ﬁlii
1124 2420 1264 2446 notionem
1278 2420 1426 2447 secundum
1443 2420 1579 2447 diversam
1594 2419 1710 2446 duarum
1723 2418 1846 2453 gentium

1062 2466 1247 2501 acceptiOnem
1267 2466 1436 2500 proclamare
1451 2474 1458 2492 :
1475 2471 1500 2493 et
1513 2466 1574 2493 illos
1590 2465 1700 2501 quidem
1712 2465 1759 2500 qui
1774 2465 1847 2491 haud

1064 2518 1252 2546 magnoperea
1266 2511 1364 2546 placito
1381 2512 1441 2546 ejus
1461 2511 1616 2544 discedunt,
1642 2511 1736 2539 mitius
1757 2510 1848 2545 objur-

1062 2565 1127 2592 garc
1144 2564 1246 2590 ;secus
1266 2563 1356 2585 autem
1377 2558 1439 2585 illos
1461 2558 1509 2592 qui
1529 2558 1648 2585 maxime
1672 2557 1724 2591 ipsi
1753 2557 1857 2596 adver-l

1063 2607 1168 2630 sanlur.
1196 2602 1264 2629 Nam
1286 2602 1371 2630 ,ἰαύευί
1391 2611 1562 2638 nequaquam
1585 2603 1733 2638 genuinum
1751 2602 1797 2629 Dei
1816 2601 1849 2628 ﬁ-

1061 2649 1128 2675 lium
1142 2647 1268 2676 Israelem
1290 2648 1400 2682 dicunt;
1416 2649 1463 2676 sed
1480 2649 1619 2681 illatenus,
1646 2653 1677 2675 ut
1691 2647 1846 2678 ostendant,

1061 2695 1109 2722 Dei
1131 2702 1253 2722 amorem
1275 2702 1338 2729 erga
1359 2695 1420 2722 illos
1444 2699 1574 2730 praestare
1592 2694 1680 2722 amori
1704 2692 1772 2728 patri
1801 2691 1848 2726 qui

1060 2741 1131 2776 apud
1145 2745 1258 2768 caeteras
1271 2745 1366 2776 gentes
1385 2748 1445 2768 esse
1464 2741 1542 2768 solet.
1561 2739 1703 2773 Quomodo
1723 2738 1768 2765 hic
1782 2743 1848 2772 ergo

1101 2847 1157 2882 (97)
1173 2847 1210 2875 Ita
1227 2847 1337 2875 Graecus
1350 2846 1446 2874 codex.
1463 2845 1554 2873 Alcor.
1569 2842 1653 2870 Arab.
1672 2841 1765 2870 Ozat'r.

1625 2919 1664 2951 24
