2083 3155
241 131 294 189 ui

864 157 1009 190 NICET/E
1026 157 1231 189 BYZANTINI

1817 156 1870 189 748

245 214 280 241 de
306 218 382 249 patre
407 213 542 241 mendacii
566 217 657 245 natus,
689 212 727 240 ait
748 212 858 240 Jndteos
884 212 1026 240 dominum

1079 211 1194 246 ψεύδους
1220 213 1320 247 φάσκει
1335 211 1434 243 αὐτοὺς
1463 211 1557 248 κύριον
1575 212 1679 240 ἑαυτῶν
1692 213 1738 240 τδν
1759 214 1870 250 Ἰσραὴλ

242 267 323 288 suum
351 259 481 287 lsraelem
513 259 565 287 sibi
591 258 752 294 sumpsisse,
786 263 884 294 prmtcr
914 259 1030 287 Deum?

241 305 448 340 lnterrogentur
471 304 557 332 Judaai
582 309 674 332 utrum
701 304 729 332 id
756 304 905 340 aliquando
937 305 1030 332 animo

242 351 415 385 agitaverint,
433 350 476 378 vel
491 351 518 378 in
538 351 649 378 illorum
664 350 816 384 Seripturis
836 355 964 378 occurrat
981 351 1029 378 do-

242 397 333 423 minus
363 396 486 431 ipsorum
518 396 612 424 Israel.
644 395 791 423 Christiani
817 399 907 422 autem
933 403 1028 423 verum

242 449 349 476 reapse,
373 446 456 476 prout
475 442 561 473 decet,
578 442 726 477 germinum
741 441 841 468 Filium
859 449 920 468 esse
941 442 1028 469 conﬁ-

240 493 332 516 tentur
345 488 497 521 Christum,
515 496 549 515 ex
571 489 666 515 eadem
687 488 776 516 Patris
794 487 840 515 Dei
856 488 949 514 divina
964 487 1028 515 sub-

242 534 345 562 stantia
364 543 372 567 ;
391 538 473 569 prout
504 539 545 561 est
583 534 611 561 iu
632 541 663 561 ea
686 534 825 569 Scriptura
862 541 944 569 quam
971 534 1029 567 ipse

239 579 374 606 barbarus
394 578 495 606 fatetur
509 587 524 606 a
547 580 602 606 Deo
625 579 764 611 traditam,
785 587 883 614 nempe
896 580 923 606 in
939 579 1028 605 Evan-

238 626 321 660 gelio.
345 625 414 652 Nam
438 626 473 658 si,
499 614 529 653 ut
555 625 669 656 fatetur,
700 625 831 652 divinitus
860 626 953 652 datum
977 624 1028 651 fuit

238 672 416 707 Evangelium
430 681 437 705 ;
453 673 479 699 in
496 680 528 700 eo
550 676 640 700 autem
662 673 794 707 scriptum
815 676 867 702 est,
886 676 926 698 ter
943 671 1025 698 Deum

237 717 355 752 desuper
376 725 426 752 pro
447 717 558 745 Christo
582 718 738 750 clamasse;
763 718 803 745 his
823 717 933 752 quidem
953 726 959 743 :
976 716 1027 743 llic
1043 722 1050 727 '

235 760 274 789 est
292 762 380 790 Filius
400 771 473 790 meus
493 763 626 791 dilectus“
642 772 649 796 ;
666 764 750 790 semel
764 767 855 790 autem
875 772 881 789 :
899 762 931 788 Et
945 762 1027 788 clari-

236 808 326 842 ﬁcavi,
339 813 363 835 et
374 809 470 835 iterum
488 809 641 842 clari/icabo
655 809 677 824 ¹⁰
687 816 696 840 ;
707 808 770 842 quid
785 808 932 834 absurdum
949 815 1027 841 perc-

237 853 381 885 grinumve
404 853 508 880 faciunt
523 853 686 884 Christiani,
704 853 789 880 Deum
811 859 843 878 ac
864 850 911 877 Dci
927 850 1025 876 Filium

1081 258 1258 285 ὲπιλαὸέσθαι
1270 258 1358 293 πάρεξ
1375 258 1458 292 Θεοῦ;
1473 258 1671 294 ὲρωτάσθωσαν
1694 259 1816 287 Ἰουδαῖοι
1829 262 1870 288 είς·

1080 312 1146 330 ποτε
1161 303 1242 330 τοῦτο
1255 303 1462 340 ὲντεθύμηνται,
1477 304 1494 339 ἢ
1510 304 1539 330 ὲν
1553 304 1674 339 Γραφαίς
1686 305 1776 332 αὐτῶν
1794 307 1870 341 εἴρη-

1078 358 1125 376 ται
1144 349 1238 383 κύριος
1253 348 1343 375 αὐτῶν
1356 350 1371 375 ὁ
1391 349 1499 384 Ἰσραήλ
1509 356 1516 363 ·
1533 350 1557 375 εί
1571 349 1598 375 δέ
1614 359 1645 384 γε
1659 351 1818 385 Χριστιανοὶ
1830 351 1870 386 τῷ

1078 395 1136 421 ὄντι
1151 395 1258 430 ἀληθῶς
1273 395 1334 422 καθ’
1349 395 1364 422 ὃ
1378 396 1483 431 πρέπον
1497 395 1556 431 Θεῷ
1581 397 1694 431 γνήσιον
1722 397 1794 428 Υίὺν,
1822 398 1870 424 καὶ

1079 440 1129 475 τῆς
1144 441 1228 476 αὐτῆς
1241 441 1288 468 τοῦ
1303 441 1370 468 Θεοῦ
1388 443 1436 468 καὶ
1455 442 1561 477 Harpe;
1577 442 1672 474 οὐσίας
1688 443 1733 469 τὸν
1751 443 1870 477 Χριστὸν

1079 487 1258 521 ὁμολογοῦσιν
1272 489 1305 522 τῇ
1320 487 1397 523 θεῖκῇ
1415 488 1504 523 οὐσία,
1522 488 1591 514 κατὰ
1608 487 1657 523 τὴν
1673 489 1720 515 καὶ
1735 490 1800 525 παρ’
1819 491 1869 516 αὑ-

1078 533 1125 559 τοῦ
1138 533 1184 559 τοῦ
1203 533 1340 568 βαρὸάρου
1362 534 1580 569 ὁμολογουμένην
1607 535 1640 561 ὲκ
1656 534 1724 561 Θεοῦ
1744 536 1871 563 δεδόσθαι

1078 579 1186 614 γραφὴν
1201 578 1247 605 τοῦ
1267 579 1442 614 Εὑαγγελίου.
1456 580 1487 606 ΕΞ
1503 581 1566 615 γὰρ,
1582 580 1620 612 ὡς
1633 581 1767 616 ὁμολογεῖ,
1779 581 1871 609 θεόθεν

1077 624 1183 651 δέδοται
1196 625 1226 651 τὸ
1243 625 1420 659 Εὐαγγέλιον,
1439 627 1469 652 έν
1490 625 1565 662 αὐτῷ
1585 626 1613 652 δὲ
1642 627 1806 662 γέγραπται,
1830 628 1871 655 ὅτι

1076 670 1169 705 τρίτον
1185 670 1287 698 ἄνωθεν
1301 671 1315 697 ό
1329 671 1396 704 Θεδς
1411 671 1481 706 ὑπὲρ
1500 672 1619 707 Χριστοῦ
1636 673 1786 708 ἐπεϐόησεν
1798 682 1804 688 ·
1830 674 1869 710 πῆ

1080 716 1138 750 μὲν,
1159 714 1252 749 Οὗτός
1271 717 1356 744 ἐστιν
1375 718 1392 744 ὁ
1405 718 1470 750 Υίός
1485 726 1544 751 μου
1566 718 1764 753 όάγίιπητός;
1777 719 1815 755 πῆ
1830 720 1870 752 δὲ,

1077 762 1130 787 Καὶ
1143 761 1286 795 ἐδόξασα,
1303 762 1351 789 καὶ
1374 762 1468 790 πάλιν
1484 763 1628 796 δοξάσω;
1655 763 1682 790 τί
1706 764 1806 791 ἄτοπον
1826 766 1872 792 καὶ

1078 805 1152 837 ξένον
1166 807 1287 833 ποιοῦσιν
1298 807 1323 833 οἱ
1337 808 1504 841 Χριστιανοὶ,
1523 808 1588 834 Θεὸν
1605 808 1651 835 καὶ
1665 808 1731 834 Θεοῦ
1750 809 1815 835 Υίὸν
1827 810 1872 837 τὸν

1078 850 1194 885 mm?»
1211 851 1424 885 ὁμολογοῦντες;
1440 851 1487 877 τοῦ
1503 852 1571 877 Θεοῦ
1589 852 1653 878 αὐτὸ
1667 853 1746 878 τοῦτο
1764 862 1871 888 μαρτυ-

237 898 377 925 Christum
403 897 567 925 conlitentes
582 898 594 924 ?
608 898 664 925 Deo
687 898 739 924 hoc
760 897 830 924 idem
851 899 978 927 testante,
1001 899 1027 921 et

1081 896 1201 930 ροῦντος,
1221 897 1267 922 καὶ
1284 897 1363 923 τοῦτο
1378 897 1428 930 μὲν
1451 899 1483 923 ἐκ
1504 898 1554 932 τῆς
1582 898 1784 933 ἐπαινουμένης
1804 899 1872 934 παρ’

236 943 348 978 quidem
361 943 388 970 in
403 943 512 971 laudato
524 945 558 971 ab
574 944 634 978 ipso
652 943 811 970 Mohaluede
831 943 910 968 libro.
932 941 1025 973 Quan-

236 996 318 1023 quam
334 989 454 1016 arhitror
469 996 609 1024 nunquam
628 989 725 1016 lectam
740 988 895 1016 divinorum
908 986 1027 1021 Evange-

235 1034 334 1062 liorum
349 1042 365 1062 a
385 1034 503 1062 barbaro
533 1035 710 1069 scripturam.
729 1033 775 1061 scd
794 1033 902 1061 illorum
921 1036 1025 1059 tantum

235 1081 348 1108 nomine
366 1081 469 1111 audito,
485 1080 632 1113 laudasse;
648 1080 715 1115 quin
739 1085 829 1107 tamen
855 1079 938 1106 sciret
957 1079 1026 1105 scri-

236 1131 312 1162 ptum
330 1127 368 1154 ibi
384 1127 458 1161 quod
477 1134 542 1154 vere
560 1127 605 1154 Dei
622 1126 708 1153 Filius
722 1126 849 1153 Christus
871 1127 917 1153 sit.

271 1173 315 1200 6|.
334 1172 413 1206 Quod
428 1178 517 1199 tamen
532 1180 563 1200 ex
579 1172 734 1207 antiquiore
750 1172 830 1199 etiam
848 1174 1026 1207 mysticorum

236 1226 267 1246 ac
278 1219 474 1254 prophetarum
487 1218 629 1252 Scriptura
645 1217 815 1252 exploratum
829 1223 881 1245 cst.
898 1218 964 1245 Nam
981 1227 1027 1253 pa-

236 1272 280 1292 res
309 1264 450 1292 stellarum
478 1272 593 1292 numero
607 1264 730 1292 invenies
753 1264 792 1290 rei
811 1264 893 1297 hujus
913 1265 1028 1292 demon-

236 1310 393 1343 stratiories,
409 1311 465 1345 jam
485 1311 548 1338 inde
559 1318 574 1338 a
590 1311 679 1346 primo
693 1310 814 1338 omnium
830 1311 900 1338 libro
916 1311 1027 1346 Moysis,

236 1365 323 1393 usque
334 1357 368 1384 ad
381 1357 519 1385 Danielem
527 1357 687 1392 prophetam
697 1361 723 1384 et
733 1357 863 1391 reliquos.
873 1356 950 1390 Quod
966 1359 1028 1392 qui-

234 1403 295 1430 dem
306 1403 412 1439 Moyses
425 1409 515 1431 nosset
529 1403 575 1430 Dei
588 1403 718 1430 unitatem
732 1407 847 1436 naturm,
860 1408 887 1431 et
904 1406 1030 1438 proprie-

235 1453 321 1476 tatum
335 1449 361 1476 id
374 1453 416 1476 est
435 1455 613 1484 personarum
630 1448 917 1483 diﬂ'erentiam,palam
929 1449 1030 1476 factum

235 1499 277 1522 est
289 1502 350 1523 cum
372 1495 503 1529 scripsit:
522 1493 667 1521 Faciamus
689 1494 821 1521 hominem
836 1494 870 1521 ad
889 1495 1030 1529 imaginem

235 1549 267 1568 ac
278 1541 480 1568 similitudinem
495 1545 613 1567 nostram
627 1540 658 1567 ".
677 1539 743 1567 Item
758 1540 843 1567 dixit:
859 1539 927 1567 Ecce
944 1541 1030 1567 Adam

234 1587 312 1622 quasi
325 1594 393 1613 unus
405 1594 437 1613 ea;
452 1586 527 1613 nobis
545 1586 631 1620 factus
642 1590 680 1612 est
693 1585 725 1612 ".
748 1585 868 1620 Denique
879 1593 941 1613 cum
957 1586 1027 1613 scri-

234 1633 308 1668 psit:
327 1633 409 1665 Audi,
434 1632 530 1664 Israel,
549 1631 677 1658 Dominus
704 1630 775 1658 Deus
803 1636 875 1663 tuus,
899 1631 1026 1659 Dominus

235 1688 304 1707 unus
319 1684 357 1706 est
373 1680 405 1707 ¹¹.
423 1679 454 1706 Vi
473 1679 613 1707 causativa
641 1679 770 1706 nimirum
792 1683 819 1706 ct
834 1679 985 1706 substantia
1001 1685 1029 1706 et

235 1726 441 1760 conspiratione
455 1725 560 1752 unitam
582 1732 642 1752 esse
661 1724 833 1757 Trinitatem,
851 1725 1027 1752 manifestum

235 1777 296 1799 cst:
313 1779 395 1799 secus
415 1771 488 1798 enim
508 1771 644 1798 contraria
654 1771 705 1798 sibi
718 1770 884 1805 scripsisset,
902 1771 1027 1805 superius

235 1817 345 1852 quidem
369 1816 467 1852 positis
492 1816 608 1843 diversis
629 1816 757 1850 personis
787 1815 1026 1850 coltoquentibus;

235 1863 333 1891 deinde
349 1871 432 1890 unam
461 1869 607 1897 personam
625 1862 758 1889 inducens
790 1862 957 1896 loquentem,
977 1869 1024 1889 au-

235 1910 354 1938 dientem
378 1913 460 1944 atque
486 1908 641 1936 facientem.
657 1908 736 1941 Quod
760 1907 837 1935 nefas
852 1912 904 1935 est.
917 1906 985 1934 Tum
1001 1912 1028 1935 et

235 1955 358 1983 omnium
373 1959 496 1982 veterum
514 1955 707 1989 prophetarum
724 1953 957 1981 luculentissimus
973 1953 1028 1980 Da—

235 2002 298 2035 niel,
311 2001 456 2036 perspicue
472 2005 580 2035 tempus
596 2007 706 2035 quoque
725 1999 911 2026 manifestavit
923 1998 1026 2026 Christi

234 2048 379 2081 adVentus,
401 2047 578 2082 ejusdemque
599 2046 759 2080 dignitatem
785 2045 958 2081 signiﬁcavit,
982 2045 1025 2072 di-

235 2102 299 2123 cens
315 2103 322 2121 :
339 2093 519 2128 Aspiciebam,
539 2098 562 2120 et
575 2100 632 2119 ecce
646 2093 672 2118 in
688 2091 800 2118 nubibus
813 2091 881 2124 caeli,
900 2096 1026 2126 tanquam

234 2141 324 2169 Filius
341 2141 475 2173 hominis;
491 2140 564 2174 eique
578 2139 656 2165 datus
674 2142 712 2164 est
731 2138 823 2170 honor,
841 2143 864 2164 et
881 2136 1023 2168 veneratio,

234 2193 261 2216 et
275 2188 390 2222 reliqua.
405 2186 439 2213 Et
454 2185 564 2221 quidem
593 2183 676 2211 etiam
706 2182 856 2217 Antiquum
870 2181 974 2208 dierum
998 2181 1024 2208 in

235 2235 262 2261 in
277 2235 376 2261 throno
389 2232 528 2261 sedentem
544 2230 576 2257 ¹⁴⁵.

271 2279 315 2307 62.
335 2279 388 2307 Sed
403 2283 508 2306 veteres
531 2276 692 2304 omittamUs
715 2274 880 2309 Scripturas.
903 2273 943 2300 Ex
961 2272 1026 2307 ipsis

237 2325 338 2354 Christi
365 2323 599 2359 przedictionibus,
623 2322 777 2355 harumque
801 2320 886 2353 exitu,
909 2319 931 2347 si
953 2323 1027 2346 certe

237 2372 337 2399 stultus
352 2369 538 2398 Mohamedes-
548 2375 643 2403 sapere
657 2367 759 2402 aliquid
777 2369 891 2400 poterat,
906 2365 1026 2392 divinam

237 2417 311 2444 illius
337 2415 497 2450 dignitatem
527 2413 716 2443 intellexisset,
739 2419 844 2438 necnon
862 2410 921 2437 'abs
944 2408 1028 2436 Joan-

235 2465 279 2492 nis
299 2463 468 2495 testimonio,
487 2468 568 2496 quem
586 2460 644 2495 ipse
661 2464 687 2486 et
705 2459 865 2493 prophetam
885 2462 913 2484 et
922 2457 1025 2492 justum

234 2510 374 2538 hominem
391 2509 498 2541 dicens,
516 2507 644 2535 admittit.
659 2505 725 2533 Item
741 2513 755 2532 a
771 2503 872 2532 Christi
887 2502 1027 2530 miraculis

235 2566 282 2593 per
295 2557 417 2593 ejusdem
436 2555 559 2590 symbola
572 2554 697 2589 patratis,
713 2560 727 2579 a
739 2551 880 2586 sepultura
896 2553 923 2577 et
936 2556 1027 2576 resur-

235 2604 367 2632 rectione.
382 2602 434 2629 Sed
451 2601 520 2629 nihil
533 2601 631 2628 horum
646 2603 737 2627 mente
752 2604 803 2625 sua
819 2594 1026 2630 comprehcndit

234 2649 279 2677 hic
291 2650 429 2677 latronum
446 2648 501 2675 dux
517 2655 523 2672 :
540 2653 627 2681 neque
642 2645 666 2672 ei
686 2643 762 2672 cordi
775 2649 894 2676 unquam
912 2639 963 2667 fuit
979 2638 1024 2665 Dri

235 2696 360 2723 notitiam
376 2695 498 2729 assequi,
525 2692 573 2720 sed
589 2689 758 2726 decipiendis
772 2692 878 2716 tantum
893 2685 1026 2713 auditori-

272 2766 282 2781 ⁸
298 2764 393 2792 Matth.
416 2773 457 2795 ιιι,
477 2764 527 2796 l7;
554 2763 620 2790 Luc.
651 2769 689 2796 ιχ,
717 2760 761 2787 55.

237 2801 260 2817 "
273 2800 342 2828 Dan.
357 2808 405 2832 v11,
426 2800 470 2826 l5.

275 2870 329 2905 ωε)
347 2869 409 2896 Sur.
424 2867 470 2901 ιιι,
485 2868 529 2895 59.

801 2759 823 2774 ¹⁰
841 2757 919 2785 Joan.
951 2764 999 2789 χιι,
1019 2754 1065 2782 28.

1078 941 1151 976 αότῷ
1177 941 1268 976 βίϐλου
1299 942 1353 969 τῶν
1387 943 1579 977 Εὑαγγελῖωνυ
1610 944 1678 975 ἀλλ’,
1702 942 1799 978 οἶμαι,
1822 945 1873 972 οὑκ

1078 987 1182 1020 ἀνέγνω
1198 987 1307 1014 πώποτε
1327 989 1375 1021 τὴν
1391 988 1444 1014 τῶν
1465 989 1543 1015 θείων
1564 989 1738 1023 Εὐαγγελίων
1759 991 1868 1025 γραφὴν

1077 1033 1091 1058 ὁ
1105 1032 1251 1067 βάρϐαρος,
1265 1034 1348 1068 μόνην
1360 1033 1387 1059 δὲ
1403 1034 1492 1060 αὐτῶν
1503 1034 1551 1069 τὴν
1566 1036 1752 1070 προσηγορία-,ν
1763 1036 1873 1062 ἀκούων

1079 1078 1232 1111 ἐξεθείαζε·
1259 1080 1305 1106 καὶ
1333 1080 1382 1106 οὐκ
1409 1080 1478 1115 ᾤετο
1493 1081 1520 1106 ὲν
1543 1081 1635 1112 αὐτοῖς
1659 1081 1815 1117 γεγράφθαι
1830 1082 1871 1109 ὅτι

1078 1124 1186 1159 ἀληθῶς
1204 1125 1267 1156 Υἱὸς
1283 1125 1350 1152 Θεοῦ
1368 1127 1442 1153 ἐστιν
1459 1127 1472 1152 ὁ
1491 1126 1620 1162 Χριστός.

1116 1170 1164 1202 ξα’.
1185 1171 1231 1197 Ἐκ
1248 1171 1276 1198 δὲ
1294 1171 1348 1198 τῶν
1375 1173 1496 1207 ἀπείρων
1511 1173 1561 1207 τῆς
1587 1173 1804 1208 προγενεστέρας
1817 1174 1871 1200 τῶν

1079 1215 1231 1242 θεοπτικῶν
1255 1216 1302 1242 καὶ
1319 1217 1497 1250 προφητικῶν
1522 1217 1649 1252 Γραφῆς·
1667 1218 1790 1252 ἀστέρων
1817 1218 1872 1253 γάρ

1079 1270 1121 1293 τις
1148 1262 1257 1297 ἀριθμῷ
1273 1263 1364 1297 σχεδὸν
1391 1263 1584 1298 ἁμιλλωμένας
1602 1264 1714 1299 εὑρήσει
1730 1264 1780 1296 τὰς
1805 1265 1874 1291 ἀπο-

1079 1308 1186 1341 δείξεις,
1205 1308 1252 1334 ὰπ’
1277 1309 1362 1344 αὐτῆς
1378 1310 1428 1344 τῆς
1451 1309 1652 1345 πρωτογράφου
1671 1310 1764 1345 βίϐλου
1790 1311 1873 1337 Μωῦ-

1081 1354 1148 1387 σέως
1163 1352 1215 1385 ἕως
1232 1355 1331 1390 Δανιὴλ
1343 1355 1391 1381 τοῦ
1406 1355 1547 1390 προφήτου
1568 1355 1614 1381 καὶ
1627 1355 1681 1382 τῶν
1694 1355 1872 1383 λοιπῶν.”οτι

1080 1400 1134 1435 γὰρ
1146 1400 1266 1435 Μωῦσῆς
1279 1401 1338 1435 ᾔδει
1364 1400 1410 1427 τοῦ
1426 1400 1505 1426 Θείου
1519 1400 1550 1427 τὸ
1563 1402 1612 1436 τῆς
1630 1401 1737 1435 φύσεως
1761 1402 1871 1436 μοναδι-

1081 1445 1138 1478 κὺν,
1157 1445 1271 1472 καὶτῶν
1290 1446 1442 1481 ίδιοτήτων,
1471 1447 1557 1482 ἤγουν
1571 1447 1625 1474 τῶν
1641 1447 1827 1479 ὑποστάσεων,
1843 1447 1873 1473 τὸ

1080 1490 1219 1526 διάφορον,
1236 1492 1352 1526 φανερόν
1364 1499 1371 1507 ⁸
1397 1492 1478 1526 ἡνίκα
1493 1491 1607 1528 ἔγραφε,
1632 1492 1809 1527 Ποιήσωμεν
1821 1492 1873 1519 ἆν-

1082 1538 1200 1570 θρωπον
1215 1537 1279 1564 κατ’
1296 1539 1399 1564 εἰκόνα
1413 1537 1562 1572 ἡμετέραν
1578 1537 1627 1564 καὶ
1642 1539 1794 1572 ὁμοίωσιν.
1817 1539 1872 1565 Καὶ

1082 1583 1126 1608 ὅτε
1141 1582 1270 1616 ἔφασκεν,
1290 1583 1364 1610 Ἰδοὺ
1381 1583 1506 1618 γέγονεν
1520 1583 1611 1618 Ἀδὰμ
1625 1584 1665 1616 ὡς
1679 1581 1722 1616 εἷς
1733 1584 1767 1616 ἐξ
1775 1584 1870 1619 ἡμῶν.

1088 1628 1168 1655 Ἀλλὰ
1188 1628 1235 1655 καὶ
1253 1629 1298 1655 ὅτε
1316 1628 1443 1664 ἔγραφεν,
1463 1630 1584 1662 Ἄκουε,
1604 1629 1739 1662 Ἰσραὴλ,
1764 1631 1871 1664 Κύριος

1082 1675 1098 1700 ὁ
1117 1674 1190 1706 Θεός
1210 1681 1278 1706 σου,
1299 1673 1405 1707 Κύριος
1420 1671 1464 1706 εἷς
1475 1673 1541 1699 ἐστι
1552 1680 1560 1687 ·
1576 1672 1614 1708 τῷ
1627 1672 1705 1707 αἰτίῳ
1719 1672 1766 1698 καὶ
1777 1673 1809 1707 τῇ
1826 1673 1871 1698 οὐ-

1082 1719 1128 1754 σίᾳ
1143 1719 1190 1746 καὶ
1220 1719 1359 1754 συμπνοία
1381 1719 1542 1754 ἑνιζομένην
1558 1718 1691 1752 ἐγίνωσκε
1704 1717 1754 1752 τὴν
1767 1717 1870 1753 Τριάδα

1081 1765 1213 1800 φανερόν·
1225 1765 1242 1800 ἢ
1254 1765 1308 1799 γὰρ
1321 1765 1429 1791 ἐναντία
1445 1764 1535 1798 ἑαυτῷ
1554 1763 1684 1798 ἔγραφεν,
1699 1763 1755 1790 ἄνω
1770 1762 1820 1796 μὲν
1832 1770 1872 1788 τις

1082 1809 1138 1841 θεὶς
1154 1809 1270 1845 διάφορα
1285 1809 1418 1844 πρόσωπα
1433 1808 1634 1842 διαλεγόμενος,
1646 1806 1792 1841 μετέπειτα
1803 1804 1830 1831 δὲ
1842 1805 1871 1830 ἒν

1084 1855 1163 1890 μόνον
1188 1856 1336 1890 ἐκήρυττεν
1351 1852 1422 1880 εἷναι
1439 1853 1586 1889 πρόσωπον
1615 1852 1646 1878 τό
1674 1860 1704 1878 τε
1720 1851 1805 1885 λέγον,
1823 1850 1871 1877 καὶ

1081 1900 1180 1928 ἀκοῦον
1195 1901 1241 1927 καὶ
1256 1900 1366 1927 ποιοῦν·
1381 1900 1450 1935 ὅπερ
1461 1899 1599 1934 ἀθέμιτον.
1617 1898 1671 1925 Καὶ
1691 1897 1706 1923 ὁ
1721 1897 1831 1924 πάντων
1842 1896 1870 1922 δὲ

1081 1946 1136 1973 τῶν
1152 1946 1235 1973 πάλαι
1251 1946 1399 1982 προφητῶν
1417 1945 1656 1980 έμφαντικώτατος
1681 1943 1789 1979 Δανιὴλ,
1805 1951 1871 1977 τρια

1081 1991 1133 2024 νῶς
1143 1992 1190 2018 καὶ
1207 1992 1252 2018 τὸν
1267 1991 1361 2027 χρόνον
1376 1990 1510 2025 ἐδήλωσεν
1529 1989 1576 2025 τῆς
1591 1987 1711 2024 Χριστοῦ
1726 1987 1869 2016 ἐλεύσεως,

1081 2038 1129 2064 καὶ
1138 2037 1188 2073 τὴν
1206 2037 1288 2065 αὑτοῦ
1304 2037 1381 2070 ἀξίαν
1397 2037 1545 2071 ἐσήμανεν,
1563 2035 1646 2070 ἡνίκα
1661 2033 1745 2068 λέγει·
1768 2031 1870 2059 Ἐθεώ-

1077 2091 1164 2116 ρουν,
1179 2083 1227 2109 καί
1243 2082 1307 2109 ὶδοὺ
1323 2082 1373 2108 ἐπι
1385 2081 1445 2108 τῶν
1459 2079 1597 2114 νεφελῶν
1616 2079 1670 2106 τοῦ
1685 2077 1816 2112 οὐρανοῦ
1830 2077 1869 2109 ὡς

1081 2129 1146 2161 υίὸς
1155 2128 1312 2161 ἀνθρώπου
1325 2135 1332 2142 ’
1360 2127 1409 2153 καὶ
1426 2126 1506 2158 αὺτῷ
1527 2125 1616 2159 ἐδόθη
1632 2126 1651 2159 ἡ
1671 2124 1751 2159 τιμὴ.
1777 2124 1825 2150 καὶ
1851 2124 1870 2157 ὴ

1080 2177 1299 2210 προσκύνησις,
1319 2175 1367 2202 καὶ
1396 2174 1429 2203 τὰ
1456 2174 1538 2209 ἑξῆς·
1568 2174 1656 2200 καίτοι
1677 2173 1723 2199 τοῦ
1750 2170 1870 2199 Παλαιοῦ

1081 2223 1134 2249 τῶν
1149 2222 1260 2257 ἡμερῶν
1273 2221 1456 2256 καθεζομένου
1470 2220 1516 2246 ἐπὶ
1533 2219 1580 2246 τοῦ
1594 2219 1700 2254 θρόνου.

1116 2268 1165 2304 ξβ’.
1191 2268 1261 2295 Ἀλλ’
1274 2267 1396 2301 ἀφείσθω
1409 2267 1442 2293 τὰ
1456 2265 1510 2293 ἀπὸ
1528 2265 1582 2292 τῶν
1597 2263 1720 2300 ἀρχαίων
1733 2262 1849 2298 Γραφῶν
1861 2269 1869 2277 ·

1078 2315 1228 2342 ἀπἀὐτῶν
1242 2314 1295 2341 τῶν
1319 2313 1364 2340 τοῦ
1388 2311 1508 2348 Χριστοῦ
1536 2311 1728 2346 προρρήσεων,
1755 2308 1871 2335 καὶτῶν

1077 2361 1173 2388 τούτου
1187 2360 1336 2392 ἐκϐὰσεων,
1350 2359 1377 2385 εἴ
1390 2367 1420 2393 γε
1439 2358 1559 2386 συνιέναι
1573 2359 1588 2384 ὁ
1605 2357 1719 2392 μάταιος
1741 2356 1828 2390 taxus,
1840 2354 1870 2380 τὸ

1078 2410 1126 2444 τῆς
1142 2409 1268 2444 Θεότητος
1282 2407 1365 2435 αὑτοῦ
1382 2407 1463 2438 σέϐας
1479 2406 1630 2433 κατέλαϐεν
1647 2405 1680 2432 ἂν
1693 2404 1740 2431 καὶ
1756 2403 1811 2430 ἀπὸ
1821 2403 1871 2437 τῆς

1079 2455 1125 2481 τοῦ
1148 2455 1273 2482 Ἰωάννου
1289 2454 1452 2490 μαρτυρίας,
1469 2453 1498 2479 ὃν
1516 2453 1659 2488 προφήτην
1673 2450 1720 2477 καὶ
1733 2449 1816 2484 ἄνδρα
1831 2447 1870 2474 δί-
1890 2478 1897 2491 Ι

1079 2509 1156 2526 καιον
1170 2500 1250 2531 αὐτὸς
1270 2499 1462 2533 καταγγέλλων
1479 2498 1655 2525 ἀποδέδεκται
1684 2496 1740 2530 (98)
1755 2503 1761 2509 “
1790 2495 1806 2529 ἦ
1823 2494 1870 2520 καὶ

1079 2546 1132 2572 ἀπὸ
1143 2546 1198 2572 τῶν
1213 2544 1441 2579 θαυματουργιῶν
1467 2543 1521 2570 τῶν
1549 2542 1632 2570 αὐτοῦ
1649 2540 1803 2575 συμϐόλων,
1821 2538 1869 2565 τοῦ

1079 2593 1176 2626 τάφου,
1193 2591 1275 2626 φημὶ,
1293 2591 1341 2617 καὶ
1362 2591 1411 2624 τῆς
1426 2589 1601 2620 ἀναστάσεως
1614 2596 1621 2603 ·
1637 2587 1696 2614 ἀλλ’
1709 2586 1788 2613 οὐδὲν
1809 2584 1870 2611 τού-

1079 2646 1133 2664 των
1148 2638 1322 2672 συνεώρακεν
1352 2637 1366 2662 ό
1391 2635 1562 2671 λοχαγωγός·
1588 2633 1720 2668 οὐδὲγὰρ
1742 2630 1777 2667 ἧν
1796 2629 1870 2664 αὑτῷ

1080 2683 1154 2715 θείας
1169 2683 1278 2718 φροντὶς
1308 2681 1481 2716 ἐπιγνώσεως
1507 2681 1631 2713 πώποτε,
1654 2679 1724 2714 πλὴν
1746 2679 1809 2704 ὅσον
1823 2675 1870 2703 τοῦ

1111 2754 1130 2769 “
1148 2753 1215 2780 Gen.
1242 2761 1259 2786 1,
1284 2753 1329 2780 26.
1369 2753 1469 2780 “Gen.
1495 2752 1608 2788 111,322.
1649 2751 1670 2768 ¹³
1686 2751 1764 2778 Deut.
1787 2757 1823 2781 v1,
1840 2749 1866 2776 4.
