2083 3155
215 173 269 206 ’ἷίθ
794 170 1005 202 REFUTATIO

1057 170 1261 201 OHAMEDIS.
1783 172 1835 203 ’750

213 228 333 265 θηρᾶσαι
357 227 401 255 διὰ
427 228 478 263 τῆς
503 228 688 264 προσηγορίας
715 226 770 255 τῶν
795 227 911 263 Γραφῶν
938 227 1001 258 τοὺς

1057 228 1104 254 bus
1117 227 1378 254 commemoratione
1395 227 1598 261 Seripturarnm
1618 226 1754 255 studebat.
1766 227 1834 255 Nam

211 274 372 306 ἀκούοντας.
386 273 419 300 Τί
437 274 501 310 γὰρ,
513 274 579 308 φέρι
590 275 687 307 ειπεϊν,
696 272 804 309 άληθῶς
818 273 906 307 λέγων
924 280 997 299 στοι-

213 322 270 356 χεῖν
281 320 327 347 τὸν
343 320 392 347 τοῦ
406 320 484 355 φίλου
501 320 583 347 αὐτοῦ
599 320 679 354 λόγον
698 320 744 346 ἐπὶ
758 318 902 354 βεὸαιώσει
917 317 999 345 τινῶν

212 365 384 400 πραγμάτων
414 365 606 400 διηρνημένην,
639 365 685 391 ἐπὶ
714 364 786 400 ἔργῳ
814 364 917 390 τίθεται
950 363 999 397 τὴν

211 411 315 438 ἐκείνου
329 411 435 443 πίστινς
447 411 480 438 Ei
495 411 523 437 δὲ
537 410 584 437 καί
597 411 638 442 τις
651 418 701 436 που
713 410 837 446 εὑρεθείη
854 408 998 441 τοοιΟὖτος,

161 472 168 478 -
212 456 265 482 ὑπὸ
277 456 401 491 κατάραν
425 457 493 487 ἐστὶ,
515 455 585 482 κατὰ
611 456 660 490 τὴν
680 455 812 490 Γραφήν·
836 453 908 480 Οὐαί
933 453 999 488 γὰρ,

211 502 304 536 φησὶν,
328 499 491 535 ἁμαρτωλῷ
501 501 552 527 ἐπὶ
575 500 630 527 δύο
650 500 768 534 τρίϐους
795 498 1001 533 πορευομένῳί

210 546 306 581 ὥσπερ
319 546 351 581 δὴ
365 547 411 572 καὶ
423 543 499 578 οὗτος
513 547 527 571 ὁ
543 546 637 581 ἄφρων
651 554 680 572 τε
695 545 742 572 καὶ
754 545 937 580 ἀπάνθρωπος
949 550 956 557 ⁸
974 545 999 570 οἱ

213 592 262 628 μέν
273 600 359 626 φασιν
368 589 437 618 εἶναι
449 591 495 618 τὸν
516 591 624 626 Ἰσραὴλ
635 592 690 617 υἱὸν
705 591 783 621 Θεοῦ,
800 591 824 616 οἱ
837 590 864 616 δὲ
880 590 923 616 τὸν
936 590 1000 624 Χρι-

212 638 285 665 στόν.
305 638 337 664 Τί
353 635 399 664 οὖν
409 637 488 664 τοῦτο
501 638 615 672 ἐναργὲς
631 638 742 672 σημεῖον
752 636 865 671 ψεύδους
884 636 927 663 ἀεὶ
940 635 1000 670 κρί-

211 693 277 716 νεις,
298 684 329 710 τὸ
342 684 478 719 διαφόρων
505 684 660 719 προσώπων
689 682 913 718 ἀμφιϐαλὶόντων
938 682 1001 716 περί

211 738 283 761 τινος
299 730 336 765 μὴ
351 731 506 764 συμφωνεῖν
521 730 710 765 ἀμφοτέρους;
735 729 782 756 καὶ
800 728 941 764 ἀναίρεσιν
951 728 1001 754 οῐει

211 775 258 802 τοῦ
275 776 437 810 πράγματος
456 775 575 808 παντελῆ
588 774 711 809 γίνεσθαι
723 775 841 810 ὁπηνίκα
854 774 924 804 τινὲς
938 774 1002 808 περὶ

212 821 293 848 αὐτοῦ
321 821 465 856 διαφόρους
480 821 562 856 ἔχωσι
588 820 677 853 δόξας,
704 821 751 847 καὶ
769 822 802 855 τῇ
829 820 882 846 τῶν
900 820 1002 854 ἑτέρων

213 868 303 903 μερῶν
318 867 468 901 ἀποφάσεις
483 867 499 902 ἢ
512 867 653 902 οὐδέτερον
668 867 782 899 τούτων,
799 868 815 900 ἢ
828 866 1002 893 παντάπασιν

1049 274 1197 306 quomodo,
1215 280 1275 305 oro,
1291 273 1346 299 veri
1370 273 1472 307 aliquid
1486 272 1598 307 diceret,
1613 273 1660 308 qui
1676 281 1706 301 se
1719 274 1838 308 sponde-

1049 323 1091 346 ret
1103 318 1183 346 amici
1198 318 1359 346 sententiam
1373 319 1451 353 sequi
1462 319 1498 346 ob
1506 319 1544 347 rei
1556 319 1673 354 alicujus
1688 319 1836 347 confirma-

1049 363 1163 395 tionem,
1179 370 1206 390 et
1220 369 1310 391 tamen
1324 369 1450 398 negatam
1467 365 1540 392 circa
1557 364 1583 392 id
1604 365 1744 400 negotium
1763 365 1837 393 illius

1050 410 1129 436 fidem
1144 410 1382 443 recitaret?Quod
1407 410 1430 437 si
1445 411 1507 445 quis
1525 410 1682 446 hujusmodi
1702 412 1838 446 reperire-
1873 439 1886 443 _

1052 460 1105 488 tur,
1124 455 1151 482 in
1163 455 1380 483 maledictionem
1391 464 1405 482 a
1415 455 1555 491 Scriptura
1566 457 1680 484 edictam
1691 457 1836 484 incideret:

1055 500 1100 526 Va:
1111 501 1189 532 enim,
1203 500 1302 535 inquit,
1312 501 1604 536 peccatoriqnidnpfici
1613 503 1654 529 via
1665 502 1788 538 graditur
1796 503 1818 519 "
1831 513 1838 530 :

1050 546 1134 572 veluti
1159 553 1255 580 reapse
1271 547 1335 573 facit
1363 547 1406 574 hic
1423 548 1504 574 etiam
1524 555 1642 575 vesanus
1665 553 1691 575 et
1711 549 1840 576 inhuma-

1052 591 1206 619 nusJudati
1217 592 1325 626 quidem
1341 592 1425 619 filium
1438 592 1483 619 Dei
1494 592 1620 620 lsraclcm
1631 593 1743 626 dicunt;
1762 594 1842 621 Chri-

1051 638 1132 665 stiani
1157 642 1259 670 autem,
1277 637 1427 666 Christum.
1455 639 1511 666 Cur
1530 643 1558 666 ttt
1572 646 1655 674 porro
1670 640 1719 667 hoc
1730 639 1841 667 evidens

1051 691 1158 719 semper
1170 684 1278 719 judieas
1304 684 1438 712 mendacii
1468 685 1610 718 indicium,
1637 686 1700 721 quia
1726 686 1842 713 diversa:

1052 736 1176 765 personae
1192 729 1226 757 de
1253 737 1282 757 re
1309 729 1400 764 aliqua
1419 730 1497 758 aliter
1514 731 1671 763 sentientes.
1698 731 1842 758 sententiis

1053 783 1106 802 non
1135 775 1314 809 conspirant?
1331 776 1527 810 existimasque
1542 776 1638 811 perimi
1655 777 1766 804 omnino
1784 784 1841 804 rem

1053 820 1183 854 aliquam,
1199 820 1222 847 si
1239 819 1310 847 forte
1332 820 1457 846 nonnulli
1471 820 1606 848 diversam
1619 820 1652 848 de
1671 821 1716 848 illa
1732 827 1842 848 senten-

1054 866 1119 891 tiam
1132 869 1228 899 gerant
1241 864 1252 891 ἲ
1267 864 1301 891 Ει
1324 864 1360 891 ob
1380 864 1537 892 alterutrius
1552 865 1637 898 partls
1661 866 1840 900 negationem,

211 915 261 941 οὐκ
286 913 324 940 ὢν
339 913 537 948 ἀπελέγχεσθαι
562 914 701 948 νομίζεις;
731 912 866 947 ὑπέρευγέ
888 920 934 938 σου
955 908 1004 946 τῆς

1057 911 1097 936 vel
1120 910 1186 936 nihil
1209 909 1366 944 hujnsmodi
1399 915 1481 942 stare,
1512 911 1553 937 vel
1581 911 1692 938 omnino
1722 919 1843 946 unquam

212 960 376 996 φιλαλήθους
391 961 535 994 γνώσεως’
551 960 578 986 τί
597 959 644 985 οὖν
661 960 787 994 ποιήσεις
805 958 884 993 ἡμῶν
911 958 949 992 μὴ
961 966 1004 983 πι-

213 1005 362 1032 στευόντων
375 1005 414 1039 τῷ
425 1004 485 1040 Θεῷ
505 1013 563 1036 σου,
579 1004 646 1031 ἀλλὰ
662 1004 700 1038 τῷ
717 1004 776 1038 Θεῷ
793 1003 882 1038 ἡμῶν,
896 1004 943 1029 καὶ
957 1002 1003 1028 σοῦ

211 1051 250 1087 τῷ
268 1052 438 1086 νομιζομένῳ
455 1051 514 1085 Θεῷ
538 1059 584 1077 σου
602 1050 786 1081 πιστεύοντος,
816 1050 873 1076 ἀλλ’
888 1049 950 1083 οὐχ).
966 1046 1004 1083 τῷ

212 1096 272 1132 Θεῷ
287 1096 377 1132 ἡμῶν,
392 1096 453 1122 εἰπέ
466 1103 474 1129 ;
489 1095 540 1121 Σοῦ
561 1095 614 1130 γάρ
634 1096 692 1121 ἐστι
713 1095 783 1121 κατὰ
796 1095 841 1120 τὸν
861 1094 1004 1128 προφήτην

212 1142 338 1177 ἀφρόνως
364 1142 462 1173 εἰπεῖν,
478 1141 539 1167 οὐκ
564 1141 631 1167 ἐστι
651 1141 741 1172 Θεός·
771 1141 795 1166 εί
820 1140 914 1174 ἕτερος
939 1139 1004 1173 παρ’

211 1187 350 1223 ἑκατέρων
363 1187 439 1219 Θεὸς,
463 1186 502 1213 ἴδε
528 1185 579 1212 ποῦ
605 1185 679 1221 αὐτῷ
704 1186 718 1212 ὁ
736 1185 866 1220 κραταιὸς
895 1184 1004 1219 ἐλεγχος

212 1233 294 1260 αὐτοῦ
307 1233 504 1267 κατέστραπτε·
516 1232 619 1263 Ὄντως
629 1231 803 1265 ἐπιστρέψει
819 1232 835 1257 ὀ
847 1231 940 1263 πόνος
952 1231 1005 1256 αὑ-

213 1279 266 1306 τοῦ
275 1280 319 1312 είς
333 1278 472 1313 κεφαλὴν
487 1278 590 1309 αὑτοῦ,
607 1276 658 1304 καὶ
668 1277 718 1303 ἐπὶ
732 1276 871 1311 κορυφὴν
883 1276 976 1303 αὑτοῦ
985 1276 1004 1309 ὴ

209 1325 393 1359 βλασφημία
404 1323 499 1351 αὐτοῦ
510 1323 727 1355 καταϐήσεται·
744 1322 863 1356 εὐλόγως
880 1322 908 1348 δὲ
929 1322 976 1347 καὶ
991 1322 1004 1347 ό

212 1372 262 1407 τῆς
272 1371 417 1406 παιδίσκης
429 1370 487 1401 υίὸς
501 1369 566 1404 (99),
585 1369 664 1403 φύσει
675 1367 817 1400 δοῦλος,ῖν’
826 1367 912 1398 οὕτως
923 1368 1002 1399 εῐπω,

212 1417 364 1452 τυγχάνων,
379 1416 428 1451 τὴν
438 1415 485 1442 τοῦ
501 1415 559 1441 υίοῦ
576 1415 772 1449 προσηγορίαν,
789 1414 849 1439 οὐδὲ
864 1413 935 1439 κατὰ
951 1413 1002 1447 χά-

214 1471 256 1499 ριν
267 1463 337 1489 κατὰ
347 1462 394 1488 τὸν
412 1461 519 1497 Ἰσραὴλ
535 1460 721 1496 φαντασθῆναι
738 1460 824 1494 ἰσχύει
837 1468 843 1475 ·
858 1459 1004 1494 δουλοπρε-

213 1508 271 1540 πῶς
283 1508 476 1543 ἀνηνεγμένος,
487 1507 534 1534 καὶ
552 1506 743 1541 ὁουλοπρεπὼς
755 1506 940 1541 μεμυημένος,
958 1506 1005 1532 καὶ

213 1554 308 1580 τούτου
323 1553 405 1580 πλέον
419 1553 506 1580 οὐδέν.

1054 955 1194 981 exstitisse
1213 954 1339 988 judicas?
1351 953 1437 982 Macte
1448 955 1499 981 ista
1515 955 1638 983 veritatis
1651 956 1739 983 amica
1754 961 1844 983 mente

1055 1006 1101 1027 tua
1118 1001 1124 1027 ί
1143 1000 1213 1033 Quid
1227 1007 1291 1035 ergo
1311 1000 1407 1032 facies,
1433 1002 1513 1029 nobis
1530 1008 1582 1028 non
1603 1001 1775 1030 credentibus
1791 1002 1843 1029 Deo

1056 1051 1112 1078 tuo,
1127 1047 1174 1074 sed
1186 1047 1303 1074 nostro?
1324 1050 1350 1073 te
1362 1052 1452 1074 autem
1465 1051 1559 1081 putato
1575 1052 1621 1075 tuo
1637 1047 1691 1075 Deo
1705 1048 1843 1079 credente,

1056 1100 1109 1119 non
1126 1097 1217 1119 autem
1228 1093 1339 1120 nostro?
1356 1093 1412 1125 Dic,
1424 1093 1515 1121 sodes.
1529 1092 1659 1128 Superest
1669 1094 1726 1126 tibi,
1743 1099 1771 1121 ut
1782 1101 1845 1129 pro-

1055 1139 1143 1173 phetae
1158 1139 1249 1166 verbis
1264 1138 1339 1167 dicas
1357 1148 1364 1166 :
1378 1138 1440 1165 Non
1459 1144 1496 1166 est
1519 1139 1589 1167 Deus
1605 1139 1637 1172 “,
1655 1140 1785 1175 quoniam
1801 1139 1842 1167 di-

1057 1192 1154 1211 versus
1166 1189 1208 1211 est
1223 1185 1295 1219 apud
1322 1185 1418 1212 ambos
1447 1184 1529 1212 Deus.
1544 1183 1627 1213 Vid‘es
1642 1193 1698 1220 quo
1727 1182 1843 1213 validum

1056 1230 1117 1264 ejus
1129 1234 1321 1264 argumentum
1341 1234 1470 1265 tanquam
1497 1230 1600 1258 fulmen
1616 1230 1757 1259 deciderit.
1777 1230 1846 1259 Vcre

1057 1280 1218 1302 convertetur
1230 1275 1304 1302 fabor
1327 1274 1383 1310 ejus
1394 1276 1421 1301 in
1439 1280 1520 1310 caput
1535 1276 1663 1307 eiusdem,
1678 1281 1702 1303 et
1719 1277 1746 1303 in
1764 1277 1846 1303 verti-

1057 1329 1111 1348 cem
1123 1321 1205 1355 ipsius
1220 1321 1383 1356 blasphemia
1401 1321 1508 1355 propria
1518 1322 1654 1348 descendet
1666 1322 1698 1348 ".
1714 1321 1846 1349 Praeclare

1058 1366 1168 1393 famulre
1203 1366 1292 1399 filius,
1319 1367 1480 1394 naturaliter
1502 1371 1531 1394 ut
1555 1368 1591 1394 ita
1612 1367 1701 1395 dicam
1728 1375 1844 1400 servus,

1058 1413 1107 1439 ﬁlii
1128 1413 1337 1448 appellationem
1372 1420 1405 1440 ne
1427 1413 1576 1441 secundum
1599 1414 1712 1448 gratiam
1735 1414 1846 1448 quidem

1058 1459 1205 1493 imaginari
1219 1460 1300 1492 valet,
1318 1467 1381 1486 cum
1400 1459 1457 1493 ipse
1476 1459 1611 1486 serviliter
1627 1459 1663 1486 sit
1680 1464 1770 1493 natus,
1786 1467 1845 1487 scr-

1059 1506 1152 1532 vilitcr
1166 1505 1254 1533 sacris
1271 1505 1404 1537 initiatus,
1419 1509 1446 1532 ct
1461 1505 1528 1532 nihil
1544 1505 1672 1540 amplius.

247 1578 304 1633 et
319 1578 512 1633 eatacta
526 1599 590 1632 περι
602 1598 647 1624 τὸν
665 1597 846 1632 ’Λντίχριστον
857 1597 1001 1631 ειρημένον

1093 1595 1137 1621 65.
1153 1578 1255 1622 deinde
1282 1595 1385 1622 dictum
1412 1595 1446 1622 ab
1471 1595 1601 1629 Apostolo
1622 1595 1656 1622 de
1680 1595 1848 1623 Antichrile

214 1646 326 1680 σημεῖον
338 1645 378 1680 τῷ
390 1644 561 1679 μἈποστρλῳ,
577 1643 700 1679 ἐναργῶς
719 1644 749 1669 ὲν
768 1643 856 1677 τούτῳ
867 1643 939 1670 ἐστιν
954 1644 1001 1669 εὖ·

214 1691 272 1726 ρετν
284 1691 338 1726 (ί)-
359 1700 368 1716 ι
385 1690 444 1717 Κᾶν
459 1689 548 1724 ἀηδῶς
563 1689 662 1724 ἔχωσιν
678 1689 703 1714 οἱ
723 1688 917 1723 ἀρνησάμενοι,
935 1688 1002 1720 Θεός

213 1737 286 1763 ἐστιν
301 1737 315 1763 ὁ
330 1735 441 1771 πέμψας
469 1736 515 1761 τὸν
542 1735 690 1762 άπόσοτλον
707 1735 800 1767 αὐτοῦ,
817 1735 856 1765 είς
873 1735 1002 1769 όδήγησιν

214 1783 262 1809 καὶ
275 1783 314 1814 είς
330 1781 420 1808 πίστιν
435 1780 577 1816 ἀληθινὴν,
594 1780 640 1806 τοῦ
660 1780 801 1812 δεσπόζειν
815 1780 896 1806 αὐτὸν
910 1780 1002 1806 ἐπάνω

214 1829 305 1864 πάσης
319 1829 449 1859 πίστεως.
470 1837 479 1853 ι
502 1827 587 1854 Τοῦτο
600 1827 698 1853 ταυτὸν
719 1827 776 1852 ἐστι
792 1825 846 1860 τῷ,
868 1825 1003 1852 Ἀντικεί-

211 1883 303 1910 μενος
318 1874 365 1901 καὶ
394 1875 627 1908 ὑπεραιρόμενος
643 1873 692 1899 ἐπὶ
721 1873 818 1899 πάντα
840 1873 1004 1906 λεγόμενον

215 1920 290 1947 Θεὸν
300 1920 319 1954 ἣ
332 1919 482 1954 σέϐασμα·
496 1919 590 1950 ἁπλῶς
604 1918 652 1944 τοῦ
666 1918 806 1949 δεσπόζειν
816 1918 896 1944 αὑτδν
912 1918 1005 1944 ἐπάνω

215 1966 306 2001 πάσης
322 1966 450 1997 πίστεως·
467 1964 618 1999 ὲφαυλίσθη
629 1964 683 1999 ἄρα
699 1965 763 1999 παρ’
777 1964 850 1998 αὐτῷ
867 1964 913 1990 καὶ
928 1964 944 1998 ἡ
957 1962 1004 1989 τοῦ

221 2011 348 2046 ’Δὸραὰμ
374 2012 474 2044 πίστις,
503 2010 564 2037 καθ’
578 2010 612 2045 ἣν
628 2010 709 2041 αὐτὸς
723 2009 861 2035 πιστεύειν
877 2008 985 2043 ἐνόμιζε
996 2016 1003 2022 ·

214 2059 263 2086 καὶ
275 2059 326 2093 οὐχ
339 2059 352 2085 ὁ
375 2058 458 2093 νόμος
484 2058 563 2092 μόνον
579 2056 641 2083 οὐδὲ
659 2055 689 2082 τὸ
716 2054 878 2088 Εὑαγγὲλιον
889 2060 897 2068 ·
914 2053 1007 2079 ἐπάνω

215 2105 271 2141 γὰρ
287 2105 377 2140 πάσης
394 2104 511 2136 πίστεώς
523 2110 615 2138 φησιν·
627 2102 657 2128 τὸ
665 2102 704 2134 δὲ,
713 2101 872 2134 ἀληθινὴν,
888 2100 1006 2134 εἴρηται,

215 2152 254 2183 ὡς
264 2151 334 2186 πρὸς
347 2150 397 2182 τὰς
413 2150 507 2181 λοιπάς
517 2158 524 2164 ·
539 2149 589 2175 οὐκ
605 2147 676 2174 ὀκνῶ
695 2147 742 2173 τοῦ
763 2145 858 2172 λοιποῦ
875 2146 941 2179 περῖ⁹
955 2144 1006 2170 αὑ-

215 2196 265 2223 τοῦ
278 2195 490 2230 ἐντεθυμῆσθαι,
518 2195 558 2220 ὅτι
575 2195 622 2220 καὶ
635 2193 712 2224 οὗτος
732 2191 913 2226 Ἀντίχριστός
935 2192 1010 2216 ἐστιν

217 2241 326 2277 ἀληθῶς
338 2249 346 2258 ’
362 2242 421 2276 μετ’
447 2240 536 2274 ὀλίγον
552 2240 574 2266 δ’
590 2240 651 2266 ὅποι
667 2238 780 2273 φέρεται
793 2238 807 2263 ὁ
824 2236 934 2270 σύμπας
959 2235 1009 2268 τῆς
1027 2253 1047 2280 D

217 2287 369 2322 θεομαχίας
381 2287 492 2318 σκοπὸς,
516 2285 629 2320 ἔκδηλος
654 2285 776 2318 γίνεται·
803 2283 817 2308 ὁ
834 2282 889 2316 γάρ
904 2289 945 2307 τοι
958 2280 1011 2311 ἕως

218 2332 266 2360 τοῦ
281 2332 329 2360 νῦν
355 2331 588 2367 διισχυριζόμενος
616 2331 656 2357 ὅτι
679 2329 745 2359 Θεὸς
761 2327 823 2354 Υίὺν
836 2328 886 2353 οὐκ
899 2326 965 2361 ἔχει,
981 2326 1012 2352 οὑ

218 2378 329 2414 θαρρῶν
345 2377 434 2412 ἑαυτῷ
445 2377 531 2403 ταῦτα
547 2374 756 2410 φιλονεικοῦντι,
773 2373 841 2399 ἀλλὰ
859 2372 1013 2405 διαλογισὰ-

220 2432 300 2460 μενος
315 2425 355 2450 ὅτι
370 2423 451 2458 τυχὸν
465 2423 514 2450 καὶ
529 2422 596 2457 ἔχει,
610 2422 662 2448 οὐκ
675 2420 820 2448 ἀναδύεται
834 2418 924 2453 ἐαυτῷ
933 2417 1012 2444 τοῦτο

219 2470 358 2506 προσάψαι
378 2469 408 2496 τὺ
439 2470 602 2505 πρόσωπον·
633 2469 657 2494 εί
674 2467 722 2497 καὶ
737 2468 769 2493 ὲκ
795 2466 909 2501 πλαγίου
935 2465 1013 2492 τοῦτο

219 2517 371 2551 ἐπήγαγεν,
400 2516 447 2542 καὶ
474 2515 665 2550 προσποιεῖται
681 2513 763 2539 οἱονεὶ
794 2511 1013 2546 σχηματίζεσθαι

220 2561 334 2595 βλακίαν
349 2561 420 2588 πάνυ
446 2560 574 2595 αἰσχράν,
587 2559 635 2586 καί
650 2566 733 2593 φησιν
749 2558 787 2592 (‘2)
801 2565 809 2572 '
842 2557 920 2588 Τινὲς
946 2565 1014 2591 συη-

220 2605 296 2633 νοῦσι
311 2605 383 2642 [σού.
399 2605 545 2641 σιαίνουσι]
568 2606 614 2632 τὸν
636 2605 789 2639 προφήτην,
818 2602 866 2628 καὶ
889 2602 1015 2636 λέγουσιν

220 2653 261 2679 ὅτι
277 2652 357 2684 αὐτὸς
372 2652 436 2684 Υἱὸς
453 2652 492 2687 (5)
511 2650 580 2678 Θεοῦ
598 2652 667 2677 ἐστι.
689 2659 699 2676 ι
719 2650 774 2676 Καὶ
790 2648 840 2675 οὐκ
857 2645 934 2674 εἶπεν
945 2647 986 2673 ὅτι
999 2648 1014 2673 ὁ

257 2711 281 2728 ¹³
298 2710 383 2739 Eccli.
399 2719 430 2744 tt,
451 2711 493 2738 ιιι.
533 2710 556 2726 ³⁸
567 2709 639 2737 Psal.
657 2717 713 2742 xm,
733 2709 757 2734 ί.
789 2708 810 2724 ¹⁸
822 2707 893 2734 Psal.
916 2712 964 2739 vn,
982 2706 1025 2732 17.

269 2769 314 2804 99)
322 2768 433 2804 rNempe
446 2768 544 2801 Agaris
557 2768 638 2795 lilius.

272 2803 382 2837 i)'Sur.
398 2803 442 2834 IX,
458 2804 502 2830 35.

261 2837 300 2875 (ε)
313 2839 380 2875 ευς.
391 2838 498 2875 ιχηιίδ,
510 2837 555 2875 32.

262 2843 290 2875 ut
315 2843 380 2866 5m.
391 2843 437 2871 ut,
452 2843 498 2870 es,
510 2843 555 2864 η.
800 2869 804 2874 ν
822 2870 826 2875 ,

262 2843 300 2910 (ες
311 2874 349 2901 lta
359 2873 387 2901 in
402 2874 494 2902 codice
505 2872 600 2900 (ἔπειεο
614 2874 665 2904 est,
682 2870 756 2903 Υἱός,
773 2869 870 2896 Filius.
884 2869 917 2896 At
931 2868 1013 2896 Arab.

1056 1641 1177 1675 signum,
1192 1640 1334 1674 perspicue
1356 1640 1383 1666 in
1413 1639 1573 1667 Moliatnede
1596 1640 1756 1675 conspicere
1775 1641 1847 1668 licet.

1056 1686 1102 1712 Ait
1125 1686 1198 1712 enim
1224 1694 1231 1711 :
1257 1694 1267 1710 ι
1290 1685 1403 1712 Etiamsi
1432 1685 1547 1712 moleste
1586 1685 1675 1712 ferant
1705 1690 1849 1721 negantes,

1057 1731 1129 1758 Deus
1140 1736 1181 1758 est
1196 1731 1243 1766 qui
1274 1731 1349 1758 misit
1372 1731 1488 1766 legatum
1506 1739 1599 1763 suum.
1617 1732 1652 1759 ob
1665 1731 1846 1759 directionem

1059 1785 1206 1812 veramque
1219 1777 1314 1810 fidem,
1324 1781 1406 1812 atque
1421 1781 1450 1804 ut
1461 1777 1619 1804 dominetur
1628 1778 1738 1805 cuilibet
1747 1778 1819 1805 ﬁdei.
1837 1789 1847 1804 ι

1058 1824 1116 1851 Hoc
1143 1823 1257 1858 perinde
1284 1827 1326 1850 est
1344 1828 1427 1858 atque
1452 1823 1517 1850 illud
1538 1832 1544 1850 :
1566 1823 1617 1855 Qui
1646 1824 1801 1851 adversatur
1824 1829 1849 1850 ιιι

1059 1869 1199 1896 επιοιίὶιιιν
1215 1876 1297 1902 supra
1325 1876 1402 1895 omne
1415 1869 1484 1903 quod
1498 1869 1598 1894 dicitur
1614 1868 1695 1901 Deus,
1711 1874 1758 1895 aut
1781 1869 1850 1903 quod

1060 1916 1156 1942 colitur
1172 1915 1204 1946 ⁸⁸,
1233 1915 1259 1942 id
1277 1919 1328 1947 est,
1354 1914 1428 1949 quod
1448 1921 1562 1948 prorsus
1588 1913 1700 1941 cuilibet
1717 1914 1778 1941 fidei
1801 1914 1852 1941 do-

1060 1963 1191 1989 minatur.
1223 1961 1294 1996 Ergo
1323 1961 1394 1995 apud
1423 1961 1496 1987 hunc
1521 1959 1672 1994 despicatui
1701 1964 1742 1987 est
1766 1960 1849 1986 etiam

1061 2008 1128 2035 ﬁdes
1143 2007 1304 2039 Abrahami,
1319 2007 1352 2034 ad
1366 2007 1445 2041 cujus
1461 2013 1585 2032 normam
1607 2012 1636 2032 se
1659 2013 1768 2040 quoque
1789 2012 1850 2033 crc-

1061 2053 1126 2080 dere
1142 2052 1334 2080 existimabat:
1354 2055 1436 2085 atque
1460 2050 1585 2078 easulilat
1615 2058 1670 2078 non
1687 2051 1773 2084 legem
1789 2054 1850 2078 tan-

1063 2100 1206 2127 tummodo
1232 2103 1259 2126 ct
1289 2098 1486 2133 Evangelium;
1511 2105 1540 2125 se
1552 2098 1625 2124 enim
1652 2097 1765 2124 cuilibet
1789 2096 1850 2124 fidei

1064 2145 1234 2180 superiorem
1248 2144 1331 2177 dicit;
1354 2150 1487 2178 suamque
1504 2150 1594 2170 veram
1610 2142 1725 2170 aflirmat
1738 2142 1850 2177 reliquis

1064 2194 1262 2225 comparatam.
1281 2189 1396 2224 Jamque
1407 2197 1456 2224 ego
1472 2196 1525 2215 non
1543 2189 1662 2225 ambigo,
1684 2189 1757 2215 hunc.
1772 2188 1851 2214 dein.

1064 2243 1128 2270 ceps
1158 2235 1358 2262 Anticliristum
1371 2234 1509 2268 judicare,
1523 2233 1678 2267 cujusrnodi
1692 2240 1787 2267 reapse
1797 2236 1849 2259 est.

1064 2281 1150 2308 Paulo
1167 2284 1256 2306 autem
1273 2283 1515 2314 postapparetquo
1528 2282 1602 2305 totus
1615 2279 1674 2313 ejus
1690 2278 1851 2305 adversamli

1063 2327 1118 2353 Deo
1145 2333 1244 2360 scopus
1275 2325 1366 2352 tendat
1383 2333 1388 2351 :
1403 2331 1464 2351 nam
1488 2325 1535 2359 qui
1566 2324 1700 2351 hactenus
1725 2324 1780 2350 Deo
1798 2331 1852 2350 non

1061 2381 1122 2400 esse
1136 2372 1235 2399 Filium
1251 2372 1439 2403 contenderat,
1458 2371 1530 2398 haud
1558 2371 1610 2398 sibi
1634 2371 1773 2397 confidens
1789 2370 1853 2397 talia

1062 2419 1152 2446 verbis
1184 2418 1333 2450 vindicare,
1361 2422 1491 2452 reputans
1522 2422 1614 2444 tamen
1646 2416 1763 2443 fortasse
1795 2416 1851 2450 jam

1063 2465 1174 2496 habere,
1191 2464 1262 2491 hanc
1276 2464 1329 2490 sibi
1347 2471 1492 2497 personam
1509 2471 1562 2490 non
1578 2463 1677 2495 induit,
1695 2470 1852 2497 quanquam

1064 2511 1172 2544 oblique
1186 2510 1212 2536 id
1225 2510 1280 2545 agit
1299 2519 1306 2536 :
1322 2510 1434 2536 simulat
1449 2509 1541 2543 itaque
1555 2513 1582 2536 et
1595 2508 1724 2544 confingit
1746 2513 1851 2543 turpem

1065 2556 1211 2583 admodum
1227 2555 1416 2587 stoliditatem.
1435 2555 1528 2590 aitque
1555 2564 1561 2582 :
1582 2565 1591 2580 ι
1609 2554 1737 2582 Nonnulli
1752 2554 1853 2581 laadunt

1069 2602 1241 2637 prophetam,
1255 2602 1405 2636 dicuntque
1419 2601 1507 2636 ipsum
1523 2608 1583 2629 esse
1599 2601 1698 2628 Filium
1715 2600 1772 2627 Dei.
1792 2609 1802 2625 ι
1822 2599 1854 2625 lit

1068 2653 1124 2674 nan
1155 2647 1221 2673 dixit
1238 2647 1380 2674 exclusivo
1397 2654 1480 2675 sensu
1500 2651 1527 2674 et
1541 2647 1651 2674 unicum
1669 2646 1767 2673 Filium
1794 2645 1850 2676 Dei,

1066 2706 1088 2721 ¹⁸
1104 2706 1124 2732 ΙΙ
1141 2705 1237 2733 Thess.
1252 2713 1282 2738 ll,
1297 2707 1324 2734 4.

1061 2764 1151 2798 auris.
1183 2762 1304 2789 Dicerem
1335 2763 1478 2798 scriptura:
1509 2760 1766 2798 Grmczc__mendum
1797 2761 1853 2790 JES;

1061 2806 1112 2832 pro
1122 2796 1180 2829 οὖς,
1203 2798 1286 2830 auris,
1304 2799 1357 2825 nisi
1378 2795 1440 2826 mox
1452 2798 1561 2825 Nicctas
1579 2797 1610 2824 dc
1621 2795 1690 2823 Filio
1704 2803 1799 2830 reapse
1812 2797 1852 2824 lo-

1067 2838 1208 2867 queretur.
