2083 3155
239 165 289 200 ’151

858 147 1009 194 ΝΙΟΕΤᾹΞ
1028 165 1232 196 BYZANTINI

1813 164 1866 196 752

239 222 273 248 de
287 220 332 247 illo
343 219 466 254 cogitans
480 224 560 252 quem
578 216 719 244 contendit
732 215 873 244 destruere
886 225 893 249 ;
908 224 942 244 ne
950 217 1025 244 omni

1081 220 1141 252 Υίός
1155 221 1239 251 ἐστιν,
1261 219 1433 254 λογιζόμενος
1448 218 1477 245 ὃν
1501 218 1605 245 ἀνελεῖν
1629 218 1804 253 ἀγωνίζεται,
1822 220 1866 247 Iv:

240 275 291 294 suo
319 266 382 293 dolo
399 265 529 295 nudatus,
556 271 609 290 una
634 270 696 290 cum
719 262 765 290 illo
795 268 945 291 corrueret.
973 263 1027 291 Sed

239 312 345 343 dicunt,
362 311 411 343 ait,
429 310 517 343 ipsum
532 316 594 336 esse
619 308 720 335 Filium
737 308 784 336 Dei
810 317 817 334 :
835 309 912 343 quasi
931 309 1004 336 dicat
1019 318 1026 336 :

241 356 270 384 Si
284 364 327 384 me
341 356 422 383 vultis
433 355 528 382 Filium
536 354 668 387 conﬁteri,
680 361 730 389 ego
741 354 870 389 prmdicto
880 354 1030 389 proximior

241 410 313 430 sum.
341 401 437 432 Postea
464 400 594 427 nonnulla
626 399 753 427 indecore
778 400 1028 435 blaterans,nuga-

240 454 358 481 rumque
377 454 489 473 suarum
510 446 662 481 nugacibus
673 445 953 473 demonstrationibus
984 446 1029 472 ﬁr-

240 501 315 520 mare
325 493 462 527 iactitans,
474 493 598 519 nominat
611 492 745 527 quosdam
755 491 873 519 Thamut
884 498 910 519 et
921 491 1029 519 Madian

240 539 489 571 etMateuchamat,
514 539 547 566 ad
576 546 657 574 quos,
686 538 785 573 inquit,
815 538 895 573 legati
925 538 1029 565 revela-

240 586 342 612 tionem
362 592 440 612 suam
469 583 638 612 deferebant.
668 583 785 611 Prorsus
800 589 890 612 autem
909 584 936 610 hi
965 588 1030 611 sunt

240 630 383 665 incogniti,
399 634 425 657 et
437 630 495 658 sine
513 629 568 657 ulla
583 629 754 664 probatione,
768 633 849 664 prout
860 633 887 656 et
905 629 962 664 ipse
976 632 1027 656 est.

239 676 315 703 Illico
326 680 416 704 autem
430 676 564 703 barbaros
577 680 672 704 contra
685 683 736 704 nos
753 675 780 702 in
796 675 919 710 praelium
936 675 1029 708 mittit,

240 726 268 749 et
280 729 341 756 quae
356 721 427 748 adid
443 721 684 753 concitarevaleat
706 720 848 754 allatrans,
869 727 967 748 vanam
991 720 1030 747 fa-

240 767 333 795 bulam
344 766 494 795 concludit.

486 810 708 839 CONFUTATIO
728 810 774 839 IX.

275 857 320 885 6L
335 857 413 885 Nona
424 865 439 885 a
451 857 612 885 Mohamede
633 857 727 886 fabula
756 856 919 885 inscribitur
933 855 1029 890 Jonas,

241 903 308 931 nihil
323 908 414 931 tamen
438 903 472 931 de
490 903 559 931 Jona
575 903 602 930 in
618 910 650 931 ea
667 903 798 930 occurrit.
818 902 872 931 Sed
888 903 980 931 statim
995 903 1031 930 ab

240 949 354 977 exordio
370 954 500 984 tanquam
513 957 638 985 pugnans
651 953 678 977 ct
693 948 896 984 reprehendens
907 954 935 976 et
943 948 1030 976 ironia

241 995 359 1030 quadam
373 999 466 1028 utens,
486 996 552 1028 (An,
569 995 667 1030 inquit,
688 1002 790 1022 novum
802 998 843 1022 est
860 994 1029 1027 hominibus,

241 1040 314 1075 quod
330 1040 401 1068 Deus
416 1040 499 1068 alicui
514 1039 620 1068 homini
632 1047 666 1067 ex
681 1039 791 1067 illorum
801 1046 916 1066 numero
927 1038 1031 1066 revela-

241 1086 311 1113 verit
330 1086 424 1113 testari
433 1085 591 1113 hominibus
604 1089 631 1113 et
643 1085 834 1120 evangelizare
844 1084 1029 1116 credentibus.

241 1132 314 1166 quod
330 1131 399 1166 ipsis
413 1135 456 1159 est
474 1131 677 1159 incrementum
693 1137 787 1158 verum
801 1137 818 1158 a
845 1129 962 1159 Domino
988 1130 1030 1164 ip-

242 1177 357 1204 sorum?
380 1186 390 1204 ι
409 1177 473 1205 Ilaec
486 1176 592 1205 scilicet
606 1181 736 1211 tanquam
755 1183 789 1203 ea
802 1175 850 1204 Dei
863 1182 982 1211 persona
995 1175 1028 1203 de

242 1231 272 1252 se
301 1224 362 1260 ipso
380 1224 427 1252 ait.
451 1222 555 1251 Deinde
579 1222 685 1250 inducit
713 1221 841 1249 homines
859 1221 959 1249 merito
973 1228 1027 1249 non

242 1269 397 1301 credentes.
415 1268 592 1304 dicentesque
613 1277 621 1295 :
641 1267 737 1303 Magus
762 1267 808 1295 hic
822 1271 874 1295 est.
891 1266 949 1295 Hoc
971 1266 1030 1301 ipse

241 1317 276 1344 de
292 1324 331 1345 se.
348 1315 405 1344 Nos
418 1322 483 1343 vero
496 1315 530 1342 ad
545 1315 665 1350 priorem
677 1314 813 1343 sermonis
835 1318 942 1349 partem
961 1313 1030 1341 dici-

242 1369 315 1394 mus,
331 1360 404 1388 haud
420 1368 486 1388 sane
501 1368 602 1388 novum
618 1367 688 1393 esse,
705 1360 777 1395 quod
793 1367 824 1387 ex
846 1360 902 1387 Deo
926 1359 1030 1386 revele-

243 1413 288 1435 tur
300 1407 402 1442 aliquid
419 1411 446 1434 et
458 1407 660 1443 evangelizetur
689 1406 876 1439 credentibus,
888 1405 954 1440 quia
970 1405 1030 1433 sine

242 1453 326 1481 dubio
342 1453 544 1481 incrementum
561 1453 616 1481 illis
629 1453 658 1480 ιιι
677 1460 691 1480 a
703 1451 769 1480 Deo.
786 1451 863 1485 Quod
876 1456 966 1479 tamen
982 1458 1029 1478 ve—

242 1505 303 1525 rum
321 1497 518 1526 incrementum
531 1497 604 1525 circa
614 1496 802 1525 Mohamedem
819 1496 922 1524 factum
937 1496 984 1529 sit,
1002 1495 1029 1525 id

242 1551 303 1571 cum
325 1547 424 1578 putum
450 1543 621 1571 mendacium
650 1546 794 1578 appareat;
815 1542 953 1570 hominem
980 1541 1028 1577 qui

243 1589 296 1616 hoc
320 1589 372 1617 sibi
400 1590 552 1617 revelatum
575 1589 653 1622 dicit,
666 1596 716 1616 ceu
732 1595 796 1616 vere
811 1585 968 1620 scelestum,
989 1593 1031 1616 at-

242 1643 296 1670 que
309 1640 340 1663 ut
360 1635 419 1670 ipse
442 1636 481 1663 ait
508 1643 630 1671 magum,
653 1634 856 1662 abominamur.
871 1634 1030 1661 Abrahamo

243 1682 281 1709 ita
304 1681 405 1709 factum
435 1682 549 1714 scimus,
578 1689 667 1717 neque
693 1681 850 1708 miramur:
871 1679 934 1708 Vult
961 1680 1030 1707 enim

243 1727 314 1755 Deus
328 1735 416 1755 omnes
433 1728 551 1755 homines
566 1727 681 1760 saluare,
698 1731 722 1754 et
738 1727 772 1753 ad
788 1727 949 1762 agnitionem
963 1726 1030 1753 veri-

244 1774 307 1800 tatis
321 1773 407 1800 venire
426 1773 458 1801 η.
475 1772 582 1801 Etenim
597 1781 630 1801 ex
655 1773 826 1800 idololatrica
841 1771 952 1799 inscitia
966 1777 1030 1806 pro-

243 1819 325 1846 cessit
337 1818 509 1846 Abrahamus
519 1819 545 1846 in
553 1819 754 1846 incrementum
765 1824 858 1845 verum
875 1817 973 1845 divinae
983 1824 1032 1844 no-

243 1863 320 1897 titim,
332 1863 395 1899 quia
408 1864 466 1891 haec
477 1864 502 1891 ei
518 1864 638 1892 revelata
654 1871 668 1890 a
680 1863 736 1892 Deo
750 1863 819 1896 fuit;
835 1868 862 1890 et.
874 1869 937 1889 mox
947 1869 1029 1897 opera

243 1909 303 1944 ejus
318 1909 444 1944 religiosa
463 1909 651 1937 manifestiora
667 1913 823 1941 evaserunt,
840 1907 966 1935 veritatis
981 1914 1029 1934 co-

243 1955 394 1990 gnitionem
420 1955 567 1983 ﬁrmantia.
588 1954 654 1982 Post
675 1955 753 1982 illum
784 1953 874 1981 denuo
901 1953 1031 1981 novimus

243 2001 365 2037 Moyscm
378 2001 563 2028 illuminatum
584 2009 600 2028 a
627 2000 694 2034 Deo,
713 2001 748 2028 ob
763 2000 919 2028 testandum
942 1999 1031 2027 homi-

245 2047 336 2080 nibus,
347 2047 419 2082 quod
435 2047 502 2081 ipsis
517 2046 691 2074 credentibus
705 2045 960 2073 ﬁatiocrementum
983 2052 1031 2072 ve-

245 2100 307 2120 rum
327 2100 341 2120 a
365 2092 483 2120 Domino
512 2092 752 2127 ipsorum.Atque
768 2091 805 2119 ita
820 2099 916 2126 reapse
931 2092 1030 2119 evenit.

245 2138 369 2174 Namque
384 2138 418 2166 ab
435 2137 585 2166 Abrahami
598 2137 686 2165 adhuc
696 2138 856 2172 impertecta
875 2136 921 2164 Dei
934 2136 1032 2164 notitia

245 2189 272 2212 ct
287 2185 350 2212 vitae
369 2184 505 2216 instituto,
523 2184 558 2212 ad
578 2182 774 2218 perfectiorem
799 2182 919 2209 divinam
945 2182 1033 2210 scien-

1080 265 1116 301 μὴ
1142 265 1243 300 γυμνὸς
1259 265 1397 296 παντελῶς
1413 264 1460 291 τοῦ
1494 264 1588 291 δούλου
1615 264 1800 299 καταληφθεὶς
1820 274 1865 291 συ-

1079 311 1205 346 σκελισθῇ
1218 332 1224 342 ,
1240 310 1296 337 ἀλλ’
1315 310 1355 336 ὅτι
1369 310 1450 341 αὐτὸς
1468 309 1532 341 rw;
1548 310 1622 336 ἐστιν
1633 317 1640 325 ·
1657 310 1694 340 ὡς
1709 309 1741 336 ἂν
1765 310 1790 336 εί
1807 309 1865 336 ἕλε-

1078 363 1136 388 γεν,
1151 354 1191 381 ὄτι
1207 354 1239 381 Et
1253 354 1344 381 θέλετε
1358 354 1421 381 Υἰδν
1434 353 1501 381 Θεοῦ
1517 354 1668 389 ὁμολογεῖν,
1684 354 1740 388 ἐγὼ
1757 354 1804 380 τοῦ
1819 354 1868 380 λα-

1078 399 1208 435 λουμένου
1230 399 1395 435 ἐγγύτερον
1423 397 1481 426 εἶτα
1504 399 1704 434 βαττολογὴσας
1726 400 1786 426 τινὰ
1802 401 1867 426 ἀσέ-
1901 409 1904 412 ⁴

1080 456 1163 481 μνως,
1186 446 1301 473 καὶτῶν
1323 446 1406 473 αὑτοῦ
1433 446 1571 481 φλυαριῶν
1599 446 1644 473 διὰ
1660 447 1794 482 φλυαρίας
1817 447 1868 479 τὰς

1078 492 1229 525 ἀποδείξεις
1245 492 1405 519 πιστοῦσθαι
1422 492 1616 527 ἀὸρυνόμενος,
1633 492 1770 528 μέμνηταί
1787 501 1867 519 τινων

1079 539 1200 573 Θαμοὺτ,
1225 539 1272 565 καὶ
1287 538 1408 572 Μαδιὰμ,
1436 538 1484 565 καὶ
1512 538 1700 573 Ματευχαμάτ
1726 537 1776 573 (4),
1800 539 1868 573 πρὸς

1079 583 1126 615 οὓς
1141 584 1248 619 ἔφερον,
1265 584 1358 619 φησὶν,
1374 584 1398 610 οἱ
1413 583 1556 610 ἀπόστολοι
1570 583 1660 610 αὐτῶν
1680 583 1729 618 τὴν
1742 583 1868 618 φανέρω-

1081 638 1132 661 σιν,
1145 629 1249 663 ἀδήλων
1263 629 1346 656 ὖντιιΝ
1362 628 1465 655 τούτων
1481 629 1529 656 καὶ
1542 629 1756 661 ἀναποδείκτων,
1773 629 1868 663 ὥσπερ

1079 674 1111 709 δὴ
1126 674 1173 700 καὶ
1188 674 1287 705 αὐτός·
1317 674 1364 700 καὶ
1388 673 1489 705 εὐθέως
1511 673 1688 709 ὲκστρατεύει
1708 673 1770 700 καθ’
1788 674 1868 708 ἡμῶν

1079 720 1142 750 τοὺς
1157 719 1321 755 βαρϐάρους,
1335 719 1428 746 καὶ-τὰ
1443 720 1483 750 εἰς
1498 718 1576 745 τοῦτο
1599 719 1697 750 αὐτοὺς
1712 718 1869 754 ἐρεθίζοντα

1080 764 1302 800 καθυλακτήσας,
1318 766 1470 794 ἀποκόπτει
1484 765 1529 791 τὸν
1547 764 1698 800 φλήναφον.

1336 811 1556 838 ΕΛΕΓΚἸῚΚΟΣ
1581 810 1621 838 Θ¹.

1118 857 1163 889 ξδ’.
1182 857 1214 884 '0
1234 857 1328 888 ἔνατος
1349 857 1388 891 τῷ
1415 857 1539 892 Μωάμετ
1556 856 1640 891 μῦθος
1666 855 1868 892 ἐπιγέγραπται

1086 905 1134 939 μὲν
1144 905 1195 937 Εἰς
1216 903 1270 930 τὸν
1291 903 1403 936 ’[ωνᾶν,
1422 903 1500 930 οὐδὲν
1528 903 1557 929 δὲ
1570 902 1617 929 τοῦ
1640 903 1717 929 Ἰωνᾶ
1739 904 1769 930 ὲν
1794 904 1869 938 αὐτῷ

1085 950 1197 985 φέρεται
1208 957 1214 964 ·
1231 949 1289 976 ἀλλ’
1305 948 1406 980 εὐθέως
1432 949 1465 975 ὲκ
1492 948 1642 984 προοιμίων
1657 947 1695 984 (5)
1708 947 1802 984 ὥσπερ
1819 957 1870 983 μα-

1083 997 1199 1031 χόμενος
1214 995 1260 1023 καὶ
1278 994 1402 1030 ἐγκαλῶν
1418 995 1435 1030 ἢ
1453 996 1665 1031 είρωνευόμενος
1679 992 1870 1030 ἐπεισέρχεται

1083 1042 1187 1076 λέγων·
1205 1052 1215 1068 ι
1229 1040 1302 1078 Ἀρα
1313 1040 1347 1077 ἦν
1364 1043 1421 1073 τοῖς
1440 1041 1593 1077 ἀνθρώποις
1610 1041 1685 1074 ξένον
1710 1042 1751 1068 ὅτι
1765 1041 1871 1068 ἀπεκάκ

1083 1086 1166 1121 λυιιοεν
1179 1087 1194 1113 ὁ
1208 1086 1274 1118 Θεὸς
1290 1087 1358 1122 πρὸς
1385 1086 1528 1121 ἄνθρωπον
1545 1086 1574 1118 ἐξ
1587 1086 1676 1113 αὐτῶν
1692 1086 1739 1112 τοῦ
1752 1086 1871 1121 διαμαρ-

1084 1131 1219 1167 τύρασθαι
1244 1132 1300 1164 τοϊς
1328 1130 1483 1166 ἀνθρώποις
1510 1130 1555 1157 καὶ
1568 1130 1798 1165 εὐαγγελίσασθαι
1815 1133 1871 1163 τοῖς

1086 1177 1263 1204 πιστεύσασιν
1274 1178 1314 1204 ὅτι
1329 1177 1402 1204 ἐστιν
1417 1177 1509 1208 αὐτοῖς
1524 1177 1652 1212 προκοπὴ
1667 1177 1780 1212 ἀληθινὴ
1796 1178 1870 1211 παρά

1084 1223 1131 1250 τοῦ
1147 1223 1249 1259 Κυρίου
1260 1223 1366 1256 αὖτῶνς
1384 1232 1393 1248 ι
1412 1223 1499 1250 ταῦτα
1512 1223 1540 1249 δὲ
1553 1223 1591 1254 ὡς
1607 1223 1639 1250 ὲκ
1663 1223 1810 1258 προσώπου
1823 1224 1870 1258 δῆ-

1084 1268 1130 1295 θεν
1147 1268 1214 1295 Θεοῦ
1229 1268 1302 1303 λέγει
1319 1269 1383 1304 περὶ
1399 1268 1496 1295 αὐτοῦ’
1515 1266 1575 1295 εἶτα
1595 1269 1702 1303 εἰσάγει
1726 1269 1788 1301 τοὺς
1812 1271 1870 1301 καὶ,

1083 1313 1155 1340 κατά
1166 1314 1196 1340 τὸ
1207 1314 1292 1347 εἰκὸς,
1307 1313 1514 1346 διαπιστοῦντας
1524 1313 1571 1340 καὶ
1580 1313 1719 1348 λέγοντας,
1732 1315 1773 1341 ὅτι
1788 1312 1871 1346 Οὗτος

1084 1359 1226 1395 φαρμακός
1241 1359 1333 1386 ἔστιν·
1354 1359 1434 1386 τοῦτο
1457 1359 1538 1392 αὐτὸς
1554 1359 1624 1395 ὑπὲρ
1644 1360 1753 1387 ἑαυτοῦ.
1775 1361 1871 1395 Ἡμεῖς

1082 1405 1111 1432 δὲ
1123 1405 1191 1441 πρὸς
1214 1405 1260 1432 τὸν
1277 1405 1385 1441 πρῶτον
1413 1405 1491 1440 λόγον
1510 1406 1541 1432 οὺ
1565 1406 1636 1432 πάνυ
1649 1407 1739 1441 φαμὲν
1753 1406 1828 1439 ξένον
1841 1408 1871 1434 τὸ

1084 1451 1160 1487 παρὰ
1174 1451 1241 1478 Θεοῦ
1257 1451 1483 1487 ἀποκαλυφθῆναι
1511 1452 1558 1479 καὶ
1572 1452 1799 1487 εὐαγγελισθῆναι
1815 1454 1870 1484 τοῖς

1083 1497 1267 1531 πιστεύουσιν,
1282 1498 1323 1524 ὅτι
1339 1497 1412 1524 ἐστιν
1430 1498 1522 1530 αὐτοῖς
1535 1498 1662 1534 προκοπὴ
1678 1497 1791 1534 ἀληθινὴ
1806 1500 1871 1534 παρ’

1083 1544 1166 1571 αὑτοῦ
1179 1553 1185 1560 ·
1198 1544 1250 1576 ἕως
1264 1544 1287 1571 δ’
1300 1544 1333 1572 ἂν
1344 1545 1465 1581 ἀληθεύῃ
1478 1546 1519 1578 τδ,
1534 1545 1659 1581 προκοπὴ
1671 1545 1797 1581 ἀληθινὴ,
1809 1547 1873 1581 περὶ

1082 1589 1164 1617 αὑτοῦ
1183 1599 1191 1607 ο
1206 1590 1301 1618 τούτου
1327 1591 1356 1617 δὲ
1375 1591 1489 1626 ψεύδους
1501 1591 1662 1626 πεφηνότος,
1691 1592 1736 1618 τὸν
1760 1592 1872 1627 λέγοντα

1081 1636 1306 1671 ἀποκεκαλύφθαι
1319 1645 1345 1663 τι
1361 1636 1492 1668 τοιοῦτον,
1507 1636 1545 1668 ὡς
1559 1637 1659 1673 ἄνομον
1675 1636 1794 1673 ἀληθῶς,
1814 1639 1871 1670 καὶ,

1081 1680 1118 1713 ὡς
1133 1681 1215 1713 αὑτός
1230 1689 1308 1716 φησι,
1335 1681 1482 1716 φαρμακὸν
1505 1681 1735 1716 ἀποστρεφόμεθα
1746 1691 1753 1697 ·
1777 1682 1824 1709 τόν
1842 1691 1872 1709 τε

1081 1726 1135 1762 γάρ
1157 1726 1284 1762 Ἀϐραὰμ
1297 1726 1418 1754 τοιοῦτον
1433 1727 1565 1762 ἔγνωμεν,
1583 1727 1630 1754 καὶ
1649 1728 1680 1754 οὐ
1695 1727 1871 1763 ξενιζόμεθα²

1083 1774 1168 1800 Θέλει
1181 1774 1237 1808 γὰρ
1250 1775 1266 1801 ό
1289 1774 1361 1808 Θεὸς
1376 1774 1491 1808 πάντας
1511 1774 1687 1809 ἀνθρώπους
1700 1775 1809 1808 σῶσαι,
1823 1775 1872 1804 καὶ

1084 1820 1127 1852 είς
1138 1818 1305 1853 ἐπίγνωσιν
1312 1819 1457 1853 ἀληθείας
1468 1819 1580 1847 ἐλθεῖν·
1594 1820 1626 1847 ἐκ
1637 1819 1692 1854 γὰρ
1700 1820 1873 1856 τῆςειδὼλων

1081 1863 1219 1898 ἀγνωσίας
1232 1864 1335 1900 προέϐη
1347 1864 1362 1890 ό
1381 1864 1506 1901 ’Λῦραὰμ
1521 1866 1562 1896 εἰς
1574 1865 1716 1901 προκοπὴν
1742 1866 1872 1903 ἀληθινὴν

1081 1908 1257 1943 θεογνωσίας,
1270 1909 1313 1936 διὰ
1327 1909 1357 1936 τδ
1369 1910 1600 1945 ἀποκαλυφθῆναι
1615 1911 1689 1946 αὐτῷ
1708 1911 1788 1939 τοῦτο
1797 1913 1872 1948 παρὰ

1081 1954 1149 1982 Θεοῦ
1163 1962 1170 1970 ·
1187 1955 1234 1981 καὶ
1247 1955 1281 1982 τὰ
1296 1955 1365 1991 ἔργα
1381 1955 1456 1991 αὐτῷ
1474 1957 1525 1992 τῆς
1538 1956 1694 1990 θεοσεϐείας
1710 1958 1873 1994 ὲκδηλότερα

1081 2000 1178 2035 γέγονε
1193 2000 1353 2035 βεϐαιοῦντα
1363 2001 1413 2037 τὴν
1427 2003 1476 2037 τῆς
1489 2001 1617 2038 ἀληθείας
1633 2003 1791 2038 ἐπίγνωσιν.
1806 2006 1872 2031 Μετ’

1081 2047 1185 2074 ἐκεῖνον
1200 2047 1280 2074 πάλιν
1297 2047 1420 2083 ἔγνωμεν
1427 2048 1547 2075 Μωῦσέα
1558 2049 1785 2084 ἀποκαλυφθέντα
1798 2051 1873 2087 παρά

1082 2092 1150 2120 Θεοῦ
1164 2093 1403 2129 διαμαρτύρασθαι
1419 2095 1476 2125 τοῖς
1493 2095 1660 2130 ἀνθρώποις,
1676 2096 1716 2122 ὅτι
1732 2096 1807 2122 ἐστιν
1824 2097 1874 2123 αὐ-

1081 2140 1138 2170 τοῖς
1156 2140 1282 2175 προκοπὴ
1307 2140 1422 2176 ἀληθινὴ
1436 2141 1596 2168 πιστεύουσι
1613 2141 1690 2177 παρά
1706 2141 1753 2168 τοῦ
1768 2142 1872 2178 Κυρίου

1082 2185 1191 2211 αὑτῶνυ
1204 2186 1251 2212 καὶ
1268 2186 1377 2220 ἐγένετο
1405 2187 1484 2214 τοῦτο
1497 2195 1504 2202 ·
1526 2187 1580 2214 ἀπὸ
1596 2189 1649 2224 γὰρ
1665 2188 1716 2223 τῆς
1741 2189 1806 2224 περὶ
1826 2189 1873 2216 τὸν

245 2229 311 2256 tiam
342 2236 487 2264 moresque
506 2228 620 2256 deduxit
647 2228 721 2255 illius
747 2232 874 2262 posteros
903 2227 956 2254 lex.
971 2226 1029 2254 Nisi

1089 2230 1215 2266 Ἀϐραὰμ
1243 2231 1283 2258 ἔτι
1307 2231 1420 2264 ἀτελοῦς
1442 2232 1525 2267 οὔσης
1549 2233 1714 2267 θεογνωσίας
1736 2234 1782 2261 καὶ
1796 2234 1872 2261 πολι-

244 2273 319 2302 enim
349 2273 402 2300 hoc
426 2273 603 2307 concedatur,
635 2279 838 2308 supervacanea
869 2271 1029 2300 fueruntet

1082 2276 1168 2310 τείας,
1185 2276 1233 2303 ἐπὶ
1245 2276 1294 2312 τὴν
1313 2277 1413 2312 μᾶλλον
1434 2277 1540 2305 τελείαν
1554 2278 1718 2313 θεογνωσίαν
1731 2279 1779 2306 καὶ
1796 2279 1872 2306 πολι-

245 2319 401 2355 importuna
413 2319 506 2346 omnia
525 2319 594 2354 legis
610 2319 747 2352 instituta,
765 2323 792 2347 et
816 2318 977 2352 Sabbatum,
1003 2324 1029 2347 et

1083 2322 1157 2349 τείαν
1171 2322 1271 2358 ἀνῆγεν
1286 2323 1349 2354 τοὺς
1364 2323 1446 2350 αὐτοῦ
1460 2324 1589 2359 ἐκγόνους
1607 2325 1622 2350 ό
1635 2324 1682 2352 τοῦ
1692 2325 1760 2352 Θεοῦ
1775 2327 1870 2361 νόμος·

246 2364 302 2392 Deo
326 2363 508 2399 acceptabiles
534 2363 642 2397 hostiae,
670 2372 731 2399 quae
759 2364 852 2391 omnia
870 2364 1030 2391 Abraliamo

247 2410 322 2437 I‘uere
332 2410 470 2444 incognita
480 2418 487 2443 ;
499 2409 572 2444 quod
583 2409 751 2444 impossibile
760 2414 812 2438 est.
825 2409 889 2438 Post
898 2409 1028 2445 Moysem,

247 2459 277 2482 ut
294 2462 404 2490 pergam
426 2454 466 2482 uti
490 2455 664 2483 revelationis
692 2455 814 2488 nomine,
832 2455 920 2482 donec
936 2456 1028 2483 exitus

246 2499 339 2528 omnia
355 2499 521 2534 manifestet,
550 2499 681 2528 revelavit
699 2500 773 2528 Deus
792 2507 840 2534 per
848 2499 939 2528 Jesum
952 2500 1031 2527 Chri-

246 2549 320 2574 stum
335 2545 508 2578 hominibus,
533 2546 605 2581 quod
623 2545 654 2573 ﬁt
677 2546 742 2580 ipsis
765 2546 961 2574 incrementum
987 2554 1032 2574 ve-

249 2599 322 2624 rum,
341 2591 517 2619 credentibus
532 2591 645 2624 scilicet,
658 2598 674 2618 a
691 2590 822 2624 Domino;
851 2591 990 2627 verbaque
1003 2592 1031 2619 in

246 2647 304 2667 rem
324 2638 424 2666 collata
451 2637 527 2666 fuere
540 2645 546 2664 :
559 2645 623 2665 nam
639 2641 667 2665 et
683 2637 730 2665 Dei
745 2637 865 2672 cognitio
876 2637 985 2670 clarior,
1002 2642 1030 2665 et

244 2686 306 2714 vita:
317 2692 378 2713 mos
394 2684 549 2713 accuratior
560 2683 674 2712 exstitit.
686 2683 767 2719 quue
783 2683 825 2712 vel
835 2683 897 2712 inde
912 2688 1029 2718 constat,

281 2777 304 2794 ’ν
319 2778 330 2805 l
344 2777 415 2808 Tim.
429 2786 461 2813 ιι,
478 2779 508 2807 4.

282 2858 321 2893 (4)
335 2859 420 2890 Aliter
428 2859 472 2889 hic
479 2859 552 2888 vides
566 2859 638 2894 apud
648 2858 823 2888 Maraccium.

1083 2368 1108 2394 εἰ
1124 2367 1179 2402 γὰρ
1193 2367 1231 2402 μὴ
1245 2367 1324 2395 τοῦτο
1337 2368 1412 2405 δοθῇ,
1424 2370 1540 2404 περιττὰ
1552 2370 1599 2397 καὶ
1615 2370 1718 2406 ἄκαιρα
1735 2372 1824 2399 πάντα
1838 2374 1872 2399 τὰ

1083 2412 1130 2440 τοῦ
1147 2413 1241 2448 νόμου,
1255 2414 1286 2440 τό
1301 2422 1330 2440 τε
1346 2415 1481 2442 σάὃόατον
1497 2417 1545 2443 καὶ
1562 2417 1591 2442 αῑ
1609 2417 1744 2444 θεόδεκτοι
1769 2417 1872 2451 θυσίαι,

1080 2459 1158 2486 ἀτινα
1176 2459 1302 2495 ’Δὸραὰμ
1317 2460 1368 2488 οὐκ
1379 2461 1448 2496 ᾔδει,
1460 2462 1530 2497 ὅπερ
1544 2462 1686 2490 ἀδύνατον.
1701 2463 1779 2490 Μετά
1790 2464 1873 2491 Muri:-

1081 2503 1140 2537 σέα,
1157 2504 1202 2531 ἵνα
1229 2505 1450 2540 καταχρήσωμαι
1467 2505 1506 2542 τῷ
1523 2507 1572 2541 τῆς
1597 2507 1798 2542 ἀποκαλύψεως
1813 2508 1872 2535 όνό-

1082 2558 1157 2584 ματι,
1171 2550 1224 2582 ἕως
1235 2550 1268 2577 ἂν
1284 2552 1300 2586 ἡ
1321 2550 1435 2584 ἔκϐασις
1449 2552 1480 2578 τὸ
1493 2553 1547 2579 πᾶν
1563 2552 1683 2588 δηλώσῃ,
1696 2554 1872 2589 ἀπεκάλυψεν

1081 2596 1095 2621 ό
1107 2595 1173 2627 Θεὸς
1182 2595 1228 2622 διὰ
1248 2595 1335 2630 Ἰησοῦ
1352 2597 1471 2632 Χριστοῦ
1485 2598 1541 2630 τοῖς
1558 2598 1724 2634 ἀνθρώποις,
1745 2599 1785 2626 ὅτι
1799 2599 1872 2627 ἔστιν

1084 2639 1176 2670 αὐτοῖς
1185 2639 1311 2676 προκοπὴ
1322 2641 1435 2676 ἀληθινὴ
1441 2642 1497 2673 τοῖς
1507 2642 1662 2669 πιστεύουσι
1676 2644 1750 2677 παρὰ
1757 2644 1870 2679 Κυρίουσ

1085 2685 1132 2712 καὶ
1146 2684 1223 2720 ἔσχεν
1238 2686 1251 2713 ὸ
1261 2685 1340 2721 λόγος
1352 2686 1381 2714 τὸ
1395 2687 1474 2723 ἔργον
1487 2687 1575 2723 πέρας
1587 2696 1594 2704 '
1611 2688 1629 2723 ἦ
1644 2697 1674 2715 τε
1688 2689 1741 2725 γὰρ
1755 2689 1870 2724 θεογνω-

1124 2861 1163 2896 (5)
1176 2860 1238 2890 Sui.
1254 2860 1289 2895 χ,
1305 2861 1331 2889 5.
