2083 3155
212 179 265 213 753

794 183 1008 215 REFUTATIO
1028 184 1264 215 MOHAMEDIS.

1781 186 1833 219 754

210 237 256 264 σία
280 236 447 272 τρανοτέρα,
465 237 512 264 καὶ
537 237 554 273 ἡ
581 237 703 265 πολιτεία
730 238 913 275 ἀκριϐεστέρα
930 239 996 266 καθ-

1047 239 1120 274 quod
1151 240 1272 274 antiquis
1288 238 1391 266 dictum
1407 238 1467 272 fuit,
1490 238 1532 267 Ne
1555 240 1682 269 occidam
1697 242 1738 277 ²⁶;
1755 244 1833 272 nobis

209 283 327 318 έστηκε·
344 283 390 309 καὶ
404 283 483 317 δῆλον
493 284 523 310 ἐν
548 283 587 318 τῷ
608 284 723 316 ἐκείνοις
740 285 789 319 μὲν
804 285 941 319 λέγεσθαι,
958 285 995 320 μὴ

207 328 356 362 φονεῦσαι
369 336 376 343 ⁸
393 329 458 363 ἡμῖν
472 328 510 361 δὲ,
523 329 566 362 μὴ
582 328 768 364 ὀργισθῆναι.

243 373 289 406 Es'.
313 374 389 400 Ἐπεὶ
405 374 451 401 οὖν
478 375 604 410 προκοπὴ
621 375 734 410 ἀληθινὴ
760 375 919 410 καθορᾶται,
949 376 996 403 ἐπὶ

210 421 258 455 μὲν
279 420 404 456 Ἀϐραὰμ
419 421 472 447 ἀπὸ
493 420 548 447 τῶν
569 420 687 447 εἰδώλων
705 421 842 455 ἀγνωσίας
864 421 931 447 Θεοῦ
949 422 995 448 ἐπὶ

207 466 283 501 Θεῷ·
302 466 350 492 καὶ
377 466 483 500 μάρτυς
498 467 512 492 ὁ
531 465 588 501 βίος
611 466 694 494 αὐτοῦ
707 475 714 483 ·
732 467 786 493 ἀπὸ
809 467 935 502 ’Δὸραὰμ
949 467 996 494 ἐπὶ

205 513 252 539 τὸν
266 513 348 547 νόμον
365 512 492 548 προκοπὴ
509 512 621 548 ἀληθινή
635 521 642 529 ι
662 513 708 539 καὶ
736 514 898 548 μαρτυρεῖὴ
914 513 995 540 εὐτα-

207 558 251 591 ξία
263 560 312 593 τῆς
326 558 487 593 νομοθεσίας
499 567 506 574 ’
520 559 574 585 ἀπὸ
599 558 628 585 δὲ
645 558 692 585 τοῦ
709 559 791 594 νόμου
809 560 855 586 ἐπὶ
868 559 914 587 τὸν
938 559 995 587 Κύ-

206 613 265 640 ριον
279 604 358 639 ἡμῶν
383 604 487 639 Ἰησοῦν
514 604 633 640 Χριστὸν
648 605 774 640 προκοπὴ
789 605 906 641 ἀληθινή
921 613 928 620 ⁸
947 606 994 633 καὶ

207 648 342 683 μαρτυρεῖ
359 648 389 674 τὸ
415 648 529 682 ἀκριϐὲς
552 650 602 684 τῆς
625 648 805 684 εὖαγγελικῆς
839 650 992 682 πολιτείας·

204 694 254 720 οὐκ
269 693 326 720 ἐστι
351 693 426 727 ξένον
448 695 505 724 τοῖς
533 694 696 730 ἀνθρώποις,
711 695 753 722 δτι
779 695 953 730 ἀπεκάλυψεν
980 697 994 723 ὁ

204 739 270 771 Θεὸς
283 739 352 775 πρὸς
370 739 513 774 ἄνθρωπον
529 740 560 773 ἐξ
587 740 677 767 αὐτῶν
695 740 742 767 τοῦ
755 741 994 776 διαμαρτύρασθαι

204 785 252 811 καὶ
273 784 501 818 εὐαγγελίσασθαι
527 786 583 816 τοῖς
598 785 770 812 πιστεύουσιν
796 786 837 812 ὅτι
852 786 909 812 ἐστι
927 794 994 821 προ-

204 830 276 866 κοπὴ
290 830 414 866 ἀληθινή.
433 830 554 865 Εἴδωμεν
570 830 661 857 λοιπὸν
672 832 696 857 εἰ
705 832 751 858 καὶ
762 832 808 858 ἐπὶ
819 832 865 858 τοῦ
871 832 994 867 Μωάμετ

203 876 283 902 τοῦτο
297 877 408 910 γεγονὸς
423 876 538 912 εὕρηται
547 885 553 892 ·
567 877 641 903 δοκεῖ
655 877 709 912 γὰρ
727 877 871 912 σεμνύνειν
884 878 931 904 καὶ
943 878 993 913 τὴν

210 921 336 957 Ἀϐραὰμ
350 921 452 952 πίστιν,
466 922 512 948 καὶ
527 922 572 948 τὺν
585 922 678 957 νόμον,
698 923 746 949 καὶ⁵
767 923 797 949 τὸ
813 924 991 958 Εὑαγγέλιον·

204 968 252 993 καὶ
263 967 309 993 τὸν
324 967 372 1002 μὲν
393 967 518 1002 Ἀϐραὰμ
531 968 578 994 καὶ
593 968 638 995 τὺν
651 968 744 1003 νόμον,
760 968 840 1000 αὐτὸς
857 969 907 995 οὐχ
921 969 994 1004 ὀφεί-

203 1012 244 1039 λει
260 1012 445 1048 παραυξῆσαι,
465 1013 495 1039 τὸ
520 1013 612 1048 μέντοι
628 1013 793 1048 Εὑαγγέλιον
815 1014 845 1046 ἐξ
860 1015 993 1050 ἀνάγκης.

209 1057 438 1093 Ἐπισχεψώμεθα
453 1056 500 1085 οῦν
520 1059 582 1085 τινα
593 1059 647 1085 τῶν
674 1059 789 1086 ἐντολῶν
804 1060 851 1086 τοῦ
874 1059 994 1095 Χριστοῦ

204 1103 357 1138 ἐπηύξησεν
367 1113 375 1120 ·
394 1102 449 1139 ἆρά
464 1113 497 1138 γε
511 1104 547 1131 τὰ
559 1105 624 1140 περὶ
646 1105 696 1140 τῆς
710 1105 921 1141 ἀκτημοσύνης;
940 1104 996 1142 ἆρά

203 1158 236 1184 γε
251 1150 285 1176 τὰ
301 1151 366 1186 mp}.
381 1150 576 1186 σωφροσύνης;
590 1149 645 1186 ἆρά
657 1160 688 1185 γε
702 1151 736 1178 τὰ
747 1151 811 1187 περὶ
828 1152 993 1187 ἀοργησίας;

204 1195 261 1222 ἀλλ’
271 1197 347 1223 οὐδὲν
361 1197 462 1224 τούτων
478 1197 544 1233 παρ’
558 1197 640 1224 αὑτοῦ
652 1197 802 1233 καθορᾶται
813 1204 821 1212 '
835 1198 934 1233 μᾶλλον
946 1198 996 1233 μὲν

204 1240 251 1269 οὖν
277 1243 324 1270 καὶ
350 1243 500 1270 ἀπεναντία
524 1243 629 1275 τούτοις
658 1245 739 1270 πᾶσιν
768 1243 872 1279 ἔγραψέ
895 1253 925 1270 τε
948 1244 996 1271 καὶ⁸

205 1288 300 1324 ἔδρασε
309 1296 318 1305 ο
331 1288 453 1316 λείπεται
468 1289 522 1324 ἄρα
537 1290 637 1315 ἐννοεῖν
651 1288 681 1321 ἐξ
695 1289 817 1325 ἀνάγκης
829 1289 867 1325 μὴ
881 1290 913 1317 ἐκ
927 1289 995 1316 Θεοῦ

205 1334 286 1361 αὑτὸν
307 1333 552 1370 ἀποκαλυφθῆναι·
582 1335 599 1369 ἢ
615 1334 653 1366 ὡς
679 1335 716 1370 μὴ
739 1335 997 1370 διαμαρτυράμενον

205 1380 262 1410 τοῖς
287 1379 459 1415 ἀνθρώποις,
489 1379 557 1415 μηδέ
586 1379 838 1415 εὐαγγελισάμενον
866 1382 921 1412 τοῖς
951 1390 997 1407 πι-

206 1425 330 1452 στεύουσι
343 1427 484 1461 προκοπὴν
500 1425 641 1461 ἀληθινὴν,
655 1426 712 1452 ἀλλ’
728 1426 911 1462 ἀναστροφὴν,
933 1427 998 1461 μᾶλ-

204 1471 250 1498 λον
261 1471 290 1498 δὲ
309 1471 502 1507 καταστροφὴν
517 1472 565 1499 καὶ
589 1471 744 1499 ἀπώλειανο
772 1472 827 1499 ἰδοὺ
851 1473 883 1507 δὴ
898 1472 944 1499 τὸν
957 1473 997 1499 ol-

204 1518 279 1545 κεῖον
295 1517 379 1545 αὐτοῦ
403 1517 492 1552 λόγον,
519 1517 650 1553 γνώμονα
670 1518 718 1545 καὶ
741 1518 842 1545 κανόνα
857 1518 996 1551 λαὸδντες,

204 1563 239 1590 δι’
267 1563 350 1590 αὑτοῦ
376 1563 457 1590 αὐτὸν
484 1563 679 1598 ἀπηλέγξαμεν
706 1563 744 1598 μὴ
771 1563 1034 1603 ἀποκαλυφθέντας

205 1609 282 1644 παρὰ
298 1608 366 1636 Θεοῦ
377 1616 384 1624 ³
398 1609 457 1636 ἀλλ’
470 1609 509 1641 ὡς
521 1610 601 1641 αὐτὸς
613 1609 663 1644 μὲν
675 1609 740 1645 ἔφη,
755 1611 902 1646 φαρμακὸς
916 1611 996 1644 ἔστω,

205 1653 230 1680 εἰ
247 1653 369 1689 βούλοιτο
382 1661 389 1669 ·
406 1653 477 1689 πλήν
492 1663 524 1688 γε
550 1654 642 1681 θεόθεν
656 1654 732 1681 οὐδὲν
744 1654 824 1681 ἔλαϐε
838 1663 845 1669 ·
858 1655 955 1682 τούτου
969 1656 998 1682 δὲ

204 1698 340 1732 ἐκπεσὼν,
353 1699 415 1726 ὅποι
428 1699 460 1735 δὴ
488 1699 535 1726 καὶ
562 1699 715 1732 τετάξεται,
740 1700 792 1726 οὐκ
806 1700 923 1736 ἀδηλον-
951 1701 998 1728 καὶ

205 1743 350 1779 ἀληθεύσει
369 1745 384 1771 ὁ
398 1744 529 1780 είρηκὼς,
551 1745 721 1772 Πεσοῦνται
734 1745 768 1772 ἐν
781 1745 998 1781 ἀμφιϐλήστρφ

205 1789 306 1816 αὐτῶν
327 1790 354 1817 al
368 1790 552 1824 ἁμαρτωλοί·
577 1790 683 1818 τούτων
710 1790 792 1818 αὐτοῦ
806 1791 860 1818 τῶν
877 1792 998 1826 ἀφαυρο-

204 1835 295 1862 τάτων
309 1835 419 1870 λογίων,
436 1835 476 1862 ἐτι
492 1834 644 1871 σαθρότερα
662 1835 787 1870 ῥησείδια
802 1835 996 1870 ὑποτιθέμενα,

205 1881 250 1908 διὰ
263 1881 313 1917 τὴν
327 1881 446 1916 παντελῆ
474 1880 611 1916 χαύνωσιν
637 1881 684 1907 καὶ
706 1881 861 1917 ἀδράνειαν,
887 1880 998 1915 εὔλογον

206 1927 330 1964 παριδεῖν
344 1927 494 1963 ἐκρίναμεν
506 1935 513 1942 ⁸
527 1927 636 1962 φύσεως
656 1927 705 1962 μὲν
721 1927 775 1962 γὰρ
794 1927 832 1962 τῷ
850 1927 907 1954 ὄντι
918 1935 998 1962 πονη-

208 1974 258 2008 ρᾶς
271 1974 319 2000 καὶ
339 1973 502 2006 πολυλάλου,
520 1974 621 2010 μᾶλλον
643 1973 671 2000 δέ
689 1973 810 2009 φλυάρου
839 1973 888 2000 καὶ
913 1982 998 2008 γραο-

206 2018 329 2053 πρεποῦς
357 2018 506 2054 ἐτύγχανεν
517 2026 524 2033 '
549 2019 589 2045 ἐτι
608 2017 637 2045 δὲ
653 2019 700 2046 καὶ
714 2018 806 2053 δειλῆς
826 2018 874 2045 καὶ
888 2019 997 2054 ὀργίλου

206 2065 255 2091 ’καὶ
269 2063 386 2092 ὑπούλου
400 2065 447 2092 καὶ
475 2064 700 2101 μεγαλορήμονος
712 2072 719 2080 ·
743 2064 791 2091 καὶ
807 2064 857 2091 οὐκ
881 2062 929 2091 οἶδ’
943 2065 957 2092 ὃ
970 2073 998 2092 τι

206 2110 294 2136 κακὸν
318 2110 426 2137 ἐνέλιπε
451 2110 491 2146 τῷ
516 2110 632 2147 διαϐόλῳ
652 2111 721 2145 ὅπερ
739 2110 813 2146 αύτῷ
827 2110 857 2137 ού
873 2111 994 2146 προσῆν·

207 2154 290 2189 ὀρθῆς
302 2155 332 2182 δὲ
344 2155 461 2191 κρίσεως
480 2155 528 2182 καὶ⁵
544 2155 662 2187 διανοίας
677 2155 807 2190 εύστόχου
824 2155 998 2182 παντάπασιν

207 2201 320 2236 ἄμοιρος
331 2201 414 2228 αὑτοῦ
429 2202 444 2227 ὸ
458 2202 512 2233 πᾶς
522 2200 601 2235 λόγος
612 2200 742 2235 τυγχάνει
755 2208 762 2216 ·
776 2200 816 2227 διὸ
831 2201 914 2228 αὑτὸν
926 2209 997 2236 παρ-

1048 290 1149 319 autem,
1166 286 1205 314 Ne
1217 286 1371 313 irascamini
1386 286 1420 313 ²¹.

1082 374 1127 402 65.
1149 374 1249 402 Verum
1269 382 1334 409 ergo
1351 374 1550 402 incrementum
1574 375 1764 410 conspicitur;
1783 377 1835 405 sub

1047 418 1205 447 Abrahamo
1219 420 1328 454 quidem
1350 419 1385 447 ad
1411 419 1584 447 idololatrica
1598 421 1707 448 inscitia
1727 421 1784 455 Dei,
1802 423 1836 450 ad

1047 462 1132 490 Deum
1149 464 1257 498 ipsum;
1274 464 1354 498 cujus
1367 463 1404 491 rei
1415 464 1493 491 testis
1509 464 1563 491 vita
1578 464 1675 498 ipsius.
1692 465 1733 492 Ab
1749 466 1837 493 Abra-

1047 509 1129 536 hamo
1148 509 1182 536 ad
1205 509 1291 544 legem
1322 509 1521 537 incrementum
1549 517 1655 543 verum,
1675 518 1758 545 quam
1778 519 1836 539 rem

1047 551 1162 581 testatur
1174 554 1354 590 legislationis
1365 560 1439 582 recta
1456 555 1603 582 ordinatio.
1612 555 1635 582 Α
1648 555 1707 591 lege
1717 556 1836 591 denique

1046 599 1079 626 ad
1094 599 1238 627 Dominum
1270 604 1393 628 nostrum
1410 599 1504 628 Iesum
1521 599 1660 628 Christum
1682 601 1836 629 incremen-

1047 649 1103 672 tum
1119 653 1223 679 verum,
1237 650 1320 681 prout
1333 646 1542 674 demonstratur
1556 654 1571 674 a
1583 646 1704 682 perfecto
1720 655 1838 683 evange-

1046 690 1105 718 licze
1136 691 1198 719 vitae
1225 698 1333 726 genere.
1359 691 1418 720 Non
1444 697 1487 720 est
1501 699 1565 727 ergo
1580 700 1681 720 novum
1697 692 1768 720 inter
1787 693 1836 720 ho-

1045 736 1144 769 mines,
1161 737 1234 772 quod
1248 736 1320 765 Deus
1339 737 1440 765 revelet
1453 737 1534 765 alicui
1550 745 1583 765 ex
1600 745 1695 765 eorum
1709 745 1835 772 numero,

1045 786 1076 810 ut
1095 788 1213 810 testetur
1242 788 1324 818 atque
1347 783 1517 819 evangelizet
1542 784 1716 812 credentibus
1741 791 1837 812 verum

1046 828 1103 856 ﬁeri
1115 828 1323 856 incrementum.
1341 828 1471 864 Superest
1483 829 1664 857 utvideamus
1678 835 1769 857 utrum
1784 830 1837 858 sub

1046 873 1207 901 Mohamede
1235 874 1262 901 id
1288 874 1436 910 contigisse
1461 874 1658 909 comperiatur.
1690 874 1797 903 Etenim
1815 876 1838 903 is

1045 920 1170 947 venerari
1194 919 1302 948 videtur
1330 920 1480 948 Abrahami
1510 921 1600 954 ﬁdem,
1626 925 1654 949 et
1681 920 1780 956 legem,
1808 926 1838 950 et

1044 964 1231 1001 Evangelium.
1246 965 1279 993 Et
1301 965 1488 993 Abrahamum
1504 965 1616 1000 quidem
1639 969 1724 1001 atque
1750 966 1838 1002 legem

1045 1010 1070 1038 is
1087 1017 1141 1037 non
1153 1010 1234 1038 debet
1248 1017 1368 1045 augere;
1385 1011 1546 1038 necessarie
1558 1018 1623 1038 vero
1648 1010 1836 1045 Evangelium.

1046 1054 1207 1090 Spectemus
1234 1055 1338 1091 itaque,
1365 1055 1503 1090 quodnam
1521 1056 1555 1083 de
1579 1055 1681 1084 Christi
1700 1056 1838 1084 mandatis

1045 1101 1167 1134 auxerit;
1185 1109 1250 1128 num
1280 1101 1346 1129 illud
1363 1102 1397 1129 de
1419 1109 1474 1129 non
1496 1101 1682 1137 possidendo?
1709 1109 1775 1129 num
1805 1102 1841 1130 de

1045 1147 1202 1182 pudicitia?
1222 1155 1288 1174 num
1304 1147 1339 1175 de
1353 1147 1590 1175 mansuetudine?
1602 1147 1686 1180 Atqui
1701 1147 1770 1174 nihil
1785 1148 1838 1175 ho-

1045 1201 1108 1220 rum
1136 1193 1207 1228 apud
1227 1193 1416 1221 Mohamedem
1440 1193 1629 1228 conspicitur;
1657 1193 1713 1220 imo
1746 1193 1841 1221 omnia

1048 1240 1092 1268 his
1107 1240 1245 1268 contraria
1273 1240 1385 1275 scripsit
1399 1239 1520 1275 egitque.
1538 1239 1685 1275 Reliquum
1708 1246 1773 1274 ergo
1784 1243 1838 1272 est,

1047 1289 1077 1313 ut
1092 1285 1246 1313 necessario
1263 1290 1392 1320 putemus
1407 1285 1476 1312 nihil
1499 1293 1514 1312 a
1531 1285 1587 1313 Deo
1603 1284 1655 1320 ipsi
1667 1285 1837 1318 revelatum;

1048 1330 1096 1357 sed
1115 1337 1203 1365 neque
1231 1329 1391 1358 hominibus
1409 1330 1561 1365 quidquam
1579 1333 1720 1363 testatum,
1748 1337 1838 1365 neque

1047 1382 1143 1402 verum
1163 1375 1363 1403 incrementum
1375 1375 1550 1403 credentibus
1564 1375 1775 1410 evangelilasse,
1790 1375 1838 1403 sed

1048 1421 1254 1448 decrementum
1273 1421 1366 1455 potius
1383 1425 1411 1448 et
1436 1420 1644 1449 subversionem
1669 1425 1752 1455 atque
1776 1420 1837 1448 exi-

1049 1465 1130 1495 tium.
1145 1467 1215 1494 Ecce
1243 1466 1316 1494 enim
1333 1466 1445 1502 propria
1465 1467 1539 1495 illius
1554 1467 1637 1495 verba
1653 1474 1703 1494 ceu
1725 1474 1839 1502 gnomo-

1050 1519 1112 1538 nem
1141 1512 1318 1547 regulamque
1341 1513 1441 1544 secuti,
1469 1512 1558 1548 ipsum
1587 1519 1635 1547 per
1662 1513 1839 1548 semetipsum

1050 1558 1229 1591 convicimus,
1245 1559 1347 1586 nullam
1361 1566 1377 1586 a
1392 1559 1448 1587 Deo
1475 1558 1670 1587 revelationem
1687 1559 1837 1594 accepisse.

1051 1604 1115 1637 Sed,
1131 1609 1161 1632 ut
1178 1605 1294 1639 ipsemet
1309 1605 1390 1638 dixit,
1406 1609 1466 1633 esto
1481 1605 1585 1640 utique,
1605 1605 1628 1632 si
1644 1605 1714 1637 vult,
1729 1612 1839 1640 magus,

1050 1651 1098 1679 sed
1128 1656 1202 1680 certe
1228 1651 1354 1679 divinum
1383 1651 1451 1679 nihil
1471 1651 1586 1686 accepit.
1617 1651 1660 1678 Ab
1676 1651 1729 1679 hoc
1750 1651 1837 1686 gradu

1049 1697 1185 1731 deiectus,
1199 1697 1312 1726 ubinam
1328 1698 1365 1726 sit
1380 1697 1567 1732 reponendus,
1583 1701 1678 1732 patet:
1700 1703 1842 1732 veraxque
1882 1692 1891 1698 ’

1048 1743 1102 1771 erit
1130 1744 1175 1771 ille
1203 1744 1251 1779 qui
1278 1743 1370 1772 dixit:
1389 1742 1512 1771 Incident
1536 1744 1564 1770 in
1583 1743 1743 1770 retiaculum
1763 1751 1841 1770 suum

1048 1793 1198 1824 peccatores
1214 1789 1249 1816 ".
1279 1787 1328 1817 His
1357 1787 1555 1816 inﬁrmissimis
1582 1787 1643 1823 ejus
1667 1788 1842 1816 sermonibus

1048 1834 1227 1863 marcidiores
1254 1834 1345 1862 adhuc
1371 1833 1555 1862 dlctiunculas
1588 1834 1623 1861 ab
1660 1841 1694 1861 eo
1724 1833 1841 1868 subjun-

1048 1886 1116 1913 ctas,
1134 1885 1245 1916 propter
1266 1879 1425 1908 [utilitatem
1450 1879 1571 1914 ipsarum
1599 1883 1628 1908 et
1651 1879 1840 1911 inutilitatem,

1048 1926 1148 1954 merito
1187 1933 1204 1954 a
1237 1933 1282 1954 me
1314 1926 1479 1954 omittendas
1511 1925 1644 1961 iudicavi.
1676 1924 1739 1952 Fuit
1767 1925 1840 1952 enim

1048 1972 1222 2001 Mohamedes
1245 1972 1337 2001 indole
1360 1980 1454 2008 prava.
1479 1972 1606 2007 loquaee,
1631 1970 1674 1998 vel
1690 1970 1780 2005 potius
1794 1977 1841 1997 ve-

1049 2018 1168 2046 tularum
1199 2025 1276 2046 more
1300 2025 1417 2054 nugace;
1441 2017 1619 2045 formidolosa
1643 2017 1766 2052 insuper,
1785 2015 1841 2043 ira-

1048 2063 1149 2096 cunda,
1190 2063 1332 2098 suspicace
1369 2066 1396 2090 et
1449 2066 1594 2097 arrogante
1619 2070 1627 2089 :
1652 2065 1734 2096 atque
1765 2061 1839 2088 haud

1049 2109 1107 2137 scio
1120 2116 1156 2136 an
1184 2109 1250 2145 quid
1272 2108 1349 2144 pravi
1367 2107 1479 2136 diabolo
1493 2107 1572 2140 resit,
1595 2115 1649 2142 quo
1665 2106 1840 2134 Mohamedes

1048 2154 1176 2182 caruerit.
1207 2154 1294 2182 Recto
1324 2158 1414 2182 autem
1436 2153 1541 2189 judicio
1573 2160 1605 2180 ac
1634 2151 1727 2180 solerti
1751 2157 1840 2180 mente

1049 2200 1140 2228 omnis
1154 2199 1213 2236 eius
1232 2207 1324 2228 sermo
1338 2206 1452 2235 prorsus
1465 2202 1508 2227 est
1529 2205 1637 2233 expers.
1655 2197 1839 2230 Quamobrem

207 2247 311 2282 ήσομεν
337 2248 366 2274 ὲν
378 2246 484 2279 τούτοις
499 2246 696 2282 ἀδολεσχοῦντα
708 2246 860 2274 καταλῦσαι
873 2246 919 2274 τὸν
931 2247 996 2283 φλη-

1053 2245 1142 2280 ipsum
1161 2245 1285 2273 sinemus
1300 2252 1362 2272 cum
1377 2244 1420 2272 his
1433 2242 1781 2280 jocularibusfabulae'suae
1793 2249 1840 2270 co-

208 2301 304 2328 ναφον.

474 2338 694 2366 ΕΛΕΓΚΊΊΚΟΣ
712 2337 741 2366 l'.

245 2384 299 2418 ξς’.
317 2384 347 2411 '(l
359 2383 472 2416 δέκατος
487 2383 571 2419 μῦθος
584 2383 624 2419 τῷ
637 2383 772 2420 Μωάμετ,
791 2384 889 2419 Λόγος
908 2384 998 2419 Χοῦδ,

209 2429 412 2465 ἐπιγέγραπται
425 2428 474 2464 (6),
493 2429 541 2455 καὶ
554 2429 585 2455 τὸ
599 2428 742 2464 προοίμιον
757 2430 919 2465 καυχήσεως
948 2438 997 2457 πε-

210 2475 351 2510 πλήρωται
367 2474 486 2510 κομψῆς,
513 2474 565 2508 ὅτι,
586 2474 681 2510 φησὶν,
715 2473 768 2501 ὑπὸ
796 2474 879 2509 σοφοῦ
901 2475 998 2510 ἀνδρὸς

209 2519 340 2555 ἐσοφίσθη
351 2520 398 2546 καὶ
409 2518 519 2555 ἐστίχθη
533 2518 581 2546 καὶ
594 2518 717 2554 διεκρίθη
734 2526 741 2534 ’
755 2519 824 2551 τέως
842 2519 934 2555 μέντοι
947 2520 997 2555 τῆς

209 2573 247 2591 πα
252 2565 285 2600 ρὰ
291 2563 442 2600 ἀνθρώπων
450 2563 575 2599 γνώσεως
583 2564 677 2599 ἐπιδεῆ
685 2563 811 2599 ὁμολογεῖ
818 2564 867 2600 τὴν
874 2563 921 2591 τοῦ
929 2564 997 2592 Θεοῦ

210 2610 292 2637 αὑτοῦ
308 2610 423 2646 Γραφήν
439 2617 446 2624 ·
461 2610 576 2645 ἄρχεται
591 2609 620 2636 δὲ
638 2608 719 2636 πάλιν
727 2609 927 2646 καταπλήττειν
936 2610 1000 2642 τοὺς

211 2654 382 2690 βαρϐάρους,
398 2654 440 2681 ὅτι
456 2654 489 2689 δὴ
499 2653 567 2681 Θεοῦ
583 2655 653 2681 εἰσιν
667 2653 825 2689 νομοθεσίαι
839 2655 874 2682 τὰ
887 2655 1000 2682 τοιαῦτα

211 2700 339 2735 παίγνια·
356 2700 404 2727 καὶ
417 2699 566 2735 καταφοὸεἰ
575 2700 683 2734 αὐτοὺς,
693 2700 717 2727 εί
731 2699 769 2736 μὴ
783 2700 928 2735 πείθοιντο,
944 2701 998 2728 ἀπό

246 2788 271 2805 ’⁸
284 2787 372 2817 Exod.
387 2796 435 2822 xx,
451 2787 493 2817 l5.
531 2788 553 2804 ¹¹
573 2787 669 2817 Matth.
685 2795 712 2823 v,
726 2787 773 2816 22.

249 2876 289 2912 (6)
299 2876 363 2906 Sor.
377 2876 424 2911 X1,
440 2877 469 2912 2,
484 2877 511 2911 4,
526 2877 625 2913 εθνιο,
645 2877 691 2911 42,
706 2876 750 2906 49.

1050 2290 1174 2318 ronidem
1191 2290 1344 2326 imponere.

1305 2333 1528 2363 CONFUTATIO
1547 2333 1583 2361 X.

1085 2381 1131 2409 66.
1146 2381 1256 2410 Decima
1270 2389 1286 2410 a
1298 2381 1459 2409 Mohamede
1470 2380 1562 2408 fabula
1576 2380 1734 2408 inscribitur
1746 2379 1840 2408 Sermo

1050 2428 1144 2456 Chudi.
1160 2429 1326 2457 Prooemium
1340 2427 1447 2464 egregia
1459 2426 1762 2463 gleriationeabundat,
1775 2426 1840 2461 quia

1050 2474 1116 2502 dicit
1135 2474 1207 2502 hunc
1223 2481 1378 2503 sermonem
1395 2482 1410 2502 a
1426 2473 1549 2509 sapiente
1563 2473 1621 2500 viro
1638 2473 1776 2508 sapienter
1784 2473 1842 2499 ela-

1051 2520 1191 2554 boratum,
1208 2520 1428 2556 dispositumque
1441 2519 1563 2555 periodis
1576 2523 1604 2547 et
1613 2519 1784 2548 distinctum.
1800 2518 1842 2545 ln-

1016 2594 1021 2600 _
1052 2568 1132 2594 terim
1159 2575 1225 2595 sane
1238 2567 1358 2595 humana
1372 2567 1470 2602 peritia
1486 2570 1610 2603 egentem
1632 2565 1777 2594 conﬁtetur
1793 2564 1840 2591 Dei

1054 2612 1141 2647 ipsius
1168 2611 1349 2647 Scripturam.
1373 2611 1480 2639 Rursus
1501 2617 1592 2640 autem
1611 2611 1706 2646 incipit
1720 2610 1841 2637 timorem

1052 2656 1178 2685 barbaris
1204 2657 1339 2691 incutere,
1359 2657 1433 2692 quod
1461 2657 1510 2685 Dei
1532 2657 1606 2693 leges
1633 2656 1697 2689 sint,
1717 2655 1775 2682 haec
1792 2660 1840 2680 sua

1058 2702 1165 2731 ludicra
1181 2712 1191 2732 :
1209 2703 1370 2738 territatque
1384 2703 1459 2739 illos,
1485 2703 1539 2732 nisi
1554 2701 1735 2735 crediderint,
1749 2699 1841 2728 futura

863 2790 886 2806 "
896 2788 970 2819 Psal.
985 2797 1046 2824 cu,
1064 2789 1108 2818 10.
