  <div class='ocr_page' id='page_1' title='image "/cluster/home/n/w/nwhite01/storage/ocr_20150623/105/njp.32101077772893/439.png"; bbox 0 0 2083 3155; ppageno 0'>
   <div class='ocr_carea' id='block_1_1' title="bbox 246 179 301 214">
    <p class='ocr_par' dir='ltr' id='par_1_1' title="bbox 246 179 301 214">
     <span class='ocr_line' id='line_1_1' title="bbox 246 179 301 214; baseline -0.018 0"><span class='ocrx_word' id='word_1_1' title='bbox 246 179 301 214; x_wconf 80' lang='grc'><strong>’155</strong></span> 
     </span>
    </p>
   </div>
   <div class='ocr_carea' id='block_1_2' title="bbox 865 174 1845 211">
    <p class='ocr_par' dir='ltr' id='par_1_2' title="bbox 865 174 1845 211">
     <span class='ocr_line' id='line_1_2' title="bbox 865 174 1845 211; baseline 0.006 -6"><span class='ocrx_word' id='word_1_2' title='bbox 865 174 1012 206; x_wconf 78' lang='grc' dir='ltr'><strong>ΝΙΟΕΤίΕ</strong></span> <span class='ocrx_word' id='word_1_3' title='bbox 1028 174 1231 205; x_wconf 71' lang='grc' dir='ltr'><strong>ΒΥΖΛΝΤΙΝΙ</strong></span> <span class='ocrx_word' id='word_1_4' title='bbox 1810 181 1845 211; x_wconf 70' lang='grc'><strong>75</strong></span> 
     </span>
    </p>
   </div>
   <div class='ocr_carea' id='block_1_3' title="bbox 244 231 1022 271">
    <p class='ocr_par' dir='ltr' id='par_1_3' title="bbox 244 231 1022 271">
     <span class='ocr_line' id='line_1_3' title="bbox 244 231 1022 271; baseline -0.005 -8"><span class='ocrx_word' id='word_1_5' title='bbox 244 235 397 271; x_wconf 78' lang='lat' dir='ltr'><strong>punitione,</strong></span> <span class='ocrx_word' id='word_1_6' title='bbox 407 233 472 260; x_wconf 80' lang='lat' dir='ltr'><strong>etiis</strong></span> <span class='ocrx_word' id='word_1_7' title='bbox 482 240 542 267; x_wconf 70' lang='lat' dir='ltr'><strong>qua:</strong></span> <span class='ocrx_word' id='word_1_8' title='bbox 550 236 647 267; x_wconf 57' lang='lat' dir='ltr'><strong>praeter</strong></span> <span class='ocrx_word' id='word_1_9' title='bbox 656 231 885 266; x_wconf 71' lang='lat' dir='ltr'><strong>exspectationem</strong></span> <span class='ocrx_word' id='word_1_10' title='bbox 898 232 1022 259; x_wconf 87' lang='lat' dir='ltr'><strong>accidunt</strong></span> 
     </span>
    </p>
   </div>
   <div class='ocr_carea' id='block_1_4' title="bbox 1075 231 1864 271">
    <p class='ocr_par' dir='ltr' id='par_1_4' title="bbox 1077 231 1864 271">
     <span class='ocr_line' id='line_1_4' title="bbox 1077 231 1864 271; baseline 0.003 -14"><span class='ocrx_word' id='word_1_11' title='bbox 1077 240 1106 258; x_wconf 84' lang='grc' dir='ltr'><strong>τε</strong></span> <span class='ocrx_word' id='word_1_12' title='bbox 1120 233 1169 266; x_wconf 82' lang='grc' dir='ltr'>τῆς</span> <span class='ocrx_word' id='word_1_13' title='bbox 1185 231 1334 267; x_wconf 80' lang='grc' dir='ltr'><strong>μελλούσης</strong></span> <span class='ocrx_word' id='word_1_14' title='bbox 1350 232 1497 267; x_wconf 81' lang='grc' dir='ltr'>κολάσεως,</span> <span class='ocrx_word' id='word_1_15' title='bbox 1517 233 1571 260; x_wconf 80' lang='grc' dir='ltr'><strong>ἀπό</strong></span> <span class='ocrx_word' id='word_1_16' title='bbox 1583 243 1612 262; x_wconf 87' lang='grc' dir='ltr'><strong>τε</strong></span> <span class='ocrx_word' id='word_1_17' title='bbox 1625 236 1679 262; x_wconf 83' lang='grc' dir='ltr'>τῶν</span> <span class='ocrx_word' id='word_1_18' title='bbox 1704 236 1864 271; x_wconf 77' lang='grc' dir='ltr'>συμϐαινόν-</span> 
     </span>
    </p>
   </div>
   <div class='ocr_carea' id='block_1_5' title="bbox 245 275 1026 311">
    <p class='ocr_par' dir='ltr' id='par_1_5' title="bbox 245 275 1026 311">
     <span class='ocr_line' id='line_1_5' title="bbox 245 275 1026 311; baseline -0.005 -4"><span class='ocrx_word' id='word_1_19' title='bbox 245 281 371 307; x_wconf 64' lang='lat' dir='ltr'><strong>humanae</strong></span> <span class='ocrx_word' id='word_1_20' title='bbox 387 279 449 306; x_wconf 64' lang='lat' dir='ltr'><strong>vitae</strong></span> <span class='ocrx_word' id='word_1_21' title='bbox 464 277 608 305; x_wconf 78' lang='lat' dir='ltr'><strong>molestiis.</strong></span> <span class='ocrx_word' id='word_1_22' title='bbox 620 276 687 303; x_wconf 88' lang='lat' dir='ltr'><strong>Nam</strong></span> <span class='ocrx_word' id='word_1_23' title='bbox 703 276 726 304; x_wconf 87' lang='lat' dir='ltr'><strong>si</strong></span> <span class='ocrx_word' id='word_1_24' title='bbox 740 275 816 311; x_wconf 82' lang='lat' dir='ltr'><strong>quid,</strong></span> <span class='ocrx_word' id='word_1_25' title='bbox 835 276 933 311; x_wconf 85' lang='lat' dir='ltr'><strong>inquit,</strong></span> <span class='ocrx_word' id='word_1_26' title='bbox 948 276 1026 303; x_wconf 88' lang='lat' dir='ltr'><strong>vobis</strong></span> 
     </span>
    </p>
   </div>
   <div class='ocr_carea' id='block_1_6' title="bbox 244 322 1024 357">
    <p class='ocr_par' dir='ltr' id='par_1_6' title="bbox 244 322 1024 357">
     <span class='ocr_line' id='line_1_6' title="bbox 244 322 1024 357; baseline -0.008 -3"><span class='ocrx_word' id='word_1_27' title='bbox 244 327 350 354; x_wconf 78' lang='lat' dir='ltr'><strong>eveniet</strong></span> <span class='ocrx_word' id='word_1_28' title='bbox 376 329 446 352; x_wconf 87' lang='lat' dir='ltr'><strong>terra</strong></span> <span class='ocrx_word' id='word_1_29' title='bbox 462 324 577 356; x_wconf 83' lang='lat' dir='ltr'><strong>marive,</strong></span> <span class='ocrx_word' id='word_1_30' title='bbox 589 323 614 350; x_wconf 96' lang='lat' dir='ltr'><strong>id</strong></span> <span class='ocrx_word' id='word_1_31' title='bbox 631 322 724 356; x_wconf 91' lang='lat' dir='ltr'><strong>utique</strong></span> <span class='ocrx_word' id='word_1_32' title='bbox 737 327 846 357; x_wconf 83' lang='lat' dir='ltr'><strong>propter</strong></span> <span class='ocrx_word' id='word_1_33' title='bbox 864 327 980 349; x_wconf 80' lang='lat' dir='ltr'><strong>vestram</strong></span> <span class='ocrx_word' id='word_1_34' title='bbox 998 323 1024 348; x_wconf 93' lang='lat' dir='ltr'><strong>in</strong></span> 
     </span>
    </p>
   </div>
   <div class='ocr_carea' id='block_1_7' title="bbox 243 368 1024 404">
    <p class='ocr_par' dir='ltr' id='par_1_7' title="bbox 243 368 1024 404">
     <span class='ocr_line' id='line_1_7' title="bbox 243 368 1024 404; baseline -0.009 -4"><span class='ocrx_word' id='word_1_35' title='bbox 243 372 288 400; x_wconf 81' lang='lat' dir='ltr'><strong>his</strong></span> <span class='ocrx_word' id='word_1_36' title='bbox 311 371 526 399; x_wconf 84' lang='lat' dir='ltr'><strong>incredulitatem</strong></span> <span class='ocrx_word' id='word_1_37' title='bbox 557 368 707 404; x_wconf 87' lang='lat' dir='ltr'><strong>patiemini.</strong></span> <span class='ocrx_word' id='word_1_38' title='bbox 731 368 901 402; x_wconf 88' lang='lat' dir='ltr'><strong>Adducitque</strong></span> <span class='ocrx_word' id='word_1_39' title='bbox 930 373 1024 394; x_wconf 72' lang='lat' dir='ltr'><strong>testem</strong></span> 
     </span>
    </p>
   </div>
   <div class='ocr_carea' id='block_1_8' title="bbox 244 413 1025 452">
    <p class='ocr_par' dir='ltr' id='par_1_8' title="bbox 244 413 1025 452">
     <span class='ocr_line' id='line_1_8' title="bbox 244 413 1025 452; baseline -0.006 -8"><span class='ocrx_word' id='word_1_40' title='bbox 244 417 404 452; x_wconf 79' lang='lat' dir='ltr'><strong>prophetam</strong></span> <span class='ocrx_word' id='word_1_41' title='bbox 420 416 594 450; x_wconf 78' lang='lat' dir='ltr'><strong>legatumque</strong></span> <span class='ocrx_word' id='word_1_42' title='bbox 609 413 674 446; x_wconf 77' lang='lat' dir='ltr'><strong>Noe,</strong></span> <span class='ocrx_word' id='word_1_43' title='bbox 689 413 732 441; x_wconf 92' lang='lat' dir='ltr'><strong>cui</strong></span> <span class='ocrx_word' id='word_1_44' title='bbox 757 421 818 441; x_wconf 87' lang='lat' dir='ltr'><strong>cum</strong></span> <span class='ocrx_word' id='word_1_45' title='bbox 832 421 929 442; x_wconf 80' lang='lat' dir='ltr'><strong>omnes</strong></span> <span class='ocrx_word' id='word_1_46' title='bbox 946 413 1025 440; x_wconf 84' lang='lat' dir='ltr'><strong>tidem</strong></span> 
     </span>
    </p>
   </div>
   <div class='ocr_carea' id='block_1_9' title="bbox 242 458 1026 496">
    <p class='ocr_par' dir='ltr' id='par_1_9' title="bbox 242 458 1026 496">
     <span class='ocr_line' id='line_1_9' title="bbox 242 458 1026 496; baseline -0.005 -8"><span class='ocrx_word' id='word_1_47' title='bbox 242 462 418 496; x_wconf 82' lang='lat' dir='ltr'><strong>denegarem.</strong></span> <span class='ocrx_word' id='word_1_48' title='bbox 435 467 531 487; x_wconf 88' lang='lat' dir='ltr'><strong>onmes</strong></span> <span class='ocrx_word' id='word_1_49' title='bbox 556 459 694 494; x_wconf 88' lang='lat' dir='ltr'><strong>perierunt</strong></span> <span class='ocrx_word' id='word_1_50' title='bbox 711 468 716 485; x_wconf 92' lang='lat'><em>:</em></span> <span class='ocrx_word' id='word_1_51' title='bbox 732 463 758 486; x_wconf 88' lang='lat' dir='ltr'><strong>et</strong></span> <span class='ocrx_word' id='word_1_52' title='bbox 772 459 842 493; x_wconf 90' lang='lat' dir='ltr'><strong>quod</strong></span> <span class='ocrx_word' id='word_1_53' title='bbox 857 466 927 486; x_wconf 91' lang='lat' dir='ltr'><strong>unus</strong></span> <span class='ocrx_word' id='word_1_54' title='bbox 954 458 1026 485; x_wconf 83' lang='lat' dir='ltr'><strong>ﬁlio-</strong></span> 
     </span>
    </p>
   </div>
   <div class='ocr_carea' id='block_1_10' title="bbox 243 503 1026 541">
    <p class='ocr_par' dir='ltr' id='par_1_10' title="bbox 243 503 1026 541">
     <span class='ocr_line' id='line_1_10' title="bbox 243 503 1026 541; baseline -0.005 -7"><span class='ocrx_word' id='word_1_55' title='bbox 243 514 303 534; x_wconf 85' lang='lat' dir='ltr'><strong>rum</strong></span> <span class='ocrx_word' id='word_1_56' title='bbox 321 507 380 541; x_wconf 89' lang='lat' dir='ltr'><strong>ejus</strong></span> <span class='ocrx_word' id='word_1_57' title='bbox 405 505 575 538; x_wconf 87' lang='lat' dir='ltr'><strong>incredulus,</strong></span> <span class='ocrx_word' id='word_1_58' title='bbox 592 505 670 539; x_wconf 83' lang='lat' dir='ltr'><strong>aquis</strong></span> <span class='ocrx_word' id='word_1_59' title='bbox 684 503 830 532; x_wconf 76' lang='lat' dir='ltr'><strong>sntlocatus</strong></span> <span class='ocrx_word' id='word_1_60' title='bbox 850 504 941 535; x_wconf 81' lang='lat' dir='ltr'><strong>fuerit,</strong></span> <span class='ocrx_word' id='word_1_61' title='bbox 960 510 1026 530; x_wconf 87' lang='lat' dir='ltr'><strong>sene</strong></span> 
     </span>
    </p>
   </div>
   <div class='ocr_carea' id='block_1_11' title="bbox 242 547 1024 586">
    <p class='ocr_par' dir='ltr' id='par_1_11' title="bbox 242 547 1024 586">
     <span class='ocr_line' id='line_1_11' title="bbox 242 547 1024 586; baseline -0.006 -7"><span class='ocrx_word' id='word_1_62' title='bbox 242 555 382 586; x_wconf 79' lang='lat' dir='ltr'><strong>spectante</strong></span> <span class='ocrx_word' id='word_1_63' title='bbox 414 559 421 578; x_wconf 88' lang='lat'><strong>:</strong></span> <span class='ocrx_word' id='word_1_64' title='bbox 451 554 478 579; x_wconf 87' lang='lat' dir='ltr'><strong>et</strong></span> <span class='ocrx_word' id='word_1_65' title='bbox 507 550 580 585; x_wconf 92' lang='lat' dir='ltr'><strong>quod</strong></span> <span class='ocrx_word' id='word_1_66' title='bbox 609 557 642 577; x_wconf 84' lang='lat' dir='ltr'><strong>ex</strong></span> <span class='ocrx_word' id='word_1_67' title='bbox 674 555 836 584; x_wconf 85' lang='lat' dir='ltr'><strong>unaquaque</strong></span> <span class='ocrx_word' id='word_1_68' title='bbox 866 547 1024 575; x_wconf 90' lang='lat' dir='ltr'><strong>animalium</strong></span> 
     </span>
    </p>
   </div>
   <div class='ocr_carea' id='block_1_12' title="bbox 243 595 1024 632">
    <p class='ocr_par' dir='ltr' id='par_1_12' title="bbox 243 595 1024 632">
     <span class='ocr_line' id='line_1_12' title="bbox 243 595 1024 632; baseline -0.005 -8"><span class='ocrx_word' id='word_1_69' title='bbox 243 598 333 631; x_wconf 85' lang='lat' dir='ltr'><strong>specie</strong></span> <span class='ocrx_word' id='word_1_70' title='bbox 362 597 433 624; x_wconf 84' lang='lat' dir='ltr'><strong>haud</strong></span> <span class='ocrx_word' id='word_1_71' title='bbox 451 601 554 632; x_wconf 83' lang='lat' dir='ltr'><strong>septem</strong></span> <span class='ocrx_word' id='word_1_72' title='bbox 582 603 613 624; x_wconf 88' lang='lat' dir='ltr'><strong>ac</strong></span> <span class='ocrx_word' id='word_1_73' title='bbox 628 595 682 624; x_wconf 90' lang='lat' dir='ltr'><strong>duo</strong></span> <span class='ocrx_word' id='word_1_74' title='bbox 697 596 786 629; x_wconf 85' lang='lat' dir='ltr'><strong>paria,</strong></span> <span class='ocrx_word' id='word_1_75' title='bbox 799 595 845 622; x_wconf 84' lang='lat' dir='ltr'><strong>sed</strong></span> <span class='ocrx_word' id='word_1_76' title='bbox 862 601 947 622; x_wconf 90' lang='lat' dir='ltr'><strong>unum</strong></span> <span class='ocrx_word' id='word_1_77' title='bbox 962 598 1024 621; x_wconf 84' lang='lat' dir='ltr'><strong>tan-</strong></span> 
     </span>
    </p>
   </div>
   <div class='ocr_carea' id='block_1_13' title="bbox 241 640 1024 678">
    <p class='ocr_par' dir='ltr' id='par_1_13' title="bbox 241 640 1024 678">
     <span class='ocr_line' id='line_1_13' title="bbox 241 640 1024 678; baseline -0.006 -8"><span class='ocrx_word' id='word_1_78' title='bbox 241 643 383 670; x_wconf 89' lang='lat' dir='ltr'><strong>tummodo</strong></span> <span class='ocrx_word' id='word_1_79' title='bbox 408 650 458 678; x_wconf 83' lang='lat' dir='ltr'><strong>par</strong></span> <span class='ocrx_word' id='word_1_80' title='bbox 481 650 574 671; x_wconf 83' lang='lat' dir='ltr'><strong>secum</strong></span> <span class='ocrx_word' id='word_1_81' title='bbox 591 641 726 670; x_wconf 78' lang='lat' dir='ltr'><strong>detulerit.</strong></span> <span class='ocrx_word' id='word_1_82' title='bbox 741 640 876 674; x_wconf 87' lang='lat' dir='ltr'><strong>Additque</strong></span> <span class='ocrx_word' id='word_1_83' title='bbox 895 645 1024 673; x_wconf 90' lang='lat' dir='ltr'><strong>tanquam</strong></span> 
     </span>
    </p>
   </div>
   <div class='ocr_carea' id='block_1_14' title="bbox 242 686 1024 724">
    <p class='ocr_par' dir='ltr' id='par_1_14' title="bbox 242 686 1024 724">
     <span class='ocr_line' id='line_1_14' title="bbox 242 686 1024 724; baseline -0.006 -8"><span class='ocrx_word' id='word_1_84' title='bbox 242 689 334 724; x_wconf 81' lang='lat' dir='ltr'><strong>aliquo</strong></span> <span class='ocrx_word' id='word_1_85' title='bbox 357 689 381 717; x_wconf 88' lang='lat' dir='ltr'><strong>ei</strong></span> <span class='ocrx_word' id='word_1_86' title='bbox 400 689 536 724; x_wconf 88' lang='lat' dir='ltr'><strong>aspirante</strong></span> <span class='ocrx_word' id='word_1_87' title='bbox 552 698 558 716; x_wconf 93' lang='lat'><strong>:</strong></span> <span class='ocrx_word' id='word_1_88' title='bbox 575 687 637 716; x_wconf 58' lang='lat' dir='ltr'><strong>Haec</strong></span> <span class='ocrx_word' id='word_1_89' title='bbox 652 696 686 717; x_wconf 76' lang='lat' dir='ltr'><strong>ex</strong></span> <span class='ocrx_word' id='word_1_90' title='bbox 718 686 840 715; x_wconf 85' lang='lat' dir='ltr'><strong>historiis</strong></span> <span class='ocrx_word' id='word_1_91' title='bbox 855 690 1024 712; x_wconf 87' lang='lat' dir='ltr'><strong>retnotorum</strong></span> 
     </span>
    </p>
   </div>
   <div class='ocr_carea' id='block_1_15' title="bbox 241 732 1024 769">
    <p class='ocr_par' dir='ltr' id='par_1_15' title="bbox 241 732 1024 769">
     <span class='ocr_line' id='line_1_15' title="bbox 241 732 1024 769; baseline -0.006 -6"><span class='ocrx_word' id='word_1_92' title='bbox 241 736 290 763; x_wconf 86' lang='lat' dir='ltr'><strong>tibi</strong></span> <span class='ocrx_word' id='word_1_93' title='bbox 305 741 369 763; x_wconf 85' lang='lat' dir='ltr'><strong>nota</strong></span> <span class='ocrx_word' id='word_1_94' title='bbox 387 735 515 767; x_wconf 81' lang='lat' dir='ltr'><strong>facimus,</strong></span> <span class='ocrx_word' id='word_1_95' title='bbox 531 743 592 768; x_wconf 77' lang='lat' dir='ltr'><strong>quae</strong></span> <span class='ocrx_word' id='word_1_96' title='bbox 617 739 643 761; x_wconf 90' lang='lat' dir='ltr'><strong>tu</strong></span> <span class='ocrx_word' id='word_1_97' title='bbox 663 734 818 769; x_wconf 77' lang='lat' dir='ltr'><strong>ignorabas,</strong></span> <span class='ocrx_word' id='word_1_98' title='bbox 851 732 1024 767; x_wconf 84' lang='lat' dir='ltr'><strong>populusque</strong></span> 
     </span>
    </p>
   </div>
   <div class='ocr_carea' id='block_1_16' title="bbox 241 779 1022 816">
    <p class='ocr_par' dir='ltr' id='par_1_16' title="bbox 241 779 1022 816">
     <span class='ocr_line' id='line_1_16' title="bbox 241 779 1022 816; baseline -0.006 -7"><span class='ocrx_word' id='word_1_99' title='bbox 241 787 304 809; x_wconf 86' lang='lat' dir='ltr'><strong>tuus</strong></span> <span class='ocrx_word' id='word_1_100' title='bbox 318 786 380 809; x_wconf 86' lang='lat' dir='ltr'><strong>ante</strong></span> <span class='ocrx_word' id='word_1_101' title='bbox 394 782 447 810; x_wconf 87' lang='lat' dir='ltr'><strong>hoc</strong></span> <span class='ocrx_word' id='word_1_102' title='bbox 461 785 579 816; x_wconf 87' lang='lat' dir='ltr'><strong>tempus.</strong></span> <span class='ocrx_word' id='word_1_103' title='bbox 609 781 678 808; x_wconf 86' lang='lat' dir='ltr'><strong>Ecce</strong></span> <span class='ocrx_word' id='word_1_104' title='bbox 697 784 786 807; x_wconf 92' lang='lat' dir='ltr'><strong>autem</strong></span> <span class='ocrx_word' id='word_1_105' title='bbox 805 780 863 814; x_wconf 82' lang='lat' dir='ltr'><strong>ipse</strong></span> <span class='ocrx_word' id='word_1_106' title='bbox 875 779 1022 806; x_wconf 83' lang='lat' dir='ltr'><strong>Mosaicam</strong></span> 
     </span>
    </p>
   </div>
   <div class='ocr_carea' id='block_1_17' title="bbox 241 825 1023 863">
    <p class='ocr_par' dir='ltr' id='par_1_17' title="bbox 241 825 1023 863">
     <span class='ocr_line' id='line_1_17' title="bbox 241 825 1023 863; baseline -0.004 -8"><span class='ocrx_word' id='word_1_107' title='bbox 241 827 410 863; x_wconf 87' lang='lat' dir='ltr'><strong>Scripturam</strong></span> <span class='ocrx_word' id='word_1_108' title='bbox 440 835 469 855; x_wconf 92' lang='lat' dir='ltr'><strong>se</strong></span> <span class='ocrx_word' id='word_1_109' title='bbox 485 835 539 854; x_wconf 90' lang='lat' dir='ltr'><strong>non</strong></span> <span class='ocrx_word' id='word_1_110' title='bbox 558 826 657 861; x_wconf 77' lang='lat' dir='ltr'><strong>legisse</strong></span> <span class='ocrx_word' id='word_1_111' title='bbox 670 826 830 858; x_wconf 72' lang='lat' dir='ltr'><strong>conﬁtetur;</strong></span> <span class='ocrx_word' id='word_1_112' title='bbox 847 825 1023 860; x_wconf 83' lang='lat' dir='ltr'><strong>quandoqui-</strong></span> 
     </span>
    </p>
   </div>
   <div class='ocr_carea' id='block_1_18' title="bbox 239 872 1022 906">
    <p class='ocr_par' dir='ltr' id='par_1_18' title="bbox 239 872 1022 906">
     <span class='ocr_line' id='line_1_18' title="bbox 239 872 1022 906; baseline -0.003 -6"><span class='ocrx_word' id='word_1_113' title='bbox 239 874 300 901; x_wconf 74' lang='lat' dir='ltr'><strong>dem</strong></span> <span class='ocrx_word' id='word_1_114' title='bbox 317 874 391 901; x_wconf 86' lang='lat' dir='ltr'><strong>illam</strong></span> <span class='ocrx_word' id='word_1_115' title='bbox 407 873 476 901; x_wconf 81' lang='lat' dir='ltr'><strong>haud</strong></span> <span class='ocrx_word' id='word_1_116' title='bbox 491 878 564 900; x_wconf 88' lang='lat' dir='ltr'><strong>recte</strong></span> <span class='ocrx_word' id='word_1_117' title='bbox 580 873 686 905; x_wconf 85' lang='lat' dir='ltr'><strong>recitat,</strong></span> <span class='ocrx_word' id='word_1_118' title='bbox 699 872 745 900; x_wconf 90' lang='lat' dir='ltr'><strong>sed</strong></span> <span class='ocrx_word' id='word_1_119' title='bbox 761 879 888 906; x_wconf 86' lang='lat' dir='ltr'><strong>perverse</strong></span> <span class='ocrx_word' id='word_1_120' title='bbox 900 872 1022 904; x_wconf 87' lang='lat' dir='ltr'><strong>omnino,</strong></span> 
     </span>
    </p>
   </div>
   <div class='ocr_carea' id='block_1_19' title="bbox 1076 278 1866 317">
    <p class='ocr_par' dir='ltr' id='par_1_19' title="bbox 1076 278 1866 317">
     <span class='ocr_line' id='line_1_19' title="bbox 1076 278 1866 317; baseline 0.009 -14"><span class='ocrx_word' id='word_1_121' title='bbox 1076 287 1130 304; x_wconf 83' lang='grc' dir='ltr'><strong>των</strong></span> <span class='ocrx_word' id='word_1_122' title='bbox 1145 278 1220 313; x_wconf 74' lang='grc' dir='ltr'>παρὰ</span> <span class='ocrx_word' id='word_1_123' title='bbox 1233 278 1396 312; x_wconf 81' lang='grc' dir='ltr'><strong>προσδοκίαν</strong></span> <span class='ocrx_word' id='word_1_124' title='bbox 1414 279 1535 314; x_wconf 83' lang='grc' dir='ltr'><strong>ἀνιαρῶν</strong></span> <span class='ocrx_word' id='word_1_125' title='bbox 1560 281 1615 312; x_wconf 83' lang='grc' dir='ltr'>τοῖς</span> <span class='ocrx_word' id='word_1_126' title='bbox 1642 281 1796 317; x_wconf 81' lang='grc' dir='ltr'>ἀνθρώποις</span> <span class='ocrx_word' id='word_1_127' title='bbox 1810 292 1816 298; x_wconf 92' lang='grc'><strong>·</strong></span> <span class='ocrx_word' id='word_1_128' title='bbox 1839 284 1866 310; x_wconf 87' lang='grc' dir='ltr'>εῐ</span> 
     </span>
    </p>
   </div>
   <div class='ocr_carea' id='block_1_20' title="bbox 1076 323 1862 364">
    <p class='ocr_par' dir='ltr' id='par_1_20' title="bbox 1076 323 1862 364">
     <span class='ocr_line' id='line_1_20' title="bbox 1076 323 1862 364; baseline 0.01 -16"><span class='ocrx_word' id='word_1_129' title='bbox 1076 332 1101 349; x_wconf 85' lang='grc' dir='ltr'><strong>τι</strong></span> <span class='ocrx_word' id='word_1_130' title='bbox 1113 323 1135 349; x_wconf 81' lang='grc' dir='ltr'>δ’</span> <span class='ocrx_word' id='word_1_131' title='bbox 1151 323 1184 349; x_wconf 86' lang='grc' dir='ltr'>ἂν</span> <span class='ocrx_word' id='word_1_132' title='bbox 1198 323 1262 358; x_wconf 82' lang='grc' dir='ltr'>γάρ,</span> <span class='ocrx_word' id='word_1_133' title='bbox 1280 324 1357 358; x_wconf 79' lang='grc' dir='ltr'>φησὶ,</span> <span class='ocrx_word' id='word_1_134' title='bbox 1380 325 1516 361; x_wconf 77' lang='grc' dir='ltr'>συμὸαἰνῃ</span> <span class='ocrx_word' id='word_1_135' title='bbox 1533 326 1608 361; x_wconf 84' lang='grc' dir='ltr'>ὑμῖν,</span> <span class='ocrx_word' id='word_1_136' title='bbox 1626 327 1653 354; x_wconf 85' lang='grc' dir='ltr'>εῐ</span> <span class='ocrx_word' id='word_1_137' title='bbox 1665 336 1694 354; x_wconf 85' lang='grc' dir='ltr'><strong>τε</strong></span> <span class='ocrx_word' id='word_1_138' title='bbox 1707 329 1736 354; x_wconf 74' lang='grc' dir='ltr'>ἐν</span> <span class='ocrx_word' id='word_1_139' title='bbox 1749 330 1784 364; x_wconf 87' lang='grc' dir='ltr'><strong>γῇ</strong></span> <span class='ocrx_word' id='word_1_140' title='bbox 1807 329 1862 356; x_wconf 83' lang='grc' dir='ltr'>εῐτε</span> 
     </span>
    </p>
   </div>
   <div class='ocr_carea' id='block_1_21' title="bbox 1077 368 1861 405">
    <p class='ocr_par' dir='ltr' id='par_1_21' title="bbox 1077 368 1861 405">
     <span class='ocr_line' id='line_1_21' title="bbox 1077 368 1861 405; baseline 0.009 -11"><span class='ocrx_word' id='word_1_141' title='bbox 1077 369 1105 394; x_wconf 76' lang='grc' dir='ltr'>ὲν</span> <span class='ocrx_word' id='word_1_142' title='bbox 1124 368 1256 404; x_wconf 78' lang='grc' dir='ltr'><strong>θαλάσσῃ,</strong></span> <span class='ocrx_word' id='word_1_143' title='bbox 1271 369 1315 395; x_wconf 84' lang='grc' dir='ltr'><strong>διὰ</strong></span> <span class='ocrx_word' id='word_1_144' title='bbox 1328 369 1377 405; x_wconf 83' lang='grc' dir='ltr'><strong>τὴν</strong></span> <span class='ocrx_word' id='word_1_145' title='bbox 1393 370 1456 405; x_wconf 67' lang='grc' dir='ltr'>περὶ</span> <span class='ocrx_word' id='word_1_146' title='bbox 1472 371 1559 398; x_wconf 80' lang='grc' dir='ltr'>ταῦτα</span> <span class='ocrx_word' id='word_1_147' title='bbox 1573 372 1701 400; x_wconf 72' lang='grc' dir='ltr'><strong>ἀπιστίαν</strong></span> <span class='ocrx_word' id='word_1_148' title='bbox 1715 373 1842 400; x_wconf 82' lang='grc' dir='ltr'>πείσεσθε</span> <span class='ocrx_word' id='word_1_149' title='bbox 1854 382 1861 389; x_wconf 88' lang='grc'><strong>·</strong></span> 
     </span>
    </p>
   </div>
   <div class='ocr_carea' id='block_1_22' title="bbox 1077 415 1863 453">
    <p class='ocr_par' dir='ltr' id='par_1_22' title="bbox 1077 415 1863 453">
     <span class='ocr_line' id='line_1_22' title="bbox 1077 415 1863 453; baseline 0.008 -13"><span class='ocrx_word' id='word_1_150' title='bbox 1077 415 1123 441; x_wconf 82' lang='grc' dir='ltr'>καὶ</span> <span class='ocrx_word' id='word_1_151' title='bbox 1138 415 1256 450; x_wconf 78' lang='grc' dir='ltr'><strong>παράγει</strong></span> <span class='ocrx_word' id='word_1_152' title='bbox 1271 415 1310 447; x_wconf 79' lang='grc' dir='ltr'><strong>εἰς</strong></span> <span class='ocrx_word' id='word_1_153' title='bbox 1324 417 1477 451; x_wconf 79' lang='grc' dir='ltr'><strong>μαρτυρίαν</strong></span> <span class='ocrx_word' id='word_1_154' title='bbox 1490 418 1634 453; x_wconf 76' lang='grc' dir='ltr'>προφήτην</span> <span class='ocrx_word' id='word_1_155' title='bbox 1646 419 1692 445; x_wconf 77' lang='grc' dir='ltr'>καὶ</span> <span class='ocrx_word' id='word_1_156' title='bbox 1714 419 1863 446; x_wconf 78' lang='grc' dir='ltr'>ἀπόστολον</span> 
     </span>
    </p>
   </div>
   <div class='ocr_carea' id='block_1_23' title="bbox 1076 461 1862 500">
    <p class='ocr_par' dir='ltr' id='par_1_23' title="bbox 1076 461 1862 500">
     <span class='ocr_line' id='line_1_23' title="bbox 1076 461 1862 500; baseline 0.008 -14"><span class='ocrx_word' id='word_1_157' title='bbox 1076 461 1207 494; x_wconf 78' lang='grc' dir='ltr'>γεγονότα</span> <span class='ocrx_word' id='word_1_158' title='bbox 1220 461 1266 488; x_wconf 76' lang='grc' dir='ltr'>τὸν</span> <span class='ocrx_word' id='word_1_159' title='bbox 1285 461 1364 488; x_wconf 85' lang='grc' dir='ltr'><strong>Νῶε·</strong></span> <span class='ocrx_word' id='word_1_160' title='bbox 1383 462 1432 488; x_wconf 73' lang='grc' dir='ltr'><strong>καὶ</strong></span> <span class='ocrx_word' id='word_1_161' title='bbox 1457 463 1497 489; x_wconf 77' lang='grc' dir='ltr'>ὅτι</span> <span class='ocrx_word' id='word_1_162' title='bbox 1523 463 1633 491; x_wconf 80' lang='grc' dir='ltr'>πάντων</span> <span class='ocrx_word' id='word_1_163' title='bbox 1655 465 1862 500; x_wconf 71' lang='grc' dir='ltr'><strong>ἀρνησαμένων,</strong></span> 
     </span>
    </p>
   </div>
   <div class='ocr_carea' id='block_1_24' title="bbox 1077 506 1862 548">
    <p class='ocr_par' dir='ltr' id='par_1_24' title="bbox 1077 506 1862 548">
     <span class='ocr_line' id='line_1_24' title="bbox 1077 506 1862 548; baseline 0.008 -16"><span class='ocrx_word' id='word_1_164' title='bbox 1077 507 1101 532; x_wconf 82' lang='grc' dir='ltr'>οἱ</span> <span class='ocrx_word' id='word_1_165' title='bbox 1115 507 1214 538; x_wconf 84' lang='grc' dir='ltr'>πάντες</span> <span class='ocrx_word' id='word_1_166' title='bbox 1225 506 1364 534; x_wconf 84' lang='grc' dir='ltr'>ἀπώλοντο</span> <span class='ocrx_word' id='word_1_167' title='bbox 1381 516 1388 523; x_wconf 86' lang='grc'><strong>·</strong></span> <span class='ocrx_word' id='word_1_168' title='bbox 1401 509 1448 535; x_wconf 68' lang='grc' dir='ltr'><strong>καὶ</strong></span> <span class='ocrx_word' id='word_1_169' title='bbox 1463 509 1504 536; x_wconf 78' lang='grc' dir='ltr'>ὅτι</span> <span class='ocrx_word' id='word_1_170' title='bbox 1517 507 1557 542; x_wconf 73' lang='grc' dir='ltr'><strong>εἷς</strong></span> <span class='ocrx_word' id='word_1_171' title='bbox 1573 510 1629 537; x_wconf 84' lang='grc' dir='ltr'><strong>τῶν</strong></span> <span class='ocrx_word' id='word_1_172' title='bbox 1643 511 1724 538; x_wconf 83' lang='grc' dir='ltr'>αὑτοῦ</span> <span class='ocrx_word' id='word_1_173' title='bbox 1740 511 1807 538; x_wconf 82' lang='grc' dir='ltr'>υεῶν</span> <span class='ocrx_word' id='word_1_174' title='bbox 1825 512 1862 548; x_wconf 82' lang='grc' dir='ltr'>μὴ</span> 
     </span>
    </p>
   </div>
   <div class='ocr_carea' id='block_1_25' title="bbox 1077 552 1862 592">
    <p class='ocr_par' dir='ltr' id='par_1_25' title="bbox 1077 552 1862 592">
     <span class='ocr_line' id='line_1_25' title="bbox 1077 552 1862 592; baseline 0.009 -14"><span class='ocrx_word' id='word_1_175' title='bbox 1077 552 1225 584; x_wconf 79' lang='grc' dir='ltr'><strong>πιστεύσας</strong></span> <span class='ocrx_word' id='word_1_176' title='bbox 1237 554 1376 588; x_wconf 81' lang='grc' dir='ltr'><strong>ἀπεπνίγη</strong></span> <span class='ocrx_word' id='word_1_177' title='bbox 1387 554 1503 590; x_wconf 77' lang='grc' dir='ltr'>ὁρῶντος</span> <span class='ocrx_word' id='word_1_178' title='bbox 1513 556 1560 583; x_wconf 78' lang='grc' dir='ltr'><strong>τοῦ</strong></span> <span class='ocrx_word' id='word_1_179' title='bbox 1574 557 1703 592; x_wconf 75' lang='grc' dir='ltr'>γέροντος</span> <span class='ocrx_word' id='word_1_180' title='bbox 1717 565 1724 572; x_wconf 74' lang='grc'><strong>⁸</strong></span> <span class='ocrx_word' id='word_1_181' title='bbox 1743 558 1792 584; x_wconf 71' lang='grc' dir='ltr'><strong>καὶ</strong></span> <span class='ocrx_word' id='word_1_182' title='bbox 1822 558 1862 585; x_wconf 78' lang='grc' dir='ltr'>ὃτι</span> 
     </span>
    </p>
   </div>
   <div class='ocr_carea' id='block_1_26' title="bbox 1076 598 1862 638">
    <p class='ocr_par' dir='ltr' id='par_1_26' title="bbox 1076 598 1862 638">
     <span class='ocr_line' id='line_1_26' title="bbox 1076 598 1862 638; baseline 0.009 -15"><span class='ocrx_word' id='word_1_183' title='bbox 1076 598 1105 630; x_wconf 72' lang='grc' dir='ltr'>ἐξ</span> <span class='ocrx_word' id='word_1_184' title='bbox 1129 598 1244 625; x_wconf 80' lang='grc' dir='ltr'>ἑκάστου</span> <span class='ocrx_word' id='word_1_185' title='bbox 1265 599 1351 631; x_wconf 79' lang='grc' dir='ltr'>είδοος</span> <span class='ocrx_word' id='word_1_186' title='bbox 1380 600 1468 633; x_wconf 76' lang='grc' dir='ltr'>ζώων,</span> <span class='ocrx_word' id='word_1_187' title='bbox 1492 602 1540 637; x_wconf 80' lang='grc' dir='ltr'><strong>οὐχ</strong></span> <span class='ocrx_word' id='word_1_188' title='bbox 1554 602 1624 629; x_wconf 70' lang='grc' dir='ltr'>ἑπτὰ</span> <span class='ocrx_word' id='word_1_189' title='bbox 1637 603 1684 629; x_wconf 79' lang='grc' dir='ltr'>καὶ</span> <span class='ocrx_word' id='word_1_190' title='bbox 1705 602 1752 629; x_wconf 77' lang='grc' dir='ltr'><strong>δύο</strong></span> <span class='ocrx_word' id='word_1_191' title='bbox 1766 602 1862 638; x_wconf 74' lang='grc' dir='ltr'>ζυγὰς,</span> 
     </span>
    </p>
   </div>
   <div class='ocr_carea' id='block_1_27' title="bbox 1076 642 1864 680">
    <p class='ocr_par' dir='ltr' id='par_1_27' title="bbox 1076 642 1864 680">
     <span class='ocr_line' id='line_1_27' title="bbox 1076 642 1864 680; baseline 0.006 -12"><span class='ocrx_word' id='word_1_192' title='bbox 1076 643 1134 669; x_wconf 77' lang='grc' dir='ltr'>ἀλλ’</span> <span class='ocrx_word' id='word_1_193' title='bbox 1151 642 1202 669; x_wconf 82' lang='grc' dir='ltr'><strong>ἀνὰ</strong></span> <span class='ocrx_word' id='word_1_194' title='bbox 1219 643 1282 678; x_wconf 84' lang='grc' dir='ltr'>μίαν</span> <span class='ocrx_word' id='word_1_195' title='bbox 1303 644 1387 678; x_wconf 88' lang='grc' dir='ltr'>μόνην</span> <span class='ocrx_word' id='word_1_196' title='bbox 1410 645 1494 680; x_wconf 79' lang='grc' dir='ltr'>ζυγὴν</span> <span class='ocrx_word' id='word_1_197' title='bbox 1505 647 1564 680; x_wconf 87' lang='grc' dir='ltr'>μετ’</span> <span class='ocrx_word' id='word_1_198' title='bbox 1576 647 1659 674; x_wconf 81' lang='grc' dir='ltr'>αὑτοῦ</span> <span class='ocrx_word' id='word_1_199' title='bbox 1679 647 1759 674; x_wconf 77' lang='grc' dir='ltr'>ἔλαϐε</span> <span class='ocrx_word' id='word_1_200' title='bbox 1775 655 1783 663; x_wconf 85' lang='grc'><strong>·</strong></span> <span class='ocrx_word' id='word_1_201' title='bbox 1816 647 1864 674; x_wconf 76' lang='grc' dir='ltr'>καὶ</span> 
     </span>
    </p>
   </div>
   <div class='ocr_carea' id='block_1_28' title="bbox 1077 687 1865 727">
    <p class='ocr_par' dir='ltr' id='par_1_28' title="bbox 1077 687 1865 727">
     <span class='ocr_line' id='line_1_28' title="bbox 1077 687 1865 727; baseline 0.006 -13"><span class='ocrx_word' id='word_1_202' title='bbox 1077 687 1254 723; x_wconf 84' lang='grc' dir='ltr'>προστίθησιν</span> <span class='ocrx_word' id='word_1_203' title='bbox 1269 689 1306 722; x_wconf 81' lang='grc' dir='ltr'>ὡς</span> <span class='ocrx_word' id='word_1_204' title='bbox 1320 690 1351 716; x_wconf 85' lang='grc' dir='ltr'>ὲκ</span> <span class='ocrx_word' id='word_1_205' title='bbox 1365 690 1412 716; x_wconf 81' lang='grc' dir='ltr'>τοῦ</span> <span class='ocrx_word' id='word_1_206' title='bbox 1430 690 1499 726; x_wconf 75' lang='grc' dir='ltr'>πρὸς</span> <span class='ocrx_word' id='word_1_207' title='bbox 1523 692 1605 719; x_wconf 80' lang='grc' dir='ltr'>αὐτὸν</span> <span class='ocrx_word' id='word_1_208' title='bbox 1628 692 1707 727; x_wconf 84' lang='grc' dir='ltr'>δῆθεν</span> <span class='ocrx_word' id='word_1_209' title='bbox 1734 692 1865 727; x_wconf 76' lang='grc' dir='ltr'>ἐμπνέον-</span> 
     </span>
    </p>
   </div>
   <div class='ocr_carea' id='block_1_29' title="bbox 1075 734 1865 773">
    <p class='ocr_par' dir='ltr' id='par_1_29' title="bbox 1075 734 1865 773">
     <span class='ocr_line' id='line_1_29' title="bbox 1075 734 1865 773; baseline 0.006 -13"><span class='ocrx_word' id='word_1_210' title='bbox 1075 742 1131 765; x_wconf 86' lang='grc' dir='ltr'>τος.</span> <span class='ocrx_word' id='word_1_211' title='bbox 1146 734 1186 761; x_wconf 76' lang='grc' dir='ltr'>ὅτι</span> <span class='ocrx_word' id='word_1_212' title='bbox 1207 734 1255 761; x_wconf 88' lang='grc' dir='ltr'>Ἐκ</span> <span class='ocrx_word' id='word_1_213' title='bbox 1268 735 1322 762; x_wconf 85' lang='grc' dir='ltr'>τῶν</span> <span class='ocrx_word' id='word_1_214' title='bbox 1338 736 1494 771; x_wconf 78' lang='grc' dir='ltr'><strong>ἐξηγήσεων</strong></span> <span class='ocrx_word' id='word_1_215' title='bbox 1505 737 1558 765; x_wconf 80' lang='grc' dir='ltr'><strong>τῶν</strong></span> <span class='ocrx_word' id='word_1_216' title='bbox 1569 738 1692 765; x_wconf 83' lang='grc' dir='ltr'>ἀπόντων</span> <span class='ocrx_word' id='word_1_217' title='bbox 1708 738 1865 773; x_wconf 82' lang='grc' dir='ltr'>δηλοποιοῦ-</span> 
     </span>
    </p>
   </div>
   <div class='ocr_carea' id='block_1_30' title="bbox 1077 780 1864 818">
    <p class='ocr_par' dir='ltr' id='par_1_30' title="bbox 1077 780 1864 818">
     <span class='ocr_line' id='line_1_30' title="bbox 1077 780 1864 818; baseline 0.009 -13"><span class='ocrx_word' id='word_1_218' title='bbox 1077 789 1128 814; x_wconf 86' lang='grc' dir='ltr'><strong>μεν</strong></span> <span class='ocrx_word' id='word_1_219' title='bbox 1142 780 1228 807; x_wconf 78' lang='grc' dir='ltr'>ταῦτα</span> <span class='ocrx_word' id='word_1_220' title='bbox 1241 782 1308 816; x_wconf 77' lang='grc' dir='ltr'>πρὸς</span> <span class='ocrx_word' id='word_1_221' title='bbox 1325 783 1370 809; x_wconf 63' lang='lat' dir='ltr'><strong>oi‘</strong></span> <span class='ocrx_word' id='word_1_222' title='bbox 1383 783 1433 809; x_wconf 86' lang='grc' dir='ltr'>οὐκ</span> <span class='ocrx_word' id='word_1_223' title='bbox 1448 781 1482 818; x_wconf 78' lang='grc' dir='ltr'>ἧς</span> <span class='ocrx_word' id='word_1_224' title='bbox 1498 783 1642 817; x_wconf 76' lang='grc' dir='ltr'>γινώσκων</span> <span class='ocrx_word' id='word_1_225' title='bbox 1656 784 1726 811; x_wconf 80' lang='grc' dir='ltr'>αὺτά</span> <span class='ocrx_word' id='word_1_226' title='bbox 1745 785 1776 811; x_wconf 89' lang='grc' dir='ltr'><strong>σύ</strong></span> <span class='ocrx_word' id='word_1_227' title='bbox 1794 793 1800 800; x_wconf 90' lang='grc'><strong>·</strong></span> <span class='ocrx_word' id='word_1_228' title='bbox 1816 784 1864 811; x_wconf 82' lang='grc' dir='ltr'><strong>οὕ-</strong></span> 
     </span>
    </p>
   </div>
   <div class='ocr_carea' id='block_1_31' title="bbox 1075 826 1864 866">
    <p class='ocr_par' dir='ltr' id='par_1_31' title="bbox 1075 826 1864 866">
     <span class='ocr_line' id='line_1_31' title="bbox 1075 826 1864 866; baseline 0.006 -14"><span class='ocrx_word' id='word_1_229' title='bbox 1075 834 1105 853; x_wconf 77' lang='grc' dir='ltr'><strong>τε</strong></span> <span class='ocrx_word' id='word_1_230' title='bbox 1116 827 1130 853; x_wconf 87' lang='grc' dir='ltr'><strong>ό</strong></span> <span class='ocrx_word' id='word_1_231' title='bbox 1142 826 1205 858; x_wconf 86' lang='grc' dir='ltr'>λαός</span> <span class='ocrx_word' id='word_1_232' title='bbox 1220 836 1266 853; x_wconf 81' lang='grc' dir='ltr'><strong>σου</strong></span> <span class='ocrx_word' id='word_1_233' title='bbox 1279 827 1331 863; x_wconf 79' lang='grc' dir='ltr'>πρὸ</span> <span class='ocrx_word' id='word_1_234' title='bbox 1345 828 1440 855; x_wconf 83' lang='grc' dir='ltr'>τούτου</span> <span class='ocrx_word' id='word_1_235' title='bbox 1452 837 1458 844; x_wconf 86' lang='grc'>·</span> <span class='ocrx_word' id='word_1_236' title='bbox 1477 829 1530 856; x_wconf 80' lang='grc' dir='ltr'>ἰδοὺ</span> <span class='ocrx_word' id='word_1_237' title='bbox 1542 829 1570 856; x_wconf 78' lang='grc' dir='ltr'>δὲ</span> <span class='ocrx_word' id='word_1_238' title='bbox 1586 830 1668 861; x_wconf 81' lang='grc' dir='ltr'>αὐτὸς</span> <span class='ocrx_word' id='word_1_239' title='bbox 1691 830 1757 866; x_wconf 73' lang='grc' dir='ltr'>περὶ</span> <span class='ocrx_word' id='word_1_240' title='bbox 1781 831 1864 858; x_wconf 73' lang='grc' dir='ltr'>αὐτοῦ</span> 
     </span>
    </p>
   </div>
   <div class='ocr_carea' id='block_1_32' title="bbox 1076 871 1865 910">
    <p class='ocr_par' dir='ltr' id='par_1_32' title="bbox 1076 871 1865 910">
     <span class='ocr_line' id='line_1_32' title="bbox 1076 871 1865 910; baseline 0.008 -13"><span class='ocrx_word' id='word_1_241' title='bbox 1076 871 1202 906; x_wconf 76' lang='grc' dir='ltr'>όμολογεῖ</span> <span class='ocrx_word' id='word_1_242' title='bbox 1229 873 1271 899; x_wconf 83' lang='grc' dir='ltr'><strong>ὅτι</strong></span> <span class='ocrx_word' id='word_1_243' title='bbox 1294 873 1344 908; x_wconf 84' lang='grc' dir='ltr'>τὴν</span> <span class='ocrx_word' id='word_1_244' title='bbox 1360 875 1510 910; x_wconf 80' lang='grc' dir='ltr'>Μιυσαῖκὴν</span> <span class='ocrx_word' id='word_1_245' title='bbox 1539 876 1651 910; x_wconf 79' lang='grc' dir='ltr'>Γραφὴν</span> <span class='ocrx_word' id='word_1_246' title='bbox 1670 876 1721 902; x_wconf 83' lang='grc' dir='ltr'>οὐκ</span> <span class='ocrx_word' id='word_1_247' title='bbox 1746 877 1865 910; x_wconf 78' lang='grc' dir='ltr'>ἀνέγνω,</span> 
     </span>
    </p>
   </div>
   <div class='ocr_carea' id='block_1_33' title="bbox 239 916 1022 954">
    <p class='ocr_par' dir='ltr' id='par_1_33' title="bbox 239 917 1022 952">
     <span class='ocr_line' id='line_1_33' title="bbox 239 917 1022 952; baseline -0.004 -5"><span class='ocrx_word' id='word_1_248' title='bbox 239 924 267 947; x_wconf 69' lang='lat' dir='ltr'><strong>et</strong></span> <span class='ocrx_word' id='word_1_249' title='bbox 295 920 348 947; x_wconf 88' lang='lat' dir='ltr'><strong>sibi</strong></span> <span class='ocrx_word' id='word_1_250' title='bbox 381 919 624 947; x_wconf 86' lang='lat' dir='ltr'><strong>contradicentem.</strong></span> <span class='ocrx_word' id='word_1_251' title='bbox 656 918 725 946; x_wconf 90' lang='lat' dir='ltr'><strong>Hinc</strong></span> <span class='ocrx_word' id='word_1_252' title='bbox 755 922 875 950; x_wconf 86' lang='lat' dir='ltr'><strong>constat,</strong></span> <span class='ocrx_word' id='word_1_253' title='bbox 894 926 956 945; x_wconf 84' lang='lat' dir='ltr'><strong>cuin</strong></span> <span class='ocrx_word' id='word_1_254' title='bbox 976 917 1022 952; x_wconf 90' lang='lat' dir='ltr'><strong>qui</strong></span> 
     </span>
    </p>
   </div>
   <div class='ocr_carea' id='block_1_34' title="bbox 1075 916 1865 954">
    <p class='ocr_par' dir='ltr' id='par_1_34' title="bbox 1075 917 1865 954">
     <span class='ocr_line' id='line_1_34' title="bbox 1075 917 1865 954; baseline 0.004 -11"><span class='ocrx_word' id='word_1_255' title='bbox 1075 917 1167 951; x_wconf 78' lang='grc' dir='ltr'>ἐπειδὴ</span> <span class='ocrx_word' id='word_1_256' title='bbox 1181 917 1268 951; x_wconf 81' lang='grc' dir='ltr'>αὐτὴν</span> <span class='ocrx_word' id='word_1_257' title='bbox 1281 918 1312 944; x_wconf 82' lang='grc' dir='ltr'>οὐ</span> <span class='ocrx_word' id='word_1_258' title='bbox 1326 918 1459 953; x_wconf 76' lang='grc' dir='ltr'>προφέρει</span> <span class='ocrx_word' id='word_1_259' title='bbox 1472 919 1571 954; x_wconf 79' lang='grc' dir='ltr'>ὀρθῶς,</span> <span class='ocrx_word' id='word_1_260' title='bbox 1589 920 1658 946; x_wconf 81' lang='grc' dir='ltr'>ἀλλὰ</span> <span class='ocrx_word' id='word_1_261' title='bbox 1687 920 1759 947; x_wconf 83' lang='grc' dir='ltr'>πάνυ</span> <span class='ocrx_word' id='word_1_262' title='bbox 1776 919 1865 946; x_wconf 76' lang='grc' dir='ltr'>ἐνδια-</span> 
     </span>
    </p>
   </div>
   <div class='ocr_carea' id='block_1_35' title="bbox 239 963 1024 998">
    <p class='ocr_par' dir='ltr' id='par_1_35' title="bbox 239 963 1024 998">
     <span class='ocr_line' id='line_1_35' title="bbox 239 963 1024 998; baseline -0.003 -6"><span class='ocrx_word' id='word_1_263' title='bbox 239 965 314 993; x_wconf 74' lang='grc' dir='ltr'><strong>ῘῘῘῖιΙΙ)</strong></span> <span class='ocrx_word' id='word_1_264' title='bbox 329 965 471 993; x_wconf 83' lang='lat' dir='ltr'><strong>historiam</strong></span> <span class='ocrx_word' id='word_1_265' title='bbox 489 965 610 998; x_wconf 78' lang='lat' dir='ltr'><strong>dictavit,</strong></span> <span class='ocrx_word' id='word_1_266' title='bbox 621 965 692 991; x_wconf 91' lang='lat' dir='ltr'><strong>haud</strong></span> <span class='ocrx_word' id='word_1_267' title='bbox 706 972 779 991; x_wconf 91' lang='lat' dir='ltr'><strong>nunc</strong></span> <span class='ocrx_word' id='word_1_268' title='bbox 787 972 847 991; x_wconf 89' lang='lat' dir='ltr'><strong>cum</strong></span> <span class='ocrx_word' id='word_1_269' title='bbox 864 963 1024 991; x_wconf 80' lang='lat' dir='ltr'><strong>Mohamede</strong></span> 
     </span>
    </p>
   </div>
   <div class='ocr_carea' id='block_1_36' title="bbox 239 1009 1023 1046">
    <p class='ocr_par' dir='ltr' id='par_1_36' title="bbox 239 1009 1023 1046">
     <span class='ocr_line' id='line_1_36' title="bbox 239 1009 1023 1046; baseline -0.003 -8"><span class='ocrx_word' id='word_1_270' title='bbox 239 1011 326 1046; x_wconf 88' lang='lat' dir='ltr'><strong>loqui.</strong></span> <span class='ocrx_word' id='word_1_271' title='bbox 355 1010 406 1038; x_wconf 82' lang='lat' dir='ltr'><strong>Sed</strong></span> <span class='ocrx_word' id='word_1_272' title='bbox 437 1011 495 1044; x_wconf 79' lang='lat' dir='ltr'><strong>ejus</strong></span> <span class='ocrx_word' id='word_1_273' title='bbox 519 1011 609 1045; x_wconf 86' lang='lat' dir='ltr'><strong>potius</strong></span> <span class='ocrx_word' id='word_1_274' title='bbox 634 1011 782 1045; x_wconf 64' lang='lat' dir='ltr'><strong>Scripturaa</strong></span> <span class='ocrx_word' id='word_1_275' title='bbox 809 1009 918 1038; x_wconf 76' lang='lat' dir='ltr'><strong>falsatio</strong></span> <span class='ocrx_word' id='word_1_276' title='bbox 934 1009 975 1036; x_wconf 85' lang='lat' dir='ltr'><strong>vel</strong></span> <span class='ocrx_word' id='word_1_277' title='bbox 989 1009 1023 1036; x_wconf 85' lang='lat' dir='ltr'><strong>ab</strong></span> 
     </span>
    </p>
   </div>
   <div class='ocr_carea' id='block_1_37' title="bbox 239 1055 1024 1090">
    <p class='ocr_par' dir='ltr' id='par_1_37' title="bbox 239 1055 1024 1090">
     <span class='ocr_line' id='line_1_37' title="bbox 239 1055 1024 1090; baseline -0.001 -7"><span class='ocrx_word' id='word_1_278' title='bbox 239 1056 349 1084; x_wconf 88' lang='lat' dir='ltr'><strong>homine</strong></span> <span class='ocrx_word' id='word_1_279' title='bbox 374 1056 522 1084; x_wconf 79' lang='lat' dir='ltr'><strong>Maniehreo</strong></span> <span class='ocrx_word' id='word_1_280' title='bbox 546 1061 615 1088; x_wconf 82' lang='lat' dir='ltr'><strong>erat,</strong></span> <span class='ocrx_word' id='word_1_281' title='bbox 633 1056 673 1083; x_wconf 87' lang='lat' dir='ltr'><strong>vel</strong></span> <span class='ocrx_word' id='word_1_282' title='bbox 696 1064 711 1083; x_wconf 93' lang='lat' dir='ltr'><strong>a</strong></span> <span class='ocrx_word' id='word_1_283' title='bbox 738 1056 877 1089; x_wconf 79' lang='lat' dir='ltr'><strong>daemone;</strong></span> <span class='ocrx_word' id='word_1_284' title='bbox 893 1055 933 1083; x_wconf 90' lang='lat' dir='ltr'><strong>vel</strong></span> <span class='ocrx_word' id='word_1_285' title='bbox 967 1055 1024 1090; x_wconf 79' lang='lat' dir='ltr'><strong>ipse</strong></span> 
     </span>
    </p>
   </div>
   <div class='ocr_carea' id='block_1_38' title="bbox 239 1101 1023 1135">
    <p class='ocr_par' dir='ltr' id='par_1_38' title="bbox 239 1101 1023 1135">
     <span class='ocr_line' id='line_1_38' title="bbox 239 1101 1023 1135; baseline -0.003 -6"><span class='ocrx_word' id='word_1_286' title='bbox 239 1101 412 1129; x_wconf 77' lang='lat' dir='ltr'><strong>Mohamedes</strong></span> <span class='ocrx_word' id='word_1_287' title='bbox 429 1101 519 1128; x_wconf 85' lang='lat' dir='ltr'><strong>dedita</strong></span> <span class='ocrx_word' id='word_1_288' title='bbox 538 1109 619 1135; x_wconf 84' lang='lat' dir='ltr'><strong>opera</strong></span> <span class='ocrx_word' id='word_1_289' title='bbox 647 1101 803 1128; x_wconf 82' lang='lat' dir='ltr'><strong>malitiosos</strong></span> <span class='ocrx_word' id='word_1_290' title='bbox 818 1105 869 1131; x_wconf 84' lang='lat' dir='ltr'><strong>est,</strong></span> <span class='ocrx_word' id='word_1_291' title='bbox 887 1101 981 1127; x_wconf 83' lang='lat' dir='ltr'><strong>volens</strong></span> <span class='ocrx_word' id='word_1_292' title='bbox 994 1106 1023 1127; x_wconf 85' lang='lat' dir='ltr'><strong>se</strong></span> 
     </span>
    </p>
   </div>
   <div class='ocr_carea' id='block_1_39' title="bbox 239 1144 1024 1182">
    <p class='ocr_par' dir='ltr' id='par_1_39' title="bbox 239 1144 1024 1182">
     <span class='ocr_line' id='line_1_39' title="bbox 239 1144 1024 1182; baseline -0.004 -8"><span class='ocrx_word' id='word_1_293' title='bbox 239 1154 322 1180; x_wconf 83' lang='lat' dir='ltr'><strong>supra</strong></span> <span class='ocrx_word' id='word_1_294' title='bbox 351 1146 470 1182; x_wconf 83' lang='lat' dir='ltr'><strong>Moysem</strong></span> <span class='ocrx_word' id='word_1_295' title='bbox 485 1147 608 1174; x_wconf 83' lang='lat' dir='ltr'><strong>evehere.</strong></span> <span class='ocrx_word' id='word_1_296' title='bbox 621 1145 756 1174; x_wconf 75' lang='lat' dir='ltr'><strong>Przeterea</strong></span> <span class='ocrx_word' id='word_1_297' title='bbox 764 1145 905 1173; x_wconf 86' lang='lat' dir='ltr'><strong>Zalethum</strong></span> <span class='ocrx_word' id='word_1_298' title='bbox 919 1144 1024 1171; x_wconf 90' lang='lat' dir='ltr'><strong>inducit</strong></span> 
     </span>
    </p>
   </div>
   <div class='ocr_carea' id='block_1_40' title="bbox 237 1190 1023 1226">
    <p class='ocr_par' dir='ltr' id='par_1_40' title="bbox 237 1190 1023 1226">
     <span class='ocr_line' id='line_1_40' title="bbox 237 1190 1023 1226; baseline -0.003 -8"><span class='ocrx_word' id='word_1_299' title='bbox 237 1191 410 1226; x_wconf 86' lang='lat' dir='ltr'><strong>prophetam,</strong></span> <span class='ocrx_word' id='word_1_300' title='bbox 440 1191 525 1226; x_wconf 79' lang='lat' dir='ltr'><strong>ignoti</strong></span> <span class='ocrx_word' id='word_1_301' title='bbox 556 1191 648 1226; x_wconf 88' lang='lat' dir='ltr'><strong>populi</strong></span> <span class='ocrx_word' id='word_1_302' title='bbox 663 1191 841 1226; x_wconf 80' lang='lat' dir='ltr'><strong>magistrum;</strong></span> <span class='ocrx_word' id='word_1_303' title='bbox 866 1195 893 1218; x_wconf 89' lang='lat' dir='ltr'><strong>et</strong></span> <span class='ocrx_word' id='word_1_304' title='bbox 909 1190 982 1224; x_wconf 86' lang='lat' dir='ltr'><strong>quod</strong></span> <span class='ocrx_word' id='word_1_305' title='bbox 1001 1190 1023 1216; x_wconf 87' lang='lat' dir='ltr'><strong>is</strong></span> 
     </span>
    </p>
   </div>
   <div class='ocr_carea' id='block_1_41' title="bbox 238 1235 1022 1271">
    <p class='ocr_par' dir='ltr' id='par_1_41' title="bbox 238 1235 1022 1271">
     <span class='ocr_line' id='line_1_41' title="bbox 238 1235 1022 1271; baseline -0.001 -8"><span class='ocrx_word' id='word_1_306' title='bbox 238 1236 277 1264; x_wconf 86' lang='lat' dir='ltr'><strong>illi</strong></span> <span class='ocrx_word' id='word_1_307' title='bbox 297 1237 476 1269; x_wconf 82' lang='lat' dir='ltr'><strong>mandaverit,</strong></span> <span class='ocrx_word' id='word_1_308' title='bbox 492 1237 641 1271; x_wconf 88' lang='lat' dir='ltr'><strong>quominus</strong></span> <span class='ocrx_word' id='word_1_309' title='bbox 655 1237 760 1264; x_wconf 86' lang='lat' dir='ltr'><strong>camelo</strong></span> <span class='ocrx_word' id='word_1_310' title='bbox 775 1236 882 1264; x_wconf 79' lang='lat' dir='ltr'><strong>cuidam</strong></span> <span class='ocrx_word' id='word_1_311' title='bbox 914 1235 1022 1264; x_wconf 65' lang='lat' dir='ltr'><strong>femina:</strong></span> 
     </span>
    </p>
   </div>
   <div class='ocr_carea' id='block_1_42' title="bbox 238 1281 1021 1317">
    <p class='ocr_par' dir='ltr' id='par_1_42' title="bbox 238 1281 1021 1317">
     <span class='ocr_line' id='line_1_42' title="bbox 238 1281 1021 1317; baseline -0.003 -7"><span class='ocrx_word' id='word_1_312' title='bbox 238 1288 369 1311; x_wconf 82' lang='lat' dir='ltr'><strong>nocerent</strong></span> <span class='ocrx_word' id='word_1_313' title='bbox 382 1283 409 1309; x_wconf 88' lang='lat' dir='ltr'><strong>in</strong></span> <span class='ocrx_word' id='word_1_314' title='bbox 429 1283 500 1317; x_wconf 79' lang='lat' dir='ltr'><strong>agris</strong></span> <span class='ocrx_word' id='word_1_315' title='bbox 514 1282 634 1317; x_wconf 84' lang='lat' dir='ltr'><strong>pascenti</strong></span> <span class='ocrx_word' id='word_1_316' title='bbox 653 1287 697 1309; x_wconf 91' lang='lat' dir='ltr'><strong>:el</strong></span> <span class='ocrx_word' id='word_1_317' title='bbox 712 1283 783 1317; x_wconf 77' lang='lat' dir='ltr'><strong>quod</strong></span> <span class='ocrx_word' id='word_1_318' title='bbox 800 1282 837 1309; x_wconf 87' lang='lat' dir='ltr'><strong>illi</strong></span> <span class='ocrx_word' id='word_1_319' title='bbox 854 1281 1021 1317; x_wconf 78' lang='lat' dir='ltr'><strong>immorigcri</strong></span> 
     </span>
    </p>
   </div>
   <div class='ocr_carea' id='block_1_43' title="bbox 239 1327 1022 1362">
    <p class='ocr_par' dir='ltr' id='par_1_43' title="bbox 239 1327 1022 1362">
     <span class='ocr_line' id='line_1_43' title="bbox 239 1327 1022 1362; baseline -0.003 -6"><span class='ocrx_word' id='word_1_320' title='bbox 239 1329 312 1356; x_wconf 86' lang='lat' dir='ltr'><strong>illam</strong></span> <span class='ocrx_word' id='word_1_321' title='bbox 347 1328 508 1360; x_wconf 90' lang='lat' dir='ltr'><strong>occiderint,</strong></span> <span class='ocrx_word' id='word_1_322' title='bbox 540 1329 655 1362; x_wconf 84' lang='lat' dir='ltr'><strong>ideoque</strong></span> <span class='ocrx_word' id='word_1_323' title='bbox 687 1327 778 1356; x_wconf 88' lang='lat' dir='ltr'><strong>traditi</strong></span> <span class='ocrx_word' id='word_1_324' title='bbox 815 1328 870 1355; x_wconf 89' lang='lat' dir='ltr'><strong>sint</strong></span> <span class='ocrx_word' id='word_1_325' title='bbox 911 1332 1022 1361; x_wconf 86' lang='lat' dir='ltr'><strong>propter</strong></span> 
     </span>
    </p>
   </div>
   <div class='ocr_carea' id='block_1_44' title="bbox 238 1373 1021 1403">
    <p class='ocr_par' dir='ltr' id='par_1_44' title="bbox 238 1373 1021 1403">
     <span class='ocr_line' id='line_1_44' title="bbox 238 1373 1021 1403; baseline -0.006 0"><span class='ocrx_word' id='word_1_326' title='bbox 238 1375 374 1403; x_wconf 87' lang='lat' dir='ltr'><strong>camclum</strong></span> <span class='ocrx_word' id='word_1_327' title='bbox 388 1375 435 1402; x_wconf 77' lang='lat' dir='ltr'><strong>irae</strong></span> <span class='ocrx_word' id='word_1_328' title='bbox 448 1375 495 1402; x_wconf 86' lang='lat' dir='ltr'><strong>Dei</strong></span> <span class='ocrx_word' id='word_1_329' title='bbox 509 1375 537 1402; x_wconf 93' lang='lat' dir='ltr'><strong>in</strong></span> <span class='ocrx_word' id='word_1_330' title='bbox 555 1374 769 1402; x_wconf 84' lang='lat' dir='ltr'><strong>habitationibus</strong></span> <span class='ocrx_word' id='word_1_331' title='bbox 783 1374 841 1400; x_wconf 87' lang='lat' dir='ltr'><strong>suis</strong></span> <span class='ocrx_word' id='word_1_332' title='bbox 870 1373 1021 1403; x_wconf 87' lang='lat' dir='ltr'><strong>maledicti,</strong></span> 
     </span>
    </p>
   </div>
   <div class='ocr_carea' id='block_1_45' title="bbox 237 1418 1022 1456">
    <p class='ocr_par' dir='ltr' id='par_1_45' title="bbox 237 1418 1022 1456">
     <span class='ocr_line' id='line_1_45' title="bbox 237 1418 1022 1456; baseline -0.005 -8"><span class='ocrx_word' id='word_1_333' title='bbox 237 1421 285 1456; x_wconf 88' lang='lat' dir='ltr'><strong>qui</strong></span> <span class='ocrx_word' id='word_1_334' title='bbox 308 1425 335 1448; x_wconf 92' lang='lat' dir='ltr'><strong>et</strong></span> <span class='ocrx_word' id='word_1_335' title='bbox 350 1428 486 1455; x_wconf 90' lang='lat' dir='ltr'><strong>nusquam</strong></span> <span class='ocrx_word' id='word_1_336' title='bbox 511 1419 697 1455; x_wconf 87' lang='lat' dir='ltr'><strong>apparuerint.</strong></span> <span class='ocrx_word' id='word_1_337' title='bbox 727 1418 860 1446; x_wconf 84' lang='lat' dir='ltr'><strong>Terribile</strong></span> <span class='ocrx_word' id='word_1_338' title='bbox 876 1426 889 1445; x_wconf 91' lang='lat' dir='ltr'><strong>a</strong></span> <span class='ocrx_word' id='word_1_339' title='bbox 904 1418 1022 1445; x_wconf 81' lang='lat' dir='ltr'><strong>barbaro</strong></span> 
     </span>
    </p>
   </div>
   <div class='ocr_carea' id='block_1_46' title="bbox 237 1463 1022 1500">
    <p class='ocr_par' dir='ltr' id='par_1_46' title="bbox 237 1463 1022 1500">
     <span class='ocr_line' id='line_1_46' title="bbox 237 1463 1022 1500; baseline -0.004 -7"><span class='ocrx_word' id='word_1_340' title='bbox 237 1466 389 1500; x_wconf 78' lang='lat' dir='ltr'><strong>exemplum</strong></span> <span class='ocrx_word' id='word_1_341' title='bbox 404 1465 505 1500; x_wconf 87' lang='lat' dir='ltr'><strong>ubiqtte</strong></span> <span class='ocrx_word' id='word_1_342' title='bbox 520 1465 698 1499; x_wconf 85' lang='lat' dir='ltr'><strong>proponitur;</strong></span> <span class='ocrx_word' id='word_1_343' title='bbox 715 1465 761 1492; x_wconf 87' lang='lat' dir='ltr'><strong>sed</strong></span> <span class='ocrx_word' id='word_1_344' title='bbox 771 1469 859 1491; x_wconf 87' lang='lat' dir='ltr'><strong>tamen</strong></span> <span class='ocrx_word' id='word_1_345' title='bbox 874 1464 913 1491; x_wconf 86' lang='lat' dir='ltr'><strong>rei</strong></span> <span class='ocrx_word' id='word_1_346' title='bbox 922 1463 1022 1491; x_wconf 85' lang='lat' dir='ltr'><strong>veritas</strong></span> 
     </span>
    </p>
   </div>
   <div class='ocr_carea' id='block_1_47' title="bbox 237 1508 1023 1545">
    <p class='ocr_par' dir='ltr' id='par_1_47' title="bbox 237 1508 1023 1545">
     <span class='ocr_line' id='line_1_47' title="bbox 237 1508 1023 1545; baseline -0.005 -7"><span class='ocrx_word' id='word_1_347' title='bbox 237 1510 312 1538; x_wconf 84' lang='lat' dir='ltr'><strong>nulla</strong></span> <span class='ocrx_word' id='word_1_348' title='bbox 326 1514 448 1545; x_wconf 82' lang='lat' dir='ltr'><strong>apparet.</strong></span> <span class='ocrx_word' id='word_1_349' title='bbox 468 1509 599 1536; x_wconf 72' lang='lat' dir='ltr'><strong>Memorat</strong></span> <span class='ocrx_word' id='word_1_350' title='bbox 611 1509 692 1536; x_wconf 87' lang='lat' dir='ltr'><strong>ctiam</strong></span> <span class='ocrx_word' id='word_1_351' title='bbox 707 1508 854 1536; x_wconf 88' lang='lat' dir='ltr'><strong>Abrahami</strong></span> <span class='ocrx_word' id='word_1_352' title='bbox 870 1509 897 1535; x_wconf 91' lang='lat' dir='ltr'><strong>in</strong></span> <span class='ocrx_word' id='word_1_353' title='bbox 909 1508 1023 1535; x_wconf 85' lang='lat' dir='ltr'><strong>meridie</strong></span> 
     </span>
    </p>
   </div>
   <div class='ocr_carea' id='block_1_48' title="bbox 236 1552 1020 1589">
    <p class='ocr_par' dir='ltr' id='par_1_48' title="bbox 236 1552 1020 1589">
     <span class='ocr_line' id='line_1_48' title="bbox 236 1552 1020 1589; baseline -0.001 -8"><span class='ocrx_word' id='word_1_354' title='bbox 236 1556 383 1587; x_wconf 82' lang='lat' dir='ltr'><strong>visionem,</strong></span> <span class='ocrx_word' id='word_1_355' title='bbox 421 1555 541 1589; x_wconf 88' lang='lat' dir='ltr'><strong>itemque</strong></span> <span class='ocrx_word' id='word_1_356' title='bbox 566 1554 686 1585; x_wconf 83' lang='lat' dir='ltr'><strong>Letum;</strong></span> <span class='ocrx_word' id='word_1_357' title='bbox 717 1558 904 1581; x_wconf 79' lang='lat' dir='ltr'><strong>verumtamen</strong></span> <span class='ocrx_word' id='word_1_358' title='bbox 929 1552 1020 1580; x_wconf 85' lang='lat' dir='ltr'><strong>omnia</strong></span> 
     </span>
    </p>
   </div>
   <div class='ocr_carea' id='block_1_49' title="bbox 237 1598 1020 1635">
    <p class='ocr_par' dir='ltr' id='par_1_49' title="bbox 237 1598 1020 1635">
     <span class='ocr_line' id='line_1_49' title="bbox 237 1598 1020 1635; baseline -0.004 -7"><span class='ocrx_word' id='word_1_359' title='bbox 237 1602 388 1635; x_wconf 89' lang='lat' dir='ltr'><strong>corrumpit</strong></span> <span class='ocrx_word' id='word_1_360' title='bbox 401 1605 481 1635; x_wconf 87' lang='lat' dir='ltr'><strong>atque</strong></span> <span class='ocrx_word' id='word_1_361' title='bbox 493 1600 644 1628; x_wconf 77' lang='lat' dir='ltr'><strong>confundit.</strong></span> <span class='ocrx_word' id='word_1_362' title='bbox 657 1599 745 1627; x_wconf 87' lang='lat' dir='ltr'><strong>Simul</strong></span> <span class='ocrx_word' id='word_1_363' title='bbox 757 1605 783 1626; x_wconf 88' lang='lat' dir='ltr'><strong>et</strong></span> <span class='ocrx_word' id='word_1_364' title='bbox 804 1600 955 1626; x_wconf 59' lang='lat' dir='ltr'><strong>immiscam</strong></span> <span class='ocrx_word' id='word_1_365' title='bbox 969 1598 1020 1626; x_wconf 86' lang='lat' dir='ltr'><strong>So-</strong></span> 
     </span>
    </p>
   </div>
   <div class='ocr_carea' id='block_1_50' title="bbox 236 1644 1022 1682">
    <p class='ocr_par' dir='ltr' id='par_1_50' title="bbox 236 1644 1022 1682">
     <span class='ocr_line' id='line_1_50' title="bbox 236 1644 1022 1682; baseline -0.006 -7"><span class='ocrx_word' id='word_1_366' title='bbox 236 1648 326 1675; x_wconf 88' lang='lat' dir='ltr'><strong>domis</strong></span> <span class='ocrx_word' id='word_1_367' title='bbox 343 1648 410 1674; x_wconf 84' lang='lat' dir='ltr'><strong>iram</strong></span> <span class='ocrx_word' id='word_1_368' title='bbox 425 1647 509 1681; x_wconf 88' lang='lat' dir='ltr'><strong>ponit,</strong></span> <span class='ocrx_word' id='word_1_369' title='bbox 523 1650 550 1673; x_wconf 88' lang='lat' dir='ltr'><strong>et</strong></span> <span class='ocrx_word' id='word_1_370' title='bbox 564 1646 692 1682; x_wconf 80' lang='lat' dir='ltr'><strong>incogniti</strong></span> <span class='ocrx_word' id='word_1_371' title='bbox 705 1645 846 1680; x_wconf 85' lang='lat' dir='ltr'><strong>cujusdam</strong></span> <span class='ocrx_word' id='word_1_372' title='bbox 860 1644 950 1678; x_wconf 86' lang='lat' dir='ltr'><strong>Soaipi</strong></span> <span class='ocrx_word' id='word_1_373' title='bbox 964 1644 1022 1670; x_wconf 85' lang='lat' dir='ltr'><strong>Ma-</strong></span> 
     </span>
    </p>
   </div>
   <div class='ocr_carea' id='block_1_51' title="bbox 236 1688 1021 1723">
    <p class='ocr_par' dir='ltr' id='par_1_51' title="bbox 236 1688 1021 1723">
     <span class='ocr_line' id='line_1_51' title="bbox 236 1688 1021 1723; baseline -0.005 -5"><span class='ocrx_word' id='word_1_374' title='bbox 236 1691 345 1718; x_wconf 81' lang='lat' dir='ltr'><strong>dianitze</strong></span> <span class='ocrx_word' id='word_1_375' title='bbox 361 1690 526 1718; x_wconf 84' lang='lat' dir='ltr'><strong>mentionem</strong></span> <span class='ocrx_word' id='word_1_376' title='bbox 546 1689 619 1722; x_wconf 81' lang='lat' dir='ltr'><strong>facit,</strong></span> <span class='ocrx_word' id='word_1_377' title='bbox 644 1691 668 1716; x_wconf 90' lang='lat' dir='ltr'><strong>si</strong></span> <span class='ocrx_word' id='word_1_378' title='bbox 684 1690 727 1716; x_wconf 92' lang='lat' dir='ltr'><strong>hic</strong></span> <span class='ocrx_word' id='word_1_379' title='bbox 746 1697 866 1723; x_wconf 89' lang='lat' dir='ltr'><strong>unquam</strong></span> <span class='ocrx_word' id='word_1_380' title='bbox 884 1689 955 1715; x_wconf 88' lang='lat' dir='ltr'><strong>inter</strong></span> <span class='ocrx_word' id='word_1_381' title='bbox 972 1688 1021 1715; x_wconf 93' lang='lat' dir='ltr'><strong>ho-</strong></span> 
     </span>
    </p>
   </div>
   <div class='ocr_carea' id='block_1_52' title="bbox 236 1734 1021 1770">
    <p class='ocr_par' dir='ltr' id='par_1_52' title="bbox 236 1734 1021 1770">
     <span class='ocr_line' id='line_1_52' title="bbox 236 1734 1021 1770; baseline -0.005 -6"><span class='ocrx_word' id='word_1_382' title='bbox 236 1737 324 1764; x_wconf 88' lang='lat' dir='ltr'><strong>mines</strong></span> <span class='ocrx_word' id='word_1_383' title='bbox 338 1735 398 1763; x_wconf 83' lang='lat' dir='ltr'><strong>fuit.</strong></span> <span class='ocrx_word' id='word_1_384' title='bbox 407 1735 460 1763; x_wconf 77' lang='lat' dir='ltr'><strong>Res</strong></span> <span class='ocrx_word' id='word_1_385' title='bbox 471 1743 580 1770; x_wconf 88' lang='lat' dir='ltr'><strong>quoque</strong></span> <span class='ocrx_word' id='word_1_386' title='bbox 592 1734 743 1763; x_wconf 81' lang='lat' dir='ltr'><strong>PharaOnis</strong></span> <span class='ocrx_word' id='word_1_387' title='bbox 756 1734 874 1768; x_wconf 79' lang='lat' dir='ltr'><strong>attingit,</strong></span> <span class='ocrx_word' id='word_1_388' title='bbox 885 1734 1021 1768; x_wconf 87' lang='lat' dir='ltr'><strong>nectilquc</strong></span> 
     </span>
    </p>
   </div>
   <div class='ocr_carea' id='block_1_53' title="bbox 236 1780 1020 1816">
    <p class='ocr_par' dir='ltr' id='par_1_53' title="bbox 236 1780 1020 1816">
     <span class='ocr_line' id='line_1_53' title="bbox 236 1780 1020 1816; baseline -0.004 -7"><span class='ocrx_word' id='word_1_389' title='bbox 236 1783 270 1810; x_wconf 90' lang='lat' dir='ltr'><strong>iis</strong></span> <span class='ocrx_word' id='word_1_390' title='bbox 279 1783 388 1811; x_wconf 87' lang='lat' dir='ltr'><strong>stultam</strong></span> <span class='ocrx_word' id='word_1_391' title='bbox 398 1789 476 1810; x_wconf 86' lang='lat' dir='ltr'><strong>suam</strong></span> <span class='ocrx_word' id='word_1_392' title='bbox 487 1781 719 1816; x_wconf 67' lang='lat' dir='ltr'><strong>prwdicationcm,</strong></span> <span class='ocrx_word' id='word_1_393' title='bbox 731 1787 815 1815; x_wconf 87' lang='lat' dir='ltr'><strong>seque</strong></span> <span class='ocrx_word' id='word_1_394' title='bbox 826 1780 879 1807; x_wconf 90' lang='lat' dir='ltr'><strong>illis</strong></span> <span class='ocrx_word' id='word_1_395' title='bbox 890 1780 1020 1814; x_wconf 61' lang='lat' dir='ltr'><strong>aequalem</strong></span> 
     </span>
    </p>
   </div>
   <div class='ocr_carea' id='block_1_54' title="bbox 236 1826 1021 1863">
    <p class='ocr_par' dir='ltr' id='par_1_54' title="bbox 236 1826 1021 1863">
     <span class='ocr_line' id='line_1_54' title="bbox 236 1826 1021 1863; baseline -0.003 -7"><span class='ocrx_word' id='word_1_396' title='bbox 236 1828 315 1862; x_wconf 81' lang='lat' dir='ltr'><strong>facit;</strong></span> <span class='ocrx_word' id='word_1_397' title='bbox 331 1830 364 1856; x_wconf 83' lang='lat' dir='ltr'><strong>Et</strong></span> <span class='ocrx_word' id='word_1_398' title='bbox 380 1836 466 1859; x_wconf 85' lang='lat' dir='ltr'><strong>meos.</strong></span> <span class='ocrx_word' id='word_1_399' title='bbox 475 1829 572 1863; x_wconf 86' lang='lat' dir='ltr'><strong>inquit,</strong></span> <span class='ocrx_word' id='word_1_400' title='bbox 585 1835 724 1855; x_wconf 88' lang='lat' dir='ltr'><strong>sermones</strong></span> <span class='ocrx_word' id='word_1_401' title='bbox 733 1826 876 1855; x_wconf 86' lang='lat' dir='ltr'><strong>admittite.</strong></span> <span class='ocrx_word' id='word_1_402' title='bbox 888 1827 974 1861; x_wconf 80' lang='lat' dir='ltr'><strong>Atque</strong></span> <span class='ocrx_word' id='word_1_403' title='bbox 985 1826 1021 1854; x_wconf 87' lang='lat' dir='ltr'><strong>ita</strong></span> 
     </span>
    </p>
   </div>
   <div class='ocr_carea' id='block_1_55' title="bbox 238 1873 1022 1910">
    <p class='ocr_par' dir='ltr' id='par_1_55' title="bbox 238 1873 1022 1910">
     <span class='ocr_line' id='line_1_55' title="bbox 238 1873 1022 1910; baseline -0.001 -9"><span class='ocrx_word' id='word_1_404' title='bbox 238 1875 414 1910; x_wconf 74' lang='lat' dir='ltr'><strong>nugatorium</strong></span> <span class='ocrx_word' id='word_1_405' title='bbox 438 1874 491 1903; x_wconf 86' lang='lat' dir='ltr'><strong>hoc</strong></span> <span class='ocrx_word' id='word_1_406' title='bbox 517 1874 666 1908; x_wconf 88' lang='lat' dir='ltr'><strong>capitulum</strong></span> <span class='ocrx_word' id='word_1_407' title='bbox 691 1873 803 1903; x_wconf 88' lang='lat' dir='ltr'><strong>claudit.</strong></span> <span class='ocrx_word' id='word_1_408' title='bbox 824 1873 935 1908; x_wconf 88' lang='lat' dir='ltr'><strong>Oportet</strong></span> <span class='ocrx_word' id='word_1_409' title='bbox 957 1881 1022 1901; x_wconf 86' lang='lat' dir='ltr'><strong>vero</strong></span> 
     </span>
    </p>
   </div>
   <div class='ocr_carea' id='block_1_56' title="bbox 240 1917 1021 1948">
    <p class='ocr_par' dir='ltr' id='par_1_56' title="bbox 240 1917 1021 1948">
     <span class='ocr_line' id='line_1_56' title="bbox 240 1917 1021 1948; baseline -0.004 -1"><span class='ocrx_word' id='word_1_410' title='bbox 240 1926 374 1948; x_wconf 88' lang='lat' dir='ltr'><strong>summam</strong></span> <span class='ocrx_word' id='word_1_411' title='bbox 388 1919 496 1946; x_wconf 87' lang='lat' dir='ltr'><strong>barbari</strong></span> <span class='ocrx_word' id='word_1_412' title='bbox 521 1918 737 1946; x_wconf 83' lang='lat' dir='ltr'><strong>animadvertere</strong></span> <span class='ocrx_word' id='word_1_413' title='bbox 763 1917 1021 1946; x_wconf 84' lang='lat' dir='ltr'><strong>inconsiderantiam</strong></span> 
     </span>
    </p>
   </div>
   <div class='ocr_carea' id='block_1_57' title="bbox 236 1964 1023 2001">
    <p class='ocr_par' dir='ltr' id='par_1_57' title="bbox 236 1964 1023 2001">
     <span class='ocr_line' id='line_1_57' title="bbox 236 1964 1023 2001; baseline -0.004 -8"><span class='ocrx_word' id='word_1_414' title='bbox 236 1967 283 2001; x_wconf 87' lang='lat' dir='ltr'><strong>qui</strong></span> <span class='ocrx_word' id='word_1_415' title='bbox 298 1970 353 1993; x_wconf 88' lang='lat' dir='ltr'><strong>tam</strong></span> <span class='ocrx_word' id='word_1_416' title='bbox 366 1965 450 1992; x_wconf 89' lang='lat' dir='ltr'><strong>libere</strong></span> <span class='ocrx_word' id='word_1_417' title='bbox 473 1972 602 1999; x_wconf 56' lang='lat' dir='ltr'><strong>persona,&quot;</strong></span> <span class='ocrx_word' id='word_1_418' title='bbox 626 1964 745 1992; x_wconf 83' lang='lat' dir='ltr'><strong>illustres</strong></span> <span class='ocrx_word' id='word_1_419' title='bbox 755 1968 898 1995; x_wconf 79' lang='lat' dir='ltr'><strong>memerat.</strong></span> <span class='ocrx_word' id='word_1_420' title='bbox 917 1968 1023 1991; x_wconf 84' lang='lat' dir='ltr'><strong>contra-</strong></span> 
     </span>
    </p>
   </div>
   <div class='ocr_carea' id='block_1_58' title="bbox 236 2010 1021 2045">
    <p class='ocr_par' dir='ltr' id='par_1_58' title="bbox 236 2010 1021 2045">
     <span class='ocr_line' id='line_1_58' title="bbox 236 2010 1021 2045; baseline -0.004 -6"><span class='ocrx_word' id='word_1_421' title='bbox 236 2012 306 2039; x_wconf 87' lang='lat' dir='ltr'><strong>rium</strong></span> <span class='ocrx_word' id='word_1_422' title='bbox 317 2016 406 2038; x_wconf 78' lang='lat' dir='ltr'><strong>tamen</strong></span> <span class='ocrx_word' id='word_1_423' title='bbox 415 2011 467 2039; x_wconf 85' lang='lat' dir='ltr'><strong>illis</strong></span> <span class='ocrx_word' id='word_1_424' title='bbox 474 2011 534 2039; x_wconf 72' lang='lat' dir='ltr'><strong>vitae</strong></span> <span class='ocrx_word' id='word_1_425' title='bbox 542 2011 695 2039; x_wconf 90' lang='lat' dir='ltr'><strong>institutum</strong></span> <span class='ocrx_word' id='word_1_426' title='bbox 708 2014 836 2038; x_wconf 86' lang='lat' dir='ltr'><strong>sectatur.</strong></span> <span class='ocrx_word' id='word_1_427' title='bbox 845 2010 914 2045; x_wconf 81' lang='lat' dir='ltr'><strong>Ergo</strong></span> <span class='ocrx_word' id='word_1_428' title='bbox 920 2010 1021 2037; x_wconf 89' lang='lat' dir='ltr'><strong>alteru-</strong></span> 
     </span>
    </p>
   </div>
   <div class='ocr_carea' id='block_1_59' title="bbox 237 2056 1021 2092">
    <p class='ocr_par' dir='ltr' id='par_1_59' title="bbox 237 2056 1021 2092">
     <span class='ocr_line' id='line_1_59' title="bbox 237 2056 1021 2092; baseline -0.004 -7"><span class='ocrx_word' id='word_1_429' title='bbox 237 2063 308 2085; x_wconf 93' lang='lat' dir='ltr'><strong>trum</strong></span> <span class='ocrx_word' id='word_1_430' title='bbox 326 2062 437 2092; x_wconf 85' lang='lat' dir='ltr'><strong>peccat;</strong></span> <span class='ocrx_word' id='word_1_431' title='bbox 454 2057 495 2084; x_wconf 88' lang='lat' dir='ltr'><strong>vel</strong></span> <span class='ocrx_word' id='word_1_432' title='bbox 509 2056 582 2083; x_wconf 79' lang='lat' dir='ltr'><strong>enim</strong></span> <span class='ocrx_word' id='word_1_433' title='bbox 598 2063 627 2084; x_wconf 87' lang='lat' dir='ltr'><strong>se</strong></span> <span class='ocrx_word' id='word_1_434' title='bbox 640 2056 877 2091; x_wconf 58' lang='lat' dir='ltr'><strong>praevaricatorem</strong></span> <span class='ocrx_word' id='word_1_435' title='bbox 893 2063 954 2082; x_wconf 89' lang='lat' dir='ltr'><strong>esse</strong></span> <span class='ocrx_word' id='word_1_436' title='bbox 967 2062 1021 2082; x_wconf 89' lang='lat' dir='ltr'><strong>non</strong></span> 
     </span>
    </p>
   </div>
   <div class='ocr_carea' id='block_1_60' title="bbox 236 2101 1021 2138">
    <p class='ocr_par' dir='ltr' id='par_1_60' title="bbox 236 2101 1021 2138">
     <span class='ocr_line' id='line_1_60' title="bbox 236 2101 1021 2138; baseline -0.005 -8"><span class='ocrx_word' id='word_1_437' title='bbox 236 2103 374 2138; x_wconf 76' lang='lat' dir='ltr'><strong>intelligit,</strong></span> <span class='ocrx_word' id='word_1_438' title='bbox 392 2103 432 2130; x_wconf 89' lang='lat' dir='ltr'><strong>vel</strong></span> <span class='ocrx_word' id='word_1_439' title='bbox 451 2103 476 2130; x_wconf 83' lang='lat' dir='ltr'><strong>id</strong></span> <span class='ocrx_word' id='word_1_440' title='bbox 492 2109 590 2129; x_wconf 86' lang='lat' dir='ltr'><strong>omnes</strong></span> <span class='ocrx_word' id='word_1_441' title='bbox 616 2102 700 2128; x_wconf 88' lang='lat' dir='ltr'><strong>latere</strong></span> <span class='ocrx_word' id='word_1_442' title='bbox 723 2101 864 2128; x_wconf 84' lang='lat' dir='ltr'><strong>existimat</strong></span> <span class='ocrx_word' id='word_1_443' title='bbox 881 2109 887 2127; x_wconf 88' lang='lat'><strong>:</strong></span> <span class='ocrx_word' id='word_1_444' title='bbox 904 2107 1021 2135; x_wconf 89' lang='lat' dir='ltr'><strong>quorum</strong></span> 
     </span>
    </p>
   </div>
   <div class='ocr_carea' id='block_1_61' title="bbox 236 2146 1023 2179">
    <p class='ocr_par' dir='ltr' id='par_1_61' title="bbox 236 2146 1023 2179">
     <span class='ocr_line' id='line_1_61' title="bbox 236 2146 1023 2179; baseline -0.004 -3"><span class='ocrx_word' id='word_1_445' title='bbox 236 2149 349 2176; x_wconf 86' lang='lat' dir='ltr'><strong>alterum</strong></span> <span class='ocrx_word' id='word_1_446' title='bbox 363 2156 477 2177; x_wconf 73' lang='lat' dir='ltr'><strong>somnne</strong></span> <span class='ocrx_word' id='word_1_447' title='bbox 492 2146 637 2174; x_wconf 70' lang='lat' dir='ltr'><strong>dementias</strong></span> <span class='ocrx_word' id='word_1_448' title='bbox 650 2150 702 2179; x_wconf 89' lang='lat' dir='ltr'><strong>est,</strong></span> <span class='ocrx_word' id='word_1_449' title='bbox 717 2146 834 2174; x_wconf 89' lang='lat' dir='ltr'><strong>alterum</strong></span> <span class='ocrx_word' id='word_1_450' title='bbox 849 2146 970 2174; x_wconf 65' lang='lat' dir='ltr'><strong>vesaniae</strong></span> <span class='ocrx_word' id='word_1_451' title='bbox 996 2150 1023 2173; x_wconf 89' lang='lat' dir='ltr'><strong>ct</strong></span> 
     </span>
    </p>
   </div>
   <div class='ocr_carea' id='block_1_62' title="bbox 237 2193 421 2228">
    <p class='ocr_par' dir='ltr' id='par_1_62' title="bbox 237 2193 421 2228">
     <span class='ocr_line' id='line_1_62' title="bbox 237 2193 421 2228; baseline -0.005 -8"><span class='ocrx_word' id='word_1_452' title='bbox 237 2193 421 2228; x_wconf 78' lang='lat' dir='ltr'><strong>impudentiae.</strong></span> 
     </span>
    </p>
   </div>
   <div class='ocr_carea' id='block_1_63' title="bbox 484 2280 773 2309">
    <p class='ocr_par' dir='ltr' id='par_1_63' title="bbox 484 2280 773 2309">
     <span class='ocr_line' id='line_1_63' title="bbox 484 2280 773 2309; baseline -0.003 0"><span class='ocrx_word' id='word_1_453' title='bbox 484 2280 705 2309; x_wconf 80' lang='lat' dir='ltr'><strong>CONFUTATIO</strong></span> <span class='ocrx_word' id='word_1_454' title='bbox 727 2281 773 2308; x_wconf 80' lang='lat' dir='ltr'><strong>Xl.</strong></span> 
     </span>
    </p>
   </div>
   <div class='ocr_carea' id='block_1_64' title="bbox 273 2326 1024 2356">
    <p class='ocr_par' dir='ltr' id='par_1_64' title="bbox 273 2326 1024 2356">
     <span class='ocr_line' id='line_1_64' title="bbox 273 2326 1024 2356; baseline -0.004 -1"><span class='ocrx_word' id='word_1_455' title='bbox 273 2329 317 2356; x_wconf 80' lang='lat'><strong>67.</strong></span> <span class='ocrx_word' id='word_1_456' title='bbox 340 2328 488 2355; x_wconf 79' lang='lat' dir='ltr'><strong>Undecima</strong></span> <span class='ocrx_word' id='word_1_457' title='bbox 516 2336 529 2355; x_wconf 89' lang='lat' dir='ltr'><strong>a</strong></span> <span class='ocrx_word' id='word_1_458' title='bbox 554 2327 712 2355; x_wconf 83' lang='lat' dir='ltr'><strong>Mohamcde</strong></span> <span class='ocrx_word' id='word_1_459' title='bbox 739 2327 829 2355; x_wconf 76' lang='lat' dir='ltr'><strong>tabula</strong></span> <span class='ocrx_word' id='word_1_460' title='bbox 867 2326 1024 2354; x_wconf 87' lang='lat' dir='ltr'><strong>inscribitur</strong></span> 
     </span>
    </p>
   </div>
   <div class='ocr_carea' id='block_1_65' title="bbox 238 2373 1022 2408">
    <p class='ocr_par' dir='ltr' id='par_1_65' title="bbox 238 2373 1022 2408">
     <span class='ocr_line' id='line_1_65' title="bbox 238 2373 1022 2408; baseline -0.003 -7"><span class='ocrx_word' id='word_1_461' title='bbox 238 2375 353 2407; x_wconf 75' lang='lat' dir='ltr'><strong>Jost&#39;ph;</strong></span> <span class='ocrx_word' id='word_1_462' title='bbox 367 2379 461 2401; x_wconf 87' lang='lat' dir='ltr'><strong>narrat</strong></span> <span class='ocrx_word' id='word_1_463' title='bbox 476 2378 566 2402; x_wconf 84' lang='lat' dir='ltr'><strong>autent</strong></span> <span class='ocrx_word' id='word_1_464' title='bbox 586 2382 629 2400; x_wconf 88' lang='lat' dir='ltr'><strong>res</strong></span> <span class='ocrx_word' id='word_1_465' title='bbox 641 2374 731 2408; x_wconf 87' lang='lat' dir='ltr'><strong>pudici</strong></span> <span class='ocrx_word' id='word_1_466' title='bbox 747 2373 858 2408; x_wconf 87' lang='lat' dir='ltr'><strong>Josephi</strong></span> <span class='ocrx_word' id='word_1_467' title='bbox 879 2373 958 2400; x_wconf 75' lang='lat' dir='ltr'><strong>modo</strong></span> <span class='ocrx_word' id='word_1_468' title='bbox 970 2373 1022 2399; x_wconf 87' lang='lat' dir='ltr'><strong>im-</strong></span> 
     </span>
    </p>
   </div>
   <div class='ocr_carea' id='block_1_66' title="bbox 239 2418 1022 2456">
    <p class='ocr_par' dir='ltr' id='par_1_66' title="bbox 239 2418 1022 2456">
     <span class='ocr_line' id='line_1_66' title="bbox 239 2418 1022 2456; baseline -0.003 -9"><span class='ocrx_word' id='word_1_469' title='bbox 239 2419 368 2456; x_wconf 73' lang='lat' dir='ltr'><strong>perfecte,</strong></span> <span class='ocrx_word' id='word_1_470' title='bbox 390 2421 473 2447; x_wconf 88' lang='lat' dir='ltr'><strong>modo</strong></span> <span class='ocrx_word' id='word_1_471' title='bbox 489 2420 665 2454; x_wconf 88' lang='lat' dir='ltr'><strong>interpolatas</strong></span> <span class='ocrx_word' id='word_1_472' title='bbox 687 2424 713 2447; x_wconf 88' lang='lat' dir='ltr'><strong>et</strong></span> <span class='ocrx_word' id='word_1_473' title='bbox 740 2423 877 2450; x_wconf 73' lang='lat' dir='ltr'><strong>extensos,</strong></span> <span class='ocrx_word' id='word_1_474' title='bbox 898 2418 1022 2453; x_wconf 65' lang='lat' dir='ltr'><strong>quaedam</strong></span> 
     </span>
    </p>
   </div>
   <div class='ocr_carea' id='block_1_67' title="bbox 238 2463 1023 2500">
    <p class='ocr_par' dir='ltr' id='par_1_67' title="bbox 238 2463 1023 2500">
     <span class='ocr_line' id='line_1_67' title="bbox 238 2463 1023 2500; baseline -0.005 -5"><span class='ocrx_word' id='word_1_475' title='bbox 238 2467 320 2495; x_wconf 88' lang='lat' dir='ltr'><strong>etiam</strong></span> <span class='ocrx_word' id='word_1_476' title='bbox 337 2465 450 2493; x_wconf 86' lang='lat' dir='ltr'><strong>ridicula</strong></span> <span class='ocrx_word' id='word_1_477' title='bbox 467 2470 494 2493; x_wconf 89' lang='lat' dir='ltr'><strong>et</strong></span> <span class='ocrx_word' id='word_1_478' title='bbox 521 2465 620 2500; x_wconf 83' lang='lat' dir='ltr'><strong>turpia,</strong></span> <span class='ocrx_word' id='word_1_479' title='bbox 643 2475 652 2490; x_wconf 79' lang='grc' dir='ltr'><strong>ι</strong></span> <span class='ocrx_word' id='word_1_480' title='bbox 670 2470 696 2492; x_wconf 93' lang='lat' dir='ltr'><strong>et</strong></span> <span class='ocrx_word' id='word_1_481' title='bbox 724 2465 796 2500; x_wconf 88' lang='lat' dir='ltr'><strong>quod</strong></span> <span class='ocrx_word' id='word_1_482' title='bbox 814 2464 913 2491; x_wconf 76' lang='lat' dir='ltr'><strong>Rachel</strong></span> <span class='ocrx_word' id='word_1_483' title='bbox 929 2463 960 2491; x_wconf 90' lang='lat' dir='ltr'><strong>ad</strong></span> <span class='ocrx_word' id='word_1_484' title='bbox 976 2471 1023 2499; x_wconf 85' lang='lat' dir='ltr'><strong>pe-</strong></span> 
     </span>
    </p>
   </div>
   <div class='ocr_carea' id='block_1_68' title="bbox 237 2510 1023 2548">
    <p class='ocr_par' dir='ltr' id='par_1_68' title="bbox 237 2510 1023 2548">
     <span class='ocr_line' id='line_1_68' title="bbox 237 2510 1023 2548; baseline -0.006 -7"><span class='ocrx_word' id='word_1_485' title='bbox 237 2514 286 2541; x_wconf 88' lang='lat' dir='ltr'><strong>des</strong></span> <span class='ocrx_word' id='word_1_486' title='bbox 300 2513 360 2548; x_wconf 83' lang='lat' dir='ltr'><strong>ejus</strong></span> <span class='ocrx_word' id='word_1_487' title='bbox 387 2512 563 2547; x_wconf 82' lang='lat' dir='ltr'><strong>procubuerit</strong></span> <span class='ocrx_word' id='word_1_488' title='bbox 599 2519 662 2540; x_wconf 90' lang='lat' dir='ltr'><strong>cum</strong></span> <span class='ocrx_word' id='word_1_489' title='bbox 688 2511 786 2539; x_wconf 86' lang='lat' dir='ltr'><strong>lsraele</strong></span> <span class='ocrx_word' id='word_1_490' title='bbox 801 2516 877 2546; x_wconf 89' lang='lat' dir='ltr'><strong>patre</strong></span> <span class='ocrx_word' id='word_1_491' title='bbox 900 2510 974 2537; x_wconf 90' lang='lat' dir='ltr'><strong>illius</strong></span> <span class='ocrx_word' id='word_1_492' title='bbox 995 2510 1023 2536; x_wconf 91' lang='lat' dir='ltr'><strong>in</strong></span> 
     </span>
    </p>
   </div>
   <div class='ocr_carea' id='block_1_69' title="bbox 236 2555 1023 2595">
    <p class='ocr_par' dir='ltr' id='par_1_69' title="bbox 236 2555 1023 2595">
     <span class='ocr_line' id='line_1_69' title="bbox 236 2555 1023 2595; baseline -0.006 -8"><span class='ocrx_word' id='word_1_493' title='bbox 236 2560 379 2595; x_wconf 63' lang='lat' dir='ltr'><strong>Egypto.»</strong></span> <span class='ocrx_word' id='word_1_494' title='bbox 397 2558 479 2592; x_wconf 86' lang='lat' dir='ltr'><strong>Atqui</strong></span> <span class='ocrx_word' id='word_1_495' title='bbox 495 2556 599 2589; x_wconf 79' lang='lat' dir='ltr'><strong>Moyses</strong></span> <span class='ocrx_word' id='word_1_496' title='bbox 616 2557 680 2585; x_wconf 89' lang='lat' dir='ltr'><strong>dicit</strong></span> <span class='ocrx_word' id='word_1_497' title='bbox 691 2558 777 2592; x_wconf 86' lang='lat' dir='ltr'><strong>ipsam</strong></span> <span class='ocrx_word' id='word_1_498' title='bbox 788 2561 981 2592; x_wconf 84' lang='lat' dir='ltr'><strong>praemortuam</strong></span> <span class='ocrx_word' id='word_1_499' title='bbox 996 2555 1023 2582; x_wconf 92' lang='lat' dir='ltr'><strong>in</strong></span> 
     </span>
    </p>
   </div>
   <div class='ocr_carea' id='block_1_70' title="bbox 237 2601 1017 2641">
    <p class='ocr_par' dir='ltr' id='par_1_70' title="bbox 237 2601 1017 2641">
     <span class='ocr_line' id='line_1_70' title="bbox 237 2601 1017 2641; baseline -0.006 -9"><span class='ocrx_word' id='word_1_500' title='bbox 237 2611 316 2641; x_wconf 82' lang='lat' dir='ltr'><strong>partu</strong></span> <span class='ocrx_word' id='word_1_501' title='bbox 327 2603 486 2639; x_wconf 81' lang='lat' dir='ltr'><strong>Benjamini.</strong></span> <span class='ocrx_word' id='word_1_502' title='bbox 501 2603 576 2631; x_wconf 84' lang='lat' dir='ltr'><strong>Adeo</strong></span> <span class='ocrx_word' id='word_1_503' title='bbox 592 2610 699 2638; x_wconf 83' lang='lat' dir='ltr'><strong>semper</strong></span> <span class='ocrx_word' id='word_1_504' title='bbox 721 2603 810 2630; x_wconf 87' lang='lat' dir='ltr'><strong>studet</strong></span> <span class='ocrx_word' id='word_1_505' title='bbox 832 2601 952 2629; x_wconf 78' lang='lat' dir='ltr'><strong>fallacem</strong></span> <span class='ocrx_word' id='word_1_506' title='bbox 977 2601 1017 2628; x_wconf 86' lang='lat' dir='ltr'><strong>de-</strong></span> 
     </span>
    </p>
   </div>
   <div class='ocr_carea' id='block_1_71' title="bbox 239 2647 1022 2681">
    <p class='ocr_par' dir='ltr' id='par_1_71' title="bbox 239 2647 1022 2681">
     <span class='ocr_line' id='line_1_71' title="bbox 239 2647 1022 2681; baseline -0.008 -2"><span class='ocrx_word' id='word_1_507' title='bbox 239 2656 392 2680; x_wconf 79' lang='lat' dir='ltr'><strong>monstrare</strong></span> <span class='ocrx_word' id='word_1_508' title='bbox 404 2650 493 2678; x_wconf 91' lang='lat' dir='ltr'><strong>virum</strong></span> <span class='ocrx_word' id='word_1_509' title='bbox 514 2650 619 2679; x_wconf 85' lang='lat' dir='ltr'><strong>visione</strong></span> <span class='ocrx_word' id='word_1_510' title='bbox 633 2650 679 2677; x_wconf 89' lang='lat' dir='ltr'><strong>Dei</strong></span> <span class='ocrx_word' id='word_1_511' title='bbox 696 2649 826 2676; x_wconf 90' lang='lat' dir='ltr'><strong>donatum</strong></span> <span class='ocrx_word' id='word_1_512' title='bbox 845 2648 852 2674; x_wconf 78' lang='grc' dir='ltr'><strong>ί</strong></span> <span class='ocrx_word' id='word_1_513' title='bbox 869 2647 1022 2681; x_wconf 83' lang='lat' dir='ltr'><strong>Additque:</strong></span> 
     </span>
    </p>
   </div>
   <div class='ocr_carea' id='block_1_72' title="bbox 242 2693 1024 2733">
    <p class='ocr_par' dir='ltr' id='par_1_72' title="bbox 242 2693 1024 2733">
     <span class='ocr_line' id='line_1_72' title="bbox 242 2693 1024 2733; baseline -0.006 -9"><span class='ocrx_word' id='word_1_514' title='bbox 242 2707 251 2724; x_wconf 81' lang='grc' dir='ltr'><strong>ι</strong></span> <span class='ocrx_word' id='word_1_515' title='bbox 267 2699 355 2733; x_wconf 84' lang='lat' dir='ltr'><strong>Atque</strong></span> <span class='ocrx_word' id='word_1_516' title='bbox 381 2698 440 2726; x_wconf 79' lang='lat' dir='ltr'><strong>lucc</strong></span> <span class='ocrx_word' id='word_1_517' title='bbox 466 2705 499 2725; x_wconf 83' lang='lat' dir='ltr'><strong>ex</strong></span> <span class='ocrx_word' id='word_1_518' title='bbox 523 2697 644 2724; x_wconf 86' lang='lat' dir='ltr'><strong>historiis</strong></span> <span class='ocrx_word' id='word_1_519' title='bbox 665 2695 839 2729; x_wconf 85' lang='lat' dir='ltr'><strong>antiquorum</strong></span> <span class='ocrx_word' id='word_1_520' title='bbox 872 2693 919 2720; x_wconf 89' lang='lat' dir='ltr'><strong>tibi</strong></span> <span class='ocrx_word' id='word_1_521' title='bbox 949 2701 1024 2720; x_wconf 80' lang='lat' dir='ltr'><strong>reve-</strong></span> 
     </span>
    </p>
   </div>
   <div class='ocr_carea' id='block_1_73' title="bbox 239 2737 1023 2774">
    <p class='ocr_par' dir='ltr' id='par_1_73' title="bbox 239 2737 1023 2774">
     <span class='ocr_line' id='line_1_73' title="bbox 239 2737 1023 2774; baseline -0.005 -4"><span class='ocrx_word' id='word_1_522' title='bbox 239 2743 328 2770; x_wconf 73' lang='lat' dir='ltr'><strong>Iamus</strong></span> <span class='ocrx_word' id='word_1_523' title='bbox 343 2742 467 2770; x_wconf 79' lang='lat' dir='ltr'><strong>Arabicis</strong></span> <span class='ocrx_word' id='word_1_524' title='bbox 480 2741 590 2768; x_wconf 87' lang='lat' dir='ltr'><strong>litteris.</strong></span> <span class='ocrx_word' id='word_1_525' title='bbox 610 2750 619 2766; x_wconf 72' lang='grc' dir='ltr'><strong>ι</strong></span> <span class='ocrx_word' id='word_1_526' title='bbox 648 2740 730 2774; x_wconf 85' lang='lat' dir='ltr'><strong>Atqui</strong></span> <span class='ocrx_word' id='word_1_527' title='bbox 746 2739 808 2766; x_wconf 84' lang='lat' dir='ltr'><strong>alibi</strong></span> <span class='ocrx_word' id='word_1_528' title='bbox 823 2737 899 2769; x_wconf 85' lang='lat' dir='ltr'><strong>dicit.</strong></span> <span class='ocrx_word' id='word_1_529' title='bbox 916 2745 946 2766; x_wconf 87' lang='lat' dir='ltr'><strong>se</strong></span> <span class='ocrx_word' id='word_1_530' title='bbox 965 2739 1023 2766; x_wconf 87' lang='lat' dir='ltr'><strong>sine</strong></span> 
     </span>
    </p>
   </div>
   <div class='ocr_carea' id='block_1_74' title="bbox 240 2784 1024 2824">
    <p class='ocr_par' dir='ltr' id='par_1_74' title="bbox 240 2784 1024 2824">
     <span class='ocr_line' id='line_1_74' title="bbox 240 2784 1024 2824; baseline -0.004 -9"><span class='ocrx_word' id='word_1_531' title='bbox 240 2789 342 2824; x_wconf 81' lang='lat' dir='ltr'><strong>scripto</strong></span> <span class='ocrx_word' id='word_1_532' title='bbox 358 2789 408 2816; x_wconf 86' lang='lat' dir='ltr'><strong>has</strong></span> <span class='ocrx_word' id='word_1_533' title='bbox 423 2787 539 2822; x_wconf 85' lang='lat' dir='ltr'><strong>ineptias</strong></span> <span class='ocrx_word' id='word_1_534' title='bbox 561 2794 625 2814; x_wconf 89' lang='lat' dir='ltr'><strong>suas</strong></span> <span class='ocrx_word' id='word_1_535' title='bbox 640 2786 784 2820; x_wconf 80' lang='lat' dir='ltr'><strong>recepisse.</strong></span> <span class='ocrx_word' id='word_1_536' title='bbox 800 2784 846 2813; x_wconf 85' lang='lat' dir='ltr'><strong>Est</strong></span> <span class='ocrx_word' id='word_1_537' title='bbox 861 2789 950 2813; x_wconf 85' lang='lat' dir='ltr'><strong>autem</strong></span> <span class='ocrx_word' id='word_1_538' title='bbox 965 2793 1024 2813; x_wconf 85' lang='lat' dir='ltr'><strong>ver-</strong></span> 
     </span>
    </p>
   </div>
   <div class='ocr_carea' id='block_1_75' title="bbox 278 2876 879 2913">
    <p class='ocr_par' dir='ltr' id='par_1_75' title="bbox 278 2876 879 2913">
     <span class='ocr_line' id='line_1_75' title="bbox 278 2876 879 2913; baseline -0.005 -7"><span class='ocrx_word' id='word_1_539' title='bbox 278 2877 316 2912; x_wconf 78' lang='lat' dir='ltr'><strong>t7)</strong></span> <span class='ocrx_word' id='word_1_540' title='bbox 328 2878 388 2906; x_wconf 87' lang='lat' dir='ltr'><strong>Sur.</strong></span> <span class='ocrx_word' id='word_1_541' title='bbox 408 2878 451 2913; x_wconf 74' lang='lat' dir='ltr'><strong>XI,</strong></span> <span class='ocrx_word' id='word_1_542' title='bbox 466 2879 510 2910; x_wconf 74' lang='lat' dir='ltr'><strong>6t,</strong></span> <span class='ocrx_word' id='word_1_543' title='bbox 530 2878 574 2912; x_wconf 78' lang='grc'><strong>60,</strong></span> <span class='ocrx_word' id='word_1_544' title='bbox 591 2877 633 2911; x_wconf 84' lang='lat'><strong>70,</strong></span> <span class='ocrx_word' id='word_1_545' title='bbox 654 2877 687 2903; x_wconf 84' lang='lat'><strong>76</strong></span> <span class='ocrx_word' id='word_1_546' title='bbox 703 2885 760 2913; x_wconf 86' lang='lat' dir='ltr'><strong>seq.</strong></span> <span class='ocrx_word' id='word_1_547' title='bbox 779 2877 823 2909; x_wconf 79' lang='lat'><strong>85,</strong></span> <span class='ocrx_word' id='word_1_548' title='bbox 836 2876 879 2904; x_wconf 84' lang='lat'><strong>98.</strong></span> 
     </span>
    </p>
   </div>
   <div class='ocr_carea' id='block_1_76' title="bbox 1076 963 1865 1000">
    <p class='ocr_par' dir='ltr' id='par_1_76' title="bbox 1076 963 1865 1000">
     <span class='ocr_line' id='line_1_76' title="bbox 1076 963 1865 1000; baseline 0.003 -11"><span class='ocrx_word' id='word_1_549' title='bbox 1076 963 1200 997; x_wconf 83' lang='grc' dir='ltr'>στρόφως</span> <span class='ocrx_word' id='word_1_550' title='bbox 1215 963 1261 990; x_wconf 78' lang='grc' dir='ltr'><strong>καὶ</strong></span> <span class='ocrx_word' id='word_1_551' title='bbox 1274 963 1470 998; x_wconf 80' lang='grc' dir='ltr'>ἀκαταλλήλως</span> <span class='ocrx_word' id='word_1_552' title='bbox 1494 965 1561 998; x_wconf 73' lang='grc' dir='ltr'>πρὸς</span> <span class='ocrx_word' id='word_1_553' title='bbox 1575 966 1676 1000; x_wconf 74' lang='grc' dir='ltr'>ἑαυτήν</span> <span class='ocrx_word' id='word_1_554' title='bbox 1693 974 1700 982; x_wconf 68' lang='grc' dir='ltr'>υ</span> <span class='ocrx_word' id='word_1_555' title='bbox 1732 965 1865 1000; x_wconf 78' lang='grc' dir='ltr'>πρόδηλον</span> 
     </span>
    </p>
   </div>
   <div class='ocr_carea' id='block_1_77' title="bbox 1074 1007 1865 1046">
    <p class='ocr_par' dir='ltr' id='par_1_77' title="bbox 1074 1007 1865 1046">
     <span class='ocr_line' id='line_1_77' title="bbox 1074 1007 1865 1046; baseline 0.005 -13"><span class='ocrx_word' id='word_1_556' title='bbox 1074 1008 1115 1034; x_wconf 78' lang='grc' dir='ltr'>ὅτι</span> <span class='ocrx_word' id='word_1_557' title='bbox 1135 1008 1165 1034; x_wconf 88' lang='grc' dir='ltr'>οὐ</span> <span class='ocrx_word' id='word_1_558' title='bbox 1180 1007 1228 1034; x_wconf 83' lang='grc' dir='ltr'>τοῦ</span> <span class='ocrx_word' id='word_1_559' title='bbox 1239 1009 1476 1044; x_wconf 83' lang='grc' dir='ltr'>ὑπαγορεύσαντος</span> <span class='ocrx_word' id='word_1_560' title='bbox 1493 1011 1578 1043; x_wconf 78' lang='grc' dir='ltr'>αὐτήν</span> <span class='ocrx_word' id='word_1_561' title='bbox 1592 1011 1666 1037; x_wconf 72' lang='grc' dir='ltr'>ἐστιν</span> <span class='ocrx_word' id='word_1_562' title='bbox 1685 1012 1702 1045; x_wconf 86' lang='grc' dir='ltr'>ὴ</span> <span class='ocrx_word' id='word_1_563' title='bbox 1722 1011 1790 1046; x_wconf 79' lang='grc' dir='ltr'>πρὸς</span> <span class='ocrx_word' id='word_1_564' title='bbox 1816 1011 1865 1037; x_wconf 86' lang='grc' dir='ltr'><strong>αὐ-</strong></span> 
     </span>
    </p>
   </div>
   <div class='ocr_carea' id='block_1_78' title="bbox 1075 1053 1863 1092">
    <p class='ocr_par' dir='ltr' id='par_1_78' title="bbox 1075 1053 1863 1092">
     <span class='ocr_line' id='line_1_78' title="bbox 1075 1053 1863 1092; baseline 0.004 -13"><span class='ocrx_word' id='word_1_565' title='bbox 1075 1053 1120 1079; x_wconf 78' lang='grc' dir='ltr'>τὸν</span> <span class='ocrx_word' id='word_1_566' title='bbox 1134 1053 1236 1088; x_wconf 75' lang='grc' dir='ltr'>ὁμιλία,</span> <span class='ocrx_word' id='word_1_567' title='bbox 1251 1055 1298 1080; x_wconf 80' lang='grc' dir='ltr'><strong>καὶ</strong></span> <span class='ocrx_word' id='word_1_568' title='bbox 1311 1055 1327 1089; x_wconf 83' lang='grc' dir='ltr'>ἡ</span> <span class='ocrx_word' id='word_1_569' title='bbox 1341 1055 1391 1089; x_wconf 84' lang='grc' dir='ltr'>τῆς</span> <span class='ocrx_word' id='word_1_570' title='bbox 1407 1055 1520 1090; x_wconf 81' lang='grc' dir='ltr'>Γραφῆς</span> <span class='ocrx_word' id='word_1_571' title='bbox 1535 1056 1668 1089; x_wconf 86' lang='grc' dir='ltr'>νόθευσις,</span> <span class='ocrx_word' id='word_1_572' title='bbox 1690 1056 1747 1083; x_wconf 82' lang='grc' dir='ltr'>ἀλλ’</span> <span class='ocrx_word' id='word_1_573' title='bbox 1774 1056 1791 1092; x_wconf 82' lang='grc' dir='ltr'>ἢ</span> <span class='ocrx_word' id='word_1_574' title='bbox 1809 1065 1863 1082; x_wconf 85' lang='grc' dir='ltr'>πα-</span> 
     </span>
    </p>
   </div>
   <div class='ocr_carea' id='block_1_79' title="bbox 1075 1098 1864 1137">
    <p class='ocr_par' dir='ltr' id='par_1_79' title="bbox 1075 1098 1864 1137">
     <span class='ocr_line' id='line_1_79' title="bbox 1075 1098 1864 1137; baseline 0.004 -12"><span class='ocrx_word' id='word_1_575' title='bbox 1075 1099 1109 1133; x_wconf 81' lang='grc' dir='ltr'>ρὰ</span> <span class='ocrx_word' id='word_1_576' title='bbox 1118 1098 1214 1133; x_wconf 82' lang='grc' dir='ltr'>ἀνδρὸς</span> <span class='ocrx_word' id='word_1_577' title='bbox 1226 1100 1390 1134; x_wconf 87' lang='grc' dir='ltr'>Μανιχαίου,</span> <span class='ocrx_word' id='word_1_578' title='bbox 1411 1100 1427 1135; x_wconf 85' lang='grc' dir='ltr'>ἢ</span> <span class='ocrx_word' id='word_1_579' title='bbox 1441 1101 1517 1136; x_wconf 85' lang='grc' dir='ltr'>παρὰ</span> <span class='ocrx_word' id='word_1_580' title='bbox 1527 1101 1664 1136; x_wconf 73' lang='grc' dir='ltr'>δαίμονος,</span> <span class='ocrx_word' id='word_1_581' title='bbox 1690 1101 1706 1137; x_wconf 81' lang='grc' dir='ltr'><strong>ἢ</strong></span> <span class='ocrx_word' id='word_1_582' title='bbox 1722 1101 1792 1137; x_wconf 77' lang='grc' dir='ltr'>τάχα</span> <span class='ocrx_word' id='word_1_583' title='bbox 1816 1103 1864 1129; x_wconf 81' lang='grc' dir='ltr'>καὶ</span> 
     </span>
    </p>
   </div>
   <div class='ocr_carea' id='block_1_80' title="bbox 1073 1144 1864 1182">
    <p class='ocr_par' dir='ltr' id='par_1_80' title="bbox 1073 1144 1864 1182">
     <span class='ocr_line' id='line_1_80' title="bbox 1073 1144 1864 1182; baseline 0.005 -12"><span class='ocrx_word' id='word_1_584' title='bbox 1073 1144 1214 1179; x_wconf 76' lang='grc' dir='ltr'>ἐθελοντὴς</span> <span class='ocrx_word' id='word_1_585' title='bbox 1228 1147 1386 1181; x_wconf 84' lang='grc' dir='ltr'>κακουργεῖ,</span> <span class='ocrx_word' id='word_1_586' title='bbox 1413 1146 1484 1180; x_wconf 79' lang='grc' dir='ltr'>ὑπὲρ</span> <span class='ocrx_word' id='word_1_587' title='bbox 1505 1147 1626 1173; x_wconf 74' lang='grc' dir='ltr'>Μωῦσέα</span> <span class='ocrx_word' id='word_1_588' title='bbox 1647 1147 1744 1174; x_wconf 80' lang='grc' dir='ltr'>ἑαυτὸν</span> <span class='ocrx_word' id='word_1_589' title='bbox 1761 1148 1864 1182; x_wconf 77' lang='grc' dir='ltr'>ἐπᾶραι</span> 
     </span>
    </p>
   </div>
   <div class='ocr_carea' id='block_1_81' title="bbox 1073 1189 1863 1227">
    <p class='ocr_par' dir='ltr' id='par_1_81' title="bbox 1073 1189 1863 1227">
     <span class='ocr_line' id='line_1_81' title="bbox 1073 1189 1863 1227; baseline 0.004 -11"><span class='ocrx_word' id='word_1_590' title='bbox 1073 1189 1169 1216; x_wconf 81' lang='grc' dir='ltr'>θέλων.</span> <span class='ocrx_word' id='word_1_591' title='bbox 1181 1190 1236 1216; x_wconf 75' lang='grc' dir='ltr'><strong>Καὶ</strong></span> <span class='ocrx_word' id='word_1_592' title='bbox 1250 1190 1317 1225; x_wconf 81' lang='grc' dir='ltr'>πρὸς</span> <span class='ocrx_word' id='word_1_593' title='bbox 1334 1191 1439 1223; x_wconf 79' lang='grc' dir='ltr'>τούτοις</span> <span class='ocrx_word' id='word_1_594' title='bbox 1455 1191 1499 1217; x_wconf 83' lang='grc' dir='ltr'>τὸν</span> <span class='ocrx_word' id='word_1_595' title='bbox 1512 1191 1597 1219; x_wconf 82' lang='grc' dir='ltr'>Ζάλεο</span> <span class='ocrx_word' id='word_1_596' title='bbox 1618 1193 1770 1227; x_wconf 80' lang='grc' dir='ltr'>εἰσηγεῖται</span> <span class='ocrx_word' id='word_1_597' title='bbox 1794 1201 1863 1227; x_wconf 86' lang='grc' dir='ltr'>προ-</span> 
     </span>
    </p>
   </div>
   <div class='ocr_carea' id='block_1_82' title="bbox 1073 1235 1864 1271">
    <p class='ocr_par' dir='ltr' id='par_1_82' title="bbox 1073 1235 1864 1271">
     <span class='ocr_line' id='line_1_82' title="bbox 1073 1235 1864 1271; baseline 0.004 -10"><span class='ocrx_word' id='word_1_598' title='bbox 1073 1236 1163 1270; x_wconf 78' lang='grc' dir='ltr'>φήτην</span> <span class='ocrx_word' id='word_1_599' title='bbox 1177 1235 1215 1270; x_wconf 87' lang='grc'><strong>(7)</strong></span> <span class='ocrx_word' id='word_1_600' title='bbox 1228 1235 1276 1262; x_wconf 64' lang='grc' dir='ltr'>καὶ</span> <span class='ocrx_word' id='word_1_601' title='bbox 1290 1236 1449 1262; x_wconf 76' lang='grc' dir='ltr'>διδάσκαλον</span> <span class='ocrx_word' id='word_1_602' title='bbox 1469 1236 1534 1263; x_wconf 83' lang='grc' dir='ltr'>λαοῦ</span> <span class='ocrx_word' id='word_1_603' title='bbox 1559 1237 1700 1271; x_wconf 82' lang='grc' dir='ltr'>ἀγνώστου</span> <span class='ocrx_word' id='word_1_604' title='bbox 1717 1245 1724 1253; x_wconf 86' lang='grc'><strong>·</strong></span> <span class='ocrx_word' id='word_1_605' title='bbox 1748 1238 1796 1265; x_wconf 80' lang='grc' dir='ltr'>καὶ</span> <span class='ocrx_word' id='word_1_606' title='bbox 1822 1238 1864 1265; x_wconf 76' lang='grc' dir='ltr'>ὅτι</span> 
     </span>
    </p>
   </div>
   <div class='ocr_carea' id='block_1_83' title="bbox 1073 1281 1862 1317">
    <p class='ocr_par' dir='ltr' id='par_1_83' title="bbox 1073 1281 1862 1317">
     <span class='ocr_line' id='line_1_83' title="bbox 1073 1281 1862 1317; baseline 0.004 -10"><span class='ocrx_word' id='word_1_607' title='bbox 1073 1281 1237 1307; x_wconf 81' lang='grc' dir='ltr'>διεστείλατο</span> <span class='ocrx_word' id='word_1_608' title='bbox 1253 1281 1343 1312; x_wconf 78' lang='grc' dir='ltr'>αὐτοῖς</span> <span class='ocrx_word' id='word_1_609' title='bbox 1356 1281 1402 1307; x_wconf 78' lang='grc' dir='ltr'><strong>τοῦ</strong></span> <span class='ocrx_word' id='word_1_610' title='bbox 1415 1281 1452 1316; x_wconf 86' lang='grc' dir='ltr'>μὴ</span> <span class='ocrx_word' id='word_1_611' title='bbox 1475 1282 1575 1316; x_wconf 70' lang='grc' dir='ltr'>βλάψαι</span> <span class='ocrx_word' id='word_1_612' title='bbox 1590 1283 1713 1317; x_wconf 83' lang='grc' dir='ltr'>κάμηλόν</span> <span class='ocrx_word' id='word_1_613' title='bbox 1732 1292 1793 1310; x_wconf 86' lang='grc' dir='ltr'>τινα</span> <span class='ocrx_word' id='word_1_614' title='bbox 1818 1291 1862 1309; x_wconf 87' lang='grc' dir='ltr'>νε-</span> 
     </span>
    </p>
   </div>
   <div class='ocr_carea' id='block_1_84' title="bbox 1075 1325 1861 1362">
    <p class='ocr_par' dir='ltr' id='par_1_84' title="bbox 1075 1325 1861 1362">
     <span class='ocr_line' id='line_1_84' title="bbox 1075 1325 1861 1362; baseline 0.004 -12"><span class='ocrx_word' id='word_1_615' title='bbox 1075 1325 1196 1360; x_wconf 80' lang='grc' dir='ltr'>μομένην</span> <span class='ocrx_word' id='word_1_616' title='bbox 1223 1326 1252 1351; x_wconf 81' lang='grc' dir='ltr'>ἐν</span> <span class='ocrx_word' id='word_1_617' title='bbox 1274 1325 1389 1359; x_wconf 77' lang='grc' dir='ltr'>ἀγροῖς·</span> <span class='ocrx_word' id='word_1_618' title='bbox 1418 1326 1465 1352; x_wconf 75' lang='grc' dir='ltr'>καὶ</span> <span class='ocrx_word' id='word_1_619' title='bbox 1491 1326 1532 1352; x_wconf 82' lang='grc' dir='ltr'>ὅτι</span> <span class='ocrx_word' id='word_1_620' title='bbox 1551 1328 1651 1353; x_wconf 71' lang='grc' dir='ltr'>ἐκεῖνοι</span> <span class='ocrx_word' id='word_1_621' title='bbox 1677 1327 1861 1362; x_wconf 75' lang='grc' dir='ltr'>παραϐάντες,</span> 
     </span>
    </p>
   </div>
   <div class='ocr_carea' id='block_1_85' title="bbox 1073 1365 1863 1407">
    <p class='ocr_par' dir='ltr' id='par_1_85' title="bbox 1073 1365 1863 1407">
     <span class='ocr_line' id='line_1_85' title="bbox 1073 1365 1863 1407; baseline 0.004 -11"><span class='ocrx_word' id='word_1_622' title='bbox 1073 1371 1219 1404; x_wconf 76' lang='grc' dir='ltr'>ἐφόνευσαν</span> <span class='ocrx_word' id='word_1_623' title='bbox 1234 1370 1329 1405; x_wconf 78' lang='grc' dir='ltr'>αὐτὴν,</span> <span class='ocrx_word' id='word_1_624' title='bbox 1339 1371 1385 1397; x_wconf 76' lang='grc' dir='ltr'>καὶ</span> <span class='ocrx_word' id='word_1_625' title='bbox 1398 1371 1616 1406; x_wconf 77' lang='grc' dir='ltr'>κατελείφθησαν</span> <span class='ocrx_word' id='word_1_626' title='bbox 1646 1365 1754 1406; x_wconf 56' lang='lat' dir='ltr'><strong>EtEt-ip;</strong></span> <span class='ocrx_word' id='word_1_627' title='bbox 1770 1372 1863 1407; x_wconf 79' lang='grc' dir='ltr'>κάμη-</span> 
     </span>
    </p>
   </div>
   <div class='ocr_carea' id='block_1_86' title="bbox 1073 1416 1862 1452">
    <p class='ocr_par' dir='ltr' id='par_1_86' title="bbox 1073 1416 1862 1452">
     <span class='ocr_line' id='line_1_86' title="bbox 1073 1416 1862 1452; baseline 0.001 -10"><span class='ocrx_word' id='word_1_628' title='bbox 1073 1416 1118 1443; x_wconf 79' lang='grc' dir='ltr'><strong>λον</strong></span> <span class='ocrx_word' id='word_1_629' title='bbox 1130 1417 1159 1443; x_wconf 85' lang='grc' dir='ltr'>ὲν</span> <span class='ocrx_word' id='word_1_630' title='bbox 1171 1416 1240 1452; x_wconf 80' lang='grc' dir='ltr'>ὀργῇ</span> <span class='ocrx_word' id='word_1_631' title='bbox 1255 1416 1323 1443; x_wconf 81' lang='grc' dir='ltr'>Θεοῦ</span> <span class='ocrx_word' id='word_1_632' title='bbox 1339 1417 1379 1448; x_wconf 76' lang='grc' dir='ltr'>εἰς</span> <span class='ocrx_word' id='word_1_633' title='bbox 1403 1416 1452 1447; x_wconf 78' lang='grc' dir='ltr'><strong>τὰς</strong></span> <span class='ocrx_word' id='word_1_634' title='bbox 1465 1416 1550 1448; x_wconf 76' lang='grc' dir='ltr'>αὐλὰς</span> <span class='ocrx_word' id='word_1_635' title='bbox 1579 1417 1670 1444; x_wconf 79' lang='grc' dir='ltr'>αὐτῶν</span> <span class='ocrx_word' id='word_1_636' title='bbox 1692 1417 1862 1452; x_wconf 74' lang='grc' dir='ltr'>ὲξαρὼμενοι</span> 
     </span>
    </p>
   </div>
   <div class='ocr_carea' id='block_1_87' title="bbox 1071 1462 1863 1499">
    <p class='ocr_par' dir='ltr' id='par_1_87' title="bbox 1071 1462 1863 1499">
     <span class='ocr_line' id='line_1_87' title="bbox 1071 1462 1863 1499; baseline 0.004 -11"><span class='ocrx_word' id='word_1_637' title='bbox 1071 1463 1109 1495; x_wconf 79' lang='grc' dir='ltr'>ὡς</span> <span class='ocrx_word' id='word_1_638' title='bbox 1136 1463 1173 1498; x_wconf 82' lang='grc' dir='ltr'>μὴ</span> <span class='ocrx_word' id='word_1_639' title='bbox 1206 1463 1336 1496; x_wconf 81' lang='grc' dir='ltr'>φανέντες</span> <span class='ocrx_word' id='word_1_640' title='bbox 1351 1471 1360 1478; x_wconf 73' lang='grc' dir='ltr'><strong><em>ο</em></strong></span> <span class='ocrx_word' id='word_1_641' title='bbox 1389 1463 1505 1498; x_wconf 72' lang='grc' dir='ltr'>φοϐερὸν</span> <span class='ocrx_word' id='word_1_642' title='bbox 1530 1462 1560 1490; x_wconf 79' lang='grc' dir='ltr'>τὸ</span> <span class='ocrx_word' id='word_1_643' title='bbox 1573 1462 1620 1489; x_wconf 85' lang='grc' dir='ltr'>τοῦ</span> <span class='ocrx_word' id='word_1_644' title='bbox 1640 1463 1779 1499; x_wconf 74' lang='grc' dir='ltr'>βαρϐάρου</span> <span class='ocrx_word' id='word_1_645' title='bbox 1795 1463 1863 1491; x_wconf 76' lang='grc' dir='ltr'>ὑπό-</span> 
     </span>
    </p>
   </div>
   <div class='ocr_carea' id='block_1_88' title="bbox 1072 1507 1864 1545">
    <p class='ocr_par' dir='ltr' id='par_1_88' title="bbox 1072 1507 1864 1545">
     <span class='ocr_line' id='line_1_88' title="bbox 1072 1507 1864 1545; baseline 0.001 -10"><span class='ocrx_word' id='word_1_646' title='bbox 1072 1509 1172 1543; x_wconf 88' lang='grc' dir='ltr'>δειγμα</span> <span class='ocrx_word' id='word_1_647' title='bbox 1188 1509 1217 1534; x_wconf 82' lang='grc' dir='ltr'>ὲν</span> <span class='ocrx_word' id='word_1_648' title='bbox 1230 1509 1307 1539; x_wconf 82' lang='grc' dir='ltr'>πᾶσι,</span> <span class='ocrx_word' id='word_1_649' title='bbox 1339 1508 1409 1544; x_wconf 82' lang='grc' dir='ltr'>πλὴν</span> <span class='ocrx_word' id='word_1_650' title='bbox 1433 1507 1463 1535; x_wconf 83' lang='grc' dir='ltr'>τὸ</span> <span class='ocrx_word' id='word_1_651' title='bbox 1493 1508 1592 1543; x_wconf 87' lang='grc' dir='ltr'>ἀληθὲς</span> <span class='ocrx_word' id='word_1_652' title='bbox 1613 1509 1762 1545; x_wconf 75' lang='grc' dir='ltr'>πεφηνέναι</span> <span class='ocrx_word' id='word_1_653' title='bbox 1780 1517 1788 1525; x_wconf 90' lang='grc'><strong>·</strong></span> <span class='ocrx_word' id='word_1_654' title='bbox 1816 1509 1864 1543; x_wconf 67' lang='grc' dir='ltr'><strong>μὲν</strong></span> 
     </span>
    </p>
   </div>
   <div class='ocr_carea' id='block_1_89' title="bbox 1074 1553 1862 1590">
    <p class='ocr_par' dir='ltr' id='par_1_89' title="bbox 1074 1553 1862 1590">
     <span class='ocr_line' id='line_1_89' title="bbox 1074 1553 1862 1590; baseline 0.001 -10"><span class='ocrx_word' id='word_1_655' title='bbox 1074 1562 1174 1589; x_wconf 87' lang='grc' dir='ltr'>μνηται</span> <span class='ocrx_word' id='word_1_656' title='bbox 1190 1554 1275 1581; x_wconf 75' lang='grc' dir='ltr'>δὲκαὶ</span> <span class='ocrx_word' id='word_1_657' title='bbox 1289 1555 1338 1589; x_wconf 83' lang='grc' dir='ltr'>τῆς</span> <span class='ocrx_word' id='word_1_658' title='bbox 1349 1554 1413 1589; x_wconf 66' lang='grc' dir='ltr'><strong>περί¹</strong></span> <span class='ocrx_word' id='word_1_659' title='bbox 1425 1553 1471 1581; x_wconf 83' lang='grc' dir='ltr'>τὸν</span> <span class='ocrx_word' id='word_1_660' title='bbox 1491 1553 1617 1590; x_wconf 72' lang='grc' dir='ltr'>Ἀϐραὰμ</span> <span class='ocrx_word' id='word_1_661' title='bbox 1643 1554 1714 1582; x_wconf 87' lang='grc' dir='ltr'><strong>κατά</strong></span> <span class='ocrx_word' id='word_1_662' title='bbox 1741 1554 1792 1589; x_wconf 85' lang='grc' dir='ltr'>τὴν</span> <span class='ocrx_word' id='word_1_663' title='bbox 1813 1555 1862 1588; x_wconf 87' lang='grc' dir='ltr'><strong>τῆς</strong></span> 
     </span>
    </p>
   </div>
   <div class='ocr_carea' id='block_1_90' title="bbox 1077 1598 1862 1635">
    <p class='ocr_par' dir='ltr' id='par_1_90' title="bbox 1077 1598 1862 1635">
     <span class='ocr_line' id='line_1_90' title="bbox 1077 1598 1862 1635; baseline -0.001 -8"><span class='ocrx_word' id='word_1_664' title='bbox 1077 1599 1249 1635; x_wconf 78' lang='grc' dir='ltr'>μεσημϐρίας</span> <span class='ocrx_word' id='word_1_665' title='bbox 1261 1598 1404 1632; x_wconf 74' lang='grc' dir='ltr'>ὀπτασίαν,</span> <span class='ocrx_word' id='word_1_666' title='bbox 1419 1599 1466 1626; x_wconf 76' lang='grc' dir='ltr'>καὶ</span> <span class='ocrx_word' id='word_1_667' title='bbox 1480 1600 1527 1626; x_wconf 79' lang='grc' dir='ltr'>τοῦ</span> <span class='ocrx_word' id='word_1_668' title='bbox 1542 1600 1605 1626; x_wconf 86' lang='grc' dir='ltr'><strong>Λώτ</strong></span> <span class='ocrx_word' id='word_1_669' title='bbox 1616 1607 1623 1614; x_wconf 82' lang='lat'>&#39;</span> <span class='ocrx_word' id='word_1_670' title='bbox 1640 1599 1688 1626; x_wconf 73' lang='grc' dir='ltr'>καὶ</span> <span class='ocrx_word' id='word_1_671' title='bbox 1700 1599 1862 1635; x_wconf 88' lang='grc' dir='ltr'>παρασολοι-</span> 
     </span>
    </p>
   </div>
   <div class='ocr_carea' id='block_1_91' title="bbox 1075 1645 1860 1680">
    <p class='ocr_par' dir='ltr' id='par_1_91' title="bbox 1075 1645 1860 1680">
     <span class='ocr_line' id='line_1_91' title="bbox 1075 1645 1860 1680; baseline -0.001 -9"><span class='ocrx_word' id='word_1_672' title='bbox 1075 1645 1147 1678; x_wconf 77' lang='grc' dir='ltr'>κίζει</span> <span class='ocrx_word' id='word_1_673' title='bbox 1178 1645 1267 1672; x_wconf 79' lang='grc' dir='ltr'>πάντα</span> <span class='ocrx_word' id='word_1_674' title='bbox 1293 1645 1340 1671; x_wconf 73' lang='grc' dir='ltr'>καὶ</span> <span class='ocrx_word' id='word_1_675' title='bbox 1364 1646 1482 1679; x_wconf 83' lang='grc' dir='ltr'>συγχεῖ·</span> <span class='ocrx_word' id='word_1_676' title='bbox 1512 1646 1587 1680; x_wconf 80' lang='grc' dir='ltr'>ὅμως</span> <span class='ocrx_word' id='word_1_677' title='bbox 1612 1645 1661 1680; x_wconf 86' lang='grc' dir='ltr'>τὴν</span> <span class='ocrx_word' id='word_1_678' title='bbox 1683 1646 1730 1672; x_wconf 77' lang='grc' dir='ltr'><strong>ἐπὶ</strong></span> <span class='ocrx_word' id='word_1_679' title='bbox 1757 1645 1860 1679; x_wconf 82' lang='grc' dir='ltr'>Σόδομα</span> 
     </span>
    </p>
   </div>
   <div class='ocr_carea' id='block_1_92' title="bbox 1076 1690 1861 1727">
    <p class='ocr_par' dir='ltr' id='par_1_92' title="bbox 1076 1690 1861 1727">
     <span class='ocr_line' id='line_1_92' title="bbox 1076 1690 1861 1727; baseline -0.003 -9"><span class='ocrx_word' id='word_1_680' title='bbox 1076 1691 1283 1727; x_wconf 85' lang='grc' dir='ltr'>κατενεχθεῖσαν</span> <span class='ocrx_word' id='word_1_681' title='bbox 1299 1691 1384 1726; x_wconf 83' lang='grc' dir='ltr'>ὀργὴν</span> <span class='ocrx_word' id='word_1_682' title='bbox 1400 1690 1509 1723; x_wconf 74' lang='grc' dir='ltr'>ἐξέθετο</span> <span class='ocrx_word' id='word_1_683' title='bbox 1530 1699 1537 1706; x_wconf 91' lang='grc'>·</span> <span class='ocrx_word' id='word_1_684' title='bbox 1555 1691 1637 1718; x_wconf 85' lang='grc' dir='ltr'>πάλιν</span> <span class='ocrx_word' id='word_1_685' title='bbox 1653 1691 1681 1717; x_wconf 83' lang='grc' dir='ltr'>δὲ</span> <span class='ocrx_word' id='word_1_686' title='bbox 1701 1690 1747 1717; x_wconf 83' lang='grc' dir='ltr'>τοῦ</span> <span class='ocrx_word' id='word_1_687' title='bbox 1761 1690 1861 1724; x_wconf 77' lang='grc' dir='ltr'>ἀδήλου</span> 
     </span>
    </p>
   </div>
   <div class='ocr_carea' id='block_1_93' title="bbox 1076 1733 1861 1771">
    <p class='ocr_par' dir='ltr' id='par_1_93' title="bbox 1076 1733 1861 1771">
     <span class='ocr_line' id='line_1_93' title="bbox 1076 1733 1861 1771; baseline -0.004 -8"><span class='ocrx_word' id='word_1_688' title='bbox 1076 1736 1178 1770; x_wconf 80' lang='grc' dir='ltr'>Σωαὴπ</span> <span class='ocrx_word' id='word_1_689' title='bbox 1200 1736 1338 1771; x_wconf 84' lang='grc' dir='ltr'>μέμνηται</span> <span class='ocrx_word' id='word_1_690' title='bbox 1359 1735 1405 1762; x_wconf 74' lang='grc' dir='ltr'>τοῦ</span> <span class='ocrx_word' id='word_1_691' title='bbox 1429 1735 1605 1765; x_wconf 64' lang='grc' dir='ltr'>Μαδιανίτου.</span> <span class='ocrx_word' id='word_1_692' title='bbox 1628 1734 1654 1761; x_wconf 73' lang='grc' dir='ltr'><strong>εἰ</strong></span> <span class='ocrx_word' id='word_1_693' title='bbox 1674 1743 1724 1766; x_wconf 16' lang='grc' dir='ltr'>,τις</span> <span class='ocrx_word' id='word_1_694' title='bbox 1742 1733 1795 1769; x_wconf 81' lang='grc' dir='ltr'>ἄρα</span> <span class='ocrx_word' id='word_1_695' title='bbox 1812 1734 1861 1760; x_wconf 77' lang='grc' dir='ltr'>καὶ</span> 
     </span>
    </p>
   </div>
   <div class='ocr_carea' id='block_1_94' title="bbox 1075 1779 1862 1816">
    <p class='ocr_par' dir='ltr' id='par_1_94' title="bbox 1075 1779 1862 1816">
     <span class='ocr_line' id='line_1_94' title="bbox 1075 1779 1862 1816; baseline -0.003 -8"><span class='ocrx_word' id='word_1_696' title='bbox 1075 1782 1208 1816; x_wconf 71' lang='grc' dir='ltr'>ἐγεγόνει,</span> <span class='ocrx_word' id='word_1_697' title='bbox 1225 1783 1272 1809; x_wconf 80' lang='grc' dir='ltr'>καὶ</span> <span class='ocrx_word' id='word_1_698' title='bbox 1284 1781 1338 1807; x_wconf 85' lang='grc' dir='ltr'>τῶν</span> <span class='ocrx_word' id='word_1_699' title='bbox 1358 1781 1404 1807; x_wconf 76' lang='grc' dir='ltr'><strong>ἐπὶ</strong></span> <span class='ocrx_word' id='word_1_700' title='bbox 1415 1780 1514 1816; x_wconf 76' lang='grc' dir='ltr'>Φαραώ</span> <span class='ocrx_word' id='word_1_701' title='bbox 1526 1789 1533 1796; x_wconf 92' lang='grc'><strong>·</strong></span> <span class='ocrx_word' id='word_1_702' title='bbox 1550 1781 1596 1807; x_wconf 72' lang='grc' dir='ltr'>καὶ</span> <span class='ocrx_word' id='word_1_703' title='bbox 1609 1780 1797 1809; x_wconf 82' lang='grc' dir='ltr'>ὲπισυνάπτει.</span> <span class='ocrx_word' id='word_1_704' title='bbox 1816 1779 1862 1806; x_wconf 76' lang='grc' dir='ltr'>καὶ</span> 
     </span>
    </p>
   </div>
   <div class='ocr_carea' id='block_1_95' title="bbox 1075 1826 1858 1863">
    <p class='ocr_par' dir='ltr' id='par_1_95' title="bbox 1075 1826 1858 1863">
     <span class='ocr_line' id='line_1_95' title="bbox 1075 1826 1858 1863; baseline -0.003 -9"><span class='ocrx_word' id='word_1_705' title='bbox 1075 1829 1124 1863; x_wconf 79' lang='grc' dir='ltr'><strong>τὴν</strong></span> <span class='ocrx_word' id='word_1_706' title='bbox 1141 1826 1224 1855; x_wconf 81' lang='grc' dir='ltr'>αὑτοῦ</span> <span class='ocrx_word' id='word_1_707' title='bbox 1247 1827 1490 1863; x_wconf 80' lang='grc' dir='ltr'>ματαιοκηρυξίαν,</span> <span class='ocrx_word' id='word_1_708' title='bbox 1513 1828 1552 1854; x_wconf 79' lang='grc' dir='ltr'><strong>ότι</strong></span> <span class='ocrx_word' id='word_1_709' title='bbox 1573 1827 1649 1858; x_wconf 81' lang='grc' dir='ltr'>Ἐνός</span> <span class='ocrx_word' id='word_1_710' title='bbox 1667 1836 1739 1858; x_wconf 84' lang='grc' dir='ltr'>τινος</span> <span class='ocrx_word' id='word_1_711' title='bbox 1753 1826 1858 1852; x_wconf 82' lang='grc' dir='ltr'>τούτων</span> 
     </span>
    </p>
   </div>
   <div class='ocr_carea' id='block_1_96' title="bbox 1077 1871 1862 1908">
    <p class='ocr_par' dir='ltr' id='par_1_96' title="bbox 1077 1871 1862 1908">
     <span class='ocr_line' id='line_1_96' title="bbox 1077 1871 1862 1908; baseline -0.003 -8"><span class='ocrx_word' id='word_1_712' title='bbox 1077 1873 1144 1906; x_wconf 78' lang='grc' dir='ltr'>ἴσον,</span> <span class='ocrx_word' id='word_1_713' title='bbox 1164 1874 1209 1900; x_wconf 79' lang='grc' dir='ltr'>καὶ</span> <span class='ocrx_word' id='word_1_714' title='bbox 1227 1874 1290 1904; x_wconf 84' lang='grc' dir='ltr'>τοὺς</span> <span class='ocrx_word' id='word_1_715' title='bbox 1308 1873 1391 1907; x_wconf 78' lang='grc' dir='ltr'>ἐμοὺς</span> <span class='ocrx_word' id='word_1_716' title='bbox 1406 1872 1593 1908; x_wconf 79' lang='grc' dir='ltr'>παραδέξασθε</span> <span class='ocrx_word' id='word_1_717' title='bbox 1613 1872 1708 1906; x_wconf 77' lang='grc' dir='ltr'>λόγους</span> <span class='ocrx_word' id='word_1_718' title='bbox 1727 1881 1734 1887; x_wconf 90' lang='grc'>·</span> <span class='ocrx_word' id='word_1_719' title='bbox 1762 1871 1810 1898; x_wconf 76' lang='grc' dir='ltr'>καὶ</span> <span class='ocrx_word' id='word_1_720' title='bbox 1833 1872 1862 1898; x_wconf 77' lang='grc' dir='ltr'>ὲν</span> 
     </span>
    </p>
   </div>
   <div class='ocr_carea' id='block_1_97' title="bbox 1075 1915 1863 1954">
    <p class='ocr_par' dir='ltr' id='par_1_97' title="bbox 1075 1915 1863 1954">
     <span class='ocr_line' id='line_1_97' title="bbox 1075 1915 1863 1954; baseline -0.004 -8"><span class='ocrx_word' id='word_1_721' title='bbox 1075 1919 1180 1950; x_wconf 84' lang='grc' dir='ltr'>τούτοις</span> <span class='ocrx_word' id='word_1_722' title='bbox 1195 1919 1240 1946; x_wconf 72' lang='grc' dir='ltr'><strong>τὸν</strong></span> <span class='ocrx_word' id='word_1_723' title='bbox 1253 1918 1391 1954; x_wconf 73' lang='grc' dir='ltr'>φλήναφον</span> <span class='ocrx_word' id='word_1_724' title='bbox 1407 1919 1556 1953; x_wconf 76' lang='grc' dir='ltr'>ὲπετέμετο</span> <span class='ocrx_word' id='word_1_725' title='bbox 1570 1925 1578 1933; x_wconf 68' lang='grc' dir='ltr'><strong>ο</strong></span> <span class='ocrx_word' id='word_1_726' title='bbox 1598 1918 1708 1944; x_wconf 82' lang='grc' dir='ltr'>σκοπεῖν</span> <span class='ocrx_word' id='word_1_727' title='bbox 1723 1917 1751 1943; x_wconf 81' lang='grc' dir='ltr'>δὲ</span> <span class='ocrx_word' id='word_1_728' title='bbox 1769 1917 1809 1943; x_wconf 82' lang='grc' dir='ltr'>δεῖ</span> <span class='ocrx_word' id='word_1_729' title='bbox 1832 1915 1863 1942; x_wconf 80' lang='grc' dir='ltr'>τὸ</span> 
     </span>
    </p>
   </div>
   <div class='ocr_carea' id='block_1_98' title="bbox 1075 1963 1862 2000">
    <p class='ocr_par' dir='ltr' id='par_1_98' title="bbox 1075 1963 1862 2000">
     <span class='ocr_line' id='line_1_98' title="bbox 1075 1963 1862 2000; baseline -0.004 -8"><span class='ocrx_word' id='word_1_730' title='bbox 1075 1965 1121 1993; x_wconf 78' lang='grc' dir='ltr'>τοῦ</span> <span class='ocrx_word' id='word_1_731' title='bbox 1139 1965 1276 2000; x_wconf 80' lang='grc' dir='ltr'>βαρϐάρου</span> <span class='ocrx_word' id='word_1_732' title='bbox 1291 1964 1431 1999; x_wconf 80' lang='grc' dir='ltr'>ἀλόγιστον</span> <span class='ocrx_word' id='word_1_733' title='bbox 1448 1966 1475 1990; x_wconf 81' lang='grc' dir='ltr'>ὲν</span> <span class='ocrx_word' id='word_1_734' title='bbox 1486 1964 1543 1995; x_wconf 79' lang='grc' dir='ltr'>τοῖς</span> <span class='ocrx_word' id='word_1_735' title='bbox 1552 1963 1682 1995; x_wconf 81' lang='grc' dir='ltr'>τοιούτοις</span> <span class='ocrx_word' id='word_1_736' title='bbox 1695 1963 1778 1990; x_wconf 80' lang='grc' dir='ltr'>αὑτοῦ</span> <span class='ocrx_word' id='word_1_737' title='bbox 1795 1963 1862 1990; x_wconf 81' lang='grc' dir='ltr'>ὑπο-</span> 
     </span>
    </p>
   </div>
   <div class='ocr_carea' id='block_1_99' title="bbox 1075 2008 1862 2046">
    <p class='ocr_par' dir='ltr' id='par_1_99' title="bbox 1075 2008 1862 2046">
     <span class='ocr_line' id='line_1_99' title="bbox 1075 2008 1862 2046; baseline -0.005 -8"><span class='ocrx_word' id='word_1_738' title='bbox 1075 2011 1231 2046; x_wconf 81' lang='grc' dir='ltr'>δείγμασιν,</span> <span class='ocrx_word' id='word_1_739' title='bbox 1259 2011 1301 2037; x_wconf 81' lang='grc' dir='ltr'>ὅτι</span> <span class='ocrx_word' id='word_1_740' title='bbox 1323 2010 1376 2036; x_wconf 81' lang='grc' dir='ltr'>τῶν</span> <span class='ocrx_word' id='word_1_741' title='bbox 1392 2009 1441 2044; x_wconf 84' lang='grc' dir='ltr'>μὲν</span> <span class='ocrx_word' id='word_1_742' title='bbox 1456 2008 1568 2041; x_wconf 78' lang='grc' dir='ltr'>ἐνδόξων</span> <span class='ocrx_word' id='word_1_743' title='bbox 1599 2009 1752 2044; x_wconf 83' lang='grc' dir='ltr'>προσώπων</span> <span class='ocrx_word' id='word_1_744' title='bbox 1777 2008 1862 2039; x_wconf 80' lang='grc' dir='ltr'>ἀδεῶς</span> 
     </span>
    </p>
   </div>
   <div class='ocr_carea' id='block_1_100' title="bbox 1076 2055 1861 2092">
    <p class='ocr_par' dir='ltr' id='par_1_100' title="bbox 1076 2055 1861 2092">
     <span class='ocr_line' id='line_1_100' title="bbox 1076 2055 1861 2092; baseline -0.005 -8"><span class='ocrx_word' id='word_1_745' title='bbox 1076 2057 1287 2092; x_wconf 75' lang='grc' dir='ltr'>ἐμνημόνευσεν,</span> <span class='ocrx_word' id='word_1_746' title='bbox 1303 2056 1352 2091; x_wconf 86' lang='grc' dir='ltr'>τὴν</span> <span class='ocrx_word' id='word_1_747' title='bbox 1368 2056 1493 2083; x_wconf 72' lang='grc' dir='ltr'>ἐναντίαν</span> <span class='ocrx_word' id='word_1_748' title='bbox 1507 2056 1535 2082; x_wconf 80' lang='grc' dir='ltr'>δὲ</span> <span class='ocrx_word' id='word_1_749' title='bbox 1550 2056 1641 2087; x_wconf 85' lang='grc' dir='ltr'>αὐτοῖς</span> <span class='ocrx_word' id='word_1_750' title='bbox 1668 2055 1861 2091; x_wconf 82' lang='grc' dir='ltr'>πορευόμενος,</span> 
     </span>
    </p>
   </div>
   <div class='ocr_carea' id='block_1_101' title="bbox 1075 2100 1861 2137">
    <p class='ocr_par' dir='ltr' id='par_1_101' title="bbox 1075 2100 1861 2137">
     <span class='ocr_line' id='line_1_101' title="bbox 1075 2100 1861 2137; baseline -0.005 -7"><span class='ocrx_word' id='word_1_751' title='bbox 1075 2104 1147 2130; x_wconf 86' lang='grc' dir='ltr'>δυοῖν</span> <span class='ocrx_word' id='word_1_752' title='bbox 1162 2103 1275 2137; x_wconf 85' lang='grc' dir='ltr'>θάτερον</span> <span class='ocrx_word' id='word_1_753' title='bbox 1293 2102 1429 2136; x_wconf 55' lang='grc' dir='ltr'>ἔπασχεν</span> <span class='ocrx_word' id='word_1_754' title='bbox 1447 2102 1464 2136; x_wconf 78' lang='grc' dir='ltr'><strong>ἢ</strong></span> <span class='ocrx_word' id='word_1_755' title='bbox 1489 2101 1543 2136; x_wconf 84' lang='grc' dir='ltr'><strong>γὰρ</strong></span> <span class='ocrx_word' id='word_1_756' title='bbox 1560 2101 1590 2128; x_wconf 84' lang='grc' dir='ltr'>οὺ</span> <span class='ocrx_word' id='word_1_757' title='bbox 1608 2101 1694 2127; x_wconf 78' lang='grc' dir='ltr'>συνίει</span> <span class='ocrx_word' id='word_1_758' title='bbox 1717 2100 1796 2127; x_wconf 78' lang='grc' dir='ltr'>τοῦτο</span> <span class='ocrx_word' id='word_1_759' title='bbox 1811 2108 1861 2125; x_wconf 85' lang='grc' dir='ltr'>πε-</span> 
     </span>
    </p>
   </div>
   <div class='ocr_carea' id='block_1_102' title="bbox 1077 2144 1861 2183">
    <p class='ocr_par' dir='ltr' id='par_1_102' title="bbox 1077 2144 1861 2183">
     <span class='ocr_line' id='line_1_102' title="bbox 1077 2144 1861 2183; baseline -0.008 -7"><span class='ocrx_word' id='word_1_760' title='bbox 1077 2149 1192 2181; x_wconf 75' lang='grc' dir='ltr'>πονθὼς,</span> <span class='ocrx_word' id='word_1_761' title='bbox 1210 2150 1227 2183; x_wconf 79' lang='grc' dir='ltr'>ἢ</span> <span class='ocrx_word' id='word_1_762' title='bbox 1240 2148 1332 2174; x_wconf 83' lang='grc' dir='ltr'>λαθεῖν</span> <span class='ocrx_word' id='word_1_763' title='bbox 1348 2148 1456 2178; x_wconf 76' lang='grc' dir='ltr'>πάντως</span> <span class='ocrx_word' id='word_1_764' title='bbox 1467 2147 1592 2182; x_wconf 72' lang='grc' dir='ltr'>ἐνόμισεν</span> <span class='ocrx_word' id='word_1_765' title='bbox 1609 2155 1616 2161; x_wconf 81' lang='lat'><strong>&#39;</strong></span> <span class='ocrx_word' id='word_1_766' title='bbox 1636 2145 1694 2173; x_wconf 75' lang='grc' dir='ltr'>ἔστι</span> <span class='ocrx_word' id='word_1_767' title='bbox 1709 2146 1738 2172; x_wconf 77' lang='grc' dir='ltr'>δὲ</span> <span class='ocrx_word' id='word_1_768' title='bbox 1766 2146 1796 2171; x_wconf 80' lang='grc' dir='ltr'>τὸ</span> <span class='ocrx_word' id='word_1_769' title='bbox 1812 2144 1861 2179; x_wconf 77' lang='grc' dir='ltr'>μὲν</span> 
     </span>
    </p>
   </div>
   <div class='ocr_carea' id='block_1_103' title="bbox 1076 2189 1862 2229">
    <p class='ocr_par' dir='ltr' id='par_1_103' title="bbox 1076 2189 1862 2229">
     <span class='ocr_line' id='line_1_103' title="bbox 1076 2189 1862 2229; baseline -0.005 -9"><span class='ocrx_word' id='word_1_770' title='bbox 1076 2193 1182 2229; x_wconf 84' lang='grc' dir='ltr'>πρῶτον</span> <span class='ocrx_word' id='word_1_771' title='bbox 1205 2193 1299 2224; x_wconf 74' lang='grc' dir='ltr'>ἀνοίας</span> <span class='ocrx_word' id='word_1_772' title='bbox 1324 2192 1427 2223; x_wconf 81' lang='grc' dir='ltr'>ἁπλῶς,</span> <span class='ocrx_word' id='word_1_773' title='bbox 1458 2192 1488 2218; x_wconf 81' lang='grc' dir='ltr'>τὸ</span> <span class='ocrx_word' id='word_1_774' title='bbox 1512 2191 1541 2218; x_wconf 78' lang='grc' dir='ltr'>δὲ</span> <span class='ocrx_word' id='word_1_775' title='bbox 1568 2191 1692 2224; x_wconf 81' lang='grc' dir='ltr'>δεύτερον</span> <span class='ocrx_word' id='word_1_776' title='bbox 1713 2189 1862 2226; x_wconf 81' lang='grc' dir='ltr'>παρανοίας</span> 
     </span>
    </p>
   </div>
   <div class='ocr_carea' id='block_1_104' title="bbox 1039 2239 1342 2282">
    <p class='ocr_par' dir='ltr' id='par_1_104' title="bbox 1039 2239 1342 2282">
     <span class='ocr_line' id='line_1_104' title="bbox 1039 2239 1342 2282; baseline -0.007 -15"><span class='ocrx_word' id='word_1_777' title='bbox 1039 2255 1060 2282; x_wconf 80' lang='lat' dir='ltr'><strong>D</strong></span> <span class='ocrx_word' id='word_1_778' title='bbox 1078 2240 1124 2267; x_wconf 77' lang='grc' dir='ltr'><strong>καὶ</strong></span> <span class='ocrx_word' id='word_1_779' title='bbox 1141 2239 1342 2274; x_wconf 60' lang='grc' dir='ltr'>ἀναισχυντίας.</span> 
     </span>
    </p>
   </div>
   <div class='ocr_carea' id='block_1_105' title="bbox 1318 2283 1614 2311">
    <p class='ocr_par' dir='ltr' id='par_1_105' title="bbox 1318 2283 1614 2311">
     <span class='ocr_line' id='line_1_105' title="bbox 1318 2283 1614 2311; baseline 0 -1"><span class='ocrx_word' id='word_1_780' title='bbox 1318 2284 1428 2311; x_wconf 84' lang='grc' dir='ltr'><strong>ΕΛΕΓΚ</strong></span> <span class='ocrx_word' id='word_1_781' title='bbox 1433 2284 1536 2310; x_wconf 80' lang='grc' dir='ltr'><strong>ΤΙΚΟΣ</strong></span> <span class='ocrx_word' id='word_1_782' title='bbox 1563 2283 1614 2310; x_wconf 82' lang='lat' dir='ltr'><strong>IA&#39;.</strong></span> 
     </span>
    </p>
   </div>
   <div class='ocr_carea' id='block_1_106' title="bbox 1108 2327 1862 2364">
    <p class='ocr_par' dir='ltr' id='par_1_106' title="bbox 1108 2327 1862 2364">
     <span class='ocr_line' id='line_1_106' title="bbox 1108 2327 1862 2364; baseline -0.005 -7"><span class='ocrx_word' id='word_1_783' title='bbox 1108 2331 1155 2364; x_wconf 68' lang='grc' dir='ltr'><strong>ξζν.</strong></span> <span class='ocrx_word' id='word_1_784' title='bbox 1179 2330 1207 2356; x_wconf 87' lang='lat'><strong>&#39;0</strong></span> <span class='ocrx_word' id='word_1_785' title='bbox 1232 2329 1372 2360; x_wconf 83' lang='grc' dir='ltr'>ἑνδέκατος</span> <span class='ocrx_word' id='word_1_786' title='bbox 1396 2328 1479 2364; x_wconf 81' lang='grc' dir='ltr'>μῦθος</span> <span class='ocrx_word' id='word_1_787' title='bbox 1505 2329 1544 2363; x_wconf 76' lang='grc' dir='ltr'>τῷ</span> <span class='ocrx_word' id='word_1_788' title='bbox 1568 2328 1691 2362; x_wconf 59' lang='lat' dir='ltr'><strong>Mincius:</strong></span> <span class='ocrx_word' id='word_1_789' title='bbox 1714 2327 1862 2361; x_wconf 76' lang='grc' dir='ltr'>ἐπιγέγρα-</span> 
     </span>
    </p>
   </div>
   <div class='ocr_carea' id='block_1_107' title="bbox 1072 2372 1860 2411">
    <p class='ocr_par' dir='ltr' id='par_1_107' title="bbox 1072 2372 1860 2411">
     <span class='ocr_line' id='line_1_107' title="bbox 1072 2372 1860 2411; baseline -0.008 -7"><span class='ocrx_word' id='word_1_790' title='bbox 1072 2385 1137 2404; x_wconf 88' lang='grc' dir='ltr'>πται</span> <span class='ocrx_word' id='word_1_791' title='bbox 1153 2376 1203 2411; x_wconf 79' lang='grc' dir='ltr'>μὲν</span> <span class='ocrx_word' id='word_1_792' title='bbox 1215 2377 1267 2408; x_wconf 80' lang='grc' dir='ltr'><strong>Εἰς</strong></span> <span class='ocrx_word' id='word_1_793' title='bbox 1276 2375 1329 2402; x_wconf 79' lang='grc' dir='ltr'>τὸν</span> <span class='ocrx_word' id='word_1_794' title='bbox 1348 2374 1464 2409; x_wconf 73' lang='grc' dir='ltr'>Ἰωσὴφ,</span> <span class='ocrx_word' id='word_1_795' title='bbox 1482 2375 1615 2408; x_wconf 82' lang='grc' dir='ltr'>διηγεῖται</span> <span class='ocrx_word' id='word_1_796' title='bbox 1637 2374 1665 2401; x_wconf 82' lang='grc' dir='ltr'>δὲ</span> <span class='ocrx_word' id='word_1_797' title='bbox 1680 2373 1713 2400; x_wconf 88' lang='grc' dir='ltr'><strong>τὰ</strong></span> <span class='ocrx_word' id='word_1_798' title='bbox 1729 2373 1792 2408; x_wconf 70' lang='grc' dir='ltr'>περὶ</span> <span class='ocrx_word' id='word_1_799' title='bbox 1814 2372 1860 2399; x_wconf 78' lang='grc' dir='ltr'><strong>τοῦ</strong></span> 
     </span>
    </p>
   </div>
   <div class='ocr_carea' id='block_1_108' title="bbox 1073 2417 1862 2455">
    <p class='ocr_par' dir='ltr' id='par_1_108' title="bbox 1073 2417 1862 2455">
     <span class='ocr_line' id='line_1_108' title="bbox 1073 2417 1862 2455; baseline -0.005 -8"><span class='ocrx_word' id='word_1_800' title='bbox 1073 2421 1209 2455; x_wconf 81' lang='grc' dir='ltr'>σώφρονος</span> <span class='ocrx_word' id='word_1_801' title='bbox 1227 2419 1336 2454; x_wconf 71' lang='grc' dir='ltr'>Ἰωσὴφ,</span> <span class='ocrx_word' id='word_1_802' title='bbox 1354 2419 1391 2453; x_wconf 81' lang='grc' dir='ltr'>πῆ</span> <span class='ocrx_word' id='word_1_803' title='bbox 1407 2419 1454 2454; x_wconf 78' lang='grc' dir='ltr'>μὲν</span> <span class='ocrx_word' id='word_1_804' title='bbox 1472 2418 1581 2453; x_wconf 80' lang='grc' dir='ltr'>ἐλλιπῆ,</span> <span class='ocrx_word' id='word_1_805' title='bbox 1608 2419 1647 2453; x_wconf 83' lang='grc' dir='ltr'>πῆ</span> <span class='ocrx_word' id='word_1_806' title='bbox 1672 2419 1700 2445; x_wconf 84' lang='grc' dir='ltr'>δὲ</span> <span class='ocrx_word' id='word_1_807' title='bbox 1722 2417 1862 2452; x_wconf 75' lang='grc' dir='ltr'>παρεμϐε-</span> 
     </span>
    </p>
   </div>
   <div class='ocr_carea' id='block_1_109' title="bbox 1075 2463 1860 2501">
    <p class='ocr_par' dir='ltr' id='par_1_109' title="bbox 1075 2463 1860 2501">
     <span class='ocr_line' id='line_1_109' title="bbox 1075 2463 1860 2501; baseline -0.003 -9"><span class='ocrx_word' id='word_1_808' title='bbox 1075 2467 1125 2501; x_wconf 79' lang='grc' dir='ltr'>6λη</span> <span class='ocrx_word' id='word_1_809' title='bbox 1131 2466 1198 2501; x_wconf 80' lang='grc' dir='ltr'>μένα</span> <span class='ocrx_word' id='word_1_810' title='bbox 1211 2464 1430 2499; x_wconf 82' lang='grc' dir='ltr'>καὶὲκτεταμένα</span> <span class='ocrx_word' id='word_1_811' title='bbox 1441 2463 1622 2498; x_wconf 81' lang='grc' dir='ltr'>καὶγελοιώδη</span> <span class='ocrx_word' id='word_1_812' title='bbox 1637 2463 1683 2490; x_wconf 75' lang='grc' dir='ltr'>καὶ</span> <span class='ocrx_word' id='word_1_813' title='bbox 1697 2463 1797 2498; x_wconf 77' lang='grc' dir='ltr'>αἰσχρά</span> <span class='ocrx_word' id='word_1_814' title='bbox 1811 2463 1860 2497; x_wconf 81' lang='grc'><strong>(8)·</strong></span> 
     </span>
    </p>
   </div>
   <div class='ocr_carea' id='block_1_110' title="bbox 1080 2508 1860 2545">
    <p class='ocr_par' dir='ltr' id='par_1_110' title="bbox 1080 2508 1860 2545">
     <span class='ocr_line' id='line_1_110' title="bbox 1080 2508 1860 2545; baseline -0.005 -7"><span class='ocrx_word' id='word_1_815' title='bbox 1080 2521 1089 2538; x_wconf 79' lang='grc' dir='ltr'><strong>ι</strong></span> <span class='ocrx_word' id='word_1_816' title='bbox 1111 2513 1166 2538; x_wconf 75' lang='grc' dir='ltr'><strong>Καὶ</strong></span> <span class='ocrx_word' id='word_1_817' title='bbox 1181 2511 1231 2543; x_wconf 78' lang='grc' dir='ltr'>ὅτι,</span> <span class='ocrx_word' id='word_1_818' title='bbox 1247 2511 1339 2545; x_wconf 78' lang='grc' dir='ltr'>φησὶν,</span> <span class='ocrx_word' id='word_1_819' title='bbox 1356 2511 1373 2545; x_wconf 83' lang='grc' dir='ltr'>ἡ</span> <span class='ocrx_word' id='word_1_820' title='bbox 1394 2510 1494 2545; x_wconf 87' lang='grc' dir='ltr'>Ῥαχὴλ</span> <span class='ocrx_word' id='word_1_821' title='bbox 1505 2509 1602 2536; x_wconf 76' lang='grc' dir='ltr'>ἔπεσεν</span> <span class='ocrx_word' id='word_1_822' title='bbox 1621 2510 1661 2541; x_wconf 81' lang='grc' dir='ltr'>εἰς</span> <span class='ocrx_word' id='word_1_823' title='bbox 1685 2509 1749 2540; x_wconf 76' lang='grc' dir='ltr'>τοὺς</span> <span class='ocrx_word' id='word_1_824' title='bbox 1778 2508 1860 2540; x_wconf 86' lang='grc' dir='ltr'>πόδας</span> 
     </span>
    </p>
   </div>
   <div class='ocr_carea' id='block_1_111' title="bbox 1077 2553 1856 2591">
    <p class='ocr_par' dir='ltr' id='par_1_111' title="bbox 1077 2553 1856 2591">
     <span class='ocr_line' id='line_1_111' title="bbox 1077 2553 1856 2591; baseline -0.009 -6"><span class='ocrx_word' id='word_1_825' title='bbox 1077 2557 1159 2585; x_wconf 81' lang='grc' dir='ltr'>αὐτοῦ</span> <span class='ocrx_word' id='word_1_826' title='bbox 1171 2557 1219 2583; x_wconf 78' lang='grc' dir='ltr'><strong>σὺν</strong></span> <span class='ocrx_word' id='word_1_827' title='bbox 1240 2555 1347 2591; x_wconf 77' lang='grc' dir='ltr'>Ἰσραὴλ</span> <span class='ocrx_word' id='word_1_828' title='bbox 1361 2555 1400 2590; x_wconf 86' lang='grc' dir='ltr'>τῷ</span> <span class='ocrx_word' id='word_1_829' title='bbox 1422 2555 1506 2590; x_wconf 75' lang='grc' dir='ltr'>πατρὶ</span> <span class='ocrx_word' id='word_1_830' title='bbox 1532 2554 1614 2582; x_wconf 73' lang='grc' dir='ltr'>αὐτοῦ</span> <span class='ocrx_word' id='word_1_831' title='bbox 1639 2555 1667 2581; x_wconf 70' lang='grc' dir='ltr'>ἐν</span> <span class='ocrx_word' id='word_1_832' title='bbox 1688 2553 1829 2588; x_wconf 77' lang='grc' dir='ltr'>Αἰγύπτῳ.</span> <span class='ocrx_word' id='word_1_833' title='bbox 1847 2561 1856 2577; x_wconf 78' lang='grc' dir='ltr'><strong>ι</strong></span> 
     </span>
    </p>
   </div>
   <div class='ocr_carea' id='block_1_112' title="bbox 1074 2599 1862 2637">
    <p class='ocr_par' dir='ltr' id='par_1_112' title="bbox 1074 2599 1862 2637">
     <span class='ocr_line' id='line_1_112' title="bbox 1074 2599 1862 2637; baseline -0.008 -7"><span class='ocrx_word' id='word_1_834' title='bbox 1074 2603 1207 2636; x_wconf 73' lang='grc' dir='ltr'>Καίτοιγε</span> <span class='ocrx_word' id='word_1_835' title='bbox 1231 2603 1244 2628; x_wconf 86' lang='grc' dir='ltr'>ὁ</span> <span class='ocrx_word' id='word_1_836' title='bbox 1262 2601 1380 2637; x_wconf 85' lang='grc' dir='ltr'>Μωῦσῆς</span> <span class='ocrx_word' id='word_1_837' title='bbox 1406 2601 1620 2636; x_wconf 86' lang='grc' dir='ltr'>προτελευτῆσαι</span> <span class='ocrx_word' id='word_1_838' title='bbox 1646 2600 1729 2635; x_wconf 76' lang='grc' dir='ltr'>αὐτὴν</span> <span class='ocrx_word' id='word_1_839' title='bbox 1743 2599 1818 2632; x_wconf 82' lang='grc' dir='ltr'>λέγει</span> <span class='ocrx_word' id='word_1_840' title='bbox 1832 2599 1862 2624; x_wconf 89' lang='grc' dir='ltr'>ὲν</span> 
     </span>
    </p>
   </div>
   <div class='ocr_carea' id='block_1_113' title="bbox 1076 2642 1861 2683">
    <p class='ocr_par' dir='ltr' id='par_1_113' title="bbox 1076 2642 1861 2683">
     <span class='ocr_line' id='line_1_113' title="bbox 1076 2642 1861 2683; baseline -0.008 -9"><span class='ocrx_word' id='word_1_841' title='bbox 1076 2648 1116 2683; x_wconf 86' lang='grc' dir='ltr'>τῷ</span> <span class='ocrx_word' id='word_1_842' title='bbox 1129 2647 1201 2682; x_wconf 85' lang='grc' dir='ltr'>τόκῳ</span> <span class='ocrx_word' id='word_1_843' title='bbox 1213 2646 1342 2681; x_wconf 85' lang='grc' dir='ltr'>Βενιαμίν</span> <span class='ocrx_word' id='word_1_844' title='bbox 1354 2654 1361 2661; x_wconf 92' lang='grc'>·</span> <span class='ocrx_word' id='word_1_845' title='bbox 1382 2645 1468 2676; x_wconf 81' lang='grc' dir='ltr'>οὕτως</span> <span class='ocrx_word' id='word_1_846' title='bbox 1483 2645 1526 2671; x_wconf 80' lang='grc' dir='ltr'>ἀεὶ</span> <span class='ocrx_word' id='word_1_847' title='bbox 1550 2644 1713 2679; x_wconf 79' lang='grc' dir='ltr'>ψευδόμενον</span> <span class='ocrx_word' id='word_1_848' title='bbox 1742 2642 1861 2677; x_wconf 83' lang='grc' dir='ltr'>φιλονει-</span> 
     </span>
    </p>
   </div>
   <div class='ocr_carea' id='block_1_114' title="bbox 1077 2688 1860 2726">
    <p class='ocr_par' dir='ltr' id='par_1_114' title="bbox 1077 2688 1860 2726">
     <span class='ocr_line' id='line_1_114' title="bbox 1077 2688 1860 2726; baseline -0.006 -7"><span class='ocrx_word' id='word_1_849' title='bbox 1077 2695 1121 2721; x_wconf 87' lang='grc' dir='ltr'>κεῖ</span> <span class='ocrx_word' id='word_1_850' title='bbox 1133 2693 1269 2720; x_wconf 82' lang='grc' dir='ltr'>δεικνύναι</span> <span class='ocrx_word' id='word_1_851' title='bbox 1289 2692 1334 2718; x_wconf 85' lang='grc' dir='ltr'><strong>τὺν</strong></span> <span class='ocrx_word' id='word_1_852' title='bbox 1363 2691 1480 2725; x_wconf 86' lang='grc' dir='ltr'>θεόπτην</span> <span class='ocrx_word' id='word_1_853' title='bbox 1497 2699 1504 2706; x_wconf 92' lang='grc'>·</span> <span class='ocrx_word' id='word_1_854' title='bbox 1527 2690 1575 2717; x_wconf 70' lang='grc' dir='ltr'>καὶ</span> <span class='ocrx_word' id='word_1_855' title='bbox 1599 2689 1786 2726; x_wconf 84' lang='grc' dir='ltr'>προστίθησιν,</span> <span class='ocrx_word' id='word_1_856' title='bbox 1819 2688 1860 2714; x_wconf 80' lang='grc' dir='ltr'>ὅτι</span> 
     </span>
    </p>
   </div>
   <div class='ocr_carea' id='block_1_115' title="bbox 1075 2731 1860 2772">
    <p class='ocr_par' dir='ltr' id='par_1_115' title="bbox 1075 2731 1860 2772">
     <span class='ocr_line' id='line_1_115' title="bbox 1075 2731 1860 2772; baseline -0.006 -8"><span class='ocrx_word' id='word_1_857' title='bbox 1075 2748 1084 2764; x_wconf 71' lang='grc' dir='ltr'><strong>ι</strong></span> <span class='ocrx_word' id='word_1_858' title='bbox 1105 2737 1191 2765; x_wconf 82' lang='grc' dir='ltr'>Τοῦτο</span> <span class='ocrx_word' id='word_1_859' title='bbox 1203 2738 1235 2763; x_wconf 80' lang='grc' dir='ltr'>ὲκ</span> <span class='ocrx_word' id='word_1_860' title='bbox 1257 2737 1310 2764; x_wconf 85' lang='grc' dir='ltr'><strong>τῶν</strong></span> <span class='ocrx_word' id='word_1_861' title='bbox 1331 2737 1485 2772; x_wconf 85' lang='grc' dir='ltr'>διηγήσεων</span> <span class='ocrx_word' id='word_1_862' title='bbox 1502 2736 1556 2762; x_wconf 88' lang='grc' dir='ltr'>τῶν</span> <span class='ocrx_word' id='word_1_863' title='bbox 1570 2735 1695 2762; x_wconf 84' lang='grc' dir='ltr'>ἀπόντων</span> <span class='ocrx_word' id='word_1_864' title='bbox 1721 2731 1860 2762; x_wconf 79' lang='grc' dir='ltr'>ἀποκαλύ-</span> 
     </span>
    </p>
   </div>
   <div class='ocr_carea' id='block_1_116' title="bbox 1073 2779 1857 2819">
    <p class='ocr_par' dir='ltr' id='par_1_116' title="bbox 1073 2779 1857 2819">
     <span class='ocr_line' id='line_1_116' title="bbox 1073 2779 1857 2819; baseline -0.008 -8"><span class='ocrx_word' id='word_1_865' title='bbox 1073 2793 1177 2819; x_wconf 75' lang='grc' dir='ltr'>πτομεν</span> <span class='ocrx_word' id='word_1_866' title='bbox 1184 2783 1269 2810; x_wconf 82' lang='grc' dir='ltr'>ταῦτα</span> <span class='ocrx_word' id='word_1_867' title='bbox 1287 2782 1356 2818; x_wconf 82' lang='grc' dir='ltr'>πρὸς</span> <span class='ocrx_word' id='word_1_868' title='bbox 1371 2783 1401 2810; x_wconf 74' lang='grc' dir='ltr'>σὲ</span> <span class='ocrx_word' id='word_1_869' title='bbox 1414 2782 1458 2809; x_wconf 80' lang='grc' dir='ltr'><strong>διὰ</strong></span> <span class='ocrx_word' id='word_1_870' title='bbox 1481 2780 1634 2817; x_wconf 77' lang='grc' dir='ltr'>Ἀραὸικῶν</span> <span class='ocrx_word' id='word_1_871' title='bbox 1649 2779 1832 2816; x_wconf 61' lang='grc' dir='ltr'>γραμμάτων</span> <span class='ocrx_word' id='word_1_872' title='bbox 1847 2786 1857 2803; x_wconf 76' lang='lat' dir='ltr'><strong>t</strong></span> 
     </span>
    </p>
   </div>
   <div class='ocr_carea' id='block_1_117' title="bbox 1113 2873 1384 2910">
    <p class='ocr_par' dir='ltr' id='par_1_117' title="bbox 1113 2873 1384 2910">
     <span class='ocr_line' id='line_1_117' title="bbox 1113 2873 1384 2910; baseline -0.007 -7"><span class='ocrx_word' id='word_1_873' title='bbox 1113 2875 1150 2910; x_wconf 80' lang='lat'><strong>(8)</strong></span> <span class='ocrx_word' id='word_1_874' title='bbox 1164 2874 1225 2902; x_wconf 80' lang='lat' dir='ltr'><strong>Sur.</strong></span> <span class='ocrx_word' id='word_1_875' title='bbox 1245 2873 1305 2906; x_wconf 75' lang='lat' dir='ltr'><strong>Xlt,</strong></span> <span class='ocrx_word' id='word_1_876' title='bbox 1326 2873 1384 2901; x_wconf 80' lang='grc'><strong>100.</strong></span> 
     </span>
    </p>
   </div>
  </div>
