2083 3155
210 175 263 207 ’157

789 183 1004 214 REFUTATIO
1018 183 1251 214 MOHAMEDIS.

1779 189 1834 221 758

209 231 332 265 καίτοιγε
347 231 463 267 ἀλλαχοῦ
491 243 573 269 φησιν
587 235 628 262 ὅτι
645 236 776 272 ἀγράφως
797 238 846 270 τὰς
860 239 985 274 τερθρείοι

1053 239 1148 266 horum
1162 239 1221 272 ejus
1230 247 1329 274 scopus
1345 240 1399 274 hic,
1410 240 1481 276 quod
1496 241 1523 268 Si
1534 241 1683 278 Josepitum
1699 243 1832 281 Egyptus

207 277 310 309 ταύτας
321 277 443 305 δέδεκται
454 287 461 294 ⁸
476 281 490 306 ὁ
506 281 534 306 δὲ
552 282 651 313 σκοπὸς
664 283 738 318 αὐτῷ
753 284 798 310 τοῦ
818 284 896 317 λόγου
910 285 996 312 τοιοῦ-

206 331 273 354 τος·
297 323 337 349 ὅτι
367 324 398 350 Εἰ
423 324 469 350 τὸν
502 326 630 362 Ἰωσὴφή
661 329 797 362 Αἴγυπτος
820 330 995 364 παρεδέξατο,

207 368 298 404 πολλῷ
314 370 415 403 μᾶλλον
431 370 481 405 ἐμὲ
494 372 619 404 δέξασθαι
647 373 726 407 ὑμεῖς
752 375 908 409 ὲποφείλετε
919 384 925 390 ·
951 385 996 402 το-

208 414 300 440 σοῦτον
314 415 388 450 αὐτῷ
404 415 434 442 τὸ
448 418 542 452 περιὸν
558 420 607 454 τῆς
623 419 751 452 ἀπονοίας
766 429 775 436 ·
789 422 836 448 καὶ
852 422 880 448 ὲν
893 423 996 453 τούτοις

206 460 251 486 τὸν
267 460 405 496 φλήναφον
420 463 612 497 ἁπεστόμισεν.

453 518 672 546 ΕΛΕΓΚΤΙΚΟΣ
695 520 743 548 ΙΒ¹.

241 558 292 594 ξη’.
315 561 352 588 Τὸ
377 561 528 590 δωδέκατον
557 564 689 599 μυθάριον
708 566 749 601 τῷ
764 566 888 602 Μωάμετ
901 569 994 602 ἐπιγέ-

205 613 326 639 γραπται
342 606 390 640 μὲν
402 608 454 640 Εἰς
468 607 525 640 τὴν
535 609 672 642 ,βροντήν
683 617 690 624 ·
704 610 906 647 ὑπομιμνήσκει
923 613 994 648 (9)δὲ

203 651 267 682 τοὺς
281 651 430 682 ἀκούοντας
448 652 489 679 ὅτι
502 653 549 680 τὸν
561 655 676 689 οὐρανὸν
689 658 734 683 καὶ
748 656 798 692 τὴν
820 658 872 692 γῆν
901 659 915 685 ὁ
929 659 994 690 Θεὸς

204 693 344 729 ἐποίησεν,
359 696 405 722 καὶ
414 696 494 728 αὐτὸς
508 697 609 733 βρέχει,
624 700 670 727 καὶ
685 701 804 735 χάλαζαν
821 703 971 738 καταφέρει
983 711 991 719 ”

203 739 302 766 ὡσανεὶ
313 740 418 768 οὐδέπω
433 742 526 770 ἄλλοτε
549 745 644 771 τούτου
662 747 853 781 φημισθέντος,
870 749 910 775 ὅτι
935 758 964 776 τε
979 751 993 777 ὁ

1048 285 1178 318 admisit,
1205 287 1290 314 multo
1318 294 1361 314 me
1393 288 1479 322 magis
1500 289 1602 316 debetis
1629 298 1676 318 vos
1704 293 1834 327 recipere.

1048 328 1133 358 Tanta
1150 337 1191 359 est
1206 333 1309 360 insania
1327 334 1386 368 ejus
1403 334 1409 360 !
1428 335 1516 368 Atque
1534 334 1570 362 ita
1586 337 1697 364 stultam
1711 337 1831 367 fabulam

1047 383 1124 404 suam
1140 378 1288 405 concludit.

1274 518 1496 547 CONFUTATIO
1513 521 1572 548 ΧΠ.

1081 564 1126 592 68.
1152 565 1316 593 Duodecimn
1332 574 1347 593 a
1370 565 1530 594 Mohamede
1554 567 1644 595 fabula
1676 569 1835 597 inscribitur

1046 609 1167 637 Tom’lru.
1184 609 1274 638 Monet
1288 615 1379 638 autem
1401 612 1548 645 auditores,
1569 612 1651 639 Dettm
1668 613 1765 641 cadum
1783 620 1833 642 ter-

1044 663 1159 690 ramque
1183 655 1279 683 iecisse
1295 676 1302 688 ,
1316 660 1342 683 et
1357 655 1391 682 ab
1404 657 1498 682 eodem
1522 656 1635 684 imbrem
1662 658 1836 692 grandinem-

1044 709 1097 737 que
1114 701 1236 729 demitti:
1254 702 1332 736 quasi
1348 709 1482 736 nusquam
1499 702 1524 729 id
1543 707 1614 730 esset
1630 702 1830 738 famigeratum.

1044 747 1101 775 haec
1125 748 1251 775 videlicet
1276 747 1360 774 Deum
1393 747 1499 781 fecisse,
1526 748 1701 783 vicissimque
1728 751 1835 785 operari

203 784 367 831 fiebctaﬁru
382 787 518 823 ἐποίησεν,
537 790 583 816 καὶ
601 790 723 825 ἐνεργεῖν
746 792 887 820 ἐκέλευσεν
902 803 909 810 -
943 796 988 822 xui

1040 793 1168 829 jnssisse.
1187 795 1220 821 Et
1245 802 1309 822 mox
1341 801 1390 821 ceu
1413 793 1537 821 confessa
1556 795 1678 829 quzedam
1702 784 1834 831 principia

205 829 299 856 λοιπὸν
327 831 421 867 ὥσπερ
445 832 532 868 ἀρχάς
554 844 632 867 τινας
650 838 868 873 ὁμολογουμένας
891 841 992 872 ταύτας

1043 840 1100 867 hzec
1113 848 1277 875 proponens,
1292 844 1421 873 tanquam
1445 840 1599 866 necessario
1623 845 1832 869 consecuturam

204 876 343 932 προσθεὶς,
359 876 397 908 ὡς
419 878 576 913 ἀναγκαίως
595 881 709 909 ἕπεσθαι
734 883 910 921 ὀφειλομένην
942 887 988 921 τὴν

1044 887 1258 921 nec'yomantiam
1271 893 1346 913 suam
1364 886 1494 918 adnectit,
1515 890 1541 913 et
1557 886 1743 920 hujuscemodi
1756 896 1832 922 quie-

204 920 302 947 ἑαυτοῦ
315 924 526 958 νεκυομαντείαν
537 926 697 961 ἐπισυνάγει
711 948 718 961 ,
745 929 792 956 καὶ
808 931 917 957 τοιαῦτά
932 920 992 959 τινα

205 966 361 1001 παραληρεῖ
374 976 381 983 ο
408 969 436 995 Ὀ
451 970 518 1002 Θεὸς
532 971 632 1008 βροντᾷ
650 981 657 987 ·
670 974 702 1000 ἐκ
728 975 824 1002 τούτου
840 977 926 1010 γνῶτε
951 978 991 1005 ὅτι

203 1010 347 1055 προφήτης
364 1013 447 1040 αὐτοῦ
462 1015 519 1049 ειμι
532 1016 587 1049 ἐγώ
597 1024 604 1031 ·
625 1017 639 1043 ὀ
652 1017 717 1049 Θεὸς
728 1019 890 1054 ἀστράπτει,
905 1022 992 1055 γνῶτε

202 1053 243 1103 ὅτι
256 1057 400 1103 προφήτης
413 1059 496 1086 αὑτοῦ
506 1062 564 1095 είμι
573 1062 628 1096 ἐγώ
638 1071 644 1077 ”
657 1064 670 1089 ὁ
682 1063 749 1095 Θεὸς
760 1053 858 1100 ἔθηκεν
869 1067 898 1092 ἐν
956 1069 990 1103 γῇ

272 1099 341 1149 ζῶον
355 1104 402 1129 καὶ
416 1105 499 1149 φυτόν
514 1114 521 1121 ν
535 1107 620 1139 γνῶτε
632 1109 673 1134 ὅτι
684 1099 828 1146 προφήτης
841 1112 922 1138 αὐτοῦ

202 1145 257 1191 εγώ
271 1155 279 1162 ·
293 1146 330 1174 τδε
346 1149 428 1176 πόθεν
443 1147 498 1177 εἷλε
513 1153 576 1183 τοὺς
590 1153 697 1186 ἀθλίους
712 1155 873 1191 βαρϐάρους.
891 1145 992 1187 Λοιπον

201 1189 229 1216 δὲ
244 1192 290 1218 καὶ
304 1193 383 1228 ἡμεῖς
404 1194 442 1226 ὡς
458 1196 490 1222 ἐκ
506 1197 603 1223 τούτου
622 1189 762 1233 μαθόντες,
794 1189 841 1228 καὶ
856 1203 890 1229 τὰ
920 1205 991 1230 κατὰ

203 1233 283 1269 μέρος
293 1240 497 1273 κατανοοῦντες,
513 1242 576 1268 καθ’
599 1242 613 1268 ὃ
629 1244 708 1276 αὐτὸς
731 1246 852 1273 διδάσκει
882 1248 991 1282 εὐφυῶς

203 1281 363 1328 περὶᾼαᾉύτοῦ
379 1284 469 1318 λέγειν
491 1286 628 1322 δυνάμεθα
639 1297 646 1304 ·
674 1289 752 1322 Ὀνος
765 1291 881 1325 ὁγκᾶται
896 1301 903 1308 ·
921 1281 990 1328 γνῶ-

200 1332 242 1374 τε,
254 1326 279 1351 oi.
291 1326 433 1374 βάρξαροι,
446 1329 487 1356 ὅτι
499 1331 622 1366 Μωάμετ
636 1334 703 1360 Θεοῦ
719 1335 801 1361 αὑτοῦ
827 1326 970 1374 προφήτης
981 1348 989 1354 ·

201 1369 262 1417 ﬁds;
271 1372 429 1417 puniit/tat,
440 1375 528 1409 γνῶτε
537 1378 561 1403 oi
576 1378 720 1413 βάρϐαροι,
734 1381 774 1407 ὅτι
790 1369 989 1417 Μωάμετθεοῦ

199 1415 282 1464 αὐτοῦ
289 1417 583 1464 ἀποστολος·ώσαύτως
599 1424 627 1449 δὲ
641 1425 687 1451 καὶ
702 1426 766 1460 περὶ
773 1415 868 1454 κυνῶν.
877 1429 988 1464 ὑλακῆς,

201 1461 250 1486 καὶ
263 1461 426 1498 βομῦὑθρων
455 1466 537 1501 ἠχῆς,
556 1469 603 1495 καὶ
629 1469 683 1495 τῶν
710 1471 811 1506 ὁμοίων
826 1482 832 1489 ·
860 1475 912 1501 τίνι

197 1506 336 1556 δυσσεὸὦν
350 1510 431 1556 αὐτὸν
440 1512 588 1540 ἀπεικάσαι
611 1515 644 1541 δι’
664 1516 814 1553 ὑπερϐολὴν
829 1509 987 1556 θεομαγὶας,

1043 932 1104 959 dam
1122 938 1259 967 nugatur:
1288 932 1359 959 Deus
1373 936 1467 965 tonat;
1485 932 1549 958 hinc
1577 939 1619 958 tne
1634 940 1695 959 esse
1720 933 1836 967 prophe-

1045 982 1098 1004 tam
1112 977 1184 1005 illitis
1202 977 1387 1012 congnoscitc.
1405 977 1476 1004 Deus
1494 976 1611 1011 fulgurat
1627 986 1634 1010 ;
1655 985 1697 1004 tne
1712 978 1833 1012 prophe—

1043 1028 1099 1051 tam
1117 1024 1176 1058 ejus
1195 1031 1255 1051 esse
1285 1024 1449 1058 cognoscite.
1473 1023 1543 1050 Deus
1563 1024 1675 1050 interra
1689 1024 1835 1052 collocavit

1043 1077 1123 1096 omne
1140 1077 1224 1104 genus
1241 1068 1397 1095 animalium
1417 1073 1443 1095 at
1455 1075 1498 1103 lue
1513 1068 1667 1102 plantarum
1682 1079 1690 1101 ,-
1713 1077 1755 1096 me
1769 1077 1831 1104 pro-

1042 1115 1152 1150 phetam
1188 1115 1260 1142 illius
1288 1122 1349 1142 esse
1363 1114 1531 1150 cognoscite.
1562 1113 1670 1147 Viden',
1696 1115 1835 1150 quomodo

1043 1160 1165 1188 infelices
1181 1160 1312 1187 barbaros
1331 1160 1472 1194 decipiat?
1498 1159 1629 1194 Superest
1653 1165 1682 1187 ut
1704 1168 1752 1187 nos
1764 1167 1833 1195 quo-

1043 1205 1187 1232 dammodo
1202 1206 1236 1232 ab
1250 1212 1283 1232 eo
1294 1205 1439 1237 discentes,
1449 1209 1475 1232 et
1495 1205 1599 1239 singula
1615 1205 1833 1238 considerantes,

1042 1257 1123 1286 prout
1147 1252 1205 1286 ipse
1224 1259 1272 1279 nos
1303 1252 1410 1287 egregie
1434 1251 1524 1284 docet,
1553 1252 1645 1279 dicere
1669 1252 1831 1279 valeamus:

1043 1297 1143 1324 Asinus
1163 1297 1255 1330 rudit;
1271 1298 1436 1333 cognoscite,
1453 1305 1468 1324 ο
1495 1297 1615 1329 barbari,
1627 1302 1631 1305 '
1643 1297 1830 1325 Mohamedem

1041 1349 1101 1369 esse
1120 1342 1166 1369 Dei
1182 1343 1268 1377 ipsius
1292 1343 1464 1378 prophetam.
1481 1342 1576 1370 Vaccae
1605 1343 1750 1378 mugiunt;
1785 1351 1832 1370 co-

1041 1389 1173 1423 gnoscite,
1191 1396 1206 1414 ο
1238 1389 1357 1422 barbari,
1384 1389 1568 1416 Moliamedcm
1596 1397 1656 1416 esse
1672 1389 1718 1415 Dei
1743 1389 1832 1424 ipsius

1041 1433 1168 1468 legatum.
1184 1433 1316 1460 Similiter
1333 1435 1365 1460 de
1379 1442 1479 1462 canum
1498 1434 1607 1466 latratu,
1624 1435 1658 1462 dc
1685 1441 1830 1469 vesparum

1041 1479 1165 1513 strepitu,
1182 1483 1208 1505 et
1221 1479 1283 1506 aliis
1299 1479 1466 1513 huiusmodi.
1481 1479 1594 1507 Cuinam
1609 1480 1692 1515 impio
1708 1481 1780 1507 hunc
1793 1480 1829 1507 ob

1040 1524 1204 1559 irreligionis
1229 1532 1372 1552 excmsum
1398 1532 1567 1560 comparem,
1597 1516 1651 1552 non
1680 1526 1829 1560 comperio.

263 1553 340 1606 Exin"
355 1555 402 1606 xui.
422 1557 481 1584 οὐδὲ
498 1559 708 1595 συναισθόμενος
723 1562 737 1588 ὁ
758 1552 988 1602 παραπαίωνγτης

1039 1570 1132 1606 Neque
1155 1576 1247 1598 tamen
1275 1571 1377 1598 delirus
1391 1571 1436 1598 hic
1462 1571 1584 1599 sentiens
1620 1571 1731 1606 impiam
1753 1579 1829 1599 suam

198 1597 289 1645 αοέοιὶ
299 1599 442 1645 ιρλυαρίας,
469 1602 537 1629 ἀλλὰ
562 1605 607 1630 καὶ
628 1605 699 1639 μέγα
714 1607 757 1633 ἐπ’
784 1597 851 1644 αὐτῇ
869 1597 986 1645 φρονῶν,

197 1641 248 1689 (att:
261 1642 340 1677 δῆθεν
357 1645 451 1672 ἀκούει
467 1647 631 1682 βροντῶντος
642 1650 708 1677 Θεοῦ
723 1653 770 1678 καὶ
787 1641 987 1689 ἀστράπτοντος

198 1687 259 1735 api,
275 1689 322 1714 καὶ
334 1689 423 1722 ἄλλοις
431 1692 596 1728 ταῦτα¹λέγει
609 1703 616 1710 ·
627 1696 749 1723 ὲκόοάτω
763 1687 846 1725 τοῦτο.
857 1701 928 1735 μέγα
941 1687 987 1729 mi.

196 1732 315 1765 ἐξαίσιον
330 1735 411 1770 ἔργον
423 1737 460 1769 ὡς
476 1738 507 1764 ἐκ
526 1739 660 1774 στόματος
673 1741 720 1768 τοῦ
745 1732 923 1778 πηρώσαντος
936 1748 986 1774 αὐ-

197 1779 244 1805 τοῦ
259 1780 307 1812 τὰς
321 1782 419 1816 νοητὰς
437 1783 578 1818 αἰσθήσεις
597 1785 683 1818 οὕτως
697 1796 703 1801 ·

233 1823 280 1874 ςθᾝ
297 1835 307 1851 ι
336 1827 548 1874 Ἀπεστείλαμέν
563 1839 592 1856 σε
609 1831 663 1867 (10)
679 1833 745 1868 πρὸς
763 1834 839 1867 ἔθνος
865 1833 896 1863 οὗ
915 1846 986 1874 παρ-

196 1869 278 1903 ῆλθον
291 1873 451 1906 παράὺτοῦ
465 1874 528 1910 ἔονη
555 1876 602 1902 τοῦ
626 1878 799 1913 ἐντυγχάνειν
822 1881 914 1909 ἐπάνω
936 1869 985 1910 αῦ-

196 1915 250 1962 τῶν
269 1917 303 1943 τὰ
319 1917 529 1953 δηλοποιηοέντα
546 1922 614 1956 πρὸς
631 1923 671 1950 σέ.
690 1933 699 1949 ι
725 1925 756 1951 Ὢ
780 1926 834 1952 ἀπὸ
848 1928 896 1962 τῆς
913 1929 983 1956 ἀνω-

196 1960 270 1987 τάτω
291 1963 387 1998 σοφίας
402 1964 441 1999 τῷ
455 1966 596 2001 Μωάμετῐ
621 1968 706 2001 ὅντως
726 1970 774 1997 νῦν
802 1960 930 2008 εὔκαιρον
954 1976 985 2002 τὺ

197 2005 334 2041 Γραφικὺν
344 2009 432 2036 ἐκεῖνο
447 2011 528 2045 φάναι
546 2013 627 2047 ῥητόν
640 2022 646 2029 ·
673 2015 704 2041 '0
712 2016 811 2050 μωρὸς
823 2005 903 2052 μωρξι
929 2021 984 2046 Ja-

196 2054 297 2087 λήσει,
313 2056 363 2082 καὶ
378 2057 397 2090 ἡ
410 2058 516 2091 καρδία
535 2060 629 2101 αὐτοῦ
637 2061 749 2095 μάταια
763 2063 869 2098 νοήσει
886 2074 893 2081 ·
919 2068 984 2102 περὶ

196 2100 224 2126 δὲ
240 2101 290 2135 τῆς
303 2101 425 2137 βροντῆς,
440 2103 473 2130 δι’
490 2104 523 2139 ἢν
541 2105 587 2132 καὶ
600 2107 615 2140 ὴ
628 2108 767 2143 ἐπιγραφὴ
781 2111 878 2143 κεῖται,
897 2100 981 2146 φησί’

196 2146 250 2173 Καὶ
268 2147 383 2179 δοξάζει
403 2150 421 2183 ἠ
435 2149 533 2184 βρονὴ
557 2151 592 2178 ἐν
611 2152 648 2186 τῇ
670 2154 847 2188 εὐχαριστίᾳ
868 2157 962 2184 αὐτοῦ
975 2166 982 2174 ι

195 2193 317 2219 τουτέστι
330 2193 424 2227 εὔνους
450 2196 496 2222 καὶ
509 2196 605 2232 λογικὴ
622 2199 696 2234 φωνή
714 2200 788 2227 ἐστιν
817 2202 832 2236 ἡ
857 2202 961 2238 βροντή
975 2212 983 2220 ’

193 2239 310 2267 τοῦτοδὲ
324 2240 374 2275 τῆς
394 2242 589 2277 ὲγκρινομένης
602 2245 709 2279 γραφῆς
736 2247 786 2274 οὐκ
808 2247 880 2274 ἔστιν
898 2257 905 2265 ·
935 2250 983 2276 καὶ
999 2238 1023 2267 D

194 2285 306 2317 εἰκότως
323 2295 330 2301 ·
344 2285 377 2323 ἦν
395 2288 448 2323 γὰρ
478 2289 511 2315 ἂν
524 2290 571 2316 καὶ
592 2291 656 2326 περὶ
672 2291 798 2326 φλοίσϐου
833 2294 980 2331 θαλάσσης,

195 2331 242 2357 καὶ
259 2331 348 2365 ῥοίζου
361 2333 475 2367 ἀνέμου,
490 2335 536 2361 καὶ
553 2335 655 2370 ἑτέρων
677 2337 806 2364 πλειόνων
823 2339 902 2367 τοῦτο
922 2342 980 2368 δια-

195 2375 313 2402 νοεῖσθαι
331 2385 337 2391 ·
353 2377 410 2403 ἀλλ’
424 2377 531 2405 ἔσονταί
545 2387 617 2411 τινες
632 2380 815 2415 ἀπηχέστατοι
831 2382 922 2417 ψόφοι,
940 2383 982 2416 οἷς

193 2425 242 2458 οὐχ
259 2425 374 2460 ἁρμόσει
388 2426 418 2452 τὸ
431 2427 575 2462 εἰρημένον
591 2436 598 2443 ·
614 2429 663 2463 τῆς
686 2428 713 2455 δὲ
729 2430 869 2466 δυσφήμου
897 2433 980 2460 αὐτοῦ

193 2468 271 2503 δόξης
281 2470 329 2504 τῆς
343 2471 388 2497 τὸν
397 2471 463 2497 Θεὸν
478 2471 562 2498 αἴτιον
572 2471 627 2498 τῶν
640 2473 732 2500 κακῶν
746 2474 876 2510 τιθείσης,
885 2475 981 2512 ὥσπερ

193 2514 225 2548 δὴ
238 2514 285 2541 καὶ
295 2515 349 2541 τῶν
362 2516 463 2549 καλῶν,
473 2517 660 2552 ἀναιδέστερον
675 2518 864 2554 ἐπιμνησθεὶς,
884 2522 977 2556 φησίν·

197 2569 206 2584 ι
231 2560 293 2586 Ἐὰν
309 2560 363 2597 γὰρ
378 2562 472 2597 ἢθελεν
486 2562 556 2598 [εοά.
569 2561 663 2599 ἦλθεν]
679 2564 733 2599 (ii)
750 2566 764 2591 ὁ
787 2565 864 2598 Θεὸς,
880 2567 979 2603 ὁδηγῆ-

194 2614 238 2632 σαι
250 2603 325 2645 εῖχεν¹
339 2608 436 2640 αὐτοὺς
457 2608 616 2644 ἀνθρώπους
634 2610 737 2642 πάντας
754 2619 761 2626 ·
779 2611 825 2638 καὶ
839 2612 870 2639 ὃν
890 2613 980 2650 πλανᾷ

192 2652 207 2678 ὁ
222 2652 297 2687 Θεὸς,
314 2655 363 2681 οὐκ
382 2655 458 2681 ἔστιν
483 2655 566 2682 αὑτοῦ
589 2656 730 2692 όδήγησις.
745 2667 754 2684 ι
780 2659 883 2692 Ὄντως
902 2656 980 2694 οὗτος

229 2745 252 2760 ’³
269 2744 321 2773 Isa.
339 2754 426 2779 χχχιι,
444 2746 471 2775 6.
510 2748 532 2764 ’³
543 2747 623 2776 Prov.
639 2756 695 2783 ιιι,
711 2749 756 2776 23.

229 2837 267 2871 (9)
289 2837 350 2865 Sur.
371 2838 441 2870 Xill,
460 2840 486 2866 5.

230 2873 286 2908 (ιο)
299 2873 361 2900 Sur.
383 2874 450 2907 XIII,
468 2875 513 2902 32.

1039 1618 1233 1653 nugacitatem,
1249 1617 1304 1644 imo
1319 1624 1481 1651 magnopere
1495 1617 1521 1643 in
1533 1624 1562 1643 ea
1577 1616 1733 1651 sejactans,
1750 1617 1824 1651 quod

1038 1662 1122 1689 Deum
1139 1666 1279 1690 tonantem
1309 1662 1395 1695 audit,
1423 1661 1647 1697 etiulgurantem
1677 1662 1759 1694 videt,
1775 1662 1828 1690 hoc

1038 1708 1126 1743 ipsum
1142 1713 1169 1735 et
1182 1709 1242 1737 aliis
1274 1714 1378 1737 narrat.
1409 1710 1513 1737 Clamet
1527 1718 1592 1737 vero
1609 1710 1661 1737 hoc
1687 1709 1789 1745 grande
1802 1716 1829 1738 et

1038 1753 1199 1780 immensum
1220 1762 1300 1789 optts,
1313 1760 1442 1789 tanquam
1454 1763 1487 1783 ex
1501 1755 1560 1789 ejus
1578 1763 1635 1789 ore,
1650 1756 1696 1790 qui
1730 1756 1827 1783 mentis

1037 1798 1096 1832 ejus
1112 1806 1222 1825 sensum
1239 1799 1355 1832 ohtudit,
1371 1799 1480 1831 clamet,
1495 1800 1616 1833 inquam,
1631 1801 1670 1828 sic
1687 1809 1694 1827 :

1071 1843 1117 1870 69.
1137 1852 1146 1869 ι
1166 1844 1290 1871 Misimus
1304 1849 1329 1871 te
1352 1845 1384 1872 ad
1417 1850 1533 1880 gentem,
1560 1845 1604 1872 cui
1629 1849 1828 1880 praecesserunt

1036 1893 1140 1924 gentes,
1150 1894 1178 1916 ut
1193 1890 1321 1917 recitares
1329 1898 1410 1925 super
1423 1898 1536 1924 easqme
1545 1891 1725 1918 revelavimus
1736 1891 1794 1918 tibi.
1814 1900 1823 1916 ι

1037 1934 1059 1962 0
1091 1934 1228 1962 caelestem
1264 1934 1430 1963 lilohamedis
1460 1935 1724 1970 sapientialeere
1752 1943 1825 1962 nunc

1037 1980 1195 2014 tempestive
1224 1981 1383 2007 recitabitur
1409 1981 1572 2015 scripturale
1604 1981 1706 2007 dictum
1735 1981 1820 2007 illud:

1037 2025 1140 2053 Stultus
1151 2026 1233 2053 stulta
1254 2026 1383 2061 loquetur,
1401 2031 1425 2054 et
1445 2035 1490 2053 car
1514 2027 1570 2061 ejus
1596 2035 1662 2053 vana
1685 2026 1822 2062 cogitabit.

1036 2070 1073 2098 De
1083 2072 1184 2098 tonitru
1194 2077 1357 2106 autem,quo
1375 2072 1507 2099 vocabulo
1524 2073 1604 2099 etiam
1619 2072 1822 2106 inscriptionem

1036 2116 1114 2144 fecit:
1125 2126 1133 2142 ι
1142 2116 1250 2143 Tom'lru
1258 2117 1446 2152 gloriﬁcabitt‘n
1453 2125 1500 2144 sua
1508 2117 1653 2152 gratiarum
1662 2118 1763 2144 actione
1771 2116 1804 2144 “.
1811 2126 1821 2142 ι

1035 2162 1063 2189 ld
1077 2166 1128 2194 est,
1148 2163 1277 2190 benevola
1289 2167 1316 2190 et
1332 2163 1473 2190 rationalis
1486 2170 1536 2190 vox
1554 2168 1594 2190 est
1609 2163 1720 2190 tonitru.
1737 2162 1822 2189 Porro

1037 2207 1088 2234 hoc
1107 2212 1261 2236 accuratam
1292 2208 1452 2242 scripturam
1476 2215 1530 2234 non
1554 2207 1630 2235 decet
1647 2216 1654 2240 ;
1673 2215 1740 2235 sane
1763 2215 1822 2234 me-

1038 2252 1091 2279 rito
1104 2261 1111 2279 :
1126 2252 1196 2280 idem
1211 2254 1284 2280 enim
1299 2257 1325 2280 et
1341 2253 1374 2280 de
1387 2254 1471 2281 maris
1487 2260 1625 2280 murmure
1645 2257 1671 2280 et
1691 2253 1724 2280 de
1748 2253 1820 2281 venti

1035 2296 1126 2329 sibilo,
1142 2301 1168 2324 et
1185 2297 1218 2324 de
1230 2297 1290 2324 aliis
1315 2297 1440 2332 plurimis
1463 2297 1580 2332 cogitare
1605 2297 1708 2324 liceret.
1735 2296 1820 2324 Erunt

1036 2343 1215 2371 nihilominus
1249 2344 1360 2378 quidam
1391 2344 1542 2378 turpissimi
1563 2344 1691 2378 crepitus,
1719 2344 1819 2378 quibus

1036 2389 1163 2424 praedicta
1179 2397 1231 2417 non
1245 2390 1417 2418 convenient.
1434 2390 1566 2417 infamem
1577 2398 1641 2417 vero
1654 2391 1817 2417 sententiam

1035 2443 1123 2468 suam,
1144 2443 1198 2470 quo
1216 2436 1300 2463 Deum
1313 2436 1447 2463 malorum
1462 2444 1539 2471 teque
1555 2444 1588 2463 ac
1606 2437 1741 2463 bonorum
1755 2444 1819 2463 catt-

1033 2487 1090 2508 sam
1106 2481 1221 2514 dixerat,
1236 2490 1309 2509 nunc
1327 2482 1512 2517 impudentius
1521 2481 1652 2509 refricans
1665 2482 1703 2509 ait
1720 2491 1727 2509 :
1750 2492 1759 2508 ι
1770 2481 1818 2508 Et-

1032 2527 1105 2553 enim
1122 2527 1145 2554 si
1162 2527 1232 2555 Dens
1249 2528 1375 2561 voluerit,
1400 2528 1494 2562 utique
1522 2528 1664 2555 universos
1692 2527 1818 2554 homines

1031 2572 1139 2607 diriget.
1155 2572 1188 2599 Et
1216 2580 1296 2607 quem
1319 2572 1390 2600 Deus
1417 2579 1510 2600 errare
1535 2571 1611 2604 facit,
1637 2579 1691 2598 non
1720 2575 1762 2597 est
1791 2569 1816 2596 ei

1034 2617 1156 2644 directio.
1168 2627 1177 2643 ι
1195 2618 1296 2645 Revera
1309 2617 1352 2646 hic
1365 2618 1504 2651 habitavit,
1515 2623 1543 2646 ut
1555 2618 1593 2645 ait
1606 2617 1734 2645 Salomon
1742 2617 1774 2649 ἰ,
1787 2616 1815 2642 in

1033 2663 1102 2691 locis
1117 2671 1187 2698 quos
1203 2663 1275 2692 Deus
1290 2672 1344 2692 non
1361 2665 1480 2701 inspicit.
1496 2665 1603 2693 Rursus
1613 2671 1676 2691 vero
1689 2663 1724 2690 oh
1737 2668 1815 2690 suum

1071 2842 1094 2875 (I
1103 2841 1126 2877 i)
1137 2841 1199 2870 Sur.
1213 2843 1282 2877 Xlll,
1299 2845 1342 2871 56.
