2083 3155
241 170 296 203 759

873 170 1022 202 NICE'l‘rE
1038 170 1242 202 BYZANTINI

1814 165 1868 198 760

243 224 327 254 animi
344 224 481 257 timorem,
495 231 529 252 ne
543 223 614 252 forte
627 225 653 252 ei
666 224 837 253 discredatur
847 245 854 257 ,
872 225 941 252 satis
972 225 1029 259 agit

1088 223 1206 258 τύλίσθη,
1219 223 1290 250 κατὰ
1302 223 1348 251 τὸν
1361 223 1566 259 Σολομῶντα,ὲν
1578 222 1670 253 τόποις
1680 221 1726 253 οὓς
1740 221 1790 248 οὐκ
1807 222 1869 248 ἐπι-

242 277 270 298 et
289 270 349 297 ait:
375 279 384 295 ι
405 269 504 297 Dicunt
520 263 649 304 negantes
665 289 673 300 ,
694 268 753 296 Non
771 277 801 297 es
825 269 941 305 legatus.
962 268 1026 295 Die:

243 316 343 344 sullicit
359 316 425 343 mihi
443 315 520 343 testis
537 315 738 343 Deusinterme
751 323 783 343 ac
791 323 856 349 vos;
880 321 906 343 et
921 316 944 343 is
958 314 1030 350 apud

243 368 325 396 quem
341 365 382 388 est
404 361 518 388 scicntia
536 360 694 396 Scriptura.
710 371 719 387 ι
741 361 825 389 Deum
848 361 974 396 producit
988 365 1029 388 te-

244 411 312 434 stem
328 405 472 440 legationis
487 413 558 438 suae;
576 405 679 432 nullum
694 406 838 440 ceteroqui
851 406 905 433 Deo
917 406 1030 440 dignum

244 447 348 482 profert
363 449 505 480 indicium,
522 457 576 476 non
595 450 768 482 miraculum,
782 457 834 477 non
849 450 1031 485 prophetiam,

244 501 298 521 non
326 495 408 522 vitam
425 495 571 523 virtutibus
586 497 741 529 exercitam,
756 505 806 525 nec
823 497 904 524 aliam
934 497 1031 525 saltem

243 539 386 569 scientiam
403 548 411 573 ;
432 540 478 567 sed
504 540 607 575 absque
623 542 677 569 ulla
693 542 935 577 demonstratione,
950 543 1032 576 Deus,

245 585 345 620 inquit,
361 587 441 614 testis
457 591 511 615 est.
539 587 641 616 Deinde
667 596 820 624 agnoscens
845 597 922 617 suam
939 594 1034 618 contra

245 629 330 657 Deum
344 631 520 664 calumniam,
542 639 679 668 suumque
697 633 871 661 mendacium
887 655 895 666 ,
912 635 1035 669 quando-

245 677 355 711 quidem
372 677 537 706 confirmare
551 678 655 706 dictum
673 679 828 707 nullatenus
843 685 959 715 poterat,
972 687 1036 707 eon-

244 722 314 758 fugit
329 723 362 750 ad
379 723 438 751 illos
454 725 498 759 qui
515 724 663 759 Scripturae
679 725 823 752 scientiam
844 725 963 758 habent;
980 732 1036 760 quo

246 769 319 796 dicto
333 769 422 797 illudit
433 769 561 798 barbaris
574 775 640 797 tunc
656 770 809 798 litterarum
826 771 938 805 ignaris,
956 771 992 798 ita
1006 775 1037 799 ut

248 813 372 842 fraudem
386 823 462 842 suam
481 815 570 843 celare
588 816 684 843 valeat.
712 815 745 842 Et
767 817 924 851 quicunque
945 817 1035 850 habet,

246 859 346 896 inquit,
366 862 514 895 Scriptura:
533 862 686 889 scientiam.
713 862 801 895 Quam
816 862 885 890 dicis
914 862 1035 897 scriptu-

247 913 306 933 ram
322 905 334 933 ?
349 905 413 933 Sine
423 906 507 934 dubio
519 907 661 935 existimas
676 915 769 934 veram
787 914 848 935 esse
868 907 941 934 illam
959 907 1035 934 Scri-

247 957 355 987 pturam
384 960 445 987 quae
459 953 492 980 de
518 957 543 980 te
569 957 693 981 testatur.
726 953 795 988 Ergo
818 953 929 980 cll‘atum
957 953 1033 986 illud,

247 998 418 1025 Abominatio
440 999 614 1027 desolationis
630 1000 665 1032 ’⁸,
685 1000 718 1027 de
742 1004 767 1027 te
780 1000 881 1027 dictum
894 1000 954 1027 fuit.
965 999 1037 1027 Nihil

248 1043 321 1070 aliud
335 1044 455 1071 cordatis
470 1049 595 1079 superest
612 1045 646 1072 de
660 1049 686 1072 te
702 1045 832 1080 cogitare.
848 1044 925 1077 Quod
941 1045 963 1072 si
978 1044 1037 1072 Mo-

249 1089 379 1117 hamedcs
399 1097 454 1117 non
469 1094 513 1118 est
526 1097 560 1118 eo
578 1094 735 1122 comentus,
764 1096 791 1118 et
811 1091 957 1118 sublimius
987 1090 1037 1117 ali-

248 1135 315 1169 quid
337 1135 475 1170 postulat;
490 1143 538 1164 vos
558 1136 666 1171 quidem
682 1137 780 1164 divina:
807 1137 955 1170 Scripturae
979 1140 1038 1163 stu-

249 1180 331 1214 diosi,
344 1182 430 1216 probe
444 1181 522 1209 scitis
530 1189 662 1216 quasnam
675 1182 712 1209 ibi
725 1182 759 1209 de
775 1181 935 1209 Mohamede
950 1181 1038 1216 legato

249 1227 440 1262 pradictiones
457 1228 528 1255 Deus
545 1228 696 1262 scripserit.
712 1232 739 1255 et
753 1228 786 1255 de
797 1228 883 1262 ipsius
898 1232 1039 1262 exspecta-

249 1274 333 1301 tione.
353 1273 411 1300 Imo
425 1277 452 1301 et
469 1273 496 1300 in
526 1273 607 1301 istius
626 1273 696 1300 libro
721 1273 862 1300 iuvenielis
873 1279 979 1308 sumpta
1005 1280 1039 1300 ex

249 1319 336 1347 sacris
353 1317 503 1353 Scripturis
517 1318 684 1350 testimonia,
698 1322 878 1352 congruenter
898 1317 958 1352 ejus
973 1319 1039 1352 dog-

250 1364 370 1393 matibus
381 1364 507 1399 applicita
522 1384 530 1397 ,
546 1371 578 1391 ex
596 1364 665 1399 lege,
687 1363 839 1398 prophetis,
854 1367 935 1397 atque
948 1363 1038 1389 Evan-

250 1410 331 1446 gelia,
345 1417 413 1446 quos
436 1410 521 1438 libros
552 1410 611 1445 ipse
631 1410 740 1437 divinos
763 1409 887 1444 judicare
912 1408 1038 1435 videtur:

249 1463 366 1491 quorum
378 1463 428 1484 ceu
441 1455 493 1484 sibi
502 1461 628 1484 notorum
646 1459 776 1491 praetequ
792 1454 927 1482 barbaros
940 1454 1039 1486 latens,

250 1501 350 1530 fabula;
361 1501 443 1530 finem
455 1501 531 1529 facit.

500 1632 719 1662 CONFUTATIO
734 1633 804 1661 XIII.

288 1680 332 1708 70.
353 1679 444 1708 Tertia
460 1679 565 1708 decima
579 1687 594 1706 a
605 1679 766 1707 Mohamede
780 1679 870 1707 fabula
885 1679 1043 1707 inscribitur

253 1726 408 1759 Abraham;
429 1725 497 1752 nihil
512 1729 604 1753 tamen
619 1725 690 1761 frugi
705 1725 738 1753 de
749 1725 800 1754 hoc
812 1725 923 1753 homine
935 1729 1041 1760 narrat;

252 1773 301 1801 sed
318 1776 399 1808 prout
415 1772 498 1799 etiam
514 1772 540 1798 in
555 1772 696 1807 superiore
710 1771 800 1799 fabula
811 1791 819 1804 ,
836 1772 954 1800 breviter
967 1772 1001 1800 de
1012 1779 1042 1799 re

253 1825 346 1847 creata
361 1819 482 1852 locutus,
506 1826 589 1854 quam
613 1826 630 1846 a
656 1818 750 1846 divino
775 1818 877 1854 Spiritu
894 1819 949 1854 regi
964 1818 1040 1851 dicit,

253 1865 347 1894 subdit
377 1864 523 1892 ministerii
559 1864 601 1892 sui
637 1864 793 1900 negotium,
827 1870 1043 1900 consuetamque

253 1910 452 1945 blasphemiam
466 1909 563 1942 eo‘utit,
581 1909 654 1945 quod
672 1909 744 1937 Deus
768 1916 850 1944 quem
872 1909 930 1937 vult
948 1917 1042 1938 errare

253 1956 330 1989 facit,
357 1955 533 1991 vicissimque
560 1963 642 1991 quem
668 1955 727 1983 vult
751 1955 853 1990 dirigit.
881 1955 1042 1990 Rursusque

254 2001 378 2030 meminit
392 2000 527 2028 Thamudi
541 2005 568 2028 et
589 2000 670 2033 Aadi,
692 2001 770 2036 juxta
796 2001 918 2036 priscum
941 2000 1041 2028 delira-

254 2052 377 2075 mentum
406 2055 485 2075 suum
507 2056 514 2074 :
536 2051 563 2074 et
590 2047 663 2082 quod
688 2051 831 2082 propterea
856 2047 908 2075 sibi
933 2054 1043 2082 quoque

253 2095 328 2124 credi
344 2095 441 2123 debeat
457 2099 487 2122 ut
505 2093 553 2122 Dei
569 2094 667 2130 legato.
691 2094 779 2130 Hujus
794 2099 884 2121 autem
900 2094 1044 2129 legationis

254 2149 312 2170 sua:
325 2141 378 2169 hoc
392 2141 457 2169 dicit
471 2140 611 2173 iudicium,
632 2140 704 2176 quod
732 2140 816 2167 futuri
842 2145 907 2168 sunt
923 2141 949 2167 in
964 2148 1043 2175 para-

253 2186 315 2213 diso
327 2185 480 2217 credentes,
510 2191 573 2212 cum
604 2183 735 2211 uxoribus
756 2184 815 2211 suis
834 2188 861 2211 et
880 2184 943 2211 [iliis
960 2184 1042 2212 simul

1081 269 1344 303 σκοπεῖό¹¹Υψιστος
1362 278 1368 285 ·
1390 269 1469 296 πάλιν
1495 269 1523 295 δὲ
1550 268 1601 303 τῆς
1625 267 1766 303 περιδεοῦς
1795 266 1869 301 αὐτῷ

1080 316 1235 347 ὑποθέσεως
1259 315 1306 342 τοῦ
1322 315 1360 350 μὴ
1372 315 1554 350 ἀπιστηθῆναι
1568 313 1721 348 ἀντέχεται,
1744 312 1791 339 καί
1817 320 1871 347 φη-

1081 371 1107 389 σι
1119 362 1175 397 (I2)
1188 371 1195 378 ·
1214 372 1224 388 ι
1240 362 1373 395 Λέγουσιν
1389 362 1413 388 οἱ
1427 361 1620 396 ἀρνησάμενοι,
1638 360 1696 386 οὐκ
1712 357 1737 385 εί
1751 359 1870 387 ἀπόστο-

1081 407 1144 440 λοςτ
1163 408 1234 434 είπέ·
1259 407 1392 443 Ἀρκεσθῇ
1407 416 1451 442 μοι
1467 407 1481 433 ὸ
1495 407 1561 438 Θεὸς
1577 407 1681 441 μάρτυς
1693 404 1794 440 μεταξύ
1816 403 1870 440 [τε]

1082 453 1150 488 ἐμοῦ
1165 462 1195 480 τε
1213 453 1260 479 καὶ
1275 453 1352 488 ὑμῶν
1365 460 1373 468 ·
1387 453 1434 479 καὶ
1448 453 1520 483 ὅστις
1533 451 1606 478 ἐστὶν
1634 451 1699 486 παρ’
1726 450 1808 476 αὑτοῦ
1833 450 1872 476 ετ-

1082 500 1160 534 δησις
1171 499 1220 532 τῆς
1233 499 1356 534 Γραφῆς.
1378 507 1387 524 ι
1402 498 1468 524 Θεὸν
1483 497 1663 532 προϐάλλεται
1681 496 1808 531 μάρτυρα
1824 495 1873 529 τῆς

1084 545 1165 573 αὐτοῦ
1180 545 1331 579 ἀποστολῆς
1347 553 1354 560 -
1367 544 1436 571 Θεοῦ
1453 544 1481 570 δὲ
1502 543 1578 570 οὐδέν
1603 551 1629 569 τι
1644 542 1719 575 ἄξιον
1746 542 1875 576 επιφέρε-

1084 600 1128 618 ται
1145 590 1288 625 σύμϐολον,
1301 590 1330 616 οὐ
1343 588 1577 624 Θαυματουργίαν,
1594 588 1624 614 οὺ
1638 587 1818 623 προφητείαν,
1843 586 1874 612 οὗ

1086 637 1142 672 βίον
1157 635 1353 671 ἐξησκημένον,
1367 635 1428 662 οὐδὲ
1443 634 1537 666 ἁπλῶς
1548 633 1649 668 γνῶσιν
1666 641 1673 648 ·
1687 632 1745 660 ἀλλ⁹
1773 632 1875 660 ἀναπο-

1086 683 1209 715 δείκτως,
1226 682 1292 713 Θεὸς
1312 681 1429 717 μάρτυς,
1446 681 1528 716 φησίν
1546 688 1554 696 θ
1573 678 1632 707 εῐτα
1647 679 1809 714 αἰσθόμενος
1825 677 1876 713 τῆς

1091 728 1162 755 κατὰ
1174 727 1242 754 Θεοῦ
1255 727 1448 762 συκοφαντίας,
1463 727 1509 753 καὶ
1522 726 1570 752 τοῦ
1587 725 1685 752 ἑαυτοῦ
1698 724 1812 759 ψεύδους
1835 723 1876 758 (οὐ

1088 774 1142 810 γὰρ
1153 771 1298 809 εἶχετοῦτο
1315 773 1398 799 πόθεν
1429 771 1618 807 πιστώσεται),
1642 770 1811 804 καταφεύγει
1837 769 1877 800 εἰς

1087 821 1150 851 τοὺς
1167 819 1271 850 είδότας
1288 819 1338 854 τὴν
1351 818 1474 853 Γραφὴν,
1489 818 1517 843 ὲν
1534 816 1573 852 τῷ
1598 816 1666 848 τέως
1684 817 1747 847 τοὺς
1772 815 1878 851 βαρϐά-

1091 873 1154 899 ρους
1168 863 1324 898 ἀγνώστους
1333 863 1419 894 ,ὄντας
1429 863 1569 895 διαπαῖξαι
1581 863 1627 889 καὶ
1643 861 1735 889 λαθεῖν
1754 861 1876 896 ίσχύσας⁸

1087 909 1142 937 Καὶ
1157 910 1230 941 ὅστις
1246 909 1305 936 ἐστὶ
1318 909 1381 944 παρ’
1390 907 1483 939 αὑτοῦ,
1500 907 1593 942 φησὶν,
1610 908 1714 942 εἴδησις
1738 907 1787 941 τῆς
1803 906 1879 941 Γρα-

1087 956 1140 991 φῆς
1157 963 1164 970 ·
1180 955 1260 986 ποίας
1272 955 1406 990 Γραφῆς-;
1422 954 1488 985 ὅλως
1500 954 1555 989 γὰρ
1570 954 1602 988 δὴ
1631 954 1682 979 olet
1710 952 1802 987 ἀληθῆ
1831 952 1880 986 τὴν

1086 1001 1199 1038 Γραφὴν
1212 998 1282 1028 εῖναι
1294 1001 1340 1027 καὶ
1352 1000 1415 1035 περὶ
1431 999 1479 1026 σοῦ
1506 999 1700 1035 μαρτυροῦσαν
1718 1006 1725 1013 ·
1752 999 1825 1029 είκὸς
1847 998 1880 1024 τὰ

1088 1047 1216 1082 περὶτοῦ
1227 1046 1440 1080 βδελύγματος
1452 1045 1507 1080 τῆς
1519 1045 1695 1079 ἐρημώσεως
1708 1052 1740 1070 πε
1745 1044 1772 1079 p‘t
1782 1043 1830 1070 σοῦ
1843 1043 1881 1070 εῖ-

1089 1101 1170 1128 ρηται
1185 1100 1193 1108 '
1209 1092 1277 1118 ἀλλὰ
1293 1092 1347 1126 γὰρ
1366 1092 1443 1118 οὐδὲν
1464 1090 1654 1126 περιλείπεται
1680 1091 1736 1120 τοῖς
1760 1089 1881 1116 συνιοῦσι

1088 1138 1252 1165 διανοεῖσθαι
1266 1137 1330 1172 περὶ
1345 1137 1392 1164 σοῦ
1407 1146 1415 1154 ν
1430 1138 1454 1164 εἰ
1470 1137 1497 1163 δὲ
1515 1137 1552 1172 μὴ
1567 1136 1646 1162 τοῦτο
1669 1135 1750 1167 αὐτὸς
1775 1135 1881 1170 ἀνέχοι-

1088 1192 1132 1216 το,
1161 1183 1218 1210 ἀλλ’
1248 1183 1341 1218 ἕτερόν
1364 1192 1391 1210 τι
1414 1183 1518 1218 ὑψηλὸν
1539 1183 1661 1213 ἀπαιτεῖ,
1688 1182 1745 1208 ὅσοι
1757 1181 1807 1214 τὴν
1823 1180 1883 1206 0:6.-

1090 1237 1222 1255 πνευστον
1240 1228 1371 1263 μελετᾶτε
1388 1228 1512 1264 Γραφὴν,
1541 1227 1619 1254 αὐτοὶ
1641 1225 1787 1252 ἐπίστασθε
1816 1224 1882 1255 ὅσας

1090 1274 1277 1309 προαγγελίας
1291 1275 1355 1309 περὶ
1379 1273 1502 1308 Μωάμετ
1518 1271 1667 1299 ἀποστόλου
1679 1272 1693 1298 ὁ
1708 1271 1774 1302 Θεὸς
1798 1270 1882 1305 ἐγρα-

1089 1320 1133 1355 ψε,
1153 1321 1200 1347 καὶ
1215 1321 1263 1355 τῆς
1278 1319 1372 1346 τούτου
1385 1319 1552 1354 προσδοκίας
1566 1327 1573 1334 ·
1586 1318 1718 1352 εὑρήσετε
1742 1316 1828 1343 δὲκαὶ
1854 1316 1883 1341 ἐν

1089 1368 1122 1401 τῇ
1138 1365 1233 1392 τούτου
1252 1366 1399 1401 συγγραφῇ
1414 1364 1463 1396 τὰς
1478 1365 1509 1390 ὲκ
1523 1365 1573 1398 τῆς
1599 1362 1674 1392 θείας
1689 1361 1800 1396 Γραφῆς
1815 1368 1885 1395 μαρ-

1090 1412 1186 1448 τυρίας
1203 1411 1338 1446 εὐστόχως
1355 1411 1383 1437 ὲν
1396 1411 1453 1441 τοῖς
1466 1409 1548 1436 αὐτοῦ
1565 1409 1696 1443 δόγμασιν
1717 1405 1884 1441 ὲξαγομένας

1091 1457 1146 1484 ἀπό
1159 1465 1188 1483 τε
1203 1456 1286 1492 νόμου
1305 1456 1352 1482 καὶ
1369 1455 1516 1490 προφητῶν
1531 1454 1578 1481 καὶ
1599 1453 1646 1479 τοῦ
1664 1452 1843 1486 Εὑαγγελίου,
1866 1449 1886 1477 ἃ.

1091 1500 1244 1538 ὲκθεὶάζειν
1256 1502 1338 1534 δοκεῖ,
1359 1502 1408 1528 καὶ
1419 1498 1457 1528 ὧν
1471 1501 1523 1527 ὑπὸ
1536 1500 1584 1535 τὴν
1599 1499 1736 1535 πρόφασιν
1764 1499 1814 1532 τῆς
1845 1497 1885 1523 εί-

1053 1557 1075 1586 c
1091 1550 1194 1585 δήσεως
1213 1549 1276 1580 τοὺς
1293 1547 1449 1584 βαρϐάρους
1467 1546 1568 1580 λαθὼν,
1583 1545 1778 1581 τὸνζφλήναφον
1800 1543 1886 1570 ἔπαυ-

1095 1604 1141 1623 σεν

1342 1639 1561 1667 ΕΔΕΓΚΊἸΚΟΣ
1587 1636 1637 1666 II".

1128 1688 1158 1716 o'.
1175 1688 1212 1715 Τὸ
1226 1686 1451 1724 τρισκαιδέκατον
1470 1684 1526 1720 (1'5)
1553 1684 1685 1719 μυθάριον
1705 1682 1744 1717 τῷ
1759 1682 1883 1716 Μωάμετ

1092 1736 1144 1768 Εἰς
1163 1735 1212 1770 μὲν
1231 1734 1286 1760 τὸν
1303 1731 1427 1766 Ἀϐραὰμ
1441 1731 1653 1766 ἐπιγέγραπται,
1674 1729 1750 1756 οὐδὲν
1768 1728 1796 1755 δὲ
1812 1727 1888 1760 ἄξιον

1092 1780 1170 1814 λόγου
1188 1779 1253 1814 περὶ
1268 1778 1314 1805 τοῦ
1329 1777 1427 1812 ἀνδρὸς
1447 1775 1596 1810 ἐξηγεῖται,
1609 1774 1676 1802 ἀλλὰ
1689 1773 1760 1801 κατὰ
1771 1773 1816 1800 τὸν
1830 1772 1884 1807 πρὸ

1091 1825 1186 1852 τούτου
1203 1824 1288 1859 μῦθον
1297 1823 1376 1857 ὀλίγα
1388 1821 1452 1857 περὶ
1464 1822 1514 1856 τῆς
1526 1820 1642 1851 κτίσεως
1670 1819 1823 1852 καταλέξας
1844 1818 1889 1846 ὅτι

1093 1870 1158 1906 θείῳ
1172 1869 1313 1904 Πνεύματι
1329 1868 1481 1900 διοικεῖται,
1500 1867 1599 1901 ὲπάγει
1623 1866 1657 1893 τὰ
1672 1865 1888 1901 οἰκονομούμενοι

1092 1907 1158 1955 ’παρζ
1175 1917 1258 1945 αὐτοῦ
1275 1924 1282 1932 ·
1301 1916 1348 1943 καί
1363 1923 1430 1950 φησι
1446 1914 1496 1949 τὴν
1512 1912 1615 1948 συνήθη
1636 1909 1888 1955 βλασφημίανςδτι

1091 1963 1106 1990 ὁ
1120 1963 1186 1994 Θεὸς
1196 1962 1225 1989 ὃν
1239 1961 1312 1988 θέλει
1326 1960 1426 1995 πλανᾷ,
1438 1959 1484 1986 καὶ
1495 1958 1525 1985 ὃν
1538 1958 1610 1984 θέλει
1619 1957 1716 1991 ὁδηγεῖ
1726 1964 1733 1971 '
1750 1956 1798 1982 καὶ
1809 1954 1888 1986 αὖθις

1096 2007 1232 2044 μέμνηται
1240 2005 1350 2041 Θαμοὺδ
1360 2005 1408 2031 καὶ
1424 2003 1498 2037 ’Δὰδ,
1509 2003 1580 2030 κατὰ
1590 2003 1636 2029 τὸν
1645 2001 1729 2029 παλαι
1749 2001 1831 2035 λῆρον
1838 2000 1889 2026 αὺ-

1094 2053 1158 2080 τοῦ’
1171 2052 1217 2079 καὶ
1227 2053 1267 2079 ὅτι
1277 2052 1327 2078 Διὰ
1336 2050 1415 2078 τοῦτο
1430 2049 1508 2084 κάγὼ
1527 2048 1628 2082 ὀφείλω
1657 2047 1828 2081 πιστωθῆναι
1851 2046 1888 2077 ὡς

1092 2098 1159 2126 Θεοῦ
1168 2097 1315 2128 ἀπόστολος
1324 2104 1331 2112 ο
1341 2097 1390 2131 τῆς
1407 2095 1435 2122 δὲ
1446 2095 1543 2121 τούτου
1567 2093 1722 2127 ἀποστολῆς
1744 2092 1889 2127 γνώρισμα

1092 2144 1172 2172 τοῦτό
1181 2151 1272 2179 φησιν·
1284 2143 1325 2170 ὅτι
1334 2143 1472 2173 Ἔσονται,
1481 2141 1573 2176 φησιν,
1583 2141 1607 2167 οἱ
1615 2140 1705 2167 πιστοὶ
1717 2141 1746 2166 ὲν
1754 2138 1791 2174 τῷ
1798 2147 1888 2174 παρα-

1093 2191 1176 2226 δείσῳ
1196 2190 1257 2221 ταῖς
1266 2189 1370 2216 ἑαυτῶν
1382 2187 1528 2223 γυναιξὶτε
1542 2187 1590 2214 καὶ
1607 2187 1712 2218 τέκνοις
1727 2193 1890 2219 συνευφραι-

254 2232 435 2265 deliciautes;
449 2230 572 2259 inﬁdeles
587 2235 691 2263 autem,
705 2230 732 2257 in
755 2230 871 2265 judicio.
890 2240 900 2256 ‹
915 2230 1037 2258 lnterula:

1091 2237 1198 2272 νόμενοι
1211 2235 1268 2271 (14)
1279 2243 1286 2250 ·
1311 2236 1335 2263 οἱ
1348 2235 1375 2262 δὲ
1386 2235 1506 2267 ἄπιστοι,
1515 2234 1611 2268 φησιν,
1621 2234 1650 2259 ἐν
1661 2233 1694 2268 τῇ
1709 2231 1814 2266 κρίσει·
1833 2240 1842 2256 ι
1855 2231 1889 2257 τὰ

253 2285 351 2305 eorum
367 2284 399 2305 ex
417 2277 476 2312 pice
492 2275 613 2307 cedrina,
644 2280 671 2303 et
682 2275 820 2310 cooperiet
837 2275 928 2303 vultus
945 2283 1040 2303 eorum

254 2323 352 2359 ignis.»
368 2323 457 2358 Atque
472 2321 510 2349 ita
524 2321 693 2349 tremendum
702 2321 772 2348 diem
783 2320 912 2354 irridens,
925 2321 1043 2349 fabulari

255 2368 365 2396 desinit.
380 2367 657 2395 Animadvertendum
679 2371 722 2394 est
744 2375 846 2394 morem
866 2374 928 2395 esse
940 2367 1043 2402 impro-

255 2415 352 2442 borum
365 2414 507 2441 hominum
519 2413 592 2440 haud
603 2413 675 2441 nuda
690 2413 808 2448 obiicere
824 2413 908 2448 retia;
922 2413 1042 2449 alioquin

256 2461 309 2498 ipsi
325 2462 417 2497 potius
431 2461 529 2496 praeda:
546 2460 646 2490 forent.
670 2460 730 2489 Non
744 2466 786 2489 est
807 2469 872 2497 ergo
888 2461 1042 2489 mirandum

257 2509 280 2536 si
298 2516 351 2544 qua
367 2508 504 2535 interdum
518 2508 589 2543 apud
606 2515 668 2536 eum
682 2512 746 2536 sunt
758 2508 914 2536 laudabilia.
926 2507 1042 2535 Verum-

257 2560 348 2582 tamen
360 2554 405 2581 illa
418 2558 526 2589 oportet
539 2554 681 2590 explorare
696 2561 757 2589 quae
768 2554 872 2582 noviter
886 2553 944 2589 ipse
956 2553 1042 2589 ponit,

256 2604 423 2635 quantopere
439 2600 549 2628 fraudes
568 2600 628 2635 ejus
646 2600 757 2635 dolique
772 2599 950 2629 adversentur
972 2599 1044 2628 divi-

255 2646 310 2680 nis,
326 2654 341 2674 a
353 2646 454 2682 quibus
468 2646 491 2675 is
504 2646 636 2682 decerpit,
653 2645 769 2682 legibus.

292 2779 315 2796 "
330 2778 400 2806 Dan.
413 2786 453 2810 rx,
465 2777 512 2805 27.

293 2849 350 2882 (l2)
365 2848 429 2876 Sur.
443 2847 512 2878 XIII,
529 2849 576 2876 45.

295 2883 350 2919 (1'5)
367 2883 430 2911 Sur.
448 2883 518 2917 XIV,
535 2884 578 2911 10.

1093 2283 1218 2318 καμήσια
1227 2281 1317 2308 αὐτῶν
1328 2281 1383 2308 ἀπὸ
1396 2280 1518 2316 κεδρίας,
1536 2279 1583 2306 καὶ
1602 2279 1734 2306 καλύπτει
1757 2278 1791 2304 τὰ
1807 2277 1890 2312 πρόσ-

1093 2336 1156 2355 ωπα
1170 2327 1261 2354 αὐτῶν
1280 2326 1310 2353 τὸ
1327 2325 1384 2361 πῦρ
1399 2334 1406 2341 ·
1430 2334 1440 2351 ι
1458 2325 1506 2352 καὶ
1528 2324 1616 2356 οὓτως
1638 2322 1817 2354 καταπαίζων
1839 2322 1889 2356 τῆς

1094 2373 1213 2408 φοϐερᾶς
1223 2372 1341 2407 ἡμέρας,
1359 2371 1406 2398 τοῦ
1419 2371 1562 2406 φληνάφου
1580 2370 1698 2404 ἀπέστη.
1727 2368 1889 2402 Ἐπιστῆσαι

1093 2418 1122 2445 δὲ
1136 2418 1177 2445 δεῖ
1188 2418 1229 2444 ὅτι
1246 2417 1355 2444 ἐπὶτῶν
1364 2415 1592 2450 κακουργούντων
1608 2415 1673 2441 [διον
1687 2414 1718 2440 τὸ
1731 2414 1768 2448 μὴ
1781 2412 1889 2447 γυμνὰς

1097 2463 1254 2500 προτιθέναι
1268 2463 1317 2494 τὰς
1331 2463 1419 2498 ἄρκυς
1434 2470 1440 2477 ·
1452 2462 1469 2497 ἢ
1483 2461 1537 2497 γὰρ
1550 2460 1583 2487 ἂν
1596 2460 1673 2488 αὐτοὶ
1689 2459 1791 2494 μᾶλλον
1804 2458 1890 2485 ἑάλω-

1098 2518 1148 2536 σαν
1164 2517 1171 2524 ·
1188 2510 1218 2536 οὺ
1231 2509 1284 2545 χρὴ
1297 2508 1459 2541 ξενίζεσθαι,
1477 2509 1502 2535 εί
1522 2508 1570 2534 καὶ
1590 2504 1666 2542 map"
1686 2505 1760 2540 αὑτῷ
1783 2513 1810 2531 τι
1835 2504 1902 2531 τῶν.

1097 2555 1302 2591 ἐπαινουμένων
1313 2554 1465 2591 θεωρηθείη
1480 2562 1488 2570 ·
1502 2554 1571 2581 ἀλλὰ
1587 2553 1622 2580 τὰ
1643 2552 1709 2588 παρ’
1730 2551 1814 2578 αὐτοῦ
1832 2559 1890 2577 και·

1096 2601 1227 2636 νιζόμενα
1245 2600 1388 2636 βασανίσαι
1407 2600 1448 2627 δεῖ
1461 2608 1467 2615 ’
1480 2600 1506 2626 εί
1519 2608 1550 2634 γε
1566 2598 1604 2634 μὴ
1626 2598 1731 2633 σφόδρα
1758 2596 1890 2631 διαμάχε-

1097 2655 1141 2674 ται
1156 2647 1213 2678 τοῖς
1226 2647 1257 2679 ἒξ
1274 2643 1313 2674 ὧν
1336 2647 1495 2682 ἐλήφθησαν
1509 2644 1593 2673 αὑτοῦ
1607 2644 1642 2672 τὰ
1666 2643 1779 2670 δελέατα
1794 2642 1842 2669 καὶ
1860 2641 1890 2668 ul

1097 2692 1200 2720 ἀπάται
1215 2691 1378 2728 θεογράφοις
1396 2692 1499 2727 νόμοις.

1136 2846 1268 2883 (14)5υῐ.
1285 2847 1353 2881 xw,
1373 2847 1416 2875 to.
