2083 3155
206 175 256 207 761

448 231 668 260 ΕΛΕΓΚΤΙΚΟΣ
693 233 743 261 1Δ’.

237 278 286 306 οα’.
297 279 630 313 Τὺτεσσαρεσκαιδέκατον
643 280 776 316 μυθάριον
786 282 987 317 ἐπιγέγραπται

205 325 254 360 μὲν
273 327 326 358 Εις
340 325 392 352 τὸν
410 326 504 361 Νύγιερ
519 327 595 362 (15)”
613 328 749 362 μέμνηται
766 328 794 355 δὲ
815 328 898 354 αὐτοῦ
919 328 988 364 πρὸς

202 372 242 406 τῷ
267 372 338 399 τέλει
362 372 409 398 τοῦ
444 372 528 407 μύθου
558 373 599 400 ὅτι
626 373 731 408 ἑταῖρος
749 371 783 408 ἦν
808 372 862 400 τῶν
874 373 987 408 Σοδομι-

203 417 258 443 τῶν
284 417 340 452 (16)
357 425 364 432 ·
378 418 393 444 ὁ
414 418 468 449 πᾶς
482 418 510 444 δὲ
535 418 634 450 σκοπὸς
648 418 743 445 τούτου
757 418 804 445 τοῦ
823 418 907 453 μύθου
923 419 988 454 περὶ

203 463 250 489 τοῦ
266 462 302 497 μὴ
316 463 526 498 διαπιστηθῆναι
538 463 619 490 αὐτόν
631 473 638 480 ·
659 464 706 490 καί
721 473 812 499 φησιν,
824 464 865 490 ὅτι
875 464 988 495 Πάντως

203 507 295 542 ὲροῦσί
305 516 346 534 σοι
360 508 401 534 ὃτι
415 507 582 544 δαιμονιάρις
611 507 638 536 εἴ
661 509 747 543 λέγων
763 509 796 535 ἐκ
816 509 883 535 Θεοῦ
907 508 985 540 δέξα-

205 554 268 580 σθαι
283 554 369 581 ταῦτα
384 554 440 589 (17)
456 562 463 570 ·
479 555 503 581 ει
528 555 581 589 γὰρ
597 553 631 590 ἦς
648 556 783 590 ἀληθινὸς,
814 555 928 589 ἄγγελον
954 554 987 582 ἂν

205 600 335 635 κατῆγες.
348 601 443 632 Aleia;
459 601 486 627 δὲ
499 601 591 636 τίθησι
605 601 652 628 τοῦ
669 601 706 636 μὴ
719 602 774 627 δεῖν
790 601 918 637 ἔρχεσθαι
935 601 987 636 ἀγ-

204 646 294 680 γελον,
309 646 355 672 δύο
372 654 379 661 ·
393 647 434 673 ὅτι
445 655 474 672 τε
492 647 545 673 είσί
561 655 632 678 τινες
641 647 673 673 δι’
686 647 732 678 οὓς
744 647 823 674 τοῦτο
839 647 985 674 κωλύεται”

203 691 251 718 καὶ
264 692 305 717 ὃτι
321 691 433 718 ἐκείνων
450 691 591 724 ἐλθόντων,
604 691 634 718 τὸ
649 692 708 718 ὅλον
726 693 848 727 ἠνυσται.
867 693 921 719 Καὶ
944 693 988 724 τίς

203 738 283 773 χάρις
296 739 353 770 τοῖς
365 738 536 773 ἁνθρώποιςς
554 739 584 765 El
594 738 622 764 δὲ
637 738 684 765 καὶ
698 738 743 765 τὸν
758 739 881 773 οὐρανὸν,
894 739 986 773 φησὶν,

202 783 359 819 ἠνοὶξαμεν,
377 783 486 811 ἵσταντο
497 784 529 810 ἂν
552 784 576 810 οι
588 783 704 819 ὁρῶντες
726 783 808 810 αὐτὸν
829 783 961 818 ἔκθαμϐοι
978 791 986 798 ·

203 830 247 857 διὰ
258 830 338 856 τοῦτο
354 829 430 856 οὐδὲν
445 829 547 856 τούτων
563 830 668 863 γίνεται
682 838 689 845 ·
711 829 769 856 ἀλλ’
791 830 852 856 ἀντὶ
872 829 986 862 τούτων,

203 876 282 911 φησὶ,
298 875 387 907 καλῶς
398 875 477 907 εἰδὼς
490 875 524 902 τὰ
539 875 663 911 μετέωρα
673 883 680 890 ·
701 875 801 902 (Ἴδετε
817 875 846 901 τὸ
862 875 928 909 ὕψος
939 874 987 901 τοῦ

203 922 319 957 οὐρανοῦ
344 922 390 948 καὶ
412 922 475 953 τοὺς
508 921 637 955 ἀστέρας,
663 921 710 948 καὶ
737 920 786 952 τὰς
813 921 989 955 ἀστροτοξίας

203 968 358 1003 γινομένας,
373 968 491 1002 ὁπηνίκα
506 968 646 994 ἀναϐαίνει
667 967 682 993 ὁ
696 968 818 998 Σατανᾶς
831 968 991 1002 παρακροᾶ-

205 1015 267 1042 σθαι
293 1014 377 1041 θέλων
408 1014 442 1041 τὰ
461 1015 490 1040 ὲν
503 1014 542 1050 τῷ
565 1013 671 1048 οὐρανῷ
698 1013 849 1048 λαλούμενα
862 1022 869 1028 ·
887 1013 934 1040 καὶ
948 1013 992 1039 διὰ

203 1058 282 1088 τοῦτο
300 1060 464 1088 πιστεύσατε
496 1061 536 1087 ὅτι
564 1059 711 1091 ἀπόστολός
734 1060 793 1094 εἶμι
807 1067 814 1074 ·
843 1059 922 1090 ἄλλος
935 1058 990 1093 γὰρ

203 1106 282 1134 τοῦτο
293 1107 345 1142 πρὸ
361 1106 427 1142 ἐμοῦ
442 1108 492 1134 οὐκ
509 1107 636 1140 ἐδίδαξεν.
653 1116 663 1132 ι
683 1104 751 1133 Εἶτα
780 1106 861 1133 πάλιν
885 1106 991 1142 μέμνη·

202 1161 248 1179 ται
261 1152 312 1188 τῆς
322 1152 369 1179 τοῦ
391 1153 478 1187 Ἀδὰμ
495 1153 629 1186 πλάσεως,
640 1153 687 1180 καὶ¹
705 1153 754 1188 τῆς
783 1153 917 1187 γενέσεως
943 1151 990 1178 τοῦ

202 1197 313 1233 Βελίαρ,
333 1199 441 1233 καὶτῆς
458 1199 539 1226 αὑτοῦ
564 1199 717 1232 ἀπειθείας,
731 1199 777 1226 καὶ
790 1198 837 1225 τοῦ
852 1198 990 1234 Ἀϐραὰμ,

203 1244 250 1271 καὶ
261 1244 310 1279 τῆς
328 1245 449 1280 ἱστορίας
467 1247 516 1280 τῆς
531 1245 603 1272 κατὰ
617 1246 662 1273 τδν
676 1246 752 1272 Λώτ·
784 1246 831 1272 καὶ
846 1245 991 1280 παρεμϐα-

201 1290 256 1317 λὼν
267 1299 328 1317 τινα
342 1291 442 1324 ἔξωθεν
458 1291 550 1326 ἕτερα,
567 1291 744 1327 κατορθώσας
760 1301 789 1318 τε
810 1294 842 1319 ἐκ
861 1292 910 1327 τῆς
922 1291 991 1319 τού-

204 1344 260 1362 των
279 1336 448 1372 ἐξηγήσεως,
464 1337 501 1369 ὡς
528 1337 647 1372 ἐνόμιζε,
671 1338 702 1365 τὺ
720 1339 899 1374 πιστωθῆναι,
923 1339 991 1366 καθ-

202 1381 317 1408 άπτεται
333 1382 425 1409 λοιπὸν
439 1384 493 1410 τῶν
508 1384 636 1411 τιθέντων
650 1384 777 1411 κοινωνὸν
788 1385 848 1420 Θεῷ
865 1385 932 1421 (18)·
944 1385 991 1412 καὶ

202 1428 232 1454 ὲν
246 1427 352 1460 τούτοις
366 1428 405 1464 τῷ
420 1429 554 1464 φληνάφῳ
568 1430 644 1462 τέλος
659 1429 777 1464 τίθησιν.
936 1423 946 1434 ”

448 1474 670 1502 ΕΛΕΓΚΤΙΚΟΣ
694 1474 744 1502 lE'.

238 1519 286 1554 οβ’.
303 1520 347 1548 To.
355 1520 602 1547 πεντεκαιδέκατον
619 1520 753 1556 μυθάριον
769 1521 824 1556 (19)
839 1521 990 1557 ἐπιγέγρα-

203 1574 268 1592 πται
283 1566 332 1596 μὲν
347 1567 400 1599 Εἰς
418 1566 455 1592 τὰ
470 1567 616 1600 pel/ama
628 1574 636 1580 ·
665 1566 802 1602 μέμνηται
813 1567 842 1594 δὲ
858 1567 912 1594 τῶν
939 1556 989 1603 με-
1002 1556 1024 1586 (ἶ

203 1611 302 1638 λισσῶν
313 1612 378 1646 περὶ
392 1612 426 1638 τὰ
445 1612 515 1647 μέσα
529 1611 576 1638 τοῦ
589 1612 684 1648 μύθου,
706 1613 747 1639 ὅτι
762 1613 923 1648 ἐργάζονται
938 1622 990 1649 κη-

204 1657 251 1693 ρὸν
263 1658 309 1684 καὶ
325 1658 386 1693 μέλι
399 1666 405 1673 ·
422 1657 584 1693 προστίθησι
597 1658 626 1684 δὲ
649 1659 698 1694 τὴν
713 1658 819 1694 ἀπάτην
835 1659 929 1693 αὐτοῦ,
948 1659 989 1686 ὅτι

203 1703 236 1739 δὴ
261 1704 293 1730 ὲκ
317 1703 385 1730 Θεοῦ
407 1703 493 1730 ταῦτα
508 1703 630 1730 δέδεκται
644 1712 652 1720 ο
683 1705 729 1731 καὶ
748 1705 902 1739 ἐπιτρέχειν
916 1704 990 1732 δοκεῖ

202 1749 253 1781 τὰς
263 1749 292 1776 ὲν
302 1750 335 1785 τῇ
351 1749 438 1776 κτίσει
453 1749 499 1776 τοῦ
514 1750 581 1777 Θεοῦ
592 1750 749 1782 δυναστείας
763 1759 770 1766 ·
787 1751 833 1777 καὶ
844 1751 885 1777 ὅτι
896 1750 990 1786 ἐποίη-

205 1795 353 1826 σενόΘεδς
363 1795 398 1821 τὰ
422 1796 520 1831 κτήνη,
553 1796 600 1822 καὶ
628 1795 722 1822 διοικεῖ
739 1796 844 1822 πάνταθ
875 1796 922 1822 καὶ
946 1796 989 1829 ἐξ·

203 1842 318 1876 όμνυται
330 1842 411 1877 ὅρκον
419 1842 532 1876 φρικτὸν
546 1842 615 1868 κατὰ
628 1842 674 1869 τοῦ
688 1842 819 1876 ὀνόματος
840 1841 888 1868 τοῦ
909 1841 987 1873 Θεοῦ,

202 1887 243 1913 ὅτι
254 1886 310 1913 ὅσοι
327 1886 450 1920 λέγουσιν
464 1886 535 1921 ἔχειν
549 1886 593 1913 τὸν
603 1886 669 1912 Θεὸν
682 1886 834 1922 θυγατέρας
846 1886 988 1921 ἀγγέλους,

203 1932 443 1968 τιμωρηθήσονται
460 1941 467 1947 '
480 1932 530 1967 τὴν
544 1932 571 1958 δὲ
582 1923 689 1958 τελείαν
699 1932 847 1968 σαφήνειαν
859 1932 906 1958 τοῦ
921 1941 988 1967 προ-

203 1978 396 2014 χρηματισμοῦ
419 1978 526 2009 τούτου,
550 1979 578 2004 ὲν
606 1978 645 2012 τῷ
670 1978 773 2004 ἐπιόντι
797 1977 880 2004 αὑτοῦ
913 1978 989 2013 μύθῳ

203 2024 329 2058 ὀψόμενοι
357 2024 575 2059 ἐκπλαγήσεσθε.
596 2023 742 2059 Μέμνηται
760 2024 788 2050 δὲ
819 2024 899 2050 πάλιν
924 2023 989 2059 περὶ

204 2069 332 2104 βρώσεως
345 2069 445 2106 κρεῶν,
457 2071 502 2096 καί
518 2079 584 2105 φησι
601 2078 608 2085 ⁸
642 2079 651 2096 ι
667 2071 713 2106 Μὴ
732 2071 825 2105 εἴπητε
842 2070 883 2097 ὅτι
910 2069 989 2096 τοῦτό

203 2116 262 2142 ἐστι
279 2115 438 2150 λελυμένον,
467 2116 514 2142 καὶ
530 2116 609 2142 τοῦτο
629 2116 817 2151 κεκωλυμένον
839 2116 885 2143 τοῦ
907 2116 989 2151 βλασ-

204 2154 305 2194 φήμετν
321 2160 414 2186 ἐπάνω
426 2159 473 2186 τοῦ
491 2160 557 2186 Θεοῦ
568 2160 679 2195 ψεῦσμα
690 2169 697 2175 ·
719 2170 729 2186 ›
743 2160 916 2196 βλασφημίαν
942 2159 989 2187 καὶ

202 2205 314 2240 ψεῦσμα
333 2206 478 2232 καλῶντὺν
498 2206 579 2241 νόμον
598 2206 644 2232 τοῦ

203 2253 237 2286 τῇ
251 2251 341 2277 πίστει
360 2250 484 2286 Ἀϐραὰμ
500 2252 650 2287 μοναρχίαν
665 2252 711 2278 τοῦ
723 2253 860 2279 πιστεύειν
873 2261 880 2268 ·
909 2253 988 2281 Ἔϐε-

203 2305 234 2323 eo
247 2297 310 2332 γὰρ,
327 2297 404 2332 φησὶ,
419 2297 449 2324 τὸ
466 2297 604 2325 Σάϐϐατον
620 2299 712 2326 ἐπάνω
725 2300 779 2327 τῶν
805 2301 988 2335 ἀμφιϐαλλὸνο

204 2352 258 2369 των
273 2344 312 2375 εἰς
325 2343 406 2370 αὐτόν
420 2351 428 2358 ·
442 2343 564 2376 καίτοιγε
578 2344 628 2371 οὐκ
639 2345 772 2379 ἐγίνωσκε
804 2347 988 2382 σαϐϐατισμὸν

212 2388 354 2423 ’Λϐραάμ-
372 2389 410 2421 ὡς
426 2389 459 2415 ὲκ
471 2389 566 2416 τούτου
583 2391 776 2425 στοχάσασθαι,
794 2392 836 2419 ὅτι
861 2394 906 2420 καὶ
920 2394 988 2421 σαϐ-

207 2434 327 2466 ϐατίζειν
344 2434 469 2461 ἐϐούλετο
483 2436 546 2466 τοὺς
564 2435 716 2473 βαρϐάρους
729 2446 736 2453 ·
752 2438 809 2464 ἀλλ’
842 2439 905 2472 ἴσως
939 2441 989 2467 οὐκ

205 2479 349 2512 ἀκουσθείς
364 2481 392 2507 ὲν
407 2481 447 2516 τῷ
460 2481 533 2517 λόγῳ
543 2482 640 2518 τούτῳ,
654 2484 703 2510 οὐκ
714 2484 846 2520 ἐτόλμησε
859 2487 923 2521 περὶ
940 2487 990 2513 αὑ-

204 2526 252 2552 τοῦ
265 2534 290 2552 τι
307 2526 464 2562 προσθεῖναι
477 2535 484 2542 ·
504 2528 552 2555 καὶ
566 2529 595 2556 ὲν
605 2530 711 2562 τούτοις
730 2531 744 2557 ὁ
759 2531 898 2567 φλήναφος
916 2532 990 2568 αὐτῷ

205 2571 352 2608 περιέστη.

457 2619 675 2649 ΕΛΕΓΚΤΙΚΟΣ
692 2622 747 2656 lq’.

240 2662 290 2696 of.
307 2663 343 2690 Τὸ
368 2665 563 2693 ἑκκαιδέκατον
587 2667 717 2703 μυθάριον
739 2668 795 2705 (20)
819 2669 857 2705 τῷ
871 2671 993 2707 Μωάμετ

241 2742 471 2785 (l_5)_.Alcoranns
496 2745 630 2785 iii-abiens
658 2747 887 2785 ﬂ_egrum,_quam
912 2750 989 2778 Gelal

206 2779 277 2811 apud
297 2778 460 2807 Mal‘accium
474 2782 565 2807 vallem
579 2783 653 2810 di'rit.
665 2778 762 2811 No'ster
778 2778 890 2814 'Griecus
902 2786 990 2814 homi-

206 2814 473 2852 ncninevislirriaget
481 2817 575 2852 scribit
588 2817 687 2852 Noger.

242 2848 298 2882 (l6)
313 2848 375 2876 Sur.
385 2849 442 2881 XV,
459 2851 503 2878 79.

251 2883 455 2919 (17)Sur.xv,
477 2885 502 2919 7,
516 2886 559 2920 is,
573 2886 617 2920 27,
628 2887 672 2916 ss.

798 178 1014 210 REFUTATIO
1033 179 1269 212 MOHAMEDIS.

1281 233 1500 262 CONFUTATIO
1518 233 1590 262 XIV.

1070 278 1115 305 7i.
1136 278 1238 312 Quarta
1277 279 1382 306 decima
1412 278 1503 306 fabula
1536 278 1694 306 inscribitur
1720 277 1828 314 Noger,

1037 325 1116 359 cujus
1130 325 1254 352 meminit
1284 324 1357 353 circa
1385 324 1483 352 fabulae
1502 325 1588 360 ipsius
1614 324 1708 358 finem,
1732 333 1830 360 nempe

1038 371 1112 406 quod
1140 371 1244 399 sodalis
1276 371 1481 399 Sodomitarum
1510 371 1602 400 fuerit.
1626 369 1711 399 Totus
1737 374 1830 399 autem

1038 417 1119 451 hujus
1138 417 1236 444 fabulae
1260 425 1360 452 scopns
1387 421 1439 450 est,
1455 424 1491 444 ne
1517 416 1582 444 ﬁdes
1607 417 1631 444 ei
1656 417 1828 451 denegetur;

1038 461 1140 489 idcirco
1153 462 1191 488 ait
1209 470 1216 488 ε
1233 461 1330 489 Dicent
1353 462 1476 494 omnino,
1491 461 1679 489 Dmmoniacus
1703 469 1743 493 es.
1771 462 1824 490 sia

1038 504 1093 532 Deo
1109 505 1167 532 haec
1194 505 1332 539 accepisse
1352 505 1484 533 affirmas.
1506 503 1574 532 Nam
1600 505 1624 532 si
1644 512 1724 532 verax
1743 512 1829 538 esses,

1043 549 1157 584 angelos
1173 549 1346 577 adduxisses.
1366 548 1426 577 Jam
1443 549 1502 584 ipse
1527 556 1636 582 causas,
1650 550 1829 584 quamobrem

1041 595 1167 630 angelum
1190 595 1283 623 venire
1309 602 1364 622 non
1393 598 1527 629 oporteat,
1553 595 1631 630 ponit
1656 594 1743 626 duas;
1770 598 1827 621 tum

1040 639 1104 674 quia
1135 640 1161 667 id
1184 647 1200 667 a
1227 639 1392 674 quibusdam
1424 639 1602 674 prohibetur;
1619 643 1675 666 tum
1696 639 1758 673 quia
1774 639 1828 667 illis

1040 683 1257 716 advenientibus,
1273 687 1371 710 cuncta
1384 683 1657 710 consummabnntur.
1669 682 1734 715 Quae
1747 690 1829 717 porro

1040 729 1128 764 gratia
1145 730 1197 756 erit
1225 729 1401 756 hominibus?
1421 737 1430 754 ι
1449 728 1527 761 Quod
1555 728 1578 755 si
1607 728 1707 755 caelum
1725 728 1826 762 ipsum,

1040 773 1139 807 inquit,
1155 773 1334 807 aperiremus,
1357 772 1480 807 profecto
1504 772 1697 799 admirabundi
1719 777 1829 806 specta-

1040 822 1112 845 rent.
1133 827 1142 844 ι
1160 818 1222 845 ldeo
1237 818 1305 845 nihil
1332 818 1430 846 horum
1460 817 1498 845 fit.
1520 818 1572 845 Sed
1591 818 1767 849 eorumloco.
1789 819 1832 846 in-

1041 864 1111 898 quit,
1123 864 1252 898 praeclare
1272 864 1362 891 sciens
1382 863 1515 895 caelestia,
1545 872 1554 888 ι
1568 862 1663 891 Videte
1676 864 1739 891 caeli
1752 863 1833 891 celsi-

1007 895 1028 923 B
1044 895 1164 936 tudinem
1189 914 1271 943 atque
1295 909 1397 940 sidera,
1427 913 1454 936 et
1485 909 1607 936 siderum
1632 908 1829 943 jaculationes,

1043 962 1098 989 quo
1125 958 1246 989 tempore
1274 954 1398 982 ascendit
1417 953 1534 982 Satanas
1559 954 1686 981 audiendi
1717 953 1832 988 cupidus

1043 1007 1104 1034 qua:
1118 1000 1146 1026 in
1159 1000 1229 1026 coelo
1254 999 1425 1027 dicebantur.
1452 999 1558 1027 ldcirco
1583 999 1685 1026 credite
1706 1007 1749 1026 me
1772 1006 1834 1026 esse

1043 1045 1161 1079 legatum
1178 1054 1184 1072 :
1204 1045 1255 1072 hoc
1273 1045 1346 1072 enim
1361 1049 1424 1072 ante
1437 1052 1481 1072 me
1492 1052 1573 1072 nemo
1584 1045 1687 1071 docuit.
1704 1053 1714 1070 ι
1730 1044 1833 1071 Deinde

1043 1090 1168 1117 meminit
1196 1098 1293 1117 rursus
1331 1090 1479 1118 creationis
1517 1090 1634 1123 Adami,
1664 1095 1692 1118 et
1718 1090 1832 1124 originis

1043 1134 1137 1166 Belial,
1157 1137 1239 1169 atque
1255 1134 1315 1168 ejus
1337 1135 1531 1167 contumaciae;
1556 1135 1703 1162 Abrahami
1728 1136 1792 1162 item
1806 1141 1834 1163 et

1042 1179 1162 1208 historiae
1177 1179 1248 1207 Loti.
1260 1179 1329 1207 Tum
1345 1180 1508 1215 quibusdam
1519 1181 1631 1208 insertis
1649 1181 1770 1208 exterius
1783 1181 1832 1208 de-

1042 1225 1177 1260 sumptis,
1205 1230 1286 1260 atque
1321 1225 1372 1253 hac
1402 1226 1557 1253 narratione
1584 1226 1746 1254 existimans
1779 1227 1830 1254 sibi

1042 1271 1122 1298 fidem
1153 1271 1315 1300 conciliasse
1352 1271 1531 1306 reprehendit
1574 1272 1636 1300 illos
1668 1278 1761 1306 postea
1784 1272 1832 1306 qui

1042 1316 1146 1344 socium
1163 1316 1218 1344 Deo
1234 1316 1309 1344 dant.
1338 1317 1425 1352 Atque
1455 1317 1494 1344 ita
1520 1316 1601 1344 finem
1632 1324 1708 1344 vana:
1734 1317 1833 1345 fabulae

1042 1361 1168 1397 imponit.

1287 1493 1508 1522 CONFUTATIO
1524 1494 1582 1522 XV.

1076 1539 1122 1566 72.
1141 1539 1244 1573 Quinta
1256 1539 1362 1567 decima
1378 1539 1468 1567 fabula
1488 1541 1647 1568 inscribitur
1664 1541 1730 1575 Apes
1745 1562 1753 1574 ,
1771 1547 1832 1569 me-

1041 1589 1183 1620 moratque
1196 1592 1291 1619 reapse
1316 1593 1381 1620 apes
1406 1586 1478 1613 circa
1494 1585 1592 1614 fabula:
1620 1587 1753 1619 medium,
1766 1587 1831 1621 quia

1040 1638 1129 1658 ceram
1147 1635 1176 1658 et
1201 1632 1254 1658 mel
1266 1631 1402 1659 fabricant
1419 1642 1426 1660 :
1443 1632 1519 1660 addit
1536 1636 1626 1660 tamen
1650 1637 1834 1660 commentum

1040 1683 1132 1709 suum,
1149 1683 1247 1711 nempe
1261 1677 1334 1711 quod
1349 1685 1364 1704 a
1380 1677 1436 1705 Deo
1450 1677 1507 1705 haec
1519 1677 1572 1705 sibi
1591 1678 1689 1705 tradita
1704 1678 1827 1705 fuerunt.

1039 1722 1074 1749 Et
1091 1723 1213 1750 delibare
1228 1722 1337 1750 videtur
1359 1723 1405 1750 Dei
1432 1724 1460 1750 in
1484 1723 1603 1751 creando
1630 1724 1790 1758 potentiam,
1807 1728 1835 1751 et

1040 1764 1114 1803 quod
1131 1767 1336 1804 Deusjumenta
1352 1768 1458 1802 fecerit,
1471 1774 1554 1805 atque
1576 1769 1668 1797 omnia
1688 1774 1764 1804 regat
1777 1778 1784 1796 :
1795 1769 1836 1804 ju-

1039 1818 1135 1849 ratque
1172 1822 1301 1848 magnum
1335 1814 1530 1849 jusjurandum
1554 1823 1604 1850 per
1640 1814 1687 1842 Dei
1723 1822 1834 1847 nomen,

1039 1860 1112 1894 quod
1129 1867 1223 1894 ptenas
1235 1859 1313 1886 luent
1326 1860 1485 1895 quicunque
1500 1861 1585 1888 Deum
1610 1860 1713 1888 habere
1742 1861 1836 1888 dicunt

1040 1904 1110 1931 filias
1136 1903 1257 1938 angelos.
1279 1904 1390 1932 Plenam
1419 1909 1511 1932 autem
1544 1904 1728 1939 praedictionis
1754 1904 1836 1938 hujus

1040 1949 1250 1977 declarationem
1270 1949 1296 1976 in
1313 1949 1498 1984 subsequente
1511 1949 1602 1977 fabula
1633 1957 1688 1977 non
1705 1948 1764 1976 sine
1777 1952 1835 1975 stu—

1039 2002 1104 2030 pore
1121 1994 1256 2021 videbitis.
1273 1993 1368 2021 Denuo
1390 1994 1514 2021 carnium
1528 2001 1606 2021 esum
1631 1996 1767 2020 memorat
1789 1991 1834 2018 di-

1040 2047 1128 2067 cens:
1148 2048 1157 2065 ι
1177 2038 1267 2067 Nolite
1294 2039 1386 2066 dicere
1410 2039 1460 2066 hoc
1476 2047 1537 2067 esse
1565 2045 1739 2070 concessum,
1766 2037 1833 2069 illud

1039 2092 1104 2112 vero
1123 2084 1303 2119 prohibitum,
1328 2091 1362 2112 ne
1379 2084 1569 2119 blasphemum
1600 2084 1731 2110 adversus
1750 2081 1833 2109 Deum

1039 2130 1210 2158 mendacium
1222 2129 1368 2165 proferatis
1384 2139 1391 2157 :
1412 2139 1421 2156 ›
1437 2130 1634 2165 blasphemiam
1649 2128 1774 2155 videlicet
1787 2135 1835 2162 ap-

1039 2176 1144 2211 pellans
1159 2182 1241 2211 atque
1263 2176 1436 2204 mendacium
1455 2177 1540 2211 legem
1568 2175 1633 2207 Dei;
1654 2175 1834 2207 hortaturque

660 2206 727 2232 Θεοῦ
744 2214 751 2220 ·
782 2207 830 2233 καὶ
859 2207 989 2242 παραινεί

1039 2206 1069 2250 ut
1090 2206 1275 2249 Abralia-mum
1308 2222 1389 2249 unius
1421 2221 1467 2249 Dei
1481 2206 1652 2249 vcredulilate
1683 2220 1831 2246 imitentur.

1041 2269 1142 2295 Statuit
1159 2268 1242 2300 enim,
1265 2269 1363 2303 inquit,
1379 2267 1526 2296 Sabbatum
1552 2275 1634 2302 super
1647 2266 1787 2294 discordes
1801 2264 1835 2292 de

1039 2313 1171 2347 eo.Atqui
1181 2313 1377 2341 sabbatismum
1387 2313 1558 2340 Abrahamus
1572 2312 1717 2349 ignoravit.
1735 2310 1836 2343 Quam-

1039 2358 1134 2386 obrem
1149 2366 1182 2386 ex
1199 2359 1251 2386 hoc
1271 2359 1398 2394 conjicile
1416 2359 1488 2394 quod
1507 2358 1588 2386 etiam
1604 2358 1773 2385 sabbatizare
1786 2364 1835 2383 vo-

1042 2403 1139 2432 luisset
1164 2404 1312 2438 barbaros;
1341 2405 1387 2433 sed
1419 2413 1481 2432 cum
1508 2405 1533 2432 ei
1559 2404 1676 2432 fortasse
1707 2403 1833 2431 suadenti

1043 2458 1097 2477 non
1124 2451 1335 2484 auscultaretur,
1359 2451 1426 2478 nihil
1447 2451 1520 2478 circa
1546 2451 1611 2478 illud
1642 2457 1738 2478 ausum
1773 2456 1835 2476 esse

1043 2497 1221 2525 constituere.
1239 2498 1330 2534 Atque.
1341 2497 1368 2524 in
1384 2497 1427 2525 his
1440 2497 1498 2532 ejus
1512 2497 1604 2526 fabula
1620 2497 1744 2532 explicit.

1287 2629 1508 2658 CONFUTATIO
1522 2629 1592 2658 XVI.

1082 2674 1127 2702 73.
1146 2675 1227 2703 Sexta
1244 2675 1347 2703 decima
1362 2684 1378 2703 a
1392 2676 1551 2704 Mohamede
1565 2675 1656 2704 fabula
1674 2672 1832 2702 mscribitnr

1060 2751 1133 2791 ,(18)
1145 2753 1314 2791 Christianos
1334 2755 1469 2790 designat,
1481 2754 1527 2791 qui
1544 2752 1684 2791 θεομιιή
1698 2751 1766 2780 dant
1782 2759 1830 2780 so.

1043 2787 1123 2824 cium
1133 2789 1175 2824 vel
1193 2791 1282 2824 potius
1295 2787 1556 2824 consubstantialem
1567 2787 1676 2824 Filium.

1082 2822 1139 2858 (19)
1155 2822 1216 2851 Sur.
1234 2824 1304 2855 XVI.
1321 2825 1366 2857 68,
1383 2825 1428 2854 56,
1447 2824 1491 2856 57,
1509 2823 1570 2855 Ηθ,
1589 2823 1650 2849 121.

1076 2857 1132 2894 (20)
1151 2857 1213 2888 Sur.
1229 2859 1309 2893 xvn,
1322 2860 1350 2894 ε,
1367 2860 1410 2894 ιδ,
1430 2859 1472 2893 i6,
1489 2858 1533 2885 ιο.
