2083 3155
252 178 307 209 763

884 176 1030 207 NICETAE
1043 175 1245 206 BYZANTINI

1821 172 1872 204 764

252 231 320 258 Filii
344 229 465 258 Israelis.
486 229 608 258 Declarat
629 231 729 262 autem,
745 229 792 263 qui
811 229 881 257 hanc
905 230 1033 261 scripsit:

1088 228 1288 263 ἐπιγέγραπται
1307 227 1356 260 Εἰς
1370 226 1440 259 τοὺς
1466 225 1552 258 υἱοὺς
1571 225 1783 261 'Ia'pari1(2l)'
1803 227 1871 253 ἀπο-

251 275 309 302 Nos
327 274 452 302 dedimus
466 274 550 310 Moysi
566 273 744 308 Scripturam.
761 273 815 301 Nos
825 274 887 301 item
901 274 1036 309 judicavi—

253 329 316 348 tnus
329 321 362 348 de
374 320 436 348 ﬁliis
447 320 554 348 lsraelis
565 320 593 347 in
605 320 755 354 Scriptura,
769 320 826 347 fore
839 321 935 348 iterum
949 321 1035 348 vasti-

249 372 331 394 tatem
352 366 380 393 in
400 370 470 393 terra
483 386 491 399 ,
507 373 688 401 magnumque
703 373 845 394 excassum
862 372 1035 394 eventurum.

248 412 283 439 At
307 412 379 438 enim
403 412 557 445 cognoscite
576 419 609 438 ex
640 413 833 446 sequentibus,
864 419 963 439 verene
990 412 1037 440 hic

249 457 418 492 Scripturam
440 457 524 492 Moysi
548 457 696 484 tradiderit.
717 457 784 484 Nam
807 458 947 492 paululum
972 465 1036 492 pro-

248 510 359 536 gressus
373 502 410 529 ita
419 502 562 537 nugaciter
572 502 660 537 inquit
672 511 678 529 :
696 511 705 528 ‹
715 502 748 530 Et
758 509 808 530 nos
822 502 968 537 unicuique
978 503 1036 529 ho-

249 548 316 575 mini
330 548 363 575 de
373 547 443 575 collo
453 548 645 582 suspendlmus
658 553 757 575 sortem
772 548 868 583 ipsius.
877 548 1037 583 Continget-

248 601 302 628 que
317 597 347 621 ut
360 594 387 620 in
402 594 446 621 die
459 594 668 622 resurrectionis
679 594 736 621 haec
750 594 785 621 illi
800 595 880 622 obvia
901 595 1036 630 scriptura

248 639 295 667 ﬁat
311 648 318 666 :
337 638 407 674 Lege
419 639 581 674 scripturam
595 644 680 666 tuam.
695 649 705 666 ›
723 639 779 668 Hoc
792 644 882 667 autem
897 648 966 675 pene
979 648 1037 667 orn-

248 684 329 711 nihus
337 684 505 718 exploratum
516 688 567 716 est,
577 685 647 719 quod
662 684 743 712 sortis
752 685 888 712 decretum
897 692 928 713 ac
939 685 1035 718 fatum,

248 737 302 756 non
321 729 409 756 solum
430 729 501 756 haud
515 729 602 756 suasit
624 729 742 763 Moyses.
762 730 809 756 sed
828 737 862 757 ne
880 730 905 757 id
925 730 1035 764 quidem

250 781 402 801 memorare
415 774 512 801 voluit.
535 773 564 800 Si
580 775 662 809 igitur
675 775 707 801 ad
726 774 772 802 Dei
788 775 901 807 gloriam
921 776 1036 809 pertinet

249 819 333 846 fatum
345 819 496 852 admittere,
510 819 548 846 nil
563 819 662 846 mirum
676 820 746 854 quod
757 825 848 855 postea
865 821 964 848 tradita
977 819 1035 847 Μοα

249 865 356 892 hamedi
377 865 441 897 sint,
459 872 520 899 qua:
544 865 608 892 olim
635 865 686 892 sub
708 865 816 892 silentio
839 865 960 893 fuerunt.
986 865 1033 892 Sin

248 916 312 936 vero
325 909 408 936 Deum
430 909 493 935 mali
507 917 584 944 aeque
599 916 630 936 ac
646 910 708 936 boni
723 917 835 937 causam
850 910 906 937 vult
922 911 1036 937 demon-

249 959 346 986 strare,
373 958 438 982 tunc
452 953 552 982 frustra
569 954 651 982 fuisse
667 955 740 990 leges
752 955 840 987 datas.
855 960 882 983 et
894 963 1036 990 pinnarum

249 999 338 1026 minas
363 999 492 1031 intentas,
509 1000 643 1034 coarguit.
667 999 725 1028 Hoc
739 1006 831 1028 autem
845 995 888 1029 est
909 1002 1037 1036 impossi-

249 1043 314 1070 bile.
327 1043 399 1078 Ergo
411 1046 567 1072 necessario
580 1045 709 1072 mentitur
719 1046 844 1080 scriptor,
857 1054 953 1081 nempe
965 1047 1037 1082 quod

250 1088 309 1115 haec
324 1089 414 1123 inepta
431 1089 521 1116 fabula
537 1095 673 1118 auctorem
689 1091 787 1118 habeat
801 1092 877 1119 illum
889 1093 936 1127 qui
951 1092 1037 1128 Moysi

249 1133 336 1166 legem
353 1134 436 1161 dedit.
452 1134 583 1162 Eumdem
603 1136 704 1163 habent
724 1144 836 1172 scopum
849 1138 919 1172 apud
937 1137 1037 1172 ipsum,

249 1185 311 1213 qua:
324 1184 485 1213 sequuntur.
496 1180 565 1208 Dicit
573 1181 646 1208 enim
662 1190 669 1208 :
692 1190 702 1207 ‹
711 1181 779 1208 Cum
791 1182 901 1216 aliquod
914 1190 1037 1217 pessum-

250 1223 317 1249 dare
330 1223 458 1258 oppidum
475 1225 611 1257 volumus,
624 1225 753 1259 iubemus
772 1227 875 1254 incolas
890 1228 948 1261 ejus
963 1228 1039 1254 luxu-

250 1267 323 1295 riose
338 1275 417 1302 agere
431 1277 437 1301 ;
460 1273 541 1304 atque
561 1270 598 1297 ita
610 1271 683 1304 justa
709 1271 760 1299 l'uit
775 1271 808 1299 de
824 1272 857 1299 iis
881 1273 1013 1300 sententia
1029 1281 1036 1300 :

249 1312 418 1341 Externtinio
432 1315 493 1342 illos
506 1316 748 1345 exterminavimus
760 1326 767 1345 :
784 1324 811 1345 et
824 1318 946 1352 profecto
957 1326 1038 1353 gene-

249 1357 370 1385 rationes
393 1364 453 1392 post
468 1359 524 1386 Noe
548 1360 648 1387 multas
660 1362 838 1395 perdidimus.
856 1371 866 1388 ›
879 1362 960 1397 Atqui
981 1363 1038 1390 haec

249 1402 334 1430 verba
361 1402 482 1431 Dcumne
510 1404 652 1433 hominum
675 1412 812 1434 amantem
829 1414 863 1434 an
887 1408 1036 1436 daemonem

249 1455 356 1475 osorem
367 1448 480 1476 decent?
497 1449 605 1477 Deusne
619 1451 752 1478 luxuriari
761 1452 838 1486 jubet
849 1460 883 1479 an
894 1453 1017 1480 diabolus
1027 1454 1040 1480 ?

248 1493 316 1526 Quis
332 1494 527 1522 evidentiorem
548 1496 667 1530 postulet
685 1497 943 1524 demonstrationem
959 1518 966 1530 ,
983 1507 1037 1532 quo

1086 273 1211 308 φαίνεται
1229 272 1257 299 δὲ
1274 273 1288 299 ὁ
1299 271 1377 298 τοῦτο
1392 271 1563 307 συγγράψας,
1582 271 1623 298 ὅτι
1643 271 1739 305 Ἡμεῖς
1754 271 1873 298 δεδώκα-

1087 326 1138 354 μεν
1152 318 1191 353 τῷ
1210 319 1321 345 Μωῦσεῖ
1335 318 1384 352 τὴν
1401 317 1522 352 Γραφὴν,
1543 317 1590 343 καὶ
1606 316 1647 343 ὅτι
1669 318 1750 351 ἡμεῖς
1765 317 1874 351 ἐκρίνα-

1087 371 1136 398 μεν
1148 364 1187 394 εἰς
1200 363 1261 394 τοὺς
1276 362 1349 393 υἱοὺς
1371 361 1478 396 Ἰσραὴλ
1493 362 1522 387 ἐν
1537 362 1570 396 τῇ
1580 361 1675 395 Γραφῇ
1689 361 1719 386 τὸ
1733 360 1875 394 ἀφανίζειν

1085 409 1115 435 ιν
1125 410 1158 443 τῇ
1179 410 1213 444 γῇ
1227 408 1363 443 δεύτερον,
1379 407 1426 434 καὶ
1440 407 1588 442 ἐξαρθῆναι
1602 406 1718 441 ἔπαρσιν
1735 406 1858 441 μεγάλην
1868 416 1875 422 ·

1087 455 1214 481 σκοπεῖτε
1227 454 1255 480 δὲ
1279 455 1310 480 ἐκ
1325 453 1378 480 τῶν
1393 453 1467 488 ἑξῆς,
1483 453 1508 479 εί
1534 451 1643 487 ἀληθῶς
1666 447 1744 482 οὗτος
1762 452 1835 477 ἐστιν
1862 452 1876 477 ὁ

1085 498 1125 534 τῷ
1139 499 1252 526 Μωῦσιῖ
1265 499 1313 533 τὴν
1329 498 1441 533 Γραφὴν
1456 498 1581 529 δεδωκώς
1591 505 1598 512 ·
1614 496 1712 532 μικρὸν
1730 496 1786 531 γὰρ
1805 505 1873 530 προ-

1086 544 1137 576 ea;
1149 543 1279 579 φλυαρῶν
1294 552 1364 578 φησι
1375 551 1382 558 ·
1404 552 1413 570 t
1434 543 1489 570 Καὶ
1501 543 1581 578 ἡμεῖς
1597 542 1714 569 ἑκάστου
1730 541 1875 576 ἀνθρώπου

1086 587 1274 623 ἐκολλήσαμεν
1291 587 1366 622 αὐτῷ
1379 587 1429 623 τὴν
1444 589 1541 623 μοῖραν
1555 586 1640 614 αὑτοῦ
1656 586 1696 618 εἰς
1710 586 1756 612 τὸν
1770 587 1875 621 τράχη-

1085 633 1131 659 λον
1141 633 1224 659 αὐτοῦ
1236 640 1243 648 ο
1255 632 1303 659 καὶ
1316 631 1437 658 ὲκὸαίνει
1454 631 1528 667 αὐτῷ
1543 631 1572 658 ἐν
1584 633 1618 666 τῇ
1638 631 1730 667 ἡμέρᾳ
1745 631 1794 666 τῆς
1808 631 1875 658 ἅνα-

1086 679 1207 709 στάσεως
1221 678 1315 714 γραφὴ
1340 678 1487 704 ὑπαντῶσα
1500 677 1574 712 αὐτῷ
1592 677 1661 712 αὕτη
1671 685 1678 693 ο
1709 676 1876 710 Ἀνάγνωσον

1084 724 1134 758 τὴν
1147 725 1256 758 γραφήν
1270 732 1330 750 σου.
1354 733 1364 750 ι
1379 723 1465 749 Τοῦτο
1479 723 1507 749 δὲ
1522 723 1614 758 σχεδὸν
1627 722 1709 749 πᾶσιν
1721 722 1780 748 ἐστι
1794 730 1875 756 φανε-

1088 769 1147 804 ρὸν,
1164 770 1204 796 ὅτι
1221 769 1422 805 μοιρογραφίαν
1435 769 1482 795 καὶ
1493 768 1675 804 εἱμαρμένην,
1687 768 1717 794 οὺ
1736 767 1816 801 μόνον
1827 768 1877 792 οὐκ

1085 816 1229 848 ἐνουθέτει,
1243 815 1299 842 ἀλλ’
1310 815 1372 842 οὔτε
1391 814 1577 850 μνημονεῦσαι
1589 815 1720 849 ἠνέσχετο
1736 812 1856 845 Μωῡσῆς
1867 819 1874 826 °

1084 861 1181 888 οὐκοῦν
1195 863 1219 888 ει
1247 861 1295 896 μὲν
1308 861 1375 896 πρὸς
1400 860 1470 886 Θεοῦ
1486 860 1565 891 δόξαν
1585 858 1718 885 συντείνει
1733 857 1763 884 τὸ
1779 856 1877 884 ἀποδέ-

1088 906 1184 939 ξασθαι
1202 907 1383 941 εἱμαρμένην,
1412 906 1488 943 οὐδὲν
1503 905 1577 937 ξένον
1594 905 1618 931 εἰ
1631 904 1745 939 ὕστερον
1761 903 1796 930 τὰ
1816 904 1876 929 τότε

1089 952 1260 987 σιωπηθέντα
1272 952 1345 988 αὺτῷ
1361 951 1464 978 δέδοται
1474 960 1483 967 ⁸
1496 951 1521 977 εί
1533 951 1562 977 δὲ
1578 950 1671 977 κακῶν
1684 949 1766 976 αὑτὸν
1779 947 1875 980 αἴτιον,

1088 997 1182 1033 ὥσπερ
1194 998 1225 1033 δὴ
1239 998 1285 1024 καὶ
1299 998 1354 1024 τῶν
1370 997 1459 1023 καλῶν
1474 996 1631 1030 ἀποφαίνει,
1649 996 1696 1022 καὶ
1720 996 1753 1022 ἐκ
1777 994 1875 1021 τούτου

1088 1043 1135 1069 ἐπὶ
1151 1043 1258 1078 ματαίῳ
1265 1041 1315 1073 τὰς
1327 1042 1488 1077 νομοθεσίας
1503 1041 1594 1068 αὐτῶν
1607 1040 1756 1073 τεθεῖσθαι,
1771 1040 1876 1071 καὶτὰς

1089 1088 1213 1119 κολάσεις
1226 1088 1372 1122 ἀπειλῆσαι
1387 1087 1492 1122 ἐλέγχει
1503 1095 1510 1102 ·
1524 1086 1603 1113 τοῦτο
1614 1087 1641 1113 δὲ
1655 1086 1785 1113 ἀδύνατον
1796 1094 1802 1100 ·
1814 1085 1876 1120 ψεύ-

1087 1133 1179 1160 δεσθαι
1198 1132 1307 1165 πάντως
1322 1133 1427 1167 ἀνάγκη
1447 1132 1492 1159 τὸν
1509 1131 1662 1166 γράψαντα,
1681 1132 1722 1157 ὅτι
1737 1131 1768 1157 τὸ
1781 1130 1874 1164 ληρῶ-

1088 1179 1131 1210 δες
1144 1178 1222 1205 τοῦτο
1239 1177 1370 1213 μυθάριον
1385 1178 1431 1204 τοῦ
1455 1177 1600 1209 δεδωκότος
1614 1177 1717 1211 Μωῦτῇ
1733 1176 1778 1202 τὸν
1792 1176 1874 1211 νόμον

1088 1225 1147 1252 ἐστι
1160 1233 1166 1240 ”
1183 1225 1229 1251 τοῦ
1243 1225 1325 1252 αὐτοῦ
1338 1225 1366 1251 δὲ
1381 1224 1482 1251 σκοποῦ
1494 1223 1568 1258 αὑτῷ
1584 1223 1632 1261 καὶ
1646 1223 1679 1249 τὰ
1690 1222 1753 1257 ἑξῆς
1768 1221 1876 1257 ἔχεταισ

1089 1271 1156 1306 φησὶ
1169 1271 1233 1307 γάρ·
1255 1272 1329 1297 «”Οτ’
1343 1271 1376 1297 ἃν
1393 1269 1524 1304 ἠθέλομεν
1541 1269 1673 1296 ἀπολέσαι
1690 1268 1801 1304 χωρίον,
1814 1268 1876 1294 ἐκε-

1088 1316 1202 1351 λεύομεν
1228 1317 1292 1347 τοὺς
1316 1316 1436 1347 ἑστῶτας
1449 1316 1478 1341 ἐν
1503 1314 1588 1349 αὐτῷ,
1607 1315 1654 1341 καὶ
1675 1314 1832 1349 ὴσώτευσαν
1847 1314 1877 1339 ἐν

1088 1361 1163 1396 αὐτῷ
1175 1370 1182 1378 ·
1199 1362 1247 1389 καὶ
1262 1361 1407 1396 ἐδικαιώθη
1420 1360 1513 1387 ἐπάνω
1539 1360 1621 1386 αὐτοῦ
1637 1359 1715 1394 λόγος
1727 1367 1734 1374 ·
1754 1359 1801 1386 καὶ
1815 1358 1877 1386 ἐδα-

1091 1407 1217 1441 μάσαμεν
1230 1406 1328 1438 αὐτοὺς
1344 1406 1461 1441 δάμασιν
1472 1414 1480 1421 ”
1498 1405 1546 1432 καὶ
1560 1405 1675 1435 πολλοὺς
1696 1403 1878 1437 ἀπωλέσαμεν

1092 1453 1124 1478 ἐκ
1141 1451 1195 1478 τῶν
1220 1451 1322 1485 γενεῶν
1340 1451 1408 1486 μετὰ
1422 1451 1467 1477 τδν
1482 1450 1555 1477 Νῶε.
1572 1460 1582 1476 ι
1608 1450 1701 1476 Ταῦτα
1717 1449 1750 1475 τὰ
1767 1449 1878 1484 ῥήματα

1088 1497 1141 1524 τίνι
1168 1497 1266 1532 μᾶλλον
1280 1497 1429 1532 ἀρμόττει;
1447 1496 1485 1531 τῷ
1506 1495 1689 1530 φιλανθρώπῳ
1713 1494 1773 1528 Θεῷ
1784 1514 1791 1526 ,
1807 1494 1823 1529 ἢ
1837 1493 1875 1528 τῷ

249 1540 299 1567 sibi
315 1542 477 1574 persuadeat
493 1545 579 1569 totum
595 1542 764 1571 Mohamedis
784 1544 882 1571 librum
899 1552 914 1571 a
932 1544 1034 1572 Satana

1091 1543 1275 1579 μισανθρώπῳ
1300 1543 1424 1578 δαίμονις
1457 1543 1522 1575 Θεὸς
1555 1542 1661 1569 κελεύει
1678 1540 1834 1571 ἀσωτεύειν,
1860 1541 1877 1574 ἢ

248 1592 311 1613 esse
321 1586 527 1619 editumiQuod
540 1587 562 1614 si
580 1588 662 1622 aliqui
673 1588 778 1615 dicant:
796 1589 940 1621 Quomodo
955 1590 1040 1618 valuit

250 1629 367 1657 Satanas
382 1631 570 1664 generationes
583 1633 681 1660 multas
697 1637 759 1667 post
773 1633 828 1661 Noe
842 1635 1039 1668 pessumdare?

249 1675 455 1710 respondemus,
469 1676 542 1711 quod
557 1677 661 1705 viribus
675 1685 707 1704 ac
720 1683 858 1713 potentatu
875 1681 953 1714 quasi
966 1681 1037 1707 divi-

249 1728 296 1753 no,
318 1728 512 1756 nequaquam;
539 1722 635 1750 fraude
654 1729 744 1750 autem
772 1728 799 1751 et
814 1725 964 1752 tentatione
982 1733 1038 1758 quo

250 1766 304 1794 illa:
324 1767 408 1794 Deum
430 1768 462 1794 ad
482 1768 650 1795 iracundiam
667 1769 789 1801 ciercnt,
812 1771 905 1805 utique
926 1771 1010 1797 valuit
1027 1779 1034 1804 ;

248 1811 358 1846 quodet
370 1818 442 1838 nunc
456 1819 583 1847 peragere
598 1817 686 1848 potest
700 1823 707 1840 :
726 1814 876 1848 meritoque
891 1815 938 1848 ita,
949 1823 1037 1850 quan-

249 1864 331 1890 quam
346 1865 409 1884 casu
431 1857 553 1891 fortuito,
566 1859 699 1886 veraciter
713 1860 778 1887 dicit
791 1861 928 1888 diabolum
943 1861 1034 1888 homi-

249 1909 300 1929 nes
315 1903 505 1937 pessumdare.

1088 1589 1229 1622 διάϐολος;
1243 1589 1284 1615 ἐτι
1306 1588 1408 1624 ταύτης
1422 1588 1592 1623 σαφεστέραν
1606 1585 1744 1618 ἀπόδειξιν
1766 1585 1808 1617 τίς
1820 1586 1876 1611 ἐπι-

1088 1635 1165 1670 ζητεῖ
1178 1635 1224 1662 τοῦ
1240 1635 1502 1670 πεπληροφορῆσϐαι
1514 1635 1554 1661 ὅτι
1570 1634 1601 1660 τὸ
1615 1633 1675 1660 ὅλον
1689 1631 1735 1659 τοῦ
1753 1631 1877 1666 Μωάμετ

1088 1680 1188 1715 βιϐλίον
1207 1681 1221 1706 ὁ
1238 1680 1360 1711 Σατανᾶς
1377 1679 1530 1712 ἐξέδωκεν;
1555 1680 1579 1705 εἰ
1601 1679 1629 1706 δέ
1645 1687 1716 1709 τινες
1734 1677 1764 1710 ἐξ
1787 1677 1877 1703 αὐτῶν

1086 1726 1190 1752 εἴποιεν
1201 1734 1208 1741 ·
1229 1726 1282 1752 Καὶ
1298 1726 1358 1757 πῶς
1373 1725 1465 1760 ἴσχυσε
1482 1725 1603 1756 Σατανᾶς
1617 1724 1730 1755 πολλοὺς
1747 1723 1878 1750 ἀπολέσαι

1088 1773 1120 1798 ἐκ
1133 1772 1187 1798 τῶν
1203 1772 1304 1806 γενεῶν
1328 1771 1397 1807 μετὰ
1412 1772 1456 1798 τὸν
1483 1772 1555 1805 Νῶε,
1584 1771 1699 1807 ἐροῦμεν
1715 1771 1752 1802 ὠς
1774 1771 1804 1802 ἐξ
1816 1771 1878 1796 ἐπι-

1089 1816 1220 1851 κρατείας
1237 1817 1283 1843 καὶ
1297 1816 1456 1847 δεσποτείας
1478 1816 1572 1850 θεῖκῆς
1595 1816 1649 1842 οὐδ’
1671 1816 1759 1846 ὅλως·
1788 1815 1826 1846 ὠς
1849 1815 1879 1848 ἐξ

1088 1863 1196 1897 ἀπάτης
1205 1863 1233 1889 δὲ
1245 1862 1292 1889 καὶ
1308 1863 1354 1889 τοῦ
1369 1863 1491 1897 ἐρεθίσαι
1505 1862 1605 1893 αὐτοὺς
1620 1862 1659 1893 είς
1673 1861 1703 1888 τὸ
1716 1861 1880 1896 παροργίσαι

1088 1908 1132 1934 τὸν
1147 1908 1223 1940 Θεὸν,
1240 1909 1331 1943 ἴσχυσε
1342 1917 1348 1923 ·
1367 1908 1426 1935 καθ’
1440 1908 1457 1935 ἃ
1469 1910 1515 1935 καὶ
1541 1908 1588 1934 νῦν
1605 1907 1683 1934 τοῦτο
1697 1909 1783 1934 ποιεῖν
1797 1907 1879 1933 δύνα-

248 1955 308 1974 ται·
325 1948 370 1974 καὶ
386 1949 498 1980 εἰκότως
526 1950 556 1976 ἐν
576 1950 663 1987 τούτῳ
688 1952 721 1978 ἐκ
754 1952 801 1979 τοῦ
826 1952 980 1988 αὐτομάτου
1015 1953 1160 1988 ἀληθεύσει
1189 1954 1286 1988 λέγων,
1318 1955 1358 1981 ὅτι
1386 1954 1469 1986 αὐτὸς
1499 1953 1629 1981 ἀπόλλυσι
1660 1954 1723 1985 τοὺς
1767 1953 1876 1988 ἀνθρώ-

249 2003 301 2021 που
305 2003 329 2025 ς.

285 2041 329 2068 74.
342 2041 444 2074 Quodsi
465 2044 584 2070 nondum
597 2044 639 2071 his
650 2044 860 2072 rcl‘utationibus
873 2045 1039 2079 persuaden-

249 2089 302 2119 tur,
317 2087 491 2121 sequentibus
498 2089 592 2116 saltem
603 2090 722 2116 credent.
736 2089 840 2116 Etenim
855 2091 1038 2118 narrationem

249 2131 283 2158 de
309 2131 365 2159 Noe
379 2134 552 2167 continuatis,
573 2143 689 2169 pergens
707 2143 789 2170 porro
810 2137 946 2163 connectit
973 2137 1039 2164 illud

247 2175 329 2201 etiam
338 2183 352 2201 a
362 2175 560 2211 Moysedictum
571 2178 604 2205 de
611 2178 674 2206 ﬁliis
686 2179 730 2206 Dei
739 2185 764 2206 ct
771 2179 876 2207 ﬁliabus
886 2181 1038 2214 hominum,

249 2224 330 2254 atque
349 2222 406 2249 ait:
423 2222 471 2249 «Et
483 2223 563 2257 elegit
577 2223 654 2250 vobis
667 2223 739 2251 Deus
762 2228 854 2252 noster
869 2225 947 2257 ﬁlios,
963 2234 1038 2253 suin-

235 2261 356 2300 ’psitque
372 2274 404 2293 ex
419 2268 521 2302 angelis
541 2268 670 2296 feminas.
684 2269 737 2296 Vos
749 2274 839 2298 autem
855 2271 944 2298 dicitis
956 2279 1038 2305 gran-

247 2310 297 2337 des
310 2318 478 2340 sermones.»
496 2313 590 2340 Videte
609 2315 774 2349 impietatem
788 2336 796 2348 ,
817 2317 906 2343 videte
930 2317 1037 2344 barbari

249 2355 369 2383 hominis
383 2357 518 2385 insaniam
533 2360 539 2386 ι
554 2359 622 2391 Quia
635 2361 707 2387 enim
722 2361 824 2388 dictum
837 2362 911 2389 {uita
925 2361 1036 2398 Moyse:

254 2399 375 2428 Videntes
399 2402 450 2435 ﬁlii
476 2402 525 2429 Dei
542 2404 614 2437 ﬁlias
631 2404 766 2432 hominum
780 2407 849 2441 quod
865 2407 983 2441 pulchra
996 2416 1038 2434 es-

248 2450 316 2476 sent,
339 2454 493 2480 acceperunt
513 2449 564 2475 sibi
578 2458 672 2477 uxores
688 2451 712 2467 ³⁸
725 2460 732 2483 ;
746 2456 773 2479 et
784 2453 855 2487 quod
870 2460 902 2480 ex
925 2453 957 2481 iis
970 2461 1038 2487 quos

249 2491 303 2518 illa:
326 2499 496 2527 pepererunt,
518 2500 596 2522 erant
617 2496 738 2531 gigantes
756 2506 763 2529 ;
792 2499 878 2526 nescit
901 2499 1035 2531 videlicet,

249 2544 329 2570 quem
345 2537 429 2565 Deum
447 2539 552 2575 Moyses
572 2542 697 2575 appellet,
714 2551 810 2578 nempe
825 2545 956 2571 Enosutn.
973 2545 1038 2578 Qui-

251 2588 314 2607 nam
327 2589 390 2608 vero
407 2583 461 2610 sint
474 2584 555 2619 hujus
569 2586 614 2613 iilii
628 2587 767 2622 ignorans,
780 2595 838 2623 post
853 2594 955 2616 tantum
970 2598 1038 2624 pra:-

251 2626 404 2654 cedenlium
422 2637 579 2658 sermonum
593 2633 725 2667 laborem,
743 2635 905 2669 iuprzesenti
928 2635 1038 2662 demum

252 2672 371 2707 capitulo
387 2674 514 2703 universa
529 2677 589 2712 ejus
604 2685 666 2713 spes
682 2679 823 2707 manifeste
837 2681 949 2708 corruit.
968 2680 1035 2707 Nam

284 2761 308 2777 ¹⁶
324 2762 392 2790 Gen.
409 2765 485 2798 v1.2.

291 2831 346 2866 (21)
367 2833 530 2870 Quanquam
555 2836 636 2870 vulgo
662 2837 819 2865 inscribitur
844 2838 958 2866 Arabico
982 2838 1037 2865 Iter

254 2872 431 2903 nocturnum;
447 2875 563 2898 attamen
580 2872 716 2906 nonnulli,
734 2881 804 2908 quos
821 2872 930 2902 Graecus
944 2875 1036 2909 sequi-

1127 2044 1172 2070 οϐ’.
1187 2044 1217 2070 Εἰ
1233 2043 1259 2069 δὲ
1274 2044 1311 2078 μὴ
1325 2043 1459 2070 πείθοιντο
1470 2043 1501 2069 ἐκ
1515 2043 1570 2069 τῶν
1586 2043 1706 2077 ἐλέγχων
1720 2042 1831 2074 τούτων,
1848 2042 1879 2068 ἐκ

1088 2090 1143 2116 τῶν
1168 2089 1266 2123 ἐφεξῆς
1282 2088 1456 2115 πιστεύσουσι
1469 2096 1476 2104 ·
1494 2088 1564 2115 κατὰ
1588 2088 1729 2123 συνέχειαν
1749 2087 1803 2121 γὰρ
1830 2087 1880 2120 τῆς

1089 2137 1153 2173 περὶ
1168 2136 1230 2163 Νῶε
1247 2137 1403 2171 ἐξηγήσεως
1419 2135 1520 2170 προῖὼν
1537 2136 1714 2162 ἐπισυνάπτει
1739 2134 1787 2161 καὶ
1801 2133 1879 2160 τοῦτο

1089 2182 1221 2217 περὶτῶν
1234 2181 1387 2216 εἰρημένων
1407 2181 1520 2207 Μωῡσεῖ
1533 2181 1599 2207 υἱῶν
1614 2181 1681 2207 Θεοῦ
1697 2180 1744 2206 καὶ
1759 2179 1876 2213 Θυγατέ-

1091 2236 1145 2262 ρων
1156 2227 1210 2253 τῶν
1225 2226 1386 2262 ἀνθρώπιον,
1409 2225 1480 2252 οὕτω
1496 2225 1584 2260 λέγων
1600 2233 1606 2240 '
1629 2235 1637 2252 ι
1653 2226 1707 2251 Καὶ
1733 2224 1881 2256 ἐπελέξατο

1090 2272 1154 2307 ὑμῖν
1169 2273 1182 2298 ὁ
1200 2271 1301 2307 Κύριος
1328 2271 1406 2306 ἡμῶν
1421 2271 1514 2301 τέκνα.
1534 2271 1579 2297 καὶ
1604 2271 1753 2297 ἐπελάϐετο
1771 2271 1803 2296 ἐκ
1825 2269 1880 2295 τῶν

1087 2318 1211 2352 ἀγγέλων
1225 2317 1334 2353 θηλείας
1346 2326 1352 2332 ·
1366 2317 1445 2352 ὑμεῖς
1455 2317 1483 2342 δὲ
1499 2316 1592 2351 λέγετε
1601 2316 1697 2350 λόγους
1713 2316 1876 2350 μεγάλους.»

1093 2364 1190 2399 Ὁρᾶτε
1205 2363 1254 2398 τὴν
1271 2363 1408 2394 ἀσέϐειαν,
1435 2363 1516 2397 ὁρᾶτε
1539 2363 1588 2398 τὴν
1602 2362 1695 2389 ἄνοιαν
1710 2362 1757 2388 τοῦ
1773 2362 1879 2396 βαρϐα-

1090 2411 1154 2446 ρουέ
1171 2409 1264 2445 ἐπειδὴ
1279 2409 1332 2444 γὰρ
1348 2409 1455 2444 εἴρηται
1476 2408 1514 2443 τῷ
1538 2408 1664 2438 Μωῢσεῖ,
1688 2407 1729 2433 ὅτι
1753 2406 1881 2439 Ἰδόντες

1089 2457 1116 2482 οἱ
1129 2455 1187 2482 υἱοὶ
1213 2455 1267 2481 τοῦ
1284 2454 1357 2481 Θεόῦ
1380 2454 1431 2487 τὰς
1450 2455 1614 2489 θυγατέρας
1639 2453 1698 2480 τῶν
1717 2452 1882 2486 ἀνθρώπων

1091 2499 1135 2526 ὅτι
1149 2499 1241 2526 καλαί
1262 2500 1351 2530 slew,
1373 2498 1483 2525 ἔλαϐον
1503 2498 1620 2530 ἑαυτοῖς
1643 2497 1809 2531 γυναῖκας·
1834 2496 1881 2521 καὶ

1090 2546 1131 2572 ὅτι
1146 2546 1178 2572 ἐκ
1192 2546 1246 2571 τῶν
1260 2536 1426 2579 τικτομένων
1452 2545 1544 2575 αὐτοῖς
1558 2541 1629 2579 ἦσαν
1645 2545 1668 2570 οἱ
1684 2543 1822 2577 γίγαντες,
1844 2542 1880 2574 μὴ

1091 2590 1168 2622 εἰδὼς
1185 2590 1245 2617 τίνα
1265 2591 1343 2617 καλεῖ
1356 2590 1422 2616 Θεὸν
1437 2591 1556 2624 Μωῡσῆς
1573 2590 1614 2615 ὃτι
1637 2589 1682 2615 τὸν
1702 2587 1783 2618 Ἐνώς
1795 2595 1801 2601 ·
1830 2585 1877 2612 καὶ

1091 2635 1162 2667 τίνες
1186 2635 1268 2662 αὐτοῦ
1287 2637 1355 2662 εἰσιν
1377 2635 1428 2662 υἱοὶ
1458 2635 1656 2670 ἀμηχανήσας,
1684 2634 1725 2660 ὅτι
1751 2632 1783 2667 δὴ
1810 2632 1880 2666 μετὰ.

1091 2680 1217 2707 τοσοῦτον
1238 2680 1318 2707 πόνον
1330 2679 1384 2706 τῶν
1402 2680 1591 2716 προλαὸόντων
1599 2679 1696 2713 λόγων,
1711 2678 1738 2704 ἐν
1757 2676 1796 2708 τῶ
1810 2683 1876 2706 παρ’

1092 2843 1145 2870 tur,
1160 2838 1355 2874 inscripserunt
1365 2839 1446 2866 etiam
1461 2840 1511 2874 ﬁlii
1527 2839 1569 2867 vel
1585 2839 1700 2873 ﬁliorum
1716 2836 1835 2871 Israelis,
1847 2841 1878 2864 ut

1090 2873 1239 2902 .ilaraccius
1251 2875 1370 2902 adnotat.
