2083 3155
190 165 245 198 765

770 171 988 203 REFUTATIO
1005 174 1243 207 MOHAMEDIS.

1757 185 1813 218 766

190 223 246 248 όντι
277 222 416 258 κεφαλαίῳ
430 223 569 252 διαπίπτει
593 225 675 254 αὑτοῦ
691 227 766 254 πᾶσα
779 229 871 261 ἐλπίς·
887 239 967 264 φανε-

1021 231 1113 266 llloyse
1130 232 1198 260 ﬁlios
1220 233 1267 260 Dei
1289 234 1446 264 nominante
1458 256 1465 270 ,
1483 236 1635 266 Mohamedi
1649 240 1725 267 cordi
1740 247 1812 275 erat,

194 267 247 301 ρῶς
257 267 304 294 τοῦ
320 269 458 301 Μωῡσέως
487 271 562 303 υἱοὺς
574 271 641 299 Θεοῦ
651 273 829 308 ὀνομάζοντος
841 284 848 291 ·
862 276 936 311 αὐτῷ
947 277 975 303 δὲ

190 311 223 347 ἦν
237 314 253 347 ἡ
266 314 367 349 σπουδὴ
384 315 483 349 μηδένα
498 317 571 352 αὐτῷ
585 319 782 355 παραχωρῆσαι
796 328 803 336 ·
822 321 868 347 καὶ
881 321 975 358 ὥσπερ

190 360 366 391 ὲνθουσιάσας
379 362 538 396 άνταμείϐει
552 364 616 396 τοὺς
629 366 808 401 χαρακτῆρας
822 368 875 395 τῶν
891 378 976 404 προσ-

190 404 272 432 ώπων
287 405 333 431 καὶ
344 406 377 432 τὰ
389 406 446 441 εἴδη
457 413 463 421 ³
483 408 530 434 καὶ
546 409 601 435 τῶν
631 410 788 446 θυγατέρων
804 413 858 439 τῶν
871 414 975 450 ἀνθρώ-

189 458 248 475 πων
265 450 429 478 ἀναπλάττει
440 451 551 488 θηλείας
563 454 696 489 ἀγγέλους
712 457 783 484 κατὰ
793 458 840 485 τὸν
856 459 975 495 Ἕλληνα

191 495 274 529 μῦθον
284 503 292 511 ⁸

261 541 309 570 Ιρις
321 541 341 564 δ’
353 540 382 565 αὖ
400 541 482 573 Ἑλένῃ
495 543 633 575 λευκωλένῳ
648 545 746 576 ἄγγελος
759 546 842 577 ἦλθεν·
856 548 907 580 (22)

189 613 249 639 ἀντὶ
261 613 289 639 δὲ
305 613 359 640 τῶν
370 614 436 640 υἱῶν
448 614 495 641 τοῦ
509 615 576 642 Θεοῦ
590 617 798 653 παραλαμϐάνει
817 621 880 652 τοὺς
899 623 972 655 υἱοὺς

187 657 242 683 τῶν
255 657 407 692 ἀνθρώπων
418 666 426 674 ⁸
455 659 502 685 καὶ
515 659 586 686 οὕτω
613 661 647 688 τὰ
665 662 726 689 ἕδνα
743 664 793 698 τῆς
808 665 890 692 αὐτοῦ
912 666 973 692 ἀλο-

187 701 250 734 γίας
260 703 307 728 καὶ
320 702 474 738 δυσφημίας
496 706 553 733 τοῖς
576 705 678 739 ἀθλίοις
692 707 840 745 βαρϐάροις
865 711 972 745 προικί-

204 755 238 772 εκ

204 755 238 772 ει.

187 745 203 778 ζ
221 792 266 819 os'.
288 793 325 819 Τὸ
344 793 372 819 δὲ
397 794 505 821 πάντων
529 795 717 832 ἐλεεινότερον,
744 799 785 826 ὅτι
813 801 888 836 παρὰ
903 802 970 828 Θεοῦ

184 839 264 866 τοῦτο
281 840 405 874 γενέσθαι
422 843 612 876 καταγγέλλει.
628 853 637 870 ‹
657 845 817 878 Ἐπελέξατο
835 847 887 882 γὰρ
905 848 970 883 ὑμῖν

1027 277 1131 304 nullum
1142 279 1256 306 omnino
1270 280 1353 307 filium
1365 281 1419 309 Deo
1431 283 1580 311 concedere
1596 293 1603 311 :
1622 285 1736 320 ideoque
1752 292 1812 315 tan-

1025 330 1106 357 quam
1125 330 1210 352 oestro
1223 327 1351 359 percitus,
1368 335 1544 362 personarum
1560 329 1661 358 formas
1673 336 1699 358 et
1714 341 1812 367 genera

1025 368 1151 397 immutat
1161 379 1168 403 ;
1178 376 1205 397 et
1217 379 1264 406 pro
1277 372 1383 400 ﬁliabus
1391 374 1542 406 hominum.
1555 375 1686 411 conﬁngit
1697 377 1811 406 feminas

1025 416 1145 450 angelos,
1157 417 1234 452 juxta
1248 417 1369 446 Gratcam
1380 419 1500 447 fabulam
1514 430 1523 448 :

1053 558 1099 584 Iris
1118 565 1178 584 vero
1202 561 1232 586 ad
1251 561 1372 587 Helenam
1391 563 1500 589 candidis
1520 564 1585 596 ulnis
1601 564 1727 596 praeditam
1743 568 1812 592 venit

1569 595 1676 627 [nuncia
1689 596 1808 628 (angela),

1022 628 1100 657 Filiis
1121 635 1213 658 autem
1227 631 1275 659 Dei
1296 632 1367 661 filios
1389 634 1530 662 hominum
1548 636 1698 664 substituit.
1721 638 1811 672 Atque

1022 674 1060 701 ita
1074 676 1153 709 quasi
1165 677 1291 710 sponsale
1301 678 1424 706 stultitiae
1438 681 1604 713 suseimunus
1624 683 1732 712 miseris
1746 677 1811 711 bar-

1021 718 1096 748 baris
1116 721 1236 750 exhibet.

1056 803 1101 835 75.
1119 808 1197 841 Quod
1216 816 1281 836 vero
1299 817 1354 844 prae
1375 811 1481 838 caeteris
1500 811 1696 847 deplorandum
1719 819 1771 847 est,
1793 823 1808 843 a

1019 852 1075 880 Deo
1090 854 1141 880 hoc
1160 854 1261 881 factum
1280 855 1396 882 afﬁrmat
1412 865 1418 882 :
1441 866 1449 881 ι
1462 856 1548 892 Elegit
1560 859 1630 885 cnim
1646 860 1722 887 vobis
1738 861 1809 888 Deus

184 886 198 911 ὁ
209 885 308 920 Κύριος
323 887 400 921 ἡμῶν
415 887 497 914 τέκνα
506 895 513 903 ⁸
529 889 576 915 καὶ
585 889 733 917 ἐπελάϐετο
745 891 775 917 ὲκ
784 891 836 917 τῶν
848 893 967 926 ἀγγέλων

1021 904 1114 927 noster
1131 900 1212 931 ﬁlios.
1235 902 1403 937 sumpsitque
1422 910 1456 929 ex
1485 885 1588 938 atigclis
1611 903 1735 932 feminas.
1753 905 1809 934 Vos

183 932 292 965 θηλείας
304 941 311 948 ·
328 933 407 966 ὑμεῖς
421 933 449 959 δὲ
471 933 564 967 λέγετε
579 935 676 969 λόγους
702 937 846 970 μεγάλους.
862 947 871 963 ›
900 939 970 971 Τοὺς

183 978 248 1012 περὶ
260 978 308 1004 τοῦ
322 978 389 1005 Θεοῦ
405 988 498 1014 φησιν,
515 980 556 1006 ὅτι
567 980 599 1014 δὴ
619 982 751 1017 φημίζετε
768 983 806 1018 τῷ
821 984 880 1019 Θεῷ
895 985 970 1016 υίοὺς

182 1021 263 1055 ἔχειν,
280 1023 326 1048 καὶ
336 1023 446 1055 τούτους
458 1025 635 1060 πεποιηκέναι
647 1027 787 1061 γαμϐροὺς
801 1028 951 1064 ἀνθρώπων
960 1038 967 1045 ’

182 1065 282 1098 μᾶλλον
296 1066 345 1100 μὲν
356 1065 402 1093 οὖν
411 1068 543 1102 ἀγγέλους
557 1069 665 1104 θηλείας
678 1071 786 1106 νύμφας
800 1072 899 1100 δέδωκε
911 1076 968 1106 τοῖς

182 1112 248 1142 υἱοῖς
262 1112 317 1138 τῶν
328 1113 490 1148 ἀνθρώπων
503 1114 541 1146 ὡς
549 1115 594 1140 ἐπὶ
605 1115 744 1150 διορθώσει
753 1118 806 1143 τῶν
813 1119 967 1147 Μωσαῖκῶν

179 1156 291 1182 τοιαῦτα
320 1158 449 1190 φάσκων·
471 1159 565 1185 τούτου
585 1160 665 1194 χάριν
687 1162 716 1187 ὲν
740 1161 779 1197 τῷ
802 1164 855 1198 πρὸ
871 1164 966 1192 τούτου

181 1201 259 1236 μύθῳ
278 1202 422 1238 ἐξόμνυται
434 1204 474 1230 ὅτι
487 1205 514 1231 αί
528 1205 633 1240 θήλειαι
646 1205 757 1240 ἄγγελοι
768 1209 816 1234 οὐκ
835 1210 889 1236 εἰσὶ
899 1211 965 1237 Θεοῦ

180 1247 344 1282 θυγατέρες·
366 1249 436 1284 πλὴν
450 1251 490 1277 ὅτι
505 1251 610 1285 θήλειαι
626 1254 677 1279 εἰσι
703 1255 840 1288 κραταιῶς
868 1256 967 1289 ἀγωνί-

179 1291 254 1323 ζεται
267 1294 323 1328 (25)
335 1303 342 1310 ·
354 1295 412 1321 ιΞιλλ⁹
425 1296 498 1330 οἴμοι
509 1296 548 1331 τῷ
565 1298 785 1334 ὰμαρτωλοτέρῳ
799 1299 889 1334 πάσης
901 1309 967 1335 σαρ-

179 1338 244 1369 κόςΙ
263 1339 303 1365 ὅτι
319 1340 510 1376 ἀναγκάζομαι
523 1342 608 1369 θέλων
623 1344 732 1377 ἐλέγξαι
749 1345 793 1370 τὸν
810 1345 907 1380 ἐχθρὸν
918 1346 965 1372 τοῦ

179 1384 262 1417 Θεοῦ,
277 1385 364 1412 ταῦτα
381 1386 427 1413 καὶ
443 1387 476 1413 τὰ
495 1388 608 1414 τοιαῦτα
633 1389 738 1415 λαλεῖν·
753 1390 779 1416 τί
803 1390 849 1417 οὖν
872 1391 966 1418 λοιπὸν

179 1430 248 1465 πρὸς
259 1430 346 1457 ταῦτα
373 1431 481 1466 ἐροῦσιν
495 1433 520 1458 οἱ
535 1433 691 1467 ἀρνησίθεοι
718 1435 885 1469 Σαρακηνοί;
911 1434 966 1472 ἆρα

180 1475 395 1511 φιλονεικήσουσι
410 1477 478 1511 μετὰ
491 1478 586 1511 ταῦτα,
595 1479 710 1514 οεόπτην
723 1480 843 1514 Μωάμετ
855 1481 946 1507 καλεῖν
957 1490 965 1514 ;

178 1521 195 1556 ἢ
211 1522 312 1556 μᾶλλον
335 1523 460 1548 ὲπαοιδὺν
485 1524 533 1550 καὶ
548 1524 634 1559 γόητα
650 1525 697 1551 καὶ
724 1525 868 1552 ἀπατεῶνα
886 1527 966 1552 αὑτὸν

179 1571 317 1604 πεφηνότα
329 1570 508 1604 διαπτύουσι;
527 1570 726 1610 βαττολογήσας
749 1571 777 1596 δὲ
793 1572 840 1597 καὶ
862 1572 963 1607 δυσφη-
978 1565 1001 1595 (ἶ

180 1616 267 1648 μήσας
281 1615 386 1646 τούτοις
400 1615 478 1649 ὃμοια
493 1615 615 1648 πλείονα,
628 1615 722 1650 ὥσπερ
736 1616 784 1651 ἤδη
803 1618 897 1650 σαφεῖς
918 1617 964 1643 καὶ

179 1661 390 1695 ἀναντιρρήτους
402 1661 433 1686 ὲκ
458 1662 560 1688 τούτων
581 1661 629 1693 τὰς
646 1662 797 1695 ἀποδείξεις
810 1662 964 1697 ποιησάμε-

177 1713 221 1736 νος
234 1705 348 1739 ὲπάγει·
367 1715 376 1731 ‹
394 1707 447 1732 Καὶ
458 1706 530 1733 εἰπέ·
555 1707 716 1741 Εὑχαριστῶ
740 1707 778 1742 τῷ
791 1707 851 1742 Θεῷ
872 1707 910 1741 τῷ
927 1707 964 1742 μὴ

177 1750 331 1777 ἐπιλαϐόντι
345 1751 414 1778 υἱόν.
426 1761 435 1777 ι
454 1752 509 1777 Καὶ
521 1753 550 1778 ἐν
560 1752 665 1783 τούτοις
681 1752 718 1787 τῷ
733 1752 864 1787 φληνάφῳ
876 1753 963 1786 πέρας

176 1795 293 1829 τίθησιν.

427 1841 648 1868 ΕΛΕΓΚΤΙΚΟΣ
671 1841 718 1868 IZ'.

210 1885 264 1917 ος’.
279 1886 315 1912 Τὸ
332 1887 561 1914 ἑπτακαιδέκατον
579 1888 708 1922 μυθάριον
722 1888 776 1923 (Μ)
794 1887 831 1923 τῷ
840 1888 963 1924 Μωάμετ

175 1931 379 1967 ἐπιγέγραπται
409 1932 469 1966 μὲν,
489 1933 539 1965 Εἰς
566 1932 637 1965 τοὺς
657 1933 792 1966 titm'povc
817 1934 868 1961 τοῦ
886 1943 964 1967 σπη-

174 1977 274 2008 λαίου.
289 1979 436 2013 ἀφηγεῖται
460 1978 488 2004 δὲ
514 1977 563 2013 τὴν
591 1977 645 2003 τῶν
661 1978 746 2011 ἁγίων
766 1978 836 2004 ἑπτὰ
859 1979 962 2006 παίδων

174 2023 229 2050 τῶν
246 2024 275 2050 ὲν
293 2024 398 2058 Ἐφέσῳ
411 2023 481 2050 κατὰ
493 2024 523 2050 τδ
539 2023 668 2058 σπήλαιον
682 2023 780 2058 φυγὴν,
793 2024 894 2050 καὶτὸν
913 2024 961 2050 θά-

175 2076 266 2101 νατον,
282 2068 330 2095 καὶ⁸
343 2069 393 2103 τὴν
407 2068 554 2095 ἀνάστασιν
564 2077 570 2084 ·
588 2068 690 2095 τούτων
706 2069 733 2095 δὲ
758 2069 962 2104 ἐμνημόνευσεν

175 2115 190 2140 ὁ
206 2113 312 2149 ἰδιώτης
324 2115 371 2141 καὶ
391 2114 527 2150 βάρϐαρος
550 2114 620 2140 κατὰ
633 2115 749 2149 τρόπους
768 2115 824 2147 δύο,
841 2115 890 2143 ἕνα
912 2115 962 2150 μὲν

174 2160 222 2186 τοῦ
233 2160 305 2192 δόξαι
320 2161 432 2195 γραφῶν
446 2161 550 2187 πολλῶν
566 2160 698 2195 ἔμπειρος
725 2159 805 2194 εἶναι,
822 2162 914 2198 ἕτερον
933 2163 962 2189 δὲ

173 2205 221 2231 τοῦ
237 2206 395 2241 σφετερίσαι
411 2208 450 2238 είς
464 2207 494 2233 τὸ
510 2207 606 2233 ἑαυτοῦ
620 2207 709 2241 δόγμα
733 2207 764 2233 τὸ
789 2209 849 2235 κατ’
862 2209 961 2241 αὐτοὺς

175 2251 282 2287 θαῦμα·
300 2253 393 2288 ἐπειδὴ
413 2253 441 2279 δὲ
465 2253 558 2287 σαφῶς
580 2253 637 2288 ᾔδει
659 2254 841 2289 Χριστιανοὺς
861 2255 960 2287 αὐτοὺς
977 2242 999 2271 D

174 2296 253 2328 ὄντας
266 2298 313 2324 καὶ
331 2298 500 2332 σωζομένους
519 2299 664 2334 ἀκεραίους
679 2298 747 2333 μετὰ
760 2299 883 2332 θάνατον,
894 2301 961 2327 ἐτῶν

175 2343 304 2370 πλειόνων
331 2346 550 2379 προσεποιήσατο
579 2345 690 2379 ἄγνοιαν
715 2346 881 2381 ἐπαινέτην*
913 2347 961 2374 καὶ

175 2390 412 2425 σχηματισάμενος
434 2391 574 2417 ἀκίνδυνον
601 2391 733 2426 ὑπόληψιν
751 2393 815 2428 περὶ
841 2393 908 2420 Θεοῦ
920 2394 961 2421 ὃτι

173 2435 252 2467 αὐτὸς
263 2433 334 2463 οἶδεν
347 2437 396 2463 ὅσα
413 2438 496 2468 ποιεῖ,
512 2438 559 2464 καὶ
570 2436 629 2468 πῶς
641 2437 710 2464 αὐτὰ
722 2439 803 2472 ποιεῖ,
816 2439 961 2474 ἐκφεύγειν

173 2482 258 2508 οἴεται
272 2482 321 2517 τὴν
337 2483 391 2509 τῶν
415 2483 519 2510 πολλῶν
536 2483 706 2519 πραγμάτων
721 2483 843 2519 ἔρευναν,
857 2486 889 2520 ἢν
901 2485 962 2512 οὐδὲ

173 2529 257 2555 θέλων
272 2529 404 2563 ἐγίνωσκε
415 2537 422 2545 ·
442 2530 513 2565 πλὴν
543 2530 635 2563 μέντοι
651 2529 705 2556 οὐδ’
721 2530 819 2561 αὐτοὺς
837 2531 960 2566 παρῆλθε

172 2574 233 2609 δίχα
243 2575 342 2609 ψόγου⁸
358 2576 425 2610 φησὶ
435 2576 502 2611 γάρ·
522 2585 531 2601 t
550 2576 680 2611 Νομίζεις
696 2577 792 2608 αὐτοὺς
807 2577 960 2613 ἐγρηγορό-

172 2628 232 2651 τας,
246 2621 294 2647 καὶ
306 2621 383 2647 αὐτοὶ
397 2622 547 2656 κοιμῶνται
561 2630 569 2638 ·
585 2622 766 2658 άναστρέφεις
788 2624 887 2655 αὐτοὺς
914 2624 960 2650 ἐπὶ

172 2666 258 2700 δεξιὸν
273 2668 321 2694 καὶ
335 2668 381 2694 ἐπὶ
403 2669 433 2695 τὸ
449 2669 603 2704 ἀριστερὸν,
626 2670 674 2696 καὶ
688 2670 717 2696 τὺ
732 2670 824 2697 σκυλὶν
843 2670 898 2706 (25)
913 2671 961 2698 αὐ-

207 2736 264 2772 (22)
278 2737 359 2764 Hom.
379 2737 461 2765 Iliad.
479 2737 523 2770 111,
540 2738 602 2766 121.

203 2771 262 2806 (25)
277 2772 419 2811 Belandus
432 2774 459 2800 in
475 2782 557 2811 opere
573 2774 744 2811 smpecitato
762 2780 832 2808 part.
852 2783 882 2809 n,
897 2783 958 2811 cap.

176 2807 218 2838 Ιῖ,
240 2812 322 2842 negat
335 2815 351 2834 a
368 2807 571 2836 Moluamedanis
582 2807 730 2837 existimari
753 2807 862 2846 angelos
877 2807 959 2840 femi-

173 2849 234 2868 nas.

209 2876 263 2911 (ει)
280 2876 344 2904 Sur.
358 2876 451 2912 XVIII,
471 2878 616 2912 8,17,25,
632 2879 677 2913 δι,
696 2880 739 2914 5|,
758 2880 802 2913 6-2,
819 2881 862 2908 87.

1020 949 1110 972 autem
1134 946 1224 973 dicitis
1247 948 1363 981 grandes
1389 955 1555 979 sermones.)
1571 956 1667 983 nempe
1694 950 1728 977 de
1742 950 1806 983 Deo,

1019 992 1239 1026 quandoquidem
1257 994 1339 1020 Deum
1357 993 1427 1021 filios
1447 994 1547 1022 habere
1559 995 1701 1029 dictitatis,
1726 1000 1808 1031 atque

1019 1036 1070 1064 hos
1091 1037 1233 1064 hominum
1258 1037 1355 1066 fecisse
1369 1046 1484 1073 generos
1500 1048 1507 1072 ;
1523 1047 1586 1067 cum
1605 1046 1701 1068 contra
1715 1041 1808 1076 potius

1018 1083 1129 1118 angelos
1138 1083 1252 1111 feminas
1264 1084 1327 1112 filiis
1338 1085 1478 1112 hominum
1491 1094 1591 1114 uxores
1607 1087 1713 1114 dederit
1725 1096 1731 1114 :
1747 1095 1808 1122 qua:

1018 1128 1120 1156 scilicet
1143 1129 1176 1156 ad
1197 1128 1322 1157 Mosaicae
1347 1129 1468 1158 historiae
1489 1131 1706 1159 emendationem
1729 1132 1806 1160 dicit.

1017 1173 1161 1209 Propterea
1173 1174 1200 1201 in
1215 1175 1383 1209 praecedente
1397 1175 1489 1203 fabula
1499 1176 1612 1211 juravit,
1627 1177 1743 1204 feminas
1756 1185 1807 1204 an-

1017 1219 1091 1254 gelos
1106 1226 1159 1246 non
1180 1227 1241 1247 esse
1261 1220 1309 1247 Dei
1326 1220 1395 1249 ﬁlias
1412 1230 1419 1249 :
1447 1226 1474 1249 et
1497 1223 1673 1251 nihilominus
1696 1224 1807 1258 angelos

1016 1271 1079 1292 esse
1089 1264 1204 1292 feminas
1216 1265 1355 1293 mordicus
1369 1267 1517 1294 contendit.
1538 1267 1589 1295 Sed
1604 1268 1657 1295 heu
1670 1269 1737 1295 mihi
1751 1277 1807 1303 pm

1016 1310 1143 1338 universa
1156 1318 1237 1338 carne
1252 1313 1399 1345 peccaturi,
1412 1313 1460 1347 qui
1474 1321 1567 1348 cogor,
1582 1313 1804 1348 quandoquidem

1018 1356 1064 1382 Dei
1079 1356 1184 1383 hostem
1198 1357 1260 1383 volo
1272 1357 1424 1388 confutare.
1445 1362 1483 1385 tot
1499 1358 1618 1393 taliaque
1633 1359 1707 1392 loqui
1722 1360 1728 1386 l
1747 1358 1806 1386 Ca3-

1019 1400 1122 1435 teroqui
1138 1401 1203 1434 quid
1217 1400 1250 1427 ad
1265 1401 1321 1428 haec
1336 1401 1427 1429 dicent
1440 1402 1486 1429 Dei
1499 1408 1640 1437 negatores
1653 1402 1780 1430 Saraceni
1793 1405 1805 1431 3

1016 1445 1086 1472 Num
1098 1450 1159 1480 post
1169 1446 1226 1473 haec
1237 1447 1327 1474 volent
1338 1447 1426 1474 adhuc
1439 1448 1610 1482 pertinaciter
1616 1448 1803 1476 Molrametlem

1018 1491 1152 1526 appellare
1175 1492 1221 1520 Dei
1236 1492 1408 1525 familiarem,
1425 1498 1453 1520 et
1471 1501 1524 1520 non
1545 1494 1636 1528 potius
1652 1495 1803 1530 ptmstigia—

1018 1543 1103 1565 torem
1123 1543 1151 1565 et
1165 1545 1273 1573 magum
1285 1538 1297 1565 ?
1308 1546 1358 1566 nec
1368 1546 1430 1566 eum
1445 1540 1532 1573 potius
1549 1543 1578 1566 ut
1590 1539 1732 1567 manifeste
1748 1541 1805 1575 pla-

1016 1591 1082 1610 num
1099 1584 1252 1612 convictum
1270 1585 1575 1619 despuent?Blaterans
1589 1589 1679 1612 autem
1691 1605 1697 1616 ,
1713 1590 1741 1612 et
1761 1585 1805 1613 his

1016 1629 1094 1663 plura
1106 1629 1205 1656 similia
1218 1629 1419 1664 blasphemans,
1428 1631 1506 1664 quasi
1523 1630 1681 1657 manifestas
1695 1635 1722 1657 et
1734 1631 1802 1657 irre-

1015 1673 1141 1701 futabiles
1153 1674 1261 1703 fecisset
1277 1675 1530 1707 demonstrationes,
1545 1676 1620 1703 addit
1635 1684 1642 1702 :
1659 1685 1668 1701 ι
1686 1676 1719 1702 Et
1741 1675 1802 1703 dic:

1014 1717 1088 1745 Laus
1103 1718 1158 1746 Deo
1171 1719 1217 1754 qui
1231 1720 1315 1747 lilium
1326 1728 1378 1747 non
1396 1721 1528 1756 suscepitl
1542 1730 1551 1746 ›
1564 1722 1651 1755 Atque
1660 1721 1703 1748 his
1712 1721 1803 1753 dictis,

1014 1761 1113 1790 fabulae
1129 1771 1185 1791 suae
1196 1763 1276 1791 tinem
1293 1764 1417 1800 imponit.

1243 1853 1465 1882 CONFUTATIO
1485 1853 1568 1881 XVII.

1051 1899 1094 1926 76.
1111 1899 1220 1926 Decima
1232 1899 1345 1934 septima
1354 1907 1367 1926 a
1380 1899 1537 1927 Mohamede
1546 1900 1636 1928 fabula
1645 1900 1803 1928 inscribitur

1015 1943 1124 1971 Sodalea
1140 1944 1270 1978 spelunca:
1283 1953 1292 1971 :
1308 1950 1402 1972 narrat
1418 1950 1508 1972 autem
1524 1951 1683 1973 sanctorum
1697 1952 1801 1981 septem

1013 1989 1227 2016 adolescentium
1242 1990 1339 2024 Ephesi
1352 1991 1385 2017 ad
1399 1991 1557 2024 speluncam
1572 1991 1673 2026 fugam,
1683 1995 1711 2019 et
1726 1999 1802 2019 mor-

1014 2038 1067 2061 tem
1092 2039 1119 2061 et
1144 2035 1382 2063 resurrectionem.
1403 2035 1458 2064 Hos
1481 2044 1546 2064 vero
1565 2043 1698 2064 memorat
1717 2038 1801 2065 idiota

1012 2080 1146 2108 barbarus
1162 2081 1263 2116 duplici
1277 2088 1309 2108 ex
1325 2089 1406 2109 causa
1421 2091 1428 2114 ;
1445 2089 1498 2109 una
1511 2083 1620 2117 quidem
1637 2087 1666 2110 ut
1678 2083 1802 2110 videatur

1013 2127 1159 2153 multarum
1176 2127 1372 2161 scripturarum
1395 2135 1497 2162 gnarus
1511 2137 1519 2162 ;
1534 2129 1618 2156 altera
1632 2134 1661 2155 ut
1676 2129 1718 2157 sui
1734 2129 1802 2164 dog-

1012 2172 1094 2198 matis
1106 2172 1245 2206 proprium
1265 2171 1349 2199 faciat
1362 2173 1433 2207 quod
1450 2173 1503 2200 illis
1523 2173 1612 2200 evertit
1628 2174 1798 2201 miraculum.

1013 2216 1082 2249 Quia
1096 2225 1160 2244 vero
1178 2217 1260 2251 probe
1274 2217 1376 2244 sciebat
1387 2217 1471 2244 fuisse
1485 2218 1545 2245 illos
1559 2218 1739 2250 Christianos,
1757 2224 1801 2245 at-

1014 2271 1068 2298 que
1088 2263 1239 2290 incolumes
1264 2269 1324 2297 post
1350 2268 1464 2291 mortem
1494 2269 1626 2296 servatos,
1652 2265 1801 2292 multorum

1014 2316 1148 2336 annorum
1160 2309 1299 2336 simulavit
1316 2310 1495 2344 ignorantiam
1507 2311 1679 2341 laudabilem.
1691 2319 1802 2345 praeque

1015 2362 1046 2383 se
1056 2354 1146 2382 ferens
1167 2362 1291 2383 securam
1307 2355 1342 2382 de
1359 2354 1414 2382 Deo
1429 2355 1596 2390 opinionem,
1615 2363 1711 2390 nempe
1730 2356 1802 2383 scire

1014 2408 1076 2429 eum
1096 2409 1156 2436 qua:
1173 2400 1247 2431 facit.
1267 2405 1294 2428 et
1312 2400 1448 2435 quomodo
1462 2409 1492 2428 ea
1512 2400 1591 2434 facit,
1609 2401 1747 2428 declinare
1760 2401 1802 2428 sic

1014 2449 1091 2481 putat
1107 2446 1253 2473 multarum
1271 2453 1362 2473 rerum
1383 2446 1601 2481 vestigatiouem,
1625 2454 1708 2481 quam
1725 2454 1759 2474 ne
1776 2447 1800 2473 si

1011 2491 1090 2518 vellet
1102 2491 1210 2526 quidem
1222 2495 1426 2526 assequerctur.
1437 2491 1559 2518 Attamen
1576 2500 1610 2519 ne
1625 2492 1674 2519 hos
1688 2493 1800 2526 quidem

1011 2536 1070 2563 sine
1079 2536 1276 2570 vituperatione
1285 2544 1346 2563 esse
1361 2536 1438 2563 sinit.
1454 2537 1499 2563 Ait
1507 2537 1579 2564 enim
1596 2546 1603 2564 :
1628 2546 1637 2562 ι
1652 2537 1800 2564 Existimas

1010 2580 1071 2609 illos
1082 2581 1234 2615 vigilantes,
1250 2586 1277 2608 at
1300 2581 1351 2615 ipsi
1368 2581 1509 2608 dormiunt
1524 2590 1532 2608 :
1556 2589 1650 2609 versas
1670 2589 1718 2609 eos
1733 2582 1800 2608 dex-

1011 2631 1129 2654 trorsum
1142 2631 1169 2654 et
1180 2627 1367 2654 sinistrorsum
1386 2636 1393 2655 :
1409 2632 1435 2655 et
1452 2630 1527 2655 canis
1541 2635 1636 2655 eorum
1651 2627 1800 2655 extendens

1010 2672 1122 2700 brachia
1145 2680 1194 2700 sua
1211 2673 1239 2700 in
1261 2673 1381 2708 pulvere.
1406 2674 1540 2702 Dominus
1561 2675 1613 2701 scit
1634 2681 1678 2700 res
1691 2679 1797 2700 eorum.

1050 2741 1148 2780 (Ξξῌη
1161 2742 1297 2769 Alcorano
1310 2741 1392 2770 Arab.
1404 2743 1497 2780 cunis;
1511 2743 1603 2780 itaque
1613 2741 1652 2769 sic
1666 2741 1798 2780 interpret

1013 2774 1065 2803 tor.
1087 2776 1207 2814 Nicet_am
1230 2777 1426 2814 nostrumtqui
1443 2774 1606 2814 cur_legerit
1629 2774 1797 2814 ακυλίνηᾳιίἰ

1011 2815 1144 2845 qumrant.
1156 2811 1283 2839 Fortasse
1292 2809 1431 2847 proprium
1441 2809 1627 2847 conisu-omen
1636 2810 1685 2836 fuit
1693 2809 1798 2847 set/litt;

1010 2843 1051 2884 vel
1067 2847 1136 2872 idem
1152 2847 1228 2884 cauis
1246 2847 1282 2874 ita
1292 2843 1485 2884 appellabatur
1502 2846 1536 2874 ob
1553 2845 1662 2872 mistum
1686 2852 1720 2872 ex
1735 2843 1797 2871 albo

1011 2881 1147 2916 rubroque
1159 2881 1288 2910 colorem.
1317 2881 1324 2883 “
1334 2881 1337 2893 ί
