2083 3155
249 152 302 185 767

871 158 1018 190 ΝΙΟΕΤιΕ
1036 160 1239 192 ΒΥΖΑΝΤῙΝΙ

1817 160 1868 192 768

250 210 348 236 l-ticunt
369 208 406 236 illi
423 209 468 244 qui
489 210 686 244 praevaluerunt
701 211 728 238 in
753 213 863 247 negotio
886 213 1006 248 ipsorum
1022 223 1029 241 :
1044 241 1047 245 ,

1099 215 1135 241 ὦν
1150 215 1242 242 ἁπλῶν
1261 215 1329 251 [εοιί.
1345 215 1480 252 ἁπλῶνον]
1503 216 1565 247 τοὺς
1580 216 1725 251 βραχίονας
1736 216 1816 243 αὐτοῦ
1829 217 1870 244 είε

252 255 451 282 Constituimus
474 263 555 289 super
565 263 612 283 eos
633 257 791 284 oratorium.
815 257 921 285 Habent
943 259 1033 286 dicere

252 298 336 326 fuisse
357 303 422 330 tres.
446 304 574 333 quartum
598 300 719 334 ipsorum
735 308 851 336 canem,
865 308 893 330 et
908 303 1033 331 abstrusa

251 351 364 371 narrare
380 344 505 371 videntur
518 353 526 378 ;
541 350 567 372 et
581 346 642 377 hoc,
659 345 756 381 inquit,
773 355 859 382 usque
872 348 906 375 ad
920 352 1032 382 septem.

252 389 383 416 Dominus
400 390 450 416 scit
465 397 618 417 mensuram
633 392 818 428 (numerum)
835 393 942 420 illorum
960 403 968 427 ;
986 401 1036 421 nec

251 434 303 461 nisi
325 434 403 468 pauci
424 435 513 462 sciunt
531 442 589 462 eos.
605 445 614 461 ι
627 435 727 464 Deinde
746 439 883 466 nonnullis
904 439 966 466 aliis
988 440 1051 466 ah-‘

252 479 342 506 surdis
355 479 515 512 joculariter
526 481 618 514 dictis,
633 483 797 510 mentionem
811 483 894 511 infert
904 485 1033 519 paradisi,

251 524 364 558 ejusque
379 525 561 553 condilionem
577 527 688 562 exponit
700 527 760 555 sic:
778 528 847 556 «Nos
867 529 938 556 haud
954 530 1036 557 omit-

252 573 340 595 temus
360 569 512 596 mercedem
535 570 654 603 illorum,
675 573 722 606 qui
742 572 811 600 bene
829 573 943 608 egerint.
962 573 1037 608 Ipsos

253 619 343 641 manet
365 615 507 648 paradisus
523 616 550 643 in
574 616 647 643 Eden
666 625 672 643 :
691 618 786 645 subter
806 625 869 646 eum
890 618 1039 646 decurrunt.

253 659 336 687 lln'vii.
351 659 407 687 Illic
422 665 555 688 ornantur
572 662 687 689 armillis
704 663 806 696 aureis,
830 663 981 691 induuntur
993 672 1039 692 ve-

254 705 340 733 stibus
355 713 386 732 ex
400 706 514 733 sindone
525 707 632 741 prasina
647 711 694 735 aut
705 708 839 743 styracina
853 717 860 741 ;
877 709 1040 736 accumben-

255 756 294 778 tes
307 751 342 778 ibi
357 751 383 778 in
394 752 480 779 lectis.
492 752 566 779 Bona
576 753 764 785 retributio,et
772 754 883 788 pulchra
894 754 1005 782 fruitiol
1028 764 1037 781 ι

255 798 352 825 Postea
366 798 524 832 deblaterat,
539 803 620 833 prout
633 799 715 826 etiam
731 805 822 832 antea,
845 800 878 828 de
897 805 972 836 patre
991 808 1040 828 suo

255 843 348 876 Belial,
365 848 393 870 et
408 843 442 871 de
462 844 564 871 Adamo
587 851 619 871 ac
642 844 734 879 Moyse
754 844 895 879 peregrina
917 845 1039 879 quasdam

255 894 336 924 atque
351 889 446 916 delira.
460 888 526 916 Exin
542 889 575 917 de
586 875 742 917 Alexandro
755 875 902 918 Iliacedone
918 875 1040 924 loquitur
1054 875 1078 904 Β

257 937 316 963 sic:
335 945 346 961 ι
362 935 433 970 quod
449 942 545 969 nempe
562 935 658 962 abierit
673 942 759 970 usque
774 935 807 962 ad
823 935 888 962 solis
899 943 1038 967 occasum.

258 982 396 1016 Solemqne
407 981 569 1014 compererit
579 981 606 1007 in
618 980 733 1008 calidam
750 987 848 1015 aquam
861 981 996 1015 demergi:
1015 986 1042 1008 et

257 1027 330 1062 quod
346 1033 453 1054 murum
470 1027 522 1054 sub
537 1026 663 1060 aquilone
677 1026 824 1053 muniverit
839 1031 931 1054 contra
944 1026 1002 1062 Gog
1015 1030 1042 1054 et

258 1073 353 1109 Magog
370 1082 377 1100 :
395 1076 422 1099 et
437 1076 509 1107 quod
525 1071 571 1099 Dei
589 1071 670 1099 unius
682 1072 769 1099 cultor
785 1072 866 1099 fuerit
878 1072 1042 1104 Alexander,

259 1126 335 1153 :cque
343 1126 374 1146 ac
386 1117 568 1150 Abrahamus,
578 1116 724 1144 etminime
734 1117 870 1145 ethnicus.
883 1117 1018 1152 Additque
1034 1126 1042 1145 :

259 1162 315 1190 Nos
323 1169 466 1190 narramus
475 1162 508 1189 de
519 1161 564 1189 illo
574 1161 715 1189 historiam
725 1169 786 1188 cum
797 1162 919 1190 veritate.
932 1172 940 1188 ι
951 1162 1045 1195 Qualis

260 1213 350 1236 autem
367 1209 403 1236 sit
417 1207 499 1242 hujus
511 1207 549 1234 rei
567 1207 676 1239 veritas,
691 1207 782 1234 cuncti
801 1207 841 1234 vel
853 1208 932 1235 nobis
951 1213 1045 1235 tacen-

261 1255 333 1282 tibus
348 1254 447 1282 sciunt.
466 1253 588 1288 Denique
604 1261 666 1281 cum
689 1253 826 1282 consuetis
844 1253 895 1282 sibi
918 1255 1048 1283 marcidis

262 1299 385 1326 formulis
399 1298 516 1326 fabulam
533 1297 644 1325 claudit.

1084 262 1129 288 τὸν
1143 261 1222 296 χοῦν”
1237 262 1252 288 ὁ
1265 261 1366 296 Κύριος
1381 259 1435 288 οἶδε
1445 262 1479 288 τὰ
1493 261 1558 297 περί
1567 261 1665 293 αὐτούς
1675 271 1681 277 -
1693 261 1817 295 λέγουσιν
1831 262 1870 288 οἴ-

1084 314 1154 336 τινες
1178 305 1304 339 ἐνίκησαν
1329 305 1422 332 ἐπάνω
1441 305 1488 332 τοῦ
1502 306 1662 341 πράγματος
1677 306 1765 332 αὐτῶν
1777 314 1784 321 ·
1807 307 1872 333 Ἐπ-

1085 350 1216 385 ελάϐομεν
1244 351 1336 378 ἐπάνω
1362 351 1450 377 αὐτῶν
1483 352 1736 387 προσκυνητήριον·
1766 352 1873 387 ἔχουσιν

1085 396 1171 422 εἰπεῖν
1200 397 1292 431 τρεῖς·
1315 396 1444 431 τέταρτος
1475 397 1564 423 αὐτῶν
1588 397 1619 424 τὸ
1647 397 1740 423 σκυλὶν
1765 398 1870 424 αὐτῶνθ

1085 441 1226 473 δοκοῦντες
1250 441 1285 468 τὰ
1314 443 1418 468 ἀπόντα
1444 442 1549 476 λέγειν·
1580 444 1628 469 καὶ
1657 443 1746 475 τοῦτο,
1780 445 1873 478 φησὶν,

1086 485 1138 516 ἕως
1148 486 1201 512 τῶν
1215 486 1317 513 ἐπτά¹ὁ
1326 486 1428 521 Κύριος
1442 484 1495 513 οἶδε
1504 486 1535 513 τὸ
1546 487 1644 522 μέτρον
1658 487 1757 519 αὐτῶν,
1771 488 1874 514 καὶούκ

1087 529 1188 556 οἴδασιν
1203 530 1332 562 αὐτοὺςεί
1348 531 1385 566 μὴ
1398 531 1492 565 ὀλίγοι.
1509 540 1518 557 ι
1539 530 1604 557 Εἶτα
1623 532 1781 567 φλυαρήσας
1793 532 1876 566 ἕτερά

1087 584 1148 602 τινα
1170 576 1311 610 ἀλλόκοτα,
1329 577 1494 612 μνημονεύει
1509 577 1557 604 τοῦ
1574 577 1751 613 παραδείσου,
1768 578 1816 605 καὶ
1830 580 1876 604 ἐκ-

1089 621 1187 655 φράζει
1203 622 1238 649 τὰ
1255 623 1320 658 περὶ
1339 623 1422 650 αὑτοῦ
1445 623 1533 658 λέγων
1558 623 1645 655 οὕτως
1657 632 1663 639 ·
1680 633 1689 650 ι
1715 624 1809 659 Ἡμεῖς
1827 624 1877 651 οὐκ

1089 667 1295 702 ἀπορῤίπτομεν
1319 668 1365 694 τὸν
1383 668 1478 702 μισθὸν
1491 668 1538 695 τοῦ
1555 668 1646 700 καλῶς
1667 669 1875 704 ἐργασαμένου·

1089 711 1203 744 ἐκείνοις
1223 712 1281 739 ἐστι
1298 713 1462 748 παράδεισος
1485 714 1513 740 ὲν
1536 714 1627 750 Ἐδὲμ,
1647 715 1789 749 τρέχονται
1812 715 1879 741 ὑπο-

1090 757 1165 784 κάτω
1181 758 1262 785 αὺτδν
1278 759 1414 794 ποταμοί·
1433 759 1590 794 ὀρνεύονται
1614 761 1643 786 ὲν
1661 760 1734 794 αὐτῷ
1750 760 1782 786 ὲκ
1810 759 1878 794 βρα-

1091 802 1199 837 χιολίων
1217 805 1349 838 χρυσέων,
1367 804 1494 840 φοροῦσιν
1508 805 1602 839 ἱμάτια
1613 805 1733 840 πράσινα
1748 805 1802 832 ἀπὸ
1822 814 1880 831 σιν-

1092 847 1197 882 δόνοςῆ
1223 849 1373 883 σταυράκιν
1408 849 1622 884 ἀκουμῦίζοντες
1643 850 1672 877 ὲν
1689 849 1764 885 αὑτῷ
1789 849 1881 876 ἐπάνω

1092 894 1287 929 ἀνακλιτορίων
1297 902 1304 909 ·
1319 894 1409 930 ἀγαθὴ
1425 895 1611 928 ἀνταπόδοσις,
1628 895 1676 922 καὶ
1695 895 1764 930 καλὴ
1781 896 1798 930 ή
1811 894 1880 920 ἁπό-

1093 938 1197 970 λαυσις.
1211 949 1221 965 ι
1253 940 1366 975 Ἐφεξῆς
1381 940 1409 967 δὲ
1433 941 1547 976 φλυαρεῖ
1562 941 1578 967 ἃ
1600 941 1646 967 καὶ
1662 941 1794 976 πρότερον
1817 940 1883 975 περὶ

1093 983 1140 1010 τοῦ
1153 984 1256 1019 πατρὸς
1277 985 1361 1012 αὑτοῦ
1388 985 1485 1022 Βελίαρ
1501 986 1548 1013 καὶ
1571 986 1656 1021 Ἀδὰμ
1669 986 1717 1012 καὶ
1732 985 1880 1017 Μωῦσέως,

1095 1027 1158 1060 ξένα
1173 1029 1234 1055 τινὰ
1244 1030 1291 1056 καὶ
1302 1030 1449 1066 παράφορα
1461 1039 1467 1046 ·
1485 1029 1544 1057 εἶτα
1554 1031 1691 1066 μέμνηται
1711 1030 1884 1065 Ἀλεξάνδρου

1095 1073 1142 1100 τοῦ
1157 1074 1321 1107 Μακεδόνος,
1335 1076 1383 1102 καί
1398 1085 1490 1112 φησιν,
1507 1077 1548 1104 ὅτι
1584 1086 1594 1103 ‹
1620 1077 1754 1111 Ἀπῆλθεν
1773 1076 1825 1108 ἓως
1839 1076 1885 1102 δυ-

1097 1119 1174 1153 σμῶν
1191 1119 1277 1155 ἡλίου,
1301 1121 1349 1148 καὶ
1365 1119 1427 1157 εὗρε
1444 1122 1489 1149 τὸν
1508 1123 1583 1157 ἥλιον
1597 1123 1713 1150 δύναντα
1728 1123 1767 1154 εἰς
1783 1122 1886 1157 θερμὸν

1098 1164 1186 1200 ὕδωρο
1202 1166 1247 1192 καὶ
1261 1166 1302 1193 ὅτι
1315 1168 1355 1198 είς
1370 1168 1415 1194 τδν
1426 1168 1526 1204 βορρᾶν
1540 1168 1696 1204 ἀπετείχισε
1711 1169 1757 1195 τὸν
1772 1169 1822 1202 Ὢγ
1836 1167 1884 1194 καὶ

1098 1210 1205 1245 natme
1216 1219 1223 1226 ·
1239 1212 1285 1238 καὶ
1297 1213 1337 1239 ὅτι
1350 1213 1516 1249 μοναρχίτης
1526 1211 1560 1248 ἦν
1569 1213 1599 1240 τὸ
1612 1214 1693 1245 σέϐας
1701 1213 1885 1248 Ἀλέξανδρος,

1099 1255 1170 1283 κατὰ
1181 1257 1227 1283 τὸν
1236 1257 1369 1293 Ἀϐραὰμ,
1382 1259 1430 1285 καὶ
1446 1259 1493 1293 οὐχ
1501 1259 1613 1294 Ἕλλην.
1631 1260 1685 1286 Καὶ
1701 1260 1887 1294 προστίθησιν,

1100 1299 1141 1326 ὅτι
1158 1301 1253 1336 Ἡμεῖς
1269 1303 1436 1339 διηγούμεθα
1450 1304 1542 1332 ἐπάνω
1560 1313 1605 1332 σου
1622 1305 1670 1341 τὴν
1684 1305 1814 1340 ἐξήγησιν
1825 1304 1888 1331 ταύ-

261 1352 311 1378 την
325 1343 354 1371 ὲν
366 1342 489 1378 ἀληθείᾳ.
504 1351 513 1368 ι
535 1342 629 1368 Ὀποία
642 1342 670 1369 δὲ
695 1342 724 1369 ἐν
735 1341 840 1373 τούτοις
853 1341 966 1377 ἀλήθεια
981 1343 1137 1379 πρόσεστιν,
1155 1346 1202 1373 καὶ
1226 1349 1306 1383 ἡμῶν
1322 1349 1360 1384 μὴ
1375 1349 1510 1384 λεγόντων
1547 1351 1647 1382 πάντες
1677 1351 1765 1377 ἴσασι·
1802 1350 1836 1376 τὰ
1861 1349 1890 1376 δὲ

263 1390 364 1426 συνήθη
377 1388 452 1424 αὺτῷ
465 1388 683 1424 σαπρολαγήσας,
698 1388 762 1423 ἔστη
774 1387 820 1414 τοῦ
836 1387 933 1422 μύθου.

374 1435 469 1464 XVIII.
492 1434 715 1463 CONFUTATIO
737 1433 933 1462 GENERALIS

264 1483 435 1518 Reliquarum
448 1483 569 1518 omnium;
577 1480 738 1518 fabularum,
747 1488 805 1518 cum
816 1480 977 1518 expositione
989 1488 1056 1516 pra:-

405 1518 544 1552 cipuarum
561 1516 589 1542 in
605 1515 660 1543 illis
680 1515 913 1550 blasphemiarum.

300 1563 346 1590 77.
362 1562 428 1595 Quae
438 1565 502 1589 sunt
510 1569 523 1588 a
531 1560 635 1588 decima
642 1564 737 1587 octava
746 1567 832 1594 usque
843 1560 876 1587 ad
887 1559 1053 1594 trigesimam

266 1614 370 1639 sextam
388 1608 518 1640 fabulam,
536 1611 630 1641 utpote
646 1606 725 1641 plena
744 1609 883 1633 consueta:
901 1605 1054 1633 Mohamedi

267 1654 433 1690 garrulitatis
448 1658 475 1680 et
490 1652 698 1688 praestigiarum,
718 1651 773 1679 imo
787 1659 852 1679 vero
867 1652 1053 1679 conviciorum

268 1704 350 1734 atque
363 1698 510 1730 mendacii,
528 1698 770 1733 praetermittimus.
791 1697 860 1725 Sunt
874 1698 946 1725 enim
961 1698 1054 1725 omnia

269 1751 396 1779 perversa
409 1748 436 1770 et
450 1743 578 1774 absurda,
597 1747 651 1769 tam
664 1750 724 1777 qua:
739 1749 771 1769 ex
789 1741 885 1769 Vetere
900 1749 981 1777 quam
996 1750 1055 1777 quae

269 1798 302 1817 ex
329 1789 406 1817 Novo
428 1789 601 1816 Testamento
620 1788 777 1823 joculariter
802 1792 906 1815 narrat.
934 1787 1057 1822 Namque

269 1835 383 1862 Mariam
405 1834 481 1869 juxta
511 1835 627 1868 palmam
647 1834 713 1862 dicit
738 1834 873 1868 peperisse
894 1833 1033 1861 Christum
1048 1852 1055 1865 ,

270 1881 333 1908 vita:
355 1888 411 1907 suae
434 1884 574 1912 pertmsam
596 1888 604 1907 :
623 1885 650 1907 et
676 1888 709 1907 ex
729 1884 808 1906 utero
832 1879 891 1913 ejus
919 1879 1057 1906 Christum

271 1926 471 1961 proclamasse,
492 1929 522 1952 ut
546 1925 662 1959 palmam
685 1928 850 1956 concuteret,
869 1924 1008 1959 colligeret
1031 1928 1058 1951 et

272 1970 448 1998 manducaret
469 1970 618 2004 palmarum
643 1969 759 1996 fructum
782 1968 906 1996 viridem.
928 1968 1058 1996 Davidem

272 2022 305 2042 ac
320 2014 493 2042 Salomonem
506 2022 567 2041 cum
586 2014 682 2041 avibus
694 2019 721 2041 et
734 2014 899 2041 animalibus
915 2013 1059 2048 loquentes

273 2060 428 2095 prodigiose
449 2059 525 2086 facit.
546 2059 685 2086 Damnones
702 2059 841 2086 Salomoni
859 2059 1017 2090 auxiliares,
1033 2061 1060 2085 et

273 2105 378 2139 gundas
401 2105 492 2132 nescio
505 2113 573 2139 quos
591 2104 711 2133 adfuisse
729 2105 795 2132 dicit
809 2125 816 2136 ,
833 2109 860 2132 et
878 2104 967 2132 ventis
984 2105 1059 2131 illum

274 2151 449 2186 imperavisse
474 2159 505 2178 ac
530 2150 706 2178 formicarum
732 2150 861 2186 mysteria
878 2150 1010 2178 novisse:
1034 2154 1062 2177 et

275 2204 375 2224 saevum
389 2196 532 2231 quemdam
549 2196 650 2231 gallum
666 2197 825 2230 magistrum
841 2196 901 2231 ejus
915 2205 922 2223 :
935 2201 961 2224 et
977 2196 1061 2223 solem

275 2247 357 2277 atque
369 2242 460 2269 lunam
475 2242 596 2277 equitare
609 2252 616 2269 :
632 2247 658 2269 ct
672 2242 810 2270 thoracem
824 2242 943 2269 ferreum
958 2249 973 2268 a
983 2241 1062 2268 Davi-

1279 1436 1332 1463 III’.
1349 1436 1568 1463 ΕΛΕΓΚΤΙΚΟΣ
1588 1437 1698 1472 ΚΟῘΝῌ

1102 1479 1226 1506 Πάντων
1243 1479 1302 1506 τῶν
1315 1480 1426 1514 ἐφεξῆς
1440 1480 1592 1514 μυθαρίων
1608 1480 1646 1507 δι’
1661 1480 1806 1513 ἐκθέσεως
1830 1480 1890 1507 τῶν

1220 1515 1458 1549 προκεκριμένων
1473 1515 1574 1547 αὐτοῖς
1585 1514 1772 1549 δυσφημιῶν.

1137 1561 1187 1593 οζ¹.
1207 1560 1249 1587 Τὰ
1265 1560 1367 1595 μεταξῦ
1385 1560 1432 1587 τοῦ
1444 1560 1677 1588 ὀκτωκαιδεκάτου
1695 1561 1826 1596 μυΟαρίου
1841 1562 1890 1588 καὶ

1103 1605 1151 1632 τοῦ
1165 1604 1327 1640 τριακοστοῦ
1339 1605 1419 1632 ἕκτου
1436 1606 1522 1640 μεστὰ
1533 1606 1597 1632 ὄντα
1612 1607 1661 1641 τῆς
1678 1606 1808 1641 συνήθους
1818 1606 1891 1641 αὐτῴ

1104 1650 1262 1686 ἀδολεσχίας
1273 1659 1301 1677 τε
1316 1651 1363 1677 καὶ
1378 1650 1530 1685 τερθρείας,
1545 1650 1643 1686 μᾶλλον
1655 1651 1683 1677 δὲ
1698 1651 1852 1686 δυσφημίας
1862 1660 1892 1678 τε

1106 1697 1152 1723 καὶ
1162 1696 1353 1731 ψευδηγορίας,
1370 1697 1534 1732 παρήκαμεν
1543 1705 1550 1712 ·
1568 1697 1656 1723 πάντα
1664 1697 1718 1732 γὰρ
1729 1698 1894 1732 ἀνατετραμ-

1108 1742 1175 1777 μένα
1188 1742 1235 1768 καὶ
1250 1742 1402 1777 παράλογα.
1420 1742 1455 1768 τά
1471 1750 1501 1769 τε
1514 1742 1568 1769 ἀπὸ
1592 1742 1642 1777 τῆς
1658 1742 1790 1775 Παλαιᾶς,
1815 1743 1849 1769 τά
1864 1751 1893 1769 τε

1105 1787 1159 1814 ἀπὸ
1175 1787 1226 1822 τῆς
1240 1787 1312 1819 Νέας
1325 1787 1464 1822 Διαθήκης
1482 1788 1669 1823 καταφλυαρεῖ
1686 1788 1741 1822 (26)
1753 1795 1761 1802 ·
1776 1787 1825 1822 τὴν
1840 1789 1895 1822 γὰρ

1106 1833 1216 1868 Μαρίαν
1229 1832 1304 1868 παρὰ
1320 1833 1429 1867 φοίνικά
1443 1841 1509 1868 φησι
1525 1834 1614 1859 τεκεῖν
1629 1833 1674 1860 τὸν
1686 1833 1814 1868 Χριστὸν,
1826 1834 1894 1859 ἀπο-

1106 1879 1255 1914 λεγομένην
1277 1879 1326 1913 τὴν
1350 1878 1449 1912 ἑαυτῆς
1465 1878 1553 1913 ψυχήν
1563 1886 1571 1893 ·
1586 1879 1633 1905 καὶ
1648 1878 1692 1905 τὸν
1708 1879 1825 1914 Χριστὸν
1839 1878 1895 1914 (27)

1107 1924 1162 1951 ἀπὸ
1184 1924 1234 1959 τῆς
1256 1923 1375 1959 γαστρὸς
1399 1924 1482 1958 αὐτῆς
1511 1924 1784 1960 προσπεφωνηκέναι,
1799 1924 1836 1956 ὡς
1862 1925 1895 1951 ἂν

1109 1970 1193 1996 σείσοι
1209 1970 1255 1996 τὸν
1269 1970 1377 2003 φοίνικα
1389 1969 1435 1996 καὶ
1447 1970 1605 2003 κατενέγκοι
1614 1970 1660 1996 καὶ
1674 1970 1756 2004 φάγοι
1769 1970 1897 2005 φοινίκων

1108 2015 1214 2050 καρπὸν
1230 2014 1334 2049 χλωρόν
1354 2014 1421 2049 (28).
1448 2015 1501 2041 Τὸν
1515 2014 1544 2041 δὲ
1563 2014 1645 2041 Δασὶδ
1667 2015 1714 2041 καὶ
1739 2015 1898 2050 Σολομῶντα

1111 2059 1180 2094 μετὰ
1198 2059 1252 2086 τῶν
1277 2059 1378 2094 ὀρνέων
1394 2059 1440 2086 καὶ
1458 2060 1563 2094 ἀλόγων
1591 2060 1798 2094 διαλεγομένους
1817 2068 1894 2094 τερα-

1110 2105 1217 2132 τεύεται
1242 2105 1313 2140 (29)·
1340 2105 1469 2140 δαίμονάς
1497 2114 1526 2131 τε
1544 2105 1657 2140 βοηθοὺς
1672 2105 1710 2140 τῷ
1736 2105 1898 2140 Σολομῶντι,

1111 2151 1159 2178 καὶ
1174 2151 1286 2183 γουνδάς
1298 2159 1374 2182 τινας
1389 2153 1516 2186 παρεῖναι
1532 2150 1605 2183 λέγει
1623 2150 1690 2184 (50),
1707 2150 1755 2176 καὶ
1768 2149 1821 2176 τῶν
1836 2150 1900 2176 ἀνέ-

1113 2206 1171 2232 μων
1190 2197 1302 2232 ἄρχειν,
1322 2196 1371 2223 καὶ
1397 2195 1452 2223 τῶν
1480 2197 1634 2231 μυρμήκων
1659 2196 1797 2229 μυστήρια
1814 2203 1899 2221 κατα-

1112 2243 1199 2275 νοεῖν,
1214 2243 1261 2269 καὶ
1276 2241 1371 2278 ἄγριόν
1395 2250 1455 2268 τινα
1470 2242 1604 2276 ἀλέκτορα
1620 2241 1713 2267 τούτου
1730 2240 1899 2271 διδάσκαλον,

276 2288 309 2314 de
322 2287 388 2315 dicit
401 2288 489 2322 primo
505 2288 643 2315 inventum
658 2297 665 2314 :
689 2295 772 2322 seque
791 2287 910 2320 iudicem
930 2295 992 2315 cum
1006 2287 1047 2314 De:

1099 2306 1101 2318 ,
1113 2285 1161 2312 καὶ
1171 2286 1217 2312 τὸν
1231 2286 1305 2320 ἣλιον
1314 2286 1361 2312 καὶ
1369 2285 1417 2320 τὴν
1433 2285 1546 2320 σελήνην
1558 2284 1741 2319 καὸαλαρίους
1755 2282 1824 2311 εἶναι
1833 2285 1900 2319 (51)·

277 2331 336 2359 fore
344 2332 408 2359 dicit
420 2333 550 2359 mundum
563 2333 734 2368 iudicaturo:
751 2333 803 2360 alia
812 2333 929 2368 denique
941 2332 1047 2368 turpior.

1116 2331 1222 2358 καὶτὸν
1250 2331 1363 2365 θώρακα
1386 2331 1414 2357 δὲ
1437 2330 1482 2357 τὸν
1504 2330 1629 2366 σιδηροῦν
1652 2330 1727 2365 παρὰ
1752 2329 1799 2356 τοῦ
1821 2330 1903 2356 Δαὸὶδ

277 2382 358 2413 atque
372 2378 521 2410 insaniora,
535 2378 589 2405 imo
606 2378 690 2413 magis
704 2379 836 2406 diabolica
850 2382 978 2413 nugatur,

1117 2377 1225 2413 πρῶτον
1247 2377 1320 2411 λέγει
1344 2376 1399 2412 (52)
1424 2375 1622 2411 ὲφευρεοῆναι·
1645 2376 1739 2402 ἑαυτόν
1753 2384 1782 2401 τε
1807 2376 1903 2411 κριτὴν

279 2423 348 2458 μετὰ
371 2421 417 2448 τοῦ
433 2421 499 2448 Θεοῦ
516 2422 628 2457 φημίζει
651 2421 806 2457 κρινοῦντος
819 2423 869 2457 τὴν
880 2422 1058 2457 οίκουμένην·
1079 2421 1126 2449 καὶ
1142 2421 1223 2456 ἕτερα
1238 2421 1405 2456 αἰσχρά-τερα
1419 2420 1474 2456 (53)
1488 2421 1536 2447 καὶ
1559 2420 1728 2456 ἅλογώτερα,
1742 2421 1842 2456 μᾶλλον
1874 2421 1903 2449 δὲ

277 2467 520 2502 δαιμονιωδέστερα
533 2467 730 2503 καταφλυαρεϊ.

314 2513 357 2541 78.
374 2512 435 2539 1am
454 2512 481 2539 in
495 2512 631 2548 trigesima
649 2517 725 2540 sexta
742 2511 833 2540 fabula
854 2512 958 2540 inducit
980 2512 1061 2540 Deum

313 2610 599 2650 l?§l§"r-.A\Z'K995-
632 2643 658 2650 η.
687 2643 719 2650 ._
797 2642 802 2648 .
842 2641 862 2650 ,ν
903 2649 907 2650 ν
933 2649 954 2650 η

315 2640 371 2681 (27)
386 2640 550 2677 Gabrielcni,
563 2653 616 2681 non
630 2643 778 2675 Christum,
797 2641 958 2681 inclamasse
973 2640 1065 2667 Mariae

278 2677 522 2714 putat'Maraccins
538 2690 545 2712 ;
563 2680 608 2707 sed
626 2682 813 2714 ntrumirccle,
833 2685 885 2703 non
895 2677 999 2714 judico.

316 2713 371 2751 (‘28)
385 2715 448 2743 Sur.
463 2711 588 2747 100,779.
600 2714 699 2745 Confer
710 2711 859 2740 Relandum
871 2719 917 2746 op.
933 2713 979 2738 cit.
996 2714 1065 2745 part.

282 2757 312 2782 ιι,
329 2758 389 2782 cap.
405 2752 451 2778 25.

318 2759 451 2819 (ἓῦῗεῖῖῖ
465 2783 572 2814 xxvu,
587 2784 620 2811 ιδ
635 2791 692 2819 είιεε
705 2782 749 2810 8'-

319 2818 375 2852 (50)
391 2820 453 2847 Sur.
472 2819 593 2850 λχχιν.
609 2820 653 2847 12.
667 2818 711 2845 ‘25.

321 2849 377 2886 en
392 2854 461 2883 Puto
475 2855 502 2883 in
518 2854 595 2882 Suris
609 2853 704 2886 XXXI,
719 2853 764 2887 τε),
774 2849 881 2884 xxxv,
896 2850 938 2885 ιδ,
954 2850 999 2878 ubi
1010 2858 1069 2878 ver-

1153 2508 1205 2545 οη¹.
1224 2508 1267 2534 Ἐν
1283 2508 1375 2543 μέντοι
1386 2508 1424 2542 τῷ
1441 2507 1595 2544 τριακοστῷ
1609 2506 1680 2541 ἕκτῳ
1704 2506 1759 2542 (54)
1779 2505 1904 2541 μυθαρέῳ

1116 2605 1180 2632 bum
1200 2604 1284 2631 Arab.
1297 2602 1431 2637 signiﬁcat
1448 2600 1475 2637 in
1491 2599 1503 2626 I
1523 2599 1714 2635 conjugatione
1730 2607 1833 2637 currere
1849 2606 1857 2629 ;
1878 2597 1903 2625 in

1117 2641 1134 2667 2
1147 2646 1236 2666 antem
1252 2639 1285 2665 ad
1298 2635 1403 2664 cursum
1414 2636 1534 2667 incitare,
1549 2642 1597 2662 seu
1615 2643 1708 2669 equum
1721 2635 1837 2669 adigere.

1154 2674 1209 2710 (ea)
1222 2673 1289 2710 sur.
1306 2671 1491 2710 sxum.”th

1154 2703 1210 2743 {333
1221 2709 1286 2735 l'uta
1306 2709 1333 2734 in
1350 2708 1413 2734 Sur.
1428 2703 1636 2743 XXXll_l,l,ubi
1649 2703 1904 2743 Moliam‘edes'con;

1120 2736 1326 2773 cedit'uxornm
1349 2741 1501 2775 repudium.
1521 2739 1588 2776 Item
1607 2739 1700 2776 v._576>,
1717 2739 1761 2766 ubi
1775 2739 1816 2776 _de
1832 2736 1906 2776 Zeidi

1122 2786 1216 2843 nitore,
1233 2785 1315 2838 qluam
1334 2773 1430 2837 cal‘llisda
1455 2774 1590 2809 hypocrisi
1617 2774 1668 2801 sibi
1684 2773 1825 2809 improbus
1846 2773 1906 2799 vin-

1143 2819 1232 2841 lCﬂVll.
1260 2818 1312 2839 tem
1329 2820 1354 2838 v.
1415 2819 1457 2843 sq.

1143 2818 1232 2841 icavlt.
1248 2818 1312 2839 llctll
1329 2820 1354 2838 ν.
1366 2818 1400 2837 ιδ
1415 2819 1457 2841 sq.

1161 2819 1232 2840 ξτινιι.
1248 2819 1312 2839 ιιοιιι
1329 2820 1354 2838 ν.
1366 2819 1400 2837 ιδ
1415 2819 1457 2845 SI].

1161 2849 1217 2884 (δι)
1230 2848 1294 2875 Sur.
1310 2846 1441 2879 xxxvu,
1455 2845 1480 2872 l.
