2083 3155
187 149 239 182 769

781 148 998 180 REFUTATIO
1017 149 1098 179 MOH
1103 149 1253 183 AMEDIS.

1764 152 1816 185 770

187 204 293 238 εἰσάγει
305 203 350 230 τὸν
364 202 431 230 Θεδν
445 201 527 230 αὐτοῦ
545 202 667 238 Μωάμετ
693 203 874 239 ἐξομνύμενον
893 204 974 240 ὅρκον

1027 211 1104 232 suum
1115 204 1430 240 Mohamedesiurantem
1440 206 1633 242 jusjurandum
1645 207 1815 243 huiusmodi:

187 249 281 276 τοῦτον
290 257 298 266 ⁸
318 258 327 274 I
337 248 384 276 Μὰ
397 249 430 274 τὰ
446 248 532 283 φολκῆ
547 247 601 275 τῶν
610 248 727 283 φολκῶν,
737 249 784 275 καὶ
795 250 977 284 προσθήματα

187 295 390 331 προσθημάτων
400 294 466 329 (55),
481 295 527 320 καὶ
547 294 767 329 ἐντυγχανόμενα
787 295 881 330 μνήμῃ
894 303 900 309 ’
913 295 978 327 Θεὸς

187 342 241 376 γὰρ
255 340 332 376 ὑμῶν
342 341 415 366 ἐστιν
429 337 469 370 εἷς
480 340 581 375 Κύριος
593 340 646 366 τῶν
663 340 786 375 οὐρανῶν
799 340 903 375 καὶτῆς
914 340 978 375 γῆς,

187 388 233 414 καὶ
246 387 300 413 τῶν
327 387 398 420 μέσα
419 386 509 413 αὐτῶν
519 395 526 402 ·
543 387 590 413 καὶ
604 386 708 421 Κύριος
725 387 778 413 τῶν
792 387 928 414 ἀνατολῶν
940 396 946 403 ·
965 397 975 413 ι

187 431 247 458 εἶτα
267 431 447 465 ἀποφαίνεται
458 431 495 462 ὡς
513 432 544 457 ἐκ
558 431 705 466 προσώπου
722 432 826 458 πολλῶν
847 432 918 459 οὕτω
933 434 977 460 λέ-

187 485 257 510 γων’
275 486 284 502 ε
311 477 406 511 Ἡμεῖς
431 477 625 512 ἐκοσμήσαμεν
646 476 691 503 τὸν
707 477 820 512 οὐρανὸν
840 477 885 504 τὸν
901 478 978 512 ἐγγί-

188 523 269 554 ζοντα
294 522 501 557 διακοσμήσεως
528 522 724 557 ἀστέρων-καὶ
751 524 925 559 ἐτηρήσαμεν
948 523 977 556 ἐξ

188 571 304 598 ἑκάστου
329 569 435 595 Σατανᾶ
456 569 622 603 ἐκστασίμου
633 578 639 584 ·
655 570 704 596 οὐκ
721 569 849 596 ἀκούουσι
862 570 930 605 πρὸς
943 570 978 597 τὰ

186 615 252 650 ὂχλη
266 614 300 640 τὰ
316 614 415 649 ὑψηλὰ,
430 615 478 640 καὶ
494 615 681 646 ἁκοντίζονται
694 615 723 647 ἐξ
741 615 856 642 ἑκάστου
874 616 976 652 μέρους

187 659 346 694 ὠθούμενοι.
360 668 369 684 ι
392 659 443 685 Τὸν
464 659 492 685 δὲ
513 659 677 694 παράδεισον
695 660 750 694 (56)
770 661 905 695 τέσσαρας
930 669 978 688 πο-

187 704 290 738 ταμοὺς
303 703 376 737 λέγει
394 703 465 738 ἔχειν
480 703 509 736 ἐξ
525 703 619 736 ὓδατος
636 703 771 730 commeo
781 705 828 731 καὶ
842 706 977 739 γάλακτος

187 749 234 776 καὶ
249 748 450 783 ἁλλασσομένου
463 749 510 775 τοῦ
523 749 615 775 νόστου
639 749 671 775 αὑ
677 749 733 781 τοῦ,
747 750 793 776 καὶ
801 750 872 777 οἴνου
889 751 975 786 ἡδέος,

187 794 234 820 καὶ
254 793 361 828 μέλιτος
377 793 484 819 ὑλιστοῦ
496 801 502 807 ·
522 794 550 820 ὲν
562 793 667 825 τούτοις
687 795 794 830 πρόεισι
822 796 901 832 μέχρι
927 796 975 823 τοῦ

187 838 380 874 πεντηκοστοῦ.
411 839 455 865 Ἑν
471 839 498 865 δὲ
514 838 552 874 τῷ
579 840 755 874 πεντηκοστῷ
774 841 851 876 μύθῳ
862 861 869 874 ,
887 841 974 874 οὕτως

1032 259 1042 277 ‹
1061 250 1112 277 Per
1126 252 1232 279 strabos
1246 251 1398 279 straborum
1409 272 1417 284 ,
1435 256 1462 280 et
1475 261 1522 288 per
1540 253 1708 282 incrementa
1730 255 1818 282 incre-

1029 302 1194 329 mentorum,
1211 301 1238 324 et
1253 304 1312 331 qua:
1328 298 1466 325 memoriae
1482 305 1642 328 occurrunt.
1657 300 1728 329 Deus
1744 301 1818 328 enim

1028 346 1117 369 vester
1129 350 1199 370 unus
1216 342 1346 369 Dominus
1359 343 1501 376 caelorum,
1517 348 1544 371 et
1557 349 1644 377 terrae,
1659 349 1685 372 et
1695 346 1817 373 omnium

1028 395 1119 414 rerum
1137 388 1180 415 his
1199 388 1403 423 iutcriectarum
1419 398 1426 423 ;
1441 393 1468 417 et
1484 390 1615 419 Dominus
1632 392 1791 420 orientium.
1806 401 1815 418 ι

1029 432 1132 460 Deinde
1154 434 1306 468 proclamat
1328 439 1455 470 tanquam
1473 444 1506 463 ex
1530 444 1646 471 persona
1669 438 1818 466 multorum

1028 476 1064 503 ita
1085 477 1177 504 dicens
1195 485 1202 504 :
1226 486 1236 503 ‹
1253 478 1310 505 Nos
1326 479 1484 507 ornavimus
1508 481 1607 509 ccelum
1635 483 1818 518 propinquum

1028 527 1186 549 ornamento
1211 524 1351 551 stellarum
1375 534 1383 553 :
1406 530 1432 552 et
1458 527 1658 556 custodivimus
1686 529 1819 557 adversus

1028 575 1250 603 unumquemque
1276 569 1406 597 Satanam
1438 573 1576 601 rebellem.
1606 573 1666 602 Non
1703 575 1820 602 audiunt

1026 613 1164 640 exercitus
1181 615 1315 648 excelsos,
1333 620 1359 643 et
1379 618 1486 652 sagittis
1502 624 1676 654 appetuntur,
1692 627 1725 647 ex
1740 624 1819 648 utro-

1026 667 1080 694 que
1106 659 1189 687 latere
1210 661 1322 696 repulsi.
1350 672 1358 687 1
1382 662 1542 691 Paradisum
1567 670 1686 700 quatuor
1705 665 1818 694 ﬂumina

1028 705 1127 733 habere
1141 706 1216 739 dicit,
1230 715 1263 734 ex
1275 715 1345 742 aqua
1361 716 1440 743 pura,
1455 709 1523 737 lacte
1534 710 1612 745 cuius
1626 719 1679 738 non
1695 717 1818 740 mutatur

1027 758 1118 785 sapor,
1140 752 1203 779 vino
1225 753 1312 785 suavi,
1326 758 1353 781 et
1369 755 1448 781 melle
1465 755 1603 783 defaecato.
1626 756 1688 784 Hae
1707 758 1818 793 scripti-

1027 801 1088 824 tans
1107 798 1229 831 pervenit
1247 806 1334 833 usque
1358 799 1392 826 ad
1413 799 1531 827 fabulam
1552 802 1816 838 quinquagesimam.

1027 842 1057 869 In
1083 843 1308 878 quinquagesima
1331 849 1422 871 autem
1453 844 1546 873 fabula
1573 847 1609 874 ita
1637 847 1721 875 Deum
1751 848 1818 876 facit

187 885 291 919 εἰσάγει
314 886 360 912 τὸν
374 885 435 912 θεὸν
457 884 539 912 αὑτοῦ
555 886 736 920 ἐξομνύμενον
751 887 805 922 (37)
819 895 826 903 '
855 896 864 913 ι
881 888 928 914 Μὰ
944 887 977 914 τὰ

1027 888 1164 922 iurantem
1182 897 1190 916 :
1216 898 1225 914 ι
1244 889 1297 917 Per
1316 891 1445 926 iingentia
1469 892 1612 926 lingendo,
1633 897 1660 920 et
1680 898 1818 929 gestantes

186 930 335 966 λιχμοῦντα
349 931 445 966 λιχμδν
463 931 529 966 (58),
548 932 594 957 καὶ
612 931 796 965 βαστάζουσαι
808 932 921 967 γόμους,
931 933 978 959 καὶ

185 977 332 1011 τρέχουσαι
344 976 461 1008 εὐθείας,
475 977 522 1003 καὶ
537 976 570 1003 τὰ
583 977 728 1012 μερίζοντα
737 978 901 1012 πράγματα,
925 979 978 1005 ὑπ-

187 1021 345 1056 ισχνύεσθαι
361 1021 416 1056 γὰρ
434 1021 465 1048 ἰδ
479 1021 593 1057 ἁληθές”
614 1022 660 1048 καὶ
675 1023 741 1058 ὁτιὴ
762 1023 854 1058 κρίσις
874 1024 977 1058 φθάσαι

185 1067 251 1102 ἔχει.
271 1076 281 1093 ›
307 1068 351 1094 Ἐν
366 1067 394 1093 δὲ
417 1067 457 1102 τῷ
471 1068 647 1103 πεντηκοστῷ
670 1067 771 1103 πρώτῳ
791 1069 867 1104 μύθῳ
890 1069 977 1102 οὕτως

185 1113 329 1148 ἐξόμνυται
340 1113 395 1148 (59)
406 1121 414 1128 '
435 1122 444 1138 ι
457 1113 503 1140 Μὰ
511 1113 541 1146 τὸ
556 1112 628 1148 ὅρος,
639 1115 685 1140 καὶ
697 1114 805 1149 γραφὴν
822 1115 975 1149 στιχιζομέ-

185 1167 234 1193 νην
247 1160 276 1185 ἐν
288 1159 439 1194 μεμϐράνῳ
455 1158 530 1194 λιτῷ,
552 1159 599 1185 καὶ
617 1159 647 1185 τὸ
661 1159 767 1186 ὸσπίτιν
785 1159 816 1186 τὸ
832 1159 973 1195 ᾠκοδομη-

186 1202 276 1236 μένον,
292 1202 380 1229 καὶτὸ
396 1203 492 1236 στέγος
504 1202 534 1228 τὸ
550 1202 728 1237 σηκούμενον,
748 1202 796 1239 καὶ
808 1203 857 1238 τὴν
870 1203 1008 1231 θάλασσαν

183 1247 336 1274 ἐλεύσεται.
348 1257 358 1274 ι

219 1305 267 1332 σθ’.
287 1304 330 1331 Ἐν
344 1304 372 1330 δέ
388 1304 427 1339 τῷ
444 1304 619 1339 πεντηκοστῷ
632 1305 750 1341 δευτέρῳ
769 1305 846 1340 μύθῳ
862 1306 900 1341 τῷ
917 1307 977 1333 ἐπι-

184 1352 328 1387 γράφοντι,
337 1351 389 1383 Εἰς
397 1350 450 1376 τὸν
459 1350 582 1384 ἀστέρα,
591 1350 677 1382 οὕτως
685 1351 828 1386 ἐξόμνυται
840 1352 907 1386 πρὸς
915 1353 977 1384 τοὺς

186 1397 311 1432 Ἀραὸας
327 1396 397 1430 ὑπὲρ
411 1395 458 1421 τοῦ
469 1395 591 1430 Μωάμετ
610 1395 667 1431 (41)
678 1404 685 1411 ·
711 1406 720 1422 ‹
732 1395 779 1423 Μὰ
793 1396 823 1423 τὸ
833 1396 932 1430 ἄστρον
945 1397 977 1423 τὺ

184 1443 315 1478 δυόμενον
324 1450 330 1457 ·
349 1442 399 1468 οὐκ
411 1441 572 1476 ἐπλανήθηό
585 1442 690 1476 ἑταῖρος
702 1441 789 1476 ὑμῶν,
802 1442 863 1468 οὐδὲ
875 1442 978 1477 ὴνόμη-

185 1495 247 1514 σεν⁶
263 1489 314 1514 οὐκ
329 1486 480 1521 ἐφθέγξατο
507 1487 539 1512 ἐκ
555 1486 707 1522 θελήματος
719 1495 725 1501 ·
742 1487 792 1513 οὐκ
813 1486 886 1513 ἐστιν
903 1486 978 1522 αὐτῷ

185 1534 210 1560 ei
233 1533 271 1568 μὴ
286 1531 458 1566 ἀποκάλυψις
485 1531 723 1566 ἀποκαλυφθεϊσα’
751 1531 851 1564 ἔδειξεν
874 1532 948 1568 αὐτῷ
963 1533 977 1559 ό

186 1579 296 1614 ἰσχυρὸς
307 1579 348 1609 είς
361 1577 474 1612 δύναμιν
487 1576 554 1612 με),
564 1577 577 1603 ὁ
592 1577 776 1612 εὐθεώρητος·
794 1578 841 1604 καὶ
853 1577 975 1604 ἐκάθισε·

1027 942 1122 968 onera,
1136 939 1163 962 et
1182 941 1322 964 currentes
1346 943 1432 970 recta,
1451 942 1477 965 ct
1493 938 1684 973 dispertieutes
1699 942 1817 975 negotia,

1024 980 1118 1014 iurare
1138 981 1242 1009 scilicet
1261 990 1366 1016 verum,
1383 987 1410 1010 et
1422 985 1495 1018 quod
1514 984 1649 1019 judicium
1671 990 1817 1014 venturum

1026 1025 1071 1053 sit.
1094 1035 1103 1051 ›
1132 1024 1160 1052 lu
1192 1027 1418 1062 quinquagesima
1444 1033 1535 1056 autem
1556 1030 1643 1064 prima
1667 1030 1758 1058 fabula
1777 1031 1818 1059 sic

1024 1071 1099 1105 ittrat
1114 1081 1121 1099 :
1144 1081 1153 1098 ‹
1170 1071 1222 1100 Per
1233 1078 1364 1107 montem,
1379 1078 1405 1102 et
1425 1075 1590 1109 scripturam
1607 1076 1634 1102 in
1649 1076 1817 1105 membranis

1026 1121 1166 1144 exaratam
1186 1118 1332 1146 subtilibus
1342 1138 1350 1151 ,
1364 1124 1391 1146 et
1406 1127 1452 1154 per
1469 1119 1617 1154 hospitium
1642 1121 1816 1156 aediﬁcatum,

1027 1166 1054 1188 et
1069 1170 1144 1189 mare
1158 1163 1263 1196 datum,
1281 1165 1347 1192 uitio
1361 1165 1466 1192 Domini
1478 1166 1578 1193 veniet.
1599 1176 1608 1192 ι

1024 1204 1073 1240 τὴν
1089 1206 1236 1242 δεδομένην
1259 1208 1326 1243 (i0),
1361 1209 1402 1236 ὅτι
1446 1211 1463 1245 ἡ
1505 1211 1616 1243 κόλασις
1643 1211 1691 1238 τοῦ
1711 1212 1817 1248 Κυρίου

1063 1307 1107 1334 79.
1126 1307 1196 1334 'l‘um
1211 1307 1292 1335 etiam
1306 1308 1332 1334 in
1344 1309 1570 1344 quinquagesima
1583 1313 1702 1340 secunda
1712 1312 1815 1347 fabula,

1027 1361 1088 1388 qua:
1115 1354 1274 1381 inscribitur
1303 1354 1398 1386 Stella,
1416 1356 1456 1383 sic
1478 1357 1554 1391 iurat
1579 1359 1613 1386 ad
1637 1359 1741 1388 Arabes
1767 1369 1817 1395 pro

1028 1398 1208 1426 Mei-amede:
1229 1408 1238 1424 ι
1257 1399 1309 1427 Per
1333 1401 1438 1428 stellam
1457 1403 1613 1435 occiduam.
1632 1412 1686 1432 nou
1701 1410 1744 1433 est
1767 1407 1816 1433 de-

1029 1445 1124 1477 ceptus
1140 1444 1233 1471 socius
1250 1449 1350 1477 vester,
1369 1454 1457 1481 neque
1472 1455 1487 1475 a
1499 1449 1592 1482 regula
1609 1449 1746 1483 discessit,
1762 1459 1815 1478 non

1027 1494 1071 1517 est
1085 1489 1196 1516 locutus
1211 1490 1322 1524 propria
1338 1491 1488 1524 voluntate,
1504 1492 1573 1520 nihil
1589 1498 1632 1521 est
1653 1494 1680 1521 in
1703 1503 1736 1522 eo
1762 1495 1816 1523 nisi

1028 1535 1168 1562 revelatio.
1186 1534 1390 1563 Demonstravit
1406 1537 1430 1563 ei
1445 1537 1492 1571 qui
1507 1538 1614 1566 validus
1641 1540 1746 1568 viribus
1761 1545 1813 1573 est,

1029 1581 1075 1615 qui
1092 1580 1171 1608 facile
1191 1581 1318 1614 videtur;
1334 1586 1361 1609 et
1375 1582 1457 1609 sedit.
1476 1583 1535 1617 ipse
1551 1583 1628 1610 estin
1640 1584 1814 1613 ﬁrmamento

185 1625 232 1652 καὶ
248 1623 329 1655 αὑτός
347 1623 459 1649 ἐστινέν
473 1622 512 1657 τῷ
527 1621 697 1657 στερεώματι
711 1622 750 1657 τῷ
771 1623 913 1658 ἀνωτέρῳ.
931 1623 977 1650 καὶ

1030 1625 1171 1660 superiore
1186 1634 1193 1652 :
1208 1629 1234 1652 et
1257 1625 1388 1658 accessit,
1411 1630 1438 1653 et
1456 1634 1607 1661 suspensus
1632 1631 1694 1655 est:
1710 1633 1739 1656 et
1764 1629 1816 1657 fuit

184 1670 294 1705 ἧγγισε,
310 1669 354 1695 καὶ
366 1668 536 1704 ἐκρεμάσθη,
549 1668 597 1695 καὶ
608 1669 715 1702 ἐγένετο
729 1668 828 1704 μέτρον
836 1669 884 1696 δύο
892 1669 976 1702 τόξων

184 1715 202 1751 ἢ
217 1715 381 1750 ἐγγύτερον
398 1715 445 1742 καὶ
458 1714 618 1749 άπεκάλυψε
634 1714 701 1749 πρὸς
715 1714 761 1741 τὸν
777 1714 870 1741 δοῦλον
893 1714 975 1741 αὑτοῦ

184 1761 199 1787 ὂ
216 1760 407 1795 ἀπεκάλυψεν·
420 1759 469 1793 οὐκ
485 1759 619 1794 ἐψεύσατο
636 1759 670 1786 τὰ
681 1759 757 1790 ἐντὸς
777 1759 807 1785 τὸ
823 1758 892 1785 εἶδεν
903 1767 911 1775 ⁸
930 1760 977 1786 κα)¹

184 1806 240 1841 γὰρ
253 1804 324 1832 εἶδεν
342 1805 408 1831 αὑτό
417 1812 425 1820 ·
438 1804 589 1831 κατάϐασιν
602 1803 686 1839 ἄλλην
710 1804 793 1838 ἐγγὺς
808 1803 855 1830 τοῦ
867 1804 976 1839 δένδρου

184 1853 231 1880 τοῦ
257 1853 395 1888 σιδηρίτου
416 1852 548 1878 ἐνέδωκε·
567 1861 576 1877 ι
593 1851 640 1877 καὶ
657 1851 715 1886 μετ’
726 1850 816 1885 ὀλίγον
828 1851 977 1886 ἀποφαίνει

183 1906 230 1925 ται
258 1897 452 1932 καταγγέλλων
465 1896 536 1923 οὕτω
550 1897 648 1930 λέγων’
663 1905 672 1921 ι
686 1897 740 1922 Καὶ
753 1896 811 1928 πῶς
825 1896 849 1922 οἱ
867 1895 977 1930 ἄγγελοι

185 1944 254 1970 εἰσιν
265 1944 305 1975 είς
319 1943 382 1974 τοὺς
396 1942 540 1977 οὐρανοὺς,
559 1941 596 1976 μὴ
617 1940 760 1976 ὠφελοῦσα
775 1942 791 1976 ἡ
803 1941 977 1977 παράκλησις

183 1989 273 2015 αὐτῶν
285 1989 311 2015 τί
328 1997 413 2021 mre;
433 1997 442 2014 ι
463 1987 506 2014 Ἐν
515 1987 543 2014 δὲ
556 1987 595 2022 τῷ
610 1986 785 2021 πεντηκοστῷ
800 1986 883 2022 τρίτῳ
900 1987 977 2022 μύθῳ

185 2033 327 2069 βουληθεὶς
341 2034 429 2060 είπείν
453 2033 518 2068 περὶ
535 2032 589 2059 τῶν
603 2033 653 2067 τῆς
669 2032 783 2067 σελήνης
807 2033 913 2066 παθῶν,
930 2034 976 2060 καὶ

186 2080 225 2114 μὴ
236 2079 314 2110 εἰδὼς
328 2079 368 2106 ὅτι
382 2079 414 2105 ἐκ
429 2078 475 2105 τοῦ
490 2078 714 2112 ἀποσκιάσματος
729 2078 778 2113 τῆς
791 2078 842 2113 γῆς
855 2078 977 2111 σκοτίζε-

184 2133 243 2156 ται,
260 2124 342 2159 φησίν
357 2124 424 2159 (45)·
441 2133 450 2149 ‹
469 2123 602 2157 Ἤγγικεν
613 2124 629 2158 ὴ
642 2122 701 2158 ὦρα
710 2124 756 2150 καὶ
770 2123 883 2158 ἐσχίσθη
897 2124 914 2159 ή
931 2132 976 2150 σε-

184 2168 253 2204 λήνη
271 2168 328 2204 (44)
337 2177 343 2183 ·
358 2168 406 2196 καὶ
418 2168 466 2194 ἐὰν
478 2167 601 2203 θεωρῶσι
615 2169 737 2202 σημεῖον,
745 2168 974 2203 ἀποστρέφονται,

184 2215 232 2241 καὶ
246 2215 356 2249 λέγουσι
367 2223 373 2230 ·
386 2214 550 2249 Φαρμακεία
561 2214 620 2240 ἐστὶ
635 2215 822 2250 παρεχομένη,
837 2215 884 2241 καὶ
895 2215 976 2250 ἐψευ-

182 2260 341 2295 δοποίησαν.
355 2269 365 2286 ι
381 2260 436 2286 Καὶ
445 2260 531 2292 οὕτως
546 2260 698 2295 ἀδολεσχῶν
715 2260 837 2294 πρόεισιν
847 2261 900 2292 ἕως
911 2261 975 2296 ἐξη-
992 2280 1014 2308 D

184 2305 282 2333 κοστοῦ
297 2305 395 2340 μύθου.
420 2306 464 2332 Ἐν
483 2305 512 2332 δὲ
525 2305 564 2340 τῷ
580 2305 718 2340 ἐξηκοστῷ
745 2305 821 2341 μύθῳ
839 2307 975 2340 συγκαλυ-

183 2351 303 2386 ψάμενος
316 2351 411 2386 ὥσπερ
430 2351 519 2386 σκότῳ
532 2350 571 2385 τῷ
585 2351 634 2385 τῆς
651 2351 743 2383 ἀνοίας
757 2351 774 2386 ἢ
794 2351 974 2387 ἀναισθησίας

220 2449 277 2483 (‘55)
297 2449 387 2476 Alium
413 2449 493 2483 plane
505 2456 615 2476 sensum
631 2447 736 2483 habent
761 2447 842 2483 verba
859 2447 975 2483 Arabica

184 2481 317 2510 ordinavit
330 2491 340 2515 ;
361 2481 481 2518 agitavit.
495 2483 528 2510 Et
541 2483 582 2510 sic
594 2482 676 2518 habet
688 2481 850 2518 Maraccius.
864 2482 974 2510 Graecus

184 2523 275 2545 autem
301 2516 403 2551 noster,
428 2519 493 2553 quid
513 2518 629 2545 Arabice
649 2517 756 2551 legerit,
779 2516 901 2544 divinare
920 2525 974 2544 non

186 2561 287 2579 ausum.

222 2588 279 2621 (56)
296 2586 361 2614 ειη.
379 2586 486 2621 XLVII,
504 2587 548 2615 ιθ.

221 2622 278 2656 (57)
294 2621 357 2648 Sur.
371 2621 414 2654 LI,
429 2623 453 2649 1.

219 2657 276 2691 (38)
289 2657 404 2692 Arabiae
421 2662 463 2684 est
481 2657 607 2687 verbum,
633 2657 743 2692 sparsit.
771 2655 871 2683 Noster
893 2655 973 2684 aliter

182 2691 249 2725 legit
265 2691 306 2725 vel
320 2691 466 2719 intellexit.

218 2724 274 2760 (59;
289 2724 352 2752 Sur.
369 2725 425 2758 Lit,
442 2727 468 2753 ι.

218 2760 275 2794 (40)
292 2761 545 2795 Ατθὺὶίοιείνετϋυιιι,
566 2760 694 2795 implevit.
711 2759 810 2788 Noster
823 2759 914 2787 aliter.

217 2795 274 2829 (ιι)
293 2795 354 2821 sm.
370 2794 438 2827 ιλιι,
459 2795 483 2824 ι.

219 2829 276 2864 (42)
303 2829 431 2866 intelligit
451 2830 609 2864 Gabrieicm,
628 2830 700 2864 quod
718 2837 815 2858 nomen
832 2830 869 2857 ita
882 2829 969 2863 signi-

1027 1669 1198 1697 intervallum
1214 1670 1330 1697 duorum
1344 1678 1471 1704 arcuum,
1500 1675 1548 1698 aut
1570 1673 1748 1708 propinquius
1763 1683 1770 1701 :
1788 1679 1816 1701 et

1027 1715 1156 1742 revelavit
1167 1723 1245 1743 servo
1262 1723 1313 1743 suo
1331 1716 1403 1750 quod
1421 1716 1570 1750 revelavit;
1590 1726 1642 1744 non
1663 1723 1704 1746 est
1716 1720 1816 1746 tuenti-

1027 1765 1072 1788 tus
1088 1761 1160 1795 quod
1175 1761 1246 1788 intra
1263 1760 1348 1788 vidit:
1363 1769 1482 1796 namque
1504 1761 1531 1788 id
1547 1762 1624 1790 vidit.
1647 1763 1814 1791 Descensum

1027 1806 1110 1833 alium
1125 1806 1204 1840 iuxta
1218 1806 1336 1841 plantam
1363 1806 1487 1834 sideritin
1512 1807 1634 1835 tradidit.
1657 1817 1666 1834 ι
1685 1809 1717 1836 Et
1733 1810 1815 1843 paulo

1027 1855 1089 1885 post
1104 1850 1199 1878 deﬁnit
1212 1851 1312 1878 diserte
1325 1850 1418 1878 dicens
1433 1859 1440 1878 :
1458 1860 1468 1877 ‹
1486 1851 1627 1884 Quomodo
1644 1854 1733 1888 angeli
1750 1859 1814 1881 sunt

1027 1895 1056 1922 in
1068 1895 1147 1927 cosio,
1161 1902 1223 1922 cum
1234 1895 1342 1922 illorum
1352 1894 1512 1923 intercessio
1526 1904 1666 1931 nunquam
1679 1898 1786 1932 prosit?
1801 1908 1810 1924 ι

1027 1940 1056 1968 In
1073 1941 1299 1977 quinquagesima
1326 1942 1406 1970 tertia
1431 1941 1523 1971 fabula
1549 1942 1639 1970 dicere
1664 1943 1759 1970 volens
1780 1943 1814 1970 de

1026 1985 1099 2013 luna:
1128 1986 1326 2021 passionibus,
1359 1987 1546 2022 iguoransque
1582 1988 1722 2015 obscurari
1753 1995 1812 2014 eam

1028 2036 1108 2060 terra;
1120 2033 1226 2065 umbra,
1240 2033 1277 2060 ait
1294 2041 1301 2060 ι
1319 2042 1328 2059 ι
1343 2033 1580 2068 Appropinquavit
1592 2033 1669 2066 hora,
1683 2038 1710 2060 et
1725 2034 1812 2061 scissa

1027 2084 1071 2106 est
1095 2079 1171 2106 luna.
1190 2078 1268 2111 Quod
1285 2079 1307 2106 si
1330 2079 1449 2106 viderint
1472 2080 1591 2114 signum,
1619 2083 1745 2106 avertunt
1772 2087 1810 2111 se,

1027 2124 1175 2159 dicuntque
1201 2133 1208 2151 :
1235 2123 1405 2158 Praestigium
1429 2129 1471 2151 est
1500 2124 1571 2158 quod
1598 2124 1751 2156 exhibetur,
1786 2128 1813 2150 et

1027 2170 1193 2198 mendaciter
1208 2169 1342 2197 fecerunt.
1364 2179 1373 2195 ι
1395 2169 1488 2204 Atque
1502 2170 1540 2197 ita
1564 2169 1734 2197 ludibundus
1749 2177 1812 2204 per-

1027 2216 1065 2252 git
1076 2223 1162 2250 usque
1172 2215 1204 2242 ad
1223 2215 1418 2251 sexagesimam
1436 2215 1566 2243 fabulam.
1585 2215 1614 2242 in
1641 2215 1812 2250 sexagesima

1029 2267 1119 2289 autem
1128 2261 1219 2288 fabula
1227 2261 1351 2296 operiens
1359 2262 1438 2296 quasi
1448 2260 1567 2288 tenebris
1577 2261 1735 2294 ignorantiae
1742 2265 1768 2286 et
1776 2260 1812 2287 l'a-

1031 2306 1138 2334 tuilati‘s
1156 2305 1272 2333 infelicis
1287 2306 1386 2333 anima:
1398 2313 1454 2333 sua:
1468 2305 1574 2336 oculos,
1587 2305 1633 2332 dat
1649 2312 1678 2331 se
1690 2304 1811 2338 praeeipi-

1028 2356 1083 2380 tem
1098 2352 1126 2379 iu
1138 2351 1273 2379 mendacii
1285 2350 1403 2378 inauditi
1416 2350 1590 2382 barathrum,
1605 2354 1687 2384 atque
1707 2349 1744 2376 ita
1762 2349 1811 2376 de-

1026 2448 1099 2475 iieat.

1062 2483 1118 2518 (ιδ)
1133 2482 1197 2518 sur.
1214 2482 1282 2515 LIV,
1298 2482 1324 2510 ι.

1062 2515 1118 2553 (44)
1132 2517 1221 2545 Locus
1232 2517 1359 2545 Alcorani
1375 2515 1674 2553 celeberrimu_s,_‘quia_
1680 2516 1807 2553 refertur,

1027 2550 1148 2579 ut'multi
1167 2554 1292 2584 credunt,
1309 2553 1342 2579 ad
1362 2551 1507 2578 ridiculum
1534 2550 1702 2578 Moliamedis
1726 2551 1809 2577 mira-

1027 2587 1120 2614 culum
1133 2588 1225 2614 lunam
1237 2586 1395 2614 scindentis.
1412 2586 1464 2612 Alii
1481 2590 1569 2612 tamen
1581 2586 1737 2620 intelligunt
1751 2594 1810 2613 ser-

1028 2630 1137 2649 monem
1165 2629 1226 2649 esse
1254 2622 1288 2648 de
1313 2621 1357 2647 die
1385 2620 1481 2655 iudicii
1514 2621 1641 2655 extremi,
1668 2628 1722 2654 quo
1744 2620 1808 2646 luna

1028 2657 1175 2684 sciudetur.
1197 2656 1253 2683 llac
1267 2663 1349 2690 super
1362 2654 1391 2682 re
1405 2656 1507 2682 multus
1521 2659 1564 2682 est
1583 2654 1733 2690 Maraccius
1749 2659 1806 2690 tum

1026 2691 1079 2718 hoc
1092 2691 1162 2723 loco,
1175 2695 1233 2718 tum
1251 2691 1277 2717 in
1291 2688 1437 2725 prodromo
1452 2694 1522 2722 part.
1540 2696 1569 2720 ιι,
1588 2696 1647 2722 cap.
1665 2689 1691 2720 4,
1711 2695 1738 2725 p.
1761 2688 1805 2714 16.

1026 2725 1095 2753 Hinc
1106 2730 1179 2753 certe
1194 2723 1382 2761 moliatliedani
1402 2731 1504 2761 morem
1514 2723 1806 2761 sumpseruntiunam

1026 2761 1140 2788 scissam
1157 2767 1204 2791 seu
1220 2760 1389 2788 dimidiatam
1402 2759 1500 2795 ubique
1512 2758 1539 2786 in
1556 2756 1614 2787 suis
1630 2756 1804 2785 emblemati-

1025 2796 1077 2824 bus
1090 2795 1254 2823 ostentandi.
