2083 3155
189 168 243 201 773

772 167 988 198 REFUTATIO
1008 167 1246 201 MOIIAMEDIS.

1732 175 1815 211 ττι

187 222 254 258 χουθ
269 221 337 257 (55),
349 220 380 248 τὸ
392 218 524 257 πῦρέχον
538 221 588 257 τὴν
600 221 707 248 καῦσιν.
720 231 730 248 ι
749 222 785 248 Τὸ
800 222 969 257 ὸγδοηκοστὸι

1031 222 1122 250 fabula
1139 224 1173 251 ab
1189 224 1240 252 hoc
1253 223 1434 259 jurejurando
1447 226 1608 256 exorditur:
1628 239 1637 255 ι
1648 228 1700 257 Per
1711 231 1818 261 dilucu-

187 269 313 304 πέμπτον
340 267 473 304 μυθάριον
497 268 553 303 (56)
570 267 600 300 ἐξ
623 268 705 303 ὅρκου
725 267 838 303 ἄρχεται
869 267 974 299 οὕτως’

188 324 198 341 ι
215 314 261 341 Μὰ
279 314 326 340 τὸν
342 314 456 350 οὐρανὸν
469 313 573 340 καὶτὸν
585 313 732 348 ἀλταρικόν
742 322 749 329 ·
764 314 811 340 καὶ
828 313 854 340 τι
865 311 934 344 οῐδες
949 313 976 338 τι

185 360 216 386 τὸ
231 359 379 394 ὰλταρικόν
394 359 468 394 (57);
491 359 506 385 ὁ
521 359 608 395 ἀστὴρ
624 359 638 385 ὁ
655 359 806 394 τρυπητὴς,
835 359 877 385 ὃτι
901 359 976 385 πᾶσα

1030 269 1098 302 lum,
1111 276 1138 297 et
1153 270 1245 297 decem
1260 275 1363 303 noctes,
1380 276 1406 299 et
1419 279 1468 306 per
1479 273 1702 308 conjunctioncm
1719 285 1752 305 ac
1768 285 1816 306 se-

1031 315 1211 348 parationem,
1229 319 1256 342 et
1277 323 1325 350 per
1340 321 1445 344 noctem
1468 325 1530 345 cum
1557 319 1725 356 intenditur;
1751 331 1818 351 num

1029 364 1071 386 est
1084 360 1109 385 in
1124 360 1367 394 ltisjusjurandum
1388 361 1546 391 [nominibus
1562 363 1654 399 θέοι-Υ
1673 375 1683 391 ι

184 404 258 439 ψυχὴ
269 404 323 431 τῶν
345 404 430 431 ὄντων
447 404 539 431 ἐπάνω
554 405 638 439 αὐτῆς
654 404 750 439 φύλαξ.
773 414 782 431 ι
800 405 838 431 Τὸ
851 404 1028 439 ὀγδοηκοστὸν
1042 405 1133 436 ὄγδοον
1155 406 1286 441 μυθάριον
1307 407 1362 442 (58)
1387 409 1417 440 ἐξ
1453 410 1535 444 ὅρκου
1568 411 1680 445 ἄρχεται
1721 414 1808 439 τοιού-

185 458 231 475 του
242 458 249 464 ·
267 459 276 475 ‹
303 450 349 476 Μὰ
370 450 399 476 τὸ
414 448 507 484 αὖγος,
524 451 569 477 καὶ
580 452 608 477 αἱ
622 451 718 482 νύκτες
732 451 807 483 δέκα,
823 451 870 478 καὶ
889 451 997 486 ήζυγὴ,
1017 452 1064 478 καὶ
1078 453 1094 487 ἡ
1110 452 1244 488 ἀποζυγὴ,
1265 453 1312 480 καὶ
1334 454 1350 488 ἠ
1374 454 1421 487 νὺξ
1442 455 1481 481 ὅτ’
1496 455 1529 482 ἂν
1548 457 1732 490 ἐφαπλοῦται·
1760 457 1817 494 ἆρα

160 489 165 496 ’
184 496 258 522 ἐστιν
269 497 296 522 ἐν
314 495 417 527 τούτοις
430 497 511 531 ὅρκος
526 499 582 528 τοῖς
596 497 662 532 ὅγερ
679 497 735 532 (59)
748 505 755 530 ;
778 506 787 522 ι

219 541 275 569 πα’.
295 542 331 568 Τὸ
343 543 521 577 ὀγδοηκοστὸν
533 543 626 571 ἔνατον
645 543 779 579 μυθάριον
808 543 865 579 (60)
879 543 909 575 ἐξ
924 544 977 570 ἀπ-

184 588 309 623 ομόσεως
322 589 451 623 τοιαύτης
475 589 605 624 ἄρχεται·
625 591 696 617 ιΟὺκ
716 590 808 625 ὀμνύω
821 591 860 621 εἱς
874 590 977 624 ταύτην

184 635 232 668 τὴν
244 633 349 669 χώραν·
376 635 424 660 καὶ
448 634 495 661 σοῦ
522 635 597 667 ὄντος
619 636 648 662 ἐν
670 635 755 670 ταύτῃ
768 637 800 671 τῇ
816 634 910 671 χώρᾳ·
931 635 978 662 καὶ

184 680 281 714 γονεὺς
304 681 351 706 καὶ
371 680 406 707 τὰ
425 681 572 716 ἐγέννησε·
599 683 647 708 καὶ
670 682 725 717 γὰρ
751 682 910 716 ὲπλάσαμεν
932 682 978 708 τὸν

183 726 326 762 ἄνθρωπον
337 727 365 754 ἐν
378 726 451 761 ἰσχύϊ
469 727 537 762 (61).
559 737 567 754 ι
591 728 628 754 Τὸ
642 729 817 763 ἐνενηκοστὸν
842 728 974 762 μυθάριον

182 774 214 799 ἐκ
231 772 358 799 τοιούτων
368 773 481 808 ἄρχεται
496 774 585 808 ὅρκων
601 773 657 809 (69.)
669 782 676 789 ο
700 783 708 798 ι
724 773 771 800 Μὰ
783 774 828 800 τὸν
843 774 918 809 ἥλιον
931 772 978 800 καὶ

181 818 230 850 τὰς
245 818 358 850 ἀκτῖνας
370 819 463 852 αὑτοῦ,
482 820 528 845 καὶ
542 819 591 854 τὴν
610 819 725 854 σελήνην
739 820 777 846 ὅτ’
790 819 822 846 ἂν
842 819 974 855 ἁκολουῢῇ

180 862 255 897 αὐτῷ
267 872 274 879 ·
287 863 334 890 καὶ
353 864 403 898 τὴν
418 864 524 899 ἡμέραν
536 864 574 890 ὅτ’
591 864 624 890 ἂν
640 865 773 900 ἐπιφαίνῃ
787 864 862 899 αὐτῷ
874 873 880 879 '
897 865 944 891 καὶ
957 866 974 899 ὴ

179 909 228 941 νὺξ
241 909 280 935 ὅτ’
297 909 330 935 ἂν
343 909 483 946 ἐπιψαύσῃ
502 910 571 946 αὐτῇ
583 918 589 925 ·
608 910 654 936 καὶ
668 910 714 936 τὸν
738 912 866 946 οὐρανὸν,
881 911 929 937 καὶ
946 911 977 938 τὸ

179 954 287 981 ἔκτισεν
303 955 383 982 αὐτόν
397 964 403 970 ·
418 956 464 982 καὶ
475 956 524 990 τὴν
544 956 607 990 γῆν,
626 957 673 983 καὶ
686 957 715 982 τὸ
727 957 846 994 ἦδρασεν
862 957 949 992 αὐτήν
963 964 971 973 '

179 999 227 1026 an).
236 1000 286 1035 τὴν
302 999 402 1036 ψυχὴν,
415 1001 462 1026 καὶ
476 1001 505 1027 τὸ
521 1001 614 1028 ἵσασεν
627 1009 634 1015 ⁸
652 1011 662 1027 ι
677 1003 747 1028 κατὰ
762 1003 852 1038 πάσης
862 1003 914 1037 γῆς
926 1003 973 1029 νῦν

178 1046 334 1080 ἐξόμνυται.
349 1046 386 1072 Τὸ
403 1047 579 1082 ἐνενηκοστὸν
592 1047 701 1082 πρῶτον
719 1048 853 1083 μυθάριον
870 1048 925 1083 (65)
940 1049 972 1075 ἐκ

177 1083 299 1118 τοιούτου
312 1092 426 1127 ἄρχεται
438 1093 519 1128 ὅρκου
531 1100 537 1107 ·
557 1103 567 1118 τ
584 1093 630 1120 Μὰ
642 1092 690 1128 τὴν
705 1093 790 1120 νύκτα
804 1094 842 1119 ὅτ’
855 1093 887 1120 ἂν
903 1102 973 1127 παρ-

178 1136 301 1162 ίσταταιο
316 1137 364 1162 κα)¹
387 1137 436 1172 τὴν
450 1136 558 1173 ἡμέραν
571 1137 610 1163 ὅτ’
626 1137 659 1163 ἂν
675 1137 826 1172 ἐκκαθαίρει
840 1146 847 1153 -
860 1137 908 1164 κα)⁸
926 1137 971 1164 τὸν

177 1183 329 1218 ποιήσαντα
358 1181 403 1208 τὸν
425 1181 530 1217 ἄρρενα
547 1183 593 1208 καὶ
620 1183 670 1217 τὴν
693 1183 814 1217 Θήλειαν,
830 1184 871 1209 ὅτι
885 1184 899 1209 ὁ
914 1183 971 1218 βίος

177 1227 254 1262 ὑμῶν
278 1228 335 1254 ἐστι
360 1227 514 1262 πολλαχῶς.
536 1239 543 1252 ι
570 1227 607 1254 Τὸ
637 1228 813 1264 ἐνενηκοστὸν
844 1229 971 1265 δεύτερον

177 1273 309 1308 μυθάριον
331 1272 387 1308 (64)
412 1271 500 1304 οὕτως
526 1273 555 1306 ἐξ
574 1273 657 1308 ὅρκου
683 1274 814 1308 ἄρχεται’
835 1283 845 1300 ‹
862 1275 908 1301 Μὰ
921 1276 970 1310 τὴν

150 1311 152 1315 ’
176 1317 283 1351 πρωτην
296 1317 342 1343 καὶ
355 1316 403 1352 τὴν
414 1316 501 1344 νύκτα
517 1317 556 1343 ὅτ’
572 1317 605 1343 ἂν
617 1317 708 1352 ἠρεμῇ
720 1326 727 1333 ο
745 1318 795 1344 οὐκ
809 1318 900 1345 εἴασέν
911 1327 941 1345 σε
956 1321 970 1346 ὁ

176 1361 278 1398 Κύριος
293 1361 330 1388 ὢν
344 1362 405 1388 οὑδέ
418 1362 579 1397 ἑξεκάκησε.
601 1371 611 1388 ι
632 1363 669 1388 Τὸ
688 1363 864 1397 ἐνενηκοστὸν
878 1365 969 1400 τρίτον

177 1407 308 1443 μυθάριον
318 1407 374 1443 (65)
387 1407 417 1434 ἐν
427 1407 535 1439 τούτοις
548 1409 648 1444 πληροῖ
657 1419 664 1426 -
681 1418 690 1435 ε
713 1409 775 1435 Ὀτ’
787 1409 820 1436 ἂν
835 1409 863 1436 δέ
877 1411 969 1437 εὐκαι-

177 1454 273 1489 ρήσῃς,
285 1453 414 1488 ἀγώνιζε,
426 1453 494 1488 πρὸς
505 1454 551 1480 τὸν
560 1454 626 1480 Θεὸν
638 1454 759 1489 δεήθητι.
775 1464 784 1480 ε
797 1454 833 1481 Τὸ
843 1457 969 1490 ἐνενηκο-

176 1498 238 1524 στὸν
258 1497 388 1532 τέταρτον
410 1497 542 1533 μυθάριον
556 1498 612 1533 (66)
635 1498 721 1530 οὕτως
744 1500 874 1534 ἄρχεταν
891 1510 900 1526 ‹
920 1500 965 1527 Μὰ

175 1543 225 1574 τὰς
239 1544 325 1574 συκᾶς
350 1543 397 1570 καὶ
419 1543 468 1575 τὰς
485 1544 578 1576 ἐλαίας
590 1552 598 1560 '
609 1545 640 1572 τὸ
662 1546 727 1572 Σινὰ
743 1546 789 1573 καὶ
813 1547 864 1582 τὴν
875 1547 967 1582 χώραν

175 1587 225 1624 τὴν
245 1588 364 1623 ἄφοδον·
381 1589 429 1616 καὶ
443 1589 497 1624 γὰρ
516 1590 679 1625 ἐπλάσαμεν
697 1592 743 1618 τὸν
765 1591 910 1627 ἄνθρωπον
927 1594 967 1624 είς

175 1633 258 1660 καλὸν
269 1633 424 1669 ἀνάστημα,
439 1635 487 1661 καὶ
501 1635 711 1671 ὑπστρέψαμεν
726 1637 806 1663 αὑτὸν
820 1637 897 1663 κάτω
912 1637 966 1664 τῶν
981 1629 1002 1657 c

175 1679 348 1706 κατωτάτων.
371 1689 381 1705 ι
401 1680 444 1712 Ὧς
460 1681 546 1715 μέγας
559 1682 573 1708 ό
587 1682 635 1708 τοῦ
652 1683 825 1718 Δημιουργοῦ
851 1683 905 1710 τῶν
918 1685 966 1710 ἀν-

175 1723 293 1759 θρώπων
308 1725 407 1760 ὅρκοςι
427 1726 524 1752 τούτου
535 1727 564 1753 δέ
580 1727 671 1762 μεῖζον
688 1728 719 1754 τὸ
733 1728 798 1764 περὶ
821 1725 851 1755 οὗ
868 1728 966 1763 ὄμνυσι

175 1770 341 1806 κατόρθωμα
351 1780 358 1787 ·
376 1781 386 1797 1
401 1772 456 1799 Καὶ
468 1772 680 1808 υπεπρέψαμεν
695 1773 787 1806 αὐτὸν,
801 1774 879 1809 φησὶ,
892 1774 967 1801 κάτω

174 1817 230 1843 τῶν
244 1817 411 1845 κατωτάτων
421 1825 429 1834 ’
445 1827 454 1844 ι
468 1818 580 1850 εἰκότως
592 1819 639 1845 τοῦ
654 1819 777 1854 Μωάμετ
791 1817 869 1851 οὗτος
882 1820 965 1854 ὠφει-

175 1861 222 1889 λεν
235 1860 304 1890 εῖναι
321 1863 391 1895 θεός.
408 1864 444 1890 Τὸ
455 1864 631 1899 ἐνενηκοστὸν
644 1865 723 1892 ἕκτον
737 1865 868 1900 μυθάριον
881 1865 966 1897 οὕτως

175 1907 289 1942 ἄρχεται
304 1907 372 1943 (67)·
391 1918 400 1934 ι
426 1908 522 1943 Ἡμεῖς
539 1909 586 1935 καὶ
600 1909 756 1944 ἠνέγκαμεν
768 1909 849 1936 αὺτέν
861 1910 901 1941 εἰς
916 1909 965 1943 τὴν

174 1953 262 1980 νόκτα
274 1954 324 1989 τὴν
338 1953 496 1990 ὡρισμένην
510 1961 517 1969 ·
536 1956 584 1981 καὶ
596 1954 622 1981 τι
637 1952 710 1986 οἶδας
725 1955 751 1981 τί
764 1955 837 1981 ἐστιν
852 1956 869 1991 ὴ
884 1955 931 1988 νὺξ
947 1955 963 1990 ἡ

174 1998 314 2034 ὡρισμένη
330 1999 405 2034 (68);
425 1999 543 2027 καλλίων
555 2000 614 2026 ἐστ)¹
631 1999 725 2034 χιλίων
743 2000 854 2035 μηνῶν·
878 2009 964 2027 κατα-

175 2044 304 2079 φέρουσιν
312 2046 336 2071 οἱ
347 2045 469 2079 ἄγγελοι,
480 2045 528 2072 καὶ
541 2045 571 2072 τὸ
585 2045 695 2080 πνεῦμα
707 2046 735 2072 ἐν
747 2046 815 2081 αὐτῇ
829 2046 963 2081 ἐπιτροπῇ

174 2089 222 2116 τοῦ
241 2090 344 2126 Κυρίου
359 2091 450 2118 αὐτῶν
478 2090 509 2122 ἐξ
531 2091 648 2117 ἑκάστου
671 2091 850 2126 πράγματος·
868 2092 964 2127 εἰρήνη

175 2134 249 2162 ἐστὶν
258 2136 362 2171 ἐκείνη,
375 2136 428 2168 ἕως
437 2137 471 2163 ἂν
485 2137 613 2172 ἀνατείλῃ
627 2137 656 2163 τὸ
667 2135 761 2171 αὖγος,
786 2146 795 2163 ι
814 2137 850 2163 Τὸ
873 2138 966 2172 ἐνενη-

174 2180 271 2208 κοστὸν
284 2175 400 2217 ἐὸδομόν
410 2183 481 2217 μυθά
487 2191 542 2218 ριον
549 2183 603 2219 (69)
612 2183 822 2218 ἐπιγέγραπται,
831 2184 883 2216 Εἰς
894 2183 964 2216 τοὺς

174 2227 406 2262 ἀρνησαμένους
423 2229 490 2264 (70)·
509 2230 555 2256 καὶ
568 2230 643 2256 δοκεῖ
656 2229 831 2256 καταπειθειν
841 2230 904 2261 τοὺς
919 2230 963 2255 ὲν-

174 2273 358 2308 τυγχάνοντας
370 2275 403 2309 τῇ
427 2274 646 2310 ἀφιλοσογραφίᾳ
670 2275 754 2301 αὐτοῦ
779 2275 819 2301 ὅτι
846 2276 879 2301 ἐκ
895 2274 963 2301 Θεοῦ

175 2317 259 2348 ἐστιν,
277 2317 309 2343 ἐκ
330 2317 376 2343 τοῦ
407 2317 517 2351 ἐνέγκαι
547 2318 637 2352 βιϐλία
653 2319 820 2355 ἀγνιζόμενα
844 2319 918 2351 ὄντα,
933 2320 962 2346 ἐν

176 2362 267 2393 αὐτοῖς
277 2362 383 2397 γραφαὶ
397 2362 476 2399 ὀρθαί
486 2372 492 2378 ·
508 2363 557 2399 τὴν
570 2364 598 2390 δέ
615 2364 747 2399 ὀρθότητα
758 2365 846 2391 αὐτῶν
859 2366 962 2400 ἀκροα-

176 2406 222 2434 ταὶ
234 2408 410 2443 κρινέτωσαν.
424 2409 460 2436 Τὸ
476 2410 650 2445 ἐνενηκοστὸν
659 2410 750 2444 ὁγδοον
762 2411 894 2447 μυθάριον
906 2411 962 2447 (7i)

213 2486 269 2524 (ξξξ)
287 2487 457 2524 λᾼιιοιιῖοιιιῃμ
465 2487 630 2524 vocabulum
649 2489 782 2524 signiﬁcat
800 2490 913 2524 foveam.

212 2521 268 2556 (se;
285 2522 347 2550 Sur.
366 2522 507 2555 LXXXVI,
523 2524 548 2550 ι.

215 2556 271 2591 (57)
284 2557 531 2595 Controversiaest
544 2559 577 2585 de
593 2559 718 2587 vocabuli
734 2560 842 2587 Arabici
868 2568 961 2595 sensu,

179 2594 268 2628 utrum
288 2593 628 2628 nempeisitipltoaplwrus,
644 2602 676 2620 an
692 2599 770 2621 noctu
782 2595 897 2624 veniens.

213 2625 270 2657 (58)
285 2625 555 2660 SurfLXXXIXjI.

216 2660 272 2695 (59)
289 2661 347 2689 Non
357 2666 399 2690 est
416 2670 500 2690 ausus
529 2663 642 2692 Graecus
658 2662 767 2692 Nieetas
794 2666 959 2695 vocabulum

178 2695 323 2732 Arabicurn
345 2697 527 2732 interpretari.

226 2730 271 2764 60)
294 2731 356 2758 Sur.
373 2730 427 2764 XC,
443 2732 468 2758 I.

226 2730 271 2764 60)
294 2731 356 2758 Sur.
373 2730 427 2764 XC,
443 2732 468 2758 I.

214 2730 270 2806 (6i)
291 2765 446 2806 Voc._arub.
459 2767 569 2806 sic_non
591 2767 849 2806 absurderintelligi
877 2779 960 2806 posse

177 2799 298 2836 videtur1
311 2801 467 2836 Sedrtamen
481 2801 634 2833 Maraccius
642 2804 740 2833 maluit
753 2806 781 2833 in
792 2799 921 2836 αξνῖιιηὶια.

214 2834 270 2869 (62)
285 2834 349 2863 Sur.
365 2835 431 2868 κει,
446 2837 472 2864 ι.

216 2870 274 2908 ((55)
287 2869 349 2898 Sur.
368 2870 447 2904 XCII,
468 2872 493 2899 I.

1065 543 1108 571 8|.
1127 542 1299 578 Octogesima
1315 552 1386 572 nona
1402 545 1492 573 fabula
1513 547 1553 574 sic
1574 547 1723 582 dcjcraudo
1749 539 1819 577 inci-

1031 589 1071 623 pit
1086 598 1092 615 :
1111 598 1120 614 ‹
1146 588 1280 624 Noujuro
1294 598 1341 625 per
1361 591 1431 619 hanc
1459 593 1608 627 regionem,
1624 599 1651 620 et
1668 599 1696 620 tu
1714 595 1818 623 resides

1031 635 1059 662 in
1075 636 1126 662 hac
1138 637 1265 670 regione;
1287 641 1313 664 et
1335 645 1384 672 per
1397 644 1583 673 generantem,
1602 644 1629 667 ct
1642 648 1690 674 per
1706 649 1737 668 ea
1755 649 1817 676 quze

1032 681 1136 715 genuit.
1154 681 1259 709 Etenim
1277 683 1415 711 hominem
1440 684 1620 714 formavimus
1647 687 1674 714 in
1702 687 1815 715 fortitu-

1030 725 1104 752 dine.
1123 735 1132 752 ›
1152 725 1333 762 Nonagesima
1355 728 1448 756 fabula
1461 730 1496 757 ab
1510 731 1552 757 his
1564 731 1728 766 juramentis
1744 733 1815 760 inci-

1030 772 1069 805 pit
1089 781 1095 799 :
1114 781 1123 797 ε
1146 772 1197 799 Per
1222 773 1307 800 solem
1324 775 1453 803 etradios
1469 776 1548 810 ejus:
1565 785 1613 812 per
1631 777 1723 805 lunam
1752 786 1815 806 cum

1029 818 1205 853 subsequitur
1225 819 1301 846 illum
1320 825 1368 847 :et
1385 829 1432 855 per
1453 822 1524 849 diem
1551 831 1612 850 cum
1630 824 1654 851 ei
1675 829 1789 858 apparet
1806 833 1813 851 :

1028 869 1055 891 et
1071 873 1118 899 per
1133 871 1240 894 noctem
1253 875 1315 894 cum
1329 868 1353 895 ei
1367 869 1502 897 illucsscit
1519 879 1526 896 :
1543 875 1570 897 et
1588 878 1636 906 per
1652 872 1762 904 coelum,
1787 877 1814 899 et

1028 911 1073 945 qui
1093 911 1159 938 illud
1177 914 1281 940 creavit
1298 923 1305 941 :
1325 922 1371 948 per
1384 919 1494 948 terram,
1515 920 1542 942 et
1561 917 1607 951 qui
1633 925 1693 944 eam
1714 917 1814 944 fumla«

990 954 1010 982 Β
1028 957 1090 984 vit:
1105 962 1132 984 et
1147 965 1194 991 per
1210 959 1340 992 animam,
1356 964 1383 986 et
1396 961 1441 994 qui
1457 962 1616 996 coaequavit.
1640 971 1650 987 ι
1672 961 1749 988 Nunc
1764 970 1814 997 per

1027 1002 1183 1030 universam
1198 1007 1299 1030 terram
1314 1004 1399 1039 jurat.
1412 1005 1594 1040 Nonagesima
1612 1008 1699 1042 prima
1719 1006 1811 1035 fabula

1026 1048 1251 1083 abjurejuraudo
1267 1050 1362 1085 incipit
1378 1060 1385 1078 :
1403 1062 1412 1077 ‹
1428 1052 1480 1079 Per
1495 1057 1600 1080 noctem
1624 1061 1685 1081 cum
1708 1053 1784 1081 adest
1803 1064 1811 1082 :

1024 1101 1072 1128 per
1086 1094 1157 1121 diem
1175 1097 1284 1129 quando
1302 1096 1331 1122 Iit
1357 1097 1476 1125 clarior:
1493 1106 1540 1132 per
1563 1106 1625 1125 eum
1642 1100 1687 1133 qui
1704 1108 1812 1127 mascu—

1026 1138 1081 1165 lum
1097 1146 1128 1166 ac
1147 1139 1275 1166 feminam
1293 1141 1355 1168 fecit
1369 1151 1375 1174 ;
1393 1147 1466 1169 certe
1482 1143 1537 1170 vita
1551 1149 1640 1171 vestra
1656 1150 1698 1172 est
1715 1146 1808 1173 multi-

1025 1183 1106 1211 faria.
1124 1194 1133 1210 ›
1149 1184 1332 1220 Nonagesima
1353 1188 1473 1215 secunda
1499 1188 1590 1216 fabula
1613 1190 1650 1217 ita
1672 1192 1776 1225 pariter
1795 1199 1811 1218 a

1022 1229 1201 1264 jurejurando
1217 1231 1334 1266 incipit:
1355 1242 1365 1258 ‹
1383 1234 1436 1260 Per
1455 1235 1616 1262 matutinum
1644 1240 1762 1271 tempus,
1784 1242 1811 1264 et

1024 1282 1072 1308 per
1089 1280 1196 1302 noctem
1213 1283 1274 1303 cum
1294 1283 1336 1304 est
1364 1279 1536 1313 intempesta,
1554 1288 1608 1307 non
1623 1281 1766 1316 dereliquit
1785 1287 1811 1309 te

1025 1319 1159 1348 Dominus
1176 1329 1265 1356 neque
1281 1327 1422 1350 aversatus
1435 1329 1485 1351 est.
1506 1334 1516 1350 ι
1532 1325 1714 1360 Nonagesima
1731 1327 1810 1354 tertia

1023 1365 1113 1393 fabula
1130 1367 1170 1393 sic
1181 1367 1352 1395 concluditur
1368 1378 1374 1395 :
1395 1378 1404 1394 ‹
1418 1369 1485 1407 Cum
1497 1375 1587 1397 autem
1603 1371 1649 1398 tibi
1662 1373 1808 1404 vacaverit,

1022 1411 1056 1438 da
1069 1419 1179 1446 operam
1198 1417 1227 1439 ut
1247 1413 1330 1440 Deum
1355 1421 1461 1442 exores.
1481 1425 1491 1441 ι
1508 1415 1690 1450 Nonagesima
1707 1423 1808 1452 quarta

1027 1457 1117 1484 fabula
1130 1458 1170 1485 sic
1186 1458 1299 1493 incipit:
1319 1468 1329 1484 ι
1352 1459 1402 1486 Per
1418 1460 1485 1488 licus
1498 1467 1522 1488 et
1534 1462 1620 1495 oleas,
1640 1467 1666 1489 et
1680 1463 1767 1496 Sinai,
1780 1468 1807 1490 et

1022 1503 1161 1538 regionem
1180 1511 1315 1531 securam.
1340 1505 1445 1532 Etenim
1466 1507 1604 1534 hominem
1628 1508 1808 1537 formavimus

1020 1548 1148 1582 praeclara
1162 1549 1308 1581 erectione,
1326 1555 1351 1576 et
1365 1558 1426 1578 mox
1444 1551 1628 1585 depressimus
1643 1561 1704 1581 eum
1717 1554 1749 1581 ad
1766 1554 1808 1580 in-

1020 1593 1093 1620 ﬁma.
1112 1602 1121 1619 ι
1144 1593 1281 1626 Quantum
1300 1600 1341 1622 cst
1355 1596 1406 1623 hoc
1419 1596 1559 1624 Creatoris
1578 1599 1720 1626 hominum
1746 1599 1807 1634 jus-

1016 1638 1164 1673 jurandqu
1177 1640 1183 1666 l
1197 1640 1250 1667 Sed
1266 1641 1357 1668 ethoc
1375 1641 1433 1676 ipso
1446 1642 1535 1677 majus
1548 1648 1590 1670 est
1603 1652 1651 1678 pro
1666 1652 1721 1679 quo
1732 1645 1806 1678 jurat

1017 1683 1134 1718 facinus,
1154 1695 1164 1711 α
1177 1686 1209 1712 Et
1228 1687 1412 1721 depressimus
1427 1695 1501 1721 eum,
1520 1689 1618 1724 inquit,
1635 1690 1669 1717 ad
1684 1691 1804 1718 intima)

1017 1727 1113 1757 Merito
1128 1738 1196 1758 sane
1213 1731 1380 1760 Mobnmedis
1392 1733 1465 1761 hunc
1487 1735 1629 1768 oportebat
1640 1743 1701 1763 esse
1713 1736 1804 1764 deum.

1016 1776 1197 1811 Nonagesima
1212 1781 1288 1805 sexta
1310 1777 1401 1805 fabula
1417 1779 1457 1807 sic
1477 1780 1573 1815 incipit
1587 1790 1593 1808 :
1613 1790 1621 1807 ι
1639 1781 1695 1809 Nos
1711 1782 1805 1809 attuli-

1016 1829 1078 1849 mus
1088 1829 1149 1848 eum
1163 1822 1189 1848 in
1207 1828 1287 1850 nocte
1301 1824 1443 1857 praeﬁnita.
1463 1825 1495 1852 Et
1517 1826 1587 1854 unde
1601 1827 1671 1855 scies
1684 1829 1749 1862 quid
1765 1829 1804 1856 sit

1016 1874 1068 1894 nox
1080 1867 1234 1902 praaﬁnita?
1252 1868 1347 1896 Melior
1361 1876 1404 1898 est
1417 1872 1491 1900 mille
1503 1874 1660 1902 mensibus.
1687 1875 1804 1903 Descen-

1016 1912 1083 1939 dunt
1099 1913 1197 1947 angeli,
1224 1919 1250 1941 et
1269 1915 1383 1949 spiritus
1400 1916 1426 1944 in
1439 1918 1495 1952 ipsa
1515 1924 1581 1946 nutu
1599 1920 1704 1947 Domini
1726 1922 1802 1956 ipso-

1015 1965 1076 1984 rum
1091 1958 1124 1985 de
1141 1960 1214 1985 omni
1230 1967 1268 1986 re.
1286 1960 1342 1987 Pax
1357 1967 1399 1988 est
1415 1963 1461 1990 illa
1479 1964 1567 1998 (nox),
1592 1965 1679 1993 donec
1699 1967 1803 1994 oriatur

1016 2009 1128 2029 aurora.
1150 2012 1159 2028 ι
1189 2003 1371 2040 Nonagesima
1395 2008 1509 2042 septima
1536 2010 1627 2036 Iabula
1647 2010 1804 2039 inscribitur

1017 2045 1172 2083 Negant“;
1191 2050 1352 2085 videturque
1371 2054 1486 2081 suadere
1497 2054 1649 2089 legentibus
1667 2056 1802 2084 inﬁcetam

1015 2093 1178 2127 scripturam
1208 2102 1298 2129 suam,
1309 2097 1380 2130 quod
1390 2105 1421 2124 ea
1433 2098 1493 2125 sita
1509 2098 1573 2131 Deo,
1586 2100 1714 2134 quoniam
1725 2101 1804 2128 aﬂert

1015 2137 1099 2165 libros
1113 2138 1270 2173 depuratos,
1282 2141 1383 2175 quibus
1390 2144 1566 2171 continentur
1578 2149 1659 2172 rectae
1683 2146 1802 2181 scriptu~

1015 2190 1062 2210 rae.
1084 2182 1279 2213 Verumtamen
1299 2186 1332 2214 de
1354 2187 1449 2215 barum
1473 2189 1639 2216 rectitudine
1665 2191 1802 2219 auditores

1013 2227 1150 2262 judicent.
1182 2228 1366 2264 Nonagesima
1399 2236 1495 2260 octava
1520 2234 1612 2261 fabula
1643 2235 1802 2262 inscribitur

1018 2271 1106 2300 Terrrc
1119 2278 1217 2307 motus,
1233 2275 1298 2308 quia
1319 2275 1511 2304 inclamabitur
1528 2279 1659 2307 adversus
1676 2285 1802 2315 peccato-

1017 2325 1074 2350 res,
1089 2318 1171 2345 sicuti
1182 2319 1263 2346 etiam
1276 2325 1370 2348 contra
1393 2321 1581 2350 Mohamedem
1606 2325 1653 2359 qui
1677 2325 1710 2352 de
1729 2325 1802 2352 blas-

1016 2364 1135 2400 phemiis
1150 2365 1206 2393 suis
1219 2365 1398 2400 judicabitur.
1415 2367 1597 2404 Nonagesima
1623 2377 1693 2397 nona
1710 2371 1802 2398 fabula

1017 2409 1179 2437 inscribitur
1193 2410 1344 2446 Currentes,
1358 2413 1506 2450 incipitque
1519 2422 1534 2442 a
1546 2415 1724 2451 jurejurando
1740 2417 1780 2444 sic
1793 2425 1801 2445 ε

1057 2488 1114 2524 (et)
1131 2489 1194 2516 Sur.
1212 2491 1302 2524 xcnr,
1316 2493 1340 2519 I.

1055 2524 1110 2559 (65)
1129 2524 1192 2551 Sur.
1212 2525 1303 2559 XCIV,
1318 2527 1343 2555 7.
1422 2544 1454 2547 —-

1053 2535 1110 2592 ἓξὲξ
1127 2535 1192 2586 ἓξὲξ·
1206 2535 1327 2588 i-‘Ei'l‘

1053 2592 1109 2628 (67)
1125 2593 1187 2620 Sur.
1205 2594 1308 2628 XCVII,
1326 2596 1350 2623 1.

1052 2627 1109 2662 (68)
1129 2628 1188 2671 Νοὲ
1203 2629 1268 2671 haec
1276 2631 1392 2660 celebris
1412 2633 1526 2671 qlkader
1540 2635 1611 2671 apud
1624 2635 1799 2671 Mohamcala-

1015 2669 1078 2698 nos,
1094 2671 1147 2698 qua
1162 2663 1233 2692 Deus
1253 2666 1393 2694 decretum
1410 2668 1444 2695 de
1460 2670 1541 2698 rebus
1557 2663 1639 2698 totius
1654 2670 1717 2696 anni
1733 2670 1797 2697 edit.

1014 2697 1167 2741 Crete‘mqui
1181 2700 1421 2741 vocabulumillud
1438 2697 1608 2741 polysemqu
1623 2697 1674 2732 est.

1049 2732 1106 2767 (69)
1123 2732 1186 2761 Sur.
1203 2733 1320 2766 XCVIII.
1339 2737 1364 2764 I.

1012 2767 1108 2830 bls(70)
1136 2768 1259 2797 Sumitur
1289 2771 1334 2799 hic
1359 2772 1455 2802 titulus
1475 2781 1490 2802 a
1515 2774 1612 2810 primis
1642 2773 1720 2803 Sura:
1736 2780 1798 2800 ver-

1048 2836 1106 2872 (τι)
1122 2837 1186 2867 Sur.
1201 2838 1294 2874 xcrx,
1315 2841 1338 2868 t.
