2083 3155
283 147 337 181 775
914 143 1063 174 NICETIE
1085 143 1289 173 BYZANTINI
1855 143 1907 176 776

285 213 294 229 ο
314 202 507 229 Pcrcurrentes
531 207 594 227 cum
618 199 728 230 latratu,
753 203 780 226 et
805 199 974 227 excutientcs
995 200 1060 227 scin-

1117 199 1319 234 ἐπιγέγραπται
1346 198 1407 233 μὲν,
1425 200 1476 232 Εἰς
1501 198 1555 226 τὸν
1569 198 1699 234 σεισμὸν
1715 198 1771 232 τῆς
1784 198 1850 233 γῆς.
1866 200 1907 226 ὅτι

280 249 363 281 tilias,
389 255 416 276 et
445 249 579 275 instantes
605 246 720 273 invicem
747 253 835 280 usque
857 246 892 273 ad
923 253 1060 278 auroram,

1117 244 1283 279 καταϐοήσει
1296 244 1350 270 τῶν
1366 243 1536 279 ἁμαρτωλῶν
1548 253 1555 260 ·
1573 244 1673 270 ὡσανεὶ
1696 244 1791 270 τούτου
1803 244 1846 270 διὰ
1859 245 1908 275 τὰς

280 299 307 321 et
331 294 473 321 turbantes
500 298 638 327 stagnum,
661 293 688 319 in
713 291 785 326 quod
815 296 929 318 vomunt
954 298 1060 318 omnes.

1116 289 1272 325 δυσφημίας
1298 290 1402 322 ταύτας
1418 290 1639 325 δεδικαιωμένου.
1669 289 1706 316 Τὸ
1731 289 1908 325 ἐνενηκοστὸν

279 337 359 365 Certe
370 338 451 364 homo
471 345 486 364 a
507 337 624 364 Domino
642 336 832 371 inseparabilis
844 340 896 364 est.
917 345 926 362 ι

1114 334 1209 363 ἔνατον
1222 335 1355 372 μυθάριον
1368 336 1425 371 (72)
1434 336 1637 372 ἐπιγέγραπται
1650 335 1767 371 μὲν,Εὶς
1778 335 1830 368 τὰς
1843 344 1909 369 τρε-ι

278 385 395 419 χούσας
406 392 413 400 ·
429 383 542 418 ἄρχεται
554 383 582 410 δὲ
598 382 628 415 ἐξ
640 384 722 418 ὅρκου
739 382 842 415 οὕτως·
859 393 869 408 ι
888 382 934 409 Μὰ
950 382 1000 414 τὰς
1019 381 1178 417 δραμούσας
1205 383 1234 409 ὲν
1250 382 1420 418 ὑλακτισμῷ,
1435 383 1481 410 καὶ
1497 383 1547 415 τὰς
1587 383 1792 414 ὲνδεικνυούσας
1822 391 1907 417 πυρο-

279 430 366 460 ϐόλια,
381 430 428 456 καὶ
444 430 662 464 περιπιπτοὺσας
678 430 718 461 είς
730 428 823 463 αὒγος,
837 428 884 455 καὶ
899 429 1065 463 ταράξαντες
1085 430 1124 461 είς
1139 429 1205 456 αὐτὸ
1220 429 1420 465 ὑδροστάτημα,
1437 429 1485 456 καὶ
1501 429 1648 464 ἐμέσαντες
1663 430 1704 460 εἰς
1733 428 1800 455 αὐτὸ
1839 429 1908 455 πάν-

278 484 322 505 τες
331 475 397 509 (75)·
412 475 425 501 ὁ
438 474 492 510 γὰρ
505 475 648 510 ἄνθρωπος
661 475 707 501 τοῦ
719 475 822 510 Κυρίου
834 474 985 510 ἁχώριστος
996 474 1063 510 (74).
1078 484 1088 502 ι

312 520 356 547 82.
374 519 528 548 Centesima
545 521 636 549 I‘abula
650 522 810 549 inscribitur
830 521 908 549 Care.
925 521 972 548 Sic
993 529 1058 549 vero

278 565 392 600 incipit:
413 576 422 592 ι
440 567 518 599 Care,
532 574 559 595 et
584 568 655 595 unde
678 568 748 595 scies
770 567 834 602 quid
853 567 887 594 sit
905 567 991 594 care?
1008 567 1060 594 nisi

1149 521 1206 556 πβ¹.
1218 521 1255 547 Τὸ
1274 520 1419 548 ἑκατοστὸν
1442 520 1575 556 μυθάριον
1594 519 1661 555 (75),
1684 519 1737 552 Εις
1761 519 1795 546 τὸ
1821 519 1903 553 κιιρὲ,

1114 567 1316 602 ἐπιγέγραπται
1327 575 1333 582 ·
1350 567 1464 602 ἄρχεται
1483 567 1511 593 δὲ
1527 566 1613 597 οὕτως
1625 574 1632 580 ·
1661 575 1670 592 ι
1685 566 1761 601 Καρὲ
1777 565 1846 600 (76),
1860 566 1906 592 καὶ

277 612 335 639 dics
350 613 377 639 in
390 620 442 647 qua
457 613 526 640 ﬁunt
546 614 673 642 homines
697 614 768 641 sicut
784 614 891 641 scabies
920 613 1028 640 diﬁ‘usa.
1048 622 1058 638 ι

276 658 431 686 Centesima
449 659 568 686 secunda
589 659 680 686 fabula
694 659 851 686 inscribitur
861 658 971 692 Alexar,
985 663 1011 686 et
1021 659 1061 685 sic

277 704 393 739 incipit:
410 713 420 730 ι
448 704 501 732 Per
524 705 636 737 alexar,
653 710 727 732 certe
747 705 830 732 homo
853 705 905 732 erit
929 705 955 731 in
985 704 1061 732 invo-

276 750 364 778 Iucro.
384 760 394 777 ›
412 750 567 778 Centesima
581 756 678 786 quarta
692 750 782 778 I‘abnla
799 751 957 779 inscribitur
971 751 1060 779 Soda-

275 794 312 821 les
326 795 483 830 elephantis.
499 795 546 823 Est
558 800 648 822 autem
665 796 763 831 exigua
775 800 801 823 et
813 797 976 824 miserabilis
991 797 1060 825 scri-

1114 611 1141 637 τί
1160 609 1229 643 οῑδες
1243 611 1269 638 τί
1281 612 1338 637 ἔστι
1352 612 1438 646 καρέ;
1467 611 1483 646 ἢ
1501 611 1593 646 ἡμέρα
1607 611 1636 637 ὲν
1682 611 1802 644 γίνονται
1823 611 1846 636 aI
1861 611 1906 637 ἄν·

1115 657 1220 691 Θρωποι
1234 657 1272 689 ὼς
1287 657 1365 691 ψώρα
1383 657 1438 692 (77)
1453 656 1651 691 διεσπαρμένη.
1673 665 1683 682 ›
1704 656 1741 681 Τὸ
1760 656 1905 682 ἑκατοστὸν

1114 702 1239 738 δεύτερον
1252 701 1384 738 μυθάριον
1400 702 1468 738 (78),
1480 703 1531 735 Εἰς
1547 702 1600 728 τὸν
1613 701 1737 735 ἀλέξαρ,
1754 701 1904 736 ἐπιγέγρα-

1114 756 1181 774 πται
1192 756 1200 764 ·
1215 747 1328 782 ἄρχεται
1341 747 1370 774 δὲ
1383 746 1469 779 οὕτως
1480 755 1488 763 ο
1507 756 1516 772 ι
1537 746 1585 774 Μὰ
1597 746 1643 772 τὸν
1665 745 1765 781 ἀλέξιρ
1781 746 1848 780 (79),
1863 746 1903 772 ὅτι

1112 794 1127 820 ὀ
1141 792 1285 828 ἄνθρωπός
1298 793 1371 819 ἐστιν
1385 793 1415 819 ὲν
1425 793 1562 827 εἱλήματι.
1576 801 1585 818 ι
1601 792 1637 818 Τὸ
1649 791 1794 818 ἑκατοστὸν
1807 793 1904 827 τέταρ-

275 841 426 874 ptiuncula.
450 841 604 868 Centesima
638 842 753 876 septima
783 841 874 869 fabula
900 842 1060 870 inscribitur

1109 849 1155 867 τον
1164 840 1296 876 μυθάριον
1303 839 1371 875 (80),
1381 840 1433 872 Εὶς
1439 838 1509 871 τοὺς
1521 838 1658 872 ἑταίρους
1665 838 1720 864 τοῦ
1726 836 1902 871 ἐλέφαντος-

276 886 438 918 Cahtharus,
451 891 478 913 et
491 886 532 914 sic
549 886 644 921 incipit
659 895 666 914 :
684 896 693 912 ι
714 887 770 915 Nos
789 887 913 915 dedimus
927 887 976 914 tibi
993 896 1058 915 cau-

276 933 397 959 lharum.
412 931 446 959 Et
464 939 511 959 ora
532 931 678 960 Dominum
709 937 806 960 tuum:
822 937 849 961 et
863 934 958 969 jugula
976 942 982 961 :
997 941 1059 961 nam

276 978 323 1012 qui
341 982 367 1005 te
379 978 446 1010 odit,
475 977 532 1013 ipse
554 979 734 1013 discerpetur.
754 988 763 1005 ι
785 980 945 1012 Quaeramus
969 985 1059 1008 autem

276 1023 309 1050 de
322 1023 464 1050 cantharo.
482 1024 637 1051 Centesima
652 1024 758 1052 decima
787 1025 880 1052 fabula
903 1025 1061 1053 inscribitur

276 1067 393 1102 Bulaap,
410 1076 489 1103 quem
504 1073 598 1103 utpote
610 1069 735 1104 iniquum
753 1069 780 1096 in
794 1069 856 1105 igne
868 1070 958 1104 peruri
975 1070 1061 1097 conﬁ-

277 1118 359 1147 tetur,
374 1121 459 1141 uxore
474 1114 533 1148 ejus
547 1113 686 1142 fornacem
700 1115 872 1143 incendente.
903 1115 1060 1144 Centesiina

277 1160 423 1187 undecima
438 1159 528 1192 fabula
543 1160 579 1187 ita
594 1167 624 1187 se
639 1160 740 1187 habet:
758 1159 831 1195 ιιι)ίο
841 1170 848 1188 :
860 1161 917 1196 ipse
930 1167 971 1190 est
987 1162 1060 1191 Deus

277 1212 348 1231 unus
362 1204 510 1239 ὁλόσφυρος
534 1205 581 1239 qui
599 1211 650 1231 nec
679 1204 772 1240 genuit
797 1212 847 1232 nec
872 1206 979 1240 genitus
1007 1211 1059 1238 est,

277 1258 328 1278 nec
355 1258 405 1285 par
433 1250 531 1285 aliquis
558 1250 610 1285 ipsi
634 1255 688 1278 est.
708 1259 717 1276 ι
747 1250 860 1278 Etiamsi
895 1252 1060 1279 vocabulum

275 1296 423 1330 ὀλύσφυρος
437 1303 491 1323 nou
517 1296 629 1323 denotet
643 1295 756 1330 sphaera:
772 1296 896 1331 ﬁguram,
921 1302 996 1324 certe
1018 1301 1060 1324 ta-

275 1349 337 1369 men
351 1341 485 1377 signiﬁcat
500 1341 614 1369 densum
624 1346 651 1368 et
663 1341 791 1373 solidum,
807 1349 868 1376 quae
881 1343 1004 1376 corporis
1018 1347 1061 1370 est

275 1388 384 1423 propria
402 1388 532 1423 qualitas.
553 1387 710 1415 Centesima
724 1387 886 1415 duodecima
902 1388 1061 1415 inscribitur

275 1434 444 1469 Confugium.
459 1433 505 1462 Est
516 1438 607 1461 autem
622 1434 792 1469 prmstigiosa
804 1434 984 1466 exclamatio;
998 1441 1059 1460 nam

275 1480 311 1506 ita
329 1487 358 1507 se
370 1479 450 1506 habet
471 1488 478 1507 :
499 1488 509 1505 ‹
530 1478 579 1507 Dic
594 1488 600 1505 :
616 1479 771 1514 confugiam
784 1478 818 1505 ad
832 1478 977 1505 Dominum
991 1478 1061 1506 dilu-

274 1524 346 1557 culi;
363 1532 378 1552 a
393 1525 463 1552 malo
481 1525 553 1559 quod
572 1525 617 1552 ille
630 1525 742 1556 creavit,
760 1532 775 1551 a
792 1524 864 1551 man
877 1524 963 1551 stellae
977 1523 1058 1558 jacu-

274 1570 366 1600 lantis.
386 1577 447 1597 cum
460 1569 621 1600 intenditur,
642 1577 657 1596 ει
670 1569 742 1596 malo
755 1573 900 1603 sputorum
916 1569 943 1595 in
959 1569 1057 1600 nodos,

251 1603 290 1642 ’τι
306 1616 379 1642 malo
396 1615 506 1642 invidia:
529 1615 686 1642 invidentis.
709 1624 718 1640 ι
735 1614 891 1641 Centesima
917 1614 995 1641 tertia
1012 1613 1059 1641 de-

274 1661 345 1687 cima
359 1660 461 1691 fabula,
479 1660 648 1694 praestigiosa
670 1660 734 1687 item
754 1659 917 1687 exclamatio
940 1665 992 1686 est.
1012 1658 1057 1686 In-

275 1706 403 1734 scribitur
412 1706 485 1732 enim
499 1713 576 1740 aeque
587 1705 756 1740 Confugiam,
773 1710 854 1740 atque
864 1706 901 1732 ita
915 1713 945 1732 se
955 1705 1034 1732 habet
1049 1714 1056 1732 :

278 1761 287 1777 ι
311 1751 473 1786 Coniugiam
489 1752 522 1779 ad
536 1752 678 1778 hominum
704 1751 861 1785 Dominum,
891 1759 982 1787 regem
1010 1752 1059 1778 ho-

275 1798 392 1829 minum,
418 1797 503 1824 Deum
534 1797 689 1830 hominum,
705 1805 720 1825 a
743 1798 814 1824 malo
839 1797 1058 1825 susurrationunt

275 1841 440 1874 daemonum,
457 1842 504 1876 qui
522 1847 667 1869 susurrant
688 1842 716 1869 in
742 1842 884 1869 hominum
913 1842 996 1870 corda
1018 1851 1026 1869 :
1043 1850 1058 1870 a

274 1886 447 1914 daemonibus
462 1890 489 1913 ct
502 1886 671 1914 hominibus.
696 1895 705 1912 ι
727 1887 816 1922 Atque
832 1887 874 1914 his
887 1886 977 1919 dictis,
996 1887 1060 1914 silet

275 1933 384 1959 demum
400 1937 454 1959 tota
471 1932 641 1960 Mohamedis
657 1932 824 1968 mythologia
844 1937 872 1960 et
886 1933 972 1967 fraus,
990 1941 1056 1961 con-

274 1986 371 2012 gruum
383 1978 544 2012 blasphemo
560 1978 638 2005 initio
660 1978 740 2005 ﬁnem
757 1979 910 2013 imponens.

1111 887 1169 914 ἔστι
1185 887 1214 914 δὲ
1230 887 1316 922 μικρὰ
1331 886 1378 913 καὶ
1390 886 1486 920 οἰκτρὰ
1498 884 1686 920 ματαιολογία.
1707 883 1744 910 Τὸ
1758 883 1903 910 έκατοστὶν

1110 932 1225 967 ἕϐδομον
1242 932 1384 967 μυθάριον,
1401 932 1454 964 Εἰς
1464 931 1519 957 τὸν
1532 930 1685 964 καύθαρον
1698 928 1754 964 (81)
1766 938 1772 944 ·
1787 928 1902 964 ἄρχεται

1110 978 1139 1005 δὲ
1155 977 1258 1009 οὕτως’
1279 987 1289 1004 ‹
1313 978 1408 1012 Ἡμεῖς
1427 976 1570 1012 ὲδώκαμέν
1587 984 1628 1003 σοι
1639 976 1685 1003 τὸν
1701 975 1837 1011 καύθαρον
1853 975 1902 1003 καὶ

1110 1022 1187 1057 εὖξαι
1205 1024 1274 1059 πρὸς
1286 1023 1333 1050 τὸν
1345 1022 1447 1058 Κύριόν
1462 1030 1520 1053 σου,
1535 1021 1583 1048 καὶ
1598 1021 1709 1056 σφάξον,
1731 1021 1772 1047 ὅτι
1787 1023 1800 1048 ὁ
1814 1021 1901 1056 μισῶν

1112 1078 1143 1096 σε
1158 1069 1239 1101 αὑτός
1254 1070 1328 1096 ἐστιν
1340 1070 1353 1096 ὁ
1366 1067 1598 1104 διχοτομημένος·
1618 1077 1628 1093 ι
1647 1067 1811 1103 ζητήσωμεν
1824 1067 1852 1093 δὲ
1868 1067 1902 1093 τὰ

1111 1115 1177 1150 περὶ
1195 1113 1242 1141 τοῦ
1268 1114 1415 1149 καυϐἀρου.
1444 1113 1481 1139 Τὸ
1506 1112 1652 1140 ἑκατοστὸν
1679 1113 1790 1140 δέκατον
1819 1112 1902 1146 μυθά-

1112 1169 1180 1196 ριον,
1195 1160 1246 1193 Εις
1257 1159 1310 1186 τὸν
1323 1159 1467 1186 Bavium:
1489 1157 1606 1193 (82-83),
1620 1158 1649 1185 ὃν
1660 1157 1752 1185 ἄδικον
1772 1158 1901 1192 γεγονότα

1111 1206 1140 1232 ἐν
1152 1205 1219 1240 πυρὶ
1239 1204 1365 1231 καίεσθαι
1386 1204 1523 1239 ὁμολογεῖ,
1535 1204 1584 1239 τῆς
1595 1204 1678 1231 αὑτοῦ
1692 1204 1819 1239 γυναικὸς
1835 1204 1901 1231 ὑπο-

1112 1251 1244 1286 καιούσης
1260 1250 1386 1285 κάμινον.
1399 1250 1436 1276 Τὸ
1456 1250 1600 1276 ἑκατοστὸν
1617 1249 1758 1277 ἑνδέκατον
1770 1250 1901 1285 μυθάριον

1109 1296 1167 1332 ἔχει
1180 1296 1266 1328 οὕτως
1275 1297 1340 1331 (84)’
1355 1306 1364 1322 ι
1378 1297 1454 1329 Εἰπὲ,
1463 1296 1544 1328 αὐτός
1557 1297 1614 1322 ἐστι
1626 1296 1692 1328 Θεὸς
1701 1295 1751 1328 εἷς,
1763 1296 1828 1329 Θεὸς
1840 1296 1900 1322 ὁλόο

1113 1352 1215 1378 σφυρος
1226 1350 1233 1358 ·
1247 1343 1298 1370 οὐκ
1309 1344 1464 1379 ἐγέννησεν,
1477 1343 1539 1369 οὐδὲ
1550 1342 1681 1378 ἐγεννήθη
1693 1351 1700 1358 ·
1716 1343 1776 1369 οὐδὲ
1792 1342 1900 1377 ἐγένετο

1111 1390 1203 1424 ὅμοιος
1214 1389 1288 1424 αὑτῷ
1299 1394 1306 1402 ·
1327 1398 1337 1414 ›
1353 1390 1376 1415 εί
1392 1389 1429 1424 μὴ
1441 1389 1472 1415 τὸ
1483 1389 1577 1424 σχῆμα
1589 1389 1638 1423 τῆς
1654 1388 1770 1424 σφαίρας
1785 1389 1859 1423 δηλοί
1871 1388 1902 1415 τὸ

1111 1435 1270 1470 ὸλόσφυρον,
1293 1435 1364 1462 ἀλλά
1379 1443 1410 1469 γε
1440 1435 1470 1461 τὸ
1498 1435 1599 1461 πυκνὸν
1628 1434 1676 1461 καὶ
1703 1435 1899 1469 πεπιλημένον,

1112 1482 1180 1517 ὅπερ
1195 1482 1242 1508 καὶ
1255 1481 1322 1508 αὐτὸ
1334 1481 1381 1508 τοῦ
1400 1481 1526 1517 σώματος
1542 1481 1607 1508 ἴδιον
1619 1481 1689 1516 (85).
1701 1481 1738 1508 Τὸ
1752 1481 1902 1508 δωδέκατον

1112 1528 1158 1554 καὶ
1177 1527 1321 1554 ἑκατοστὸν
1350 1528 1564 1562 ἐπιγέγραπται,
1588 1527 1640 1559 Εὶς
1667 1526 1700 1553 τὸ
1731 1526 1899 1561 φεύξομαι·

1112 1574 1169 1600 ἐστι
1184 1573 1212 1600 δὲ
1225 1573 1340 1609 γοητικὴ
1353 1572 1521 1607 ὲπιφὼνησις
1533 1582 1540 1588 ·
1556 1572 1612 1607 ἔχει
1621 1573 1675 1608 γὰρ
1685 1572 1786 1604 οὕτως·
1798 1581 1807 1597 ι
1821 1572 1899 1604 Εἰπὲ,

1112 1619 1247 1654 φεύξομαι
1261 1619 1300 1650 είς
1311 1619 1356 1645 τὸν
1371 1618 1473 1653 Κύριον
1482 1618 1529 1644 τοῦ
1541 1618 1757 1653 διαφαύσματος,
1771 1620 1803 1645 ἐκ
1814 1619 1898 1646 κακοῦ

1111 1663 1157 1690 τοῦ
1178 1664 1277 1690 ἔπλασε
1294 1663 1360 1698 (86),
1377 1663 1425 1690 καὶ
1448 1664 1479 1690 ὲκ
1501 1663 1589 1690 κακοῦ
1606 1663 1655 1696 τῆς
1673 1664 1847 1699 ἀστροτοξὶας
1861 1665 1898 1691 ὅτ’

1110 1707 1144 1734 ἂν
1160 1708 1332 1743 ἐκτείνηται·
1350 1708 1397 1734 καὶ
1411 1709 1443 1734 ὲκ
1461 1708 1546 1734 κακοῦ
1563 1709 1767 1743 ὲμπτυσμάτων
1779 1710 1819 1741 είς
1836 1711 1899 1740 τοὺς

1109 1754 1228 1788 κύμϐους
1252 1753 1328 1789 (87)·
1354 1754 1402 1781 καὶ
1420 1754 1453 1780 ἐκ
1467 1754 1553 1781 κακοῦ
1582 1753 1680 1788 φθόνου
1695 1755 1866 1789 φθονοῦντος.
1885 1765 1896 1781 ›

1109 1799 1164 1826 Καὶ
1177 1800 1208 1826 τὸ
1222 1799 1366 1826 ἑκατοστὸν
1379 1800 1605 1835 τρισκαιδέκατον
1626 1800 1768 1837 μυθάριον,
1782 1802 1897 1837 γοητική

1109 1844 1183 1870 ἐστιν
1203 1844 1388 1879 έπιφὼνησιςσ
1404 1845 1606 1879 ἐπιγέγραπται
1621 1846 1686 1880 γὰρ,
1710 1847 1761 1878 Εἰς
1780 1847 1812 1872 τὸ
1825 1847 1898 1880 φεύ-

1109 1889 1197 1924 ξομαι
1206 1889 1278 1924 (88)·
1294 1889 1349 1924 ἔχει
1367 1890 1397 1916 δὲ
1410 1889 1507 1922 οὓτως·
1529 1899 1538 1916 ι
1558 1891 1635 1924 Εἰπὲ,
1651 1891 1786 1926 φεύξομαι
1800 1893 1839 1923 είς
1852 1892 1897 1918 τὶν

1111 1935 1214 1970 Κύριον
1230 1935 1284 1962 τῶν
1299 1935 1461 1970 ἀνθρώπων,
1480 1935 1592 1970 βασιλέα
1617 1937 1780 1972 ἀνθρώπων,
1794 1938 1808 1964 ὀ
1828 1937 1894 1968 Θεὸς

1112 1980 1166 2008 τῶν
1182 1980 1334 2015 ἀνθρώπων
1346 1989 1353 1996 ·
1368 1982 1399 2007 ἐκ
1414 1981 1500 2008 κακοῦ
1511 1981 1719 2017 ψιθυρισμάτων
1736 1983 1789 2010 τῶν
1802 1983 1899 2017 δαιμό-

274 2033 326 2051 νων
336 2025 373 2056 είς
385 2024 434 2055 τὰς
449 2025 563 2060 καρδίας
578 2025 632 2051 τῶν
643 2024 805 2059 ἀνθρώπων,
819 2027 851 2052 ὲκ
861 2026 915 2052 τῶν
926 2026 1060 2061 δαιμόνων
1079 2027 1125 2054 καὶ
1144 2027 1306 2063 ἀνθρώπων.
1325 2037 1334 2053 ι
1349 2028 1403 2054 Καὶ
1416 2028 1445 2054 ὲν
1461 2027 1565 2059 τούτοις
1578 2028 1735 2063 πεφίμωται
1767 2028 1851 2055 αὑτοῦ
1880 2030 1898 2064 ή

274 2071 349 2097 πᾶσα
364 2069 510 2105 μυθολογία
522 2070 569 2096 καὶ
584 2070 705 2106 γοητεία,
717 2070 871 2109 πρόσφορον
882 2072 915 2106 τῇ
930 2071 1063 2106 δυσφήμῳ
1083 2072 1152 2108 ἀρχῇ
1168 2073 1373 2108 ἐπενεγκαμένη
1387 2073 1474 2105 τέλος.

309 2117 354 2144 85.
367 2117 422 2151 Age
436 2125 501 2144 vero
515 2124 548 2144 ex
564 2117 607 2145 his
621 2117 750 2145 omnibus
762 2125 809 2151 per
820 2125 880 2152 quae
892 2117 1060 2146 Mohamedis

1147 2123 1203 2154 πγ¹.
1224 2121 1270 2147 Ἐκ
1280 2121 1308 2147 δὲ
1320 2121 1428 2147 πάντων
1448 2120 1502 2147 τῶν
1518 2121 1751 2157 παραληφθέντων
1767 2123 1806 2153 είς
1817 2122 1898 2157 ὅρκον

274 2163 346 2190 Deus
356 2163 441 2198 jurat,
454 2162 533 2190 I‘acile
544 2167 586 2190 est
595 2170 771 2198 cognoscere,
780 2163 890 2198 quinam
904 2163 982 2191 istius
990 2163 1060 2192 Deus

1113 2165 1152 2201 τῷ
1168 2165 1213 2192 τοῦ
1228 2166 1351 2200 Μωάμετ
1358 2165 1428 2200 Θεῷ,
1443 2166 1507 2201 ῥᾷόν
1520 2166 1577 2193 ἐστι
1591 2167 1705 2193 συνιδεῖν
1720 2168 1762 2199 τίς
1774 2167 1896 2203 ὑπῆρχεν

275 2209 311 2235 sit
328 2217 335 2235 :
352 2208 407 2235 imo
425 2216 492 2236 vero
508 2216 556 2243 per
581 2208 655 2236 hunc
671 2209 863 2236 intermedium
880 2209 980 2237 multos
1002 2217 1060 2237 esse

1111 2212 1126 2238 ὁ
1142 2211 1237 2238 τούτου
1247 2211 1312 2243 Θεός
1323 2220 1330 2227 ·
1349 2212 1448 2246 μᾶλλον
1459 2212 1486 2238 δὲ
1502 2212 1546 2238 διὰ
1563 2212 1646 2247 μέσου
1660 2213 1755 2240 τούτου
1769 2215 1793 2239 οἱ
1804 2214 1896 2241 πολλοὶ

274 2254 360 2289 ipsius
371 2254 446 2286 deos,
458 2254 562 2288 absque
572 2254 626 2282 alio
638 2261 751 2287 prorsus
761 2260 922 2289 argumento
933 2259 1060 2290 apparet:

319 2321 363 2348 7:2)
384 2321 448 2348 Sur.
468 2321 499 2348 C.

511 2355 621 2383 Graecus
637 2360 726 2384 textus
740 2355 774 2383 ab
787 2355 915 2389 Arabico,
938 2360 968 2384 ut
984 2362 1056 2385 certe

271 2398 346 2417 nunc
366 2399 395 2418 se
407 2391 498 2417 habet.

307 2425 363 2460 (74)
377 2426 460 2452 Arab.
472 2426 602 2460 ingratus.
621 2426 714 2459 Itaque
730 2425 829 2459 (ϐπ-κω
852 2426 960 2453 videtur
985 2428 1055 2454 scri-

272 2459 392 2497 bcndum
410 2459 454 2497 11;)»
466 2459 561 2497 κυρίῳ
579 2461 724 2494 ἀχάριστος
743 2462 803 2496 (pro
817 2461 991 2497 ἀχώριστος),
1008 2463 1056 2488 ad-

271 2502 360 2530 versus
377 2494 518 2530 [germinum
533 2495 662 2530 ingratus.

319 2529 362 2563 75)
378 2528 441 2556 Sur.
456 2529 498 2556 (1|.

321 2563 365 2596 76)
381 2564 449 2591 Care
461 2564 613 2598 explicatur
624 2564 757 2598 pulsatrix
777 2565 802 2592 in
821 2564 864 2592 ed.
878 2564 1016 2593 Maraccii.

306 2599 362 2633 (77)
383 2599 531 2626 Maraccius
545 2600 661 2634 explicat
676 2608 734 2627 voc.
750 2601 832 2627 Arah.
851 2600 992 2628 locustam.
1010 2601 1054 2628 Si-

270 2633 381 2669 gniﬁcat
394 2634 474 2669 etiam
482 2668 485 2669 ν
493 2633 665 2669 papilionem.

305 2668 362 2704 (78)
376 2668 525 2704 βαι-10111,
542 2669 567 2695 I.

303 2705 360 2738 (79)
376 2703 500 2738 Intellige
510 2709 609 2738 tempus
624 2704 844 2738 pomeridianum.

305 2737 361 2771 (80)
378 2737 440 2764 Sur.
456 2737 511 2764 CV.

303 2772 360 2809 (81)
371 2772 436 2809 βυτ.
452 2772 542 2799 CVIII.
558 2772 623 2809 (30d.
640 2773 683 2799 hic
698 2777 723 2809 et
735 2773 803 2800 infra
812 2774 976 2809 ᾲκάνοαροη
1002 2774 1050 2802 sed

270 2807 349 2833 tertio
370 2807 429 2833 loco
449 2813 520 2834 recte
534 2814 548 2833 a
563 2807 581 2833 2
593 2815 630 2833 m.
647 2807 795 2837 κανθάρου.
811 2807 858 2835 Est
874 2807 964 2836 autem
989 2817 1050 2837 con-

270 2846 390 2869 troversa
405 2842 460 2870 haec
478 2849 529 2870 vox
542 2842 658 2870 Arabica
669 2850 681 2875 ;.
696 2842 776 2878 vuigo
791 2848 880 2874 tamen
890 2844 1049 2879 intelligitur

1113 2256 1195 2283 αὑτοῦ
1219 2256 1291 2283 θεοί·
1311 2257 1358 2284 καὶ
1377 2257 1438 2292 δίχα
1457 2258 1556 2290 παντὸς
1580 2258 1673 2294 ἑτέρου
1692 2259 1803 2295 ἐλέγχου
1814 2256 1851 2287 ὧν
1865 2268 1895 2286 τε

1111 2323 1391 2366 “gemmatis-

1146 2359 1245 2396 βατεῖν)
1260 2359 1381 2396 Fuitbic
1395 2360 1564 2390 Mohamedis
1578 2365 1706 2396 patruus.

1143 2393 1265 2428 (84)Sur.
1280 2394 1347 2422 CIX.

1140 2428 1271 2468 (85)_Su_r.
1288 2429 1380 2456 CXIII.
1398 2445 1431 2468 ᾔ
1445 2430 1495 2457 Hic
1508 2431 1617 2468 demum
1637 2432 1678 2460 vel
1701 2433 1811 2468 proprio
1832 2439 1893 2462 stu-

1104 2463 1150 2490 dio
1166 2463 1210 2499 vel
1223 2464 1310 2499 aliena
1332 2465 1482 2492 monitione
1505 2467 1638 2499 eruditus,
1657 2463 1890 2497 ver‘um‘vocabuli

1104 2498 1213 2539 Arabici
1227 2498 1409 2534 signiﬁcatum
1435 2498 1693 2539 agnoscityicctas,
1711 2504 1893 2539 emendatque

1104 2533 1185 2560 tacite
1195 2533 1314 2561 errorem
1324 2542 1402 2568 quem
1414 2533 1486 2562 retro
1495 2536 1625 2597 (colJOS)
1636 2537 1791 2571 scripserat.
1799 2533 1893 2566 Gram-

1104 2568 1237 2595 maticalis
1253 2576 1317 2597 ergo
1332 2569 1406 2596 illius
1430 2577 1495 2597 voca
1509 2571 1555 2597 ‘uIi
1570 2578 1666 2597 sensus
1680 2577 1721 2597 est
1736 2573 1832 2597 densus
1849 2575 1890 2597 vpt

1103 2568 1237 2595 maticalis
1253 2576 1317 2603 ergo
1332 2569 1406 2596 illius
1430 2568 1555 2597 vocabuli
1570 2568 1666 2599 sensus
1680 2568 1721 2599 e'st
1736 2573 1832 2600 densus
1849 2575 1891 2602 vel

1102 2603 1215 2634 solidus,
1242 2604 1288 2642 sed
1318 2604 1398 2642 quasi
1414 2606 1600 2642 metaphorice
1632 2607 1712 2633 etiam
1740 2614 1888 2642 perpetuus,

1103 2638 1374 2677 quatenusudissolvi
1401 2638 1520 2677 nequit.__
1532 2640 1694 2677 Peccaverat
1718 2638 1830 2677 insuper
1843 2638 1889 2669 Ni?

1102 2673 1413 2713 cct’asnsc‘ribensncitato
1421 2675 1486 2713 loco
1499 2674 1658 2710 ὁλόσφαιρος
1666 2683 1718 2713 pro
1729 2673 1887 2713 ρλόᾶφυρος.

1140 2705 1285 2745 (βωμοί).
1300 2707 1366 2745 dicit
1384 2705 1625 2745 del'cndensrsuatn
1639 2705 1886 2745 rréprehens'ioneni

1105 2741 1169 2776 (col.
1184 2741 1246 2781 705)
1262 2741 1439 2777 Mohamedis,
1463 2744 1510 2778 qui
1537 2744 1621 2772 IIeuIn
1633 2741 1731 2774 fecisse
1746 2747 1889 2775 videbatur

1105 2777 1281 2802 materialem.

1103 2781 1281 2804 materiatem.

1211 2811 1331 2852 Lntclligt:
1345 2813 1521 2852 superstiosge
1534 2813 1722 2852 fascinationis
1742 2824 1837 2852 genus.
1850 2831 1886 2837 -—-

1139 2847 1195 2881 (88)
1211 2845 1366 2874 Ειὶαιῐίὴοο
1379 2845 1406 2874 et
1423 2855 1480 2882 seq.
1498 2849 1558 2877 loco
1573 2850 1658 2878 codex
1673 2845 1812 2887 φείσόμαι.
