  <div class='ocr_page' id='page_1' title='image "/cluster/home/n/w/nwhite01/storage/ocr_20150623/105/njp.32101077772893/450.png"; bbox 0 0 2083 3155; ppageno 0'>
   <div class='ocr_carea' id='block_1_1' title="bbox 224 160 276 192">
    <p class='ocr_par' dir='ltr' id='par_1_1' title="bbox 224 160 276 192">
     <span class='ocr_line' id='line_1_1' title="bbox 224 160 276 192; baseline -0.019 0"><span class='ocrx_word' id='word_1_1' title='bbox 224 160 276 192; x_wconf 85' lang='grc' dir='ltr'><strong>ΤΠ</strong></span> 
     </span>
    </p>
   </div>
   <div class='ocr_carea' id='block_1_2' title="bbox 785 122 1266 184">
    <p class='ocr_par' dir='ltr' id='par_1_2' title="bbox 785 122 1266 184">
     <span class='ocr_line' id='line_1_2' title="bbox 785 122 1266 184; baseline -0.012 0"><span class='ocrx_word' id='word_1_2' title='bbox 785 150 1003 184; x_wconf 81' lang='lat' dir='ltr'><strong>REFUTATIO</strong></span> <span class='ocrx_word' id='word_1_3' title='bbox 1027 122 1266 180; x_wconf 61' lang='lat' dir='ltr'><strong>hiOHAMEDIS.</strong></span> 
     </span>
    </p>
   </div>
   <div class='ocr_carea' id='block_1_3' title="bbox 1797 143 1852 177">
    <p class='ocr_par' dir='ltr' id='par_1_3' title="bbox 1797 143 1852 177">
     <span class='ocr_line' id='line_1_3' title="bbox 1797 143 1852 177; baseline 0 -1"><span class='ocrx_word' id='word_1_4' title='bbox 1797 143 1852 177; x_wconf 73' lang='grc' dir='ltr'>πε</span> 
     </span>
    </p>
   </div>
   <div class='ocr_carea' id='block_1_4' title="bbox 222 203 1023 253">
    <p class='ocr_par' dir='ltr' id='par_1_4' title="bbox 222 207 1016 253">
     <span class='ocr_line' id='line_1_4' title="bbox 222 207 1016 253; baseline -0.013 -9"><span class='ocrx_word' id='word_1_5' title='bbox 222 220 262 250; x_wconf 80' lang='grc' dir='ltr'><strong>εἰς</strong></span> <span class='ocrx_word' id='word_1_6' title='bbox 284 216 334 253; x_wconf 82' lang='grc' dir='ltr'>τὴν</span> <span class='ocrx_word' id='word_1_7' title='bbox 357 215 433 242; x_wconf 79' lang='grc' dir='ltr'>θείαν</span> <span class='ocrx_word' id='word_1_8' title='bbox 452 213 566 250; x_wconf 79' lang='grc' dir='ltr'>Γραφὴν</span> <span class='ocrx_word' id='word_1_9' title='bbox 585 212 760 248; x_wconf 82' lang='grc' dir='ltr'>παρῴνησεν,</span> <span class='ocrx_word' id='word_1_10' title='bbox 776 208 814 238; x_wconf 78' lang='grc' dir='ltr'>ὢν</span> <span class='ocrx_word' id='word_1_11' title='bbox 836 218 865 237; x_wconf 84' lang='grc' dir='ltr'><strong>τε</strong></span> <span class='ocrx_word' id='word_1_12' title='bbox 882 208 953 237; x_wconf 82' lang='grc' dir='ltr'>κατὰ</span> <span class='ocrx_word' id='word_1_13' title='bbox 966 207 1016 242; x_wconf 77' lang='grc' dir='ltr'><strong>τῆς</strong></span> 
     </span>
    </p>
   </div>
   <div class='ocr_carea' id='block_1_5' title="bbox 1075 203 1850 253">
    <p class='ocr_par' dir='ltr' id='par_1_5' title="bbox 1075 203 1850 241">
     <span class='ocr_line' id='line_1_5' title="bbox 1075 203 1850 241; baseline -0.004 -8"><span class='ocrx_word' id='word_1_14' title='bbox 1075 214 1125 234; x_wconf 78' lang='lat' dir='ltr'><strong>,um</strong></span> <span class='ocrx_word' id='word_1_15' title='bbox 1149 207 1214 241; x_wconf 86' lang='lat' dir='ltr'><strong>quia</strong></span> <span class='ocrx_word' id='word_1_16' title='bbox 1241 204 1375 233; x_wconf 90' lang='lat' dir='ltr'><strong>adversus</strong></span> <span class='ocrx_word' id='word_1_17' title='bbox 1402 211 1510 232; x_wconf 85' lang='lat' dir='ltr'><strong>sacram</strong></span> <span class='ocrx_word' id='word_1_18' title='bbox 1536 203 1706 240; x_wconf 86' lang='lat' dir='ltr'><strong>Scripturam</strong></span> <span class='ocrx_word' id='word_1_19' title='bbox 1728 204 1850 238; x_wconf 77' lang='lat' dir='ltr'><strong>insaniit,</strong></span> 
     </span>
    </p>
   </div>
   <div class='ocr_carea' id='block_1_6' title="bbox 222 254 1012 298">
    <p class='ocr_par' dir='ltr' id='par_1_6' title="bbox 222 254 1012 298">
     <span class='ocr_line' id='line_1_6' title="bbox 222 254 1012 298; baseline -0.013 -8"><span class='ocrx_word' id='word_1_20' title='bbox 222 263 301 298; x_wconf 76' lang='grc' dir='ltr'>δόξὴς</span> <span class='ocrx_word' id='word_1_21' title='bbox 311 262 358 288; x_wconf 84' lang='grc' dir='ltr'><strong>τοῦ</strong></span> <span class='ocrx_word' id='word_1_22' title='bbox 370 261 437 287; x_wconf 81' lang='grc' dir='ltr'>Θεοῦ</span> <span class='ocrx_word' id='word_1_23' title='bbox 447 260 590 295; x_wconf 73' lang='grc' dir='ltr'><strong>ἠσέϐησεν,</strong></span> <span class='ocrx_word' id='word_1_24' title='bbox 604 255 641 286; x_wconf 83' lang='grc' dir='ltr'>ὧν</span> <span class='ocrx_word' id='word_1_25' title='bbox 656 267 686 284; x_wconf 87' lang='grc' dir='ltr'><strong>τε</strong></span> <span class='ocrx_word' id='word_1_26' title='bbox 710 258 779 284; x_wconf 74' lang='grc' dir='ltr'>κατὰ</span> <span class='ocrx_word' id='word_1_27' title='bbox 792 257 847 283; x_wconf 84' lang='grc' dir='ltr'>τῶν</span> <span class='ocrx_word' id='word_1_28' title='bbox 862 256 948 289; x_wconf 82' lang='grc' dir='ltr'>ἁγίων</span> <span class='ocrx_word' id='word_1_29' title='bbox 963 254 1012 281; x_wconf 82' lang='grc' dir='ltr'>αύ-</span> 
     </span>
    </p>
   </div>
   <div class='ocr_carea' id='block_1_7' title="bbox 222 300 1012 342">
    <p class='ocr_par' dir='ltr' id='par_1_7' title="bbox 222 300 1012 342">
     <span class='ocr_line' id='line_1_7' title="bbox 222 300 1012 342; baseline -0.014 -5"><span class='ocrx_word' id='word_1_30' title='bbox 222 309 270 337; x_wconf 83' lang='grc' dir='ltr'><strong>τοῦ</strong></span> <span class='ocrx_word' id='word_1_31' title='bbox 298 308 421 342; x_wconf 79' lang='grc' dir='ltr'>ἀγγέλων</span> <span class='ocrx_word' id='word_1_32' title='bbox 450 307 635 341; x_wconf 80' lang='grc' dir='ltr'>ὲδυσφήμησε,</span> <span class='ocrx_word' id='word_1_33' title='bbox 663 305 713 339; x_wconf 85' lang='grc' dir='ltr'><strong>τῆς</strong></span> <span class='ocrx_word' id='word_1_34' title='bbox 736 312 766 330; x_wconf 88' lang='grc' dir='ltr'><strong>τε</strong></span> <span class='ocrx_word' id='word_1_35' title='bbox 793 303 903 338; x_wconf 77' lang='grc' dir='ltr'>βαθείας</span> <span class='ocrx_word' id='word_1_36' title='bbox 930 300 1012 327; x_wconf 84' lang='grc' dir='ltr'>αὑτοῦ</span> 
     </span>
    </p>
   </div>
   <div class='ocr_carea' id='block_1_8' title="bbox 201 347 1013 389">
    <p class='ocr_par' dir='ltr' id='par_1_8' title="bbox 201 347 1013 389">
     <span class='ocr_line' id='line_1_8' title="bbox 201 347 1013 389; baseline -0.012 -7"><span class='ocrx_word' id='word_1_37' title='bbox 201 361 205 364; x_wconf 84' lang='grc'><em>’</em></span> <span class='ocrx_word' id='word_1_38' title='bbox 224 355 373 389; x_wconf 75' lang='grc' dir='ltr'>ἀγνωσίας,</span> <span class='ocrx_word' id='word_1_39' title='bbox 388 353 435 380; x_wconf 75' lang='grc' dir='ltr'><strong>καὶ</strong></span> <span class='ocrx_word' id='word_1_40' title='bbox 456 353 558 384; x_wconf 84' lang='grc' dir='ltr'><strong>ἁπλῶς,</strong></span> <span class='ocrx_word' id='word_1_41' title='bbox 585 352 622 383; x_wconf 77' lang='grc' dir='ltr'>ὡς</span> <span class='ocrx_word' id='word_1_42' title='bbox 638 351 715 386; x_wconf 82' lang='grc' dir='ltr'>ἔφην,</span> <span class='ocrx_word' id='word_1_43' title='bbox 732 350 801 385; x_wconf 71' lang='grc' dir='ltr'>ιδίχα</span> <span class='ocrx_word' id='word_1_44' title='bbox 825 348 895 379; x_wconf 67' lang='grc' dir='ltr'>τινος</span> <span class='ocrx_word' id='word_1_45' title='bbox 920 347 1013 381; x_wconf 82' lang='grc' dir='ltr'>ἑτέρου</span> 
     </span>
    </p>
   </div>
   <div class='ocr_carea' id='block_1_9' title="bbox 225 392 1013 435">
    <p class='ocr_par' dir='ltr' id='par_1_9' title="bbox 225 392 1013 435">
     <span class='ocr_line' id='line_1_9' title="bbox 225 392 1013 435; baseline -0.013 -8"><span class='ocrx_word' id='word_1_46' title='bbox 225 401 338 435; x_wconf 73' lang='grc' dir='ltr'>ἐλέγχου</span> <span class='ocrx_word' id='word_1_47' title='bbox 354 398 488 435; x_wconf 82' lang='grc' dir='ltr'>ἀριδήλως</span> <span class='ocrx_word' id='word_1_48' title='bbox 510 396 747 432; x_wconf 82' lang='grc' dir='ltr'>κτισματολάτρης</span> <span class='ocrx_word' id='word_1_49' title='bbox 773 395 820 421; x_wconf 79' lang='grc' dir='ltr'><strong>καὶ</strong></span> <span class='ocrx_word' id='word_1_50' title='bbox 839 392 1013 427; x_wconf 77' lang='grc' dir='ltr'><strong>δεισιδαίμων</strong></span> 
     </span>
    </p>
   </div>
   <div class='ocr_carea' id='block_1_10' title="bbox 225 437 1014 481">
    <p class='ocr_par' dir='ltr' id='par_1_10' title="bbox 225 437 1014 481">
     <span class='ocr_line' id='line_1_10' title="bbox 225 437 1014 481; baseline -0.013 -8"><span class='ocrx_word' id='word_1_51' title='bbox 225 446 357 481; x_wconf 81' lang='grc' dir='ltr'><strong>ὑπάρχων</strong></span> <span class='ocrx_word' id='word_1_52' title='bbox 379 444 637 478; x_wconf 78' lang='grc' dir='ltr'>καταλαμὸάνεται·</span> <span class='ocrx_word' id='word_1_53' title='bbox 656 442 704 469; x_wconf 68' lang='grc' dir='ltr'><strong>καὶ</strong></span> <span class='ocrx_word' id='word_1_54' title='bbox 721 442 808 476; x_wconf 83' lang='grc' dir='ltr'><strong>μάτην</strong></span> <span class='ocrx_word' id='word_1_55' title='bbox 827 437 1014 475; x_wconf 81' lang='grc' dir='ltr'>μεγαλαυχοῦ-</span> 
     </span>
    </p>
   </div>
   <div class='ocr_carea' id='block_1_11' title="bbox 225 483 1015 525">
    <p class='ocr_par' dir='ltr' id='par_1_11' title="bbox 225 483 1015 525">
     <span class='ocr_line' id='line_1_11' title="bbox 225 483 1015 525; baseline -0.013 -6"><span class='ocrx_word' id='word_1_56' title='bbox 225 501 268 519; x_wconf 87' lang='grc' dir='ltr'><strong>σιν</strong></span> <span class='ocrx_word' id='word_1_57' title='bbox 287 492 311 518; x_wconf 77' lang='grc' dir='ltr'>οἱ</span> <span class='ocrx_word' id='word_1_58' title='bbox 330 491 438 525; x_wconf 84' lang='grc' dir='ltr'>ἀνόητοι</span> <span class='ocrx_word' id='word_1_59' title='bbox 458 489 621 524; x_wconf 71' lang='grc' dir='ltr'>Σαρακηνοὶ,</span> <span class='ocrx_word' id='word_1_60' title='bbox 651 488 697 514; x_wconf 78' lang='grc' dir='ltr'><strong>ἐπὶ</strong></span> <span class='ocrx_word' id='word_1_61' title='bbox 721 487 760 521; x_wconf 81' lang='grc' dir='ltr'><strong>τῷ</strong></span> <span class='ocrx_word' id='word_1_62' title='bbox 774 486 852 520; x_wconf 82' lang='grc' dir='ltr'>γόητι</span> <span class='ocrx_word' id='word_1_63' title='bbox 879 485 966 519; x_wconf 85' lang='grc' dir='ltr'>τούτῳ</span> <span class='ocrx_word' id='word_1_64' title='bbox 978 483 1015 515; x_wconf 77' lang='grc' dir='ltr'><strong>ὡς</strong></span> 
     </span>
    </p>
   </div>
   <div class='ocr_carea' id='block_1_12' title="bbox 225 530 1016 572">
    <p class='ocr_par' dir='ltr' id='par_1_12' title="bbox 225 530 1016 572">
     <span class='ocr_line' id='line_1_12' title="bbox 225 530 1016 572; baseline -0.011 -8"><span class='ocrx_word' id='word_1_65' title='bbox 225 537 356 572; x_wconf 73' lang='grc' dir='ltr'>ἀληθινὴν</span> <span class='ocrx_word' id='word_1_66' title='bbox 370 536 469 567; x_wconf 80' lang='grc' dir='ltr'>αὐτοὺς</span> <span class='ocrx_word' id='word_1_67' title='bbox 486 535 651 569; x_wconf 80' lang='grc' dir='ltr'>Θεογνωσίαν</span> <span class='ocrx_word' id='word_1_68' title='bbox 666 533 815 565; x_wconf 76' lang='grc' dir='ltr'>διδάξαντι⁸</span> <span class='ocrx_word' id='word_1_69' title='bbox 830 530 1016 566; x_wconf 77' lang='grc' dir='ltr'><strong>προκάλυμμα</strong></span> 
     </span>
    </p>
   </div>
   <div class='ocr_carea' id='block_1_13' title="bbox 226 577 1013 618">
    <p class='ocr_par' dir='ltr' id='par_1_13' title="bbox 226 577 1013 618">
     <span class='ocr_line' id='line_1_13' title="bbox 226 577 1013 618; baseline -0.01 -9"><span class='ocrx_word' id='word_1_70' title='bbox 226 584 281 618; x_wconf 85' lang='grc' dir='ltr'>γὰρ</span> <span class='ocrx_word' id='word_1_71' title='bbox 304 583 383 618; x_wconf 80' lang='grc' dir='ltr'>μόνον</span> <span class='ocrx_word' id='word_1_72' title='bbox 410 581 439 608; x_wconf 79' lang='grc' dir='ltr'><strong>τὸ</strong></span> <span class='ocrx_word' id='word_1_73' title='bbox 457 582 503 606; x_wconf 89' lang='grc' dir='ltr'><strong>τοῦ</strong></span> <span class='ocrx_word' id='word_1_74' title='bbox 523 580 603 615; x_wconf 86' lang='grc' dir='ltr'>μόνου</span> <span class='ocrx_word' id='word_1_75' title='bbox 619 579 686 605; x_wconf 84' lang='grc' dir='ltr'>Θεοῦ</span> <span class='ocrx_word' id='word_1_76' title='bbox 715 577 892 612; x_wconf 75' lang='grc' dir='ltr'>περιεϐάλετο</span> <span class='ocrx_word' id='word_1_77' title='bbox 912 577 1013 610; x_wconf 77' lang='grc' dir='ltr'>δνομα·</span> 
     </span>
    </p>
   </div>
   <div class='ocr_carea' id='block_1_14' title="bbox 227 621 1016 661">
    <p class='ocr_par' dir='ltr' id='par_1_14' title="bbox 227 621 1016 661">
     <span class='ocr_line' id='line_1_14' title="bbox 227 621 1016 661; baseline -0.01 -6"><span class='ocrx_word' id='word_1_78' title='bbox 227 630 299 656; x_wconf 72' lang='grc' dir='ltr'>κατὰ</span> <span class='ocrx_word' id='word_1_79' title='bbox 312 629 340 654; x_wconf 83' lang='grc' dir='ltr'>δὲ</span> <span class='ocrx_word' id='word_1_80' title='bbox 361 628 391 654; x_wconf 82' lang='grc' dir='ltr'><strong>τὸ</strong></span> <span class='ocrx_word' id='word_1_81' title='bbox 409 626 521 661; x_wconf 77' lang='grc' dir='ltr'><strong>λεληθὸς</strong></span> <span class='ocrx_word' id='word_1_82' title='bbox 543 625 806 660; x_wconf 85' lang='grc' dir='ltr'>κτισματολατρεῐαν</span> <span class='ocrx_word' id='word_1_83' title='bbox 824 623 872 649; x_wconf 78' lang='grc' dir='ltr'>καὶ</span> <span class='ocrx_word' id='word_1_84' title='bbox 895 621 1016 656; x_wconf 86' lang='grc' dir='ltr'>Ἐλληνι-</span> 
     </span>
    </p>
   </div>
   <div class='ocr_carea' id='block_1_15' title="bbox 228 667 1017 710">
    <p class='ocr_par' dir='ltr' id='par_1_15' title="bbox 228 667 1017 710">
     <span class='ocr_line' id='line_1_15' title="bbox 228 667 1017 710; baseline -0.01 -9"><span class='ocrx_word' id='word_1_85' title='bbox 228 675 296 710; x_wconf 72' lang='grc' dir='ltr'>σμδν</span> <span class='ocrx_word' id='word_1_86' title='bbox 312 674 403 704; x_wconf 74' lang='grc' dir='ltr'>αὐτοῖς</span> <span class='ocrx_word' id='word_1_87' title='bbox 424 673 602 707; x_wconf 76' lang='grc' dir='ltr'>είσηγήσατο’</span> <span class='ocrx_word' id='word_1_88' title='bbox 620 671 666 697; x_wconf 71' lang='grc' dir='ltr'><strong>καὶ</strong></span> <span class='ocrx_word' id='word_1_89' title='bbox 677 671 766 704; x_wconf 80' lang='grc' dir='ltr'>δῆλον,</span> <span class='ocrx_word' id='word_1_90' title='bbox 783 670 820 700; x_wconf 81' lang='grc' dir='ltr'><strong>ὼς</strong></span> <span class='ocrx_word' id='word_1_91' title='bbox 832 669 909 704; x_wconf 73' lang='grc' dir='ltr'>ἔφην,</span> <span class='ocrx_word' id='word_1_92' title='bbox 919 669 950 694; x_wconf 81' lang='grc' dir='ltr'>ὲκ</span> <span class='ocrx_word' id='word_1_93' title='bbox 964 667 1017 693; x_wconf 85' lang='grc' dir='ltr'>τῶν</span> 
     </span>
    </p>
   </div>
   <div class='ocr_carea' id='block_1_16' title="bbox 227 713 1018 752">
    <p class='ocr_par' dir='ltr' id='par_1_16' title="bbox 227 713 1018 752">
     <span class='ocr_line' id='line_1_16' title="bbox 227 713 1018 752; baseline -0.011 -5"><span class='ocrx_word' id='word_1_94' title='bbox 227 721 357 748; x_wconf 76' lang='grc' dir='ltr'><strong>τοιούτων</strong></span> <span class='ocrx_word' id='word_1_95' title='bbox 385 720 466 745; x_wconf 75' lang='grc' dir='ltr'>αὐτοῦ</span> <span class='ocrx_word' id='word_1_96' title='bbox 487 719 594 752; x_wconf 79' lang='grc' dir='ltr'>ὅρκων·</span> <span class='ocrx_word' id='word_1_97' title='bbox 624 717 683 747; x_wconf 78' lang='grc' dir='ltr'><strong>πῶς</strong></span> <span class='ocrx_word' id='word_1_98' title='bbox 706 716 759 751; x_wconf 83' lang='grc' dir='ltr'>γὰρ</span> <span class='ocrx_word' id='word_1_99' title='bbox 786 713 819 750; x_wconf 85' lang='grc' dir='ltr'>ἦν</span> <span class='ocrx_word' id='word_1_100' title='bbox 836 714 947 741; x_wconf 72' lang='grc' dir='ltr'>δυνατὸν</span> <span class='ocrx_word' id='word_1_101' title='bbox 972 713 1018 739; x_wconf 71' lang='grc' dir='ltr'>τὸν</span> 
     </span>
    </p>
   </div>
   <div class='ocr_carea' id='block_1_17' title="bbox 228 759 1018 802">
    <p class='ocr_par' dir='ltr' id='par_1_17' title="bbox 228 759 1018 802">
     <span class='ocr_line' id='line_1_17' title="bbox 228 759 1018 802; baseline -0.01 -9"><span class='ocrx_word' id='word_1_102' title='bbox 228 766 317 802; x_wconf 78' lang='grc' dir='ltr'><strong>ἀληθῆ</strong></span> <span class='ocrx_word' id='word_1_103' title='bbox 334 766 401 792; x_wconf 73' lang='grc' dir='ltr'>Θεὸν</span> <span class='ocrx_word' id='word_1_104' title='bbox 416 764 536 800; x_wconf 79' lang='grc' dir='ltr'><strong>ὀμνύντα</strong></span> <span class='ocrx_word' id='word_1_105' title='bbox 552 763 622 790; x_wconf 85' lang='grc' dir='ltr'>κατὰ</span> <span class='ocrx_word' id='word_1_106' title='bbox 638 763 718 793; x_wconf 79' lang='grc' dir='ltr'>κυνὸς</span> <span class='ocrx_word' id='word_1_107' title='bbox 732 760 875 796; x_wconf 88' lang='grc' dir='ltr'>δρομικοῦ,</span> <span class='ocrx_word' id='word_1_108' title='bbox 892 760 938 786; x_wconf 73' lang='grc' dir='ltr'><strong>καὶ</strong></span> <span class='ocrx_word' id='word_1_109' title='bbox 956 759 1018 785; x_wconf 81' lang='grc' dir='ltr'>σκό-</span> 
     </span>
    </p>
   </div>
   <div class='ocr_carea' id='block_1_18' title="bbox 228 803 1018 846">
    <p class='ocr_par' dir='ltr' id='par_1_18' title="bbox 228 803 1018 846">
     <span class='ocr_line' id='line_1_18' title="bbox 228 803 1018 846; baseline -0.01 -8"><span class='ocrx_word' id='word_1_110' title='bbox 228 821 292 844; x_wconf 81' lang='grc' dir='ltr'>τους</span> <span class='ocrx_word' id='word_1_111' title='bbox 314 809 471 846; x_wconf 80' lang='grc' dir='ltr'><strong>νυκτερινοῦ</strong></span> <span class='ocrx_word' id='word_1_112' title='bbox 484 830 491 842; x_wconf 89' lang='grc'><strong>,</strong></span> <span class='ocrx_word' id='word_1_113' title='bbox 511 810 557 835; x_wconf 76' lang='grc' dir='ltr'><strong>καὶ</strong></span> <span class='ocrx_word' id='word_1_114' title='bbox 577 808 631 834; x_wconf 80' lang='grc' dir='ltr'><strong>τῶν</strong></span> <span class='ocrx_word' id='word_1_115' title='bbox 658 808 751 834; x_wconf 80' lang='grc' dir='ltr'>τούτου</span> <span class='ocrx_word' id='word_1_116' title='bbox 769 807 916 841; x_wconf 82' lang='grc' dir='ltr'>χειρόνων;</span> <span class='ocrx_word' id='word_1_117' title='bbox 948 803 1018 831; x_wconf 84' lang='grc' dir='ltr'>Ἀλλ’</span> 
     </span>
    </p>
   </div>
   <div class='ocr_carea' id='block_1_19' title="bbox 230 850 1019 892">
    <p class='ocr_par' dir='ltr' id='par_1_19' title="bbox 230 850 1019 892">
     <span class='ocr_line' id='line_1_19' title="bbox 230 850 1019 892; baseline -0.009 -9"><span class='ocrx_word' id='word_1_118' title='bbox 230 857 324 891; x_wconf 80' lang='grc' dir='ltr'>ἐπειδὴ</span> <span class='ocrx_word' id='word_1_119' title='bbox 354 856 483 892; x_wconf 75' lang='grc' dir='ltr'>φορτικὸς</span> <span class='ocrx_word' id='word_1_120' title='bbox 499 853 532 890; x_wconf 82' lang='grc' dir='ltr'>ἦν</span> <span class='ocrx_word' id='word_1_121' title='bbox 550 855 640 885; x_wconf 75' lang='grc' dir='ltr'>αὐτοῖς</span> <span class='ocrx_word' id='word_1_122' title='bbox 660 854 708 879; x_wconf 80' lang='grc' dir='ltr'>καὶ</span> <span class='ocrx_word' id='word_1_123' title='bbox 724 852 913 887; x_wconf 74' lang='grc' dir='ltr'>ἀπαράδεκτος</span> <span class='ocrx_word' id='word_1_124' title='bbox 933 851 963 882; x_wconf 77' lang='grc' dir='ltr'>ἐξ</span> <span class='ocrx_word' id='word_1_125' title='bbox 976 850 1019 876; x_wconf 76' lang='grc' dir='ltr'>εύ-</span> 
     </span>
    </p>
   </div>
   <div class='ocr_carea' id='block_1_20' title="bbox 231 898 1020 937">
    <p class='ocr_par' dir='ltr' id='par_1_20' title="bbox 231 898 1020 937">
     <span class='ocr_line' id='line_1_20' title="bbox 231 898 1020 937; baseline -0.008 -9"><span class='ocrx_word' id='word_1_126' title='bbox 231 903 306 933; x_wconf 84' lang='grc' dir='ltr'>θείας</span> <span class='ocrx_word' id='word_1_127' title='bbox 318 901 540 937; x_wconf 81' lang='grc' dir='ltr'>προτρεπόμενος</span> <span class='ocrx_word' id='word_1_128' title='bbox 553 900 650 930; x_wconf 74' lang='grc' dir='ltr'>αὐτοὺς</span> <span class='ocrx_word' id='word_1_129' title='bbox 669 898 810 933; x_wconf 81' lang='grc' dir='ltr'>λατρεύειν</span> <span class='ocrx_word' id='word_1_130' title='bbox 825 899 857 933; x_wconf 85' lang='grc' dir='ltr'>τῇ</span> <span class='ocrx_word' id='word_1_131' title='bbox 871 898 958 923; x_wconf 80' lang='grc' dir='ltr'>κτίσει</span> <span class='ocrx_word' id='word_1_132' title='bbox 974 898 1020 922; x_wconf 53' lang='grc' dir='ltr'>καὶ.</span> 
     </span>
    </p>
   </div>
   <div class='ocr_carea' id='block_1_21' title="bbox 231 943 1019 982">
    <p class='ocr_par' dir='ltr' id='par_1_21' title="bbox 231 943 1019 982">
     <span class='ocr_line' id='line_1_21' title="bbox 231 943 1019 982; baseline -0.008 -8"><span class='ocrx_word' id='word_1_133' title='bbox 231 949 287 979; x_wconf 84' lang='grc' dir='ltr'>τοῖς</span> <span class='ocrx_word' id='word_1_134' title='bbox 298 948 433 982; x_wconf 75' lang='grc' dir='ltr'>δαίμοσιν,</span> <span class='ocrx_word' id='word_1_135' title='bbox 453 946 661 981; x_wconf 77' lang='grc' dir='ltr'>προοιμιάζεται</span> <span class='ocrx_word' id='word_1_136' title='bbox 678 944 726 979; x_wconf 78' lang='grc' dir='ltr'><strong>μὲν</strong></span> <span class='ocrx_word' id='word_1_137' title='bbox 746 944 803 975; x_wconf 71' lang='grc' dir='ltr'><strong>ἐνὸς</strong></span> <span class='ocrx_word' id='word_1_138' title='bbox 827 943 893 969; x_wconf 82' lang='grc' dir='ltr'>Θεοῦ</span> <span class='ocrx_word' id='word_1_139' title='bbox 909 943 1019 976; x_wconf 84' lang='grc' dir='ltr'>γνῶσιν,</span> 
     </span>
    </p>
   </div>
   <div class='ocr_carea' id='block_1_22' title="bbox 231 988 1019 1025">
    <p class='ocr_par' dir='ltr' id='par_1_22' title="bbox 231 988 1019 1025">
     <span class='ocr_line' id='line_1_22' title="bbox 231 988 1019 1025; baseline -0.008 -6"><span class='ocrx_word' id='word_1_140' title='bbox 231 993 269 1024; x_wconf 82' lang='grc' dir='ltr'><strong>ὼς</strong></span> <span class='ocrx_word' id='word_1_141' title='bbox 282 993 314 1019; x_wconf 84' lang='grc' dir='ltr'><strong>ἂν</strong></span> <span class='ocrx_word' id='word_1_142' title='bbox 325 993 370 1019; x_wconf 71' lang='grc' dir='ltr'>διὰ</span> <span class='ocrx_word' id='word_1_143' title='bbox 378 992 472 1018; x_wconf 84' lang='grc' dir='ltr'>τούτου</span> <span class='ocrx_word' id='word_1_144' title='bbox 490 991 603 1025; x_wconf 76' lang='grc' dir='ltr'>ἐκφύγοι</span> <span class='ocrx_word' id='word_1_145' title='bbox 615 990 663 1024; x_wconf 84' lang='grc' dir='ltr'>τὴν</span> <span class='ocrx_word' id='word_1_146' title='bbox 675 990 723 1024; x_wconf 83' lang='grc' dir='ltr'><strong>τῆς</strong></span> <span class='ocrx_word' id='word_1_147' title='bbox 735 989 879 1020; x_wconf 77' lang='grc' dir='ltr'>πολυοεῗας</span> <span class='ocrx_word' id='word_1_148' title='bbox 893 988 1019 1022; x_wconf 71' lang='grc' dir='ltr'>ὑποψίαν·</span> 
     </span>
    </p>
   </div>
   <div class='ocr_carea' id='block_1_23' title="bbox 233 1034 1022 1071">
    <p class='ocr_par' dir='ltr' id='par_1_23' title="bbox 233 1034 1022 1071">
     <span class='ocr_line' id='line_1_23' title="bbox 233 1034 1022 1071; baseline -0.006 -7"><span class='ocrx_word' id='word_1_149' title='bbox 233 1038 313 1066; x_wconf 77' lang='grc' dir='ltr'>πάλιν</span> <span class='ocrx_word' id='word_1_150' title='bbox 325 1038 353 1063; x_wconf 85' lang='grc' dir='ltr'>δὲ</span> <span class='ocrx_word' id='word_1_151' title='bbox 367 1038 471 1063; x_wconf 83' lang='grc' dir='ltr'>τούτων</span> <span class='ocrx_word' id='word_1_152' title='bbox 483 1037 531 1063; x_wconf 83' lang='grc' dir='ltr'><strong>οὐκ</strong></span> <span class='ocrx_word' id='word_1_153' title='bbox 544 1037 656 1071; x_wconf 80' lang='grc' dir='ltr'>ἁναίδην</span> <span class='ocrx_word' id='word_1_154' title='bbox 672 1036 719 1061; x_wconf 63' lang='grc' dir='ltr'><strong>καὶ</strong></span> <span class='ocrx_word' id='word_1_155' title='bbox 739 1036 816 1065; x_wconf 71' lang='grc' dir='ltr'>θεοὺς</span> <span class='ocrx_word' id='word_1_156' title='bbox 831 1034 901 1069; x_wconf 74' lang='grc' dir='ltr'>ἔχειν</span> <span class='ocrx_word' id='word_1_157' title='bbox 918 1034 951 1059; x_wconf 76' lang='grc' dir='ltr'>τὰ</span> <span class='ocrx_word' id='word_1_158' title='bbox 965 1034 1022 1060; x_wconf 85' lang='grc' dir='ltr'>κτί-</span> 
     </span>
    </p>
   </div>
   <div class='ocr_carea' id='block_1_24' title="bbox 234 1079 1022 1118">
    <p class='ocr_par' dir='ltr' id='par_1_24' title="bbox 234 1079 1022 1118">
     <span class='ocr_line' id='line_1_24' title="bbox 234 1079 1022 1118; baseline -0.006 -8"><span class='ocrx_word' id='word_1_159' title='bbox 234 1093 326 1118; x_wconf 84' lang='grc' dir='ltr'>σματα</span> <span class='ocrx_word' id='word_1_160' title='bbox 351 1084 482 1117; x_wconf 82' lang='grc' dir='ltr'>ἐκφωνεῐ·</span> <span class='ocrx_word' id='word_1_161' title='bbox 511 1082 578 1108; x_wconf 66' lang='grc' dir='ltr'>ἀλλὰ</span> <span class='ocrx_word' id='word_1_162' title='bbox 606 1082 654 1116; x_wconf 78' lang='grc' dir='ltr'><strong>τὴν</strong></span> <span class='ocrx_word' id='word_1_163' title='bbox 680 1081 866 1116; x_wconf 77' lang='grc' dir='ltr'>προσηγορίαν</span> <span class='ocrx_word' id='word_1_164' title='bbox 889 1079 936 1105; x_wconf 86' lang='grc' dir='ltr'><strong>τοῦ</strong></span> <span class='ocrx_word' id='word_1_165' title='bbox 954 1079 1022 1105; x_wconf 87' lang='grc' dir='ltr'>Θεοῦ</span> 
     </span>
    </p>
   </div>
   <div class='ocr_carea' id='block_1_25' title="bbox 234 1128 1022 1166">
    <p class='ocr_par' dir='ltr' id='par_1_25' title="bbox 234 1128 1022 1166">
     <span class='ocr_line' id='line_1_25' title="bbox 234 1128 1022 1166; baseline -0.005 -9"><span class='ocrx_word' id='word_1_166' title='bbox 234 1131 393 1166; x_wconf 63' lang='grc' dir='ltr'><strong>ἀποδιαιπῷ</strong></span> <span class='ocrx_word' id='word_1_167' title='bbox 418 1131 450 1156; x_wconf 81' lang='grc' dir='ltr'><strong>τὸ</strong></span> <span class='ocrx_word' id='word_1_168' title='bbox 468 1130 497 1157; x_wconf 77' lang='grc' dir='ltr'>δὲ</span> <span class='ocrx_word' id='word_1_169' title='bbox 515 1129 636 1164; x_wconf 78' lang='grc' dir='ltr'>καθῆκον</span> <span class='ocrx_word' id='word_1_170' title='bbox 650 1131 714 1164; x_wconf 70' lang='grc' dir='ltr'>περὶ</span> <span class='ocrx_word' id='word_1_171' title='bbox 724 1128 792 1155; x_wconf 81' lang='grc' dir='ltr'>θεοῦ</span> <span class='ocrx_word' id='word_1_172' title='bbox 809 1129 901 1160; x_wconf 76' lang='grc' dir='ltr'><strong>σέϐας,</strong></span> <span class='ocrx_word' id='word_1_173' title='bbox 919 1128 949 1154; x_wconf 83' lang='grc' dir='ltr'>τὺ</span> <span class='ocrx_word' id='word_1_174' title='bbox 962 1128 1022 1153; x_wconf 81' lang='grc' dir='ltr'>κατ’</span> 
     </span>
    </p>
   </div>
   <div class='ocr_carea' id='block_1_26' title="bbox 234 1174 1023 1211">
    <p class='ocr_par' dir='ltr' id='par_1_26' title="bbox 234 1174 1023 1211">
     <span class='ocr_line' id='line_1_26' title="bbox 234 1174 1023 1211; baseline -0.004 -8"><span class='ocrx_word' id='word_1_175' title='bbox 234 1176 315 1204; x_wconf 80' lang='grc' dir='ltr'>αὑτὸν</span> <span class='ocrx_word' id='word_1_176' title='bbox 332 1177 416 1211; x_wconf 78' lang='grc' dir='ltr'>ὅρκῳ,</span> <span class='ocrx_word' id='word_1_177' title='bbox 432 1175 683 1211; x_wconf 64' lang='grc' dir='ltr'>φημὶηπροσὰπτει</span> <span class='ocrx_word' id='word_1_178' title='bbox 701 1175 776 1209; x_wconf 83' lang='grc' dir='ltr'>αύτῷ</span> <span class='ocrx_word' id='word_1_179' title='bbox 788 1183 795 1190; x_wconf 78' lang='grc' dir='ltr'><strong><em>ο</em></strong></span> <span class='ocrx_word' id='word_1_180' title='bbox 811 1175 881 1201; x_wconf 79' lang='grc' dir='ltr'>ὥστε</span> <span class='ocrx_word' id='word_1_181' title='bbox 894 1174 924 1206; x_wconf 79' lang='grc' dir='ltr'><strong>ἐξ</strong></span> <span class='ocrx_word' id='word_1_182' title='bbox 938 1174 1023 1208; x_wconf 79' lang='grc' dir='ltr'>ἀνάγ-</span> 
     </span>
    </p>
   </div>
   <div class='ocr_carea' id='block_1_27' title="bbox 235 1217 1023 1255">
    <p class='ocr_par' dir='ltr' id='par_1_27' title="bbox 235 1217 1023 1255">
     <span class='ocr_line' id='line_1_27' title="bbox 235 1217 1023 1255; baseline -0.008 -7"><span class='ocrx_word' id='word_1_183' title='bbox 235 1230 286 1255; x_wconf 86' lang='grc' dir='ltr'><strong>κης</strong></span> <span class='ocrx_word' id='word_1_184' title='bbox 302 1220 444 1255; x_wconf 78' lang='grc' dir='ltr'>συμϐαίνει</span> <span class='ocrx_word' id='word_1_185' title='bbox 455 1222 510 1251; x_wconf 81' lang='grc' dir='ltr'>τοῖς</span> <span class='ocrx_word' id='word_1_186' title='bbox 526 1220 565 1254; x_wconf 88' lang='grc' dir='ltr'>τῷ</span> <span class='ocrx_word' id='word_1_187' title='bbox 582 1219 635 1254; x_wconf 82' lang='grc' dir='ltr'><strong>θεῷ</strong></span> <span class='ocrx_word' id='word_1_188' title='bbox 653 1219 700 1245; x_wconf 82' lang='grc' dir='ltr'><strong>τοῦ</strong></span> <span class='ocrx_word' id='word_1_189' title='bbox 718 1219 840 1253; x_wconf 73' lang='grc' dir='ltr'>Μωάμετ</span> <span class='ocrx_word' id='word_1_190' title='bbox 852 1217 1023 1252; x_wconf 77' lang='grc' dir='ltr'>λατρεύουσι,</span> 
     </span>
    </p>
   </div>
   <div class='ocr_carea' id='block_1_28' title="bbox 235 1262 1024 1300">
    <p class='ocr_par' dir='ltr' id='par_1_28' title="bbox 235 1262 1024 1300">
     <span class='ocr_line' id='line_1_28' title="bbox 235 1262 1024 1300; baseline -0.005 -8"><span class='ocrx_word' id='word_1_191' title='bbox 235 1266 279 1292; x_wconf 84' lang='grc' dir='ltr'>διὰ</span> <span class='ocrx_word' id='word_1_192' title='bbox 309 1267 391 1300; x_wconf 76' lang='grc' dir='ltr'>μέσου</span> <span class='ocrx_word' id='word_1_193' title='bbox 421 1265 516 1291; x_wconf 87' lang='grc' dir='ltr'>τούτου</span> <span class='ocrx_word' id='word_1_194' title='bbox 535 1266 567 1299; x_wconf 80' lang='grc' dir='ltr'>τῇ</span> <span class='ocrx_word' id='word_1_195' title='bbox 594 1265 681 1291; x_wconf 86' lang='grc' dir='ltr'>κτίσει</span> <span class='ocrx_word' id='word_1_196' title='bbox 697 1264 743 1290; x_wconf 79' lang='grc' dir='ltr'><strong>καὶ</strong></span> <span class='ocrx_word' id='word_1_197' title='bbox 765 1265 820 1294; x_wconf 78' lang='grc' dir='ltr'>τοῖς</span> <span class='ocrx_word' id='word_1_198' title='bbox 844 1263 951 1298; x_wconf 83' lang='grc' dir='ltr'>δαίμοσι</span> <span class='ocrx_word' id='word_1_199' title='bbox 979 1262 1024 1288; x_wconf 91' lang='grc' dir='ltr'>λα-</span> 
     </span>
    </p>
   </div>
   <div class='ocr_carea' id='block_1_29' title="bbox 236 1309 1025 1347">
    <p class='ocr_par' dir='ltr' id='par_1_29' title="bbox 236 1309 1025 1347">
     <span class='ocr_line' id='line_1_29' title="bbox 236 1309 1025 1347; baseline -0.005 -9"><span class='ocrx_word' id='word_1_200' title='bbox 236 1312 357 1347; x_wconf 78' lang='grc' dir='ltr'>τρεύειν·</span> <span class='ocrx_word' id='word_1_201' title='bbox 376 1311 421 1338; x_wconf 78' lang='grc' dir='ltr'><strong>τὸν</strong></span> <span class='ocrx_word' id='word_1_202' title='bbox 434 1312 460 1338; x_wconf 68' lang='grc' dir='ltr'>δὲ</span> <span class='ocrx_word' id='word_1_203' title='bbox 475 1311 541 1338; x_wconf 76' lang='grc' dir='ltr'>Θεὸν</span> <span class='ocrx_word' id='word_1_204' title='bbox 556 1310 602 1337; x_wconf 87' lang='grc' dir='ltr'><strong>τοῦ</strong></span> <span class='ocrx_word' id='word_1_205' title='bbox 628 1311 752 1346; x_wconf 69' lang='grc' dir='ltr'>Ἀϐραὰμ</span> <span class='ocrx_word' id='word_1_206' title='bbox 766 1309 880 1345; x_wconf 73' lang='grc' dir='ltr'>ὀμνύναι</span> <span class='ocrx_word' id='word_1_207' title='bbox 904 1310 1025 1344; x_wconf 81' lang='grc' dir='ltr'><strong>Μωῡσῆς</strong></span> 
     </span>
    </p>
   </div>
   <div class='ocr_carea' id='block_1_30' title="bbox 239 1355 1023 1393">
    <p class='ocr_par' dir='ltr' id='par_1_30' title="bbox 239 1355 1023 1393">
     <span class='ocr_line' id='line_1_30' title="bbox 239 1355 1023 1393; baseline -0.005 -10"><span class='ocrx_word' id='word_1_208' title='bbox 239 1359 288 1393; x_wconf 87' lang='grc' dir='ltr'><strong>μὲν</strong></span> <span class='ocrx_word' id='word_1_209' title='bbox 310 1358 425 1391; x_wconf 81' lang='grc' dir='ltr'><strong>εἰσάγει,</strong></span> <span class='ocrx_word' id='word_1_210' title='bbox 442 1359 471 1383; x_wconf 81' lang='grc' dir='ltr'><strong>ού</strong></span> <span class='ocrx_word' id='word_1_211' title='bbox 489 1357 548 1383; x_wconf 74' lang='grc' dir='ltr'>κατ’</span> <span class='ocrx_word' id='word_1_212' title='bbox 565 1357 644 1383; x_wconf 79' lang='grc' dir='ltr'>ἄλλου</span> <span class='ocrx_word' id='word_1_213' title='bbox 673 1356 700 1382; x_wconf 77' lang='grc' dir='ltr'>δέ</span> <span class='ocrx_word' id='word_1_214' title='bbox 725 1365 796 1386; x_wconf 72' lang='grc' dir='ltr'>τινος</span> <span class='ocrx_word' id='word_1_215' title='bbox 811 1355 925 1390; x_wconf 77' lang='grc' dir='ltr'>ὀμνύναι</span> <span class='ocrx_word' id='word_1_216' title='bbox 940 1355 1023 1388; x_wconf 81' lang='grc' dir='ltr'>λέγει,</span> 
     </span>
    </p>
   </div>
   <div class='ocr_carea' id='block_1_31' title="bbox 237 1400 1026 1437">
    <p class='ocr_par' dir='ltr' id='par_1_31' title="bbox 237 1400 1026 1437">
     <span class='ocr_line' id='line_1_31' title="bbox 237 1400 1026 1437; baseline -0.006 -7"><span class='ocrx_word' id='word_1_217' title='bbox 237 1404 305 1431; x_wconf 74' lang='grc' dir='ltr'>ἀλλὰ</span> <span class='ocrx_word' id='word_1_218' title='bbox 316 1404 378 1430; x_wconf 68' lang='grc' dir='ltr'>καίΓ</span> <span class='ocrx_word' id='word_1_219' title='bbox 394 1405 491 1430; x_wconf 77' lang='grc' dir='ltr'>ἑαυτοῦ</span> <span class='ocrx_word' id='word_1_220' title='bbox 503 1411 509 1417; x_wconf 75' lang='grc'><strong><em>⁸</em></strong></span> <span class='ocrx_word' id='word_1_221' title='bbox 531 1403 598 1429; x_wconf 81' lang='grc' dir='ltr'>Κατ’</span> <span class='ocrx_word' id='word_1_222' title='bbox 614 1402 745 1437; x_wconf 74' lang='grc' dir='ltr'>ἐμαυτοῦ</span> <span class='ocrx_word' id='word_1_223' title='bbox 763 1401 826 1436; x_wconf 81' lang='grc' dir='ltr'>γὰρ,</span> <span class='ocrx_word' id='word_1_224' title='bbox 847 1401 938 1435; x_wconf 78' lang='grc' dir='ltr'>φησὶν,</span> <span class='ocrx_word' id='word_1_225' title='bbox 953 1400 1026 1434; x_wconf 80' lang='grc' dir='ltr'>ὦμο-</span> 
     </span>
    </p>
   </div>
   <div class='ocr_carea' id='block_1_32' title="bbox 214 1446 1026 1483">
    <p class='ocr_par' dir='ltr' id='par_1_32' title="bbox 214 1446 1026 1483">
     <span class='ocr_line' id='line_1_32' title="bbox 214 1446 1026 1483; baseline -0.005 -7"><span class='ocrx_word' id='word_1_226' title='bbox 214 1480 218 1483; x_wconf 16' lang='grc' dir='ltr'>ὐ</span> <span class='ocrx_word' id='word_1_227' title='bbox 237 1457 279 1476; x_wconf 84' lang='grc' dir='ltr'><strong>σα</strong></span> <span class='ocrx_word' id='word_1_228' title='bbox 291 1457 296 1463; x_wconf 91' lang='grc'><strong>·</strong></span> <span class='ocrx_word' id='word_1_229' title='bbox 315 1450 384 1475; x_wconf 66' lang='grc' dir='ltr'>ὥστε</span> <span class='ocrx_word' id='word_1_230' title='bbox 396 1451 409 1475; x_wconf 80' lang='grc' dir='ltr'><strong>ό</strong></span> <span class='ocrx_word' id='word_1_231' title='bbox 426 1450 470 1475; x_wconf 64' lang='grc' dir='ltr'>τὸν</span> <span class='ocrx_word' id='word_1_232' title='bbox 486 1449 552 1475; x_wconf 74' lang='grc' dir='ltr'>Θεὸν</span> <span class='ocrx_word' id='word_1_233' title='bbox 564 1449 610 1475; x_wconf 86' lang='grc' dir='ltr'><strong>τοῦ</strong></span> <span class='ocrx_word' id='word_1_234' title='bbox 627 1449 751 1483; x_wconf 70' lang='grc' dir='ltr'>’Λόραὰμ</span> <span class='ocrx_word' id='word_1_235' title='bbox 763 1448 860 1478; x_wconf 80' lang='grc' dir='ltr'>σέϐων,</span> <span class='ocrx_word' id='word_1_236' title='bbox 871 1448 920 1481; x_wconf 72' lang='grc' dir='ltr'>οὐχ</span> <span class='ocrx_word' id='word_1_237' title='bbox 932 1446 1026 1481; x_wconf 83' lang='grc' dir='ltr'>’ἐτερόν</span> 
     </span>
    </p>
   </div>
   <div class='ocr_carea' id='block_1_33' title="bbox 237 1494 1023 1529">
    <p class='ocr_par' dir='ltr' id='par_1_33' title="bbox 237 1494 1023 1529">
     <span class='ocr_line' id='line_1_33' title="bbox 237 1494 1023 1529; baseline -0.004 -8"><span class='ocrx_word' id='word_1_238' title='bbox 237 1504 298 1522; x_wconf 87' lang='grc' dir='ltr'>τινα</span> <span class='ocrx_word' id='word_1_239' title='bbox 312 1495 377 1521; x_wconf 74' lang='grc' dir='ltr'>Θεὸν</span> <span class='ocrx_word' id='word_1_240' title='bbox 389 1495 432 1521; x_wconf 80' lang='grc' dir='ltr'>διὰ</span> <span class='ocrx_word' id='word_1_241' title='bbox 452 1495 535 1529; x_wconf 82' lang='grc' dir='ltr'>μέσου</span> <span class='ocrx_word' id='word_1_242' title='bbox 553 1494 635 1521; x_wconf 77' lang='grc' dir='ltr'>αὑτοῦ</span> <span class='ocrx_word' id='word_1_243' title='bbox 649 1494 733 1525; x_wconf 77' lang='grc' dir='ltr'>σέϐει,</span> <span class='ocrx_word' id='word_1_244' title='bbox 745 1494 802 1520; x_wconf 86' lang='grc' dir='ltr'>ἁλλ’</span> <span class='ocrx_word' id='word_1_245' title='bbox 813 1494 894 1520; x_wconf 68' lang='grc' dir='ltr'>αὑτὸν</span> <span class='ocrx_word' id='word_1_246' title='bbox 910 1494 1023 1519; x_wconf 79' lang='grc' dir='ltr'>ἐκεῖνον’</span> 
     </span>
    </p>
   </div>
   <div class='ocr_carea' id='block_1_34' title="bbox 1065 250 1851 287">
    <p class='ocr_par' dir='ltr' id='par_1_34' title="bbox 1065 250 1851 287">
     <span class='ocr_line' id='line_1_34' title="bbox 1065 250 1851 287; baseline -0.003 -8"><span class='ocrx_word' id='word_1_247' title='bbox 1065 258 1121 280; x_wconf 90' lang='lat' dir='ltr'><strong>tum</strong></span> <span class='ocrx_word' id='word_1_248' title='bbox 1150 252 1213 287; x_wconf 84' lang='lat' dir='ltr'><strong>quia</strong></span> <span class='ocrx_word' id='word_1_249' title='bbox 1231 252 1366 279; x_wconf 82' lang='lat' dir='ltr'><strong>adversus</strong></span> <span class='ocrx_word' id='word_1_250' title='bbox 1392 250 1439 277; x_wconf 91' lang='lat' dir='ltr'><strong>Dei</strong></span> <span class='ocrx_word' id='word_1_251' title='bbox 1462 251 1632 285; x_wconf 87' lang='lat' dir='ltr'><strong>majestatem</strong></span> <span class='ocrx_word' id='word_1_252' title='bbox 1648 250 1851 285; x_wconf 80' lang='lat' dir='ltr'><strong>peceavit.tutn</strong></span> 
     </span>
    </p>
   </div>
   <div class='ocr_carea' id='block_1_35' title="bbox 1063 295 1851 333">
    <p class='ocr_par' dir='ltr' id='par_1_35' title="bbox 1063 295 1851 333">
     <span class='ocr_line' id='line_1_35' title="bbox 1063 295 1851 333; baseline -0.004 -8"><span class='ocrx_word' id='word_1_253' title='bbox 1063 299 1128 333; x_wconf 86' lang='lat' dir='ltr'><strong>quia</strong></span> <span class='ocrx_word' id='word_1_254' title='bbox 1158 298 1191 325; x_wconf 87' lang='lat' dir='ltr'><strong>de</strong></span> <span class='ocrx_word' id='word_1_255' title='bbox 1215 297 1318 325; x_wconf 89' lang='lat' dir='ltr'><strong>sanctis</strong></span> <span class='ocrx_word' id='word_1_256' title='bbox 1343 296 1554 330; x_wconf 84' lang='lat' dir='ltr'><strong>blasphemavit.</strong></span> <span class='ocrx_word' id='word_1_257' title='bbox 1586 296 1661 323; x_wconf 83' lang='lat' dir='ltr'><strong>Adde</strong></span> <span class='ocrx_word' id='word_1_258' title='bbox 1688 295 1851 330; x_wconf 82' lang='lat' dir='ltr'><strong>profundant</strong></span> 
     </span>
    </p>
   </div>
   <div class='ocr_carea' id='block_1_36' title="bbox 1064 340 1852 379">
    <p class='ocr_par' dir='ltr' id='par_1_36' title="bbox 1064 340 1852 379">
     <span class='ocr_line' id='line_1_36' title="bbox 1064 340 1852 379; baseline -0.003 -9"><span class='ocrx_word' id='word_1_259' title='bbox 1064 344 1187 379; x_wconf 79' lang='lat' dir='ltr'><strong>ejusdem</strong></span> <span class='ocrx_word' id='word_1_260' title='bbox 1216 342 1363 370; x_wconf 78' lang='lat' dir='ltr'><strong>inscitiam.</strong></span> <span class='ocrx_word' id='word_1_261' title='bbox 1382 340 1501 368; x_wconf 88' lang='lat' dir='ltr'><strong>Omnino</strong></span> <span class='ocrx_word' id='word_1_262' title='bbox 1515 341 1653 368; x_wconf 74' lang='lat' dir='ltr'><strong>evidenter</strong></span> <span class='ocrx_word' id='word_1_263' title='bbox 1675 341 1777 375; x_wconf 83' lang='lat' dir='ltr'><strong>absque</strong></span> <span class='ocrx_word' id='word_1_264' title='bbox 1799 340 1852 368; x_wconf 86' lang='lat' dir='ltr'><strong>alio</strong></span> 
     </span>
    </p>
   </div>
   <div class='ocr_carea' id='block_1_37' title="bbox 1065 387 1852 424">
    <p class='ocr_par' dir='ltr' id='par_1_37' title="bbox 1065 387 1852 424">
     <span class='ocr_line' id='line_1_37' title="bbox 1065 387 1852 424; baseline -0.004 -8"><span class='ocrx_word' id='word_1_265' title='bbox 1065 390 1162 424; x_wconf 91' lang='lat' dir='ltr'><strong>quovis</strong></span> <span class='ocrx_word' id='word_1_266' title='bbox 1177 393 1338 424; x_wconf 78' lang='lat' dir='ltr'><strong>argumento</strong></span> <span class='ocrx_word' id='word_1_267' title='bbox 1349 392 1537 415; x_wconf 77' lang='lat' dir='ltr'><strong>creaturarum</strong></span> <span class='ocrx_word' id='word_1_268' title='bbox 1558 387 1688 414; x_wconf 87' lang='lat' dir='ltr'><strong>adorator</strong></span> <span class='ocrx_word' id='word_1_269' title='bbox 1715 392 1742 414; x_wconf 87' lang='lat' dir='ltr'><strong>et</strong></span> <span class='ocrx_word' id='word_1_270' title='bbox 1755 394 1852 421; x_wconf 86' lang='lat' dir='ltr'><strong>super-</strong></span> 
     </span>
    </p>
   </div>
   <div class='ocr_carea' id='block_1_38' title="bbox 1065 433 1854 468">
    <p class='ocr_par' dir='ltr' id='par_1_38' title="bbox 1065 433 1854 468">
     <span class='ocr_line' id='line_1_38' title="bbox 1065 433 1854 468; baseline -0.004 -6"><span class='ocrx_word' id='word_1_271' title='bbox 1065 435 1188 462; x_wconf 82' lang='lat' dir='ltr'><strong>stitiosus</strong></span> <span class='ocrx_word' id='word_1_272' title='bbox 1224 433 1406 461; x_wconf 70' lang='lat' dir='ltr'><strong>convincitur.</strong></span> <span class='ocrx_word' id='word_1_273' title='bbox 1439 433 1553 460; x_wconf 82' lang='lat' dir='ltr'><strong>Temere</strong></span> <span class='ocrx_word' id='word_1_274' title='bbox 1580 433 1672 468; x_wconf 84' lang='lat' dir='ltr'><strong>itaque</strong></span> <span class='ocrx_word' id='word_1_275' title='bbox 1703 433 1854 468; x_wconf 78' lang='lat' dir='ltr'><strong>gloriantur</strong></span> 
     </span>
    </p>
   </div>
   <div class='ocr_carea' id='block_1_39' title="bbox 1066 479 1852 514">
    <p class='ocr_par' dir='ltr' id='par_1_39' title="bbox 1066 479 1852 514">
     <span class='ocr_line' id='line_1_39' title="bbox 1066 479 1852 514; baseline -0.003 -6"><span class='ocrx_word' id='word_1_276' title='bbox 1066 481 1157 508; x_wconf 89' lang='lat' dir='ltr'><strong>stolidi</strong></span> <span class='ocrx_word' id='word_1_277' title='bbox 1184 480 1314 507; x_wconf 76' lang='lat' dir='ltr'><strong>Saraceni</strong></span> <span class='ocrx_word' id='word_1_278' title='bbox 1332 480 1365 507; x_wconf 94' lang='lat' dir='ltr'><strong>de</strong></span> <span class='ocrx_word' id='word_1_279' title='bbox 1391 480 1444 506; x_wconf 93' lang='lat' dir='ltr'><strong>hoc</strong></span> <span class='ocrx_word' id='word_1_280' title='bbox 1475 480 1634 514; x_wconf 83' lang='lat' dir='ltr'><strong>impostore,</strong></span> <span class='ocrx_word' id='word_1_281' title='bbox 1655 479 1735 513; x_wconf 88' lang='lat' dir='ltr'><strong>quasi</strong></span> <span class='ocrx_word' id='word_1_282' title='bbox 1761 487 1852 506; x_wconf 84' lang='lat' dir='ltr'><strong>veram</strong></span> 
     </span>
    </p>
   </div>
   <div class='ocr_carea' id='block_1_40' title="bbox 1066 524 1855 562">
    <p class='ocr_par' dir='ltr' id='par_1_40' title="bbox 1066 524 1855 562">
     <span class='ocr_line' id='line_1_40' title="bbox 1066 524 1855 562; baseline -0.005 -7"><span class='ocrx_word' id='word_1_283' title='bbox 1066 527 1140 562; x_wconf 87' lang='lat' dir='ltr'><strong>ipsos</strong></span> <span class='ocrx_word' id='word_1_284' title='bbox 1168 526 1213 554; x_wconf 91' lang='lat' dir='ltr'><strong>Dei</strong></span> <span class='ocrx_word' id='word_1_285' title='bbox 1240 526 1365 554; x_wconf 89' lang='lat' dir='ltr'><strong>notitiam</strong></span> <span class='ocrx_word' id='word_1_286' title='bbox 1389 526 1523 553; x_wconf 89' lang='lat' dir='ltr'><strong>docuerit.</strong></span> <span class='ocrx_word' id='word_1_287' title='bbox 1558 524 1680 559; x_wconf 85' lang='lat' dir='ltr'><strong>Namque</strong></span> <span class='ocrx_word' id='word_1_288' title='bbox 1706 530 1855 560; x_wconf 59' lang='lat' dir='ltr'><strong>pra-textus</strong></span> 
     </span>
    </p>
   </div>
   <div class='ocr_carea' id='block_1_41' title="bbox 1068 572 1855 607">
    <p class='ocr_par' dir='ltr' id='par_1_41' title="bbox 1068 572 1855 607">
     <span class='ocr_line' id='line_1_41' title="bbox 1068 572 1855 607; baseline -0.004 -6"><span class='ocrx_word' id='word_1_289' title='bbox 1068 574 1258 601; x_wconf 84' lang='lat' dir='ltr'><strong>tantummodo</strong></span> <span class='ocrx_word' id='word_1_290' title='bbox 1287 581 1382 604; x_wconf 82' lang='lat' dir='ltr'><strong>causa,</strong></span> <span class='ocrx_word' id='word_1_291' title='bbox 1408 572 1455 599; x_wconf 89' lang='lat' dir='ltr'><strong>Dei</strong></span> <span class='ocrx_word' id='word_1_292' title='bbox 1484 572 1566 599; x_wconf 83' lang='lat' dir='ltr'><strong>unius</strong></span> <span class='ocrx_word' id='word_1_293' title='bbox 1583 580 1637 607; x_wconf 72' lang='lat' dir='ltr'><strong>pra:</strong></span> <span class='ocrx_word' id='word_1_294' title='bbox 1654 580 1682 599; x_wconf 90' lang='lat' dir='ltr'><strong>se</strong></span> <span class='ocrx_word' id='word_1_295' title='bbox 1702 572 1786 599; x_wconf 83' lang='lat' dir='ltr'><strong>tendit</strong></span> <span class='ocrx_word' id='word_1_296' title='bbox 1805 580 1855 598; x_wconf 83' lang='lat' dir='ltr'><strong>no—</strong></span> 
     </span>
    </p>
   </div>
   <div class='ocr_carea' id='block_1_42' title="bbox 1068 619 1855 653">
    <p class='ocr_par' dir='ltr' id='par_1_42' title="bbox 1068 619 1855 653">
     <span class='ocr_line' id='line_1_42' title="bbox 1068 619 1855 653; baseline -0.005 -5"><span class='ocrx_word' id='word_1_297' title='bbox 1068 628 1145 653; x_wconf 81' lang='lat' dir='ltr'><strong>men;</strong></span> <span class='ocrx_word' id='word_1_298' title='bbox 1158 621 1271 647; x_wconf 83' lang='lat' dir='ltr'><strong>latenter</strong></span> <span class='ocrx_word' id='word_1_299' title='bbox 1287 628 1351 647; x_wconf 87' lang='lat' dir='ltr'><strong>vero</strong></span> <span class='ocrx_word' id='word_1_300' title='bbox 1364 619 1544 646; x_wconf 72' lang='lat' dir='ltr'><strong>idololatrian]</strong></span> <span class='ocrx_word' id='word_1_301' title='bbox 1560 623 1586 645; x_wconf 88' lang='lat' dir='ltr'><strong>et</strong></span> <span class='ocrx_word' id='word_1_302' title='bbox 1597 619 1790 646; x_wconf 85' lang='lat' dir='ltr'><strong>cthnicismum</strong></span> <span class='ocrx_word' id='word_1_303' title='bbox 1802 619 1855 645; x_wconf 72' lang='lat' dir='ltr'><strong>illis</strong></span> 
     </span>
    </p>
   </div>
   <div class='ocr_carea' id='block_1_43' title="bbox 1069 665 1855 700">
    <p class='ocr_par' dir='ltr' id='par_1_43' title="bbox 1069 665 1855 700">
     <span class='ocr_line' id='line_1_43' title="bbox 1069 665 1855 700; baseline -0.004 -7"><span class='ocrx_word' id='word_1_304' title='bbox 1069 667 1183 693; x_wconf 79' lang='lat' dir='ltr'><strong>invexit.</strong></span> <span class='ocrx_word' id='word_1_305' title='bbox 1213 665 1296 700; x_wconf 86' lang='lat' dir='ltr'><strong>quue</strong></span> <span class='ocrx_word' id='word_1_306' title='bbox 1325 670 1444 697; x_wconf 80' lang='lat' dir='ltr'><strong>constat,</strong></span> <span class='ocrx_word' id='word_1_307' title='bbox 1473 669 1502 691; x_wconf 91' lang='lat' dir='ltr'><strong>ut</strong></span> <span class='ocrx_word' id='word_1_308' title='bbox 1539 665 1604 696; x_wconf 73' lang='lat' dir='ltr'><strong>dixi,</strong></span> <span class='ocrx_word' id='word_1_309' title='bbox 1633 672 1667 691; x_wconf 82' lang='lat' dir='ltr'><strong>ex</strong></span> <span class='ocrx_word' id='word_1_310' title='bbox 1699 665 1855 699; x_wconf 88' lang='lat' dir='ltr'><strong>hujusmodi</strong></span> 
     </span>
    </p>
   </div>
   <div class='ocr_carea' id='block_1_44' title="bbox 1067 711 1855 747">
    <p class='ocr_par' dir='ltr' id='par_1_44' title="bbox 1067 711 1855 747">
     <span class='ocr_line' id='line_1_44' title="bbox 1067 711 1855 747; baseline -0.003 -8"><span class='ocrx_word' id='word_1_311' title='bbox 1067 712 1230 747; x_wconf 85' lang='lat' dir='ltr'><strong>juramcntis</strong></span> <span class='ocrx_word' id='word_1_312' title='bbox 1259 712 1329 747; x_wconf 84' lang='lat' dir='ltr'><strong>ejus.</strong></span> <span class='ocrx_word' id='word_1_313' title='bbox 1355 711 1422 738; x_wconf 84' lang='lat' dir='ltr'><strong>Nam</strong></span> <span class='ocrx_word' id='word_1_314' title='bbox 1443 711 1489 746; x_wconf 89' lang='lat' dir='ltr'><strong>qui</strong></span> <span class='ocrx_word' id='word_1_315' title='bbox 1517 711 1573 738; x_wconf 82' lang='lat' dir='ltr'><strong>ﬁeri</strong></span> <span class='ocrx_word' id='word_1_316' title='bbox 1592 715 1700 746; x_wconf 83' lang='lat' dir='ltr'><strong>poterat</strong></span> <span class='ocrx_word' id='word_1_317' title='bbox 1723 715 1751 738; x_wconf 93' lang='lat' dir='ltr'><strong>ut</strong></span> <span class='ocrx_word' id='word_1_318' title='bbox 1775 719 1855 738; x_wconf 86' lang='lat' dir='ltr'><strong>verus</strong></span> 
     </span>
    </p>
   </div>
   <div class='ocr_carea' id='block_1_45' title="bbox 1070 757 1856 794">
    <p class='ocr_par' dir='ltr' id='par_1_45' title="bbox 1070 757 1856 794">
     <span class='ocr_line' id='line_1_45' title="bbox 1070 757 1856 794; baseline -0.005 -8"><span class='ocrx_word' id='word_1_319' title='bbox 1070 759 1142 786; x_wconf 90' lang='lat' dir='ltr'><strong>Deus</strong></span> <span class='ocrx_word' id='word_1_320' title='bbox 1169 766 1217 794; x_wconf 83' lang='lat' dir='ltr'><strong>per</strong></span> <span class='ocrx_word' id='word_1_321' title='bbox 1232 766 1326 786; x_wconf 82' lang='lat' dir='ltr'><strong>canem</strong></span> <span class='ocrx_word' id='word_1_322' title='bbox 1343 758 1466 785; x_wconf 81' lang='lat' dir='ltr'><strong>velocem</strong></span> <span class='ocrx_word' id='word_1_323' title='bbox 1501 757 1616 791; x_wconf 86' lang='lat' dir='ltr'><strong>juraret,</strong></span> <span class='ocrx_word' id='word_1_324' title='bbox 1630 765 1679 792; x_wconf 88' lang='lat' dir='ltr'><strong>per</strong></span> <span class='ocrx_word' id='word_1_325' title='bbox 1707 761 1856 784; x_wconf 82' lang='lat' dir='ltr'><strong>nocturnas</strong></span> 
     </span>
    </p>
   </div>
   <div class='ocr_carea' id='block_1_46' title="bbox 1070 803 1856 839">
    <p class='ocr_par' dir='ltr' id='par_1_46' title="bbox 1070 803 1856 839">
     <span class='ocr_line' id='line_1_46' title="bbox 1070 803 1856 839; baseline -0.004 -8"><span class='ocrx_word' id='word_1_326' title='bbox 1070 805 1207 836; x_wconf 80' lang='lat' dir='ltr'><strong>tenebras,</strong></span> <span class='ocrx_word' id='word_1_327' title='bbox 1225 809 1251 831; x_wconf 82' lang='lat' dir='ltr'><strong>et</strong></span> <span class='ocrx_word' id='word_1_328' title='bbox 1263 812 1310 839; x_wconf 85' lang='lat' dir='ltr'><strong>per</strong></span> <span class='ocrx_word' id='word_1_329' title='bbox 1328 805 1370 831; x_wconf 89' lang='lat' dir='ltr'><strong>his</strong></span> <span class='ocrx_word' id='word_1_330' title='bbox 1394 803 1547 830; x_wconf 74' lang='lat' dir='ltr'><strong>deteriora?</strong></span> <span class='ocrx_word' id='word_1_331' title='bbox 1568 803 1619 830; x_wconf 81' lang='lat' dir='ltr'><strong>Sed</strong></span> <span class='ocrx_word' id='word_1_332' title='bbox 1638 803 1702 837; x_wconf 88' lang='lat' dir='ltr'><strong>quia</strong></span> <span class='ocrx_word' id='word_1_333' title='bbox 1725 803 1856 829; x_wconf 68' lang='lat' dir='ltr'><strong>molestus</strong></span> 
     </span>
    </p>
   </div>
   <div class='ocr_carea' id='block_1_47' title="bbox 1072 849 1857 880">
    <p class='ocr_par' dir='ltr' id='par_1_47' title="bbox 1072 849 1857 880">
     <span class='ocr_line' id='line_1_47' title="bbox 1072 849 1857 880; baseline -0.003 -3"><span class='ocrx_word' id='word_1_334' title='bbox 1072 850 1169 878; x_wconf 76' lang='lat' dir='ltr'><strong>fuisset</strong></span> <span class='ocrx_word' id='word_1_335' title='bbox 1202 851 1255 877; x_wconf 87' lang='lat' dir='ltr'><strong>illis</strong></span> <span class='ocrx_word' id='word_1_336' title='bbox 1283 850 1456 876; x_wconf 82' lang='lat' dir='ltr'><strong>Moltatnedes</strong></span> <span class='ocrx_word' id='word_1_337' title='bbox 1480 854 1505 876; x_wconf 88' lang='lat' dir='ltr'><strong>et</strong></span> <span class='ocrx_word' id='word_1_338' title='bbox 1536 849 1647 876; x_wconf 84' lang='lat' dir='ltr'><strong>minime</strong></span> <span class='ocrx_word' id='word_1_339' title='bbox 1669 849 1818 880; x_wconf 76' lang='lat' dir='ltr'><strong>credibilis.</strong></span> <span class='ocrx_word' id='word_1_340' title='bbox 1835 849 1857 875; x_wconf 87' lang='lat' dir='ltr'><strong>si</strong></span> 
     </span>
    </p>
   </div>
   <div class='ocr_carea' id='block_1_48' title="bbox 1073 895 1858 929">
    <p class='ocr_par' dir='ltr' id='par_1_48' title="bbox 1073 895 1858 929">
     <span class='ocr_line' id='line_1_48' title="bbox 1073 895 1858 929; baseline -0.004 -6"><span class='ocrx_word' id='word_1_341' title='bbox 1073 901 1144 923; x_wconf 85' lang='lat' dir='ltr'><strong>recta</strong></span> <span class='ocrx_word' id='word_1_342' title='bbox 1160 903 1207 923; x_wconf 90' lang='lat' dir='ltr'><strong>eos</strong></span> <span class='ocrx_word' id='word_1_343' title='bbox 1227 896 1260 922; x_wconf 89' lang='lat' dir='ltr'><strong>ad</strong></span> <span class='ocrx_word' id='word_1_344' title='bbox 1277 901 1410 922; x_wconf 67' lang='lat' dir='ltr'><strong>creaturae</strong></span> <span class='ocrx_word' id='word_1_345' title='bbox 1424 895 1635 929; x_wconf 57' lang='lat' dir='ltr'><strong>diemonnmque</strong></span> <span class='ocrx_word' id='word_1_346' title='bbox 1649 895 1751 921; x_wconf 91' lang='lat' dir='ltr'><strong>cultum</strong></span> <span class='ocrx_word' id='word_1_347' title='bbox 1770 895 1858 929; x_wconf 80' lang='lat' dir='ltr'><strong>impn-</strong></span> 
     </span>
    </p>
   </div>
   <div class='ocr_carea' id='block_1_49' title="bbox 1074 940 1859 975">
    <p class='ocr_par' dir='ltr' id='par_1_49' title="bbox 1074 940 1859 975">
     <span class='ocr_line' id='line_1_49' title="bbox 1074 940 1859 975; baseline -0.003 -6"><span class='ocrx_word' id='word_1_348' title='bbox 1074 942 1166 973; x_wconf 85' lang='lat' dir='ltr'><strong>lisset;</strong></span> <span class='ocrx_word' id='word_1_349' title='bbox 1183 941 1263 968; x_wconf 89' lang='lat' dir='ltr'><strong>initio</strong></span> <span class='ocrx_word' id='word_1_350' title='bbox 1277 941 1387 975; x_wconf 86' lang='lat' dir='ltr'><strong>quidem</strong></span> <span class='ocrx_word' id='word_1_351' title='bbox 1403 941 1484 968; x_wconf 90' lang='lat' dir='ltr'><strong>ttnius</strong></span> <span class='ocrx_word' id='word_1_352' title='bbox 1501 940 1546 967; x_wconf 74' lang='lat' dir='ltr'><strong>Dei</strong></span> <span class='ocrx_word' id='word_1_353' title='bbox 1569 940 1695 967; x_wconf 87' lang='lat' dir='ltr'><strong>notitiam</strong></span> <span class='ocrx_word' id='word_1_354' title='bbox 1717 941 1810 971; x_wconf 85' lang='lat' dir='ltr'><strong>tradit,</strong></span> <span class='ocrx_word' id='word_1_355' title='bbox 1830 946 1859 967; x_wconf 86' lang='lat' dir='ltr'><strong>ut</strong></span> 
     </span>
    </p>
   </div>
   <div class='ocr_carea' id='block_1_50' title="bbox 1073 986 1858 1023">
    <p class='ocr_par' dir='ltr' id='par_1_50' title="bbox 1073 986 1858 1023">
     <span class='ocr_line' id='line_1_50' title="bbox 1073 986 1858 1023; baseline -0.004 -8"><span class='ocrx_word' id='word_1_356' title='bbox 1073 988 1113 1016; x_wconf 86' lang='lat' dir='ltr'><strong>sic</strong></span> <span class='ocrx_word' id='word_1_357' title='bbox 1129 987 1300 1023; x_wconf 83' lang='lat' dir='ltr'><strong>polytheismi</strong></span> <span class='ocrx_word' id='word_1_358' title='bbox 1312 986 1495 1022; x_wconf 81' lang='lat' dir='ltr'><strong>suspicionem</strong></span> <span class='ocrx_word' id='word_1_359' title='bbox 1511 987 1586 1013; x_wconf 65' lang='lat' dir='ltr'><strong>\‘ilet.</strong></span> <span class='ocrx_word' id='word_1_360' title='bbox 1607 987 1673 1013; x_wconf 87' lang='lat' dir='ltr'><strong>item</strong></span> <span class='ocrx_word' id='word_1_361' title='bbox 1688 987 1757 1013; x_wconf 86' lang='lat' dir='ltr'><strong>haud</strong></span> <span class='ocrx_word' id='word_1_362' title='bbox 1770 987 1858 1021; x_wconf 83' lang='lat' dir='ltr'><strong>impu—</strong></span> 
     </span>
    </p>
   </div>
   <div class='ocr_carea' id='block_1_51' title="bbox 1074 1032 1859 1063">
    <p class='ocr_par' dir='ltr' id='par_1_51' title="bbox 1074 1032 1859 1063">
     <span class='ocr_line' id='line_1_51' title="bbox 1074 1032 1859 1063; baseline -0.004 -3"><span class='ocrx_word' id='word_1_363' title='bbox 1074 1034 1168 1060; x_wconf 86' lang='lat' dir='ltr'><strong>denter</strong></span> <span class='ocrx_word' id='word_1_364' title='bbox 1183 1038 1212 1060; x_wconf 91' lang='lat' dir='ltr'><strong>ut</strong></span> <span class='ocrx_word' id='word_1_365' title='bbox 1225 1036 1365 1060; x_wconf 81' lang='lat' dir='ltr'><strong>creaturas</strong></span> <span class='ocrx_word' id='word_1_366' title='bbox 1380 1032 1468 1059; x_wconf 83' lang='lat' dir='ltr'><strong>instar</strong></span> <span class='ocrx_word' id='word_1_367' title='bbox 1483 1032 1528 1059; x_wconf 85' lang='lat' dir='ltr'><strong>Dei</strong></span> <span class='ocrx_word' id='word_1_368' title='bbox 1544 1032 1673 1063; x_wconf 85' lang='lat' dir='ltr'><strong>hahcant,</strong></span> <span class='ocrx_word' id='word_1_369' title='bbox 1691 1032 1799 1063; x_wconf 82' lang='lat' dir='ltr'><strong>clamat,</strong></span> <span class='ocrx_word' id='word_1_370' title='bbox 1813 1032 1859 1057; x_wconf 81' lang='lat' dir='ltr'><strong>sed</strong></span> 
     </span>
    </p>
   </div>
   <div class='ocr_carea' id='block_1_52' title="bbox 1075 1077 1860 1111">
    <p class='ocr_par' dir='ltr' id='par_1_52' title="bbox 1075 1077 1860 1111">
     <span class='ocr_line' id='line_1_52' title="bbox 1075 1077 1860 1111; baseline -0.005 -4"><span class='ocrx_word' id='word_1_371' title='bbox 1075 1080 1121 1107; x_wconf 88' lang='lat' dir='ltr'><strong>Dei</strong></span> <span class='ocrx_word' id='word_1_372' title='bbox 1139 1087 1239 1106; x_wconf 81' lang='lat' dir='ltr'><strong>nomen</strong></span> <span class='ocrx_word' id='word_1_373' title='bbox 1255 1080 1366 1111; x_wconf 82' lang='lat' dir='ltr'><strong>reticet;</strong></span> <span class='ocrx_word' id='word_1_374' title='bbox 1383 1079 1562 1105; x_wconf 89' lang='lat' dir='ltr'><strong>nihilominus</strong></span> <span class='ocrx_word' id='word_1_375' title='bbox 1579 1079 1787 1105; x_wconf 84' lang='lat' dir='ltr'><strong>convenientem</strong></span> <span class='ocrx_word' id='word_1_376' title='bbox 1806 1077 1860 1103; x_wconf 72' lang='lat' dir='ltr'><strong>Deo</strong></span> 
     </span>
    </p>
   </div>
   <div class='ocr_carea' id='block_1_53' title="bbox 1075 1124 1861 1159">
    <p class='ocr_par' dir='ltr' id='par_1_53' title="bbox 1075 1124 1861 1159">
     <span class='ocr_line' id='line_1_53' title="bbox 1075 1124 1861 1159; baseline -0.006 -6"><span class='ocrx_word' id='word_1_377' title='bbox 1075 1126 1217 1153; x_wconf 90' lang='lat' dir='ltr'><strong>honorem.</strong></span> <span class='ocrx_word' id='word_1_378' title='bbox 1247 1125 1293 1159; x_wconf 83' lang='lat' dir='ltr'><strong>qui</strong></span> <span class='ocrx_word' id='word_1_379' title='bbox 1315 1132 1362 1159; x_wconf 84' lang='lat' dir='ltr'><strong>per</strong></span> <span class='ocrx_word' id='word_1_380' title='bbox 1378 1124 1577 1159; x_wconf 77' lang='lat' dir='ltr'><strong>&#39;jusjttrandutn</strong></span> <span class='ocrx_word' id='word_1_381' title='bbox 1611 1124 1700 1155; x_wconf 79' lang='lat' dir='ltr'><strong>datur,</strong></span> <span class='ocrx_word' id='word_1_382' title='bbox 1719 1124 1802 1155; x_wconf 65' lang='lat' dir='ltr'><strong>hunc,</strong></span> <span class='ocrx_word' id='word_1_383' title='bbox 1819 1124 1861 1149; x_wconf 88' lang='lat' dir='ltr'><strong>in-</strong></span> 
     </span>
    </p>
   </div>
   <div class='ocr_carea' id='block_1_54' title="bbox 1075 1170 1863 1206">
    <p class='ocr_par' dir='ltr' id='par_1_54' title="bbox 1075 1170 1863 1206">
     <span class='ocr_line' id='line_1_54' title="bbox 1075 1170 1863 1206; baseline -0.004 -8"><span class='ocrx_word' id='word_1_384' title='bbox 1075 1179 1168 1206; x_wconf 80' lang='lat' dir='ltr'><strong>quatn.</strong></span> <span class='ocrx_word' id='word_1_385' title='bbox 1186 1171 1320 1198; x_wconf 83' lang='lat' dir='ltr'><strong>creaturis</strong></span> <span class='ocrx_word' id='word_1_386' title='bbox 1340 1175 1469 1205; x_wconf 87' lang='lat' dir='ltr'><strong>tanquam</strong></span> <span class='ocrx_word' id='word_1_387' title='bbox 1487 1170 1541 1197; x_wconf 88' lang='lat' dir='ltr'><strong>Deo</strong></span> <span class='ocrx_word' id='word_1_388' title='bbox 1561 1170 1617 1196; x_wconf 83' lang='lat' dir='ltr'><strong>dat.</strong></span> <span class='ocrx_word' id='word_1_389' title='bbox 1639 1170 1675 1196; x_wconf 83' lang='lat' dir='ltr'><strong>Ex</strong></span> <span class='ocrx_word' id='word_1_390' title='bbox 1693 1177 1746 1204; x_wconf 83' lang='lat' dir='ltr'><strong>quo</strong></span> <span class='ocrx_word' id='word_1_391' title='bbox 1765 1176 1863 1195; x_wconf 73' lang='lat' dir='ltr'><strong>neces-</strong></span> 
     </span>
    </p>
   </div>
   <div class='ocr_carea' id='block_1_55' title="bbox 1076 1216 1861 1251">
    <p class='ocr_par' dir='ltr' id='par_1_55' title="bbox 1076 1216 1861 1251">
     <span class='ocr_line' id='line_1_55' title="bbox 1076 1216 1861 1251; baseline -0.004 -7"><span class='ocrx_word' id='word_1_392' title='bbox 1076 1217 1150 1245; x_wconf 88' lang='lat' dir='ltr'><strong>sario</strong></span> <span class='ocrx_word' id='word_1_393' title='bbox 1165 1217 1353 1251; x_wconf 86' lang='lat' dir='ltr'><strong>consequitur,</strong></span> <span class='ocrx_word' id='word_1_394' title='bbox 1368 1222 1396 1243; x_wconf 95' lang='lat' dir='ltr'><strong>ut</strong></span> <span class='ocrx_word' id='word_1_395' title='bbox 1411 1217 1455 1251; x_wconf 91' lang='lat' dir='ltr'><strong>qui</strong></span> <span class='ocrx_word' id='word_1_396' title='bbox 1474 1216 1642 1243; x_wconf 87' lang='lat' dir='ltr'><strong>Mohamedis</strong></span> <span class='ocrx_word' id='word_1_397' title='bbox 1663 1216 1742 1242; x_wconf 84' lang='lat' dir='ltr'><strong>deuni</strong></span> <span class='ocrx_word' id='word_1_398' title='bbox 1757 1216 1861 1247; x_wconf 88' lang='lat' dir='ltr'><strong>colunt,</strong></span> 
     </span>
    </p>
   </div>
   <div class='ocr_carea' id='block_1_56' title="bbox 1076 1262 1862 1295">
    <p class='ocr_par' dir='ltr' id='par_1_56' title="bbox 1076 1262 1862 1295">
     <span class='ocr_line' id='line_1_56' title="bbox 1076 1262 1862 1295; baseline -0.003 -5"><span class='ocrx_word' id='word_1_399' title='bbox 1076 1264 1129 1290; x_wconf 87' lang='lat' dir='ltr'><strong>hoc</strong></span> <span class='ocrx_word' id='word_1_400' title='bbox 1141 1263 1313 1295; x_wconf 81' lang='lat' dir='ltr'><strong>intermedio,</strong></span> <span class='ocrx_word' id='word_1_401' title='bbox 1333 1267 1389 1289; x_wconf 92' lang='lat' dir='ltr'><strong>tum</strong></span> <span class='ocrx_word' id='word_1_402' title='bbox 1406 1267 1545 1290; x_wconf 82' lang='lat' dir='ltr'><strong>creaturas</strong></span> <span class='ocrx_word' id='word_1_403' title='bbox 1560 1267 1616 1289; x_wconf 88' lang='lat' dir='ltr'><strong>tum</strong></span> <span class='ocrx_word' id='word_1_404' title='bbox 1631 1262 1712 1289; x_wconf 84' lang='lat' dir='ltr'><strong>etiam</strong></span> <span class='ocrx_word' id='word_1_405' title='bbox 1726 1262 1862 1289; x_wconf 70' lang='lat' dir='ltr'><strong>dmntones</strong></span> 
     </span>
    </p>
   </div>
   <div class='ocr_carea' id='block_1_57' title="bbox 1076 1307 1863 1342">
    <p class='ocr_par' dir='ltr' id='par_1_57' title="bbox 1076 1307 1863 1342">
     <span class='ocr_line' id='line_1_57' title="bbox 1076 1307 1863 1342; baseline -0.005 -5"><span class='ocrx_word' id='word_1_406' title='bbox 1076 1309 1177 1337; x_wconf 82' lang='lat' dir='ltr'><strong>colant.</strong></span> <span class='ocrx_word' id='word_1_407' title='bbox 1190 1308 1337 1335; x_wconf 88' lang='lat' dir='ltr'><strong>Abrahami</strong></span> <span class='ocrx_word' id='word_1_408' title='bbox 1352 1316 1417 1335; x_wconf 83' lang='lat' dir='ltr'><strong>sane</strong></span> <span class='ocrx_word' id='word_1_409' title='bbox 1430 1308 1512 1335; x_wconf 64' lang='lat' dir='ltr'><strong>Deum</strong></span> <span class='ocrx_word' id='word_1_410' title='bbox 1526 1308 1630 1334; x_wconf 85' lang='lat' dir='ltr'><strong>inducit</strong></span> <span class='ocrx_word' id='word_1_411' title='bbox 1641 1308 1776 1342; x_wconf 85' lang='lat' dir='ltr'><strong>jurantetn</strong></span> <span class='ocrx_word' id='word_1_412' title='bbox 1789 1307 1863 1342; x_wconf 77' lang='lat' dir='ltr'><strong>Moy-</strong></span> 
     </span>
    </p>
   </div>
   <div class='ocr_carea' id='block_1_58' title="bbox 1080 1354 1862 1389">
    <p class='ocr_par' dir='ltr' id='par_1_58' title="bbox 1080 1354 1862 1389">
     <span class='ocr_line' id='line_1_58' title="bbox 1080 1354 1862 1389; baseline -0.005 -6"><span class='ocrx_word' id='word_1_413' title='bbox 1080 1364 1135 1387; x_wconf 87' lang='lat' dir='ltr'><strong>ses,</strong></span> <span class='ocrx_word' id='word_1_414' title='bbox 1151 1356 1196 1383; x_wconf 88' lang='lat' dir='ltr'><strong>sed</strong></span> <span class='ocrx_word' id='word_1_415' title='bbox 1211 1363 1259 1389; x_wconf 90' lang='lat' dir='ltr'><strong>per</strong></span> <span class='ocrx_word' id='word_1_416' title='bbox 1275 1355 1356 1381; x_wconf 82' lang='lat' dir='ltr'><strong>aliam</strong></span> <span class='ocrx_word' id='word_1_417' title='bbox 1375 1362 1430 1381; x_wconf 88' lang='lat' dir='ltr'><strong>rem</strong></span> <span class='ocrx_word' id='word_1_418' title='bbox 1457 1354 1557 1380; x_wconf 90' lang='lat' dir='ltr'><strong>nullam</strong></span> <span class='ocrx_word' id='word_1_419' title='bbox 1580 1354 1632 1380; x_wconf 90' lang='lat' dir='ltr'><strong>nisi</strong></span> <span class='ocrx_word' id='word_1_420' title='bbox 1650 1361 1698 1388; x_wconf 79' lang='lat' dir='ltr'><strong>per</strong></span> <span class='ocrx_word' id='word_1_421' title='bbox 1713 1361 1742 1380; x_wconf 87' lang='lat' dir='ltr'><strong>se</strong></span> <span class='ocrx_word' id='word_1_422' title='bbox 1753 1354 1839 1387; x_wconf 80' lang='lat' dir='ltr'><strong>ipsum</strong></span> <span class='ocrx_word' id='word_1_423' title='bbox 1855 1360 1862 1379; x_wconf 86' lang='lat'><strong>:</strong></span> 
     </span>
    </p>
   </div>
   <div class='ocr_carea' id='block_1_59' title="bbox 1078 1399 1863 1435">
    <p class='ocr_par' dir='ltr' id='par_1_59' title="bbox 1078 1399 1863 1435">
     <span class='ocr_line' id='line_1_59' title="bbox 1078 1399 1863 1435; baseline -0.004 -8"><span class='ocrx_word' id='word_1_424' title='bbox 1078 1401 1130 1428; x_wconf 84' lang='lat' dir='ltr'><strong>Per</strong></span> <span class='ocrx_word' id='word_1_425' title='bbox 1155 1399 1434 1435; x_wconf 77' lang='lat' dir='ltr'><strong>memetipsumjuravi</strong></span> <span class='ocrx_word' id='word_1_426' title='bbox 1449 1399 1481 1431; x_wconf 91' lang='lat'><strong>&quot;,</strong></span> <span class='ocrx_word' id='word_1_427' title='bbox 1501 1399 1598 1433; x_wconf 80' lang='lat' dir='ltr'><strong>inquit.</strong></span> <span class='ocrx_word' id='word_1_428' title='bbox 1617 1399 1797 1431; x_wconf 83' lang='lat' dir='ltr'><strong>Quamobrem</strong></span> <span class='ocrx_word' id='word_1_429' title='bbox 1817 1399 1863 1433; x_wconf 79' lang='lat' dir='ltr'><strong>qui</strong></span> 
     </span>
    </p>
   </div>
   <div class='ocr_carea' id='block_1_60' title="bbox 1078 1445 1864 1479">
    <p class='ocr_par' dir='ltr' id='par_1_60' title="bbox 1078 1445 1864 1479">
     <span class='ocr_line' id='line_1_60' title="bbox 1078 1445 1864 1479; baseline -0.003 -6"><span class='ocrx_word' id='word_1_430' title='bbox 1078 1447 1162 1473; x_wconf 83' lang='lat' dir='ltr'><strong>Deum</strong></span> <span class='ocrx_word' id='word_1_431' title='bbox 1174 1446 1320 1473; x_wconf 86' lang='lat' dir='ltr'><strong>Abrahami</strong></span> <span class='ocrx_word' id='word_1_432' title='bbox 1338 1446 1412 1477; x_wconf 90' lang='lat' dir='ltr'><strong>colit,</strong></span> <span class='ocrx_word' id='word_1_433' title='bbox 1432 1445 1515 1472; x_wconf 87' lang='lat' dir='ltr'><strong>alium</strong></span> <span class='ocrx_word' id='word_1_434' title='bbox 1531 1445 1614 1471; x_wconf 87' lang='lat' dir='ltr'><strong>Deum</strong></span> <span class='ocrx_word' id='word_1_435' title='bbox 1630 1445 1791 1472; x_wconf 87' lang='lat' dir='ltr'><strong>intermedio</strong></span> <span class='ocrx_word' id='word_1_436' title='bbox 1805 1445 1864 1479; x_wconf 80' lang='lat' dir='ltr'><strong>ipso</strong></span> 
     </span>
    </p>
   </div>
   <div class='ocr_carea' id='block_1_61' title="bbox 1080 1490 1862 1525">
    <p class='ocr_par' dir='ltr' id='par_1_61' title="bbox 1080 1490 1862 1525">
     <span class='ocr_line' id='line_1_61' title="bbox 1080 1490 1862 1525; baseline -0.003 -6"><span class='ocrx_word' id='word_1_437' title='bbox 1080 1502 1132 1520; x_wconf 89' lang='lat' dir='ltr'><strong>non</strong></span> <span class='ocrx_word' id='word_1_438' title='bbox 1156 1493 1231 1525; x_wconf 86' lang='lat' dir='ltr'><strong>colit,</strong></span> <span class='ocrx_word' id='word_1_439' title='bbox 1251 1492 1297 1519; x_wconf 88' lang='lat' dir='ltr'><strong>sed</strong></span> <span class='ocrx_word' id='word_1_440' title='bbox 1329 1492 1403 1519; x_wconf 92' lang='lat' dir='ltr'><strong>illum</strong></span> <span class='ocrx_word' id='word_1_441' title='bbox 1432 1492 1534 1525; x_wconf 88' lang='lat' dir='ltr'><strong>ipsum.</strong></span> <span class='ocrx_word' id='word_1_442' title='bbox 1560 1490 1751 1518; x_wconf 85' lang='lat' dir='ltr'><strong>Mohamedani</strong></span> <span class='ocrx_word' id='word_1_443' title='bbox 1772 1496 1862 1518; x_wconf 88' lang='lat' dir='ltr'><strong>autem</strong></span> 
     </span>
    </p>
   </div>
   <div class='ocr_carea' id='block_1_62' title="bbox 237 1537 1023 1576">
    <p class='ocr_par' dir='ltr' id='par_1_62' title="bbox 237 1538 1021 1576">
     <span class='ocr_line' id='line_1_62' title="bbox 237 1538 1021 1576; baseline -0.004 -9"><span class='ocrx_word' id='word_1_444' title='bbox 237 1542 263 1567; x_wconf 75' lang='grc' dir='ltr'><strong>οί</strong></span> <span class='ocrx_word' id='word_1_445' title='bbox 282 1542 310 1567; x_wconf 80' lang='grc' dir='ltr'>δὲ</span> <span class='ocrx_word' id='word_1_446' title='bbox 324 1541 362 1576; x_wconf 84' lang='grc' dir='ltr'>τῷ</span> <span class='ocrx_word' id='word_1_447' title='bbox 381 1541 428 1567; x_wconf 81' lang='grc' dir='ltr'><strong>τοῦ</strong></span> <span class='ocrx_word' id='word_1_448' title='bbox 451 1541 573 1575; x_wconf 82' lang='grc' dir='ltr'>Μωάμετ</span> <span class='ocrx_word' id='word_1_449' title='bbox 600 1540 775 1574; x_wconf 81' lang='grc' dir='ltr'>λατρεύοντες</span> <span class='ocrx_word' id='word_1_450' title='bbox 795 1539 864 1573; x_wconf 76' lang='grc' dir='ltr'>Θεῷ,</span> <span class='ocrx_word' id='word_1_451' title='bbox 881 1540 913 1565; x_wconf 81' lang='grc' dir='ltr'>δι’</span> <span class='ocrx_word' id='word_1_452' title='bbox 940 1538 1021 1564; x_wconf 74' lang='grc' dir='ltr'>αὑτοῦ</span> 
     </span>
    </p>
   </div>
   <div class='ocr_carea' id='block_1_63' title="bbox 1075 1537 1865 1576">
    <p class='ocr_par' dir='ltr' id='par_1_63' title="bbox 1076 1537 1865 1570">
     <span class='ocr_line' id='line_1_63' title="bbox 1076 1537 1865 1570; baseline -0.003 -5"><span class='ocrx_word' id='word_1_453' title='bbox 1076 1541 1139 1565; x_wconf 86' lang='lat' dir='ltr'><strong>dum</strong></span> <span class='ocrx_word' id='word_1_454' title='bbox 1169 1539 1252 1565; x_wconf 89' lang='lat' dir='ltr'><strong>Deutn</strong></span> <span class='ocrx_word' id='word_1_455' title='bbox 1271 1539 1376 1570; x_wconf 90' lang='lat' dir='ltr'><strong>colunt,</strong></span> <span class='ocrx_word' id='word_1_456' title='bbox 1401 1537 1563 1564; x_wconf 87' lang='lat' dir='ltr'><strong>intermedio</strong></span> <span class='ocrx_word' id='word_1_457' title='bbox 1595 1537 1690 1564; x_wconf 88' lang='lat' dir='ltr'><strong>eodem</strong></span> <span class='ocrx_word' id='word_1_458' title='bbox 1718 1542 1812 1564; x_wconf 90' lang='lat' dir='ltr'><strong>noctes</strong></span> <span class='ocrx_word' id='word_1_459' title='bbox 1838 1542 1865 1563; x_wconf 79' lang='lat' dir='ltr'><strong>et</strong></span> 
     </span>
    </p>
   </div>
   <div class='ocr_carea' id='block_1_64' title="bbox 239 1583 1025 1617">
    <p class='ocr_par' dir='ltr' id='par_1_64' title="bbox 239 1583 1025 1617">
     <span class='ocr_line' id='line_1_64' title="bbox 239 1583 1025 1617; baseline -0.005 -5"><span class='ocrx_word' id='word_1_460' title='bbox 239 1587 344 1612; x_wconf 70' lang='grc' dir='ltr'>ἐκείνου</span> <span class='ocrx_word' id='word_1_461' title='bbox 360 1586 460 1617; x_wconf 80' lang='grc' dir='ltr'>νύκτας</span> <span class='ocrx_word' id='word_1_462' title='bbox 484 1594 514 1611; x_wconf 88' lang='grc' dir='ltr'><strong>τε</strong></span> <span class='ocrx_word' id='word_1_463' title='bbox 539 1586 585 1611; x_wconf 73' lang='grc' dir='ltr'><strong>καὶ</strong></span> <span class='ocrx_word' id='word_1_464' title='bbox 602 1585 684 1616; x_wconf 82' lang='grc' dir='ltr'>κύνας</span> <span class='ocrx_word' id='word_1_465' title='bbox 707 1585 753 1611; x_wconf 87' lang='grc' dir='ltr'><strong>καί</strong></span> <span class='ocrx_word' id='word_1_466' title='bbox 770 1585 853 1615; x_wconf 80' lang='grc' dir='ltr'>συκᾶς</span> <span class='ocrx_word' id='word_1_467' title='bbox 871 1585 917 1609; x_wconf 67' lang='grc' dir='ltr'>καὶ</span> <span class='ocrx_word' id='word_1_468' title='bbox 933 1583 1025 1614; x_wconf 82' lang='grc' dir='ltr'>ἐλαίας</span> 
     </span>
    </p>
   </div>
   <div class='ocr_carea' id='block_1_65' title="bbox 239 1628 1024 1666">
    <p class='ocr_par' dir='ltr' id='par_1_65' title="bbox 239 1628 1024 1666">
     <span class='ocr_line' id='line_1_65' title="bbox 239 1628 1024 1666; baseline -0.005 -8"><span class='ocrx_word' id='word_1_469' title='bbox 239 1633 286 1659; x_wconf 80' lang='grc' dir='ltr'><strong>καὶ</strong></span> <span class='ocrx_word' id='word_1_470' title='bbox 299 1632 387 1658; x_wconf 81' lang='grc' dir='ltr'>πάντα</span> <span class='ocrx_word' id='word_1_471' title='bbox 397 1632 431 1658; x_wconf 83' lang='grc' dir='ltr'>τὰ</span> <span class='ocrx_word' id='word_1_472' title='bbox 442 1631 628 1666; x_wconf 77' lang='grc' dir='ltr'>προειρημένα</span> <span class='ocrx_word' id='word_1_473' title='bbox 641 1630 802 1665; x_wconf 76' lang='grc' dir='ltr'>μυθεύματα</span> <span class='ocrx_word' id='word_1_474' title='bbox 816 1628 1024 1665; x_wconf 69' lang='grc' dir='ltr'>προσκυνοῦσιν·</span> 
     </span>
    </p>
   </div>
   <div class='ocr_carea' id='block_1_66' title="bbox 239 1675 1026 1712">
    <p class='ocr_par' dir='ltr' id='par_1_66' title="bbox 239 1675 1026 1712">
     <span class='ocr_line' id='line_1_66' title="bbox 239 1675 1026 1712; baseline -0.005 -8"><span class='ocrx_word' id='word_1_475' title='bbox 239 1677 281 1704; x_wconf 79' lang='grc' dir='ltr'>διὸ</span> <span class='ocrx_word' id='word_1_476' title='bbox 307 1677 340 1712; x_wconf 80' lang='grc' dir='ltr'>δὴ</span> <span class='ocrx_word' id='word_1_477' title='bbox 354 1677 403 1712; x_wconf 84' lang='grc' dir='ltr'><strong>τὴν</strong></span> <span class='ocrx_word' id='word_1_478' title='bbox 431 1677 535 1712; x_wconf 78' lang='grc' dir='ltr'>πλάνην</span> <span class='ocrx_word' id='word_1_479' title='bbox 553 1677 782 1711; x_wconf 72' lang='grc' dir='ltr'>κατανοήσαντες,</span> <span class='ocrx_word' id='word_1_480' title='bbox 808 1676 854 1701; x_wconf 72' lang='grc' dir='ltr'><strong>καὶ</strong></span> <span class='ocrx_word' id='word_1_481' title='bbox 883 1676 929 1701; x_wconf 71' lang='grc' dir='ltr'><strong>τὸν</strong></span> <span class='ocrx_word' id='word_1_482' title='bbox 953 1675 1026 1701; x_wconf 70' lang='grc' dir='ltr'>66).ον</span> 
     </span>
    </p>
   </div>
   <div class='ocr_carea' id='block_1_67' title="bbox 239 1721 1026 1757">
    <p class='ocr_par' dir='ltr' id='par_1_67' title="bbox 239 1721 1026 1757">
     <span class='ocr_line' id='line_1_67' title="bbox 239 1721 1026 1757; baseline -0.004 -8"><span class='ocrx_word' id='word_1_483' title='bbox 239 1724 388 1754; x_wconf 80' lang='grc' dir='ltr'>συνιέντες,</span> <span class='ocrx_word' id='word_1_484' title='bbox 405 1723 612 1757; x_wconf 80' lang='grc' dir='ltr'>ἁποστήτωσαν,</span> <span class='ocrx_word' id='word_1_485' title='bbox 631 1723 654 1748; x_wconf 85' lang='grc' dir='ltr'><strong>εί</strong></span> <span class='ocrx_word' id='word_1_486' title='bbox 681 1722 826 1756; x_wconf 80' lang='grc' dir='ltr'>βούλοιντο,</span> <span class='ocrx_word' id='word_1_487' title='bbox 844 1721 893 1755; x_wconf 86' lang='grc' dir='ltr'><strong>τῆς</strong></span> <span class='ocrx_word' id='word_1_488' title='bbox 908 1721 954 1746; x_wconf 83' lang='grc' dir='ltr'><strong>τοῦ</strong></span> <span class='ocrx_word' id='word_1_489' title='bbox 973 1729 1026 1755; x_wconf 87' lang='grc' dir='ltr'>μα-</span> 
     </span>
    </p>
   </div>
   <div class='ocr_carea' id='block_1_68' title="bbox 239 1766 1026 1803">
    <p class='ocr_par' dir='ltr' id='par_1_68' title="bbox 239 1766 1026 1803">
     <span class='ocr_line' id='line_1_68' title="bbox 239 1766 1026 1803; baseline -0.005 -8"><span class='ocrx_word' id='word_1_490' title='bbox 239 1769 316 1795; x_wconf 80' lang='grc' dir='ltr'>ταίου</span> <span class='ocrx_word' id='word_1_491' title='bbox 330 1769 425 1796; x_wconf 82' lang='grc' dir='ltr'>τούτου</span> <span class='ocrx_word' id='word_1_492' title='bbox 439 1769 623 1803; x_wconf 79' lang='grc' dir='ltr'>παροδηγίας·</span> <span class='ocrx_word' id='word_1_493' title='bbox 643 1768 689 1794; x_wconf 78' lang='grc' dir='ltr'>καὶ</span> <span class='ocrx_word' id='word_1_494' title='bbox 717 1768 784 1802; x_wconf 86' lang='grc' dir='ltr'>μόνῃ</span> <span class='ocrx_word' id='word_1_495' title='bbox 803 1768 835 1802; x_wconf 79' lang='grc' dir='ltr'>τῇ</span> <span class='ocrx_word' id='word_1_496' title='bbox 853 1766 913 1801; x_wconf 62' lang='grc' dir='ltr'>θείᾳ</span> <span class='ocrx_word' id='word_1_497' title='bbox 932 1767 1026 1801; x_wconf 76' lang='grc' dir='ltr'>Γραφῇ</span> 
     </span>
    </p>
   </div>
   <div class='ocr_carea' id='block_1_69' title="bbox 240 1811 1027 1848">
    <p class='ocr_par' dir='ltr' id='par_1_69' title="bbox 240 1811 1027 1848">
     <span class='ocr_line' id='line_1_69' title="bbox 240 1811 1027 1848; baseline -0.004 -9"><span class='ocrx_word' id='word_1_498' title='bbox 240 1814 443 1848; x_wconf 80' lang='grc' dir='ltr'>στοιχήσαντες,</span> <span class='ocrx_word' id='word_1_499' title='bbox 470 1813 536 1847; x_wconf 81' lang='grc' dir='ltr'>παρ’</span> <span class='ocrx_word' id='word_1_500' title='bbox 561 1812 645 1847; x_wconf 77' lang='grc' dir='ltr'>αὐτῆς</span> <span class='ocrx_word' id='word_1_501' title='bbox 670 1812 719 1847; x_wconf 76' lang='grc' dir='ltr'>τὴν</span> <span class='ocrx_word' id='word_1_502' title='bbox 745 1811 851 1837; x_wconf 85' lang='grc' dir='ltr'>τελείαν</span> <span class='ocrx_word' id='word_1_503' title='bbox 879 1812 927 1837; x_wconf 79' lang='grc' dir='ltr'><strong>καὶ</strong></span> <span class='ocrx_word' id='word_1_504' title='bbox 943 1812 1027 1846; x_wconf 76' lang='grc' dir='ltr'>μόνην</span> 
     </span>
    </p>
   </div>
   <div class='ocr_carea' id='block_1_70' title="bbox 240 1857 1028 1893">
    <p class='ocr_par' dir='ltr' id='par_1_70' title="bbox 240 1857 1028 1893">
     <span class='ocr_line' id='line_1_70' title="bbox 240 1857 1028 1893; baseline 0.001 -10"><span class='ocrx_word' id='word_1_505' title='bbox 240 1858 328 1893; x_wconf 69' lang='grc' dir='ltr'><strong>ἀληθῆ</strong></span> <span class='ocrx_word' id='word_1_506' title='bbox 340 1858 505 1892; x_wconf 72' lang='grc' dir='ltr'>θεογνωσίαν</span> <span class='ocrx_word' id='word_1_507' title='bbox 518 1858 735 1893; x_wconf 79' lang='grc' dir='ltr'>διδαχθήτωσαν·</span> <span class='ocrx_word' id='word_1_508' title='bbox 750 1858 818 1892; x_wconf 78' lang='grc' dir='ltr'>πρὸς</span> <span class='ocrx_word' id='word_1_509' title='bbox 828 1858 861 1892; x_wconf 82' lang='grc' dir='ltr'>ἣν</span> <span class='ocrx_word' id='word_1_510' title='bbox 869 1857 903 1883; x_wconf 73' lang='grc' dir='ltr'>τὰ</span> <span class='ocrx_word' id='word_1_511' title='bbox 914 1857 1028 1892; x_wconf 72' lang='grc' dir='ltr'>κίϐδηλα</span> 
     </span>
    </p>
   </div>
   <div class='ocr_carea' id='block_1_71' title="bbox 240 1903 1028 1939">
    <p class='ocr_par' dir='ltr' id='par_1_71' title="bbox 240 1903 1028 1939">
     <span class='ocr_line' id='line_1_71' title="bbox 240 1903 1028 1939; baseline -0.001 -9"><span class='ocrx_word' id='word_1_512' title='bbox 240 1904 336 1930; x_wconf 82' lang='grc' dir='ltr'>τούτου</span> <span class='ocrx_word' id='word_1_513' title='bbox 364 1904 484 1939; x_wconf 76' lang='grc' dir='ltr'>μυθάρια</span> <span class='ocrx_word' id='word_1_514' title='bbox 514 1904 727 1939; x_wconf 79' lang='grc' dir='ltr'>συγκρινόμενα,</span> <span class='ocrx_word' id='word_1_515' title='bbox 753 1904 802 1938; x_wconf 79' lang='grc' dir='ltr'>τὴν</span> <span class='ocrx_word' id='word_1_516' title='bbox 829 1904 889 1930; x_wconf 80' lang='grc' dir='ltr'>ὅσον</span> <span class='ocrx_word' id='word_1_517' title='bbox 912 1903 1028 1938; x_wconf 79' lang='grc' dir='ltr'>κοπρίαν</span> 
     </span>
    </p>
   </div>
   <div class='ocr_carea' id='block_1_72' title="bbox 241 1950 1028 1986">
    <p class='ocr_par' dir='ltr' id='par_1_72' title="bbox 241 1950 1028 1986">
     <span class='ocr_line' id='line_1_72' title="bbox 241 1950 1028 1986; baseline 0 -9"><span class='ocrx_word' id='word_1_518' title='bbox 241 1951 309 1985; x_wconf 79' lang='grc' dir='ltr'>πρὸς</span> <span class='ocrx_word' id='word_1_519' title='bbox 336 1950 451 1985; x_wconf 74' lang='grc' dir='ltr'>δϐρυζον</span> <span class='ocrx_word' id='word_1_520' title='bbox 476 1951 576 1986; x_wconf 70' lang='grc' dir='ltr'>χρυσὸν</span> <span class='ocrx_word' id='word_1_521' title='bbox 595 1950 844 1986; x_wconf 74' lang='grc' dir='ltr'>παραϐαλλομένην</span> <span class='ocrx_word' id='word_1_522' title='bbox 870 1950 1028 1977; x_wconf 77' lang='grc' dir='ltr'>ἀπόπτωσιν</span> 
     </span>
    </p>
   </div>
   <div class='ocr_carea' id='block_1_73' title="bbox 242 1997 679 2032">
    <p class='ocr_par' dir='ltr' id='par_1_73' title="bbox 242 1997 679 2032">
     <span class='ocr_line' id='line_1_73' title="bbox 242 1997 679 2032; baseline 0.005 -10"><span class='ocrx_word' id='word_1_523' title='bbox 242 1997 381 2031; x_wconf 72' lang='grc' dir='ltr'>πάσχοντα</span> <span class='ocrx_word' id='word_1_524' title='bbox 396 1998 589 2032; x_wconf 83' lang='grc' dir='ltr'>ἁπελέγχεται.</span> <span class='ocrx_word' id='word_1_525' title='bbox 676 2028 679 2030; x_wconf 92' lang='lat'>_</span> 
     </span>
    </p>
   </div>
   <div class='ocr_carea' id='block_1_74' title="bbox 503 2039 765 2071">
    <p class='ocr_par' dir='ltr' id='par_1_74' title="bbox 503 2039 765 2071">
     <span class='ocr_line' id='line_1_74' title="bbox 503 2039 765 2071; baseline 0 -1"><span class='ocrx_word' id='word_1_526' title='bbox 503 2039 700 2071; x_wconf 72' lang='grc' dir='ltr'><strong>ΑΠᾹΝἹἩΣΙΣ</strong></span> <span class='ocrx_word' id='word_1_527' title='bbox 715 2044 765 2070; x_wconf 82' lang='grc' dir='ltr'><strong>ΙΘ’.</strong></span> 
     </span>
    </p>
   </div>
   <div class='ocr_carea' id='block_1_75' title="bbox 241 2089 1030 2124">
    <p class='ocr_par' dir='ltr' id='par_1_75' title="bbox 241 2089 1030 2124">
     <span class='ocr_line' id='line_1_75' title="bbox 241 2089 1030 2124; baseline 0 -9"><span class='ocrx_word' id='word_1_528' title='bbox 241 2089 319 2123; x_wconf 75' lang='grc' dir='ltr'><strong>Πρὸς</strong></span> <span class='ocrx_word' id='word_1_529' title='bbox 334 2089 386 2115; x_wconf 73' lang='grc' dir='ltr'><strong>τὸν</strong></span> <span class='ocrx_word' id='word_1_530' title='bbox 404 2090 529 2124; x_wconf 78' lang='grc' dir='ltr'><strong>Μωίὶμετ</strong></span> <span class='ocrx_word' id='word_1_531' title='bbox 558 2089 653 2123; x_wconf 70' lang='grc' dir='ltr'><em>ψιλῶς</em></span> <span class='ocrx_word' id='word_1_532' title='bbox 683 2090 946 2123; x_wconf 81' lang='grc' dir='ltr'>ἐκλαμϐίινόμενον</span> <span class='ocrx_word' id='word_1_533' title='bbox 972 2089 1030 2122; x_wconf 80' lang='grc' dir='ltr'><strong>τὴν</strong></span> 
     </span>
    </p>
   </div>
   <div class='ocr_carea' id='block_1_76' title="bbox 276 2124 1028 2159">
    <p class='ocr_par' dir='ltr' id='par_1_76' title="bbox 276 2124 1028 2159">
     <span class='ocr_line' id='line_1_76' title="bbox 276 2124 1028 2159; baseline 0 -8"><span class='ocrx_word' id='word_1_534' title='bbox 276 2125 371 2158; x_wconf 72' lang='grc' dir='ltr'>Λόγος</span> <span class='ocrx_word' id='word_1_535' title='bbox 387 2124 441 2159; x_wconf 76' lang='lat'><strong>(89)</strong></span> <span class='ocrx_word' id='word_1_536' title='bbox 456 2125 620 2158; x_wconf 63' lang='grc' dir='ltr'><strong>φωνὴν-ἐπί</strong></span> <span class='ocrx_word' id='word_1_537' title='bbox 638 2124 690 2151; x_wconf 88' lang='grc' dir='ltr'>τοῦ</span> <span class='ocrx_word' id='word_1_538' title='bbox 712 2124 920 2150; x_wconf 80' lang='grc' dir='ltr'>ἐνυποστάτου</span> <span class='ocrx_word' id='word_1_539' title='bbox 932 2124 1028 2159; x_wconf 78' lang='grc' dir='ltr'>Λόγου</span> 
     </span>
    </p>
   </div>
   <div class='ocr_carea' id='block_1_77' title="bbox 277 2159 578 2187">
    <p class='ocr_par' dir='ltr' id='par_1_77' title="bbox 277 2159 578 2187">
     <span class='ocr_line' id='line_1_77' title="bbox 277 2159 578 2187; baseline 0.007 -2"><span class='ocrx_word' id='word_1_540' title='bbox 277 2160 327 2185; x_wconf 70' lang='grc' dir='ltr'>καὶ</span> <span class='ocrx_word' id='word_1_541' title='bbox 344 2159 411 2186; x_wconf 85' lang='grc' dir='ltr'><strong>Υὶού</strong></span> <span class='ocrx_word' id='word_1_542' title='bbox 427 2160 480 2186; x_wconf 79' lang='grc' dir='ltr'>τοῦ</span> <span class='ocrx_word' id='word_1_543' title='bbox 495 2159 578 2187; x_wconf 86' lang='grc' dir='ltr'>Θεοῦ.</span> 
     </span>
    </p>
   </div>
   <div class='ocr_carea' id='block_1_78' title="bbox 1077 1583 1865 1618">
    <p class='ocr_par' dir='ltr' id='par_1_78' title="bbox 1077 1583 1865 1618">
     <span class='ocr_line' id='line_1_78' title="bbox 1077 1583 1865 1618; baseline -0.001 -7"><span class='ocrx_word' id='word_1_544' title='bbox 1077 1592 1157 1611; x_wconf 86' lang='lat' dir='ltr'><strong>canes</strong></span> <span class='ocrx_word' id='word_1_545' title='bbox 1169 1589 1195 1611; x_wconf 87' lang='lat' dir='ltr'><strong>et</strong></span> <span class='ocrx_word' id='word_1_546' title='bbox 1217 1585 1284 1611; x_wconf 87' lang='lat' dir='ltr'><strong>licus</strong></span> <span class='ocrx_word' id='word_1_547' title='bbox 1299 1589 1324 1610; x_wconf 90' lang='lat' dir='ltr'><strong>et</strong></span> <span class='ocrx_word' id='word_1_548' title='bbox 1338 1583 1420 1616; x_wconf 84' lang='lat' dir='ltr'><strong>oleas,</strong></span> <span class='ocrx_word' id='word_1_549' title='bbox 1430 1588 1456 1610; x_wconf 89' lang='lat' dir='ltr'><strong>et</strong></span> <span class='ocrx_word' id='word_1_550' title='bbox 1466 1584 1590 1618; x_wconf 66' lang='lat' dir='ltr'><strong>praedicta</strong></span> <span class='ocrx_word' id='word_1_551' title='bbox 1606 1583 1695 1610; x_wconf 87' lang='lat' dir='ltr'><strong>omnia</strong></span> <span class='ocrx_word' id='word_1_552' title='bbox 1712 1588 1865 1610; x_wconf 79' lang='lat' dir='ltr'><strong>commenta</strong></span> 
     </span>
    </p>
   </div>
   <div class='ocr_carea' id='block_1_79' title="bbox 1078 1630 1866 1666">
    <p class='ocr_par' dir='ltr' id='par_1_79' title="bbox 1078 1630 1866 1666">
     <span class='ocr_line' id='line_1_79' title="bbox 1078 1630 1866 1666; baseline -0.001 -8"><span class='ocrx_word' id='word_1_553' title='bbox 1078 1632 1203 1658; x_wconf 86' lang='lat' dir='ltr'><strong>adorant.</strong></span> <span class='ocrx_word' id='word_1_554' title='bbox 1236 1631 1320 1666; x_wconf 73' lang='lat' dir='ltr'><strong>igitur</strong></span> <span class='ocrx_word' id='word_1_555' title='bbox 1346 1638 1440 1658; x_wconf 86' lang='lat' dir='ltr'><strong>errore</strong></span> <span class='ocrx_word' id='word_1_556' title='bbox 1464 1631 1572 1657; x_wconf 88' lang='lat' dir='ltr'><strong>detnum</strong></span> <span class='ocrx_word' id='word_1_557' title='bbox 1601 1630 1720 1665; x_wconf 78' lang='lat' dir='ltr'><strong>cognito,</strong></span> <span class='ocrx_word' id='word_1_558' title='bbox 1749 1630 1866 1665; x_wconf 79' lang='lat' dir='ltr'><strong>doloque</strong></span> 
     </span>
    </p>
   </div>
   <div class='ocr_carea' id='block_1_80' title="bbox 1078 1676 1866 1710">
    <p class='ocr_par' dir='ltr' id='par_1_80' title="bbox 1078 1676 1866 1710">
     <span class='ocr_line' id='line_1_80' title="bbox 1078 1676 1866 1710; baseline -0.001 -6"><span class='ocrx_word' id='word_1_559' title='bbox 1078 1678 1226 1708; x_wconf 82' lang='lat' dir='ltr'><strong>intellecto,</strong></span> <span class='ocrx_word' id='word_1_560' title='bbox 1245 1677 1385 1708; x_wconf 84' lang='lat' dir='ltr'><strong>recedant,</strong></span> <span class='ocrx_word' id='word_1_561' title='bbox 1401 1677 1423 1703; x_wconf 90' lang='lat' dir='ltr'><strong>si</strong></span> <span class='ocrx_word' id='word_1_562' title='bbox 1440 1680 1514 1703; x_wconf 89' lang='lat' dir='ltr'><strong>certe</strong></span> <span class='ocrx_word' id='word_1_563' title='bbox 1533 1676 1641 1707; x_wconf 76' lang='lat' dir='ltr'><strong>Volunt,</strong></span> <span class='ocrx_word' id='word_1_564' title='bbox 1656 1676 1690 1703; x_wconf 88' lang='lat' dir='ltr'><strong>ah</strong></span> <span class='ocrx_word' id='word_1_565' title='bbox 1702 1676 1783 1710; x_wconf 83' lang='lat' dir='ltr'><strong>hujus</strong></span> <span class='ocrx_word' id='word_1_566' title='bbox 1792 1677 1866 1703; x_wconf 91' lang='lat' dir='ltr'><strong>stulti</strong></span> 
     </span>
    </p>
   </div>
   <div class='ocr_carea' id='block_1_81' title="bbox 1078 1721 1852 1756">
    <p class='ocr_par' dir='ltr' id='par_1_81' title="bbox 1078 1721 1852 1756">
     <span class='ocr_line' id='line_1_81' title="bbox 1078 1721 1852 1756; baseline 0 -7"><span class='ocrx_word' id='word_1_567' title='bbox 1078 1730 1193 1749; x_wconf 88' lang='lat' dir='ltr'><strong>erronco</strong></span> <span class='ocrx_word' id='word_1_568' title='bbox 1215 1723 1314 1749; x_wconf 89' lang='lat' dir='ltr'><strong>ducatu</strong></span> <span class='ocrx_word' id='word_1_569' title='bbox 1341 1722 1465 1756; x_wconf 87' lang='lat' dir='ltr'><strong>:uniqne</strong></span> <span class='ocrx_word' id='word_1_570' title='bbox 1494 1722 1591 1749; x_wconf 67' lang='lat' dir='ltr'><strong>divina:</strong></span> <span class='ocrx_word' id='word_1_571' title='bbox 1605 1721 1754 1756; x_wconf 70' lang='lat' dir='ltr'><strong>Scriptura:</strong></span> <span class='ocrx_word' id='word_1_572' title='bbox 1775 1723 1852 1749; x_wconf 79' lang='lat' dir='ltr'><strong>adha-</strong></span> 
     </span>
    </p>
   </div>
   <div class='ocr_carea' id='block_1_82' title="bbox 1078 1768 1866 1803">
    <p class='ocr_par' dir='ltr' id='par_1_82' title="bbox 1078 1768 1866 1803">
     <span class='ocr_line' id='line_1_82' title="bbox 1078 1768 1866 1803; baseline -0.001 -8"><span class='ocrx_word' id='word_1_573' title='bbox 1078 1774 1178 1800; x_wconf 88' lang='lat' dir='ltr'><strong>rentes,</strong></span> <span class='ocrx_word' id='word_1_574' title='bbox 1192 1768 1225 1794; x_wconf 85' lang='lat' dir='ltr'><strong>ah</strong></span> <span class='ocrx_word' id='word_1_575' title='bbox 1237 1768 1330 1795; x_wconf 89' lang='lat' dir='ltr'><strong>eadem</strong></span> <span class='ocrx_word' id='word_1_576' title='bbox 1343 1768 1492 1803; x_wconf 77' lang='lat' dir='ltr'><strong>perlectum</strong></span> <span class='ocrx_word' id='word_1_577' title='bbox 1503 1768 1648 1802; x_wconf 87' lang='lat' dir='ltr'><strong>solumque</strong></span> <span class='ocrx_word' id='word_1_578' title='bbox 1659 1775 1751 1795; x_wconf 79' lang='lat' dir='ltr'><strong>verum</strong></span> <span class='ocrx_word' id='word_1_579' title='bbox 1763 1768 1866 1795; x_wconf 76' lang='lat' dir='ltr'><strong>cultum</strong></span> 
     </span>
    </p>
   </div>
   <div class='ocr_carea' id='block_1_83' title="bbox 1079 1812 1868 1848">
    <p class='ocr_par' dir='ltr' id='par_1_83' title="bbox 1079 1812 1868 1848">
     <span class='ocr_line' id='line_1_83' title="bbox 1079 1812 1868 1848; baseline -0.001 -8"><span class='ocrx_word' id='word_1_580' title='bbox 1079 1814 1202 1846; x_wconf 83' lang='lat' dir='ltr'><strong>discant;</strong></span> <span class='ocrx_word' id='word_1_581' title='bbox 1234 1821 1296 1840; x_wconf 91' lang='lat' dir='ltr'><strong>cum</strong></span> <span class='ocrx_word' id='word_1_582' title='bbox 1317 1821 1371 1848; x_wconf 86' lang='lat' dir='ltr'><strong>qua</strong></span> <span class='ocrx_word' id='word_1_583' title='bbox 1404 1813 1495 1840; x_wconf 89' lang='lat' dir='ltr'><strong>divina</strong></span> <span class='ocrx_word' id='word_1_584' title='bbox 1525 1812 1665 1847; x_wconf 84' lang='lat' dir='ltr'><strong>Scriptura</strong></span> <span class='ocrx_word' id='word_1_585' title='bbox 1679 1820 1764 1840; x_wconf 71' lang='lat' dir='ltr'><strong>cassa:</strong></span> <span class='ocrx_word' id='word_1_586' title='bbox 1785 1813 1868 1847; x_wconf 89' lang='lat' dir='ltr'><strong>hujus</strong></span> 
     </span>
    </p>
   </div>
   <div class='ocr_carea' id='block_1_84' title="bbox 1079 1859 1868 1894">
    <p class='ocr_par' dir='ltr' id='par_1_84' title="bbox 1079 1859 1868 1894">
     <span class='ocr_line' id='line_1_84' title="bbox 1079 1859 1868 1894; baseline -0.001 -8"><span class='ocrx_word' id='word_1_587' title='bbox 1079 1859 1199 1886; x_wconf 88' lang='lat' dir='ltr'><strong>hominis</strong></span> <span class='ocrx_word' id='word_1_588' title='bbox 1221 1859 1406 1886; x_wconf 81' lang='lat' dir='ltr'><strong>fabulationcs</strong></span> <span class='ocrx_word' id='word_1_589' title='bbox 1433 1863 1607 1894; x_wconf 67' lang='lat' dir='ltr'><strong>comparatae,</strong></span> <span class='ocrx_word' id='word_1_590' title='bbox 1639 1866 1688 1886; x_wconf 89' lang='lat' dir='ltr'><strong>cett</strong></span> <span class='ocrx_word' id='word_1_591' title='bbox 1709 1859 1732 1885; x_wconf 88' lang='lat' dir='ltr'><strong>si</strong></span> <span class='ocrx_word' id='word_1_592' title='bbox 1760 1864 1868 1886; x_wconf 79' lang='lat' dir='ltr'><strong>stercus</strong></span> 
     </span>
    </p>
   </div>
   <div class='ocr_carea' id='block_1_85' title="bbox 1079 1903 1867 1938">
    <p class='ocr_par' dir='ltr' id='par_1_85' title="bbox 1079 1903 1867 1938">
     <span class='ocr_line' id='line_1_85' title="bbox 1079 1903 1867 1938; baseline 0 -7"><span class='ocrx_word' id='word_1_593' title='bbox 1079 1912 1141 1931; x_wconf 92' lang='lat' dir='ltr'><strong>cum</strong></span> <span class='ocrx_word' id='word_1_594' title='bbox 1157 1912 1224 1931; x_wconf 80' lang='lat' dir='ltr'><strong>auro</strong></span> <span class='ocrx_word' id='word_1_595' title='bbox 1240 1904 1334 1932; x_wconf 85' lang='lat' dir='ltr'><strong>obrizo</strong></span> <span class='ocrx_word' id='word_1_596' title='bbox 1351 1903 1519 1938; x_wconf 75' lang='lat' dir='ltr'><strong>conferatur,</strong></span> <span class='ocrx_word' id='word_1_597' title='bbox 1542 1904 1620 1931; x_wconf 88' lang='lat' dir='ltr'><strong>ruina</strong></span> <span class='ocrx_word' id='word_1_598' title='bbox 1640 1903 1740 1931; x_wconf 85' lang='lat' dir='ltr'><strong>diaboli</strong></span> <span class='ocrx_word' id='word_1_599' title='bbox 1755 1911 1867 1938; x_wconf 84' lang='lat' dir='ltr'><strong>compe-</strong></span> 
     </span>
    </p>
   </div>
   <div class='ocr_carea' id='block_1_86' title="bbox 1079 1951 1193 1978">
    <p class='ocr_par' dir='ltr' id='par_1_86' title="bbox 1079 1951 1193 1978">
     <span class='ocr_line' id='line_1_86' title="bbox 1079 1951 1193 1978; baseline -0.009 0"><span class='ocrx_word' id='word_1_600' title='bbox 1079 1951 1193 1978; x_wconf 90' lang='lat' dir='ltr'><strong>rientur.</strong></span> 
     </span>
    </p>
   </div>
   <div class='ocr_carea' id='block_1_87' title="bbox 1300 2041 1641 2069">
    <p class='ocr_par' dir='ltr' id='par_1_87' title="bbox 1300 2041 1641 2069">
     <span class='ocr_line' id='line_1_87' title="bbox 1300 2041 1641 2069; baseline -0.006 0"><span class='ocrx_word' id='word_1_601' title='bbox 1300 2041 1551 2069; x_wconf 71' lang='lat' dir='ltr'><strong>CONTRADICTIO</strong></span> <span class='ocrx_word' id='word_1_602' title='bbox 1570 2041 1641 2067; x_wconf 70' lang='lat' dir='ltr'><strong>XIX.</strong></span> 
     </span>
    </p>
   </div>
   <div class='ocr_carea' id='block_1_88' title="bbox 1079 2085 1867 2122">
    <p class='ocr_par' dir='ltr' id='par_1_88' title="bbox 1079 2085 1867 2122">
     <span class='ocr_line' id='line_1_88' title="bbox 1079 2085 1867 2122; baseline -0.001 -8"><span class='ocrx_word' id='word_1_603' title='bbox 1079 2088 1209 2114; x_wconf 76' lang='lat' dir='ltr'><strong>Adversus</strong></span> <span class='ocrx_word' id='word_1_604' title='bbox 1218 2087 1459 2122; x_wconf 69' lang='lat' dir='ltr'><strong>Mo/tamodem,qui</strong></span> <span class='ocrx_word' id='word_1_605' title='bbox 1470 2087 1622 2113; x_wconf 82' lang='lat' dir='ltr'><strong>vocabulum</strong></span> <span class='ocrx_word' id='word_1_606' title='bbox 1632 2085 1742 2122; x_wconf 63' lang='grc' dir='ltr'>Ϋιῖῐιιιυιι</span> <span class='ocrx_word' id='word_1_607' title='bbox 1754 2086 1867 2122; x_wconf 70' lang='lat' dir='ltr'><strong>sintpliri</strong></span> 
     </span>
    </p>
   </div>
   <div class='ocr_carea' id='block_1_89' title="bbox 1116 2121 1866 2185">
    <p class='ocr_par' dir='ltr' id='par_1_89' title="bbox 1116 2121 1866 2185">
     <span class='ocr_line' id='line_1_89' title="bbox 1116 2121 1866 2185; baseline -0.001 -36"><span class='ocrx_word' id='word_1_608' title='bbox 1116 2124 1221 2185; x_wconf 39' lang='lat' dir='ltr'><strong>ﬁctione</strong></span> <span class='ocrx_word' id='word_1_609' title='bbox 1245 2123 1368 2157; x_wconf 83' lang='lat' dir='ltr'><strong>intelligit</strong></span> <span class='ocrx_word' id='word_1_610' title='bbox 1383 2123 1409 2148; x_wconf 82' lang='lat' dir='ltr'><strong>in</strong></span> <span class='ocrx_word' id='word_1_611' title='bbox 1422 2121 1619 2157; x_wconf 72' lang='lat' dir='ltr'><strong>imhypostatico</strong></span> <span class='ocrx_word' id='word_1_612' title='bbox 1641 2121 1723 2148; x_wconf 83' lang='lat' dir='ltr'><strong>Verbo</strong></span> <span class='ocrx_word' id='word_1_613' title='bbox 1748 2127 1772 2147; x_wconf 86' lang='lat' dir='ltr'><strong>et</strong></span> <span class='ocrx_word' id='word_1_614' title='bbox 1793 2121 1866 2148; x_wconf 86' lang='lat' dir='ltr'><strong>Filio</strong></span> 
     </span>
     <span class='ocr_line' id='line_1_90' title="bbox 1141 2167 1175 2185; baseline -0.029 0"><span class='ocrx_word' id='word_1_615' title='bbox 1141 2167 1175 2185; x_wconf 80' lang='lat' dir='ltr'><strong>et.</strong></span> 
     </span>
    </p>
   </div>
   <div class='ocr_carea' id='block_1_90' title="bbox 1141 2167 1175 2185">
    <p class='ocr_par' dir='ltr' id='par_1_90' title="bbox 1141 2167 1175 2185">
     <span class='ocr_line' id='line_1_91' title="bbox 1141 2167 1175 2185; baseline -0.029 0"><span class='ocrx_word' id='word_1_616' title='bbox 1141 2167 1175 2185; x_wconf 76' lang='grc' dir='ltr'><strong>ει.</strong></span> 
     </span>
    </p>
   </div>
   <div class='ocr_carea' id='block_1_91' title="bbox 277 2202 1023 2241">
    <p class='ocr_par' dir='ltr' id='par_1_91' title="bbox 277 2202 1023 2241">
     <span class='ocr_line' id='line_1_92' title="bbox 277 2202 1023 2241; baseline 0 -9"><span class='ocrx_word' id='word_1_617' title='bbox 277 2204 331 2232; x_wconf 72' lang='grc' dir='ltr'><strong>τπδ’.</strong></span> <span class='ocrx_word' id='word_1_618' title='bbox 347 2202 398 2232; x_wconf 81' lang='grc' dir='ltr'>Ὧν</span> <span class='ocrx_word' id='word_1_619' title='bbox 423 2206 450 2232; x_wconf 85' lang='grc' dir='ltr'>αι</span> <span class='ocrx_word' id='word_1_620' title='bbox 472 2205 563 2232; x_wconf 78' lang='grc' dir='ltr'>οὐσίαι</span> <span class='ocrx_word' id='word_1_621' title='bbox 586 2206 668 2241; x_wconf 76' lang='grc' dir='ltr'>ητουν</span> <span class='ocrx_word' id='word_1_622' title='bbox 679 2205 707 2232; x_wconf 77' lang='lat' dir='ltr'><strong>ai</strong></span> <span class='ocrx_word' id='word_1_623' title='bbox 723 2205 819 2240; x_wconf 83' lang='grc' dir='ltr'>φύσεις</span> <span class='ocrx_word' id='word_1_624' title='bbox 832 2204 965 2241; x_wconf 83' lang='grc' dir='ltr'>διάφοροι,</span> <span class='ocrx_word' id='word_1_625' title='bbox 980 2205 1023 2232; x_wconf 68' lang='lat' dir='ltr'><strong>xui</strong></span> 
     </span>
    </p>
   </div>
   <div class='ocr_carea' id='block_1_92' title="bbox 1075 2202 1869 2241">
    <p class='ocr_par' dir='ltr' id='par_1_92' title="bbox 1116 2202 1869 2237">
     <span class='ocr_line' id='line_1_93' title="bbox 1116 2202 1869 2237; baseline 0 -6"><span class='ocrx_word' id='word_1_626' title='bbox 1116 2204 1162 2231; x_wconf 72' lang='lat' dir='ltr'><strong>8L</strong></span> <span class='ocrx_word' id='word_1_627' title='bbox 1186 2203 1309 2237; x_wconf 88' lang='lat' dir='ltr'><strong>Quorum</strong></span> <span class='ocrx_word' id='word_1_628' title='bbox 1327 2203 1497 2235; x_wconf 66' lang='lat' dir='ltr'><strong>substantiis,</strong></span> <span class='ocrx_word' id='word_1_629' title='bbox 1522 2202 1549 2230; x_wconf 93' lang='lat' dir='ltr'><strong>id</strong></span> <span class='ocrx_word' id='word_1_630' title='bbox 1563 2207 1606 2231; x_wconf 87' lang='lat' dir='ltr'><strong>est</strong></span> <span class='ocrx_word' id='word_1_631' title='bbox 1623 2207 1737 2235; x_wconf 60' lang='lat' dir='ltr'><strong>natura),</strong></span> <span class='ocrx_word' id='word_1_632' title='bbox 1754 2203 1869 2231; x_wconf 69' lang='lat' dir='ltr'><strong>diversa:</strong></span> 
     </span>
    </p>
   </div>
   <div class='ocr_carea' id='block_1_93' title="bbox 242 2250 1032 2288">
    <p class='ocr_par' dir='ltr' id='par_1_93' title="bbox 242 2250 1032 2288">
     <span class='ocr_line' id='line_1_94' title="bbox 242 2250 1032 2288; baseline -0.001 -10"><span class='ocrx_word' id='word_1_633' title='bbox 242 2252 312 2279; x_wconf 77' lang='grc' dir='ltr'>αὐτὰ</span> <span class='ocrx_word' id='word_1_634' title='bbox 330 2252 439 2283; x_wconf 77' lang='grc' dir='ltr'>πάντως</span> <span class='ocrx_word' id='word_1_635' title='bbox 450 2251 511 2278; x_wconf 79' lang='grc' dir='ltr'>κατ’</span> <span class='ocrx_word' id='word_1_636' title='bbox 527 2251 622 2278; x_wconf 86' lang='grc' dir='ltr'>οὐσίαν</span> <span class='ocrx_word' id='word_1_637' title='bbox 636 2251 754 2288; x_wconf 77' lang='grc' dir='ltr'>διάφορα</span> <span class='ocrx_word' id='word_1_638' title='bbox 764 2259 772 2265; x_wconf 89' lang='grc'><strong>·</strong></span> <span class='ocrx_word' id='word_1_639' title='bbox 786 2250 804 2278; x_wconf 81' lang='grc' dir='ltr'>ἃ</span> <span class='ocrx_word' id='word_1_640' title='bbox 819 2250 849 2277; x_wconf 81' lang='grc' dir='ltr'>δὲ</span> <span class='ocrx_word' id='word_1_641' title='bbox 863 2250 949 2282; x_wconf 80' lang='grc' dir='ltr'>οὕτως</span> <span class='ocrx_word' id='word_1_642' title='bbox 964 2251 1032 2287; x_wconf 80' lang='grc' dir='ltr'>πρὸς</span> 
     </span>
    </p>
   </div>
   <div class='ocr_carea' id='block_1_94' title="bbox 242 2295 1033 2333">
    <p class='ocr_par' dir='ltr' id='par_1_94' title="bbox 242 2295 1033 2333">
     <span class='ocr_line' id='line_1_95' title="bbox 242 2295 1033 2333; baseline -0.003 -8"><span class='ocrx_word' id='word_1_643' title='bbox 242 2297 345 2333; x_wconf 75' lang='grc' dir='ltr'>ἄλληλα</span> <span class='ocrx_word' id='word_1_644' title='bbox 359 2297 493 2332; x_wconf 70' lang='grc' dir='ltr'>διαφέρει,</span> <span class='ocrx_word' id='word_1_645' title='bbox 513 2297 562 2324; x_wconf 75' lang='grc' dir='ltr'><strong>καὶ</strong></span> <span class='ocrx_word' id='word_1_646' title='bbox 586 2297 636 2329; x_wconf 77' lang='grc' dir='ltr'><strong>τὰς</strong></span> <span class='ocrx_word' id='word_1_647' title='bbox 663 2295 803 2328; x_wconf 82' lang='grc' dir='ltr'>ούσιώδεις</span> <span class='ocrx_word' id='word_1_648' title='bbox 825 2296 959 2332; x_wconf 73' lang='grc' dir='ltr'>ἰδιότητας</span> <span class='ocrx_word' id='word_1_649' title='bbox 978 2297 1033 2323; x_wconf 80' lang='grc' dir='ltr'><strong>τῶν</strong></span> 
     </span>
    </p>
   </div>
   <div class='ocr_carea' id='block_1_95' title="bbox 243 2339 1033 2378">
    <p class='ocr_par' dir='ltr' id='par_1_95' title="bbox 243 2339 1033 2378">
     <span class='ocr_line' id='line_1_96' title="bbox 243 2339 1033 2378; baseline 0.001 -9"><span class='ocrx_word' id='word_1_650' title='bbox 243 2342 351 2377; x_wconf 82' lang='grc' dir='ltr'>φύσεων</span> <span class='ocrx_word' id='word_1_651' title='bbox 363 2342 509 2377; x_wconf 84' lang='grc' dir='ltr'>διαφόρους</span> <span class='ocrx_word' id='word_1_652' title='bbox 525 2342 573 2369; x_wconf 73' lang='grc' dir='ltr'><strong>καὶ</strong></span> <span class='ocrx_word' id='word_1_653' title='bbox 597 2342 743 2377; x_wconf 84' lang='grc' dir='ltr'>ἀνομοίους</span> <span class='ocrx_word' id='word_1_654' title='bbox 764 2341 821 2377; x_wconf 76' lang='grc' dir='ltr'>ἔχει</span> <span class='ocrx_word' id='word_1_655' title='bbox 832 2350 840 2358; x_wconf 90' lang='grc'><strong>·</strong></span> <span class='ocrx_word' id='word_1_656' title='bbox 865 2339 903 2369; x_wconf 83' lang='grc' dir='ltr'>ὧν</span> <span class='ocrx_word' id='word_1_657' title='bbox 918 2340 964 2369; x_wconf 84' lang='grc' dir='ltr'>οὗν</span> <span class='ocrx_word' id='word_1_658' title='bbox 978 2343 1033 2378; x_wconf 77' lang='grc' dir='ltr'>ἄρα</span> 
     </span>
    </p>
   </div>
   <div class='ocr_carea' id='block_1_96' title="bbox 242 2386 1033 2423">
    <p class='ocr_par' dir='ltr' id='par_1_96' title="bbox 242 2386 1033 2423">
     <span class='ocr_line' id='line_1_97' title="bbox 242 2386 1033 2423; baseline 0 -9"><span class='ocrx_word' id='word_1_659' title='bbox 242 2388 271 2414; x_wconf 88' lang='grc' dir='ltr'>αι</span> <span class='ocrx_word' id='word_1_660' title='bbox 285 2387 376 2414; x_wconf 80' lang='grc' dir='ltr'>οὐσίαι</span> <span class='ocrx_word' id='word_1_661' title='bbox 386 2387 468 2423; x_wconf 85' lang='grc' dir='ltr'>ῆτουν</span> <span class='ocrx_word' id='word_1_662' title='bbox 484 2387 513 2414; x_wconf 84' lang='grc' dir='ltr'>αι</span> <span class='ocrx_word' id='word_1_663' title='bbox 531 2387 628 2422; x_wconf 84' lang='grc' dir='ltr'>φύσεις</span> <span class='ocrx_word' id='word_1_664' title='bbox 641 2386 775 2422; x_wconf 83' lang='grc' dir='ltr'>διάφοροι,</span> <span class='ocrx_word' id='word_1_665' title='bbox 793 2387 842 2415; x_wconf 79' lang='grc' dir='ltr'>καὶ</span> <span class='ocrx_word' id='word_1_666' title='bbox 854 2388 881 2414; x_wconf 75' lang='grc' dir='ltr'>αἱ</span> <span class='ocrx_word' id='word_1_667' title='bbox 894 2387 1033 2419; x_wconf 80' lang='grc' dir='ltr'>ούσιώδεις</span> 
     </span>
    </p>
   </div>
   <div class='ocr_carea' id='block_1_97' title="bbox 242 2432 1031 2468">
    <p class='ocr_par' dir='ltr' id='par_1_97' title="bbox 242 2432 1031 2468">
     <span class='ocr_line' id='line_1_98' title="bbox 242 2432 1031 2468; baseline 0.001 -9"><span class='ocrx_word' id='word_1_668' title='bbox 242 2432 333 2460; x_wconf 80' lang='grc' dir='ltr'>αὐτῶν</span> <span class='ocrx_word' id='word_1_669' title='bbox 350 2433 483 2468; x_wconf 81' lang='grc' dir='ltr'>ίδιότητες</span> <span class='ocrx_word' id='word_1_670' title='bbox 496 2432 551 2459; x_wconf 84' lang='grc' dir='ltr'>τῶν</span> <span class='ocrx_word' id='word_1_671' title='bbox 569 2432 678 2467; x_wconf 84' lang='grc' dir='ltr'>φύσεων</span> <span class='ocrx_word' id='word_1_672' title='bbox 693 2432 817 2468; x_wconf 83' lang='grc' dir='ltr'>διάφοροι</span> <span class='ocrx_word' id='word_1_673' title='bbox 841 2433 889 2460; x_wconf 80' lang='grc' dir='ltr'>καὶ</span> <span class='ocrx_word' id='word_1_674' title='bbox 899 2433 1031 2468; x_wconf 85' lang='grc' dir='ltr'>ἀνόμοιοι.</span> 
     </span>
    </p>
   </div>
   <div class='ocr_carea' id='block_1_98' title="bbox 243 2476 1034 2515">
    <p class='ocr_par' dir='ltr' id='par_1_98' title="bbox 243 2476 1034 2515">
     <span class='ocr_line' id='line_1_99' title="bbox 243 2476 1034 2515; baseline 0.001 -10"><span class='ocrx_word' id='word_1_675' title='bbox 243 2479 274 2505; x_wconf 80' lang='lat' dir='ltr'><strong>Ei.</strong></span> <span class='ocrx_word' id='word_1_676' title='bbox 289 2476 336 2506; x_wconf 85' lang='grc' dir='ltr'>οὖν</span> <span class='ocrx_word' id='word_1_677' title='bbox 355 2479 422 2511; x_wconf 81' lang='grc' dir='ltr'>Θεὸς</span> <span class='ocrx_word' id='word_1_678' title='bbox 445 2479 493 2506; x_wconf 76' lang='grc' dir='ltr'>καὶ</span> <span class='ocrx_word' id='word_1_679' title='bbox 517 2478 633 2513; x_wconf 74' lang='grc' dir='ltr'>ἄγγελος</span> <span class='ocrx_word' id='word_1_680' title='bbox 662 2479 709 2505; x_wconf 80' lang='grc' dir='ltr'>καὶ</span> <span class='ocrx_word' id='word_1_681' title='bbox 726 2478 869 2514; x_wconf 78' lang='grc' dir='ltr'><strong>ἄνθρωπος</strong></span> <span class='ocrx_word' id='word_1_682' title='bbox 889 2480 1034 2515; x_wconf 76' lang='grc' dir='ltr'>διαφόρους</span> 
     </span>
    </p>
   </div>
   <div class='ocr_carea' id='block_1_99' title="bbox 242 2523 1033 2561">
    <p class='ocr_par' dir='ltr' id='par_1_99' title="bbox 242 2523 1033 2561">
     <span class='ocr_line' id='line_1_100' title="bbox 242 2523 1033 2561; baseline 0.003 -11"><span class='ocrx_word' id='word_1_683' title='bbox 242 2524 298 2560; x_wconf 64' lang='lat' dir='ltr'><strong>[xu</strong></span> <span class='ocrx_word' id='word_1_684' title='bbox 322 2524 373 2556; x_wconf 83' lang='grc' dir='ltr'><strong>τὰς</strong></span> <span class='ocrx_word' id='word_1_685' title='bbox 388 2525 494 2557; x_wconf 80' lang='grc' dir='ltr'>οὐσίας,</span> <span class='ocrx_word' id='word_1_686' title='bbox 521 2525 571 2552; x_wconf 75' lang='grc' dir='ltr'>καὶ</span> <span class='ocrx_word' id='word_1_687' title='bbox 599 2525 676 2552; x_wconf 74' lang='grc' dir='ltr'>αὐτοὶ</span> <span class='ocrx_word' id='word_1_688' title='bbox 692 2524 818 2560; x_wconf 83' lang='grc' dir='ltr'>διάφοροι</span> <span class='ocrx_word' id='word_1_689' title='bbox 846 2525 880 2552; x_wconf 79' lang='grc' dir='ltr'><strong>ἂν</strong></span> <span class='ocrx_word' id='word_1_690' title='bbox 895 2523 950 2552; x_wconf 79' lang='grc' dir='ltr'>εἷεν</span> <span class='ocrx_word' id='word_1_691' title='bbox 964 2527 1033 2561; x_wconf 76' lang='grc' dir='ltr'>πρὸς</span> 
     </span>
    </p>
   </div>
   <div class='ocr_carea' id='block_1_100' title="bbox 242 2569 1033 2607">
    <p class='ocr_par' dir='ltr' id='par_1_100' title="bbox 242 2569 1033 2607">
     <span class='ocr_line' id='line_1_101' title="bbox 242 2569 1033 2607; baseline 0.001 -10"><span class='ocrx_word' id='word_1_692' title='bbox 242 2569 355 2602; x_wconf 76' lang='grc' dir='ltr'>ἑαυτούς</span> <span class='ocrx_word' id='word_1_693' title='bbox 366 2579 373 2586; x_wconf 93' lang='grc'><strong>·</strong></span> <span class='ocrx_word' id='word_1_694' title='bbox 391 2571 415 2597; x_wconf 82' lang='grc' dir='ltr'>εἰ</span> <span class='ocrx_word' id='word_1_695' title='bbox 433 2571 462 2597; x_wconf 74' lang='grc' dir='ltr'>δὲ</span> <span class='ocrx_word' id='word_1_696' title='bbox 476 2571 637 2607; x_wconf 74' lang='grc' dir='ltr'>διαφέρουσι</span> <span class='ocrx_word' id='word_1_697' title='bbox 653 2570 721 2606; x_wconf 74' lang='grc' dir='ltr'>πρὸς</span> <span class='ocrx_word' id='word_1_698' title='bbox 733 2571 859 2605; x_wconf 79' lang='grc' dir='ltr'>ἑαυτοὺς,</span> <span class='ocrx_word' id='word_1_699' title='bbox 877 2571 924 2598; x_wconf 78' lang='grc' dir='ltr'>καὶ</span> <span class='ocrx_word' id='word_1_700' title='bbox 938 2572 966 2598; x_wconf 83' lang='grc' dir='ltr'>αἱ</span> <span class='ocrx_word' id='word_1_701' title='bbox 984 2572 1033 2598; x_wconf 86' lang='grc' dir='ltr'>ού-</span> 
     </span>
    </p>
   </div>
   <div class='ocr_carea' id='block_1_101' title="bbox 243 2616 1032 2653">
    <p class='ocr_par' dir='ltr' id='par_1_101' title="bbox 243 2616 1032 2653">
     <span class='ocr_line' id='line_1_102' title="bbox 243 2616 1032 2653; baseline 0.003 -10"><span class='ocrx_word' id='word_1_702' title='bbox 243 2616 349 2648; x_wconf 80' lang='grc' dir='ltr'>σιὼδεις</span> <span class='ocrx_word' id='word_1_703' title='bbox 372 2616 462 2643; x_wconf 80' lang='grc' dir='ltr'>αὐτῶν</span> <span class='ocrx_word' id='word_1_704' title='bbox 493 2617 623 2652; x_wconf 78' lang='grc' dir='ltr'>ἰδιότητες</span> <span class='ocrx_word' id='word_1_705' title='bbox 645 2616 699 2644; x_wconf 84' lang='grc' dir='ltr'>τῶν</span> <span class='ocrx_word' id='word_1_706' title='bbox 722 2616 831 2652; x_wconf 78' lang='grc' dir='ltr'>φύσεων</span> <span class='ocrx_word' id='word_1_707' title='bbox 847 2617 972 2653; x_wconf 82' lang='grc' dir='ltr'>διάφοροι</span> <span class='ocrx_word' id='word_1_708' title='bbox 985 2618 1032 2645; x_wconf 83' lang='grc' dir='ltr'>καὶ</span> 
     </span>
    </p>
   </div>
   <div class='ocr_carea' id='block_1_102' title="bbox 241 2662 1031 2699">
    <p class='ocr_par' dir='ltr' id='par_1_102' title="bbox 241 2662 1031 2699">
     <span class='ocr_line' id='line_1_103' title="bbox 241 2662 1031 2699; baseline 0.003 -10"><span class='ocrx_word' id='word_1_709' title='bbox 241 2662 366 2697; x_wconf 80' lang='grc' dir='ltr'>ἀνόμοιοι</span> <span class='ocrx_word' id='word_1_710' title='bbox 380 2662 473 2690; x_wconf 79' lang='grc' dir='ltr'>τέλεον</span> <span class='ocrx_word' id='word_1_711' title='bbox 488 2663 594 2690; x_wconf 75' lang='grc' dir='ltr'>ἔσονται</span> <span class='ocrx_word' id='word_1_712' title='bbox 609 2663 677 2698; x_wconf 79' lang='grc' dir='ltr'>πρὸς</span> <span class='ocrx_word' id='word_1_713' title='bbox 690 2663 790 2695; x_wconf 73' lang='grc' dir='ltr'>ἑαυτάς</span> <span class='ocrx_word' id='word_1_714' title='bbox 802 2671 810 2680; x_wconf 90' lang='grc'><strong>·</strong></span> <span class='ocrx_word' id='word_1_715' title='bbox 825 2663 924 2691; x_wconf 82' lang='grc' dir='ltr'>οὐκοῦν</span> <span class='ocrx_word' id='word_1_716' title='bbox 937 2664 1031 2699; x_wconf 65' lang='grc' dir='ltr'>ἕτερον</span> 
     </span>
    </p>
   </div>
   <div class='ocr_carea' id='block_1_103' title="bbox 241 2708 1035 2747">
    <p class='ocr_par' dir='ltr' id='par_1_103' title="bbox 241 2708 1035 2747">
     <span class='ocr_line' id='line_1_104' title="bbox 241 2708 1035 2747; baseline 0.004 -12"><span class='ocrx_word' id='word_1_717' title='bbox 241 2708 308 2735; x_wconf 83' lang='grc' dir='ltr'>Θεοῦ</span> <span class='ocrx_word' id='word_1_718' title='bbox 332 2708 380 2736; x_wconf 75' lang='grc' dir='ltr'>καὶ</span> <span class='ocrx_word' id='word_1_719' title='bbox 407 2709 532 2743; x_wconf 83' lang='grc' dir='ltr'>ἀγγέλων</span> <span class='ocrx_word' id='word_1_720' title='bbox 562 2710 608 2736; x_wconf 72' lang='grc' dir='ltr'><strong>καὶ</strong></span> <span class='ocrx_word' id='word_1_721' title='bbox 621 2708 773 2745; x_wconf 82' lang='grc' dir='ltr'>ἀνθρώπων</span> <span class='ocrx_word' id='word_1_722' title='bbox 797 2709 828 2737; x_wconf 79' lang='grc' dir='ltr'>τὸ</span> <span class='ocrx_word' id='word_1_723' title='bbox 842 2709 951 2745; x_wconf 81' lang='grc' dir='ltr'>λογικὸν</span> <span class='ocrx_word' id='word_1_724' title='bbox 965 2711 1035 2747; x_wconf 80' lang='grc' dir='ltr'><strong>πρὸς</strong></span> 
     </span>
    </p>
   </div>
   <div class='ocr_carea' id='block_1_104' title="bbox 276 2765 528 2799">
    <p class='ocr_par' dir='ltr' id='par_1_104' title="bbox 276 2765 528 2799">
     <span class='ocr_line' id='line_1_105' title="bbox 276 2765 528 2799; baseline 0.004 -6"><span class='ocrx_word' id='word_1_725' title='bbox 276 2765 299 2782; x_wconf 75' lang='grc'><strong>’⁷</strong></span> <span class='ocrx_word' id='word_1_726' title='bbox 311 2765 381 2795; x_wconf 89' lang='lat' dir='ltr'><strong>Gen.</strong></span> <span class='ocrx_word' id='word_1_727' title='bbox 399 2774 468 2799; x_wconf 78' lang='lat' dir='ltr'><strong>nu,</strong></span> <span class='ocrx_word' id='word_1_728' title='bbox 483 2766 528 2794; x_wconf 82' lang='lat' dir='ltr'><strong>i6.</strong></span> 
     </span>
    </p>
   </div>
   <div class='ocr_carea' id='block_1_105' title="bbox 1082 2249 1875 2285">
    <p class='ocr_par' dir='ltr' id='par_1_105' title="bbox 1082 2249 1875 2285">
     <span class='ocr_line' id='line_1_106' title="bbox 1082 2249 1875 2285; baseline -0.003 -6"><span class='ocrx_word' id='word_1_729' title='bbox 1082 2256 1156 2285; x_wconf 81' lang='lat' dir='ltr'><strong>sunt,</strong></span> <span class='ocrx_word' id='word_1_730' title='bbox 1172 2258 1206 2278; x_wconf 84' lang='lat' dir='ltr'><strong>ea</strong></span> <span class='ocrx_word' id='word_1_731' title='bbox 1226 2250 1286 2285; x_wconf 86' lang='lat' dir='ltr'><strong>ipsa</strong></span> <span class='ocrx_word' id='word_1_732' title='bbox 1299 2250 1410 2278; x_wconf 88' lang='lat' dir='ltr'><strong>omnino</strong></span> <span class='ocrx_word' id='word_1_733' title='bbox 1427 2249 1644 2277; x_wconf 86' lang='lat' dir='ltr'><strong>substantialiter</strong></span> <span class='ocrx_word' id='word_1_734' title='bbox 1658 2250 1766 2278; x_wconf 87' lang='lat' dir='ltr'><strong>diversa</strong></span> <span class='ocrx_word' id='word_1_735' title='bbox 1779 2254 1844 2278; x_wconf 90' lang='lat' dir='ltr'><strong>sunt</strong></span> <span class='ocrx_word' id='word_1_736' title='bbox 1860 2258 1875 2278; x_wconf 45' lang='grc' dir='ltr'>ιη</span> 
     </span>
    </p>
   </div>
   <div class='ocr_carea' id='block_1_106' title="bbox 1082 2296 1869 2333">
    <p class='ocr_par' dir='ltr' id='par_1_106' title="bbox 1082 2296 1869 2333">
     <span class='ocr_line' id='line_1_107' title="bbox 1082 2296 1869 2333; baseline -0.001 -8"><span class='ocrx_word' id='word_1_737' title='bbox 1082 2305 1143 2333; x_wconf 64' lang='lat' dir='ltr'><strong>qua:</strong></span> <span class='ocrx_word' id='word_1_738' title='bbox 1159 2301 1250 2324; x_wconf 88' lang='lat' dir='ltr'><strong>autem</strong></span> <span class='ocrx_word' id='word_1_739' title='bbox 1281 2297 1399 2324; x_wconf 84' lang='lat' dir='ltr'><strong>invicem</strong></span> <span class='ocrx_word' id='word_1_740' title='bbox 1414 2297 1455 2324; x_wconf 86' lang='lat' dir='ltr'><strong>sic</strong></span> <span class='ocrx_word' id='word_1_741' title='bbox 1472 2296 1614 2329; x_wconf 74' lang='lat' dir='ltr'><strong>dilferunt,</strong></span> <span class='ocrx_word' id='word_1_742' title='bbox 1626 2303 1657 2324; x_wconf 88' lang='lat' dir='ltr'><strong>ea</strong></span> <span class='ocrx_word' id='word_1_743' title='bbox 1672 2296 1869 2324; x_wconf 78' lang='lat' dir='ltr'><strong>substantiales</strong></span> 
     </span>
    </p>
   </div>
   <div class='ocr_carea' id='block_1_107' title="bbox 1081 2341 1870 2378">
    <p class='ocr_par' dir='ltr' id='par_1_107' title="bbox 1081 2341 1870 2378">
     <span class='ocr_line' id='line_1_108' title="bbox 1081 2341 1870 2378; baseline -0.003 -7"><span class='ocrx_word' id='word_1_744' title='bbox 1081 2350 1193 2378; x_wconf 88' lang='lat' dir='ltr'><strong>quoque</strong></span> <span class='ocrx_word' id='word_1_745' title='bbox 1208 2347 1366 2370; x_wconf 79' lang='lat' dir='ltr'><strong>naturarum</strong></span> <span class='ocrx_word' id='word_1_746' title='bbox 1383 2341 1563 2377; x_wconf 83' lang='lat' dir='ltr'><strong>proprietates</strong></span> <span class='ocrx_word' id='word_1_747' title='bbox 1576 2342 1698 2370; x_wconf 81' lang='lat' dir='ltr'><strong>diversas</strong></span> <span class='ocrx_word' id='word_1_748' title='bbox 1707 2342 1870 2370; x_wconf 85' lang='lat' dir='ltr'><strong>dissimiles-</strong></span> 
     </span>
    </p>
   </div>
   <div class='ocr_carea' id='block_1_108' title="bbox 1083 2388 1877 2425">
    <p class='ocr_par' dir='ltr' id='par_1_108' title="bbox 1083 2388 1877 2425">
     <span class='ocr_line' id='line_1_109' title="bbox 1083 2388 1877 2425; baseline -0.003 -8"><span class='ocrx_word' id='word_1_749' title='bbox 1083 2397 1136 2425; x_wconf 88' lang='lat' dir='ltr'><strong>que</strong></span> <span class='ocrx_word' id='word_1_750' title='bbox 1150 2389 1265 2417; x_wconf 81' lang='lat' dir='ltr'><strong>habent;</strong></span> <span class='ocrx_word' id='word_1_751' title='bbox 1277 2388 1364 2424; x_wconf 78' lang='lat' dir='ltr'><strong>igitur</strong></span> <span class='ocrx_word' id='word_1_752' title='bbox 1381 2395 1500 2424; x_wconf 90' lang='lat' dir='ltr'><strong>quorum</strong></span> <span class='ocrx_word' id='word_1_753' title='bbox 1515 2388 1686 2421; x_wconf 46' lang='lat' dir='ltr'><strong>substantiae,</strong></span> <span class='ocrx_word' id='word_1_754' title='bbox 1700 2389 1727 2416; x_wconf 92' lang='lat' dir='ltr'><strong>id</strong></span> <span class='ocrx_word' id='word_1_755' title='bbox 1750 2393 1793 2416; x_wconf 78' lang='lat' dir='ltr'><strong>est</strong></span> <span class='ocrx_word' id='word_1_756' title='bbox 1819 2396 1877 2417; x_wconf 48' lang='lat' dir='ltr'><strong>nam</strong></span> 
     </span>
    </p>
   </div>
   <div class='ocr_carea' id='block_1_109' title="bbox 1084 2434 1872 2470">
    <p class='ocr_par' dir='ltr' id='par_1_109' title="bbox 1084 2434 1872 2470">
     <span class='ocr_line' id='line_1_110' title="bbox 1084 2434 1872 2470; baseline 0 -7"><span class='ocrx_word' id='word_1_757' title='bbox 1084 2441 1162 2469; x_wconf 65' lang='lat' dir='ltr'><strong>tura,</strong></span> <span class='ocrx_word' id='word_1_758' title='bbox 1178 2434 1318 2468; x_wconf 73' lang='lat' dir='ltr'><strong>diﬂeruiit,</strong></span> <span class='ocrx_word' id='word_1_759' title='bbox 1348 2434 1509 2462; x_wconf 81' lang='lat' dir='ltr'><strong>earumdem</strong></span> <span class='ocrx_word' id='word_1_760' title='bbox 1530 2434 1728 2463; x_wconf 85' lang='lat' dir='ltr'><strong>substantiales</strong></span> <span class='ocrx_word' id='word_1_761' title='bbox 1760 2443 1872 2470; x_wconf 82' lang='lat' dir='ltr'><strong>quoque</strong></span> 
     </span>
    </p>
   </div>
   <div class='ocr_carea' id='block_1_110' title="bbox 1082 2480 1871 2516">
    <p class='ocr_par' dir='ltr' id='par_1_110' title="bbox 1082 2480 1871 2516">
     <span class='ocr_line' id='line_1_111' title="bbox 1082 2480 1871 2516; baseline 0 -7"><span class='ocrx_word' id='word_1_762' title='bbox 1082 2486 1242 2509; x_wconf 81' lang='lat' dir='ltr'><strong>naturarum</strong></span> <span class='ocrx_word' id='word_1_763' title='bbox 1258 2481 1437 2516; x_wconf 84' lang='lat' dir='ltr'><strong>proprietates</strong></span> <span class='ocrx_word' id='word_1_764' title='bbox 1450 2480 1565 2508; x_wconf 66' lang='lat' dir='ltr'><strong>diversae</strong></span> <span class='ocrx_word' id='word_1_765' title='bbox 1579 2485 1644 2509; x_wconf 90' lang='lat' dir='ltr'><strong>sunt</strong></span> <span class='ocrx_word' id='word_1_766' title='bbox 1654 2485 1738 2516; x_wconf 83' lang='lat' dir='ltr'><strong>atque</strong></span> <span class='ocrx_word' id='word_1_767' title='bbox 1749 2482 1871 2510; x_wconf 87' lang='lat' dir='ltr'><strong>dissimi-</strong></span> 
     </span>
    </p>
   </div>
   <div class='ocr_carea' id='block_1_111' title="bbox 1082 2526 1920 2562">
    <p class='ocr_par' dir='ltr' id='par_1_111' title="bbox 1082 2526 1920 2562">
     <span class='ocr_line' id='line_1_112' title="bbox 1082 2526 1920 2562; baseline -0.001 -7"><span class='ocrx_word' id='word_1_768' title='bbox 1082 2527 1133 2555; x_wconf 88' lang='lat' dir='ltr'><strong>les.</strong></span> <span class='ocrx_word' id='word_1_769' title='bbox 1150 2527 1179 2555; x_wconf 92' lang='lat' dir='ltr'><strong>Si</strong></span> <span class='ocrx_word' id='word_1_770' title='bbox 1195 2534 1263 2562; x_wconf 73' lang='grc' dir='ltr'>ει·εο</span> <span class='ocrx_word' id='word_1_771' title='bbox 1293 2526 1365 2554; x_wconf 87' lang='lat' dir='ltr'><strong>Deus</strong></span> <span class='ocrx_word' id='word_1_772' title='bbox 1375 2530 1401 2553; x_wconf 86' lang='lat' dir='ltr'><strong>et</strong></span> <span class='ocrx_word' id='word_1_773' title='bbox 1417 2526 1531 2562; x_wconf 75' lang='lat' dir='ltr'><strong>angelus</strong></span> <span class='ocrx_word' id='word_1_774' title='bbox 1547 2530 1575 2553; x_wconf 92' lang='lat' dir='ltr'><strong>et</strong></span> <span class='ocrx_word' id='word_1_775' title='bbox 1585 2526 1668 2554; x_wconf 88' lang='lat' dir='ltr'><strong>homo</strong></span> <span class='ocrx_word' id='word_1_776' title='bbox 1682 2526 1805 2555; x_wconf 75' lang='lat' dir='ltr'><strong>diversas</strong></span> <span class='ocrx_word' id='word_1_777' title='bbox 1821 2526 1871 2554; x_wconf 83' lang='lat' dir='ltr'><strong>Ita-</strong></span> <span class='ocrx_word' id='word_1_778' title='bbox 1915 2545 1920 2550; x_wconf 80' lang='grc'>.</span> 
     </span>
    </p>
   </div>
   <div class='ocr_carea' id='block_1_112' title="bbox 1081 2572 1869 2608">
    <p class='ocr_par' dir='ltr' id='par_1_112' title="bbox 1081 2572 1869 2608">
     <span class='ocr_line' id='line_1_113' title="bbox 1081 2572 1869 2608; baseline -0.003 -6"><span class='ocrx_word' id='word_1_779' title='bbox 1081 2574 1147 2602; x_wconf 86' lang='lat' dir='ltr'><strong>bent</strong></span> <span class='ocrx_word' id='word_1_780' title='bbox 1161 2573 1340 2607; x_wconf 83' lang='lat' dir='ltr'><strong>substantias,</strong></span> <span class='ocrx_word' id='word_1_781' title='bbox 1354 2572 1406 2607; x_wconf 86' lang='lat' dir='ltr'><strong>ipsi</strong></span> <span class='ocrx_word' id='word_1_782' title='bbox 1416 2580 1527 2608; x_wconf 85' lang='lat' dir='ltr'><strong>quoque</strong></span> <span class='ocrx_word' id='word_1_783' title='bbox 1537 2572 1639 2600; x_wconf 86' lang='lat' dir='ltr'><strong>diversi</strong></span> <span class='ocrx_word' id='word_1_784' title='bbox 1656 2577 1737 2601; x_wconf 88' lang='lat' dir='ltr'><strong>erunt</strong></span> <span class='ocrx_word' id='word_1_785' title='bbox 1748 2573 1819 2600; x_wconf 87' lang='lat' dir='ltr'><strong>inter</strong></span> <span class='ocrx_word' id='word_1_786' title='bbox 1829 2580 1869 2600; x_wconf 86' lang='lat' dir='ltr'><strong>se.</strong></span> 
     </span>
    </p>
   </div>
   <div class='ocr_carea' id='block_1_113' title="bbox 1086 2618 1871 2654">
    <p class='ocr_par' dir='ltr' id='par_1_113' title="bbox 1086 2618 1871 2654">
     <span class='ocr_line' id='line_1_114' title="bbox 1086 2618 1871 2654; baseline -0.003 -6"><span class='ocrx_word' id='word_1_787' title='bbox 1086 2620 1165 2654; x_wconf 84' lang='lat' dir='ltr'><strong>Quod</strong></span> <span class='ocrx_word' id='word_1_788' title='bbox 1181 2620 1204 2648; x_wconf 88' lang='lat' dir='ltr'><strong>si</strong></span> <span class='ocrx_word' id='word_1_789' title='bbox 1219 2619 1248 2647; x_wconf 91' lang='lat' dir='ltr'><strong>hi</strong></span> <span class='ocrx_word' id='word_1_790' title='bbox 1259 2618 1387 2647; x_wconf 80' lang='lat' dir='ltr'><strong>diﬁ‘erunt</strong></span> <span class='ocrx_word' id='word_1_791' title='bbox 1400 2618 1472 2646; x_wconf 87' lang='lat' dir='ltr'><strong>inter</strong></span> <span class='ocrx_word' id='word_1_792' title='bbox 1486 2626 1525 2651; x_wconf 82' lang='lat' dir='ltr'><strong>se.</strong></span> <span class='ocrx_word' id='word_1_793' title='bbox 1538 2619 1734 2647; x_wconf 85' lang='lat' dir='ltr'><strong>substantiales</strong></span> <span class='ocrx_word' id='word_1_794' title='bbox 1760 2626 1871 2653; x_wconf 83' lang='lat' dir='ltr'><strong>quoque</strong></span> 
     </span>
    </p>
   </div>
   <div class='ocr_carea' id='block_1_114' title="bbox 1084 2663 1870 2702">
    <p class='ocr_par' dir='ltr' id='par_1_114' title="bbox 1084 2663 1870 2702">
     <span class='ocr_line' id='line_1_115' title="bbox 1084 2663 1870 2702; baseline -0.005 -8"><span class='ocrx_word' id='word_1_795' title='bbox 1084 2666 1156 2702; x_wconf 86' lang='lat' dir='ltr'><strong>apud</strong></span> <span class='ocrx_word' id='word_1_796' title='bbox 1173 2673 1221 2694; x_wconf 86' lang='lat' dir='ltr'><strong>eos</strong></span> <span class='ocrx_word' id='word_1_797' title='bbox 1248 2670 1408 2693; x_wconf 76' lang='lat' dir='ltr'><strong>naturarum</strong></span> <span class='ocrx_word' id='word_1_798' title='bbox 1427 2665 1609 2700; x_wconf 86' lang='lat' dir='ltr'><strong>proprietates</strong></span> <span class='ocrx_word' id='word_1_799' title='bbox 1620 2664 1734 2692; x_wconf 65' lang='lat' dir='ltr'><strong>diversa:</strong></span> <span class='ocrx_word' id='word_1_800' title='bbox 1747 2663 1870 2691; x_wconf 86' lang='lat' dir='ltr'><strong>dissimi-</strong></span> 
     </span>
    </p>
   </div>
   <div class='ocr_carea' id='block_1_115' title="bbox 1082 2709 1870 2747">
    <p class='ocr_par' dir='ltr' id='par_1_115' title="bbox 1082 2709 1870 2747">
     <span class='ocr_line' id='line_1_116' title="bbox 1082 2709 1870 2747; baseline -0.004 -8"><span class='ocrx_word' id='word_1_801' title='bbox 1082 2712 1178 2747; x_wconf 82' lang='lat' dir='ltr'><strong>lesque</strong></span> <span class='ocrx_word' id='word_1_802' title='bbox 1191 2718 1306 2747; x_wconf 86' lang='lat' dir='ltr'><strong>prorsus</strong></span> <span class='ocrx_word' id='word_1_803' title='bbox 1330 2714 1414 2739; x_wconf 83' lang='lat' dir='ltr'><strong>erunt</strong></span> <span class='ocrx_word' id='word_1_804' title='bbox 1437 2709 1508 2739; x_wconf 87' lang='lat' dir='ltr'><strong>inter</strong></span> <span class='ocrx_word' id='word_1_805' title='bbox 1529 2717 1569 2738; x_wconf 85' lang='lat' dir='ltr'><strong>se.</strong></span> <span class='ocrx_word' id='word_1_806' title='bbox 1585 2710 1681 2745; x_wconf 83' lang='lat' dir='ltr'><strong>Itaque</strong></span> <span class='ocrx_word' id='word_1_807' title='bbox 1699 2709 1805 2737; x_wconf 83' lang='lat' dir='ltr'><strong>diversa</strong></span> <span class='ocrx_word' id='word_1_808' title='bbox 1827 2713 1870 2737; x_wconf 86' lang='lat' dir='ltr'><strong>est</strong></span> 
     </span>
    </p>
   </div>
   <div class='ocr_carea' id='block_1_116' title="bbox 276 2825 1870 2866">
    <p class='ocr_par' dir='ltr' id='par_1_116' title="bbox 276 2825 1870 2866">
     <span class='ocr_line' id='line_1_117' title="bbox 276 2825 1870 2866; baseline 0 -11"><span class='ocrx_word' id='word_1_809' title='bbox 276 2826 475 2866; x_wconf 64' lang='lat' dir='ltr'><strong>(89_)_t:hristus</strong></span> <span class='ocrx_word' id='word_1_810' title='bbox 493 2827 606 2856; x_wconf 70' lang='lat' dir='ltr'><strong>Verbum</strong></span> <span class='ocrx_word' id='word_1_811' title='bbox 621 2825 669 2854; x_wconf 83' lang='lat' dir='ltr'><strong>Dei</strong></span> <span class='ocrx_word' id='word_1_812' title='bbox 687 2826 727 2855; x_wconf 86' lang='lat' dir='ltr'><strong>vel</strong></span> <span class='ocrx_word' id='word_1_813' title='bbox 745 2834 778 2855; x_wconf 74' lang='lat' dir='ltr'><strong>ex</strong></span> <span class='ocrx_word' id='word_1_814' title='bbox 792 2825 858 2861; x_wconf 75' lang='lat' dir='ltr'><strong>Deo,</strong></span> <span class='ocrx_word' id='word_1_815' title='bbox 872 2826 1025 2863; x_wconf 85' lang='lat' dir='ltr'><strong>appellatur</strong></span> <span class='ocrx_word' id='word_1_816' title='bbox 1044 2835 1059 2856; x_wconf 74' lang='grc' dir='ltr'><strong>ιι</strong></span> <span class='ocrx_word' id='word_1_817' title='bbox 1076 2826 1238 2857; x_wconf 85' lang='lat' dir='ltr'><strong>Mohamcde</strong></span> <span class='ocrx_word' id='word_1_818' title='bbox 1250 2825 1327 2866; x_wconf 86' lang='lat' dir='ltr'><strong>_Sur.</strong></span> <span class='ocrx_word' id='word_1_819' title='bbox 1342 2825 1387 2862; x_wconf 92' lang='lat' dir='ltr'><strong>lll,</strong></span> <span class='ocrx_word' id='word_1_820' title='bbox 1403 2827 1448 2857; x_wconf 71' lang='grc'><strong>45.</strong></span> <span class='ocrx_word' id='word_1_821' title='bbox 1474 2826 1574 2857; x_wconf 75' lang='lat' dir='ltr'><strong>Recole</strong></span> <span class='ocrx_word' id='word_1_822' title='bbox 1600 2830 1691 2855; x_wconf 85' lang='lat' dir='ltr'><strong>autem</strong></span> <span class='ocrx_word' id='word_1_823' title='bbox 1718 2826 1790 2862; x_wconf 81' lang='lat' dir='ltr'><strong>apud</strong></span> <span class='ocrx_word' id='word_1_824' title='bbox 1820 2834 1870 2856; x_wconf 85' lang='lat' dir='ltr'><strong>nos</strong></span> 
     </span>
    </p>
   </div>
   <div class='ocr_carea' id='block_1_117' title="bbox 241 2863 373 2892">
    <p class='ocr_par' dir='ltr' id='par_1_117' title="bbox 241 2863 373 2892">
     <span class='ocr_line' id='line_1_118' title="bbox 241 2863 373 2892; baseline -0.008 -1"><span class='ocrx_word' id='word_1_825' title='bbox 241 2863 294 2891; x_wconf 89' lang='lat' dir='ltr'><strong>col.</strong></span> <span class='ocrx_word' id='word_1_826' title='bbox 313 2863 373 2892; x_wconf 79' lang='lat'><strong>729.</strong></span> 
     </span>
    </p>
   </div>
   <div class='ocr_carea' id='block_1_118' title="bbox 423 2910 722 2949">
    <p class='ocr_par' dir='ltr' id='par_1_118' title="bbox 423 2910 722 2949">
     <span class='ocr_line' id='line_1_119' title="bbox 423 2910 722 2949; baseline -0.003 -7"><span class='ocrx_word' id='word_1_827' title='bbox 423 2912 558 2943; x_wconf 78' lang='grc' dir='ltr'>ΡΑτιιοι.</span> <span class='ocrx_word' id='word_1_828' title='bbox 579 2911 638 2942; x_wconf 79' lang='lat' dir='ltr'><strong>Gtt.</strong></span> <span class='ocrx_word' id='word_1_829' title='bbox 648 2910 722 2949; x_wconf 23' lang='lat' dir='ltr'><strong>,CV.</strong></span> 
     </span>
    </p>
   </div>
   <div class='ocr_carea' id='block_1_119' title="bbox 1656 2908 1693 2939">
    <p class='ocr_par' dir='ltr' id='par_1_119' title="bbox 1656 2908 1693 2939">
     <span class='ocr_line' id='line_1_120' title="bbox 1656 2908 1693 2939; baseline -0.027 0"><span class='ocrx_word' id='word_1_830' title='bbox 1656 2908 1693 2939; x_wconf 78' lang='lat'><strong>25</strong></span> 
     </span>
    </p>
   </div>
  </div>
