  <div class='ocr_page' id='page_1' title='image "/cluster/home/n/w/nwhite01/storage/ocr_20150623/105/njp.32101077772893/453.png"; bbox 0 0 2083 3155; ppageno 0'>
   <div class='ocr_carea' id='block_1_1' title="bbox 221 151 272 184">
    <p class='ocr_par' dir='ltr' id='par_1_1' title="bbox 221 151 272 184">
     <span class='ocr_line' id='line_1_1' title="bbox 221 151 272 184; baseline 0.02 -1"><span class='ocrx_word' id='word_1_1' title='bbox 221 151 272 184; x_wconf 82' lang='grc'><strong>783</strong></span> 
     </span>
    </p>
   </div>
   <div class='ocr_carea' id='block_1_2' title="bbox 852 138 1235 183">
    <p class='ocr_par' dir='ltr' id='par_1_2' title="bbox 852 138 1235 183">
     <span class='ocr_line' id='line_1_2' title="bbox 852 138 1235 183; baseline 0 -1"><span class='ocrx_word' id='word_1_2' title='bbox 852 138 999 183; x_wconf 62' lang='lat' dir='ltr'><strong>Nicer/ti</strong></span> <span class='ocrx_word' id='word_1_3' title='bbox 1031 151 1235 183; x_wconf 77' lang='lat' dir='ltr'><strong>BYZANTINI</strong></span> 
     </span>
    </p>
   </div>
   <div class='ocr_carea' id='block_1_3' title="bbox 1800 157 1857 190">
    <p class='ocr_par' dir='ltr' id='par_1_3' title="bbox 1800 157 1857 190">
     <span class='ocr_line' id='line_1_3' title="bbox 1800 157 1857 190; baseline -0.018 0"><span class='ocrx_word' id='word_1_4' title='bbox 1800 157 1857 190; x_wconf 71' lang='lat' dir='ltr'><strong>7M</strong></span> 
     </span>
    </p>
   </div>
   <div class='ocr_carea' id='block_1_4' title="bbox 219 207 1001 247">
    <p class='ocr_par' dir='ltr' id='par_1_4' title="bbox 219 207 1001 245">
     <span class='ocr_line' id='line_1_4' title="bbox 219 207 1001 245; baseline 0.001 -10"><span class='ocrx_word' id='word_1_5' title='bbox 219 210 304 239; x_wconf 74' lang='lat' dir='ltr'><strong>coire,</strong></span> <span class='ocrx_word' id='word_1_6' title='bbox 325 213 442 241; x_wconf 84' lang='lat' dir='ltr'><strong>quanam</strong></span> <span class='ocrx_word' id='word_1_7' title='bbox 464 207 489 234; x_wconf 95' lang='lat' dir='ltr'><strong>in</strong></span> <span class='ocrx_word' id='word_1_8' title='bbox 521 207 599 235; x_wconf 85' lang='lat' dir='ltr'><strong>vulva</strong></span> <span class='ocrx_word' id='word_1_9' title='bbox 620 207 799 244; x_wconf 85' lang='lat' dir='ltr'><strong>incorporeus</strong></span> <span class='ocrx_word' id='word_1_10' title='bbox 825 209 962 245; x_wconf 73' lang='lat' dir='ltr'><strong>concipiet</strong></span> <span class='ocrx_word' id='word_1_11' title='bbox 980 213 1001 238; x_wconf 84' lang='lat' dir='ltr'><strong>et</strong></span> 
     </span>
    </p>
   </div>
   <div class='ocr_carea' id='block_1_5' title="bbox 1052 207 1857 247">
    <p class='ocr_par' dir='ltr' id='par_1_5' title="bbox 1061 209 1857 247">
     <span class='ocr_line' id='line_1_5' title="bbox 1061 209 1857 247; baseline 0.009 -12"><span class='ocrx_word' id='word_1_12' title='bbox 1061 209 1109 236; x_wconf 74' lang='grc' dir='ltr'><strong>καὶ</strong></span> <span class='ocrx_word' id='word_1_13' title='bbox 1123 209 1285 246; x_wconf 84' lang='grc' dir='ltr'>καταλλήλῳ</span> <span class='ocrx_word' id='word_1_14' title='bbox 1306 209 1354 246; x_wconf 79' lang='grc' dir='ltr'><strong>ὕλῃ</strong></span> <span class='ocrx_word' id='word_1_15' title='bbox 1371 210 1484 247; x_wconf 70' lang='grc' dir='ltr'>αὐξήσει</span> <span class='ocrx_word' id='word_1_16' title='bbox 1498 211 1545 238; x_wconf 79' lang='grc' dir='ltr'>τὸν</span> <span class='ocrx_word' id='word_1_17' title='bbox 1561 211 1659 246; x_wconf 73' lang='grc' dir='ltr'>ὅγκονς</span> <span class='ocrx_word' id='word_1_18' title='bbox 1683 213 1741 246; x_wconf 82' lang='grc' dir='ltr'><strong>πῶς</strong></span> <span class='ocrx_word' id='word_1_19' title='bbox 1755 214 1785 241; x_wconf 80' lang='grc' dir='ltr'><strong>δὲ</strong></span> <span class='ocrx_word' id='word_1_20' title='bbox 1807 217 1857 242; x_wconf 82' lang='grc' dir='ltr'><strong>καὶ</strong></span> 
     </span>
    </p>
   </div>
   <div class='ocr_carea' id='block_1_6' title="bbox 217 252 1010 288">
    <p class='ocr_par' dir='ltr' id='par_1_6' title="bbox 217 252 1010 288">
     <span class='ocr_line' id='line_1_6' title="bbox 217 252 1010 288; baseline 0.001 -8"><span class='ocrx_word' id='word_1_21' title='bbox 217 253 367 280; x_wconf 73' lang='lat' dir='ltr'><strong>viriticabit</strong></span> <span class='ocrx_word' id='word_1_22' title='bbox 383 260 483 287; x_wconf 86' lang='lat' dir='ltr'><strong>corpus</strong></span> <span class='ocrx_word' id='word_1_23' title='bbox 513 252 647 287; x_wconf 84' lang='lat' dir='ltr'><strong>aliquod?</strong></span> <span class='ocrx_word' id='word_1_24' title='bbox 678 261 797 288; x_wconf 89' lang='lat' dir='ltr'><strong>quanam</strong></span> <span class='ocrx_word' id='word_1_25' title='bbox 832 254 914 281; x_wconf 88' lang='lat' dir='ltr'><strong>simili</strong></span> <span class='ocrx_word' id='word_1_26' title='bbox 941 262 1010 281; x_wconf 87' lang='lat' dir='ltr'><strong>cou-</strong></span> 
     </span>
    </p>
   </div>
   <div class='ocr_carea' id='block_1_7' title="bbox 216 290 1011 336">
    <p class='ocr_par' dir='ltr' id='par_1_7' title="bbox 216 290 1011 336">
     <span class='ocr_line' id='line_1_7' title="bbox 216 290 1011 336; baseline 0.003 -10"><span class='ocrx_word' id='word_1_27' title='bbox 216 307 339 335; x_wconf 73' lang='lat' dir='ltr'><strong>gruaque</strong></span> <span class='ocrx_word' id='word_1_28' title='bbox 354 300 467 326; x_wconf 91' lang='lat' dir='ltr'><strong>materia</strong></span> <span class='ocrx_word' id='word_1_29' title='bbox 476 299 586 334; x_wconf 76' lang='lat' dir='ltr'><strong>augebit</strong></span> <span class='ocrx_word' id='word_1_30' title='bbox 601 300 726 334; x_wconf 88' lang='lat' dir='ltr'><strong>concepti</strong></span> <span class='ocrx_word' id='word_1_31' title='bbox 743 300 840 327; x_wconf 88' lang='lat' dir='ltr'><strong>molem</strong></span> <span class='ocrx_word' id='word_1_32' title='bbox 850 300 862 326; x_wconf 85' lang='lat'><strong>?</strong></span> <span class='ocrx_word' id='word_1_33' title='bbox 872 290 1011 336; x_wconf 82' lang='lat' dir='ltr'><strong>quomodo</strong></span> 
     </span>
    </p>
   </div>
   <div class='ocr_carea' id='block_1_8' title="bbox 216 344 1011 380">
    <p class='ocr_par' dir='ltr' id='par_1_8' title="bbox 216 344 1011 380">
     <span class='ocr_line' id='line_1_8' title="bbox 216 344 1011 380; baseline 0.003 -8"><span class='ocrx_word' id='word_1_34' title='bbox 216 347 243 373; x_wconf 93' lang='lat' dir='ltr'><strong>in</strong></span> <span class='ocrx_word' id='word_1_35' title='bbox 261 350 339 372; x_wconf 91' lang='lat' dir='ltr'><strong>utero</strong></span> <span class='ocrx_word' id='word_1_36' title='bbox 359 344 534 372; x_wconf 84' lang='lat' dir='ltr'><strong>circumferet</strong></span> <span class='ocrx_word' id='word_1_37' title='bbox 549 345 710 380; x_wconf 85' lang='lat' dir='ltr'><strong>?quomodo</strong></span> <span class='ocrx_word' id='word_1_38' title='bbox 723 346 834 373; x_wconf 85' lang='lat' dir='ltr'><strong>lactabit</strong></span> <span class='ocrx_word' id='word_1_39' title='bbox 848 347 858 373; x_wconf 89' lang='lat'><strong>?</strong></span> <span class='ocrx_word' id='word_1_40' title='bbox 872 347 1011 379; x_wconf 86' lang='lat' dir='ltr'><strong>quomodo</strong></span> 
     </span>
    </p>
   </div>
   <div class='ocr_carea' id='block_1_9' title="bbox 215 384 1011 427">
    <p class='ocr_par' dir='ltr' id='par_1_9' title="bbox 215 384 1011 427">
     <span class='ocr_line' id='line_1_9' title="bbox 215 384 1011 427; baseline 0.001 -9"><span class='ocrx_word' id='word_1_41' title='bbox 215 391 360 418; x_wconf 87' lang='lat' dir='ltr'><strong>nutritivos</strong></span> <span class='ocrx_word' id='word_1_42' title='bbox 376 391 506 418; x_wconf 90' lang='lat' dir='ltr'><strong>humores</strong></span> <span class='ocrx_word' id='word_1_43' title='bbox 520 384 616 426; x_wconf 71' lang='lat' dir='ltr'><strong>sugere</strong></span> <span class='ocrx_word' id='word_1_44' title='bbox 633 391 715 418; x_wconf 90' lang='lat' dir='ltr'><strong>solito</strong></span> <span class='ocrx_word' id='word_1_45' title='bbox 734 392 848 419; x_wconf 77' lang='lat' dir='ltr'><strong>animali</strong></span> <span class='ocrx_word' id='word_1_46' title='bbox 880 392 1011 427; x_wconf 78' lang='lat' dir='ltr'><strong>Suppedi-</strong></span> 
     </span>
    </p>
   </div>
   <div class='ocr_carea' id='block_1_10' title="bbox 214 437 1010 474">
    <p class='ocr_par' dir='ltr' id='par_1_10' title="bbox 214 437 1010 474">
     <span class='ocr_line' id='line_1_10' title="bbox 214 437 1010 474; baseline 0.004 -11"><span class='ocrx_word' id='word_1_47' title='bbox 214 437 280 463; x_wconf 81' lang='lat' dir='ltr'><strong>tabit</strong></span> <span class='ocrx_word' id='word_1_48' title='bbox 293 437 438 472; x_wconf 74' lang='lat' dir='ltr'><strong>exsanguis</strong></span> <span class='ocrx_word' id='word_1_49' title='bbox 449 441 476 463; x_wconf 89' lang='lat' dir='ltr'><strong>et</strong></span> <span class='ocrx_word' id='word_1_50' title='bbox 491 437 679 465; x_wconf 80' lang='lat' dir='ltr'><strong>immaterialis</strong></span> <span class='ocrx_word' id='word_1_51' title='bbox 695 437 814 465; x_wconf 83' lang='lat' dir='ltr'><strong>natura?</strong></span> <span class='ocrx_word' id='word_1_52' title='bbox 830 438 902 473; x_wconf 74' lang='lat' dir='ltr'><strong>Ergo</strong></span> <span class='ocrx_word' id='word_1_53' title='bbox 928 447 1010 474; x_wconf 78' lang='lat' dir='ltr'><strong>ange-</strong></span> 
     </span>
    </p>
   </div>
   <div class='ocr_carea' id='block_1_11' title="bbox 214 482 1010 519">
    <p class='ocr_par' dir='ltr' id='par_1_11' title="bbox 214 482 1010 519">
     <span class='ocr_line' id='line_1_11' title="bbox 214 482 1010 519; baseline 0.004 -10"><span class='ocrx_word' id='word_1_54' title='bbox 214 483 255 510; x_wconf 88' lang='lat' dir='ltr'><strong>&#39;us</strong></span> <span class='ocrx_word' id='word_1_55' title='bbox 272 491 303 510; x_wconf 81' lang='lat' dir='ltr'><strong>ex</strong></span> <span class='ocrx_word' id='word_1_56' title='bbox 320 483 378 510; x_wconf 82' lang='lat' dir='ltr'><strong>viro</strong></span> <span class='ocrx_word' id='word_1_57' title='bbox 397 491 450 510; x_wconf 91' lang='lat' dir='ltr'><strong>non</strong></span> <span class='ocrx_word' id='word_1_58' title='bbox 480 483 626 518; x_wconf 84' lang='lat' dir='ltr'><strong>concipiet.</strong></span> <span class='ocrx_word' id='word_1_59' title='bbox 649 482 701 511; x_wconf 84' lang='lat' dir='ltr'><strong>Sed</strong></span> <span class='ocrx_word' id='word_1_60' title='bbox 722 492 812 519; x_wconf 89' lang='lat' dir='ltr'><strong>neque</strong></span> <span class='ocrx_word' id='word_1_61' title='bbox 837 485 895 512; x_wconf 89' lang='lat' dir='ltr'><strong>licri</strong></span> <span class='ocrx_word' id='word_1_62' title='bbox 921 489 1010 519; x_wconf 88' lang='lat' dir='ltr'><strong>potest</strong></span> 
     </span>
    </p>
   </div>
   <div class='ocr_carea' id='block_1_12' title="bbox 213 529 1008 566">
    <p class='ocr_par' dir='ltr' id='par_1_12' title="bbox 213 529 1008 566">
     <span class='ocr_line' id='line_1_12' title="bbox 213 529 1008 566; baseline 0.003 -10"><span class='ocrx_word' id='word_1_63' title='bbox 213 533 243 556; x_wconf 90' lang='lat' dir='ltr'><strong>ut</strong></span> <span class='ocrx_word' id='word_1_64' title='bbox 255 529 295 556; x_wconf 88' lang='lat' dir='ltr'><strong>vir</strong></span> <span class='ocrx_word' id='word_1_65' title='bbox 311 529 343 556; x_wconf 91' lang='lat' dir='ltr'><strong>ad</strong></span> <span class='ocrx_word' id='word_1_66' title='bbox 358 529 446 563; x_wconf 76' lang='lat' dir='ltr'><strong>angeli</strong></span> <span class='ocrx_word' id='word_1_67' title='bbox 467 529 644 556; x_wconf 85' lang='lat' dir='ltr'><strong>concubitum</strong></span> <span class='ocrx_word' id='word_1_68' title='bbox 661 530 772 557; x_wconf 82' lang='lat' dir='ltr'><strong>veniat:</strong></span> <span class='ocrx_word' id='word_1_69' title='bbox 791 530 895 566; x_wconf 84' lang='lat' dir='ltr'><strong>quippe</strong></span> <span class='ocrx_word' id='word_1_70' title='bbox 917 530 1008 558; x_wconf 83' lang='lat' dir='ltr'><strong>homi-</strong></span> 
     </span>
    </p>
   </div>
   <div class='ocr_carea' id='block_1_13' title="bbox 212 574 1004 610">
    <p class='ocr_par' dir='ltr' id='par_1_13' title="bbox 212 574 1004 610">
     <span class='ocr_line' id='line_1_13' title="bbox 212 574 1004 610; baseline 0.003 -9"><span class='ocrx_word' id='word_1_71' title='bbox 212 582 276 601; x_wconf 88' lang='lat' dir='ltr'><strong>num</strong></span> <span class='ocrx_word' id='word_1_72' title='bbox 309 574 440 609; x_wconf 81' lang='lat' dir='ltr'><strong>tangihile</strong></span> <span class='ocrx_word' id='word_1_73' title='bbox 467 582 568 610; x_wconf 85' lang='lat' dir='ltr'><strong>corpus</strong></span> <span class='ocrx_word' id='word_1_74' title='bbox 595 578 656 607; x_wconf 79' lang='lat' dir='ltr'><strong>est,</strong></span> <span class='ocrx_word' id='word_1_75' title='bbox 684 574 854 610; x_wconf 77' lang='lat' dir='ltr'><strong>intangibilis</strong></span> <span class='ocrx_word' id='word_1_76' title='bbox 881 575 1004 610; x_wconf 78' lang='lat' dir='ltr'><strong>angelus.</strong></span> 
     </span>
    </p>
   </div>
   <div class='ocr_carea' id='block_1_14' title="bbox 212 621 1007 654">
    <p class='ocr_par' dir='ltr' id='par_1_14' title="bbox 212 621 1007 654">
     <span class='ocr_line' id='line_1_14' title="bbox 212 621 1007 654; baseline 0.003 -7"><span class='ocrx_word' id='word_1_77' title='bbox 212 621 289 654; x_wconf 87' lang='lat' dir='ltr'><strong>Quod</strong></span> <span class='ocrx_word' id='word_1_78' title='bbox 303 625 393 648; x_wconf 89' lang='lat' dir='ltr'><strong>autem</strong></span> <span class='ocrx_word' id='word_1_79' title='bbox 412 621 464 648; x_wconf 88' lang='lat' dir='ltr'><strong>sub</strong></span> <span class='ocrx_word' id='word_1_80' title='bbox 492 625 594 649; x_wconf 87' lang='lat' dir='ltr'><strong>tactum</strong></span> <span class='ocrx_word' id='word_1_81' title='bbox 623 628 678 648; x_wconf 92' lang='lat' dir='ltr'><strong>non</strong></span> <span class='ocrx_word' id='word_1_82' title='bbox 697 621 781 652; x_wconf 79' lang='lat' dir='ltr'><strong>cadit,</strong></span> <span class='ocrx_word' id='word_1_83' title='bbox 810 621 898 649; x_wconf 81' lang='lat' dir='ltr'><strong>eidem</strong></span> <span class='ocrx_word' id='word_1_84' title='bbox 923 622 1007 649; x_wconf 89' lang='lat' dir='ltr'><strong>homo</strong></span> 
     </span>
    </p>
   </div>
   <div class='ocr_carea' id='block_1_15' title="bbox 212 666 1004 701">
    <p class='ocr_par' dir='ltr' id='par_1_15' title="bbox 212 666 1004 701">
     <span class='ocr_line' id='line_1_15' title="bbox 212 666 1004 701; baseline 0 -7"><span class='ocrx_word' id='word_1_85' title='bbox 212 674 265 694; x_wconf 90' lang='lat' dir='ltr'><strong>non</strong></span> <span class='ocrx_word' id='word_1_86' title='bbox 281 667 475 698; x_wconf 84' lang='lat' dir='ltr'><strong>communicat,</strong></span> <span class='ocrx_word' id='word_1_87' title='bbox 491 666 550 694; x_wconf 86' lang='lat' dir='ltr'><strong>Jam</strong></span> <span class='ocrx_word' id='word_1_88' title='bbox 570 666 593 695; x_wconf 93' lang='lat' dir='ltr'><strong>si</strong></span> <span class='ocrx_word' id='word_1_89' title='bbox 610 667 724 701; x_wconf 73' lang='lat' dir='ltr'><strong>angelus</strong></span> <span class='ocrx_word' id='word_1_90' title='bbox 742 667 776 694; x_wconf 86' lang='lat' dir='ltr'><strong>ad</strong></span> <span class='ocrx_word' id='word_1_91' title='bbox 791 675 852 694; x_wconf 88' lang='lat' dir='ltr'><strong>eam</strong></span> <span class='ocrx_word' id='word_1_92' title='bbox 879 674 1004 694; x_wconf 87' lang='lat' dir='ltr'><strong>commu-</strong></span> 
     </span>
    </p>
   </div>
   <div class='ocr_carea' id='block_1_16' title="bbox 211 713 1006 748">
    <p class='ocr_par' dir='ltr' id='par_1_16' title="bbox 211 713 1006 748">
     <span class='ocr_line' id='line_1_16' title="bbox 211 713 1006 748; baseline 0.001 -8"><span class='ocrx_word' id='word_1_93' title='bbox 211 714 319 740; x_wconf 86' lang='lat' dir='ltr'><strong>nionem</strong></span> <span class='ocrx_word' id='word_1_94' title='bbox 333 713 403 740; x_wconf 83' lang='lat' dir='ltr'><strong>trabi</strong></span> <span class='ocrx_word' id='word_1_95' title='bbox 422 713 527 748; x_wconf 88' lang='lat' dir='ltr'><strong>nequit,</strong></span> <span class='ocrx_word' id='word_1_96' title='bbox 543 720 577 740; x_wconf 89' lang='lat' dir='ltr'><strong>ne</strong></span> <span class='ocrx_word' id='word_1_97' title='bbox 593 713 645 740; x_wconf 88' lang='lat' dir='ltr'><strong>viri</strong></span> <span class='ocrx_word' id='word_1_98' title='bbox 666 713 776 748; x_wconf 88' lang='lat' dir='ltr'><strong>quidem</strong></span> <span class='ocrx_word' id='word_1_99' title='bbox 795 714 900 748; x_wconf 75' lang='lat' dir='ltr'><strong>copula:</strong></span> <span class='ocrx_word' id='word_1_100' title='bbox 920 713 1006 741; x_wconf 90' lang='lat' dir='ltr'><strong>obno-</strong></span> 
     </span>
    </p>
   </div>
   <div class='ocr_carea' id='block_1_17' title="bbox 1061 255 1858 295">
    <p class='ocr_par' dir='ltr' id='par_1_17' title="bbox 1061 255 1858 295">
     <span class='ocr_line' id='line_1_17' title="bbox 1061 255 1858 295; baseline 0.008 -14"><span class='ocrx_word' id='word_1_101' title='bbox 1061 255 1234 291; x_wconf 84' lang='grc' dir='ltr'>ὲγγαστρίως</span> <span class='ocrx_word' id='word_1_102' title='bbox 1251 256 1378 291; x_wconf 80' lang='grc' dir='ltr'><strong>περιάξει</strong></span> <span class='ocrx_word' id='word_1_103' title='bbox 1396 265 1403 289; x_wconf 89' lang='grc'>;</span> <span class='ocrx_word' id='word_1_104' title='bbox 1437 257 1494 288; x_wconf 80' lang='grc' dir='ltr'>πῶς</span> <span class='ocrx_word' id='word_1_105' title='bbox 1522 258 1550 284; x_wconf 86' lang='grc' dir='ltr'><strong>δὲ</strong></span> <span class='ocrx_word' id='word_1_106' title='bbox 1570 259 1618 285; x_wconf 74' lang='grc' dir='ltr'><strong>καὶ</strong></span> <span class='ocrx_word' id='word_1_107' title='bbox 1637 259 1802 295; x_wconf 85' lang='grc' dir='ltr'>γαλουχήσει</span> <span class='ocrx_word' id='word_1_108' title='bbox 1826 260 1858 288; x_wconf 81' lang='grc' dir='ltr'>τδ</span> 
     </span>
    </p>
   </div>
   <div class='ocr_carea' id='block_1_18' title="bbox 1061 301 1858 340">
    <p class='ocr_par' dir='ltr' id='par_1_18' title="bbox 1061 301 1858 340">
     <span class='ocr_line' id='line_1_18' title="bbox 1061 301 1858 340; baseline 0.005 -13"><span class='ocrx_word' id='word_1_109' title='bbox 1061 301 1166 337; x_wconf 80' lang='grc' dir='ltr'>χυμοὺς</span> <span class='ocrx_word' id='word_1_110' title='bbox 1183 301 1348 336; x_wconf 78' lang='grc' dir='ltr'>Θρεπτικοὺς</span> <span class='ocrx_word' id='word_1_111' title='bbox 1364 301 1459 334; x_wconf 73' lang='grc' dir='ltr'>εἰωθὸς</span> <span class='ocrx_word' id='word_1_112' title='bbox 1468 302 1638 330; x_wconf 78' lang='grc' dir='ltr'><strong>ἐπισπᾶσθαι</strong></span> <span class='ocrx_word' id='word_1_113' title='bbox 1654 303 1724 335; x_wconf 83' lang='grc' dir='ltr'>ζῶον</span> <span class='ocrx_word' id='word_1_114' title='bbox 1747 305 1764 340; x_wconf 85' lang='grc' dir='ltr'>ἡ</span> <span class='ocrx_word' id='word_1_115' title='bbox 1779 305 1858 332; x_wconf 84' lang='grc' dir='ltr'>ἀναι-</span> 
     </span>
    </p>
   </div>
   <div class='ocr_carea' id='block_1_19' title="bbox 1063 347 1857 384">
    <p class='ocr_par' dir='ltr' id='par_1_19' title="bbox 1063 347 1857 384">
     <span class='ocr_line' id='line_1_19' title="bbox 1063 347 1857 384; baseline 0.005 -11"><span class='ocrx_word' id='word_1_116' title='bbox 1063 355 1112 382; x_wconf 78' lang='grc' dir='ltr'><strong>μος</strong></span> <span class='ocrx_word' id='word_1_117' title='bbox 1136 348 1182 374; x_wconf 70' lang='grc' dir='ltr'><strong>καὶ</strong></span> <span class='ocrx_word' id='word_1_118' title='bbox 1196 347 1277 379; x_wconf 78' lang='grc' dir='ltr'>ἇῦλος</span> <span class='ocrx_word' id='word_1_119' title='bbox 1293 348 1388 382; x_wconf 82' lang='grc' dir='ltr'>φύσις;</span> <span class='ocrx_word' id='word_1_120' title='bbox 1418 349 1469 375; x_wconf 82' lang='grc' dir='ltr'><strong>οὐκ</strong></span> <span class='ocrx_word' id='word_1_121' title='bbox 1484 348 1537 384; x_wconf 79' lang='grc' dir='ltr'>ἄρα</span> <span class='ocrx_word' id='word_1_122' title='bbox 1553 349 1720 384; x_wconf 80' lang='grc' dir='ltr'><strong>συλλήψεται</strong></span> <span class='ocrx_word' id='word_1_123' title='bbox 1740 350 1857 384; x_wconf 81' lang='grc' dir='ltr'>ἄγγελος</span> 
     </span>
    </p>
   </div>
   <div class='ocr_carea' id='block_1_20' title="bbox 1061 392 1858 432">
    <p class='ocr_par' dir='ltr' id='par_1_20' title="bbox 1061 392 1858 432">
     <span class='ocr_line' id='line_1_20' title="bbox 1061 392 1858 432; baseline 0.004 -13"><span class='ocrx_word' id='word_1_124' title='bbox 1061 392 1092 425; x_wconf 76' lang='grc' dir='ltr'><strong>ἐξ</strong></span> <span class='ocrx_word' id='word_1_125' title='bbox 1108 393 1222 428; x_wconf 83' lang='grc' dir='ltr'>ἀνδρός·</span> <span class='ocrx_word' id='word_1_126' title='bbox 1241 393 1299 420; x_wconf 82' lang='grc' dir='ltr'>ἀλλ’</span> <span class='ocrx_word' id='word_1_127' title='bbox 1322 394 1384 421; x_wconf 74' lang='grc' dir='ltr'><strong>οὐδὲ</strong></span> <span class='ocrx_word' id='word_1_128' title='bbox 1412 394 1524 421; x_wconf 82' lang='grc' dir='ltr'>δυνατὸν</span> <span class='ocrx_word' id='word_1_129' title='bbox 1549 395 1627 430; x_wconf 80' lang='grc' dir='ltr'>ἀνδρὶ</span> <span class='ocrx_word' id='word_1_130' title='bbox 1653 395 1762 431; x_wconf 82' lang='grc' dir='ltr'>ἀγγέλῳ</span> <span class='ocrx_word' id='word_1_131' title='bbox 1789 396 1858 432; x_wconf 81' lang='grc' dir='ltr'>πρὸς</span> 
     </span>
    </p>
   </div>
   <div class='ocr_carea' id='block_1_21' title="bbox 1063 440 1856 477">
    <p class='ocr_par' dir='ltr' id='par_1_21' title="bbox 1063 440 1856 477">
     <span class='ocr_line' id='line_1_21' title="bbox 1063 440 1856 477; baseline 0.005 -13"><span class='ocrx_word' id='word_1_132' title='bbox 1063 440 1208 466; x_wconf 82' lang='grc' dir='ltr'><strong>συνουσίαν</strong></span> <span class='ocrx_word' id='word_1_133' title='bbox 1221 440 1308 467; x_wconf 74' lang='grc' dir='ltr'>ἐλθεῖν</span> <span class='ocrx_word' id='word_1_134' title='bbox 1318 448 1324 457; x_wconf 89' lang='grc'><strong>·</strong></span> <span class='ocrx_word' id='word_1_135' title='bbox 1348 440 1434 468; x_wconf 82' lang='grc' dir='ltr'>ἀπτδν</span> <span class='ocrx_word' id='word_1_136' title='bbox 1454 441 1503 476; x_wconf 85' lang='grc' dir='ltr'>μὲν</span> <span class='ocrx_word' id='word_1_137' title='bbox 1517 440 1572 477; x_wconf 88' lang='grc' dir='ltr'>γὰρ</span> <span class='ocrx_word' id='word_1_138' title='bbox 1585 441 1616 467; x_wconf 82' lang='grc' dir='ltr'><strong>τὺ</strong></span> <span class='ocrx_word' id='word_1_139' title='bbox 1628 441 1683 468; x_wconf 84' lang='grc' dir='ltr'>τῶν</span> <span class='ocrx_word' id='word_1_140' title='bbox 1701 441 1856 477; x_wconf 82' lang='grc' dir='ltr'>ἀνθρώπων</span> 
     </span>
    </p>
   </div>
   <div class='ocr_carea' id='block_1_22' title="bbox 1061 483 1889 524">
    <p class='ocr_par' dir='ltr' id='par_1_22' title="bbox 1061 483 1889 524">
     <span class='ocr_line' id='line_1_22' title="bbox 1061 483 1889 524; baseline 0.006 -13"><span class='ocrx_word' id='word_1_141' title='bbox 1061 485 1151 520; x_wconf 85' lang='grc' dir='ltr'>σῶμα,</span> <span class='ocrx_word' id='word_1_142' title='bbox 1166 485 1272 521; x_wconf 78' lang='grc' dir='ltr'>ἀναφὴς</span> <span class='ocrx_word' id='word_1_143' title='bbox 1283 486 1311 512; x_wconf 86' lang='grc' dir='ltr'>δὲ</span> <span class='ocrx_word' id='word_1_144' title='bbox 1323 487 1337 513; x_wconf 89' lang='grc' dir='ltr'>ὁ</span> <span class='ocrx_word' id='word_1_145' title='bbox 1352 487 1467 522; x_wconf 79' lang='grc' dir='ltr'>ἄγγελος</span> <span class='ocrx_word' id='word_1_146' title='bbox 1478 495 1485 502; x_wconf 90' lang='grc'><strong>·</strong></span> <span class='ocrx_word' id='word_1_147' title='bbox 1510 484 1532 522; x_wconf 81' lang='grc' dir='ltr'>ᾧ</span> <span class='ocrx_word' id='word_1_148' title='bbox 1559 487 1588 514; x_wconf 78' lang='grc' dir='ltr'><strong>δὲ</strong></span> <span class='ocrx_word' id='word_1_149' title='bbox 1605 489 1661 524; x_wconf 85' lang='grc' dir='ltr'><strong>ἀφῇ</strong></span> <span class='ocrx_word' id='word_1_150' title='bbox 1680 488 1728 524; x_wconf 86' lang='grc' dir='ltr'>οὐχ</span> <span class='ocrx_word' id='word_1_151' title='bbox 1755 489 1856 516; x_wconf 73' lang='grc' dir='ltr'>ὑποπί-</span> <span class='ocrx_word' id='word_1_152' title='bbox 1885 483 1889 488; x_wconf 70' lang='grc'><em>’</em></span> 
     </span>
    </p>
   </div>
   <div class='ocr_carea' id='block_1_23' title="bbox 1059 533 1856 571">
    <p class='ocr_par' dir='ltr' id='par_1_23' title="bbox 1059 533 1856 571">
     <span class='ocr_line' id='line_1_23' title="bbox 1059 533 1856 571; baseline 0.006 -13"><span class='ocrx_word' id='word_1_153' title='bbox 1059 539 1133 565; x_wconf 84' lang='grc' dir='ltr'>πτει,</span> <span class='ocrx_word' id='word_1_154' title='bbox 1147 533 1208 559; x_wconf 77' lang='grc' dir='ltr'>οὐδὲ</span> <span class='ocrx_word' id='word_1_155' title='bbox 1235 533 1379 569; x_wconf 83' lang='grc' dir='ltr'>μετέχεται</span> <span class='ocrx_word' id='word_1_156' title='bbox 1397 535 1463 569; x_wconf 81' lang='grc' dir='ltr'>παρ’</span> <span class='ocrx_word' id='word_1_157' title='bbox 1482 534 1579 561; x_wconf 78' lang='grc' dir='ltr'>αὑτοῦ·</span> <span class='ocrx_word' id='word_1_158' title='bbox 1600 536 1624 561; x_wconf 85' lang='grc' dir='ltr'>εἰ</span> <span class='ocrx_word' id='word_1_159' title='bbox 1641 534 1669 561; x_wconf 85' lang='grc' dir='ltr'><strong>δὲ</strong></span> <span class='ocrx_word' id='word_1_160' title='bbox 1694 536 1856 571; x_wconf 80' lang='grc' dir='ltr'>μετέχεσθαι</span> 
     </span>
    </p>
   </div>
   <div class='ocr_carea' id='block_1_24' title="bbox 1058 579 1854 614">
    <p class='ocr_par' dir='ltr' id='par_1_24' title="bbox 1058 579 1854 614">
     <span class='ocr_line' id='line_1_24' title="bbox 1058 579 1854 614; baseline 0.005 -9"><span class='ocrx_word' id='word_1_161' title='bbox 1058 579 1124 614; x_wconf 86' lang='grc' dir='ltr'>παρ’</span> <span class='ocrx_word' id='word_1_162' title='bbox 1139 579 1222 605; x_wconf 82' lang='grc' dir='ltr'>αὑτοῦ</span> <span class='ocrx_word' id='word_1_163' title='bbox 1236 580 1266 606; x_wconf 90' lang='grc' dir='ltr'>οὺ</span> <span class='ocrx_word' id='word_1_164' title='bbox 1281 580 1393 607; x_wconf 85' lang='grc' dir='ltr'>δύναται</span> <span class='ocrx_word' id='word_1_165' title='bbox 1404 580 1530 614; x_wconf 80' lang='grc' dir='ltr'>ἄγγελος,</span> <span class='ocrx_word' id='word_1_166' title='bbox 1546 580 1606 607; x_wconf 75' lang='grc' dir='ltr'>οὐδὲ</span> <span class='ocrx_word' id='word_1_167' title='bbox 1620 581 1690 608; x_wconf 83' lang='grc' dir='ltr'>κατὰ</span> <span class='ocrx_word' id='word_1_168' title='bbox 1708 582 1854 609; x_wconf 78' lang='grc' dir='ltr'>συνουσίαν</span> 
     </span>
    </p>
   </div>
   <div class='ocr_carea' id='block_1_25' title="bbox 1057 624 1856 663">
    <p class='ocr_par' dir='ltr' id='par_1_25' title="bbox 1057 624 1856 663">
     <span class='ocr_line' id='line_1_25' title="bbox 1057 624 1856 663; baseline 0.005 -12"><span class='ocrx_word' id='word_1_169' title='bbox 1057 624 1136 660; x_wconf 80' lang='grc' dir='ltr'>ἀνδρὶ</span> <span class='ocrx_word' id='word_1_170' title='bbox 1163 626 1381 661; x_wconf 77' lang='grc' dir='ltr'>συνεισέρχεται.</span> <span class='ocrx_word' id='word_1_171' title='bbox 1411 627 1513 659; x_wconf 69' lang='lat' dir='ltr'><strong>Kuth</strong></span> <span class='ocrx_word' id='word_1_172' title='bbox 1542 627 1588 654; x_wconf 82' lang='grc' dir='ltr'>οὖν</span> <span class='ocrx_word' id='word_1_173' title='bbox 1607 627 1662 663; x_wconf 75' lang='grc' dir='ltr'><strong>ἀρα</strong></span> <span class='ocrx_word' id='word_1_174' title='bbox 1686 628 1734 654; x_wconf 72' lang='grc' dir='ltr'><strong>καὶ</strong></span> <span class='ocrx_word' id='word_1_175' title='bbox 1748 628 1856 660; x_wconf 73' lang='grc' dir='ltr'>ἀσεϐῶς</span> 
     </span>
    </p>
   </div>
   <div class='ocr_carea' id='block_1_26' title="bbox 1057 670 1856 708">
    <p class='ocr_par' dir='ltr' id='par_1_26' title="bbox 1057 670 1856 708">
     <span class='ocr_line' id='line_1_26' title="bbox 1057 670 1856 708; baseline 0.004 -11"><span class='ocrx_word' id='word_1_176' title='bbox 1057 670 1181 706; x_wconf 87' lang='grc' dir='ltr'>Μωάμετ</span> <span class='ocrx_word' id='word_1_177' title='bbox 1196 671 1306 708; x_wconf 77' lang='grc' dir='ltr'><strong>θηλείας</strong></span> <span class='ocrx_word' id='word_1_178' title='bbox 1320 672 1497 708; x_wconf 82' lang='grc' dir='ltr'><strong>τερατεύεται</strong></span> <span class='ocrx_word' id='word_1_179' title='bbox 1512 673 1659 708; x_wconf 77' lang='grc' dir='ltr'>ἀγγέλους,</span> <span class='ocrx_word' id='word_1_180' title='bbox 1674 674 1722 700; x_wconf 75' lang='grc' dir='ltr'><strong>καὶ</strong></span> <span class='ocrx_word' id='word_1_181' title='bbox 1742 674 1856 706; x_wconf 81' lang='grc' dir='ltr'>ταύταις</span> 
     </span>
    </p>
   </div>
   <div class='ocr_carea' id='block_1_27' title="bbox 1059 715 1558 754">
    <p class='ocr_par' dir='ltr' id='par_1_27' title="bbox 1059 715 1558 754">
     <span class='ocr_line' id='line_1_27' title="bbox 1059 715 1558 754; baseline 0.006 -12"><span class='ocrx_word' id='word_1_182' title='bbox 1059 715 1108 742; x_wconf 87' lang='grc' dir='ltr'><strong>ἀνθ</strong></span> <span class='ocrx_word' id='word_1_183' title='bbox 1114 716 1221 751; x_wconf 85' lang='grc' dir='ltr'>ρώπους</span> <span class='ocrx_word' id='word_1_184' title='bbox 1233 717 1373 745; x_wconf 86' lang='grc' dir='ltr'>συνελθεῖν</span> <span class='ocrx_word' id='word_1_185' title='bbox 1391 718 1558 754; x_wconf 78' lang='grc' dir='ltr'>βλασφημεῖ.</span> 
     </span>
    </p>
   </div>
   <div class='ocr_carea' id='block_1_28' title="bbox 211 759 1855 800">
    <p class='ocr_par' dir='ltr' id='par_1_28' title="bbox 211 759 1855 800">
     <span class='ocr_line' id='line_1_28' title="bbox 211 759 1855 800; baseline 0.005 -13"><span class='ocrx_word' id='word_1_186' title='bbox 211 761 272 790; x_wconf 82' lang='lat' dir='ltr'><strong>xius</strong></span> <span class='ocrx_word' id='word_1_187' title='bbox 289 762 351 789; x_wconf 89' lang='lat' dir='ltr'><strong>erit.</strong></span> <span class='ocrx_word' id='word_1_188' title='bbox 366 761 434 788; x_wconf 85' lang='lat' dir='ltr'><strong>Male</strong></span> <span class='ocrx_word' id='word_1_189' title='bbox 456 760 540 796; x_wconf 83' lang='lat' dir='ltr'><strong>igitur</strong></span> <span class='ocrx_word' id='word_1_190' title='bbox 565 760 702 796; x_wconf 78' lang='lat' dir='ltr'><strong>impieque</strong></span> <span class='ocrx_word' id='word_1_191' title='bbox 715 759 891 788; x_wconf 85' lang='lat' dir='ltr'><strong>Mohamcdes</strong></span> <span class='ocrx_word' id='word_1_192' title='bbox 904 761 1035 797; x_wconf 78' lang='lat' dir='ltr'><strong>contingit</strong></span> <span class='ocrx_word' id='word_1_193' title='bbox 1052 762 1170 792; x_wconf 78' lang='lat' dir='ltr'><strong>feminas</strong></span> <span class='ocrx_word' id='word_1_194' title='bbox 1184 765 1305 800; x_wconf 75' lang='lat' dir='ltr'><strong>angelos,</strong></span> <span class='ocrx_word' id='word_1_195' title='bbox 1321 769 1348 793; x_wconf 93' lang='lat' dir='ltr'><strong>ct</strong></span> <span class='ocrx_word' id='word_1_196' title='bbox 1359 773 1422 793; x_wconf 93' lang='lat' dir='ltr'><strong>cum</strong></span> <span class='ocrx_word' id='word_1_197' title='bbox 1446 765 1489 793; x_wconf 87' lang='lat' dir='ltr'><strong>his</strong></span> <span class='ocrx_word' id='word_1_198' title='bbox 1505 764 1628 800; x_wconf 80' lang='lat' dir='ltr'><strong>copulari</strong></span> <span class='ocrx_word' id='word_1_199' title='bbox 1641 764 1767 794; x_wconf 85' lang='lat' dir='ltr'><strong>homines</strong></span> <span class='ocrx_word' id='word_1_200' title='bbox 1781 765 1855 795; x_wconf 85' lang='lat' dir='ltr'><strong>blas-</strong></span> 
     </span>
    </p>
   </div>
   <div class='ocr_carea' id='block_1_29' title="bbox 209 810 330 845">
    <p class='ocr_par' dir='ltr' id='par_1_29' title="bbox 209 810 330 845">
     <span class='ocr_line' id='line_1_29' title="bbox 209 810 330 845; baseline 0.008 -9"><span class='ocrx_word' id='word_1_201' title='bbox 209 810 330 845; x_wconf 86' lang='lat' dir='ltr'><strong>phcmat.</strong></span> 
     </span>
    </p>
   </div>
   <div class='ocr_carea' id='block_1_30' title="bbox 214 855 1001 898">
    <p class='ocr_par' dir='ltr' id='par_1_30' title="bbox 214 855 1001 898">
     <span class='ocr_line' id='line_1_30' title="bbox 214 855 1001 898; baseline -0.004 -13"><span class='ocrx_word' id='word_1_202' title='bbox 214 858 307 886; x_wconf 70' lang='lat' dir='ltr'><strong>XXI“.</strong></span> <span class='ocrx_word' id='word_1_203' title='bbox 325 858 455 898; x_wconf 60' lang='lat' dir='ltr'><strong>Adversus</strong></span> <span class='ocrx_word' id='word_1_204' title='bbox 471 856 589 898; x_wconf 66' lang='lat' dir='ltr'><strong>mundam</strong></span> <span class='ocrx_word' id='word_1_205' title='bbox 605 856 733 898; x_wconf 47' lang='lat' dir='ltr'><strong>dicentem.</strong></span> <span class='ocrx_word' id='word_1_206' title='bbox 747 856 813 883; x_wconf 79' lang='lat' dir='ltr'><strong>nihil</strong></span> <span class='ocrx_word' id='word_1_207' title='bbox 831 855 916 896; x_wconf 67' lang='lat' dir='ltr'><strong>ualere</strong></span> <span class='ocrx_word' id='word_1_208' title='bbox 937 863 1001 897; x_wconf 58' lang='lat' dir='ltr'><strong>san-</strong></span> 
     </span>
    </p>
   </div>
   <div class='ocr_carea' id='block_1_31' title="bbox 1052 855 1855 898">
    <p class='ocr_par' dir='ltr' id='par_1_31' title="bbox 1052 856 1855 898">
     <span class='ocr_line' id='line_1_31' title="bbox 1052 856 1855 898; baseline -0.001 -14"><span class='ocrx_word' id='word_1_209' title='bbox 1052 856 1117 884; x_wconf 72' lang='lat' dir='ltr'><strong>Kl&#39;”.</strong></span> <span class='ocrx_word' id='word_1_210' title='bbox 1132 857 1212 898; x_wconf 57' lang='grc' dir='ltr'><strong>Πρρρ</strong></span> <span class='ocrx_word' id='word_1_211' title='bbox 1222 858 1276 884; x_wconf 75' lang='grc' dir='ltr'><strong>τὸν</strong></span> <span class='ocrx_word' id='word_1_212' title='bbox 1289 857 1524 898; x_wconf 28' lang='grc' dir='ltr'>αρτὸνήλέγωςτα</span> <span class='ocrx_word' id='word_1_213' title='bbox 1535 857 1634 898; x_wconf 59' lang='grc' dir='ltr'>μηδὲν</span> <span class='ocrx_word' id='word_1_214' title='bbox 1645 857 1781 898; x_wconf 42' lang='grc' dir='ltr'>ἰοςχύεινι</span> <span class='ocrx_word' id='word_1_215' title='bbox 1796 856 1855 898; x_wconf 48' lang='grc' dir='ltr'><strong>τὴν⁵</strong></span> 
     </span>
    </p>
   </div>
   <div class='ocr_carea' id='block_1_32' title="bbox 245 891 1002 928">
    <p class='ocr_par' dir='ltr' id='par_1_32' title="bbox 245 891 1002 928">
     <span class='ocr_line' id='line_1_32' title="bbox 245 891 1002 928; baseline -0.003 -8"><span class='ocrx_word' id='word_1_216' title='bbox 245 898 358 926; x_wconf 56' lang='lat' dir='ltr'><strong>ciorum,</strong></span> <span class='ocrx_word' id='word_1_217' title='bbox 374 893 419 928; x_wconf 85' lang='lat' dir='ltr'><strong>qui</strong></span> <span class='ocrx_word' id='word_1_218' title='bbox 438 894 465 919; x_wconf 85' lang='lat' dir='ltr'><strong>in</strong></span> <span class='ocrx_word' id='word_1_219' title='bbox 482 893 546 919; x_wconf 79' lang='lat' dir='ltr'><strong>cwlo</strong></span> <span class='ocrx_word' id='word_1_220' title='bbox 562 895 641 924; x_wconf 82' lang='lat' dir='ltr'><strong>sunt,</strong></span> <span class='ocrx_word' id='word_1_221' title='bbox 658 891 811 926; x_wconf 79' lang='lat' dir='ltr'><strong>angelorum</strong></span> <span class='ocrx_word' id='word_1_222' title='bbox 837 892 1002 918; x_wconf 68' lang='lat' dir='ltr'><strong>intercessio-</strong></span> 
     </span>
    </p>
   </div>
   <div class='ocr_carea' id='block_1_33' title="bbox 246 937 317 956">
    <p class='ocr_par' dir='ltr' id='par_1_33' title="bbox 246 937 317 956">
     <span class='ocr_line' id='line_1_33' title="bbox 246 937 317 956; baseline 0 -1"><span class='ocrx_word' id='word_1_223' title='bbox 246 937 317 956; x_wconf 72' lang='lat' dir='ltr'><strong>&quot;em.</strong></span> 
     </span>
    </p>
   </div>
   <div class='ocr_carea' id='block_1_34' title="bbox 244 971 1001 1007">
    <p class='ocr_par' dir='ltr' id='par_1_34' title="bbox 244 971 1001 1007">
     <span class='ocr_line' id='line_1_34' title="bbox 244 971 1001 1007; baseline -0.001 -7"><span class='ocrx_word' id='word_1_224' title='bbox 244 973 289 1001; x_wconf 88' lang='lat'><strong>88.</strong></span> <span class='ocrx_word' id='word_1_225' title='bbox 302 972 357 1000; x_wconf 86' lang='lat' dir='ltr'><strong>Nisi</strong></span> <span class='ocrx_word' id='word_1_226' title='bbox 368 972 543 1000; x_wconf 81' lang='lat' dir='ltr'><strong>Moliamedes</strong></span> <span class='ocrx_word' id='word_1_227' title='bbox 558 971 703 1000; x_wconf 79' lang='lat' dir='ltr'><strong>confessus</strong></span> <span class='ocrx_word' id='word_1_228' title='bbox 719 971 818 999; x_wconf 81' lang='lat' dir='ltr'><strong>fuisset</strong></span> <span class='ocrx_word' id='word_1_229' title='bbox 839 971 1001 1007; x_wconf 81' lang='lat' dir='ltr'><strong>angelorum</strong></span> 
     </span>
    </p>
   </div>
   <div class='ocr_carea' id='block_1_35' title="bbox 209 1016 1002 1052">
    <p class='ocr_par' dir='ltr' id='par_1_35' title="bbox 209 1016 1002 1052">
     <span class='ocr_line' id='line_1_35' title="bbox 209 1016 1002 1052; baseline -0.003 -6"><span class='ocrx_word' id='word_1_230' title='bbox 209 1019 453 1050; x_wconf 80' lang='lat' dir='ltr'><strong>intcrcchionem,</strong></span> <span class='ocrx_word' id='word_1_231' title='bbox 472 1017 650 1052; x_wconf 63' lang='lat' dir='ltr'><strong>quiercndum</strong></span> <span class='ocrx_word' id='word_1_232' title='bbox 677 1016 748 1044; x_wconf 85' lang='lat' dir='ltr'><strong>foret</strong></span> <span class='ocrx_word' id='word_1_233' title='bbox 764 1024 828 1044; x_wconf 92' lang='lat' dir='ltr'><strong>num</strong></span> <span class='ocrx_word' id='word_1_234' title='bbox 857 1016 915 1051; x_wconf 87' lang='lat' dir='ltr'><strong>ipse</strong></span> <span class='ocrx_word' id='word_1_235' title='bbox 941 1024 1002 1044; x_wconf 90' lang='lat' dir='ltr'><strong>eam</strong></span> 
     </span>
    </p>
   </div>
   <div class='ocr_carea' id='block_1_36' title="bbox 209 1061 1001 1099">
    <p class='ocr_par' dir='ltr' id='par_1_36' title="bbox 209 1061 1001 1099">
     <span class='ocr_line' id='line_1_36' title="bbox 209 1061 1001 1099; baseline -0.005 -8"><span class='ocrx_word' id='word_1_236' title='bbox 209 1065 265 1091; x_wconf 81' lang='lat' dir='ltr'><strong>ﬁeri</strong></span> <span class='ocrx_word' id='word_1_237' title='bbox 285 1071 364 1099; x_wconf 84' lang='lat' dir='ltr'><strong>posse</strong></span> <span class='ocrx_word' id='word_1_238' title='bbox 392 1063 573 1090; x_wconf 80' lang='lat' dir='ltr'><strong>existimaret.</strong></span> <span class='ocrx_word' id='word_1_239' title='bbox 603 1062 655 1089; x_wconf 85' lang='lat' dir='ltr'><strong>Sed</strong></span> <span class='ocrx_word' id='word_1_240' title='bbox 687 1061 750 1096; x_wconf 88' lang='lat' dir='ltr'><strong>quia</strong></span> <span class='ocrx_word' id='word_1_241' title='bbox 771 1061 842 1089; x_wconf 90' lang='lat' dir='ltr'><strong>hanc</strong></span> <span class='ocrx_word' id='word_1_242' title='bbox 865 1061 1001 1095; x_wconf 73' lang='lat' dir='ltr'><strong>concedit,</strong></span> 
     </span>
    </p>
   </div>
   <div class='ocr_carea' id='block_1_37' title="bbox 207 1108 1002 1143">
    <p class='ocr_par' dir='ltr' id='par_1_37' title="bbox 207 1108 1002 1143">
     <span class='ocr_line' id='line_1_37' title="bbox 207 1108 1002 1143; baseline -0.004 -6"><span class='ocrx_word' id='word_1_243' title='bbox 207 1110 255 1137; x_wconf 81' lang='lat' dir='ltr'><strong>sed</strong></span> <span class='ocrx_word' id='word_1_244' title='bbox 273 1109 395 1136; x_wconf 84' lang='lat' dir='ltr'><strong>inutilem</strong></span> <span class='ocrx_word' id='word_1_245' title='bbox 411 1108 526 1136; x_wconf 82' lang='lat' dir='ltr'><strong>aﬂirmat</strong></span> <span class='ocrx_word' id='word_1_246' title='bbox 550 1116 557 1141; x_wconf 94' lang='lat'><strong>;</strong></span> <span class='ocrx_word' id='word_1_247' title='bbox 574 1108 751 1143; x_wconf 70' lang='lat' dir='ltr'><strong>quierendum</strong></span> <span class='ocrx_word' id='word_1_248' title='bbox 774 1111 909 1142; x_wconf 88' lang='lat' dir='ltr'><strong>superest,</strong></span> <span class='ocrx_word' id='word_1_249' title='bbox 925 1115 1002 1142; x_wconf 73' lang='lat' dir='ltr'><strong>quae-</strong></span> 
     </span>
    </p>
   </div>
   <div class='ocr_carea' id='block_1_38' title="bbox 208 1154 1005 1192">
    <p class='ocr_par' dir='ltr' id='par_1_38' title="bbox 208 1154 1005 1192">
     <span class='ocr_line' id='line_1_38' title="bbox 208 1154 1005 1192; baseline -0.005 -7"><span class='ocrx_word' id='word_1_250' title='bbox 208 1165 271 1185; x_wconf 91' lang='lat' dir='ltr'><strong>nam</strong></span> <span class='ocrx_word' id='word_1_251' title='bbox 287 1157 370 1192; x_wconf 81' lang='lat' dir='ltr'><strong>hujus</strong></span> <span class='ocrx_word' id='word_1_252' title='bbox 387 1155 573 1184; x_wconf 79' lang='lat' dir='ltr'><strong>frustrationis</strong></span> <span class='ocrx_word' id='word_1_253' title='bbox 590 1162 673 1183; x_wconf 86' lang='lat' dir='ltr'><strong>causa</strong></span> <span class='ocrx_word' id='word_1_254' title='bbox 688 1155 735 1182; x_wconf 79' lang='lat' dir='ltr'><strong>sit.</strong></span> <span class='ocrx_word' id='word_1_255' title='bbox 748 1154 816 1181; x_wconf 83' lang='lat' dir='ltr'><strong>Nam</strong></span> <span class='ocrx_word' id='word_1_256' title='bbox 833 1154 856 1182; x_wconf 90' lang='lat' dir='ltr'><strong>si</strong></span> <span class='ocrx_word' id='word_1_257' title='bbox 870 1155 928 1182; x_wconf 69' lang='lat' dir='ltr'><strong>haec</strong></span> <span class='ocrx_word' id='word_1_258' title='bbox 942 1154 1005 1189; x_wconf 88' lang='lat' dir='ltr'><strong>qui-</strong></span> 
     </span>
    </p>
   </div>
   <div class='ocr_carea' id='block_1_39' title="bbox 208 1199 1004 1238">
    <p class='ocr_par' dir='ltr' id='par_1_39' title="bbox 208 1199 1004 1238">
     <span class='ocr_line' id='line_1_39' title="bbox 208 1199 1004 1238; baseline -0.006 -6"><span class='ocrx_word' id='word_1_259' title='bbox 208 1205 270 1232; x_wconf 83' lang='lat' dir='ltr'><strong>dem</strong></span> <span class='ocrx_word' id='word_1_260' title='bbox 287 1204 350 1231; x_wconf 85' lang='lat' dir='ltr'><strong>talis</strong></span> <span class='ocrx_word' id='word_1_261' title='bbox 367 1207 419 1238; x_wconf 84' lang='lat' dir='ltr'><strong>est,</strong></span> <span class='ocrx_word' id='word_1_262' title='bbox 438 1202 465 1230; x_wconf 89' lang='lat' dir='ltr'><strong>id</strong></span> <span class='ocrx_word' id='word_1_263' title='bbox 483 1202 514 1230; x_wconf 87' lang='lat' dir='ltr'><strong>lit</strong></span> <span class='ocrx_word' id='word_1_264' title='bbox 528 1201 569 1229; x_wconf 85' lang='lat' dir='ltr'><strong>vel</strong></span> <span class='ocrx_word' id='word_1_265' title='bbox 585 1201 650 1236; x_wconf 87' lang='lat' dir='ltr'><strong>quia</strong></span> <span class='ocrx_word' id='word_1_266' title='bbox 668 1200 741 1228; x_wconf 88' lang='lat' dir='ltr'><strong>Deus</strong></span> <span class='ocrx_word' id='word_1_267' title='bbox 767 1199 949 1235; x_wconf 87' lang='lat' dir='ltr'><strong>implacabilis</strong></span> <span class='ocrx_word' id='word_1_268' title='bbox 963 1203 1004 1228; x_wconf 86' lang='lat' dir='ltr'><strong>est</strong></span> 
     </span>
    </p>
   </div>
   <div class='ocr_carea' id='block_1_40' title="bbox 208 1246 1003 1285">
    <p class='ocr_par' dir='ltr' id='par_1_40' title="bbox 208 1246 1003 1285">
     <span class='ocr_line' id='line_1_40' title="bbox 208 1246 1003 1285; baseline -0.006 -7"><span class='ocrx_word' id='word_1_269' title='bbox 208 1258 289 1285; x_wconf 85' lang='lat' dir='ltr'><strong>prece</strong></span> <span class='ocrx_word' id='word_1_270' title='bbox 303 1250 425 1285; x_wconf 79' lang='lat' dir='ltr'><strong>qualibet</strong></span> <span class='ocrx_word' id='word_1_271' title='bbox 442 1258 449 1282; x_wconf 91' lang='lat'><strong>;</strong></span> <span class='ocrx_word' id='word_1_272' title='bbox 471 1249 514 1276; x_wconf 92' lang='lat' dir='ltr'><strong>vel</strong></span> <span class='ocrx_word' id='word_1_273' title='bbox 534 1249 598 1284; x_wconf 82' lang='lat' dir='ltr'><strong>quia</strong></span> <span class='ocrx_word' id='word_1_274' title='bbox 617 1247 706 1283; x_wconf 74' lang='lat' dir='ltr'><strong>angeli</strong></span> <span class='ocrx_word' id='word_1_275' title='bbox 734 1246 884 1282; x_wconf 88' lang='lat' dir='ltr'><strong>improprie</strong></span> <span class='ocrx_word' id='word_1_276' title='bbox 907 1251 1003 1281; x_wconf 90' lang='lat' dir='ltr'><strong>postu-</strong></span> 
     </span>
    </p>
   </div>
   <div class='ocr_carea' id='block_1_41' title="bbox 207 1292 1004 1331">
    <p class='ocr_par' dir='ltr' id='par_1_41' title="bbox 207 1292 1004 1331">
     <span class='ocr_line' id='line_1_41' title="bbox 207 1292 1004 1331; baseline -0.004 -8"><span class='ocrx_word' id='word_1_277' title='bbox 207 1297 276 1324; x_wconf 80' lang='lat' dir='ltr'><strong>lant.</strong></span> <span class='ocrx_word' id='word_1_278' title='bbox 291 1295 370 1323; x_wconf 91' lang='lat' dir='ltr'><strong>Nunc</strong></span> <span class='ocrx_word' id='word_1_279' title='bbox 385 1296 450 1331; x_wconf 87' lang='lat' dir='ltr'><strong>quia</strong></span> <span class='ocrx_word' id='word_1_280' title='bbox 474 1296 552 1330; x_wconf 85' lang='lat' dir='ltr'><strong>prius</strong></span> <span class='ocrx_word' id='word_1_281' title='bbox 576 1294 645 1322; x_wconf 80' lang='lat' dir='ltr'><strong>illud</strong></span> <span class='ocrx_word' id='word_1_282' title='bbox 676 1301 709 1321; x_wconf 92' lang='lat' dir='ltr'><strong>ne</strong></span> <span class='ocrx_word' id='word_1_283' title='bbox 728 1292 916 1320; x_wconf 79' lang='lat' dir='ltr'><strong>Mohamedem</strong></span> <span class='ocrx_word' id='word_1_284' title='bbox 941 1292 1004 1328; x_wconf 88' lang='lat' dir='ltr'><strong>qui-</strong></span> 
     </span>
    </p>
   </div>
   <div class='ocr_carea' id='block_1_42' title="bbox 206 1341 1005 1377">
    <p class='ocr_par' dir='ltr' id='par_1_42' title="bbox 206 1341 1005 1377">
     <span class='ocr_line' id='line_1_42' title="bbox 206 1341 1005 1377; baseline -0.003 -7"><span class='ocrx_word' id='word_1_285' title='bbox 206 1343 268 1370; x_wconf 93' lang='lat' dir='ltr'><strong>dem</strong></span> <span class='ocrx_word' id='word_1_286' title='bbox 283 1343 428 1370; x_wconf 84' lang='lat' dir='ltr'><strong>admittere</strong></span> <span class='ocrx_word' id='word_1_287' title='bbox 441 1347 551 1370; x_wconf 80' lang='lat' dir='ltr'><strong>constat</strong></span> <span class='ocrx_word' id='word_1_288' title='bbox 572 1350 606 1370; x_wconf 82' lang='lat' dir='ltr'><strong>ex</strong></span> <span class='ocrx_word' id='word_1_289' title='bbox 624 1341 685 1377; x_wconf 84' lang='lat' dir='ltr'><strong>ejus</strong></span> <span class='ocrx_word' id='word_1_290' title='bbox 702 1341 737 1369; x_wconf 91' lang='lat' dir='ltr'><strong>ad</strong></span> <span class='ocrx_word' id='word_1_291' title='bbox 765 1349 861 1376; x_wconf 84' lang='lat' dir='ltr'><strong>preces</strong></span> <span class='ocrx_word' id='word_1_292' title='bbox 876 1341 1005 1368; x_wconf 72' lang='lat' dir='ltr'><strong>adhorta~</strong></span> 
     </span>
    </p>
   </div>
   <div class='ocr_carea' id='block_1_43' title="bbox 207 1387 1004 1424">
    <p class='ocr_par' dir='ltr' id='par_1_43' title="bbox 207 1387 1004 1424">
     <span class='ocr_line' id='line_1_43' title="bbox 207 1387 1004 1424; baseline -0.003 -8"><span class='ocrx_word' id='word_1_293' title='bbox 207 1389 339 1421; x_wconf 87' lang='lat' dir='ltr'><strong>tionibus,</strong></span> <span class='ocrx_word' id='word_1_294' title='bbox 356 1392 481 1424; x_wconf 86' lang='lat' dir='ltr'><strong>superest</strong></span> <span class='ocrx_word' id='word_1_295' title='bbox 493 1393 524 1416; x_wconf 90' lang='lat' dir='ltr'><strong>ut</strong></span> <span class='ocrx_word' id='word_1_296' title='bbox 551 1392 691 1423; x_wconf 84' lang='lat' dir='ltr'><strong>putemus,</strong></span> <span class='ocrx_word' id='word_1_297' title='bbox 708 1387 831 1423; x_wconf 75' lang='lat' dir='ltr'><strong>angelos,</strong></span> <span class='ocrx_word' id='word_1_298' title='bbox 859 1391 1004 1422; x_wconf 75' lang='lat' dir='ltr'><strong>propterea</strong></span> 
     </span>
    </p>
   </div>
   <div class='ocr_carea' id='block_1_44' title="bbox 206 1433 1004 1470">
    <p class='ocr_par' dir='ltr' id='par_1_44' title="bbox 206 1433 1004 1470">
     <span class='ocr_line' id='line_1_44' title="bbox 206 1433 1004 1470; baseline -0.001 -10"><span class='ocrx_word' id='word_1_299' title='bbox 206 1435 278 1470; x_wconf 81' lang='lat' dir='ltr'><strong>quod</strong></span> <span class='ocrx_word' id='word_1_300' title='bbox 298 1435 366 1462; x_wconf 85' lang='lat' dir='ltr'><strong>male</strong></span> <span class='ocrx_word' id='word_1_301' title='bbox 377 1437 481 1469; x_wconf 87' lang='lat' dir='ltr'><strong>petunt,</strong></span> <span class='ocrx_word' id='word_1_302' title='bbox 491 1441 545 1461; x_wconf 86' lang='lat' dir='ltr'><strong>non</strong></span> <span class='ocrx_word' id='word_1_303' title='bbox 561 1433 693 1461; x_wconf 80' lang='lat' dir='ltr'><strong>exaudiri.</strong></span> <span class='ocrx_word' id='word_1_304' title='bbox 705 1433 789 1468; x_wconf 82' lang='lat' dir='ltr'><strong>Atqui</strong></span> <span class='ocrx_word' id='word_1_305' title='bbox 808 1433 880 1460; x_wconf 85' lang='lat' dir='ltr'><strong>male</strong></span> <span class='ocrx_word' id='word_1_306' title='bbox 901 1438 1004 1467; x_wconf 84' lang='lat' dir='ltr'><strong>petere,</strong></span> 
     </span>
    </p>
   </div>
   <div class='ocr_carea' id='block_1_45' title="bbox 206 1478 1002 1515">
    <p class='ocr_par' dir='ltr' id='par_1_45' title="bbox 206 1478 1002 1515">
     <span class='ocr_line' id='line_1_45' title="bbox 206 1478 1002 1515; baseline -0.005 -6"><span class='ocrx_word' id='word_1_307' title='bbox 206 1482 213 1509; x_wconf 92' lang='lat' dir='ltr'><strong>i</strong></span> <span class='ocrx_word' id='word_1_308' title='bbox 227 1482 278 1510; x_wconf 87' lang='lat' dir='ltr'><strong>lem</strong></span> <span class='ocrx_word' id='word_1_309' title='bbox 294 1485 336 1509; x_wconf 89' lang='lat' dir='ltr'><strong>est</strong></span> <span class='ocrx_word' id='word_1_310' title='bbox 360 1489 391 1509; x_wconf 91' lang='lat' dir='ltr'><strong>ac</strong></span> <span class='ocrx_word' id='word_1_311' title='bbox 405 1481 476 1509; x_wconf 91' lang='lat' dir='ltr'><strong>male</strong></span> <span class='ocrx_word' id='word_1_312' title='bbox 489 1480 560 1508; x_wconf 88' lang='lat' dir='ltr'><strong>velle</strong></span> <span class='ocrx_word' id='word_1_313' title='bbox 571 1490 577 1508; x_wconf 87' lang='lat'><strong>:</strong></span> <span class='ocrx_word' id='word_1_314' title='bbox 589 1484 655 1508; x_wconf 89' lang='lat' dir='ltr'><strong>sunt</strong></span> <span class='ocrx_word' id='word_1_315' title='bbox 677 1487 742 1515; x_wconf 76' lang='lat' dir='ltr'><strong>ergo</strong></span> <span class='ocrx_word' id='word_1_316' title='bbox 756 1479 845 1514; x_wconf 74' lang='lat' dir='ltr'><strong>anguli</strong></span> <span class='ocrx_word' id='word_1_317' title='bbox 862 1478 1002 1506; x_wconf 83' lang='lat' dir='ltr'><strong>malevoli.</strong></span> 
     </span>
    </p>
   </div>
   <div class='ocr_carea' id='block_1_46' title="bbox 1089 891 1854 963">
    <p class='ocr_par' dir='ltr' id='par_1_46' title="bbox 1089 891 1854 963">
     <span class='ocr_line' id='line_1_46' title="bbox 1089 891 1854 963; baseline -0.001 -44"><span class='ocrx_word' id='word_1_318' title='bbox 1089 893 1252 963; x_wconf 52' lang='grc' dir='ltr'><strong>Ξρεσῗξέῗν</strong></span> <span class='ocrx_word' id='word_1_319' title='bbox 1283 892 1344 920; x_wconf 83' lang='grc' dir='ltr'><strong>τῶν</strong></span> <span class='ocrx_word' id='word_1_320' title='bbox 1383 893 1419 920; x_wconf 76' lang='grc' dir='ltr'><strong>ἐν</strong></span> <span class='ocrx_word' id='word_1_321' title='bbox 1435 891 1595 927; x_wconf 65' lang='grc' dir='ltr'>οὐρανοῖς</span> <span class='ocrx_word' id='word_1_322' title='bbox 1634 893 1728 928; x_wconf 76' lang='grc' dir='ltr'>ἁγίων</span> <span class='ocrx_word' id='word_1_323' title='bbox 1765 891 1854 927; x_wconf 76' lang='grc' dir='ltr'>ἀγγέ-</span> 
     </span>
     <span class='ocr_line' id='line_1_47' title="bbox 1112 936 1238 955; baseline 0 -1"><span class='ocrx_word' id='word_1_324' title='bbox 1112 936 1153 955; x_wconf 81' lang='grc' dir='ltr'><strong>ων</strong></span> <span class='ocrx_word' id='word_1_325' title='bbox 1231 948 1238 954; x_wconf 97' lang='grc'><em>.</em></span> 
     </span>
    </p>
   </div>
   <div class='ocr_carea' id='block_1_47' title="bbox 1112 936 1238 955">
    <p class='ocr_par' dir='ltr' id='par_1_47' title="bbox 1112 936 1238 955">
     <span class='ocr_line' id='line_1_48' title="bbox 1112 936 1238 955; baseline 0 0"><span class='ocrx_word' id='word_1_326' title='bbox 1112 936 1153 955; x_wconf 82' lang='grc' dir='ltr'>ων</span> <span class='ocrx_word' id='word_1_327' title='bbox 1168 936 1238 955; x_wconf 64' lang='grc'><strong>(321.</strong></span> 
     </span>
    </p>
   </div>
   <div class='ocr_carea' id='block_1_48' title="bbox 1089 972 1852 1010">
    <p class='ocr_par' dir='ltr' id='par_1_48' title="bbox 1089 972 1852 1010">
     <span class='ocr_line' id='line_1_49' title="bbox 1089 972 1852 1010; baseline -0.001 -9"><span class='ocrx_word' id='word_1_328' title='bbox 1089 972 1146 1009; x_wconf 88' lang='grc' dir='ltr'>πη’.</span> <span class='ocrx_word' id='word_1_329' title='bbox 1164 974 1196 1001; x_wconf 80' lang='lat' dir='ltr'><strong>El</strong></span> <span class='ocrx_word' id='word_1_330' title='bbox 1213 974 1262 1009; x_wconf 79' lang='grc' dir='ltr'>μὲν</span> <span class='ocrx_word' id='word_1_331' title='bbox 1276 974 1357 1006; x_wconf 80' lang='grc' dir='ltr'>αὐτὸς</span> <span class='ocrx_word' id='word_1_332' title='bbox 1372 974 1422 1010; x_wconf 84' lang='grc' dir='ltr'>οὺχ</span> <span class='ocrx_word' id='word_1_333' title='bbox 1437 973 1572 1009; x_wconf 84' lang='grc' dir='ltr'>ὡμολόγει</span> <span class='ocrx_word' id='word_1_334' title='bbox 1587 973 1736 1009; x_wconf 86' lang='grc' dir='ltr'>πρεσϐείαν</span> <span class='ocrx_word' id='word_1_335' title='bbox 1765 973 1852 1008; x_wconf 81' lang='grc' dir='ltr'>ἀγγέ-</span> 
     </span>
    </p>
   </div>
   <div class='ocr_carea' id='block_1_49' title="bbox 1054 1011 1853 1055">
    <p class='ocr_par' dir='ltr' id='par_1_49' title="bbox 1054 1011 1853 1055">
     <span class='ocr_line' id='line_1_50' title="bbox 1054 1011 1853 1055; baseline -0.003 -8"><span class='ocrx_word' id='word_1_336' title='bbox 1054 1019 1118 1052; x_wconf 86' lang='grc' dir='ltr'>λων,</span> <span class='ocrx_word' id='word_1_337' title='bbox 1132 1019 1255 1053; x_wconf 73' lang='grc' dir='ltr'><strong>ἐζητεῖτο</strong></span> <span class='ocrx_word' id='word_1_338' title='bbox 1268 1019 1301 1046; x_wconf 84' lang='grc' dir='ltr'>ἂν</span> <span class='ocrx_word' id='word_1_339' title='bbox 1322 1020 1347 1046; x_wconf 80' lang='grc' dir='ltr'>ει</span> <span class='ocrx_word' id='word_1_340' title='bbox 1361 1020 1415 1055; x_wconf 79' lang='grc' dir='ltr'>ἄρα</span> <span class='ocrx_word' id='word_1_341' title='bbox 1432 1020 1508 1047; x_wconf 71' lang='grc' dir='ltr'>ἐστὶν</span> <span class='ocrx_word' id='word_1_342' title='bbox 1523 1019 1598 1055; x_wconf 85' lang='grc' dir='ltr'><strong>αὑτῷ</strong></span> <span class='ocrx_word' id='word_1_343' title='bbox 1615 1011 1853 1052; x_wconf 63' lang='grc' dir='ltr'>δοξαστόνῖὲπει-</span> 
     </span>
    </p>
   </div>
   <div class='ocr_carea' id='block_1_50' title="bbox 1054 1064 1854 1101">
    <p class='ocr_par' dir='ltr' id='par_1_50' title="bbox 1054 1064 1854 1101">
     <span class='ocr_line' id='line_1_51' title="bbox 1054 1064 1854 1101; baseline -0.001 -9"><span class='ocrx_word' id='word_1_344' title='bbox 1054 1064 1086 1100; x_wconf 82' lang='grc' dir='ltr'><strong>δὴ</strong></span> <span class='ocrx_word' id='word_1_345' title='bbox 1098 1064 1127 1091; x_wconf 86' lang='grc' dir='ltr'><strong>δὲ</strong></span> <span class='ocrx_word' id='word_1_346' title='bbox 1138 1064 1217 1091; x_wconf 86' lang='grc' dir='ltr'>τοῦτο</span> <span class='ocrx_word' id='word_1_347' title='bbox 1231 1064 1322 1091; x_wconf 83' lang='grc' dir='ltr'>δίδωσι</span> <span class='ocrx_word' id='word_1_348' title='bbox 1339 1065 1399 1098; x_wconf 84' lang='grc' dir='ltr'>μὲν,</span> <span class='ocrx_word' id='word_1_349' title='bbox 1417 1065 1547 1101; x_wconf 86' lang='grc' dir='ltr'>ἀνόνητον</span> <span class='ocrx_word' id='word_1_350' title='bbox 1563 1065 1592 1092; x_wconf 83' lang='grc' dir='ltr'><strong>δὲ</strong></span> <span class='ocrx_word' id='word_1_351' title='bbox 1604 1065 1689 1100; x_wconf 84' lang='grc' dir='ltr'>αὐτὴν</span> <span class='ocrx_word' id='word_1_352' title='bbox 1706 1065 1854 1100; x_wconf 78' lang='grc' dir='ltr'>ἀποφαίνε-</span> 
     </span>
    </p>
   </div>
   <div class='ocr_carea' id='block_1_51' title="bbox 1053 1110 1852 1147">
    <p class='ocr_par' dir='ltr' id='par_1_51' title="bbox 1053 1110 1852 1147">
     <span class='ocr_line' id='line_1_52' title="bbox 1053 1110 1852 1147; baseline 0 -10"><span class='ocrx_word' id='word_1_353' title='bbox 1053 1119 1109 1144; x_wconf 85' lang='grc' dir='ltr'>ται,</span> <span class='ocrx_word' id='word_1_354' title='bbox 1131 1110 1265 1146; x_wconf 80' lang='grc' dir='ltr'>ζητείσθω</span> <span class='ocrx_word' id='word_1_355' title='bbox 1281 1110 1375 1137; x_wconf 80' lang='grc' dir='ltr'>λοιπὸν</span> <span class='ocrx_word' id='word_1_356' title='bbox 1391 1111 1433 1143; x_wconf 79' lang='grc' dir='ltr'><strong>τίς</strong></span> <span class='ocrx_word' id='word_1_357' title='bbox 1449 1112 1466 1146; x_wconf 88' lang='grc' dir='ltr'><strong>ἠ</strong></span> <span class='ocrx_word' id='word_1_358' title='bbox 1485 1112 1559 1138; x_wconf 80' lang='grc' dir='ltr'>αίτία</span> <span class='ocrx_word' id='word_1_359' title='bbox 1572 1112 1621 1147; x_wconf 84' lang='grc' dir='ltr'>τῆς</span> <span class='ocrx_word' id='word_1_360' title='bbox 1635 1111 1786 1147; x_wconf 77' lang='grc' dir='ltr'>ἀποτυχίας</span> <span class='ocrx_word' id='word_1_361' title='bbox 1802 1111 1852 1138; x_wconf 85' lang='grc' dir='ltr'><strong>αὑ-</strong></span> 
     </span>
    </p>
   </div>
   <div class='ocr_carea' id='block_1_52' title="bbox 1053 1157 1852 1194">
    <p class='ocr_par' dir='ltr' id='par_1_52' title="bbox 1053 1157 1852 1194">
     <span class='ocr_line' id='line_1_53' title="bbox 1053 1157 1852 1194; baseline 0 -10"><span class='ocrx_word' id='word_1_362' title='bbox 1053 1157 1105 1192; x_wconf 85' lang='grc' dir='ltr'>τῆς</span> <span class='ocrx_word' id='word_1_363' title='bbox 1114 1166 1122 1174; x_wconf 85' lang='grc'>·</span> <span class='ocrx_word' id='word_1_364' title='bbox 1135 1158 1159 1184; x_wconf 83' lang='grc' dir='ltr'>εἰ</span> <span class='ocrx_word' id='word_1_365' title='bbox 1171 1157 1225 1193; x_wconf 82' lang='grc' dir='ltr'>ἄρα</span> <span class='ocrx_word' id='word_1_366' title='bbox 1242 1157 1289 1184; x_wconf 76' lang='grc' dir='ltr'><strong>καὶ</strong></span> <span class='ocrx_word' id='word_1_367' title='bbox 1302 1157 1380 1185; x_wconf 74' lang='grc' dir='ltr'>ἔσται</span> <span class='ocrx_word' id='word_1_368' title='bbox 1389 1166 1396 1173; x_wconf 95' lang='grc'><strong>·</strong></span> <span class='ocrx_word' id='word_1_369' title='bbox 1413 1159 1472 1194; x_wconf 82' lang='grc' dir='ltr'>ἦτοι</span> <span class='ocrx_word' id='word_1_370' title='bbox 1485 1158 1534 1194; x_wconf 83' lang='grc' dir='ltr'>μὲν</span> <span class='ocrx_word' id='word_1_371' title='bbox 1545 1158 1600 1194; x_wconf 78' lang='grc' dir='ltr'><strong>γὰρ</strong></span> <span class='ocrx_word' id='word_1_372' title='bbox 1609 1158 1767 1194; x_wconf 80' lang='grc' dir='ltr'>ἀμείλικτός</span> <span class='ocrx_word' id='word_1_373' title='bbox 1777 1158 1852 1184; x_wconf 82' lang='grc' dir='ltr'>ἐστιν</span> 
     </span>
    </p>
   </div>
   <div class='ocr_carea' id='block_1_53' title="bbox 1053 1200 1851 1238">
    <p class='ocr_par' dir='ltr' id='par_1_53' title="bbox 1053 1200 1851 1238">
     <span class='ocr_line' id='line_1_54' title="bbox 1053 1200 1851 1238; baseline 0.003 -11"><span class='ocrx_word' id='word_1_374' title='bbox 1053 1201 1068 1228; x_wconf 86' lang='grc' dir='ltr'><strong><em>ὸ</em></strong></span> <span class='ocrx_word' id='word_1_375' title='bbox 1081 1200 1148 1233; x_wconf 80' lang='grc' dir='ltr'>Θεὸς</span> <span class='ocrx_word' id='word_1_376' title='bbox 1160 1201 1206 1228; x_wconf 81' lang='grc' dir='ltr'><strong>ὲπὶ</strong></span> <span class='ocrx_word' id='word_1_377' title='bbox 1218 1201 1292 1238; x_wconf 81' lang='grc' dir='ltr'>πάσῃ</span> <span class='ocrx_word' id='word_1_378' title='bbox 1304 1203 1429 1237; x_wconf 84' lang='grc' dir='ltr'>αἰτήσει,</span> <span class='ocrx_word' id='word_1_379' title='bbox 1446 1202 1462 1238; x_wconf 83' lang='grc' dir='ltr'><strong>ἢ</strong></span> <span class='ocrx_word' id='word_1_380' title='bbox 1479 1203 1589 1238; x_wconf 79' lang='grc' dir='ltr'>ἄγγελοι</span> <span class='ocrx_word' id='word_1_381' title='bbox 1604 1203 1747 1235; x_wconf 84' lang='grc' dir='ltr'>ἀνοικείως</span> <span class='ocrx_word' id='word_1_382' title='bbox 1758 1203 1851 1229; x_wconf 76' lang='grc' dir='ltr'>αἰτοῦ-</span> 
     </span>
    </p>
   </div>
   <div class='ocr_carea' id='block_1_54' title="bbox 1056 1246 1851 1284">
    <p class='ocr_par' dir='ltr' id='par_1_54' title="bbox 1056 1246 1851 1284">
     <span class='ocr_line' id='line_1_55' title="bbox 1056 1246 1851 1284; baseline 0.001 -11"><span class='ocrx_word' id='word_1_383' title='bbox 1056 1255 1107 1273; x_wconf 89' lang='grc' dir='ltr'>σιν.</span> <span class='ocrx_word' id='word_1_384' title='bbox 1123 1246 1202 1274; x_wconf 77' lang='grc' dir='ltr'>Ἐπεὶ</span> <span class='ocrx_word' id='word_1_385' title='bbox 1212 1247 1240 1274; x_wconf 78' lang='grc' dir='ltr'><strong>δὲ</strong></span> <span class='ocrx_word' id='word_1_386' title='bbox 1254 1247 1285 1274; x_wconf 80' lang='grc' dir='ltr'><strong>τὺ</strong></span> <span class='ocrx_word' id='word_1_387' title='bbox 1299 1247 1409 1282; x_wconf 86' lang='grc' dir='ltr'>πρῶτον</span> <span class='ocrx_word' id='word_1_388' title='bbox 1421 1248 1481 1275; x_wconf 67' lang='grc' dir='ltr'>οὐδὲ</span> <span class='ocrx_word' id='word_1_389' title='bbox 1495 1248 1578 1280; x_wconf 80' lang='grc' dir='ltr'>αὐτὸς</span> <span class='ocrx_word' id='word_1_390' title='bbox 1587 1248 1759 1284; x_wconf 81' lang='grc' dir='ltr'><strong>ἀποδέχεται,</strong></span> <span class='ocrx_word' id='word_1_391' title='bbox 1771 1248 1851 1284; x_wconf 77' lang='grc' dir='ltr'>δῆλον</span> 
     </span>
    </p>
   </div>
   <div class='ocr_carea' id='block_1_55' title="bbox 1055 1293 1852 1330">
    <p class='ocr_par' dir='ltr' id='par_1_55' title="bbox 1055 1293 1852 1330">
     <span class='ocr_line' id='line_1_56' title="bbox 1055 1293 1852 1330; baseline 0.001 -10"><span class='ocrx_word' id='word_1_392' title='bbox 1055 1293 1088 1320; x_wconf 83' lang='grc' dir='ltr'><strong>ὲκ</strong></span> <span class='ocrx_word' id='word_1_393' title='bbox 1103 1293 1150 1320; x_wconf 85' lang='grc' dir='ltr'>τοῦ</span> <span class='ocrx_word' id='word_1_394' title='bbox 1168 1295 1312 1329; x_wconf 84' lang='grc' dir='ltr'>παραινεῖν</span> <span class='ocrx_word' id='word_1_395' title='bbox 1332 1293 1477 1330; x_wconf 78' lang='grc' dir='ltr'>εὔχεσθαι-</span> <span class='ocrx_word' id='word_1_396' title='bbox 1501 1294 1625 1321; x_wconf 83' lang='grc' dir='ltr'>λείπεται</span> <span class='ocrx_word' id='word_1_397' title='bbox 1645 1294 1701 1330; x_wconf 82' lang='grc' dir='ltr'>ἄρα</span> <span class='ocrx_word' id='word_1_398' title='bbox 1725 1296 1782 1327; x_wconf 87' lang='grc' dir='ltr'>τοῖς</span> <span class='ocrx_word' id='word_1_399' title='bbox 1799 1295 1852 1329; x_wconf 84' lang='grc' dir='ltr'>ἀγ-</span> 
     </span>
    </p>
   </div>
   <div class='ocr_carea' id='block_1_56' title="bbox 1055 1339 1849 1378">
    <p class='ocr_par' dir='ltr' id='par_1_56' title="bbox 1055 1339 1849 1378">
     <span class='ocr_line' id='line_1_57' title="bbox 1055 1339 1849 1378; baseline 0.003 -12"><span class='ocrx_word' id='word_1_400' title='bbox 1055 1339 1144 1374; x_wconf 82' lang='grc' dir='ltr'>γέλοις</span> <span class='ocrx_word' id='word_1_401' title='bbox 1156 1340 1261 1368; x_wconf 68' lang='grc' dir='ltr'>οἴεσθαι</span> <span class='ocrx_word' id='word_1_402' title='bbox 1285 1341 1378 1374; x_wconf 84' lang='grc' dir='ltr'>κακῶς</span> <span class='ocrx_word' id='word_1_403' title='bbox 1394 1342 1515 1368; x_wconf 81' lang='grc' dir='ltr'>αἰτοῦσιν</span> <span class='ocrx_word' id='word_1_404' title='bbox 1530 1342 1568 1378; x_wconf 77' lang='grc' dir='ltr'>μὴ</span> <span class='ocrx_word' id='word_1_405' title='bbox 1587 1341 1736 1369; x_wconf 79' lang='grc' dir='ltr'>ἀκούεσθαι</span> <span class='ocrx_word' id='word_1_406' title='bbox 1748 1350 1756 1356; x_wconf 91' lang='grc'>·</span> <span class='ocrx_word' id='word_1_407' title='bbox 1773 1342 1804 1368; x_wconf 82' lang='grc' dir='ltr'>τὸ</span> <span class='ocrx_word' id='word_1_408' title='bbox 1820 1342 1849 1368; x_wconf 68' lang='grc' dir='ltr'><strong>δὲ</strong></span> 
     </span>
    </p>
   </div>
   <div class='ocr_carea' id='block_1_57' title="bbox 1055 1387 1848 1424">
    <p class='ocr_par' dir='ltr' id='par_1_57' title="bbox 1055 1387 1848 1424">
     <span class='ocr_line' id='line_1_58' title="bbox 1055 1387 1848 1424; baseline 0.001 -10"><span class='ocrx_word' id='word_1_409' title='bbox 1055 1387 1149 1419; x_wconf 81' lang='grc' dir='ltr'>κακῶς</span> <span class='ocrx_word' id='word_1_410' title='bbox 1171 1387 1316 1421; x_wconf 72' lang='grc' dir='ltr'>αἰτεῖσθαι,</span> <span class='ocrx_word' id='word_1_411' title='bbox 1344 1388 1442 1415; x_wconf 84' lang='grc' dir='ltr'>ταυτὸν</span> <span class='ocrx_word' id='word_1_412' title='bbox 1471 1388 1510 1424; x_wconf 83' lang='grc' dir='ltr'>τῷ</span> <span class='ocrx_word' id='word_1_413' title='bbox 1535 1389 1629 1420; x_wconf 84' lang='grc' dir='ltr'>κακῶς</span> <span class='ocrx_word' id='word_1_414' title='bbox 1645 1388 1734 1415; x_wconf 75' lang='grc' dir='ltr'>θέλειν</span> <span class='ocrx_word' id='word_1_415' title='bbox 1755 1387 1848 1415; x_wconf 79' lang='grc' dir='ltr'>ἐστίν’</span> 
     </span>
    </p>
   </div>
   <div class='ocr_carea' id='block_1_58' title="bbox 1055 1432 1850 1469">
    <p class='ocr_par' dir='ltr' id='par_1_58' title="bbox 1055 1432 1850 1469">
     <span class='ocr_line' id='line_1_59' title="bbox 1055 1432 1850 1469; baseline 0.001 -10"><span class='ocrx_word' id='word_1_416' title='bbox 1055 1432 1126 1460; x_wconf 82' lang='grc' dir='ltr'>ὥστε</span> <span class='ocrx_word' id='word_1_417' title='bbox 1142 1433 1213 1460; x_wconf 85' lang='grc' dir='ltr'>κατὰ</span> <span class='ocrx_word' id='word_1_418' title='bbox 1232 1433 1332 1461; x_wconf 73' lang='grc' dir='ltr'>ταυτὸν</span> <span class='ocrx_word' id='word_1_419' title='bbox 1357 1433 1518 1466; x_wconf 86' lang='grc' dir='ltr'>κακοθελείς</span> <span class='ocrx_word' id='word_1_420' title='bbox 1538 1435 1562 1461; x_wconf 80' lang='grc' dir='ltr'>οἱ</span> <span class='ocrx_word' id='word_1_421' title='bbox 1580 1434 1693 1469; x_wconf 76' lang='grc' dir='ltr'>ἄγγελοι</span> <span class='ocrx_word' id='word_1_422' title='bbox 1705 1443 1714 1451; x_wconf 86' lang='grc'><strong>·</strong></span> <span class='ocrx_word' id='word_1_423' title='bbox 1731 1433 1850 1461; x_wconf 84' lang='grc' dir='ltr'>κακοθε-</span> 
     </span>
    </p>
   </div>
   <div class='ocr_carea' id='block_1_59' title="bbox 1055 1477 1851 1515">
    <p class='ocr_par' dir='ltr' id='par_1_59' title="bbox 1055 1477 1851 1515">
     <span class='ocr_line' id='line_1_60' title="bbox 1055 1477 1851 1515; baseline 0.001 -11"><span class='ocrx_word' id='word_1_424' title='bbox 1055 1477 1104 1513; x_wconf 81' lang='grc' dir='ltr'>λὴς</span> <span class='ocrx_word' id='word_1_425' title='bbox 1114 1477 1142 1505; x_wconf 81' lang='grc' dir='ltr'><strong>δέ</strong></span> <span class='ocrx_word' id='word_1_426' title='bbox 1158 1477 1216 1505; x_wconf 75' lang='grc' dir='ltr'>ἐστι</span> <span class='ocrx_word' id='word_1_427' title='bbox 1229 1487 1271 1510; x_wconf 87' lang='grc' dir='ltr'><strong>τις</strong></span> <span class='ocrx_word' id='word_1_428' title='bbox 1295 1478 1313 1514; x_wconf 84' lang='grc' dir='ltr'><strong>ἢ</strong></span> <span class='ocrx_word' id='word_1_429' title='bbox 1327 1478 1357 1511; x_wconf 84' lang='grc' dir='ltr'>ὲξ</span> <span class='ocrx_word' id='word_1_430' title='bbox 1370 1478 1499 1513; x_wconf 84' lang='grc' dir='ltr'>ἀγνοίας,</span> <span class='ocrx_word' id='word_1_431' title='bbox 1515 1479 1532 1514; x_wconf 82' lang='grc' dir='ltr'>ἢ</span> <span class='ocrx_word' id='word_1_432' title='bbox 1552 1480 1584 1506; x_wconf 81' lang='grc' dir='ltr'><strong>ὲκ</strong></span> <span class='ocrx_word' id='word_1_433' title='bbox 1603 1479 1771 1515; x_wconf 85' lang='grc' dir='ltr'>μοχθηρίας·</span> <span class='ocrx_word' id='word_1_434' title='bbox 1791 1479 1851 1511; x_wconf 79' lang='grc' dir='ltr'><strong>πῶς</strong></span> 
     </span>
    </p>
   </div>
   <div class='ocr_carea' id='block_1_60' title="bbox 205 1522 1001 1562">
    <p class='ocr_par' dir='ltr' id='par_1_60' title="bbox 205 1525 1001 1562">
     <span class='ocr_line' id='line_1_61' title="bbox 205 1525 1001 1562; baseline -0.001 -8"><span class='ocrx_word' id='word_1_435' title='bbox 205 1527 354 1555; x_wconf 74' lang='lat' dir='ltr'><strong>Malevolus</strong></span> <span class='ocrx_word' id='word_1_436' title='bbox 379 1531 469 1554; x_wconf 90' lang='lat' dir='ltr'><strong>autem</strong></span> <span class='ocrx_word' id='word_1_437' title='bbox 485 1527 585 1562; x_wconf 88' lang='lat' dir='ltr'><strong>aliquis</strong></span> <span class='ocrx_word' id='word_1_438' title='bbox 599 1530 651 1559; x_wconf 88' lang='lat' dir='ltr'><strong>est,</strong></span> <span class='ocrx_word' id='word_1_439' title='bbox 666 1525 709 1553; x_wconf 88' lang='lat' dir='ltr'><strong>vel</strong></span> <span class='ocrx_word' id='word_1_440' title='bbox 725 1533 757 1553; x_wconf 84' lang='lat' dir='ltr'><strong>ex</strong></span> <span class='ocrx_word' id='word_1_441' title='bbox 774 1525 893 1557; x_wconf 85' lang='lat' dir='ltr'><strong>inscitia,</strong></span> <span class='ocrx_word' id='word_1_442' title='bbox 913 1525 956 1552; x_wconf 87' lang='lat' dir='ltr'><strong>vel</strong></span> <span class='ocrx_word' id='word_1_443' title='bbox 971 1532 1001 1553; x_wconf 85' lang='lat' dir='ltr'><strong>ex</strong></span> 
     </span>
    </p>
   </div>
   <div class='ocr_carea' id='block_1_61' title="bbox 1052 1522 1851 1562">
    <p class='ocr_par' dir='ltr' id='par_1_61' title="bbox 1056 1522 1851 1561">
     <span class='ocr_line' id='line_1_62' title="bbox 1056 1522 1851 1561; baseline 0 -9"><span class='ocrx_word' id='word_1_444' title='bbox 1056 1524 1084 1552; x_wconf 81' lang='grc' dir='ltr'><strong>δέ</strong></span> <span class='ocrx_word' id='word_1_445' title='bbox 1099 1533 1140 1556; x_wconf 89' lang='grc' dir='ltr'><strong>τις</strong></span> <span class='ocrx_word' id='word_1_446' title='bbox 1153 1524 1222 1556; x_wconf 81' lang='grc' dir='ltr'>ὅλως</span> <span class='ocrx_word' id='word_1_447' title='bbox 1234 1524 1313 1560; x_wconf 72' lang='grc' dir='ltr'>οἰηθῇ</span> <span class='ocrx_word' id='word_1_448' title='bbox 1326 1524 1380 1551; x_wconf 84' lang='grc' dir='ltr'><strong>τῶν</strong></span> <span class='ocrx_word' id='word_1_449' title='bbox 1393 1524 1597 1560; x_wconf 81' lang='grc' dir='ltr'>εύφρονούντων</span> <span class='ocrx_word' id='word_1_450' title='bbox 1619 1526 1649 1551; x_wconf 82' lang='grc' dir='ltr'>ἐν</span> <span class='ocrx_word' id='word_1_451' title='bbox 1666 1524 1764 1561; x_wconf 77' lang='grc' dir='ltr'>ἀγνοίᾳ</span> <span class='ocrx_word' id='word_1_452' title='bbox 1780 1522 1851 1552; x_wconf 73' lang='grc' dir='ltr'>εἶναι</span> 
     </span>
    </p>
   </div>
   <div class='ocr_carea' id='block_1_62' title="bbox 210 1571 1000 1610">
    <p class='ocr_par' dir='ltr' id='par_1_62' title="bbox 210 1571 1000 1610">
     <span class='ocr_line' id='line_1_63' title="bbox 210 1571 1000 1610; baseline -0.003 -10"><span class='ocrx_word' id='word_1_453' title='bbox 210 1574 395 1610; x_wconf 82' lang='lat' dir='ltr'><strong>improbitate.</strong></span> <span class='ocrx_word' id='word_1_454' title='bbox 410 1573 605 1600; x_wconf 82' lang='lat' dir='ltr'><strong>Verumtamen</strong></span> <span class='ocrx_word' id='word_1_455' title='bbox 618 1572 680 1607; x_wconf 85' lang='lat' dir='ltr'><strong>quis</strong></span> <span class='ocrx_word' id='word_1_456' title='bbox 697 1572 826 1600; x_wconf 75' lang='lat' dir='ltr'><strong>cordatus</strong></span> <span class='ocrx_word' id='word_1_457' title='bbox 850 1571 1000 1604; x_wconf 86' lang='lat' dir='ltr'><strong>existimet,</strong></span> 
     </span>
    </p>
   </div>
   <div class='ocr_carea' id='block_1_63' title="bbox 207 1616 1001 1655">
    <p class='ocr_par' dir='ltr' id='par_1_63' title="bbox 207 1616 1001 1655">
     <span class='ocr_line' id='line_1_64' title="bbox 207 1616 1001 1655; baseline -0.008 -7"><span class='ocrx_word' id='word_1_458' title='bbox 207 1622 232 1648; x_wconf 90' lang='lat' dir='ltr'><strong>in</strong></span> <span class='ocrx_word' id='word_1_459' title='bbox 256 1618 410 1655; x_wconf 77' lang='lat' dir='ltr'><strong>ignorantia</strong></span> <span class='ocrx_word' id='word_1_460' title='bbox 435 1617 501 1645; x_wconf 90' lang='lat' dir='ltr'><strong>boni</strong></span> <span class='ocrx_word' id='word_1_461' title='bbox 532 1617 636 1644; x_wconf 90' lang='lat' dir='ltr'><strong>versari</strong></span> <span class='ocrx_word' id='word_1_462' title='bbox 659 1617 722 1644; x_wconf 93' lang='lat' dir='ltr'><strong>illos</strong></span> <span class='ocrx_word' id='word_1_463' title='bbox 737 1616 784 1651; x_wconf 89' lang='lat' dir='ltr'><strong>qui</strong></span> <span class='ocrx_word' id='word_1_464' title='bbox 816 1616 868 1651; x_wconf 90' lang='lat' dir='ltr'><strong>ipsi</strong></span> <span class='ocrx_word' id='word_1_465' title='bbox 897 1616 1001 1642; x_wconf 69' lang='lat' dir='ltr'><strong>innata:</strong></span> 
     </span>
    </p>
   </div>
   <div class='ocr_carea' id='block_1_64' title="bbox 205 1660 1002 1699">
    <p class='ocr_par' dir='ltr' id='par_1_64' title="bbox 205 1660 1002 1699">
     <span class='ocr_line' id='line_1_65' title="bbox 205 1660 1002 1699; baseline -0.005 -8"><span class='ocrx_word' id='word_1_466' title='bbox 205 1665 346 1699; x_wconf 72' lang='lat' dir='ltr'><strong>sapientiae</strong></span> <span class='ocrx_word' id='word_1_467' title='bbox 360 1667 446 1690; x_wconf 82' lang='lat' dir='ltr'><strong>astant</strong></span> <span class='ocrx_word' id='word_1_468' title='bbox 459 1662 470 1689; x_wconf 93' lang='lat'><strong>?</strong></span> <span class='ocrx_word' id='word_1_469' title='bbox 483 1662 623 1698; x_wconf 88' lang='lat' dir='ltr'><strong>quomodo</strong></span> <span class='ocrx_word' id='word_1_470' title='bbox 634 1661 699 1690; x_wconf 87' lang='lat' dir='ltr'><strong>item</strong></span> <span class='ocrx_word' id='word_1_471' title='bbox 726 1661 814 1689; x_wconf 87' lang='lat' dir='ltr'><strong>tnalos</strong></span> <span class='ocrx_word' id='word_1_472' title='bbox 829 1669 877 1689; x_wconf 90' lang='lat' dir='ltr'><strong>eos</strong></span> <span class='ocrx_word' id='word_1_473' title='bbox 891 1660 1002 1696; x_wconf 89' lang='lat' dir='ltr'><strong>judica-</strong></span> 
     </span>
    </p>
   </div>
   <div class='ocr_carea' id='block_1_65' title="bbox 205 1704 1002 1743">
    <p class='ocr_par' dir='ltr' id='par_1_65' title="bbox 205 1704 1002 1743">
     <span class='ocr_line' id='line_1_66' title="bbox 205 1704 1002 1743; baseline -0.005 -7"><span class='ocrx_word' id='word_1_474' title='bbox 205 1710 255 1742; x_wconf 83' lang='lat' dir='ltr'><strong>hit,</strong></span> <span class='ocrx_word' id='word_1_475' title='bbox 276 1709 322 1743; x_wconf 88' lang='lat' dir='ltr'><strong>qui</strong></span> <span class='ocrx_word' id='word_1_476' title='bbox 336 1704 445 1735; x_wconf 74' lang='lat' dir='ltr'><strong>summo</strong></span> <span class='ocrx_word' id='word_1_477' title='bbox 469 1707 654 1742; x_wconf 77' lang='lat' dir='ltr'><strong>bonojugitcr</strong></span> <span class='ocrx_word' id='word_1_478' title='bbox 683 1706 868 1734; x_wconf 78' lang='lat' dir='ltr'><strong>saturantur?</strong></span> <span class='ocrx_word' id='word_1_479' title='bbox 886 1705 964 1739; x_wconf 80' lang='lat' dir='ltr'><strong>Quod</strong></span> <span class='ocrx_word' id='word_1_480' title='bbox 979 1705 1002 1732; x_wconf 90' lang='lat' dir='ltr'><strong>si</strong></span> 
     </span>
    </p>
   </div>
   <div class='ocr_carea' id='block_1_66' title="bbox 206 1751 1001 1789">
    <p class='ocr_par' dir='ltr' id='par_1_66' title="bbox 206 1751 1001 1789">
     <span class='ocr_line' id='line_1_67' title="bbox 206 1751 1001 1789; baseline -0.005 -6"><span class='ocrx_word' id='word_1_481' title='bbox 206 1757 263 1783; x_wconf 68' lang='lat' dir='ltr'><strong>hsce</strong></span> <span class='ocrx_word' id='word_1_482' title='bbox 275 1754 457 1789; x_wconf 86' lang='lat' dir='ltr'><strong>impossibilia</strong></span> <span class='ocrx_word' id='word_1_483' title='bbox 473 1758 547 1786; x_wconf 87' lang='lat' dir='ltr'><strong>sunt,</strong></span> <span class='ocrx_word' id='word_1_484' title='bbox 566 1753 697 1780; x_wconf 89' lang='lat' dir='ltr'><strong>mentitur</strong></span> <span class='ocrx_word' id='word_1_485' title='bbox 710 1752 770 1781; x_wconf 90' lang='lat' dir='ltr'><strong>sine</strong></span> <span class='ocrx_word' id='word_1_486' title='bbox 792 1753 876 1781; x_wconf 92' lang='lat' dir='ltr'><strong>dubio</strong></span> <span class='ocrx_word' id='word_1_487' title='bbox 903 1751 1001 1780; x_wconf 77' lang='lat' dir='ltr'><strong>Moba—</strong></span> 
     </span>
    </p>
   </div>
   <div class='ocr_carea' id='block_1_67' title="bbox 206 1800 1002 1835">
    <p class='ocr_par' dir='ltr' id='par_1_67' title="bbox 206 1800 1002 1835">
     <span class='ocr_line' id='line_1_68' title="bbox 206 1800 1002 1835; baseline -0.003 -7"><span class='ocrx_word' id='word_1_488' title='bbox 206 1801 321 1834; x_wconf 85' lang='lat' dir='ltr'><strong>iucdcs;</strong></span> <span class='ocrx_word' id='word_1_489' title='bbox 342 1801 396 1827; x_wconf 91' lang='lat' dir='ltr'><strong>imo</strong></span> <span class='ocrx_word' id='word_1_490' title='bbox 417 1807 481 1827; x_wconf 90' lang='lat' dir='ltr'><strong>vero</strong></span> <span class='ocrx_word' id='word_1_491' title='bbox 497 1800 681 1835; x_wconf 84' lang='lat' dir='ltr'><strong>blasphemat,</strong></span> <span class='ocrx_word' id='word_1_492' title='bbox 695 1800 806 1828; x_wconf 87' lang='lat' dir='ltr'><strong>inutiles</strong></span> <span class='ocrx_word' id='word_1_493' title='bbox 821 1800 916 1827; x_wconf 85' lang='lat' dir='ltr'><strong>dicens</strong></span> <span class='ocrx_word' id='word_1_494' title='bbox 939 1806 1002 1827; x_wconf 88' lang='lat' dir='ltr'><strong>san-</strong></span> 
     </span>
    </p>
   </div>
   <div class='ocr_carea' id='block_1_68' title="bbox 205 1845 725 1880">
    <p class='ocr_par' dir='ltr' id='par_1_68' title="bbox 205 1845 725 1880">
     <span class='ocr_line' id='line_1_69' title="bbox 205 1845 725 1880; baseline -0.002 -7"><span class='ocrx_word' id='word_1_495' title='bbox 205 1851 311 1873; x_wconf 66' lang='lat' dir='ltr'><strong>ctorum</strong></span> <span class='ocrx_word' id='word_1_496' title='bbox 326 1845 485 1880; x_wconf 71' lang='lat' dir='ltr'><strong>angelorum</strong></span> <span class='ocrx_word' id='word_1_497' title='bbox 501 1846 725 1873; x_wconf 85' lang='lat' dir='ltr'><strong>intercessiones.</strong></span> 
     </span>
    </p>
   </div>
   <div class='ocr_carea' id='block_1_69' title="bbox 205 1891 1001 1925">
    <p class='ocr_par' dir='ltr' id='par_1_69' title="bbox 205 1891 1001 1925">
     <span class='ocr_line' id='line_1_70' title="bbox 205 1891 1001 1925; baseline -0.004 -4"><span class='ocrx_word' id='word_1_498' title='bbox 205 1892 302 1921; x_wconf 68' lang='lat' dir='ltr'><strong>XXIV.</strong></span> <span class='ocrx_word' id='word_1_499' title='bbox 320 1893 451 1920; x_wconf 76' lang='lat' dir='ltr'><strong>Adversus</strong></span> <span class='ocrx_word' id='word_1_500' title='bbox 477 1891 596 1919; x_wconf 80' lang='lat' dir='ltr'><strong>eumdem</strong></span> <span class='ocrx_word' id='word_1_501' title='bbox 617 1891 757 1925; x_wconf 76' lang='lat' dir='ltr'><strong>dicentem,</strong></span> <span class='ocrx_word' id='word_1_502' title='bbox 781 1892 866 1919; x_wconf 84' lang='lat' dir='ltr'><strong>Deum</strong></span> <span class='ocrx_word' id='word_1_503' title='bbox 886 1892 1001 1920; x_wconf 76' lang='lat' dir='ltr'><strong>solidum</strong></span> 
     </span>
    </p>
   </div>
   <div class='ocr_carea' id='block_1_70' title="bbox 278 1928 929 1962">
    <p class='ocr_par' dir='ltr' id='par_1_70' title="bbox 278 1928 929 1962">
     <span class='ocr_line' id='line_1_71' title="bbox 278 1928 929 1962; baseline 0.002 -7"><span class='ocrx_word' id='word_1_504' title='bbox 278 1937 352 1961; x_wconf 77' lang='lat' dir='ltr'><strong>esse;</strong></span> <span class='ocrx_word' id='word_1_505' title='bbox 365 1933 388 1955; x_wconf 79' lang='lat' dir='ltr'><strong>ct</strong></span> <span class='ocrx_word' id='word_1_506' title='bbox 401 1935 481 1962; x_wconf 71' lang='lat' dir='ltr'><strong>neque</strong></span> <span class='ocrx_word' id='word_1_507' title='bbox 495 1928 627 1960; x_wconf 77' lang='lat' dir='ltr'><strong>genuisse,</strong></span> <span class='ocrx_word' id='word_1_508' title='bbox 640 1935 721 1962; x_wconf 82' lang='lat' dir='ltr'><strong>neque</strong></span> <span class='ocrx_word' id='word_1_509' title='bbox 732 1928 849 1962; x_wconf 83' lang='lat' dir='ltr'><strong>genitum</strong></span> <span class='ocrx_word' id='word_1_510' title='bbox 864 1936 929 1956; x_wconf 73' lang='lat' dir='ltr'><strong>esse.</strong></span> 
     </span>
    </p>
   </div>
   <div class='ocr_carea' id='block_1_71' title="bbox 239 2003 1002 2040">
    <p class='ocr_par' dir='ltr' id='par_1_71' title="bbox 239 2003 1002 2040">
     <span class='ocr_line' id='line_1_72' title="bbox 239 2003 1002 2040; baseline -0.003 -6"><span class='ocrx_word' id='word_1_511' title='bbox 239 2007 284 2034; x_wconf 77' lang='lat'><strong>89.</strong></span> <span class='ocrx_word' id='word_1_512' title='bbox 294 2005 344 2039; x_wconf 83' lang='lat' dir='ltr'><strong>Qui</strong></span> <span class='ocrx_word' id='word_1_513' title='bbox 356 2004 448 2032; x_wconf 84' lang='lat' dir='ltr'><strong>omnia</strong></span> <span class='ocrx_word' id='word_1_514' title='bbox 457 2004 587 2040; x_wconf 78' lang='lat' dir='ltr'><strong>produxit</strong></span> <span class='ocrx_word' id='word_1_515' title='bbox 606 2003 646 2039; x_wconf 64' lang='lat' dir='ltr'><strong>ex}</strong></span> <span class='ocrx_word' id='word_1_516' title='bbox 658 2004 753 2036; x_wconf 87' lang='lat' dir='ltr'><strong>nihilo,</strong></span> <span class='ocrx_word' id='word_1_517' title='bbox 767 2004 848 2032; x_wconf 89' lang='lat' dir='ltr'><strong>rebus</strong></span> <span class='ocrx_word' id='word_1_518' title='bbox 857 2012 872 2032; x_wconf 89' lang='lat' dir='ltr'><strong>a</strong></span> <span class='ocrx_word' id='word_1_519' title='bbox 882 2011 910 2032; x_wconf 87' lang='lat' dir='ltr'><strong>se</strong></span> <span class='ocrx_word' id='word_1_520' title='bbox 922 2004 1002 2032; x_wconf 80' lang='lat' dir='ltr'><strong>factis</strong></span> 
     </span>
    </p>
   </div>
   <div class='ocr_carea' id='block_1_72' title="bbox 204 2050 1000 2087">
    <p class='ocr_par' dir='ltr' id='par_1_72' title="bbox 204 2050 1000 2087">
     <span class='ocr_line' id='line_1_73' title="bbox 204 2050 1000 2087; baseline -0.001 -9"><span class='ocrx_word' id='word_1_521' title='bbox 204 2059 318 2087; x_wconf 77' lang='lat' dir='ltr'><strong>prorsus</strong></span> <span class='ocrx_word' id='word_1_522' title='bbox 343 2057 371 2080; x_wconf 90' lang='lat' dir='ltr'><strong>et</strong></span> <span class='ocrx_word' id='word_1_523' title='bbox 391 2051 498 2079; x_wconf 85' lang='lat' dir='ltr'><strong>inﬁnite</strong></span> <span class='ocrx_word' id='word_1_524' title='bbox 513 2050 592 2078; x_wconf 87' lang='lat' dir='ltr'><strong>debet</strong></span> <span class='ocrx_word' id='word_1_525' title='bbox 612 2058 661 2085; x_wconf 90' lang='lat' dir='ltr'><strong>per</strong></span> <span class='ocrx_word' id='word_1_526' title='bbox 680 2050 773 2078; x_wconf 85' lang='lat' dir='ltr'><strong>omnia</strong></span> <span class='ocrx_word' id='word_1_527' title='bbox 796 2058 857 2078; x_wconf 86' lang='lat' dir='ltr'><strong>esse</strong></span> <span class='ocrx_word' id='word_1_528' title='bbox 883 2050 1000 2084; x_wconf 88' lang='lat' dir='ltr'><strong>melior,</strong></span> 
     </span>
    </p>
   </div>
   <div class='ocr_carea' id='block_1_73' title="bbox 206 2094 998 2130">
    <p class='ocr_par' dir='ltr' id='par_1_73' title="bbox 206 2094 998 2130">
     <span class='ocr_line' id='line_1_74' title="bbox 206 2094 998 2130; baseline -0.003 -6"><span class='ocrx_word' id='word_1_529' title='bbox 206 2097 373 2130; x_wconf 81' lang='lat' dir='ltr'><strong>substantia,</strong></span> <span class='ocrx_word' id='word_1_530' title='bbox 386 2097 500 2130; x_wconf 79' lang='lat' dir='ltr'><strong>viribus,</strong></span> <span class='ocrx_word' id='word_1_531' title='bbox 511 2095 858 2130; x_wconf 86' lang='lat' dir='ltr'><strong>voluntate,pcrpetuitate,</strong></span> <span class='ocrx_word' id='word_1_532' title='bbox 871 2094 998 2122; x_wconf 82' lang='lat' dir='ltr'><strong>eﬂieacia.</strong></span> 
     </span>
    </p>
   </div>
   <div class='ocr_carea' id='block_1_74' title="bbox 202 2141 998 2177">
    <p class='ocr_par' dir='ltr' id='par_1_74' title="bbox 202 2141 998 2177">
     <span class='ocr_line' id='line_1_75' title="bbox 202 2141 998 2177; baseline -0.003 -6"><span class='ocrx_word' id='word_1_533' title='bbox 202 2143 280 2176; x_wconf 71' lang='lat' dir='ltr'><strong>Quod</strong></span> <span class='ocrx_word' id='word_1_534' title='bbox 292 2143 313 2171; x_wconf 90' lang='lat' dir='ltr'><strong>si</strong></span> <span class='ocrx_word' id='word_1_535' title='bbox 324 2143 360 2170; x_wconf 74' lang='lat' dir='ltr'><strong>ita</strong></span> <span class='ocrx_word' id='word_1_536' title='bbox 369 2148 484 2175; x_wconf 86' lang='lat' dir='ltr'><strong>nonest,</strong></span> <span class='ocrx_word' id='word_1_537' title='bbox 493 2151 526 2170; x_wconf 90' lang='lat' dir='ltr'><strong>ne</strong></span> <span class='ocrx_word' id='word_1_538' title='bbox 533 2142 665 2177; x_wconf 83' lang='lat' dir='ltr'><strong>produxit</strong></span> <span class='ocrx_word' id='word_1_539' title='bbox 673 2142 783 2177; x_wconf 91' lang='lat' dir='ltr'><strong>quidem</strong></span> <span class='ocrx_word' id='word_1_540' title='bbox 793 2141 854 2169; x_wconf 86' lang='lat' dir='ltr'><strong>illas</strong></span> <span class='ocrx_word' id='word_1_541' title='bbox 861 2149 892 2169; x_wconf 75' lang='lat' dir='ltr'><strong>ex</strong></span> <span class='ocrx_word' id='word_1_542' title='bbox 902 2142 998 2169; x_wconf 81' lang='lat' dir='ltr'><strong>nihilo.</strong></span> 
     </span>
    </p>
   </div>
   <div class='ocr_carea' id='block_1_75' title="bbox 202 2188 998 2224">
    <p class='ocr_par' dir='ltr' id='par_1_75' title="bbox 202 2188 998 2224">
     <span class='ocr_line' id='line_1_76' title="bbox 202 2188 998 2224; baseline -0.001 -7"><span class='ocrx_word' id='word_1_543' title='bbox 202 2190 279 2224; x_wconf 78' lang='lat' dir='ltr'><strong>Quod</strong></span> <span class='ocrx_word' id='word_1_544' title='bbox 300 2190 385 2217; x_wconf 88' lang='lat' dir='ltr'><strong>sinon</strong></span> <span class='ocrx_word' id='word_1_545' title='bbox 403 2189 541 2224; x_wconf 79' lang='lat' dir='ltr'><strong>produxit.</strong></span> <span class='ocrx_word' id='word_1_546' title='bbox 558 2188 653 2216; x_wconf 90' lang='lat' dir='ltr'><strong>eadem</strong></span> <span class='ocrx_word' id='word_1_547' title='bbox 673 2195 704 2216; x_wconf 91' lang='lat' dir='ltr'><strong>ac</strong></span> <span class='ocrx_word' id='word_1_548' title='bbox 722 2188 768 2215; x_wconf 92' lang='lat' dir='ltr'><strong>ille</strong></span> <span class='ocrx_word' id='word_1_549' title='bbox 781 2188 998 2223; x_wconf 82' lang='lat' dir='ltr'><strong>sempiternitate</strong></span> 
     </span>
    </p>
   </div>
   <div class='ocr_carea' id='block_1_76' title="bbox 201 2234 995 2272">
    <p class='ocr_par' dir='ltr' id='par_1_76' title="bbox 201 2234 995 2272">
     <span class='ocr_line' id='line_1_77' title="bbox 201 2234 995 2272; baseline -0.003 -9"><span class='ocrx_word' id='word_1_550' title='bbox 201 2241 228 2264; x_wconf 88' lang='lat' dir='ltr'><strong>et</strong></span> <span class='ocrx_word' id='word_1_551' title='bbox 243 2237 302 2264; x_wconf 90' lang='lat' dir='ltr'><strong>siue</strong></span> <span class='ocrx_word' id='word_1_552' title='bbox 318 2236 453 2272; x_wconf 91' lang='lat' dir='ltr'><strong>principio</strong></span> <span class='ocrx_word' id='word_1_553' title='bbox 468 2235 554 2271; x_wconf 72' lang='lat' dir='ltr'><strong>gloria</strong></span> <span class='ocrx_word' id='word_1_554' title='bbox 571 2239 677 2263; x_wconf 81' lang='lat' dir='ltr'><strong>cunctae</strong></span> <span class='ocrx_word' id='word_1_555' title='bbox 698 2242 741 2262; x_wconf 90' lang='lat' dir='ltr'><strong>res</strong></span> <span class='ocrx_word' id='word_1_556' title='bbox 766 2239 832 2262; x_wconf 82' lang='lat' dir='ltr'><strong>sunt</strong></span> <span class='ocrx_word' id='word_1_557' title='bbox 853 2234 972 2268; x_wconf 74' lang='lat' dir='ltr'><strong>praeditas</strong></span> <span class='ocrx_word' id='word_1_558' title='bbox 988 2243 995 2261; x_wconf 90' lang='lat'><strong>:</strong></span> 
     </span>
    </p>
   </div>
   <div class='ocr_carea' id='block_1_77' title="bbox 201 2281 997 2318">
    <p class='ocr_par' dir='ltr' id='par_1_77' title="bbox 201 2281 997 2318">
     <span class='ocr_line' id='line_1_78' title="bbox 201 2281 997 2318; baseline 0 -8"><span class='ocrx_word' id='word_1_559' title='bbox 201 2291 266 2318; x_wconf 82' lang='lat' dir='ltr'><strong>ergo</strong></span> <span class='ocrx_word' id='word_1_560' title='bbox 277 2283 359 2311; x_wconf 84' lang='lat' dir='ltr'><strong>etiam</strong></span> <span class='ocrx_word' id='word_1_561' title='bbox 380 2283 484 2310; x_wconf 91' lang='lat' dir='ltr'><strong>viribus</strong></span> <span class='ocrx_word' id='word_1_562' title='bbox 510 2289 590 2318; x_wconf 87' lang='lat' dir='ltr'><strong>pares</strong></span> <span class='ocrx_word' id='word_1_563' title='bbox 613 2286 688 2315; x_wconf 90' lang='lat' dir='ltr'><strong>sunt,</strong></span> <span class='ocrx_word' id='word_1_564' title='bbox 713 2285 740 2310; x_wconf 86' lang='lat' dir='ltr'><strong>et</strong></span> <span class='ocrx_word' id='word_1_565' title='bbox 769 2282 844 2309; x_wconf 90' lang='lat' dir='ltr'><strong>illum</strong></span> <span class='ocrx_word' id='word_1_566' title='bbox 861 2282 908 2317; x_wconf 90' lang='lat' dir='ltr'><strong>qui</strong></span> <span class='ocrx_word' id='word_1_567' title='bbox 936 2281 997 2310; x_wconf 84' lang='lat' dir='ltr'><strong>sine</strong></span> 
     </span>
    </p>
   </div>
   <div class='ocr_carea' id='block_1_78' title="bbox 201 2326 996 2363">
    <p class='ocr_par' dir='ltr' id='par_1_78' title="bbox 201 2326 996 2363">
     <span class='ocr_line' id='line_1_79' title="bbox 201 2326 996 2363; baseline 0.001 -9"><span class='ocrx_word' id='word_1_568' title='bbox 201 2328 280 2356; x_wconf 90' lang='lat' dir='ltr'><strong>initio</strong></span> <span class='ocrx_word' id='word_1_569' title='bbox 294 2332 336 2356; x_wconf 83' lang='lat' dir='ltr'><strong>est</strong></span> <span class='ocrx_word' id='word_1_570' title='bbox 345 2332 500 2363; x_wconf 56' lang='lat' dir='ltr'><strong>exaequant.</strong></span> <span class='ocrx_word' id='word_1_571' title='bbox 517 2327 596 2361; x_wconf 86' lang='lat' dir='ltr'><strong>Quod</strong></span> <span class='ocrx_word' id='word_1_572' title='bbox 613 2327 635 2355; x_wconf 89' lang='lat' dir='ltr'><strong>si</strong></span> <span class='ocrx_word' id='word_1_573' title='bbox 651 2335 731 2362; x_wconf 85' lang='lat' dir='ltr'><strong>pares</strong></span> <span class='ocrx_word' id='word_1_574' title='bbox 751 2327 853 2354; x_wconf 87' lang='lat' dir='ltr'><strong>habent</strong></span> <span class='ocrx_word' id='word_1_575' title='bbox 872 2326 958 2361; x_wconf 88' lang='lat' dir='ltr'><strong>vires,</strong></span> <span class='ocrx_word' id='word_1_576' title='bbox 972 2327 996 2355; x_wconf 84' lang='lat' dir='ltr'><strong>is</strong></span> 
     </span>
    </p>
   </div>
   <div class='ocr_carea' id='block_1_79' title="bbox 201 2372 995 2409">
    <p class='ocr_par' dir='ltr' id='par_1_79' title="bbox 201 2372 995 2409">
     <span class='ocr_line' id='line_1_80' title="bbox 201 2372 995 2409; baseline -0.001 -9"><span class='ocrx_word' id='word_1_577' title='bbox 201 2374 309 2409; x_wconf 81' lang='lat' dir='ltr'><strong>quidem</strong></span> <span class='ocrx_word' id='word_1_578' title='bbox 334 2374 380 2408; x_wconf 92' lang='lat' dir='ltr'><strong>qui</strong></span> <span class='ocrx_word' id='word_1_579' title='bbox 406 2373 509 2408; x_wconf 82' lang='lat' dir='ltr'><strong>absque</strong></span> <span class='ocrx_word' id='word_1_580' title='bbox 530 2373 608 2400; x_wconf 84' lang='lat' dir='ltr'><strong>initio</strong></span> <span class='ocrx_word' id='word_1_581' title='bbox 631 2376 691 2405; x_wconf 87' lang='lat' dir='ltr'><strong>cst,</strong></span> <span class='ocrx_word' id='word_1_582' title='bbox 708 2372 778 2399; x_wconf 90' lang='lat' dir='ltr'><strong>idem</strong></span> <span class='ocrx_word' id='word_1_583' title='bbox 798 2376 840 2399; x_wconf 87' lang='lat' dir='ltr'><strong>est</strong></span> <span class='ocrx_word' id='word_1_584' title='bbox 860 2372 933 2407; x_wconf 91' lang='lat' dir='ltr'><strong>quod</strong></span> <span class='ocrx_word' id='word_1_585' title='bbox 951 2378 995 2399; x_wconf 92' lang='lat' dir='ltr'><strong>res</strong></span> 
     </span>
    </p>
   </div>
   <div class='ocr_carea' id='block_1_80' title="bbox 201 2418 995 2454">
    <p class='ocr_par' dir='ltr' id='par_1_80' title="bbox 201 2418 995 2454">
     <span class='ocr_line' id='line_1_81' title="bbox 201 2418 995 2454; baseline -0.003 -7"><span class='ocrx_word' id='word_1_586' title='bbox 201 2425 307 2448; x_wconf 65' lang='lat' dir='ltr'><strong>eceterae</strong></span> <span class='ocrx_word' id='word_1_587' title='bbox 336 2427 442 2448; x_wconf 87' lang='lat' dir='ltr'><strong>omnes.</strong></span> <span class='ocrx_word' id='word_1_588' title='bbox 471 2420 553 2454; x_wconf 84' lang='lat' dir='ltr'><strong>Atqui</strong></span> <span class='ocrx_word' id='word_1_589' title='bbox 573 2419 696 2446; x_wconf 82' lang='lat' dir='ltr'><strong>videmus</strong></span> <span class='ocrx_word' id='word_1_590' title='bbox 716 2418 788 2445; x_wconf 89' lang='lat' dir='ltr'><strong>haud</strong></span> <span class='ocrx_word' id='word_1_591' title='bbox 814 2418 904 2445; x_wconf 88' lang='lat' dir='ltr'><strong>omnia</strong></span> <span class='ocrx_word' id='word_1_592' title='bbox 931 2425 995 2453; x_wconf 90' lang='lat' dir='ltr'><strong>qua-</strong></span> 
     </span>
    </p>
   </div>
   <div class='ocr_carea' id='block_1_81' title="bbox 200 2465 996 2500">
    <p class='ocr_par' dir='ltr' id='par_1_81' title="bbox 200 2465 996 2500">
     <span class='ocr_line' id='line_1_82' title="bbox 200 2465 996 2500; baseline -0.004 -6"><span class='ocrx_word' id='word_1_593' title='bbox 200 2473 279 2495; x_wconf 86' lang='lat' dir='ltr'><strong>tenus</strong></span> <span class='ocrx_word' id='word_1_594' title='bbox 302 2467 412 2499; x_wconf 86' lang='lat' dir='ltr'><strong>omnia,</strong></span> <span class='ocrx_word' id='word_1_595' title='bbox 438 2466 485 2494; x_wconf 85' lang='lat' dir='ltr'><strong>sed</strong></span> <span class='ocrx_word' id='word_1_596' title='bbox 517 2470 646 2500; x_wconf 86' lang='lat' dir='ltr'><strong>tauquam</strong></span> <span class='ocrx_word' id='word_1_597' title='bbox 672 2472 756 2492; x_wconf 90' lang='lat' dir='ltr'><strong>unum</strong></span> <span class='ocrx_word' id='word_1_598' title='bbox 785 2465 878 2492; x_wconf 88' lang='lat' dir='ltr'><strong>omnia</strong></span> <span class='ocrx_word' id='word_1_599' title='bbox 901 2472 996 2492; x_wconf 83' lang='lat' dir='ltr'><strong>move-</strong></span> 
     </span>
    </p>
   </div>
   <div class='ocr_carea' id='block_1_82' title="bbox 200 2510 992 2548">
    <p class='ocr_par' dir='ltr' id='par_1_82' title="bbox 200 2510 992 2548">
     <span class='ocr_line' id='line_1_83' title="bbox 200 2510 992 2548; baseline -0.004 -7"><span class='ocrx_word' id='word_1_600' title='bbox 200 2514 242 2547; x_wconf 78' lang='lat' dir='ltr'><strong>ri;</strong></span> <span class='ocrx_word' id='word_1_601' title='bbox 262 2513 313 2541; x_wconf 88' lang='lat' dir='ltr'><strong>etsi</strong></span> <span class='ocrx_word' id='word_1_602' title='bbox 330 2513 454 2548; x_wconf 66' lang='lat' dir='ltr'><strong>quaedam</strong></span> <span class='ocrx_word' id='word_1_603' title='bbox 482 2513 554 2539; x_wconf 87' lang='lat' dir='ltr'><strong>inter</strong></span> <span class='ocrx_word' id='word_1_604' title='bbox 579 2511 682 2544; x_wconf 86' lang='lat' dir='ltr'><strong>omnia,</strong></span> <span class='ocrx_word' id='word_1_605' title='bbox 710 2511 824 2538; x_wconf 88' lang='lat' dir='ltr'><strong>meliora</strong></span> <span class='ocrx_word' id='word_1_606' title='bbox 854 2510 992 2543; x_wconf 84' lang='lat' dir='ltr'><strong>videntur,</strong></span> 
     </span>
    </p>
   </div>
   <div class='ocr_carea' id='block_1_83' title="bbox 199 2557 995 2595">
    <p class='ocr_par' dir='ltr' id='par_1_83' title="bbox 199 2557 995 2595">
     <span class='ocr_line' id='line_1_84' title="bbox 199 2557 995 2595; baseline -0.003 -9"><span class='ocrx_word' id='word_1_607' title='bbox 199 2559 324 2595; x_wconf 60' lang='lat' dir='ltr'><strong>qua-dam</strong></span> <span class='ocrx_word' id='word_1_608' title='bbox 340 2567 405 2586; x_wconf 88' lang='lat' dir='ltr'><strong>vero</strong></span> <span class='ocrx_word' id='word_1_609' title='bbox 423 2558 571 2586; x_wconf 86' lang='lat' dir='ltr'><strong>deteriora.</strong></span> <span class='ocrx_word' id='word_1_610' title='bbox 590 2557 643 2586; x_wconf 87' lang='lat' dir='ltr'><strong>Sed</strong></span> <span class='ocrx_word' id='word_1_611' title='bbox 655 2557 724 2585; x_wconf 83' lang='lat' dir='ltr'><strong>nihil</strong></span> <span class='ocrx_word' id='word_1_612' title='bbox 744 2564 839 2584; x_wconf 89' lang='lat' dir='ltr'><strong>eorum</strong></span> <span class='ocrx_word' id='word_1_613' title='bbox 864 2557 995 2584; x_wconf 85' lang='lat' dir='ltr'><strong>immuta-</strong></span> 
     </span>
    </p>
   </div>
   <div class='ocr_carea' id='block_1_84' title="bbox 200 2603 993 2636">
    <p class='ocr_par' dir='ltr' id='par_1_84' title="bbox 200 2603 993 2636">
     <span class='ocr_line' id='line_1_85' title="bbox 200 2603 993 2636; baseline -0.003 -4"><span class='ocrx_word' id='word_1_614' title='bbox 200 2607 253 2634; x_wconf 88' lang='lat' dir='ltr'><strong>bile</strong></span> <span class='ocrx_word' id='word_1_615' title='bbox 264 2606 360 2633; x_wconf 88' lang='lat' dir='ltr'><strong>estvcl</strong></span> <span class='ocrx_word' id='word_1_616' title='bbox 374 2605 512 2633; x_wconf 88' lang='lat' dir='ltr'><strong>immobile</strong></span> <span class='ocrx_word' id='word_1_617' title='bbox 530 2614 536 2632; x_wconf 90' lang='lat'><strong><em>:</em></strong></span> <span class='ocrx_word' id='word_1_618' title='bbox 555 2604 624 2632; x_wconf 81' lang='lat' dir='ltr'><strong>adeo</strong></span> <span class='ocrx_word' id='word_1_619' title='bbox 641 2608 671 2632; x_wconf 92' lang='lat' dir='ltr'><strong>ut</strong></span> <span class='ocrx_word' id='word_1_620' title='bbox 694 2604 718 2632; x_wconf 85' lang='lat' dir='ltr'><strong>si</strong></span> <span class='ocrx_word' id='word_1_621' title='bbox 731 2604 826 2631; x_wconf 86' lang='lat' dir='ltr'><strong>omnia</strong></span> <span class='ocrx_word' id='word_1_622' title='bbox 845 2603 993 2636; x_wconf 83' lang='lat' dir='ltr'><strong>allet‘nant,</strong></span> 
     </span>
    </p>
   </div>
   <div class='ocr_carea' id='block_1_85' title="bbox 199 2649 995 2687">
    <p class='ocr_par' dir='ltr' id='par_1_85' title="bbox 199 2649 995 2687">
     <span class='ocr_line' id='line_1_86' title="bbox 199 2649 995 2687; baseline -0.004 -8"><span class='ocrx_word' id='word_1_623' title='bbox 199 2659 249 2679; x_wconf 88' lang='lat' dir='ltr'><strong>nec</strong></span> <span class='ocrx_word' id='word_1_624' title='bbox 266 2656 403 2687; x_wconf 85' lang='lat' dir='ltr'><strong>quatenus</strong></span> <span class='ocrx_word' id='word_1_625' title='bbox 430 2650 522 2678; x_wconf 91' lang='lat' dir='ltr'><strong>omnia</strong></span> <span class='ocrx_word' id='word_1_626' title='bbox 537 2654 612 2682; x_wconf 88' lang='lat' dir='ltr'><strong>sunt,</strong></span> <span class='ocrx_word' id='word_1_627' title='bbox 626 2653 783 2682; x_wconf 87' lang='lat' dir='ltr'><strong>moventur,</strong></span> <span class='ocrx_word' id='word_1_628' title='bbox 798 2649 845 2677; x_wconf 87' lang='lat' dir='ltr'><strong>sed</strong></span> <span class='ocrx_word' id='word_1_629' title='bbox 864 2653 995 2685; x_wconf 80' lang='lat' dir='ltr'><strong>tanquam</strong></span> 
     </span>
    </p>
   </div>
   <div class='ocr_carea' id='block_1_86' title="bbox 198 2695 987 2732">
    <p class='ocr_par' dir='ltr' id='par_1_86' title="bbox 198 2695 987 2732">
     <span class='ocr_line' id='line_1_87' title="bbox 198 2695 987 2732; baseline -0.003 -7"><span class='ocrx_word' id='word_1_630' title='bbox 198 2706 295 2730; x_wconf 69' lang='lat' dir='ltr'><strong>ultum,</strong></span> <span class='ocrx_word' id='word_1_631' title='bbox 309 2705 362 2726; x_wconf 91' lang='lat' dir='ltr'><strong>non</strong></span> <span class='ocrx_word' id='word_1_632' title='bbox 377 2701 443 2725; x_wconf 86' lang='lat' dir='ltr'><strong>sunt</strong></span> <span class='ocrx_word' id='word_1_633' title='bbox 456 2697 548 2724; x_wconf 87' lang='lat' dir='ltr'><strong>omnia</strong></span> <span class='ocrx_word' id='word_1_634' title='bbox 564 2695 640 2732; x_wconf 83' lang='lat' dir='ltr'><strong>paria</strong></span> <span class='ocrx_word' id='word_1_635' title='bbox 654 2696 679 2724; x_wconf 90' lang='lat' dir='ltr'><strong>ei</strong></span> <span class='ocrx_word' id='word_1_636' title='bbox 694 2696 741 2731; x_wconf 89' lang='lat' dir='ltr'><strong>qui</strong></span> <span class='ocrx_word' id='word_1_637' title='bbox 757 2696 816 2723; x_wconf 88' lang='lat' dir='ltr'><strong>sine</strong></span> <span class='ocrx_word' id='word_1_638' title='bbox 835 2695 915 2723; x_wconf 87' lang='lat' dir='ltr'><strong>initio</strong></span> <span class='ocrx_word' id='word_1_639' title='bbox 929 2700 987 2723; x_wconf 86' lang='lat' dir='ltr'><strong>est:</strong></span> 
     </span>
    </p>
   </div>
   <div class='ocr_carea' id='block_1_87' title="bbox 234 2796 510 2832">
    <p class='ocr_par' dir='ltr' id='par_1_87' title="bbox 234 2796 510 2832">
     <span class='ocr_line' id='line_1_88' title="bbox 234 2796 510 2832; baseline 0.004 -8"><span class='ocrx_word' id='word_1_640' title='bbox 234 2797 290 2832; x_wconf 77' lang='lat'><strong>(92)</strong></span> <span class='ocrx_word' id='word_1_641' title='bbox 302 2796 365 2832; x_wconf 80' lang='lat' dir='ltr'><strong>Sur.</strong></span> <span class='ocrx_word' id='word_1_642' title='bbox 377 2796 449 2829; x_wconf 72' lang='lat' dir='ltr'><strong>XXI,</strong></span> <span class='ocrx_word' id='word_1_643' title='bbox 463 2796 510 2826; x_wconf 71' lang='lat'><strong>28.</strong></span> 
     </span>
    </p>
   </div>
   <div class='ocr_carea' id='block_1_88' title="bbox 235 2830 992 2867">
    <p class='ocr_par' dir='ltr' id='par_1_88' title="bbox 235 2830 992 2867">
     <span class='ocr_line' id='line_1_89' title="bbox 235 2830 992 2867; baseline 0 -10"><span class='ocrx_word' id='word_1_644' title='bbox 235 2830 290 2866; x_wconf 72' lang='lat'><strong>(93)</strong></span> <span class='ocrx_word' id='word_1_645' title='bbox 305 2831 372 2859; x_wconf 88' lang='lat' dir='ltr'><strong>Cod.</strong></span> <span class='ocrx_word' id='word_1_646' title='bbox 387 2831 549 2867; x_wconf 77' lang='grc' dir='ltr'>ὀλόσφαιρος</span> <span class='ocrx_word' id='word_1_647' title='bbox 565 2831 610 2859; x_wconf 89' lang='lat' dir='ltr'><strong>hic</strong></span> <span class='ocrx_word' id='word_1_648' title='bbox 624 2835 651 2858; x_wconf 91' lang='lat' dir='ltr'><strong>et</strong></span> <span class='ocrx_word' id='word_1_649' title='bbox 662 2830 748 2867; x_wconf 61' lang='lat' dir='ltr'><strong>intra.</strong></span> <span class='ocrx_word' id='word_1_650' title='bbox 768 2830 895 2858; x_wconf 79' lang='lat' dir='ltr'><strong>Attamen</strong></span> <span class='ocrx_word' id='word_1_651' title='bbox 923 2838 992 2859; x_wconf 86' lang='lat' dir='ltr'><strong>cou-</strong></span> 
     </span>
    </p>
   </div>
   <div class='ocr_carea' id='block_1_89' title="bbox 199 2865 991 2902">
    <p class='ocr_par' dir='ltr' id='par_1_89' title="bbox 199 2865 991 2902">
     <span class='ocr_line' id='line_1_90' title="bbox 199 2865 991 2902; baseline 0 -7"><span class='ocrx_word' id='word_1_652' title='bbox 199 2871 251 2895; x_wconf 77' lang='lat' dir='ltr'><strong>stai</strong></span> <span class='ocrx_word' id='word_1_653' title='bbox 266 2865 441 2894; x_wconf 51' lang='lat' dir='ltr'><strong>scribendum</strong></span> <span class='ocrx_word' id='word_1_654' title='bbox 458 2865 543 2895; x_wconf 72' lang='lat' dir='ltr'><strong>fuisse</strong></span> <span class='ocrx_word' id='word_1_655' title='bbox 559 2867 718 2902; x_wconf 75' lang='grc' dir='ltr'>ὀλόσφυρος.</span> <span class='ocrx_word' id='word_1_656' title='bbox 735 2865 794 2894; x_wconf 73' lang='lat' dir='ltr'><strong>lam</strong></span> <span class='ocrx_word' id='word_1_657' title='bbox 811 2874 875 2895; x_wconf 89' lang='lat' dir='ltr'><strong>vero</strong></span> <span class='ocrx_word' id='word_1_658' title='bbox 896 2871 923 2895; x_wconf 92' lang='lat' dir='ltr'><strong>ct</strong></span> <span class='ocrx_word' id='word_1_659' title='bbox 944 2874 991 2895; x_wconf 87' lang='lat' dir='ltr'><strong>su-</strong></span> 
     </span>
    </p>
   </div>
   <div class='ocr_carea' id='block_1_90' title="bbox 1055 1567 1851 1606">
    <p class='ocr_par' dir='ltr' id='par_1_90' title="bbox 1055 1567 1851 1606">
     <span class='ocr_line' id='line_1_91' title="bbox 1055 1567 1851 1606; baseline 0.004 -12"><span class='ocrx_word' id='word_1_660' title='bbox 1055 1567 1102 1594; x_wconf 83' lang='grc' dir='ltr'>τοῠ</span> <span class='ocrx_word' id='word_1_661' title='bbox 1117 1567 1220 1602; x_wconf 83' lang='grc' dir='ltr'>ἀγαθοῦ</span> <span class='ocrx_word' id='word_1_662' title='bbox 1238 1569 1301 1599; x_wconf 76' lang='grc' dir='ltr'>τοὺς</span> <span class='ocrx_word' id='word_1_663' title='bbox 1323 1568 1501 1604; x_wconf 83' lang='grc' dir='ltr'>παρεστῶτας</span> <span class='ocrx_word' id='word_1_664' title='bbox 1509 1570 1543 1605; x_wconf 85' lang='grc' dir='ltr'>τῇ</span> <span class='ocrx_word' id='word_1_665' title='bbox 1561 1569 1724 1606; x_wconf 80' lang='grc' dir='ltr'>αὐτοσοφίᾳ;</span> <span class='ocrx_word' id='word_1_666' title='bbox 1742 1569 1801 1601; x_wconf 82' lang='grc' dir='ltr'>πῶς</span> <span class='ocrx_word' id='word_1_667' title='bbox 1821 1569 1851 1596; x_wconf 77' lang='grc' dir='ltr'><strong>δὲ</strong></span> 
     </span>
    </p>
   </div>
   <div class='ocr_carea' id='block_1_91' title="bbox 1055 1611 1848 1650">
    <p class='ocr_par' dir='ltr' id='par_1_91' title="bbox 1055 1611 1848 1650">
     <span class='ocr_line' id='line_1_92' title="bbox 1055 1611 1848 1650; baseline 0.004 -12"><span class='ocrx_word' id='word_1_668' title='bbox 1055 1611 1102 1638; x_wconf 80' lang='grc' dir='ltr'><strong>καὶ</strong></span> <span class='ocrx_word' id='word_1_669' title='bbox 1113 1612 1267 1648; x_wconf 76' lang='grc' dir='ltr'>μοχθηροὺς</span> <span class='ocrx_word' id='word_1_670' title='bbox 1280 1613 1344 1645; x_wconf 77' lang='grc' dir='ltr'>τοὺς</span> <span class='ocrx_word' id='word_1_671' title='bbox 1357 1613 1388 1639; x_wconf 86' lang='grc' dir='ltr'>τὸ</span> <span class='ocrx_word' id='word_1_672' title='bbox 1404 1613 1506 1648; x_wconf 79' lang='grc' dir='ltr'>ἀγαθὸν</span> <span class='ocrx_word' id='word_1_673' title='bbox 1527 1613 1635 1646; x_wconf 82' lang='grc' dir='ltr'>ἀενάως</span> <span class='ocrx_word' id='word_1_674' title='bbox 1664 1614 1848 1650; x_wconf 73' lang='grc' dir='ltr'>ἑμπιπλωμέ-</span> 
     </span>
    </p>
   </div>
   <div class='ocr_carea' id='block_1_92' title="bbox 1053 1659 1850 1697">
    <p class='ocr_par' dir='ltr' id='par_1_92' title="bbox 1053 1659 1850 1697">
     <span class='ocr_line' id='line_1_93' title="bbox 1053 1659 1850 1697; baseline 0.005 -12"><span class='ocrx_word' id='word_1_675' title='bbox 1053 1666 1135 1693; x_wconf 83' lang='grc' dir='ltr'>νους,;</span> <span class='ocrx_word' id='word_1_676' title='bbox 1152 1659 1183 1686; x_wconf 79' lang='grc' dir='ltr'><strong>Εἰ</strong></span> <span class='ocrx_word' id='word_1_677' title='bbox 1198 1659 1226 1686; x_wconf 80' lang='grc' dir='ltr'><strong>δὲ</strong></span> <span class='ocrx_word' id='word_1_678' title='bbox 1245 1659 1333 1687; x_wconf 82' lang='grc' dir='ltr'>ταῦτα</span> <span class='ocrx_word' id='word_1_679' title='bbox 1347 1660 1476 1694; x_wconf 86' lang='grc' dir='ltr'>ἀδύνατα,</span> <span class='ocrx_word' id='word_1_680' title='bbox 1501 1660 1631 1696; x_wconf 78' lang='grc' dir='ltr'>ψεύδεται</span> <span class='ocrx_word' id='word_1_681' title='bbox 1648 1661 1702 1697; x_wconf 77' lang='grc' dir='ltr'>ἄρα</span> <span class='ocrx_word' id='word_1_682' title='bbox 1715 1662 1850 1697; x_wconf 84' lang='grc' dir='ltr'>Μωάμετ,</span> 
     </span>
    </p>
   </div>
   <div class='ocr_carea' id='block_1_93' title="bbox 1056 1705 1850 1743">
    <p class='ocr_par' dir='ltr' id='par_1_93' title="bbox 1056 1705 1850 1743">
     <span class='ocr_line' id='line_1_94' title="bbox 1056 1705 1850 1743; baseline 0.005 -12"><span class='ocrx_word' id='word_1_683' title='bbox 1056 1705 1157 1740; x_wconf 85' lang='grc' dir='ltr'>μᾶλλον</span> <span class='ocrx_word' id='word_1_684' title='bbox 1187 1705 1215 1732; x_wconf 83' lang='grc' dir='ltr'><strong>δὲ</strong></span> <span class='ocrx_word' id='word_1_685' title='bbox 1248 1705 1415 1742; x_wconf 82' lang='grc' dir='ltr'>βλασφημεῖ,</span> <span class='ocrx_word' id='word_1_686' title='bbox 1445 1707 1595 1742; x_wconf 80' lang='grc' dir='ltr'>ἀνωφελεῖς</span> <span class='ocrx_word' id='word_1_687' title='bbox 1618 1707 1668 1740; x_wconf 83' lang='grc' dir='ltr'>τὰς</span> <span class='ocrx_word' id='word_1_688' title='bbox 1690 1708 1744 1735; x_wconf 88' lang='grc' dir='ltr'>τῶν</span> <span class='ocrx_word' id='word_1_689' title='bbox 1764 1707 1850 1743; x_wconf 79' lang='grc' dir='ltr'>ἁγίων</span> 
     </span>
    </p>
   </div>
   <div class='ocr_carea' id='block_1_94' title="bbox 1054 1751 1584 1788">
    <p class='ocr_par' dir='ltr' id='par_1_94' title="bbox 1054 1751 1584 1788">
     <span class='ocr_line' id='line_1_95' title="bbox 1054 1751 1584 1788; baseline 0.008 -11"><span class='ocrx_word' id='word_1_690' title='bbox 1054 1751 1178 1786; x_wconf 84' lang='grc' dir='ltr'>ἀγγέλων</span> <span class='ocrx_word' id='word_1_691' title='bbox 1192 1751 1342 1787; x_wconf 84' lang='grc' dir='ltr'>πρεσϐείας</span> <span class='ocrx_word' id='word_1_692' title='bbox 1354 1752 1584 1788; x_wconf 78' lang='grc' dir='ltr'>ἀποφαινόμενος.</span> 
     </span>
    </p>
   </div>
   <div class='ocr_carea' id='block_1_95' title="bbox 1053 1889 1849 1925">
    <p class='ocr_par' dir='ltr' id='par_1_95' title="bbox 1053 1889 1849 1925">
     <span class='ocr_line' id='line_1_96' title="bbox 1053 1889 1849 1925; baseline 0.003 -9"><span class='ocrx_word' id='word_1_693' title='bbox 1053 1890 1116 1918; x_wconf 85' lang='grc' dir='ltr'><strong>ΚΔ’.</strong></span> <span class='ocrx_word' id='word_1_694' title='bbox 1135 1889 1213 1924; x_wconf 86' lang='grc' dir='ltr'>Πρὸς</span> <span class='ocrx_word' id='word_1_695' title='bbox 1226 1890 1279 1917; x_wconf 85' lang='grc' dir='ltr'>τὸν</span> <span class='ocrx_word' id='word_1_696' title='bbox 1298 1890 1392 1917; x_wconf 81' lang='grc' dir='ltr'>αὑτὸν</span> <span class='ocrx_word' id='word_1_697' title='bbox 1405 1889 1535 1925; x_wconf 75' lang='grc' dir='ltr'>λέγοντα</span> <span class='ocrx_word' id='word_1_698' title='bbox 1547 1897 1553 1905; x_wconf 93' lang='grc'><strong>·</strong></span> <span class='ocrx_word' id='word_1_699' title='bbox 1578 1889 1611 1917; x_wconf 91' lang='lat'><strong>&#39;0</strong></span> <span class='ocrx_word' id='word_1_700' title='bbox 1626 1891 1699 1924; x_wconf 82' lang='grc' dir='ltr'>Θεὸς</span> <span class='ocrx_word' id='word_1_701' title='bbox 1712 1891 1849 1925; x_wconf 68' lang='grc' dir='ltr'><strong>ὀλόσφυ-</strong></span> 
     </span>
    </p>
   </div>
   <div class='ocr_carea' id='block_1_96' title="bbox 1085 1924 1849 1995">
    <p class='ocr_par' dir='ltr' id='par_1_96' title="bbox 1085 1924 1849 1995">
     <span class='ocr_line' id='line_1_97' title="bbox 1085 1924 1849 1995; baseline 0.001 -43"><span class='ocrx_word' id='word_1_702' title='bbox 1085 1925 1216 1995; x_wconf 40' lang='lat'><strong>{12“}(95)</strong></span> <span class='ocrx_word' id='word_1_703' title='bbox 1247 1925 1351 1953; x_wconf 85' lang='grc' dir='ltr'>ἐστιν·</span> <span class='ocrx_word' id='word_1_704' title='bbox 1380 1926 1436 1953; x_wconf 80' lang='grc' dir='ltr'><strong>οὐκ</strong></span> <span class='ocrx_word' id='word_1_705' title='bbox 1465 1924 1650 1960; x_wconf 79' lang='grc' dir='ltr'>ἐγέννησεν,</span> <span class='ocrx_word' id='word_1_706' title='bbox 1681 1927 1736 1953; x_wconf 81' lang='grc' dir='ltr'><strong>οὐκ</strong></span> <span class='ocrx_word' id='word_1_707' title='bbox 1765 1924 1849 1961; x_wconf 55' lang='grc' dir='ltr'>ἐγεν-</span> 
     </span>
     <span class='ocr_line' id='line_1_98' title="bbox 1146 1969 1262 1995; baseline -0.017 0"><span class='ocrx_word' id='word_1_708' title='bbox 1146 1969 1175 1995; x_wconf 75' lang='grc' dir='ltr'>ηι</span> <span class='ocrx_word' id='word_1_709' title='bbox 1259 1990 1262 1993; x_wconf 87' lang='grc'><strong>.</strong></span> 
     </span>
    </p>
   </div>
   <div class='ocr_carea' id='block_1_97' title="bbox 1088 2005 1848 2042">
    <p class='ocr_par' dir='ltr' id='par_1_97' title="bbox 1088 2005 1848 2042">
     <span class='ocr_line' id='line_1_99' title="bbox 1088 2005 1848 2042; baseline 0 -9"><span class='ocrx_word' id='word_1_710' title='bbox 1088 2005 1142 2034; x_wconf 70' lang='grc' dir='ltr'>πῖθ’.</span> <span class='ocrx_word' id='word_1_711' title='bbox 1166 2006 1195 2033; x_wconf 89' lang='grc' dir='ltr'>Ὁ</span> <span class='ocrx_word' id='word_1_712' title='bbox 1203 2006 1292 2033; x_wconf 84' lang='grc' dir='ltr'>πάντα</span> <span class='ocrx_word' id='word_1_713' title='bbox 1310 2005 1481 2042; x_wconf 87' lang='grc' dir='ltr'>παραγαγὼν</span> <span class='ocrx_word' id='word_1_714' title='bbox 1494 2006 1524 2039; x_wconf 78' lang='grc' dir='ltr'>ἐξ</span> <span class='ocrx_word' id='word_1_715' title='bbox 1539 2006 1590 2033; x_wconf 79' lang='grc' dir='ltr'>οὐκ</span> <span class='ocrx_word' id='word_1_716' title='bbox 1603 2006 1697 2040; x_wconf 74' lang='grc' dir='ltr'>ὄντων,</span> <span class='ocrx_word' id='word_1_717' title='bbox 1715 2007 1848 2042; x_wconf 84' lang='grc' dir='ltr'>κρείττων</span> 
     </span>
    </p>
   </div>
   <div class='ocr_carea' id='block_1_98' title="bbox 1051 2051 1847 2089">
    <p class='ocr_par' dir='ltr' id='par_1_98' title="bbox 1051 2051 1847 2089">
     <span class='ocr_line' id='line_1_100' title="bbox 1051 2051 1847 2089; baseline 0.003 -11"><span class='ocrx_word' id='word_1_718' title='bbox 1051 2051 1198 2087; x_wconf 79' lang='grc' dir='ltr'>ἀπειράκις</span> <span class='ocrx_word' id='word_1_719' title='bbox 1214 2052 1269 2079; x_wconf 84' lang='grc' dir='ltr'>τῶν</span> <span class='ocrx_word' id='word_1_720' title='bbox 1288 2052 1466 2089; x_wconf 75' lang='grc' dir='ltr'>πραχθέντων</span> <span class='ocrx_word' id='word_1_721' title='bbox 1489 2053 1521 2078; x_wconf 77' lang='grc' dir='ltr'><strong>ἐκ</strong></span> <span class='ocrx_word' id='word_1_722' title='bbox 1546 2051 1648 2084; x_wconf 80' lang='grc' dir='ltr'>παντὸς</span> <span class='ocrx_word' id='word_1_723' title='bbox 1662 2052 1695 2079; x_wconf 84' lang='grc' dir='ltr'>ἂν</span> <span class='ocrx_word' id='word_1_724' title='bbox 1711 2053 1754 2087; x_wconf 84' lang='grc' dir='ltr'>εῐη</span> <span class='ocrx_word' id='word_1_725' title='bbox 1776 2052 1847 2080; x_wconf 76' lang='grc' dir='ltr'><strong>κατὰ</strong></span> 
     </span>
    </p>
   </div>
   <div class='ocr_carea' id='block_1_99' title="bbox 1052 2097 1846 2135">
    <p class='ocr_par' dir='ltr' id='par_1_99' title="bbox 1052 2097 1846 2135">
     <span class='ocr_line' id='line_1_101' title="bbox 1052 2097 1846 2135; baseline 0.003 -11"><span class='ocrx_word' id='word_1_726' title='bbox 1052 2097 1151 2129; x_wconf 73' lang='grc' dir='ltr'>πάντα,</span> <span class='ocrx_word' id='word_1_727' title='bbox 1169 2097 1259 2133; x_wconf 85' lang='grc' dir='ltr'>οὐσίᾳ,</span> <span class='ocrx_word' id='word_1_728' title='bbox 1272 2098 1397 2132; x_wconf 80' lang='grc' dir='ltr'>δυνάμει,</span> <span class='ocrx_word' id='word_1_729' title='bbox 1413 2098 1533 2133; x_wconf 83' lang='grc' dir='ltr'>θελήσει,</span> <span class='ocrx_word' id='word_1_730' title='bbox 1551 2099 1693 2134; x_wconf 73' lang='grc' dir='ltr'>ὰῖδιὸτητι,</span> <span class='ocrx_word' id='word_1_731' title='bbox 1709 2100 1756 2126; x_wconf 82' lang='grc' dir='ltr'>καὶ</span> <span class='ocrx_word' id='word_1_732' title='bbox 1767 2100 1846 2135; x_wconf 81' lang='grc' dir='ltr'>ἐνερ-</span> 
     </span>
    </p>
   </div>
   <div class='ocr_carea' id='block_1_100' title="bbox 1050 2142 1845 2180">
    <p class='ocr_par' dir='ltr' id='par_1_100' title="bbox 1050 2142 1845 2180">
     <span class='ocr_line' id='line_1_102' title="bbox 1050 2142 1845 2180; baseline 0.005 -12"><span class='ocrx_word' id='word_1_733' title='bbox 1050 2143 1113 2178; x_wconf 73' lang='grc' dir='ltr'>γείᾳ</span> <span class='ocrx_word' id='word_1_734' title='bbox 1123 2150 1129 2157; x_wconf 83' lang='grc'><em>’</em></span> <span class='ocrx_word' id='word_1_735' title='bbox 1144 2143 1168 2169; x_wconf 83' lang='grc' dir='ltr'><strong>εί</strong></span> <span class='ocrx_word' id='word_1_736' title='bbox 1180 2143 1234 2178; x_wconf 73' lang='grc' dir='ltr'>γὰρ</span> <span class='ocrx_word' id='word_1_737' title='bbox 1254 2143 1303 2178; x_wconf 78' lang='grc' dir='ltr'>μὴ,</span> <span class='ocrx_word' id='word_1_738' title='bbox 1322 2143 1382 2170; x_wconf 76' lang='grc' dir='ltr'>οὐδὲ</span> <span class='ocrx_word' id='word_1_739' title='bbox 1399 2142 1429 2176; x_wconf 82' lang='grc' dir='ltr'>ἐξ</span> <span class='ocrx_word' id='word_1_740' title='bbox 1443 2144 1493 2170; x_wconf 85' lang='grc' dir='ltr'>οὐκ</span> <span class='ocrx_word' id='word_1_741' title='bbox 1508 2143 1593 2171; x_wconf 75' lang='grc' dir='ltr'>ὄντων</span> <span class='ocrx_word' id='word_1_742' title='bbox 1618 2145 1688 2172; x_wconf 78' lang='grc' dir='ltr'>αὐτὰ</span> <span class='ocrx_word' id='word_1_743' title='bbox 1703 2145 1823 2180; x_wconf 78' lang='grc' dir='ltr'>παράγει</span> <span class='ocrx_word' id='word_1_744' title='bbox 1837 2152 1845 2160; x_wconf 83' lang='grc'><em>’</em></span> 
     </span>
    </p>
   </div>
   <div class='ocr_carea' id='block_1_101' title="bbox 1051 2189 1846 2228">
    <p class='ocr_par' dir='ltr' id='par_1_101' title="bbox 1051 2189 1846 2228">
     <span class='ocr_line' id='line_1_103' title="bbox 1051 2189 1846 2228; baseline 0.005 -12"><span class='ocrx_word' id='word_1_745' title='bbox 1051 2189 1074 2216; x_wconf 78' lang='grc' dir='ltr'>εἰ</span> <span class='ocrx_word' id='word_1_746' title='bbox 1090 2189 1118 2216; x_wconf 82' lang='grc' dir='ltr'><strong>δὲ</strong></span> <span class='ocrx_word' id='word_1_747' title='bbox 1133 2189 1170 2224; x_wconf 83' lang='grc' dir='ltr'>μὴ</span> <span class='ocrx_word' id='word_1_748' title='bbox 1193 2190 1317 2226; x_wconf 84' lang='grc' dir='ltr'>παράγῃ.</span> <span class='ocrx_word' id='word_1_749' title='bbox 1336 2190 1385 2225; x_wconf 82' lang='grc' dir='ltr'>τῆς</span> <span class='ocrx_word' id='word_1_750' title='bbox 1398 2190 1484 2226; x_wconf 82' lang='grc' dir='ltr'>αὐτῆς</span> <span class='ocrx_word' id='word_1_751' title='bbox 1498 2191 1545 2218; x_wconf 80' lang='grc' dir='ltr'>τοῦ</span> <span class='ocrx_word' id='word_1_752' title='bbox 1566 2191 1652 2218; x_wconf 81' lang='grc' dir='ltr'>ἀϊδίου</span> <span class='ocrx_word' id='word_1_753' title='bbox 1666 2192 1713 2218; x_wconf 76' lang='grc' dir='ltr'>καὶ</span> <span class='ocrx_word' id='word_1_754' title='bbox 1726 2192 1846 2228; x_wconf 82' lang='grc' dir='ltr'>ἀνάρχου</span> 
     </span>
    </p>
   </div>
   <div class='ocr_carea' id='block_1_102' title="bbox 1048 2235 1845 2273">
    <p class='ocr_par' dir='ltr' id='par_1_102' title="bbox 1048 2235 1845 2273">
     <span class='ocr_line' id='line_1_104' title="bbox 1048 2235 1845 2273; baseline 0.004 -11"><span class='ocrx_word' id='word_1_755' title='bbox 1048 2235 1186 2268; x_wconf 79' lang='grc' dir='ltr'>εὐκλείας,</span> <span class='ocrx_word' id='word_1_756' title='bbox 1200 2236 1236 2263; x_wconf 80' lang='grc' dir='ltr'>τὰ</span> <span class='ocrx_word' id='word_1_757' title='bbox 1250 2237 1340 2264; x_wconf 78' lang='grc' dir='ltr'>πάντα</span> <span class='ocrx_word' id='word_1_758' title='bbox 1365 2237 1496 2272; x_wconf 84' lang='grc' dir='ltr'>τυγχάνει</span> <span class='ocrx_word' id='word_1_759' title='bbox 1508 2245 1515 2252; x_wconf 74' lang='grc'><strong><em>⁸</em></strong></span> <span class='ocrx_word' id='word_1_760' title='bbox 1533 2237 1631 2264; x_wconf 81' lang='grc' dir='ltr'>οὐκοῦν</span> <span class='ocrx_word' id='word_1_761' title='bbox 1648 2238 1696 2265; x_wconf 74' lang='grc' dir='ltr'>καὶ</span> <span class='ocrx_word' id='word_1_762' title='bbox 1710 2239 1845 2273; x_wconf 82' lang='grc' dir='ltr'>ίσοσθενῆ,</span> 
     </span>
    </p>
   </div>
   <div class='ocr_carea' id='block_1_103' title="bbox 1047 2281 1844 2319">
    <p class='ocr_par' dir='ltr' id='par_1_103' title="bbox 1047 2281 1844 2319">
     <span class='ocr_line' id='line_1_105' title="bbox 1047 2281 1844 2319; baseline 0.003 -11"><span class='ocrx_word' id='word_1_763' title='bbox 1047 2281 1095 2308; x_wconf 76' lang='grc' dir='ltr'><strong>καὶ</strong></span> <span class='ocrx_word' id='word_1_764' title='bbox 1109 2282 1333 2309; x_wconf 85' lang='grc' dir='ltr'>συνεπεκτείνετο</span> <span class='ocrx_word' id='word_1_765' title='bbox 1349 2281 1383 2309; x_wconf 76' lang='grc' dir='ltr'>ἂν</span> <span class='ocrx_word' id='word_1_766' title='bbox 1407 2282 1448 2316; x_wconf 84' lang='grc' dir='ltr'>τῷ</span> <span class='ocrx_word' id='word_1_767' title='bbox 1464 2283 1577 2319; x_wconf 79' lang='grc' dir='ltr'>ἀνάρχῳ</span> <span class='ocrx_word' id='word_1_768' title='bbox 1587 2291 1594 2298; x_wconf 94' lang='grc'><strong>·</strong></span> <span class='ocrx_word' id='word_1_769' title='bbox 1611 2284 1636 2310; x_wconf 85' lang='grc' dir='ltr'>εἰ</span> <span class='ocrx_word' id='word_1_770' title='bbox 1649 2283 1677 2310; x_wconf 84' lang='grc' dir='ltr'><strong>δὲ</strong></span> <span class='ocrx_word' id='word_1_771' title='bbox 1701 2283 1844 2315; x_wconf 77' lang='grc' dir='ltr'>ίσοσθενεῖ,</span> 
     </span>
    </p>
   </div>
   <div class='ocr_carea' id='block_1_104' title="bbox 1046 2326 1847 2365">
    <p class='ocr_par' dir='ltr' id='par_1_104' title="bbox 1046 2326 1847 2365">
     <span class='ocr_line' id='line_1_106' title="bbox 1046 2326 1847 2365; baseline 0.002 -11"><span class='ocrx_word' id='word_1_772' title='bbox 1046 2326 1124 2354; x_wconf 70' lang='grc' dir='ltr'>ἔσται</span> <span class='ocrx_word' id='word_1_773' title='bbox 1139 2328 1188 2355; x_wconf 79' lang='grc' dir='ltr'><strong>καὶ</strong></span> <span class='ocrx_word' id='word_1_774' title='bbox 1206 2329 1220 2354; x_wconf 87' lang='grc' dir='ltr'>ὁ</span> <span class='ocrx_word' id='word_1_775' title='bbox 1245 2328 1364 2363; x_wconf 73' lang='grc' dir='ltr'>ἄναρχος</span> <span class='ocrx_word' id='word_1_776' title='bbox 1390 2327 1487 2361; x_wconf 83' lang='grc' dir='ltr'>ταυτδς</span> <span class='ocrx_word' id='word_1_777' title='bbox 1506 2330 1563 2360; x_wconf 81' lang='grc' dir='ltr'>τοῖς</span> <span class='ocrx_word' id='word_1_778' title='bbox 1581 2329 1674 2357; x_wconf 82' lang='grc' dir='ltr'>πᾶσιν.</span> <span class='ocrx_word' id='word_1_779' title='bbox 1695 2329 1777 2356; x_wconf 81' lang='grc' dir='ltr'>Ἀλλὰ</span> <span class='ocrx_word' id='word_1_780' title='bbox 1791 2329 1847 2365; x_wconf 84' lang='grc' dir='ltr'>μὴν</span> 
     </span>
    </p>
   </div>
   <div class='ocr_carea' id='block_1_105' title="bbox 1044 2373 1846 2409">
    <p class='ocr_par' dir='ltr' id='par_1_105' title="bbox 1044 2373 1846 2409">
     <span class='ocr_line' id='line_1_107' title="bbox 1044 2373 1846 2409; baseline 0.002 -10"><span class='ocrx_word' id='word_1_781' title='bbox 1044 2373 1154 2409; x_wconf 79' lang='grc' dir='ltr'>ὁρῶμεν</span> <span class='ocrx_word' id='word_1_782' title='bbox 1170 2373 1220 2409; x_wconf 85' lang='grc' dir='ltr'>οὐχ</span> <span class='ocrx_word' id='word_1_783' title='bbox 1230 2374 1267 2406; x_wconf 84' lang='grc' dir='ltr'>ὼς</span> <span class='ocrx_word' id='word_1_784' title='bbox 1280 2374 1370 2400; x_wconf 81' lang='grc' dir='ltr'>πάντα</span> <span class='ocrx_word' id='word_1_785' title='bbox 1385 2373 1420 2401; x_wconf 83' lang='grc' dir='ltr'><strong>τὰ</strong></span> <span class='ocrx_word' id='word_1_786' title='bbox 1430 2375 1530 2407; x_wconf 83' lang='grc' dir='ltr'>πάντα,</span> <span class='ocrx_word' id='word_1_787' title='bbox 1547 2374 1605 2402; x_wconf 80' lang='grc' dir='ltr'>ἀλλ’</span> <span class='ocrx_word' id='word_1_788' title='bbox 1614 2375 1652 2407; x_wconf 81' lang='grc' dir='ltr'><strong>ὡς</strong></span> <span class='ocrx_word' id='word_1_789' title='bbox 1665 2375 1695 2401; x_wconf 81' lang='grc' dir='ltr'>ἓν</span> <span class='ocrx_word' id='word_1_790' title='bbox 1709 2375 1744 2402; x_wconf 86' lang='grc' dir='ltr'><strong>τὰ</strong></span> <span class='ocrx_word' id='word_1_791' title='bbox 1757 2376 1846 2402; x_wconf 81' lang='grc' dir='ltr'>πάντα</span> 
     </span>
    </p>
   </div>
   <div class='ocr_carea' id='block_1_106' title="bbox 1045 2419 1848 2456">
    <p class='ocr_par' dir='ltr' id='par_1_106' title="bbox 1045 2419 1848 2456">
     <span class='ocr_line' id='line_1_108' title="bbox 1045 2419 1848 2456; baseline 0.001 -10"><span class='ocrx_word' id='word_1_792' title='bbox 1045 2419 1186 2455; x_wconf 81' lang='grc' dir='ltr'>ἀγόμενα·</span> <span class='ocrx_word' id='word_1_793' title='bbox 1205 2420 1295 2446; x_wconf 85' lang='grc' dir='ltr'>καίτοι</span> <span class='ocrx_word' id='word_1_794' title='bbox 1315 2419 1334 2447; x_wconf 79' lang='grc' dir='ltr'>ἃ</span> <span class='ocrx_word' id='word_1_795' title='bbox 1347 2420 1397 2455; x_wconf 78' lang='grc' dir='ltr'>μὲν</span> <span class='ocrx_word' id='word_1_796' title='bbox 1409 2421 1439 2447; x_wconf 80' lang='grc' dir='ltr'>ὲν</span> <span class='ocrx_word' id='word_1_797' title='bbox 1456 2421 1512 2452; x_wconf 88' lang='grc' dir='ltr'>τοῖς</span> <span class='ocrx_word' id='word_1_798' title='bbox 1536 2421 1604 2448; x_wconf 84' lang='grc' dir='ltr'>πᾶσι</span> <span class='ocrx_word' id='word_1_799' title='bbox 1629 2422 1749 2456; x_wconf 81' lang='grc' dir='ltr'>κρείττω</span> <span class='ocrx_word' id='word_1_800' title='bbox 1773 2421 1848 2448; x_wconf 81' lang='grc' dir='ltr'>δοκεῖ</span> 
     </span>
    </p>
   </div>
   <div class='ocr_carea' id='block_1_107' title="bbox 1046 2465 1846 2502">
    <p class='ocr_par' dir='ltr' id='par_1_107' title="bbox 1046 2465 1846 2502">
     <span class='ocr_line' id='line_1_109' title="bbox 1046 2465 1846 2502; baseline 0.001 -9"><span class='ocrx_word' id='word_1_801' title='bbox 1046 2465 1129 2499; x_wconf 72' lang='grc' dir='ltr'>εἶναι,</span> <span class='ocrx_word' id='word_1_802' title='bbox 1143 2466 1161 2494; x_wconf 76' lang='grc' dir='ltr'>ἃ</span> <span class='ocrx_word' id='word_1_803' title='bbox 1177 2467 1206 2493; x_wconf 82' lang='grc' dir='ltr'><strong>δὲ</strong></span> <span class='ocrx_word' id='word_1_804' title='bbox 1219 2467 1303 2502; x_wconf 86' lang='grc' dir='ltr'>χείρω</span> <span class='ocrx_word' id='word_1_805' title='bbox 1313 2475 1320 2482; x_wconf 91' lang='grc'><strong>·</strong></span> <span class='ocrx_word' id='word_1_806' title='bbox 1336 2467 1394 2493; x_wconf 87' lang='grc' dir='ltr'>ἀλλ’</span> <span class='ocrx_word' id='word_1_807' title='bbox 1408 2467 1487 2494; x_wconf 71' lang='grc' dir='ltr'>οὐδὲν</span> <span class='ocrx_word' id='word_1_808' title='bbox 1500 2467 1591 2494; x_wconf 82' lang='grc' dir='ltr'>αὐτῶν</span> <span class='ocrx_word' id='word_1_809' title='bbox 1607 2467 1786 2494; x_wconf 77' lang='grc' dir='ltr'>ἀναλλοίωτον</span> <span class='ocrx_word' id='word_1_810' title='bbox 1799 2468 1846 2494; x_wconf 76' lang='grc' dir='ltr'><strong>καὶ</strong></span> 
     </span>
    </p>
   </div>
   <div class='ocr_carea' id='block_1_108' title="bbox 1045 2512 1846 2548">
    <p class='ocr_par' dir='ltr' id='par_1_108' title="bbox 1045 2512 1846 2548">
     <span class='ocr_line' id='line_1_110' title="bbox 1045 2512 1846 2548; baseline 0.001 -9"><span class='ocrx_word' id='word_1_811' title='bbox 1045 2512 1265 2548; x_wconf 84' lang='grc' dir='ltr'>ἀμετακίνητον·</span> <span class='ocrx_word' id='word_1_812' title='bbox 1283 2512 1353 2539; x_wconf 89' lang='grc' dir='ltr'>ὥστε</span> <span class='ocrx_word' id='word_1_813' title='bbox 1373 2513 1399 2539; x_wconf 83' lang='grc' dir='ltr'>ει</span> <span class='ocrx_word' id='word_1_814' title='bbox 1418 2513 1453 2540; x_wconf 85' lang='grc' dir='ltr'>τὰ</span> <span class='ocrx_word' id='word_1_815' title='bbox 1474 2513 1566 2540; x_wconf 81' lang='grc' dir='ltr'>πάντα</span> <span class='ocrx_word' id='word_1_816' title='bbox 1586 2513 1708 2548; x_wconf 85' lang='grc' dir='ltr'>ἀμείϐει,</span> <span class='ocrx_word' id='word_1_817' title='bbox 1726 2514 1773 2540; x_wconf 76' lang='grc' dir='ltr'>καὶ</span> <span class='ocrx_word' id='word_1_818' title='bbox 1797 2514 1846 2548; x_wconf 77' lang='grc' dir='ltr'>οὐχ</span> 
     </span>
    </p>
   </div>
   <div class='ocr_carea' id='block_1_109' title="bbox 1046 2558 1846 2595">
    <p class='ocr_par' dir='ltr' id='par_1_109' title="bbox 1046 2558 1846 2595">
     <span class='ocr_line' id='line_1_111' title="bbox 1046 2558 1846 2595; baseline 0.001 -10"><span class='ocrx_word' id='word_1_819' title='bbox 1046 2559 1084 2591; x_wconf 86' lang='grc' dir='ltr'>ὼς</span> <span class='ocrx_word' id='word_1_820' title='bbox 1101 2558 1191 2586; x_wconf 82' lang='grc' dir='ltr'>πάντα</span> <span class='ocrx_word' id='word_1_821' title='bbox 1202 2559 1309 2592; x_wconf 76' lang='grc' dir='ltr'>ἄγεται,</span> <span class='ocrx_word' id='word_1_822' title='bbox 1324 2558 1382 2585; x_wconf 86' lang='grc' dir='ltr'>ἀλλ’</span> <span class='ocrx_word' id='word_1_823' title='bbox 1393 2558 1432 2591; x_wconf 80' lang='grc' dir='ltr'><strong>ὡς</strong></span> <span class='ocrx_word' id='word_1_824' title='bbox 1446 2558 1486 2592; x_wconf 82' lang='grc' dir='ltr'>ἓν,</span> <span class='ocrx_word' id='word_1_825' title='bbox 1500 2559 1551 2586; x_wconf 85' lang='grc' dir='ltr'><strong>οὑκ</strong></span> <span class='ocrx_word' id='word_1_826' title='bbox 1569 2560 1694 2595; x_wconf 77' lang='grc' dir='ltr'>ίσοσθενῆ</span> <span class='ocrx_word' id='word_1_827' title='bbox 1707 2561 1741 2586; x_wconf 82' lang='grc' dir='ltr'><strong>τὰ</strong></span> <span class='ocrx_word' id='word_1_828' title='bbox 1756 2560 1846 2586; x_wconf 80' lang='grc' dir='ltr'>πάντα</span> 
     </span>
    </p>
   </div>
   <div class='ocr_carea' id='block_1_110' title="bbox 1045 2603 1846 2640">
    <p class='ocr_par' dir='ltr' id='par_1_110' title="bbox 1045 2603 1846 2640">
     <span class='ocr_line' id='line_1_112' title="bbox 1045 2603 1846 2640; baseline 0.001 -10"><span class='ocrx_word' id='word_1_829' title='bbox 1045 2603 1086 2640; x_wconf 82' lang='grc' dir='ltr'>τῷ</span> <span class='ocrx_word' id='word_1_830' title='bbox 1101 2604 1211 2640; x_wconf 79' lang='grc' dir='ltr'>ἀνάρχῳ</span> <span class='ocrx_word' id='word_1_831' title='bbox 1222 2612 1229 2619; x_wconf 95' lang='grc'><strong>·</strong></span> <span class='ocrx_word' id='word_1_832' title='bbox 1242 2605 1266 2630; x_wconf 81' lang='grc' dir='ltr'><strong>εί</strong></span> <span class='ocrx_word' id='word_1_833' title='bbox 1281 2604 1310 2630; x_wconf 76' lang='grc' dir='ltr'><strong>δὲ</strong></span> <span class='ocrx_word' id='word_1_834' title='bbox 1330 2603 1368 2640; x_wconf 85' lang='grc' dir='ltr'>μὴ</span> <span class='ocrx_word' id='word_1_835' title='bbox 1383 2604 1521 2640; x_wconf 83' lang='grc' dir='ltr'>ῑσοσθενῆ,</span> <span class='ocrx_word' id='word_1_836' title='bbox 1545 2605 1605 2631; x_wconf 81' lang='grc' dir='ltr'><strong>οὐδὲ</strong></span> <span class='ocrx_word' id='word_1_837' title='bbox 1624 2605 1760 2631; x_wconf 84' lang='grc' dir='ltr'>συναῖδια·</span> <span class='ocrx_word' id='word_1_838' title='bbox 1780 2606 1805 2631; x_wconf 87' lang='grc' dir='ltr'>εἰ</span> <span class='ocrx_word' id='word_1_839' title='bbox 1817 2605 1846 2632; x_wconf 71' lang='grc' dir='ltr'><strong>δὲ</strong></span> 
     </span>
    </p>
   </div>
   <div class='ocr_carea' id='block_1_111' title="bbox 1050 2649 1846 2687">
    <p class='ocr_par' dir='ltr' id='par_1_111' title="bbox 1050 2649 1846 2687">
     <span class='ocr_line' id='line_1_113' title="bbox 1050 2649 1846 2687; baseline 0.001 -11"><span class='ocrx_word' id='word_1_840' title='bbox 1050 2650 1088 2686; x_wconf 80' lang='grc' dir='ltr'>μὴ</span> <span class='ocrx_word' id='word_1_841' title='bbox 1104 2649 1239 2684; x_wconf 78' lang='grc' dir='ltr'>συναῖδια,</span> <span class='ocrx_word' id='word_1_842' title='bbox 1255 2650 1319 2677; x_wconf 75' lang='grc' dir='ltr'>ὄντα</span> <span class='ocrx_word' id='word_1_843' title='bbox 1334 2649 1373 2684; x_wconf 81' lang='grc' dir='ltr'><strong>δὲ,</strong></span> <span class='ocrx_word' id='word_1_844' title='bbox 1397 2650 1474 2686; x_wconf 84' lang='grc' dir='ltr'>παρὰ</span> <span class='ocrx_word' id='word_1_845' title='bbox 1499 2650 1547 2677; x_wconf 83' lang='grc' dir='ltr'><strong>τοῦ</strong></span> <span class='ocrx_word' id='word_1_846' title='bbox 1572 2651 1694 2687; x_wconf 85' lang='grc' dir='ltr'>ἀνάρχου</span> <span class='ocrx_word' id='word_1_847' title='bbox 1723 2650 1846 2685; x_wconf 77' lang='grc' dir='ltr'>δηλονότι</span> 
     </span>
    </p>
   </div>
   <div class='ocr_carea' id='block_1_112' title="bbox 1045 2695 1846 2733">
    <p class='ocr_par' dir='ltr' id='par_1_112' title="bbox 1045 2695 1846 2733">
     <span class='ocr_line' id='line_1_114' title="bbox 1045 2695 1846 2733; baseline -0.001 -9"><span class='ocrx_word' id='word_1_848' title='bbox 1045 2695 1171 2733; x_wconf 78' lang='grc' dir='ltr'>προήχθη</span> <span class='ocrx_word' id='word_1_849' title='bbox 1181 2705 1189 2712; x_wconf 85' lang='grc'><em>”</em></span> <span class='ocrx_word' id='word_1_850' title='bbox 1207 2697 1232 2722; x_wconf 84' lang='grc' dir='ltr'><strong>εί</strong></span> <span class='ocrx_word' id='word_1_851' title='bbox 1247 2696 1276 2723; x_wconf 81' lang='grc' dir='ltr'><strong>δὲ</strong></span> <span class='ocrx_word' id='word_1_852' title='bbox 1289 2695 1370 2729; x_wconf 76' lang='grc' dir='ltr'>αὐτὸς</span> <span class='ocrx_word' id='word_1_853' title='bbox 1383 2697 1473 2724; x_wconf 85' lang='grc' dir='ltr'>πάντα</span> <span class='ocrx_word' id='word_1_854' title='bbox 1488 2697 1620 2733; x_wconf 83' lang='grc' dir='ltr'>παράγει,</span> <span class='ocrx_word' id='word_1_855' title='bbox 1645 2697 1778 2733; x_wconf 81' lang='grc' dir='ltr'>κρείττων</span> <span class='ocrx_word' id='word_1_856' title='bbox 1792 2698 1846 2732; x_wconf 82' lang='grc' dir='ltr'><strong>ἀρα</strong></span> 
     </span>
    </p>
   </div>
   <div class='ocr_carea' id='block_1_113' title="bbox 1048 2796 1846 2832">
    <p class='ocr_par' dir='ltr' id='par_1_113' title="bbox 1048 2796 1846 2832">
     <span class='ocr_line' id='line_1_115' title="bbox 1048 2796 1846 2832; baseline 0.001 -9"><span class='ocrx_word' id='word_1_857' title='bbox 1048 2796 1142 2831; x_wconf 88' lang='lat' dir='ltr'><strong>perius</strong></span> <span class='ocrx_word' id='word_1_858' title='bbox 1151 2796 1217 2831; x_wconf 84' lang='lat' dir='ltr'><strong>(col.</strong></span> <span class='ocrx_word' id='word_1_859' title='bbox 1230 2796 1306 2832; x_wconf 87' lang='grc'>776),</span> <span class='ocrx_word' id='word_1_860' title='bbox 1318 2801 1346 2824; x_wconf 88' lang='lat' dir='ltr'><strong>et</strong></span> <span class='ocrx_word' id='word_1_861' title='bbox 1358 2797 1410 2824; x_wconf 81' lang='lat' dir='ltr'><strong>ltoc</strong></span> <span class='ocrx_word' id='word_1_862' title='bbox 1423 2796 1504 2825; x_wconf 87' lang='lat' dir='ltr'><strong>etiam</strong></span> <span class='ocrx_word' id='word_1_863' title='bbox 1515 2796 1758 2832; x_wconf 84' lang='lat' dir='ltr'><strong>loco,palinodiam</strong></span> <span class='ocrx_word' id='word_1_864' title='bbox 1772 2797 1846 2824; x_wconf 87' lang='lat' dir='ltr'><strong>canit</strong></span> 
     </span>
    </p>
   </div>
   <div class='ocr_carea' id='block_1_114' title="bbox 1047 2832 1848 2869">
    <p class='ocr_par' dir='ltr' id='par_1_114' title="bbox 1047 2832 1848 2869">
     <span class='ocr_line' id='line_1_116' title="bbox 1047 2832 1848 2869; baseline -0.001 -10"><span class='ocrx_word' id='word_1_865' title='bbox 1047 2836 1143 2869; x_wconf 81' lang='lat' dir='ltr'><strong>auctor</strong></span> <span class='ocrx_word' id='word_1_866' title='bbox 1153 2833 1264 2869; x_wconf 78' lang='lat' dir='ltr'><strong>illorum</strong></span> <span class='ocrx_word' id='word_1_867' title='bbox 1280 2839 1340 2869; x_wconf 73' lang='lat' dir='ltr'><strong>quae</strong></span> <span class='ocrx_word' id='word_1_868' title='bbox 1362 2839 1503 2869; x_wconf 76' lang='lat' dir='ltr'><strong>perperam</strong></span> <span class='ocrx_word' id='word_1_869' title='bbox 1528 2834 1676 2869; x_wconf 85' lang='lat' dir='ltr'><strong>scripserat</strong></span> <span class='ocrx_word' id='word_1_870' title='bbox 1698 2832 1763 2868; x_wconf 80' lang='lat' dir='ltr'><strong>(col.</strong></span> <span class='ocrx_word' id='word_1_871' title='bbox 1780 2832 1848 2868; x_wconf 11' lang='lat'><strong>708),</strong></span> 
     </span>
    </p>
   </div>
   <div class='ocr_carea' id='block_1_115' title="bbox 1047 2867 1520 2904">
    <p class='ocr_par' dir='ltr' id='par_1_115' title="bbox 1047 2867 1520 2904">
     <span class='ocr_line' id='line_1_117' title="bbox 1047 2867 1520 2904; baseline 0.004 -10"><span class='ocrx_word' id='word_1_872' title='bbox 1047 2867 1080 2895; x_wconf 91' lang='lat' dir='ltr'><strong>de</strong></span> <span class='ocrx_word' id='word_1_873' title='bbox 1095 2867 1205 2896; x_wconf 85' lang='lat' dir='ltr'><strong>Arabici</strong></span> <span class='ocrx_word' id='word_1_874' title='bbox 1219 2868 1341 2896; x_wconf 84' lang='lat' dir='ltr'><strong>vocabuli</strong></span> <span class='ocrx_word' id='word_1_875' title='bbox 1356 2867 1520 2904; x_wconf 75' lang='lat' dir='ltr'><strong>signiﬁcatu.</strong></span> 
     </span>
    </p>
   </div>
  </div>
