2083 3155
233 193 287 227 185

785 193 1003 225 REFUTATIO
1022 193 1250 225 MOIIAMEDIS

1820 193 1875 225 786

232 248 380 285 ἀπειράκις
394 247 449 275 τῶν
462 247 658 284 παραχθέντων
672 248 704 275 ὲκ
719 248 820 281 παντὸς
842 249 876 277 ἂν
890 249 934 284 εῐη
952 249 1024 276 κατὰ

1076 249 1147 285 quod
1160 249 1184 277 si
1202 248 1316 284 imparia
1327 248 1443 282 viribus,
1463 255 1498 276 ne
1513 253 1648 277 comta-na
1663 247 1773 283 quidem
1787 255 1850 277 sunt
1864 258 1872 277 ε

233 294 333 327 πάντα,
345 293 436 330 οὐσίᾳ,
454 293 580 329 δυνάμει,
595 294 737 329 ὰῖδιότητι,
754 294 873 331 θελήσει,
891 295 939 324 καὶ
952 296 1028 331 luep-

233 340 308 377 γείᾳ.
331 339 441 376 Ἐπειδὴ
453 339 482 367 δὲ
495 340 561 375 τρία
576 340 634 374 εἴδη
646 340 713 376 γένη
726 340 776 376 τῆς
787 341 892 375 οὐσίας,
902 341 983 377 σῶμά
997 350 1028 369 τε

232 386 280 414 καὶ
293 385 441 421 ἀσώματον
456 386 504 413 καὶ
519 386 551 413 τὸ
561 387 594 413 ἔκ
605 386 709 414 τούτων
725 387 822 422 μικτόν
834 396 842 404 ·
859 388 1029 424 γνωριστικὰ

231 431 271 463 δὲ,
286 431 412 466 σώματος
427 431 487 466 μὲν,
504 431 534 458 τὸ
546 432 626 467 τριχῆ
636 432 788 464 διαστατὺν,
804 432 835 458 τὸ
851 432 964 464 πυκνὸν,
981 434 1028 460 καὶ

231 477 262 504 τὸ
276 477 376 512 μανόν·
395 477 547 512 ἀσωμάτου
564 478 604 510 δὲ,
626 478 657 504 τὸ
671 479 709 513 μὴ
728 478 868 514 πανταχοῦ
886 480 1027 515 παρεῖναι,

231 522 280 549 καὶ
301 523 338 558 μὴ
361 522 432 557 ὑπὲρ
445 523 475 549 τὸ
491 523 555 554 πᾶν,
571 524 595 549 εἰ
610 524 657 550 καὶ
680 523 838 559 ἀσώματον,
853 524 922 551 ἀλλὰ
948 533 1028 559 περι-

231 568 354 602 γραπτον
365 567 413 593 καὶ
427 567 494 594 αὐτὸ
508 567 617 599 πάντως
626 568 665 595 δν.
687 568 748 595 Ἐπὶ
756 568 785 595 δὲ
798 569 848 603 τῆς
859 569 1028 604 δημιουργοῦ

231 614 336 646 οὐσίας,
352 613 378 640 τί
392 613 532 648 δώσομεν;
554 614 655 648 μᾶλλον
670 614 698 641 δὲ
714 615 781 650 πρὸς
796 615 886 648 τοῦτο,
903 616 927 643 εί
941 617 1028 644 ταῦτα

231 659 310 686 οὐσία
324 658 449 693 λέγονταί
459 667 489 685 τε
505 660 553 686 καὶ
564 659 629 692 εἰσὶ,
650 660 680 687 τὸ
696 661 784 688 ταῦτα
800 662 963 696 πεποιηκὸς,
991 662 1029 693 ὡς

231 705 375 737 δέδεικται,
393 706 420 732 τί
433 706 521 739 ἔσται,
547 707 596 733 καὶ
606 706 632 733 τί
646 707 713 734 αὐτὸ
738 708 927 744 όνομὰσομενς
951 709 1028 735 οὐδὲν

233 752 284 787 μὲν
297 752 351 788 γὰρ
364 752 460 787 ἕξομεν
482 753 628 788 ὁριστικῶς
642 762 647 767 ·
672 753 702 787 ἐξ
729 754 902 789 ὑπερθέσεως
918 754 946 781 δὲ
965 755 1029 781 τούυ

231 805 285 823 των
305 797 563 833 προσαγορεύσομεν
590 799 763 834 ὑπερούσιον.
793 800 823 826 Εί
841 800 888 826 οὖν
913 800 1029 835 ὑπερού-

232 844 316 875 σιοςό
336 844 519 879 Δημιουργὸς,
549 846 659 880 μακρὰν
684 845 768 872 αὑτοῦ
787 846 978 881 ἁποὸἠσεσται
999 847 1029 873 τὸ

233 890 317 925 μανὸν
332 891 378 917 καὶ
395 891 425 917 τὸ
447 892 548 918 πυκνὸν
573 891 621 918 καὶ
644 892 674 918 τὸ
697 893 778 928 τριχῆ
799 893 961 920 διαστατόν·
979 893 1027 920 καὶ

1081 296 1154 332 quod
1170 296 1193 324 si
1208 303 1263 323 non
1275 299 1412 323 conteras
1429 299 1503 329 sunt,
1516 300 1544 322 et
1559 299 1650 323 tamen
1668 294 1817 328 exsistunt,
1829 302 1875 322 se-

1083 343 1179 379 quitur
1195 346 1226 370 ut
1240 342 1275 370 ab
1288 349 1322 369 eo
1336 341 1384 377 qui
1399 341 1459 369 sine
1473 341 1552 369 initio
1563 345 1606 369 est
1619 341 1751 376 producta
1764 340 1874 368 iuerint.

1079 388 1158 422 Quod
1168 388 1192 416 si
1201 388 1246 416 hic
1254 388 1347 416 omnia
1355 387 1492 423 producit,
1499 387 1613 414 omnino
1625 387 1785 423 inﬁniteque
1794 387 1875 414 rebus

1078 442 1092 462 a
1105 441 1134 462 se
1148 433 1287 469 productis
1298 432 1393 460 melior
1403 432 1464 463 erit,
1474 432 1640 464 substantia,
1650 432 1764 463 viribus,
1777 440 1875 467 perpe-

1079 481 1187 513 tuitate,
1198 480 1338 507 voluntate
1365 482 1446 513 atque
1459 477 1589 506 ellicacia.
1600 478 1735 511 Quoniam
1745 486 1810 506 vero
1821 479 1871 505 tria

1078 530 1144 554 sunt
1154 529 1254 553 creata:
1267 524 1428 553 substantia:
1444 531 1554 559 genera,
1565 530 1739 558 corporeum,
1749 523 1875 558 incorpo-

1079 579 1155 599 reum
1175 575 1203 598 et
1217 578 1251 598 ex
1277 575 1395 605 utroque
1413 569 1542 602 mistum;
1560 574 1588 596 et
1607 569 1736 604 quoniam
1752 569 1876 604 corporis

1078 617 1188 652 quidem
1203 615 1417 644 demonstrativa
1435 619 1510 647 sunt,
1520 615 1616 650 triplex
1630 614 1762 646 extensio,
1772 619 1798 642 et
1806 614 1875 642 deu-

1079 664 1159 696 sitas,
1177 671 1208 691 ac
1225 663 1325 691 raritas
1339 672 1347 696 ;
1364 662 1519 697 incorporei
1538 667 1639 693 autem.
1656 666 1686 689 ut
1713 669 1801 696 neque
1816 662 1877 688 ubi-

1079 718 1133 746 que
1147 711 1193 743 sit,
1208 718 1297 745 neque
1313 717 1396 745 super
1411 711 1503 737 omnia
1519 715 1545 736 et
1560 716 1717 744 quanquam
1733 708 1770 736 sit
1782 708 1874 736 incor-

1079 763 1202 791 poreum,
1218 755 1399 782 nihilominus
1417 755 1487 782 idem
1503 755 1538 782 sit
1555 754 1808 788 circumscriptum.
1840 754 1876 780 De

1079 802 1218 830 Creatoris
1249 806 1339 829 autem
1360 802 1514 830 substantia
1532 801 1596 836 quid
1624 805 1777 828 statuemus
1793 800 1804 826 ?
1821 799 1877 827 lino

1081 856 1155 879 vero,
1170 848 1192 875 si
1224 848 1276 875 illic
1305 855 1348 875 res
1372 847 1525 875 substantia
1540 851 1649 874 suntet
1676 847 1813 878 dicuntur,
1837 846 1875 872 uti

1081 893 1298 921 demonstratum
1316 897 1368 925 est,
1385 893 1448 927 quid
1463 893 1526 924 erit,
1544 897 1590 918 aut
1606 892 1670 926 quid
1698 892 1877 926 appellabitur

231 936 354 963 ἀπόλωλε
379 937 502 972 Μωάμετ
523 938 552 964 τὸ
578 938 738 973 ὁλόσφυρον,
765 939 956 974 πεφοϐημένος
980 939 1024 974 τὴν

1081 938 1138 973 ipse
1154 938 1293 965 Creator?
1318 938 1420 965 nullam
1440 938 1513 964 enim
1544 938 1713 972 reperiemus
1737 937 1871 964 deﬁnitio-

231 982 346 1010 κένωσιν
361 983 403 1009 διὰ
414 983 463 1019 τὴν
480 984 594 1019 πρόοδον
608 984 655 1010 τοῦ
680 985 745 1011 Υἱοῦ
759 985 805 1011 καὶ
820 984 918 1018 Λόγου.
943 983 1029 1011 Τοῦτο

229 1029 262 1064 δὴ
278 1030 325 1056 καὶ
340 1030 386 1056 ἐπὶ
413 1030 553 1065 δυνάμεως
570 1031 618 1057 καὶ
633 1030 770 1066 κινήσεως
791 1031 840 1057 καὶ
864 1031 1024 1066 ἐνεργείας·

229 1074 259 1100 τὺ
271 1075 341 1110 ὑπὲρ
359 1075 475 1110 κίνησιν,
492 1075 562 1111 ὑπὲρ
574 1075 698 1110 δύναμιν,
729 1076 776 1102 καὶ
791 1076 862 1111 ὑπὲρ
886 1076 1028 1111 ἐνέργειαν

230 1121 336 1156 ἀνάγκη
354 1121 477 1154 δοξάζειν
487 1131 493 1137 ·
508 1122 531 1148 εἰ
551 1123 578 1148 δὲ
591 1122 678 1148 ταῦτα
686 1121 773 1154 οὕτως
788 1122 854 1157 ἔχει,
869 1121 906 1157 μὴ
921 1121 1026 1158 φοὸηθῇ

228 1168 352 1203 Μωάμετ
367 1168 412 1194 τον
426 1169 538 1203 συμφυῆ
551 1169 597 1194 καὶ
610 1168 743 1195 συναῖδιον
754 1167 800 1194 τοῦ
811 1168 918 1203 [ἰατρὸς
927 1168 1024 1201 Λόγον,

229 1213 338 1241 ἀκούων
360 1214 533 1249 Δημιουργὸν
551 1214 616 1241 ὅντα
633 1214 722 1250 πάσης
743 1214 870 1246 κτίσεως,
899 1214 944 1240 καὶ
960 1214 1024 1240 tiva-

229 1260 382 1296 καινιστὴν,
403 1262 449 1287 καὶ
465 1261 526 1287 Υίὺν
544 1261 580 1293 ὡς
593 1262 624 1287 ὲκ
635 1262 795 1295 γεννήτορος
808 1259 855 1286 τοῦ
867 1260 912 1286 νοῦ
926 1260 1024 1295 προελ-

229 1306 325 1333 θόντα·
340 1307 544 1342 ἀνεκφοιτὴτως
562 1307 617 1342 γὰρ
639 1306 829 1342 προεληλύθει,
844 1307 892 1333 καὶ
905 1306 980 1341 μένει
994 1307 1023 1332 ἐν

229 1352 318 1388 ἑαυτῷ
334 1353 388 1388 (94)
412 1354 442 1380 οὐ
460 1353 531 1380 κατὰ
548 1354 651 1388 σχέσιν,
665 1353 695 1379 οὑ
711 1354 783 1380 κατὰ
803 1352 964 1387 συνάφειαν,
991 1352 1022 1378 οὐ

228 1398 300 1425 κατὰ
319 1399 431 1434 μνήμην
444 1419 451 1431 ,
470 1398 526 1425 ἀλλ’
555 1398 625 1434 ὑπὲρ
642 1399 730 1425 ταῦτα
743 1407 749 1414 ·
769 1398 931 1434 ὑπερούσιος
954 1398 1020 1433 γὰρ,

228 1444 270 1471 ὅτι
287 1443 317 1476 ἐξ
328 1444 491 1479 ὐπερουσίου
509 1445 556 1471 καὶ
568 1444 751 1479 ὑπερονσίως.

1079 983 1203 1010 nem.Ut
1234 986 1325 1009 autem
1350 989 1432 1016 supra
1460 981 1522 1008 illas
1550 981 1709 1012 extollatur,
1730 980 1878 1014 appellabi-

1080 1038 1141 1056 mus
1161 1037 1222 1056 eum
1259 1027 1562 1063 supersubstantialem.
1583 1027 1611 1053 Si
1632 1034 1697 1061 ergo
1727 1026 1875 1060 supersub-

1078 1074 1214 1102 stantialis
1238 1079 1279 1101 est
1300 1073 1423 1103 Creator,
1447 1073 1543 1107 procul
1574 1079 1606 1099 eo
1631 1073 1683 1100 erit
1714 1072 1813 1100 raritas
1849 1077 1878 1098 et

1077 1121 1208 1153 densitas,
1229 1125 1255 1148 et
1274 1120 1370 1155 triplex
1385 1119 1532 1152 dimensio,
1553 1119 1677 1153 peritque
1706 1118 1876 1145 lllohamedis

1080 1168 1209 1200 solidum,
1231 1166 1421 1201 cujusccmodi
1446 1174 1508 1193 eum
1539 1165 1687 1200 appellavit
1703 1165 1812 1197 timens,
1843 1174 1876 1192 nc

1080 1215 1156 1242 lieret
1174 1213 1298 1241 vacuitas
1315 1218 1424 1248 propter
1434 1212 1495 1240 Filii
1511 1217 1538 1240 et
1561 1212 1642 1240 Verbi
1655 1212 1873 1247 productionem.

1078 1260 1208 1287 Similiter
1221 1258 1364 1286 dicendum
1377 1258 1459 1285 estde
1467 1257 1605 1285 attributis
1618 1257 1754 1292 potentiae,
1768 1262 1875 1290 motus;

1076 1312 1102 1332 ct
1115 1304 1243 1332 efﬁcacia:
1267 1311 1364 1338 nempe
1378 1302 1531 1330 credendus
1545 1308 1586 1330 est
1600 1302 1726 1337 superior
1740 1304 1815 1329 onmi
1829 1310 1877 1337 po-

1076 1350 1177 1381 tentim,
1196 1349 1281 1375 mntui
1296 1353 1322 1375 et
1340 1348 1475 1375 cllicaciae.
1495 1347 1562 1381 Qum
1584 1348 1607 1375 si
1621 1348 1656 1375 ita
1670 1355 1699 1375 se
1718 1348 1830 1380 habent,
1843 1355 1877 1374 ne.

1076 1401 1239 1431 expavescat
1250 1395 1422 1422 lilohamedes
1434 1395 1498 1422 dum
1509 1395 1752 1422 connaturalem'et
1764 1398 1877 1421 coaeter-

1074 1450 1138 1469 uum
1155 1441 1227 1468 Patri
1245 1441 1360 1468 Verbum
1376 1441 1453 1468 audit
1473 1448 1534 1468 esse
1546 1440 1677 1468 factorem
1695 1440 1784 1467 ontuis
1801 1447 1879 1466 crea—

229 1492 296 1516 turae
311 1498 343 1517 ae
356 1491 579 1522 instauratorem,
593 1497 620 1518 et
632 1490 730 1517 Filium
744 1495 836 1525 utpote
847 1499 879 1518 ex
891 1490 1046 1526 generanlis
1056 1494 1146 1517 mente
1162 1496 1348 1524 progressum.
1359 1488 1465 1516 Etenim
1475 1488 1534 1516 sine
1543 1487 1714 1523 separatione
1729 1487 1860 1522 processil
1869 1507 1876 1518 ,

230 1544 375 1573 manetque
390 1538 416 1564 in
431 1546 460 1566 se
476 1538 536 1573 ipso
554 1546 607 1565 non
622 1539 772 1566 secundum
791 1540 963 1571 relationem,
983 1546 1035 1565 non
1051 1537 1202 1565 secundum
1228 1537 1465 1571 coniunctionem,
1486 1543 1576 1571 neque
1598 1535 1750 1564 secundum
1771 1542 1877 1562 memr-

228 1587 309 1619 riam,
330 1585 378 1614 sed
412 1587 493 1613 modo
517 1586 560 1614 his
595 1587 724 1614 omnibus
747 1586 929 1614 sublimiore:
948 1591 990 1615 est
1005 1586 1078 1614 enitn
1095 1584 1385 1621 supersubstantialis,
1414 1584 1477 1620 quia
1494 1589 1535 1612 est
1563 1592 1595 1612 ex
1621 1583 1876 1619 supersubstantiah

227 1639 254 1662 et
270 1634 581 1668 supersnbstantialitcr.

264 1680 289 1712 ι]
300 1699 306 1706 .
325 1678 371 1714 Μὴ
382 1677 429 1705 οὖν
443 1678 556 1713 ὶεγὲτω,
568 1678 598 1704 Εἰ
616 1678 666 1705 οὐκ
682 1679 824 1715 ἐγεννήθη,
840 1680 900 1707 οὐδὲ
911 1680 1022 1715 ὲγέννη-
1038 1682 1059 1711 C

229 1733 276 1752 σεν
288 1733 294 1741 ·
312 1725 366 1751 ἰδοὺ
380 1725 436 1759 γὰρ
450 1725 558 1760 ὁρῶμεν
570 1725 611 1751 ὃτι
623 1723 717 1759 ὥσπερ
736 1725 786 1751 οὐκ
802 1726 948 1761 ἐγεννήθη,
961 1726 1022 1753 οὐδὲ

228 1770 448 1806 ὲδημιουργήοη·
463 1770 509 1797 δύο
521 1770 575 1806 γὰρ
590 1770 677 1797 ταῦτα
698 1771 856 1805 ἀναγκαίως
876 1773 890 1798 ὁ
905 1772 1022 1807 ἄναρχος

229 1815 296 1852 ἔχει.
308 1816 391 1843 Ἀλλὰ
405 1817 460 1852 μὴν
475 1817 583 1852 ὁρῶμεν
594 1817 635 1843 ὅτι
650 1817 674 1843 εί
686 1817 734 1843 καὶ
751 1817 788 1852 μὴ
804 1817 1020 1853 ὲδημιουργήοη,

228 1862 287 1890 ἀλλ’
301 1863 530 1898 ἐδημιούργησεν,
561 1863 592 1889 El
617 1863 663 1890 οὖν
687 1863 717 1890 τὸ
740 1864 768 1891 ἓν
783 1863 892 1890 δίδωσιν
919 1864 1023 1895 ἐκεῖνος

228 1908 422 1944 ἐνηργηκέναι,
435 1909 482 1934 καὶ
497 1907 575 1934 τοῦτο
593 1908 667 1943 αὐτῷ
682 1908 756 1941 δόξα,
777 1908 823 1935 τοῦ
838 1909 940 1944 ἐτέρου,
951 1909 1022 1940 τίνος

228 1955 323 1981 ἕνεκεν
336 1954 500 1990 ὲστέρηται;
517 1954 606 1981 καίτοι
620 1963 651 1989 γε
667 1955 697 1980 οὐ
716 1954 835 1990 τοσαύτη
864 1955 939 1990 αὑτῷ
955 1956 971 1990 ἡ
989 1956 1022 1981 ἐκ

228 2001 278 2037 τῆς
292 2000 406 2032 κτίσεως
422 2000 618 2036 προσαγομένη
634 2000 710 2033 δόξει.
726 2001 774 2035 ὅση
788 2001 805 2036 ἡ
826 2001 870 2027 διὰ
886 2001 931 2027 τὸν
943 2001 1020 2027 Υίόν⁸

228 2046 319 2082 πολλῷ
327 2046 380 2082 γὰρ
396 2047 487 2073 πλεῖον
501 2047 561 2072 ὅσον
577 2047 622 2072 καὶ
635 2047 652 2081 ὴ
667 2046 760 2072 τούτου
773 2046 823 2081 τῆς
846 2046 960 2072 ἐκείνων
975 2047 1022 2072 οὺ-

229 2093 290 2124 σίας
302 2093 472 2128 ὑπέρκειται.
486 2093 565 2118 Ὥστε
579 2092 713 2127 κρείττων
723 2092 795 2119 κατὰ
804 2092 884 2119 τοῦτο
894 2092 941 2118 καὶ
954 2093 1023 2127 μᾶλ-

228 2139 275 2166 λον
289 2137 323 2174 ἦν
351 2139 431 2166 αὐτὸν
444 2138 543 2173 λέγειν,
557 2139 584 2164 εἴ
599 2147 631 2172 γε
660 2139 792 2174 συνῆκεν,
814 2139 855 2165 ὅτι
878 2139 956 2166 Ἐπεὶ
972 2139 1022 2166 οὐκ

228 2186 372 2222 ἐγεννήθη,
399 2186 443 2215 διὰ
457 2185 535 2212 τοῦτο
553 2186 652 2220 μᾶλλον
674 2186 820 2221 ἐγέννησεν
834 2193 840 2200 ·
866 2185 961 2221 ὧσπερ
976 2186 1022 2212 καὶ

230 2231 268 2267 μὴ
283 2231 504 2267 δημιουργηθεὶς,
516 2230 718 2266 ἐδημιούργησε
728 2239 734 2245 ·
749 2232 795 2257 καὶ
811 2232 905 2258 τούτου
915 2231 1022 2258 ἀπόδει-

229 2276 269 2309 ξις
284 2277 325 2304 ὅτι
339 2278 353 2303 ὁ
370 2277 486 2312 Χριστὸς
504 2277 567 2307 Υἱὸς
591 2278 638 2303 κει.)⁴
664 2277 749 2311 Λόγος
773 2277 914 2312 ὁμοούσιός
928 2286 957 2303 τε
984 2277 1023 2312 τῷ

228 2323 288 2358 Θεῷ
299 2324 346 2350 καὶ
365 2325 460 2359 “arpi,
477 2324 493 2359 ἠ
509 2324 592 2350 αὑτοῦ
608 2324 714 2351 ἐκείνου
737 2323 888 2359 παρουσία”
904 2323 953 2357 τῆς
969 2324 1022 2359 γὰρ

228 2369 378 2404 παρουσίας
393 2369 476 2395 αὑτοῦ
497 2370 566 2404 μετὰ
584 2370 683 2401 πολλὰς
699 2369 867 2404 προφητείας
882 2369 930 2395 καὶ
944 2368 1024 2395 τοῦτο

228 2415 430 2449 ἀναμφίλεκτον
445 2416 567 2450 σημεῖον,
592 2415 609 2450 ἡ
633 2415 702 2450 πρὸς
726 2415 756 2441 τὸ
769 2415 894 2450 κρεῖττον
908 2415 961 2441 τῶν
974 2415 1021 2441 ἀν-

229 2460 347 2496 θρώπων
367 2461 521 2495 μετάθεσις,
541 2462 571 2487 οὐ
589 2461 669 2496 μόνον
699 2461 846 2496 βαρϐάρων
862 2461 911 2488 καὶ
930 2461 1022 2496 Ἐλλή-

229 2515 292 2538 νων,
307 2505 376 2533 ἀλλὰ
390 2507 439 2533 καὶ
465 2507 519 2533 τῶν
537 2507 582 2533 ὑπ’
607 2507 689 2533 αὑτὸν
713 2507 758 2533 τὸν
783 2507 897 2534 παλαιὸν
921 2507 1018 2542 νόμον

229 2550 298 2585 πρὸς
317 2551 366 2585 μὲν
382 2551 427 2578 τὸν
440 2552 533 2587 νόμον,
549 2553 676 2579 τοσοῦτον
691 2552 719 2579 τὸ
738 2552 820 2587 μέσον
833 2553 881 2588 τῆς
895 2553 1018 2588 χάριτος,

229 2597 279 2631 ὅση
297 2597 365 2633 πρὸς
384 2598 489 2625 παιδίον
509 2599 630 2634 ὑπεροχὴ
657 2599 827 2634 πρεσϐύτουο
847 2600 916 2635 πρὸς
935 2600 963 2626 δὲ
990 2599 1023 2626 τὰ

228 2642 310 2670 λοιπὰ
323 2642 398 2679 ἔθνη,
420 2644 482 2670 ὅσον
498 2645 511 2670 ὁ
530 2644 610 2678 φύσει
629 2644 772 2680 ἄνθρωπος
793 2645 840 2671 τοῦ
863 2645 943 2679 φύσει
963 2646 1022 2672 ἁλό-

228 2696 294 2722 γου·
311 2688 365 2716 ἔδει
381 2690 436 2725 γὰρ
452 2690 499 2717 καὶ
515 2690 622 2722 φύσεως
644 2691 690 2717 καὶ
704 2691 783 2725 λόγου
800 2691 880 2723 eoos
896 2691 1020 2727 ἀνώτερα

228 2734 372 2762 παιδεῦσαι
386 2736 433 2762 καὶ
446 2737 616 2771 συμπρᾶξαι,
637 2736 673 2768 ὡς
689 2737 771 2763 αὑτὸν
786 2738 891 2763 ἐκεῖνον
910 2737 1021 2764 ἐλθόντα

228 2780 274 2807 τὸν
289 2780 358 2808 Θεοῦ
371 2782 468 2816 Λόγον.
486 2782 541 2808 Καὶ
554 2783 621 2817 πρὸς
636 2783 738 2814 τούτοις
751 2784 863 2817 σημεῖον
875 2783 978 2818 ἕτερον,
991 2784 1020 2809 τὸ

228 2825 278 2861 τὴν
291 2826 369 2854 θείαν
383 2827 430 2854 καὶ
447 2827 560 2863 νομικὴν
572 2828 699 2864 λατρείαν
717 2829 762 2856 καὶ
781 2829 943 2864 ἱερωσύνην,
972 2830 1017 2856 καὶ

1042 2355 1061 2382 D

1114 1678 1159 1706 90.
1176 1677 1214 1704 Ne
1230 1677 1323 1712 itaque
1335 1676 1452 1704 ulterius
1471 1676 1544 1704 dicat
1561 1686 1567 1703 :
1586 1676 1614 1703 Si
1631 1682 1684 1703 non
1702 1680 1744 1703 est
1759 1676 1877 1711 genitus,

1074 1733 1108 1753 ne
1134 1725 1228 1760 genuit
1243 1723 1365 1759 quidem.
1388 1723 1458 1751 Ecce
1473 1724 1546 1750 enim
1564 1723 1706 1750 cernimus
1718 1742 1725 1753 ,
1744 1722 1815 1754 quod
1839 1723 1875 1749 si-

1074 1770 1128 1798 cuti
1156 1777 1210 1796 non
1226 1773 1267 1796 est
1285 1768 1404 1803 genitus,
1428 1768 1465 1795 ita
1482 1775 1516 1795 ne
1531 1773 1641 1795 creatus
1656 1766 1766 1802 quidem
1787 1776 1793 1793 :
1822 1766 1879 1793 ha'e

1073 1817 1147 1844 enim
1161 1815 1214 1842 duo
1225 1814 1380 1841 necessario
1392 1813 1485 1845 habet,
1498 1814 1544 1848 qui
1561 1814 1620 1841 sine
1631 1813 1709 1840 initio
1722 1818 1773 1840 est.
1790 1812 1871 1847 Atqui

1073 1863 1154 1897 plano
1169 1862 1319 1894 cernimus,
1338 1861 1411 1895 quod
1432 1860 1483 1887 etsi
1500 1867 1553 1887 non
1579 1859 1628 1886 fuit
1643 1865 1762 1889 creatus,
1783 1863 1874 1886 tamen

1074 1907 1186 1938 creavit.
1206 1906 1234 1933 Si
1258 1913 1323 1941 ergo
1335 1913 1419 1932 unum
1447 1904 1573 1932 concedit
1598 1904 1773 1932 Mohamedes
1795 1904 1830 1931 ab
1845 1911 1878 1930 θ’)

1074 1957 1226 1987 peractum,
1241 1956 1322 1987 atque
1340 1952 1391 1978 hoc
1408 1955 1480 1978 tenet
1495 1949 1658 1985 (errationis
1671 1949 1679 1984 )
1703 1951 1814 1984 dogma,
1829 1956 1879 1976 cur

1074 2000 1160 2026 altero
1176 1998 1307 2025 attributo
1325 1997 1409 2024 Deum
1429 1996 1549 2032 spoliat?
1563 1996 1594 2022 Et
1606 1996 1716 2031 quidem
1733 2003 1786 2022 non
1817 2001 1876 2022 tan.

1075 2051 1130 2073 tam
1155 2045 1237 2072 habet
1251 2052 1266 2070 a
1281 2043 1419 2070 creatione
1435 2042 1548 2077 gloriam
1562 2062 1569 2074 ,
1590 2046 1721 2077 quantam
1739 2049 1754 2068 a
1777 2040 1847 2068 Filio
1870 2048 1876 2068 ;

1075 2092 1159 2119 multo
1189 2090 1262 2117 enim
1296 2089 1382 2124 magis
1410 2088 1519 2116 excellit
1534 2088 1594 2115 Filii
1617 2087 1769 2115 substantia
1790 2094 1874 2121 quam

1074 2142 1274 2165 creaturarum.
1290 2135 1462 2170 Quapropter
1477 2134 1500 2162 si
1518 2139 1592 2161 recte
1608 2142 1724 2169 saperet.
1737 2133 1826 2168 potius
1841 2133 1875 2159 ab

1074 2191 1107 2211 eo
1120 2183 1174 2210 dici
1191 2182 1335 2217 oportebat
1350 2190 1356 2208 :
1376 2180 1513 2214 Quoniam
1533 2180 1603 2207 Deus
1620 2188 1672 2206 non
1696 2184 1738 2206 est
1754 2179 1873 2214 genitu-.

1075 2230 1176 2256 idcirco
1190 2227 1276 2263 magis
1294 2227 1408 2262 genuit;
1425 2227 1505 2259 sicut,
1519 2226 1648 2261 quoniam
1670 2233 1724 2252 non
1741 2229 1784 2253 est
1798 2232 1859 2252 crea
1871 2243 1877 2247 .

1077 2281 1132 2307 tus,
1152 2275 1267 2302 crearit.
1281 2273 1357 2306 Quod
1370 2277 1461 2300 autem
1479 2273 1604 2300 Christus
1617 2291 1625 2304 ,
1642 2272 1727 2299 Filius
1744 2271 1876 2299 Verbum-

1076 2329 1141 2356 quc,
1158 2320 1401 2349 consubstantialis
1418 2320 1474 2347 Deo
1494 2319 1567 2347 Patri
1581 2319 1626 2351 sit,
1644 2319 1670 2345 id
1682 2319 1805 2353 ejusdem
1825 2319 1856 2346 ad
1870 2335 1872 2337 -

1078 2372 1176 2395 ventus
1200 2366 1408 2394 demonstravit.
1437 2365 1544 2393 Etenim
1570 2365 1704 2393 adventus
1728 2365 1788 2400 ejus
1815 2372 1876 2400 post

1078 2414 1162 2440 multa
1178 2413 1318 2445 vaticinia,
1334 2412 1385 2439 hoc
1399 2419 1507 2447 quoque
1521 2411 1662 2438 iudubium
1677 2411 1806 2439 iudicium
1822 2417 1874 2443 est,

1076 2467 1174 2494 nempe
1198 2459 1340 2486 hominum
1360 2458 1393 2484 ad
1421 2457 1560 2484 meliorem
1588 2458 1692 2492 frugem
1718 2458 1874 2488 COIIVCI‘Sln,

1075 2512 1164 2539 neque
1184 2504 1364 2531 barbarortnn
1380 2502 1581 2534 tantummodo,
1594 2510 1687 2528 verum
1701 2502 1783 2529 etiam
1800 2502 1875 2529 Cra:-

1073 2558 1180 2582 corum,
1189 2557 1239 2577 nec
1250 2557 1305 2576 non
1321 2549 1429 2575 illorum
1442 2548 1488 2584 qui
1505 2548 1556 2576 sub
1566 2553 1654 2576 vetere
1667 2549 1725 2583 lege
1736 2549 1873 2576 vivebant.

1076 2596 1110 2623 Et
1126 2596 1235 2630 quidem
1248 2595 1350 2622 Christi
1369 2594 1454 2630 gratia
1470 2599 1627 2629 comparata
1648 2602 1711 2622 eum
1728 2595 1796 2630 lege,
1810 2601 1873 2628 per-

1076 2642 1138 2670 inde
1156 2646 1198 2669 est
1218 2649 1250 2668 ac
1270 2641 1422 2681 proceritas
1440 2641 1539 2668 maturi
1563 2641 1613 2668 viri
1629 2641 1663 2668 ad
1682 2644 1789 2668 aetatem
1807 2648 1873 2674 pue-

1074 2689 1150 2716 rilem
1168 2697 1174 2714 :
1196 2696 1258 2715 cum
1272 2687 1379 2714 caeteris
1394 2692 1484 2715 autem
1500 2687 1618 2715 ethnicis
1635 2687 1746 2717 collata,
1760 2686 1873 2720 perinde

1074 2739 1116 2763 est
1129 2742 1160 2761 ac
1176 2738 1272 2761 natura
1291 2733 1422 2766 hominis,
1439 2734 1472 2761 ad
1492 2739 1617 2761 naturam
1634 2733 1783 2760 animantis
1804 2733 1873 2759 irra-

1074 2780 1194 2808 tionalis.
1209 2779 1357 2814 Oportebat
1368 2780 1441 2806 enim
1453 2784 1480 2807 et
1494 2783 1589 2806 natura
1603 2783 1629 2805 et
1643 2778 1759 2812 simplici
1771 2779 1871 2808 oratio.

1072 2828 1115 2855 nis
1138 2827 1163 2854 vi
1189 2826 1342 2854 excelsiora
1363 2827 1460 2854 docere
1484 2831 1511 2853 et
1537 2826 1637 2858 facere,
1668 2830 1749 2860 prout
1774 2834 1869 2861 reapse

266 2915 323 2951 l9!)
336 2915 375 2944 lta
387 2917 447 2945 cod.
466 2916 520 2945 Sed
536 2917 559 2945 si
571 2917 676 2946 scribas
690 2918 771 2954 αὐτῷ,
786 2918 977 2955 iutelligasque
995 2918 1116 2952 Patrem,
1132 2918 1206 2947 dices
1221 2918 1317 2947 Latine
1336 2922 1470 2953 manetque
1491 2916 1518 2943 in
1535 2916 1600 2951 ipso,
1628 2915 1656 2945 id
1671 2921 1712 2946 est
1728 2916 1755 2945 in
1776 2916 1866 2944 Patre.
