2083 3155
224 187 279 222 789

810 187 1030 219 REFUTATIO
1044 188 1284 221 MOHAMEDIS.

1799 187 1857 221 1'90

224 243 377 282 διῃρημινη
391 243 442 281 τῆς
468 243 540 273 κατὰ
562 244 612 282 τὴν
632 245 747 282 πρώτην
765 245 929 273 ἀκολουθίαν
950 254 1014 273 συν-

1079 247 1150 276 ἰοηίι
1176 248 1290 277 initium
1317 251 1372 282 est,
1389 255 1404 276 a
1418 247 1572 284 superioris
1596 250 1743 276 contextus
1766 246 1857 275 conti-

225 292 333 328 ιχείας·
348 292 364 326 ἡ
379 290 408 318 δὲ
421 290 571 319 ἀκολουθία
583 291 634 327 τὴν
648 291 682 318 ὲκ
696 292 745 328 τῆς
766 291 900 327 διαθήκης
917 292 1018 319 obtud-

225 346 296 373 τητα
312 336 455 364 ἀπέσωσεν
469 336 514 369 ἃν,
529 337 554 364 εὶ
571 336 612 373 μὴ
624 337 740 370 διεκόπη
753 337 837 371 ἑτέρα
847 337 919 374 ἀρχή
931 345 939 353 θ
952 337 978 364 τί
989 337 1018 364 δὲ

226 383 279 419 φὴς
297 383 366 416 ὅλως
381 383 446 419 περὶ
462 383 594 418 Ίσμαήλ;
614 391 623 409 ι
643 383 710 419 Περὶ
731 383 759 410 δὲ
784 383 907 419 Ἰσμαὴλ,
923 383 1017 418 φησὶν,

229 431 284 457 ἰδοὺ
315 430 456 464 εὐλόγηκα
482 429 575 462 αὐτὸν,
600 429 645 456 καὶ
673 429 783 462 αὑξανῶ
810 430 891 456 αὑτὸν
914 430 1018 465 σφόδρα

227 476 342 511 σφόδρα.
355 485 364 502 ι
381 474 460 502 Ἀλλὰ
475 474 577 510 ταύτην
592 475 640 511 τὴν
652 475 787 510 εὐλογίαν,
795 476 842 502 καὶ
858 475 892 502 τὰ
908 475 1019 502 πετεινὰ

225 519 273 546 τοῦ
297 519 414 554 οὐρανοῦ
431 519 478 545 καλ⁴
493 520 559 550 τοὺς
577 519 673 555 ἰχθύας
687 521 736 556 τῆς
752 519 891 555 θαλάσσης
908 520 1019 556 εὐλόγη-

227 573 293 597 σα;’
310 564 386 592 οὔπω
397 565 426 592 δὲ
440 562 510 601 αὕτη
526 565 599 598 ἰδίως
616 566 769 602 ἀνθρώπων
781 565 845 599 ἀξία
861 568 878 602 ὴ
894 567 1018 602 εὐλογία·

230 621 240 639 ι
257 611 368 639 Δώδεκα
388 611 452 647 ἔθνη
467 611 612 648 γεννήσει·
629 622 638 638 ι
652 611 699 640 καλ
714 613 739 639 τί
758 613 852 645 τοῦτο,
870 613 951 640 ὅτ’ἂν
970 613 1020 648 τῆς

228 657 302 689 θείας
323 658 467 693 εὐμενείας
485 659 626 694 ἀλλότριος
653 659 797 695 τυγχάνῃ;
818 659 889 687 ὥστε
908 660 962 686 οὐδ’
986 660 1020 687 ἂν

227 703 276 738 τὴν
289 705 329 735 εἰς
347 703 450 738 πλῆθος
463 703 576 739 αῠξησιν
598 704 687 740 ἔσχεν,
712 706 736 731 εί
760 705 797 741 μὴ
815 705 940 741 Ἀϐραὰμ
954 706 1021 741 ᾐτή-

229 758 295 775 σατο
305 757 312 764 '
334 758 343 775 ι
356 749 421 776 Ἰδοὺ
435 749 502 785 γὰρ,
516 750 610 786 φησὶν,
628 751 769 786 ἐπήκουσά
785 760 831 778 σου
842 759 848 766 ·
866 761 875 777 ι
892 751 980 783 ἄλλως
991 760 1021 778 τε

228 794 276 821 τοῦ
298 795 364 830 Χὰμ
377 795 443 822 πολὺ
462 796 581 823 ἐλάττων
606 796 774 831 καθέστηκεν
795 798 922 833 Ὶσμαήλ.
937 798 970 824 Τί
992 798 1021 825 δὲ

229 841 269 872 είς
283 840 371 876 μάτην
386 841 434 868 καὶ
448 841 478 868 τὸ
493 841 606 876 πλῆθος,
616 842 653 868 ὅτ’
664 841 697 869 ἂν
710 842 848 878 ἄχρηστον
863 842 896 880 ᾗ;
910 843 1022 875 εἰκότως

229 886 285 922 γὰρ
301 886 334 913 ἂν
346 886 434 923 ἀκούῃ
449 888 525 922 παρὰ
536 887 583 914 τοῦ
606 887 720 914 Ἡσαΐου
732 897 739 904 ο
760 898 769 914 ι
782 888 963 924 Ἐγεννήθη·τέ
977 897 1022 924 μοι

230 933 271 963 είς
286 931 456 967 πλησμονήν.
475 942 484 958 ι
506 932 537 958 ’Ὼ
549 933 599 968 τῆς
612 933 658 959 τοῦ
673 933 745 974 Θεοῦ.
758 934 956 968 προγνώσεωςί
981 934 1022 960 ὅτι

231 978 279 1004 καὶ
290 977 336 1004 τοῦ
345 978 472 1013 Ἀϐραὰμ
482 978 549 1005 Θεὸν
562 978 749 1011 λιτανεύοντος
760 980 830 1015 ὑπὲρ
843 979 889 1006 τοῦ
899 980 1021 1015 Ὶσμαὴλ,

231 1023 281 1058 τὴν
294 1024 335 1055 εἰς
349 1023 451 1058 πλῆθος
467 1024 581 1059 αὔξησιν
599 1024 646 1051 καὶ¹
664 1024 744 1059 μόνον
761 1025 904 1059 κομίζεται
916 1033 922 1040 '
932 1025 981 1059 τῆς
995 1025 1023 1051 δὲ

230 1067 364 1104 διαθήκης
378 1069 425 1095 τοῦ
446 1069 513 1096 Θεοῦ
534 1069 608 1102 ξένος
637 1069 684 1096 καὶ
706 1070 845 1105 ἀλλότριος
872 1070 917 1096 ὑπ’
942 1070 1024 1097 αὐτοῦ

232 1113 279 1139 τοῦ
296 1112 365 1140 Θεοῦ
384 1114 646 1148 ἀποδιαστέλλεται,
673 1115 710 1146 ὡς
728 1115 821 1142 Ἰσαὰκ
848 1115 928 1151 μόνον
949 1116 1025 1148 θντος

232 1159 308 1192 ἀξίου
321 1159 422 1196 ταύτην
437 1159 628 1195 κληρονομεῖν.
642 1160 686 1187 διὰ
696 1160 741 1187 τὸν
751 1160 780 1193 ἐξ
795 1161 878 1187 αὑτοῦ
894 1161 1026 1196 μέλλοντα

233 1206 416 1242 προέρχεσθαι
438 1206 621 1242 εὐλογημένον
648 1207 767 1243 Χριστὸν
791 1208 837 1234 καὶ
866 1208 943 1235 Θεόν.
970 1209 1026 1235 Καὶ

232 1251 314 1278 τοῦτο
330 1252 359 1279 δὲ
380 1252 518 1287 θαυμάσαι
532 1253 606 1280 ἔστιν
637 1253 678 1280 ὅτι
699 1254 764 1288 περὶ
781 1254 830 1289 μὲν
844 1253 954 1281 πάντων
971 1254 1026 1281 τῶν

233 1297 318 1324 ἐθνῶν
336 1298 443 1334 εἴρηται
465 1300 497 1334 τῇ
525 1299 698 1335 προφητείᾳ,
725 1299 762 1331 ὡς
788 1300 1027 1334 Μνησθήσονται

234 1345 283 1371 καὶ
299 1345 579 1380 ,ἔπιε-τραφήσονται
596 1347 672 1381 πρὸς
685 1347 796 1381 Κύριον
809 1347 909 1374 πάντα
922 1348 958 1373 τὰ
972 1346 1026 1374 πέ-

230 1399 307 1425 ρατα
318 1390 373 1425 τῆς
385 1391 449 1426 γῆς.
463 1393 580 1424 Τούτους
593 1393 622 1419 δὲ
637 1393 787 1428 ἁμετόχους
799 1393 848 1428 τῆς
863 1393 946 1420 αὑτοῦ
967 1394 1025 1419 διαί

235 1437 323 1472 θήκης
346 1436 427 1469 αὐτὸς
445 1439 538 1470 ὐΘεὸς
566 1439 684 1474 ἔκρινεν,
713 1440 821 1471 πάντως
852 1440 895 1467 διὸ.
925 1440 955 1467 τὸ
981 1441 1028 1468 τὸν

235 1483 423 1518 ἀντικείμενον
436 1484 584 1520 λεγόμενον
596 1486 711 1521 δαίμονα
726 1485 902 1521 θεραπεύειν.

271 1531 325 1563 ια’.
347 1528 378 1556 Et
394 1530 441 1556 οὖν
464 1531 546 1563 αὐτὸς
560 1532 574 1558 ὸ
586 1531 653 1564 Θεὸς
670 1531 841 1566 ἀμεθέκτους
856 1532 956 1563 αὐτοὺς
973 1532 1023 1567 τῆς

236 1573 319 1601 αὐτοῦ
347 1575 481 1611 διαθήκης
508 1576 633 1612 ἐποίησε,
660 1577 802 1604 καὶτοῦτο
828 1577 907 1613 δῆλον
924 1579 956 1604 ὲκ
980 1577 1028 1604 τοῦ

238 1621 321 1657 μέχρι
335 1622 383 1648 καὶ
396 1622 443 1648 νῦν
460 1622 497 1658 μὴ
512 1623 710 1658 καταδέχεσθαι
723 1624 823 1656 αὐτοὺς
838 1625 870 1660 τῇ
886 1624 1029 1659 ἰσαγγελῐᾳ

237 1666 288 1702 τῆς
302 1666 376 1699 θείας
389 1667 501 1704 Γραφῆς
515 1669 729 1704 μαθητεύεσθαισ
741 1669 823 1696 πόθεν
838 1669 853 1696 ό
866 1669 1032 1705 καμηλὼδης

237 1712 304 1748 γόης
319 1713 423 1746 ἐκεῖνος
438 1714 488 1747 τὴν
500 1714 595 1750 τρίτην
613 1715 746 1751 διαθήκην
761 1716 900 1751 ἐκόμισεν,
916 1715 1031 1747 ἀναιδῶς

237 1758 286 1785 τοῦ
301 1758 369 1785 Θεοῦ
386 1759 630 1795 καταψευσάμενος
646 1761 792 1796 οὐρανόθεν
805 1761 906 1796 λήρους
918 1761 965 1787 καὶ
979 1760 1030 1796 μύ-

239 1805 303 1837 θους
317 1805 364 1832 καὶ
379 1805 514 1838 ἀσωτείας
527 1806 575 1833 καὶ
597 1807 733 1843 φλυαρίας
750 1807 887 1841 ἀγνωσίας
898 1816 927 1833 τε
942 1807 1033 1842 πάσης

239 1851 287 1878 καὶ
301 1851 437 1885 ἀμαθείας
459 1852 662 1888 μεμεστωμένα
689 1852 815 1887 δέχεσθαι
830 1852 1032 1887 ἀλαζονευόμε-

240 1905 302 1930 νος;
317 1897 355 1924 ὅτ’
369 1897 402 1924 ἂν
418 1897 485 1933 λέγῃ
501 1898 611 1934 Μαρίαν
626 1899 675 1933 τὴν
691 1898 833 1930 Μωῡσέως
847 1899 966 1934 ἀδελφὴν
987 1898 1032 1925 τὸν

241 1941 360 1977 Χριστὸν
378 1944 507 1979 γεννῆσαι
518 1944 585 1979 (96),
596 1942 651 1980 ἆρα
668 1944 861 1971 ὑπολέλειπται
878 1944 1033 1980 ἀφροσύνης

223 1988 392 2025 ,ὑπερϐολὴ⁷
419 1990 465 2016 καὶ
488 1990 625 2024 ἀγνωσίας
652 1990 784 2026 ὑπεροχὴ,
818 1991 850 2026 ἣν
875 1990 955 2022 αὐτὸς
972 1991 1033 2017 καθ’

242 2035 340 2062 ἑαυτοῦ
355 2037 369 2062 ὁ
386 2036 550 2072 μαινόμενος
564 2033 642 2068 οὗτος
654 2038 683 2063 οὐ
703 2036 865 2071 mulino;
883 2037 964 2063 πότον
980 2037 1035 2073 γὰρ

244 2079 278 2107 ἂν
296 2080 377 2108 αὐτὸν
392 2081 481 2107 οἴεσθε
497 2081 701 2116 καταγελᾶσθαι
724 2083 756 2108 ὲκ
777 2083 872 2108 τούτου
888 2082 962 2117 παρὰ
981 2083 1035 2110 τῶν

249 2125 396 2160 Ἰουδαίων,
423 2127 499 2163 παρὰ
523 2127 576 2155 τῶν
604 2127 793 2163 Σαμαρειτῶν,
821 2128 898 2164 παρὰ
924 2129 1033 2156 πάντων

244 2172 338 2205 ἁπλῶς
345 2173 400 2200 τῶν
415 2173 562 2209 μετιόντων
574 2174 623 2210 τὴν
638 2175 759 2201 Παλαιὰν
776 2174 792 2209 ἢ
807 2175 854 2201 καὶ
866 2175 915 2211 τὴν
931 2175 1036 2211 Καινὴν

243 2220 402 2255 Διαθήκην;
421 2219 505 2246 Πόθεν
522 2220 579 2253 οὖν,
602 2222 695 2255 φησὶν,
714 2222 866 2257 ἐθάρρησεν
889 2222 974 2257 αὐτὴν
989 2223 1036 2248 οὺ-

1070 294 1203 322 nuatione
1235 294 1410 323 distinctum.
1436 293 1588 323 Contutus
1615 298 1717 326 autem,
1745 291 1858 321 iacteris

1068 340 1209 368 vinculum
1225 340 1320 376 utique
1334 344 1535 374 conservasset,
1551 340 1603 368 nisi
1615 339 1732 368 alterum
1746 338 1856 367 Initium

1068 386 1223 421 seiunctum
1248 386 1355 416 fuisset.
1384 386 1437 415 Sed
1460 386 1526 422 quid
1552 386 1663 414 demum
1687 385 1728 422 de,
1743 384 1860 413 lsmnete

1069 432 1129 460 ais?
1138 441 1147 457 ι
1158 431 1235 465 Quod
1244 432 1342 460 attinet
1354 432 1386 460 ad
1400 431 1552 464 lsmaelem,
1564 431 1663 466 inquit,
1679 438 1743 459 ecce
1757 435 1784 458 et
1795 430 1860 457 huic

1069 477 1208 510 benedixi,
1221 478 1379 514 augeboque
1393 478 1469 506 illum
1483 486 1565 514 quam
1578 479 1704 505 maxime.
1718 487 1727 503 I
1742 476 1861 505 Caetero-

1069 524 1136 559 quin
1164 523 1323 560 huiusmodi
1345 524 1537 552 benedictione
1561 524 1722 551 volucribus
1749 529 1860 558 quoque

1071 570 1134 598 coeli
1159 575 1186 598 et
1208 570 1295 598 maris
1326 569 1449 606 piscibus
1473 569 1638 598 henedixisti
1662 578 1669 603 ;
1691 576 1780 603 neque
1802 569 1861 595 ha'c

1044 636 1049 640 .
1071 615 1228 644 horninibus
1245 616 1311 644 satis
1324 616 1405 651 digna
1431 615 1585 648 benedictio
1612 621 1663 643 est.
1683 624 1692 641 (
1709 613 1861 641 Duodecim

1070 661 1186 696 populos
1207 661 1310 696 gignct.
1331 671 1340 687 ι
1358 660 1411 689 Sed
1425 661 1491 696 quid
1509 661 1561 687 hoc
1578 660 1688 687 demum
1703 663 1758 690 est,
1776 658 1799 686 si
1819 658 1862 685 di-

1071 707 1134 734 vina
1148 707 1336 735 benevolentia
1350 707 1456 734 alienus
1469 707 1543 734 erit?
1558 706 1615 733 [mo
1627 713 1661 733 ne
1677 704 1862 732 multitudinis

1072 753 1182 789 quidem
1211 753 1412 780 incrementum
1437 752 1588 784 habuisset,
1613 752 1667 779 nisi
1689 751 1863 778 Abrahamus

1074 806 1125 834 pro
1139 790 1186 825 illo
1198 803 1316 826 orasset.
1329 808 1339 824 ‹
1352 798 1421 826 Ecce
1435 798 1519 828 enim,
1532 797 1621 833 inquit
1636 796 1720 828 Deus,
1737 794 1863 824 exaudiri

1073 847 1110 871 te.
1133 852 1142 869 ι
1158 842 1313 878 Cacteroqui
1330 842 1434 870 Chamo
1451 842 1537 870 multo
1562 842 1652 869 minor
1677 841 1728 869 fuit
1754 840 1862 868 lsmael.

1073 889 1123 917 Cui
1138 890 1208 917 bono
1231 894 1321 917 autem
1344 889 1502 922 multitudo,
1518 889 1540 916 si
1562 888 1673 924 quidem
1697 887 1769 915 haud
1788 894 1865 914 com-

1039 927 1156 963 Bmode
1186 935 1312 963 evadet?
1334 935 1431 963 Merito
1464 934 1538 963 enim
1573 934 1670 962 audies
1700 934 1734 961 ab
1764 932 1864 960 Isaia:

1079 991 1089 1008 ‹
1102 982 1192 1009 Geniti
1209 982 1275 1009 mihi
1287 982 1354 1009 estis
1365 981 1399 1009 ad
1413 989 1543 1009 nauseam
1561 980 1593 1007 ".
1606 990 1616 1007 ι
1630 979 1708 1007 ODei
1721 979 1866 1014 praescieri-

1076 1028 1141 1055 tiam
1159 1028 1165 1055 ί
1182 1027 1357 1054 Abrahamus
1374 1026 1458 1054 Deum
1480 1034 1529 1062 pro
1545 1026 1660 1054 Ismaele
1683 1031 1777 1056 orans,
1799 1023 1867 1051 nihil

1078 1074 1153 1101 aliud
1175 1073 1304 1108 impetrat
1322 1080 1405 1107 quam
1429 1072 1521 1107 populi
1541 1072 1739 1099 incrementum
1756 1078 1763 1096 :
1782 1076 1796 1095 a
1815 1068 1868 1096 fm—

1075 1119 1139 1146 dere
1151 1123 1241 1146 autent
1256 1117 1302 1146 Dei
1317 1118 1422 1145 alienus
1436 1122 1463 1144 et
1472 1121 1630 1149 extrancus,
1640 1116 1700 1151 ipso
1712 1115 1757 1142 Dei
1768 1122 1815 1141 ore
1823 1114 1868 1140 hic

1076 1165 1268 1197 constituitur,
1298 1156 1349 1192 ceu
1374 1164 1398 1191 si
1426 1163 1501 1192 solus
1523 1163 1601 1191 Isaac
1627 1162 1726 1197 dignus
1751 1165 1824 1189 esset
1841 1161 1866 1188 id

1078 1210 1231 1245 possidere,
1256 1213 1367 1245 propter
1388 1210 1523 1236 oriturum
1549 1216 1581 1236 ex
1607 1208 1666 1243 ipso
1694 1207 1867 1234 benedictum

1077 1256 1217 1283 Christum
1239 1263 1272 1283 ac
1294 1255 1392 1283 Deum.
1419 1255 1510 1290 Atque
1522 1255 1574 1282 hoc
1590 1253 1714 1281 mirabile
1727 1256 1778 1284 est,
1797 1252 1870 1286 quod

1085 1302 1118 1329 de
1130 1301 1235 1329 cmteris
1247 1301 1354 1329 cunctis
1365 1301 1492 1337 gentibus
1507 1300 1610 1328 dictum
1624 1305 1665 1327 est
1682 1306 1697 1325 a
1714 1298 1869 1333 prophetia.

1079 1347 1137 1375 fore
1153 1351 1183 1374 ut
1205 1346 1411 1373 reminiscantur
1430 1351 1454 1373 et
1469 1349 1658 1372 convertantur
1676 1345 1710 1371 ad
1726 1344 1869 1370 Dominum

1079 1394 1194 1421 universi
1208 1393 1274 1427 [inet
1290 1397 1366 1419 terra:
1380 1392 1412 1418 ³¹.
1434 1391 1586 1419 lsmaelitas
1602 1395 1694 1418 autem
1719 1391 1790 1417 haud
1812 1389 1871 1417 fore

1080 1438 1230 1474 participes
1273 1438 1396 1470 foederis,
1432 1439 1490 1473 ipse
1522 1437 1595 1464 Deus
1625 1436 1777 1471 judicavit,
1810 1436 1871 1463 ideo

1081 1492 1195 1519 prorsus
1215 1484 1280 1519 quia
1307 1484 1495 1511 adversarium
1519 1482 1578 1517 ejus
1596 1483 1749 1510 daemonem
1768 1483 1870 1509 colunt.

1119 1530 1164 1557 95.
1187 1529 1215 1557 Si
1238 1538 1304 1565 ergo
1328 1530 1385 1565 ipse
1410 1530 1481 1557 Deus
1507 1528 1612 1557 foedere
1640 1537 1690 1556 suo
1717 1528 1870 1556 lsmaelitas

1082 1577 1207 1609 exclusit,
1236 1576 1317 1611 idque
1340 1576 1401 1602 itide
1431 1580 1551 1608 constat,
1571 1575 1636 1610 quia
1653 1583 1738 1610 usque
1754 1575 1787 1602 ad
1803 1576 1873 1602 lianc

1083 1623 1155 1650 dicm
1180 1622 1327 1650 noluerunt
1345 1630 1360 1649 a
1380 1622 1479 1649 divina:
1504 1621 1654 1657 Scriptura:
1678 1621 1801 1656 angelica
1825 1622 1873 1647 do—

1084 1669 1172 1697 ctrina
1192 1669 1295 1695 erudiri
1311 1677 1318 1702 ;
1333 1668 1469 1696 undenam
1494 1668 1659 1696 camelarius
1679 1669 1808 1703 deceptor
1830 1668 1874 1694 ille

1084 1714 1194 1742 tertium
1214 1713 1305 1741 foedus
1320 1714 1496 1748 impudenter
1510 1713 1619 1745 detulit,
1636 1712 1802 1740 calumniam
1818 1711 1874 1738 Deo

1088 1760 1191 1788 faciens
1207 1760 1344 1795 jactanter
1361 1759 1486 1791 dicendo,
1510 1767 1539 1787 se
1556 1759 1590 1786 de
1608 1759 1678 1786 cwlo
1700 1766 1787 1793 nugas
1810 1766 1875 1785 suas

1084 1812 1111 1834 et
1127 1807 1234 1834 fabulas
1251 1810 1278 1833 et
1293 1806 1411 1841 ineptias
1426 1805 1535 1833 inscitia
1550 1805 1766 1840 insipientiaque
1782 1804 1876 1839 plenas

1084 1853 1233 1888 accipere?
1248 1852 1300 1886 Qui
1327 1853 1365 1879 ait
1381 1851 1496 1879 Mariam
1515 1851 1618 1887 Moysis
1642 1858 1766 1878 sororem
1793 1850 1875 1877 Chri-

1085 1902 1157 1925 stum
1184 1898 1334 1932 peperisse,
1360 1905 1394 1923 an
1420 1903 1557 1924 summam
1580 1896 1701 1931 aliquam
1731 1895 1875 1923 stultitiam

1085 1944 1307 1979 exquisitamque
1324 1942 1462 1970 inscitiam
1479 1943 1582 1975 omisit,
1599 1950 1682 1977 quam
1700 1942 1816 1969 insanus
1835 1941 1878 1968 hic

1087 1990 1113 2017 in
1133 1993 1216 2025 caput
1229 1990 1371 2024 prOprium
1387 1995 1440 2015 non
1458 1988 1604 2015 effuderit?
1616 1987 1790 2022 Quantopere
1804 1988 1877 2014 hunc

1086 2043 1100 2061 a
1124 2033 1225 2061 Judmis
1242 2034 1276 2061 ob
1301 2034 1327 2060 id
1350 2033 1457 2060 irrideri
1480 2034 1591 2068 putatis,
1610 2037 1637 2060 et
1655 2040 1669 2059 a
1685 2032 1877 2064 Samaritanis,

1087 2087 1170 2115 atque
1183 2081 1217 2108 ab
1227 2080 1356 2107 omnibus
1371 2085 1506 2115 quotquot
1519 2079 1602 2107 Vetus
1610 2079 1772 2113 Novumquc
1784 2078 1879 2106 Testa-

1088 2132 1211 2155 mentum
1225 2127 1380 2155 noverunt?
1396 2126 1538 2160 Quomodo
1555 2127 1638 2162 igitur
1649 2135 1732 2154 ausus
1742 2132 1794 2158 cst,
1806 2127 1879 2153 dicet

1088 2175 1204 2209 aliquis,’
1214 2174 1314 2201 librum
1340 2173 1417 2200 illum
1441 2173 1577 2208 appellare
1597 2173 1737 2200 caelestem
1753 2171 1879 2206 ?Ncmpc

1089 2221 1152 2257 quia
1173 2221 1323 2256 inspiratus
1341 2220 1392 2247 fuit
1409 2220 1443 2247 ab
1459 2227 1492 2246 eo
1511 2219 1557 2254 qui
1573 2219 1662 2246 dixit:
1679 2218 1783 2245 Ponant
1804 2218 1879 2244 tlu-a-

245 2265 340 2300 ρανίαν
355 2264 469 2292 καλέσαι
481 2266 588 2301 βίὸλον;
609 2266 657 2292 Ἐκ
674 2266 720 2293 τοῦ
736 2266 942 2301 ὲμπνευσθῆναι
954 2266 1027 2293 αὐτοι

1089 2276 1151 2294 num
1167 2275 1252 2294 meum
1269 2267 1297 2293 in
1312 2266 1423 2293 nubibus
1438 2266 1507 2299 caeli,
1526 2265 1622 2292 similis
1639 2273 1683 2292 ero
1697 2265 1833 2292 Allissimo
1847 2265 1880 2296 ³³,

244 2311 321 2347 παρὰ
337 2311 383 2338 τοῦ
400 2312 557 2347 είρηκότος³
582 2312 670 2345 etiam
691 2312 745 2339 τὸν
769 2311 879 2346 θρόνον
903 2321 964 2347 μου
986 2313 1038 2340 ἐπὶ

245 2356 306 2383 τῶν
320 2357 458 2391 νεφελῶν
475 2357 528 2384 τοῦ
547 2357 689 2391 οὐρανοῦ,
701 2358 750 2385 καὶ
768 2358 876 2393 ἔσομαι
889 2357 989 2393 ὅμοιος
998 2357 1037 2391 τῷ

251 2399 395 2435 ⁸Υψίστῳ,
411 2401 459 2427 τοῦ
473 2402 549 2434 ὄντος
563 2402 610 2428 καὶ
627 2402 774 2436 λεγομένου
790 2402 891 2438 πατρὸς
903 2402 950 2429 τοῦ
969 2403 1036 2437 demi-

245 2446 317 2478 δους.
333 2447 381 2478 Τίς
394 2448 447 2483 γὰρ
465 2448 497 2475 ἂν
519 2449 586 2480 ὅλως
599 2448 718 2483 ἐντυχὼν
742 2451 775 2484 τῇ
791 2448 852 2484 θείᾳ
876 2450 969 2484 Γραφῇ
987 2450 1037 2476 οὐκ

247 2493 451 2529 ἔκπλαγήσεται
467 2494 505 2529 τῷ
523 2494 633 2529 μεγέθει
658 2494 705 2520 τοῦ
722 2494 846 2530 ψεύδους,
862 2495 901 2521 ὅτ’
915 2495 948 2522 ἂν
971 2495 1037 2531 λέγῃ

246 2540 365 2575 Χριστὸν
380 2542 412 2567 ὲκ
425 2541 534 2576 Μαρίας
549 2541 598 2576 τῆς
617 2541 733 2576 ἀδελφῆς
749 2541 889 2573 Μωῡσέως
904 2541 1035 2576 γεγεννῆ-

248 2586 328 2619 σθαι;
345 2587 376 2613 Ὢ
386 2588 434 2614 τοῦ
446 2588 551 2622 μακροῦ
558 2589 651 2624 γήρως
666 2589 714 2623 τῆς
729 2587 867 2623 Παρθένου
877 2589 883 2615 l
895 2588 1035 2623 δισχιλίων

247 2632 302 2668 γάρ
321 2642 379 2665 πως
394 2635 487 2669 σχεδὸν
506 2635 573 2661 ἑτῶν
588 2634 728 2669 περιόδους
748 2634 930 2670 παρεληλύθει
957 2634 1037 2670 μέχρι

248 2677 368 2714 Χριστοῦ
383 2681 547 2716 γεννήσεως,
566 2680 613 2716 ἀφ’
633 2678 664 2708 οὗ
689 2680 785 2716 Μαρία
798 2681 832 2708 τὰ
845 2680 971 2716 κύμσαλα
988 2682 1036 2707 ἁν-

1091 2314 1125 2340 ab
1143 2321 1185 2346 eo,
1211 2313 1334 2348 inquam,
1354 2313 1399 2347 qui
1413 2316 1455 2339 est
1470 2316 1497 2339 et
1510 2311 1612 2338 dicitur
1637 2311 1771 2338 mendacii
1791 2314 1879 2345 pater.

1090 2360 1156 2393 Quis
1180 2359 1253 2387 enim
1273 2359 1372 2386 divinm
1391 2359 1539 2393 Scriptura:
1558 2359 1671 2394 peritus,
1690 2366 1744 2385 non
1761 2358 1882 2393 stupebit

1090 2405 1226 2433 mendacii
1238 2405 1436 2432 immanitatem
1455 2425 1462 2437 ,
1482 2413 1544 2432 cum
1562 2407 1599 2432 ait
1611 2404 1787 2431 Mohamcdcs
1802 2405 1882 2431 Chri—

1090 2458 1162 2480 stum
1184 2459 1217 2479 ex
1230 2451 1314 2479 Maria
1335 2451 1436 2487 Moysis
1454 2460 1549 2479 sorore
1568 2457 1662 2479 natum
1677 2451 1715 2478 20
1732 2451 1880 2485 longaevam

1091 2498 1205 2534 virginis
1221 2503 1389 2526 senectutem
1407 2499 1412 2525 l
1430 2499 1529 2526 ctenim
1548 2499 1589 2526 bis
1606 2499 1679 2526 mille
1694 2498 1778 2526 ferme
1793 2501 1880 2524 anno—

1092 2552 1153 2572 rum
1175 2544 1362 2572 rcvolutiones
1386 2544 1601 2572 intercesserunt
1619 2552 1706 2580 usque
1727 2545 1760 2571 ad
1779 2542 1901 2570 Christi'

1092 2591 1274 2623 nativitatem,
1294 2597 1327 2617 ex
1342 2597 1396 2625 quo
1421 2589 1504 2617 Maria
1529 2590 1685 2625 cymbalum
1708 2588 1827 2623 pulsavit
1847 2587 1879 2613 “.

1092 2637 1225 2664 Przeclare
1245 2637 1308 2664 hinc
1320 2644 1386 2664 sane
1398 2638 1630 2665 demonstrabitur
1650 2645 1683 2664 ex
1707 2635 1805 2662 Davide
1819 2634 1880 2661 Jes-

1092 2683 1138 2710 saai
1173 2683 1229 2709 tilio
1262 2686 1429 2717 propagatus
1458 2682 1609 2710 Christus!
1634 2680 1759 2708 llzeccine
1789 2678 1879 2705 divina

286 2774 310 2795 ⁸¹
325 2777 379 2807 lsa.
395 2787 417 2814 ι,
433 2779 475 2808 ιι.
514 2780 538 2797 ³²
552 2778 626 2808 Psal.
645 2788 703 2814 ΠΙ,
714 2779 761 2809 28.
801 2781 824 2797 ³³
846 2780 898 2810 lsa.
920 2789 976 2812 xw.
992 2781 1025 2809 Η

1079 2782 1097 2798 ’⁸
1110 2781 1196 2810 Exod.
1213 2790 1258 2815 xv,
1276 2781 1323 2810 ΞΟ.

286 2866 432 2909 (θϐῌίιιιο
444 2869 478 2909 de
492 2878 523 2898 re
536 2871 656 2909 diximus
671 2871 727 2909 iam
752 2869 812 2909 col._
820 2870 965 2909 708._ad7n.
983 2872 1025 2904 l9,
1041 2876 1068 2900 et
1079 2873 1133 2902 col.
1145 2872 1207 2908 727,
1217 2874 1280 2903 adn.
1297 2873 1352 2909 69,;
1362 2879 1520 2909 quanquam
1536 2869 1616 2908 paulo
1631 2869 1713 2899 latius
1736 2869 1801 2899 facit
1815 2869 1882 2899 illud

254 2905 388 2941 temporis
402 2906 520 2941 spatium
536 2905 656 2935 Nioetas.

698 2906 782 2934 idesis
793 2906 903 2935 Eusebii
915 2908 1076 2936 chronicou.
