2083 3155
226 183 278 215 791

858 182 1006 215 NICET/E
1026 183 1229 217 BYZANTINI

1794 192 1847 225 792

223 240 366 276 Scriptura
392 246 434 269 est
454 241 466 268 2
485 242 528 270 hic
544 242 663 271 caelestis
694 242 762 270 liber
777 243 789 270 ’ἰ
807 241 829 270 0
845 243 979 271 inscitiam

1044 245 1219 280 expoliata-ro.
1243 246 1351 283 Σφόδρα
1367 247 1396 274 δὲ
1410 248 1457 275 καὶ¹
1477 248 1560 277 Δαϐὶδ
1586 250 1643 282 υἱὸς
1666 251 1714 278 τοῦ
1735 251 1845 287 Ἰεσσαὶ,

223 293 241 313 0
256 286 406 314 infelicium
420 287 598 315 barbarorum
616 289 780 317 dementiam
802 290 808 316 l

1062 291 1094 318 ὲκ
1111 292 1208 319 τούτου
1222 292 1249 319 δὲ
1265 293 1279 319 ό
1294 293 1412 328 Χριστὸς
1428 296 1614 331 καταγόμενος
1637 297 1844 326 ἁποδείκνυταν

223 331 302 358 τοῦτο
320 331 381 358 θεία
394 332 504 368 Γραφή;
529 333 607 361 τοῦτο
619 334 743 370 οὐράνιον
767 335 886 371 βιϐλίον;
913 335 936 362 ὣ
955 335 1009 362 ἀπὸ
1027 336 1077 372 τῆς
1092 337 1218 372 ὰλογίαςί
1249 339 1340 366 ὢὰπὸ
1371 340 1421 375 τῆς
1453 341 1546 374 ἀνοίας
1573 342 1627 369 τῶν
1651 343 1752 371 ἀθλίων
1782 344 1840 380 βαρ-

224 381 315 416 ϐάρων
326 384 332 409 l

258 430 302 458 94.
324 430 408 466 igitur
427 436 483 459 tum
502 432 565 466 quia
581 439 596 459 a
618 431 718 460 divinae
741 431 890 467 Scriptura;
914 436 1006 460 mente

221 476 326 504 alienus
350 484 463 510 prorsus
486 482 513 505 et
534 482 681 505 extraneus
703 483 746 506 est
772 479 817 506 hic
843 479 1005 507 maledictus

221 521 341 554 ipsorum
368 522 437 550 liber
454 531 462 556 ;
477 528 532 550 tum
553 524 617 559 quia
635 523 705 551 Deus
726 524 782 559 ipse
798 524 923 560 indignos
944 525 1005 553 illos

220 566 321 595 findere
335 575 386 595 suo
405 569 537 603 judicavit
555 577 562 603 ;
579 569 645 598 satis
665 577 828 605 cognoscere
848 577 1003 604 possumus,

219 612 382 639 camelinum
407 613 478 641 hunc
494 613 592 641 librum
613 614 713 642 habere
735 619 873 641 auctorem
898 614 1001 642 daemo-

217 664 280 684 nem
304 658 352 693 qui
377 658 410 686 de
438 659 507 687 cado
526 660 637 687 excidit.
662 659 768 695 Quippe
790 660 922 695 quidquid
948 661 1003 688 Deo

218 703 399 738 abalienatur,
415 705 441 732 in
454 705 618 733 contrariam
631 705 763 733 daemonis
772 710 877 740 partem
891 706 1000 741 migrat.

216 748 284 776 Nam
301 750 323 777 si
339 749 384 778 Dei
399 758 460 778 esse
474 751 607 785 lsaacum,
625 752 691 785 veri,
712 752 835 787 inquam,
856 751 914 784 Dei,
932 751 1002 779 indi-

216 795 288 823 cium
305 796 480 824 manifestum
495 802 547 829 est,
571 797 642 832 quod
659 798 831 825 constituerit
854 805 916 825 cum
942 797 1001 831 ipso

215 841 305 870 fmdus
320 850 328 875 ;
348 851 357 868 ι
373 842 507 876 Statuam,
527 843 624 878 inquit,
637 843 726 871 foedus
751 851 840 879 meum
855 852 916 871 cum
931 844 999 878 ipso,

216 891 246 914 ut
256 888 306 915 sim
319 888 380 924 ejus
393 889 473 923 Deus,
484 897 588 917 necnon
602 890 714 918 seminis
724 891 783 925 ejus
795 895 857 925 post
866 890 970 925 ipsum;
987 900 996 916 ι

214 934 347 962 indicium
364 936 484 964 vicissim
498 940 541 964 est
556 944 609 964 non
626 945 685 965 esse
702 937 900 965 lsmaelitarum
915 937 999 964 Deum

215 981 391 1014 peculiarem,
407 989 563 1017 quanquam
576 983 681 1015 ratione
700 984 847 1011 creationis
860 984 916 1017 sit;
933 984 998 1016 hoc,

213 1025 334 1060 inquam,
349 1026 387 1053 rei
407 1027 467 1061 ejus
483 1027 613 1054 indicium
633 1032 685 1060 est,
709 1027 781 1061 quod
800 1031 920 1055 statuere
935 1034 996 1054 eum

213 1071 267 1099 illis
292 1071 382 1100 foedus
417 1072 487 1100 Deus
518 1073 644 1100 noluerit.
672 1072 801 1100 Diabolus
833 1073 924 1108 itaque
956 1076 999 1101 est

212 1116 320 1144 illorum
344 1117 422 1149 deus,
444 1118 489 1153 qui
513 1117 597 1146 Deum
617 1120 746 1146 simulat:
765 1126 922 1154 quanquam
937 1126 996 1146 me-

211 1167 292 1191 tuens
303 1171 336 1190 ne
351 1163 396 1190 tali
412 1171 495 1199 scopo
510 1171 560 1192 suo
575 1165 693 1198 excidat,
713 1165 806 1192 dolose
822 1172 920 1192 nomen
932 1172 997 1199 pro.

209 1209 301 1244 prium
320 1210 425 1243 reticet,
450 1210 522 1245 quod
539 1211 608 1246 apud
632 1219 727 1239 omnes
751 1211 875 1238 homines
891 1211 993 1238 infame

210 1259 262 1287 est,
291 1255 401 1290 verique
420 1257 510 1291 potius
531 1257 575 1284 Dei
592 1257 798 1292 appellationem
814 1264 870 1292 pra:
887 1265 916 1285 se
931 1256 994 1284 fert.

212 1301 260 1329 Est
272 1301 344 1328 enim
360 1302 411 1329 hoc
428 1307 589 1330 consuetum
609 1303 722 1338 improbi
737 1303 818 1339 hujus
834 1303 994 1332 artiﬁcium.

210 1346 240 1374 Si
261 1353 326 1381 ergo
350 1348 432 1374 deum
447 1355 526 1375 suum
548 1348 647 1375 habere
672 1349 819 1376 Abrahami
835 1348 920 1377 Deum
943 1357 992 1377 cu-

208 1393 287 1428 piunt
305 1393 332 1420 hi
350 1393 470 1426 barbari,
496 1395 609 1428 impium
634 1395 710 1422 illum
733 1394 994 1431 fraudulentumque

208 1439 319 1473 librum,
338 1440 451 1476 ejusque
474 1446 588 1475 pravum
603 1447 754 1474 aucl0rem,
771 1442 886 1469 stultum
902 1442 994 1470 homi-

208 1494 282 1518 nem,
303 1487 419 1522 ejuren't,
447 1488 551 1523 unique
578 1488 766 1515 assetlliantur
791 1488 891 1516 divime
917 1488 993 1517 Scri-

207 1537 304 1567 pturm,
331 1537 410 1567 atque
425 1532 485 1567 eju‘s
510 1539 607 1560 norma
625 1537 763 1567 regantur.
781 1533 833 1559 Aut
853 1533 874 1559 si
899 1532 994 1560 volunt.
1007 1543 1029 1573 ρ

207 1579 307 1606 librum
327 1587 406 1606 suum
424 1579 488 1605 huic
503 1583 679 1613 anteponere,
698 1582 725 1605 et
742 1578 929 1605 adversarium
945 1578 992 1605 Dei

206 1624 355 1651 Abrahami
382 1624 497 1651 adorare
523 1633 531 1657 ;
554 1624 657 1659 pudore
689 1623 894 1657 sullundantur,
929 1624 992 1659 quia

207 1671 317 1697 nomine
341 1675 420 1697 tenus
446 1670 501 1698 Deo
527 1670 675 1697 Abrahami
706 1670 918 1706 gloriantur;et
947 1678 992 1698 res

206 1721 287 1751 atque
311 1716 467 1751 Scripturas
497 1717 713 1744 inconciliahiles
732 1716 834 1744 frustra
864 1717 990 1752 proferre

206 1762 414 1789 conrineantur.
440 1760 563 1796 Namque
579 1769 593 1788 a
609 1762 733 1789 demente
757 1761 827 1792 nihil
849 1761 950 1793 dill'ert,
969 1763 991 1790 is

205 1809 252 1844 qui
268 1809 333 1836 dicit
345 1808 514 1836 Pharaonem
528 1814 555 1836 et
569 1808 721 1844 Augustum
735 1808 829 1835 eadem
852 1812 931 1835 :rtate
947 1815 989 1835 re-

205 1863 312 1892 gnasse.
325 1854 381 1883 "oc
392 1855 463 1882 enim
476 1855 632 1883 necessario
646 1855 833 1890 consequitur,
849 1855 870 1881 si
887 1854 990 1890 Moysis

204 1909 282 1929 soror
299 1901 436 1929 Christum
460 1901 584 1936 peperit:
599 1901 635 1928 ita
652 1905 682 1927 ut
695 1900 822 1928 Christus
846 1900 888 1928 bis
914 1901 989 1928 mille

202 1956 290 1976 annos
310 1954 402 1979 natus,
431 1948 561 1975 lali'cum
582 1947 659 1975 senio
680 1952 743 1974 ante
767 1947 882 1974 Pilatum
906 1954 990 1982 appa-

201 1995 286 2023 ruerit
303 1999 352 2029 ;ct
367 1995 449 2022 Maria
467 1995 578 2022 totidem
597 2000 643 2022 aut
667 1994 748 2042 etiam
772 1994 864 2029 plures
890 1993 989 2021 vixerit

202 2048 300 2070 annos.

199 2139 294 2168 XXVI.
318 2140 394 2173 Quod
414 2139 488 2166 nulla
506 2140 539 2166 sit
559 2138 665 2166 utilitas
676 2137 804 2174 Agarcuis
822 2146 848 2165 se
873 2136 988 2164 circum-

235 2176 394 2204 ridentibus.
418 2176 526 2210 ideoque
541 2175 696 2207 pulantibtu
711 2174 786 2200 deum
799 2181 876 2210 suum
893 2174 987 2200 habere

1094 431 1144 465 ἥδ’.
1161 432 1310 468 Τοιγαροῦν
1325 433 1380 460 ἀπό
1400 441 1430 460 τε
1447 434 1496 470 τῆς
1512 434 1583 462 κατὰ
1600 435 1712 471 Γραφὴν
1723 431 1843 469 διανοίας

1059 475 1138 511 ξένης
1150 477 1197 503 καὶ
1212 477 1355 512 ἀλλοτρίας
1370 478 1556 514 τυγχανούσης
1567 479 1617 514 τῆς
1635 480 1774 516 ὲπαράτου
1795 482 1844 508 αὺ-

1057 522 1112 548 τῶν
1128 521 1218 557 βίϐλου
1239 523 1306 558 πρὸς
1323 523 1373 558 τὴν
1387 523 1462 550 θείαν
1476 522 1604 559 Γραφὴν,
1622 525 1677 551 ἀπό
1691 534 1720 551 τε
1733 525 1780 553 τοῦ
1797 526 1843 553 τὸν

1057 567 1124 594 Θεὸν
1140 567 1191 602 τῆς
1209 567 1291 595 αὐτοῦ
1307 567 1441 604 διαθήκης
1465 568 1595 603 ἀναξίους
1621 570 1719 602 αὐτοὺς
1738 572 1841 606 κρῖναι,

1056 615 1174 642 συνιδεῖν
1188 616 1263 643 ἔστιν
1278 617 1318 643 ὅτι
1333 617 1380 643 τοῦ
1395 617 1542 651 οὐρανόθεν
1557 617 1686 650 πεσόντος
1699 619 1758 645 ἐστὶ
1781 618 1841 646 δαί-

1057 669 1137 695 μονος
1163 660 1181 695 ἡ
1206 660 1395 696 καμηλόθυτος
1424 661 1516 697 ἐκείνη
1533 662 1639 696 βίϐλος·
1657 663 1712 689 πᾶν
1728 664 1783 698 γὰρ
1811 663 1841 691 τὸ

1057 704 1315 740 ἀπηλλοτριοηιένον
1331 705 1409 737 Θεοῦ,
1430 705 1469 737 εἰς
1486 706 1535 740 τὴν
1547 706 1673 733 ἐναντίαν
1688 707 1734 734 καὶ
1746 707 1841 743 δαιμο-

1054 749 1136 786 νιώδη
1151 751 1328 786 περιίσταται
1344 751 1456 785 μοῖραν·
1467 751 1492 777 εί
1506 751 1560 786 γὰρ
1573 751 1620 778 τοῦ
1634 752 1701 779 Θεοῦ
1715 750 1783 780 εἶναι
1795 754 1841 780 τὸν

1061 795 1164 829 Ἰσαὰκ,
1182 795 1229 823 τοῦ
1253 796 1337 827 ὅντως
1355 797 1385 823 δὲ
1412 796 1480 824 Θεοῦ
1506 799 1620 832 σημεῖον
1643 799 1778 834 ἐμφανὲς,
1809 800 1840 827 τὸ

1055 841 1152 877 στῆσαι
1167 842 1249 869 αὑτὸν
1265 842 1333 877 πρὸς
1347 842 1422 878 αὺτῷ
1436 842 1486 878 τήν
1497 843 1580 870 αὑτοῦ
1597 843 1729 880 διαθήκην
1743 845 1840 881 (ιΣτή-

1053 897 1091 914 σω
1108 888 1173 923 γὰρ,
1190 889 1267 923 φησὶ,
1291 889 1340 923 τὴν
1364 888 1496 924 διαθήκην
1510 898 1561 924 μου
1575 890 1644 925 πρὸς
1659 890 1751 922 αὐτὸν,
1766 889 1837 918 εἶναι

1050 933 1133 961 αὑτοῦ
1148 933 1214 965 Θεὸς
1230 934 1276 961 καὶ
1292 934 1330 969 τῷ
1355 934 1493 970 σπέρματι
1521 935 1603 962 αὑτοῦ
1622 937 1680 970 μετ’
1694 936 1776 963 αὐτὸν
1790 946 1800 962 ι
1814 938 1835 972 ),

1050 979 1162 1014 σημεῖον
1177 978 1223 1005 τοῦ
1243 979 1280 1015 μὴ
1295 977 1366 1006 εἶναι
1394 979 1462 1007 Θεὸν
1489 980 1543 1007 τῶν
1564 981 1745 1017 Ἰσμαηλιτῶν
1774 982 1837 1010 κατ’

1048 1025 1195 1057 οίκείωσιν,
1214 1026 1238 1052 εἰ
1250 1026 1297 1052 καὶ
1316 1026 1354 1061 τῷ
1366 1026 1554 1063 δημιουργικῷ
1566 1028 1637 1064 λόγῳ
1649 1029 1748 1062 ἔνεστι,
1757 1029 1786 1056 τὸ
1799 1030 1837 1066 μὴ

1047 1070 1181 1106 ἠξιῶσθαι
1194 1072 1289 1106 στῆναι
1306 1072 1373 1107 πρὸς
1384 1072 1484 1104 αὐτοὺς
1494 1073 1543 1108 τὴν
1556 1073 1603 1100 τοῦ
1611 1073 1679 1100 Θεοῦ
1690 1075 1836 1110 διαθήκην.

1054 1116 1082 1143 '0
1098 1116 1220 1149 διάϐολος
1243 1116 1297 1154 ἄρα
1311 1116 1372 1149 θεδς
1387 1118 1487 1150 αὐτῶν,
1501 1119 1515 1144 ὁ
1532 1119 1578 1146 τοῦ
1588 1119 1656 1146 Θεοῦ
1668 1119 1836 1154 καταψευδό-

1048 1170 1146 1197 μενος·
1174 1163 1198 1189 εῑ
1213 1163 1260 1190 καὶ
1275 1163 1350 1199 φόϐῳ
1372 1163 1418 1190 τοῦ
1445 1164 1622 1192 ἐκπεσεῖσθαι
1650 1165 1696 1192 τοῦ
1713 1166 1837 1192 τοιούτου

1047 1208 1150 1236 σκοποῦ
1166 1209 1197 1235 τὺ
1209 1209 1306 1236 ἑαυτοῦ
1322 1209 1438 1246 δολερῶς
1461 1212 1660 1247 ἀποσιωπήσας
1675 1212 1770 1248 ὄνομα,
1790 1213 1836 1240 διὰ

1045 1256 1075 1282 τὺ
1089 1255 1139 1290 ήδη
1147 1255 1340 1289 διαϐεϐλῆσθαι
1354 1257 1430 1293 παρὰ
1442 1258 1551 1285 πάντων
1563 1258 1610 1285 ἀνθ
1616 1258 1715 1294 ρώπων
1728 1259 1776 1295 τὴν
1787 1259 1835 1286 τοῦ

1044 1300 1121 1332 ὄντος
1137 1300 1204 1328 Θεοῦ
1222 1303 1408 1338 προσηγορίαν
1436 1303 1636 1338 προϐάλλεται·
1669 1304 1784 1339 σύνηθες
1803 1305 1835 1331 δὲ

1044 1347 1083 1382 τῷ
1108 1346 1219 1382 πονηρῷ
1248 1347 1366 1383 τούτῳὴ
1386 1347 1497 1384 τοιαύτη
1513 1349 1632 1385 μεθοδία,
1657 1349 1688 1376 El
1709 1348 1755 1377 οὖν
1772 1350 1833 1376 θεον

1045 1394 1151 1420 ἑαυτῶν
1174 1394 1246 1429 ἔχειν
1278 1395 1324 1421 τὸν
1350 1394 1398 1421 τοῦ
1419 1395 1547 1431 Ἀϐραὰμ
1570 1396 1637 1422 Θεὸν
1656 1397 1681 1423 οἱ
1698 1396 1832 1432 βάρϐαροι

1044 1438 1214 1474 γλιχόμενοι,
1230 1439 1279 1475 τὴν
1293 1440 1424 1476 ἀθέμιτον
1447 1441 1555 1476 ἐκείνην
1572 1442 1619 1468 καὶ
1634 1442 1774 1477 ἀπατηλὴν
1791 1442 1832 1477 βί-

1045 1484 1118 1517 ϐλον,
1149 1486 1195 1512 καὶ
1223 1486 1271 1512 τὸν
1301 1485 1402 1521 ταύτην
1431 1487 1692 1522 σκαιογραφήσαντα
1719 1487 1833 1521 μάταιον

1045 1530 1187 1566 ἄνθρωπον
1216 1531 1442 1566 ἐξαρνείσθωσαν,
1460 1532 1507 1558 καὶ
1535 1533 1728 1567 στοιχείτωσαν
1761 1533 1829 1569 μόνῃ

1044 1578 1077 1612 τῇ
1094 1577 1154 1613 θείᾳ
1177 1578 1284 1612 Γραφῇ,
1309 1577 1355 1604 καὶ
1378 1577 1424 1604 ὑπ’
1447 1578 1532 1612 αὐτῆς
1560 1578 1829 1614 ποδηγείσθωσαν·ῆ

1043 1623 1152 1658 ἐκείνην
1166 1623 1267 1658 ταύτης
1291 1624 1499 1659 προκρίναντες,
1516 1625 1561 1652 τὺν
1579 1625 1766 1660 ἀντικείμενον
1782 1626 1832 1652 τοῦ

1043 1669 1112 1696 Θςοῦ
1135 1670 1182 1696 τοῦ
1202 1670 1327 1705 Ἀϐραὰμ
1352 1670 1583 1704 προσκυνοῦντες,
1602 1672 1830 1705 ὲγκαλυπτέσθω»

1044 1722 1105 1747 σαν,
1119 1715 1155 1747 ὡς
1168 1715 1238 1750 ψιλῷ
1251 1715 1289 1751 τῷ
1305 1716 1350 1742 τοῦ
1360 1716 1489 1751 Ἀϐραὰμ
1501 1716 1613 1752 ὀνόματι
1631 1717 1710 1752 μόνον
1725 1717 1830 1744 καλλω-

1042 1761 1184 1796 πιζόμενοι
1205 1761 1251 1788 καὶ
1263 1762 1436 1797 ἀκατάλληλα
1451 1763 1508 1794 τοῖς
1516 1763 1659 1798 πράγμασι
1673 1763 1718 1790 καὶ
1736 1763 1828 1798 γράμ-

1044 1817 1111 1844 μασι
1131 1809 1360 1843 κενοφωνοῦντες,
1378 1809 1630 1845 ὲξελεγχέσοωσαν·
1664 1812 1828 1846 μαινομένου

1041 1855 1096 1891 γὰρ
1112 1855 1188 1883 οὐδὲν
1202 1855 1354 1890 διενήνοχεν
1366 1856 1380 1881 ὁ
1395 1856 1482 1890 λέγων
1494 1856 1539 1882 τὸν
1551 1857 1651 1892 Φαραὼ
1664 1857 1710 1883 καὶ
1722 1857 1828 1891 Αὔγου-

1042 1909 1103 1927 στον
1115 1901 1187 1928 κατὰ
1199 1901 1297 1928 ταυτὸν
1320 1902 1532 1937 συμϐασιλεύειν
1549 1903 1653 1938 χρόνον.
1668 1903 1754 1929 Τοῦτο
1772 1904 1828 1939 γάρ

1040 1947 1154 1975 ἔπεσθαι
1182 1948 1290 1984 ἀνάγκη
1320 1948 1369 1983 τῆς
1396 1948 1515 1984 ἀδελφῆς
1548 1950 1686 1981 Μωῡσέως
1709 1950 1828 1985 Χριστὸν

1041 1992 1158 2026 κυούσης
1168 2000 1175 2007 ·
1189 1992 1205 2028 ἥ
1223 1993 1339 2028 Χριστὸν
1366 1993 1436 2028 μετὰ
1450 1993 1586 2028 δισχιλίων
1600 1994 1669 2020 ὲτὼν
1685 1994 1828 2028 περιόδους

1039 2037 1155 2072 γέροντα
1174 2036 1290 2072 ὀφθῆναι
1303 2037 1342 2072 τῷ
1356 2037 1465 2073 Πιλάτῳ
1475 2037 1509 2073 ·ἢ
1523 2037 1572 2074 τὴν
1588 2038 1697 2074 Μαρίαν
1709 2038 1827 2066 τοσαῦτα

1038 2082 1200 2118 περιϐιῶναι
1215 2083 1232 2118 ἢ
1246 2083 1280 2109 τὰ
1296 2083 1408 2111 πλείονα
1421 2083 1480 2119 ἐτη.

1038 2137 1112 2172 και.
1132 2138 1199 2174 Ὅτι
1209 2137 1334 2172 οὐδεμία
1350 2138 1457 2172 ὄνησις
1469 2137 1530 2172 τοῖς
1553 2138 1727 2174 Ἀγαρηνοῖς
1749 2148 1824 2173 περ(-

1073 2172 1276 2207 τεμνομέγοις,
1296 2174 1344 2200 καὶ
1366 2173 1414 2200 διὰ
1444 2174 1532 2200 τοῦτο
1548 2172 1695 2207 οιόμένοις
1709 2172 1826 2202 ἑαυτῶν

233 2211 378 2238 Abraham
389 2208 488 2241 Deumj
506 2215 533 2236 ut
548 2210 607 2236 hinc
616 2210 793 2236 demonstrent
803 2209 984 2242 vereipsorum

1072 2209 1141 2235 θεὸν
1170 2208 1253 2241 ἔχειν
1276 2209 1330 2235 τὸν
1345 2208 1398 2235 τοῦ
1419 2209 1546 2243 Ἀϐραὰμ
1575 2210 1659 2240 Θεὸν,
1685 2210 1760 2243 πρὸς
1791 2210 1825 2236 τὸ

234 2247 327 2278 Deum,
339 2254 394 2273 esse
409 2245 492 2272 Deum
501 2245 658 2272 Abraliami.

233 2291 365 2320 llerilium
379 2297 575 2327 praeceptorum
590 2292 643 2318 alia
662 2291 695 2318 ad
708 2291 849 2318 utilitatem
861 2290 985 2317 subdito-

197 2338 258 2366 runi
272 2338 434 2370 redundant,
451 2338 473 2365 si
488 2338 666 2365 observentur
681 2346 688 2369 ;
704 2337 755 2364 alia
771 2337 838 2364 hero
852 2341 983 2372 prosunt;

196 2385 249 2412 alia
259 2385 393 2420 utrisque.
403 2385 535 2412 Similiter
543 2389 570 2411 et
580 2384 780 2415 inobedientize,
788 2383 847 2410 alia:
856 2383 983 2415 subditis,

195 2431 256 2458 alia:
277 2430 414 2461 dominis,
430 2430 490 2457 alia:
507 2430 629 2463 utrisque
644 2428 839 2455 detrimentum
855 2427 982 2455 aderunt.

195 2477 306 2506 Cunctis
315 2484 380 2504 vero
388 2476 556 2511 exploratum
568 2479 620 2507 est,
630 2475 700 2510 quod
715 2474 738 2502 si
747 2475 807 2509 quis
819 2478 982 2509 praeceptum

194 2523 304 2559 aliquod
323 2522 427 2550 domini
447 2521 599 2552 violaverit,
621 2528 704 2556 seque
721 2521 821 2548 suimet
841 2520 982 2547 dominum

161 2584 164 2586 ·
194 2570 377 2602 constituerit,
389 2569 478 2596 adhuc
491 2572 580 2596 tamen
589 2575 664 2603 spem
679 2567 778 2595 retinet
789 2565 822 2593 ad
838 2565 981 2600 pristinam

193 2616 405 2644 benevolentiam
413 2614 552 2643 dominum
562 2622 642 2642 suum
651 2613 784 2641 flectendi.
793 2611 981 2639 Verumtamen

193 2662 216 2690 si
233 2662 317 2689 alium
327 2662 439 2689 omnino
455 2660 595 2688 dominum
605 2660 656 2688 sibi
672 2658 811 2692 aseiverit,
825 2657 982 2685 intolerabi-

193 2708 244 2735 lem
266 2708 317 2735 sibi
345 2707 448 2735 domini
469 2707 511 2735 sui
538 2707 606 2734 iram
625 2710 766 2742 provocat,
785 2705 892 2732 etiamsi
913 2704 982 2732 forte

192 2757 290 2781 cuneta
316 2753 390 2782 illitis
410 2753 537 2780 mandata
555 2753 698 2788 diligenter
721 2752 863 2787 peregerit.
887 2751 982 2785 Neque

192 2802 334 2832 tantopere
349 2806 446 2826 servus
461 2799 505 2826 ille
520 2799 659 2833 proprium
675 2806 704 2826 se
718 2796 822 2825 domini
840 2796 912 2825 illius
932 2796 981 2824 de-

191 2848 344 2878 monstrat,
360 2846 457 2880 placita
475 2846 595 2881 ejusdem
610 2844 795 2879 exsequendo,
813 2849 980 2879 quantopere

192 2889 310 2917 alienum
334 2899 363 2918 se
382 2891 480 2918 abillo
500 2891 630 2925 declarat,
653 2892 734 2919 alium
763 2889 814 2919 sibi
838 2890 978 2918 dominum

1073 2243 1168 2275 δεῖξαι
1183 2243 1227 2270 ὅτι
1245 2243 1366 2277 ἀληθῶς
1380 2243 1479 2270 αὐτῶν
1494 2245 1510 2271 ὁ
1533 2245 1605 2277 Θεὸς
1620 2244 1672 2271 τοῦ
1686 2244 1823 2279 Ἀϐραάμ.

1071 2289 1122 2324 ιιιε’.
1143 2289 1204 2316 Τῶν
1220 2289 1389 2317 δεσποτικῶν
1409 2290 1629 2325 προσταγμάτων
1649 2290 1681 2317 τὰ
1708 2291 1757 2326 μὲν
1784 2291 1825 2322 είς

1035 2336 1098 2368 τοὺς
1119 2336 1256 2371 ὑπηκόους
1272 2336 1349 2371 φέρει
1365 2336 1395 2362 τὸ
1413 2337 1508 2371 κέρδος
1523 2337 1562 2363 ὅτ’
1584 2337 1618 2364 ἂν
1643 2337 1823 2371 φυλάττηται.

1035 2382 1069 2410 τὰ
1083 2382 1110 2408 δὲ
1124 2383 1164 2414 εἰς
1175 2382 1220 2409 τὸν
1234 2382 1378 2417 δεσπότην,
1394 2382 1430 2408 τὰ
1445 2382 1473 2409 δὲ
1486 2383 1530 2408 ἐπ’
1547 2383 1648 2418 ἀμφοῖν
1659 2390 1666 2398 '
1684 2383 1776 2418 ὥσπερ
1791 2383 1824 2418 δὴ

1035 2428 1083 2455 καὶ
1090 2427 1312 2463 ἀποκρουόμενα,
1325 2427 1359 2453 τὰ
1368 2428 1418 2463 μὲν
1425 2428 1465 2459 είς
1473 2429 1536 2459 τοὺς
1544 2429 1692 2463 ὑπηκόους,
1703 2429 1736 2454 τὰ
1744 2428 1772 2454 δὲ
1783 2429 1824 2460 εἰς

1034 2475 1097 2506 ’τοὺς
1111 2474 1253 2507 δεσπότας,
1265 2474 1299 2501 τὰ
1312 2475 1340 2501 δὲ
1356 2475 1403 2501 καὶ
1418 2475 1457 2506 είς
1471 2474 1644 2510 ἀμφοτέρους
1657 2475 1706 2510 τὴν
1720 2475 1824 2509 ζημίαν
1839 2506 1842 2513 Ι

1035 2521 1145 2555 ἐπάγει.
1159 2521 1264 2552 Πάντες
1280 2518 1326 2547 οὖν
1339 2520 1418 2547 τοῦτο
1434 2521 1534 2553 ἴσασιν,
1551 2521 1592 2547 ὃτι
1610 2520 1661 2547 κᾶν
1672 2521 1767 2547 ὁποίαν
1781 2529 1842 2564 ne;

1033 2566 1067 2594 ἂν
1093 2567 1136 2602 εἴη
1166 2566 1309 2601 ὴθετηκὼς
1330 2566 1377 2593 τοῦ
1392 2567 1522 2593 δεσπότου
1544 2566 1663 2602 ἐντολὴν,
1696 2565 1776 2592 αὑτὸν
1792 2565 1848 2598 δὲ’,

1033 2612 1130 2640 ἑαυτοῦ
1145 2613 1322 2649 ἐπιγράφοιτο
1342 2613 1455 2648 κύριον,
1483 2613 1539 2648 ἔχει
1564 2611 1642 2644 αὖθις
1667 2611 1761 2638 ἐλπίδα
1781 2612 1822 2642 εἰς

1033 2659 1082 2694 τὴν
1108 2658 1220 2694 πρώτην
1245 2657 1353 2686 εὖνοιαν
1375 2658 1581 2685 ἐπισπάσασθαι
1606 2658 1652 2684 τὸν
1668 2657 1820 2694 δεσπότηνο

1033 2705 1126 2740 ἕτερον
1142 2705 1170 2730 δὲ
1189 2703 1287 2731 ἑαυτοῦ
1302 2703 1396 2739 κύριον
1411 2705 1642 2740 ἐπιγραφόμενος,
1657 2704 1821 2731 ἀνύποιστον

1032 2751 1082 2786 τὴν
1100 2751 1186 2786 ὀργὴν
1203 2751 1262 2777 καθ’
1276 2751 1372 2777 ἑαυτοῦ
1385 2751 1434 2786 τὴν
1448 2751 1496 2777 τοῦ
1512 2751 1644 2778 δεσπότου
1661 2750 1818 2785 ἐφέλκεται,

1033 2796 1084 2824 κᾶν
1105 2797 1193 2828 πάσας
1217 2797 1266 2829 τὰς
1293 2796 1400 2829 ἐντολὰς
1424 2797 1506 2825 αὐτοῦ
1524 2798 1676 2829 σπουδαίως
1693 2797 1817 2832 ἐπιτελῇ·

1032 2843 1079 2870 καὶ
1093 2843 1122 2869 οὗ
1141 2842 1269 2869 τοσοῦτον
1282 2843 1296 2869 6
1309 2843 1418 2877 οἰκέτης
1435 2843 1540 2875 ἐκεῖνος
1558 2842 1698 2877 γνὼριμόν
1713 2851 1742 2868 τε
1754 2843 1820 2868 ἐαυ-

1032 2889 1077 2917 τὸν
1094 2888 1239 2923 καθίστησι
1251 2887 1297 2915 τοῦ
1315 2889 1412 2917 ἑαυτοῦ
1426 2890 1557 2917 δεσπότου
1571 2888 1665 2916 δοῦλον
1682 2886 1763 2922 εἶναι,
1783 2889 1818 2916 ὲκ
