2083 3155
169 195 224 228 793

756 190 974 222 REFUTATIO
990 189 1230 220 MOHAMEDIS.

1744 182 1798 216 ’194

172 250 220 278 τοῦ
236 248 270 277 τὰ
286 248 393 276 ἐκείνου
420 247 524 283 ἀρεστὰ
550 247 696 279 ἐπιτελεῖν,
722 247 784 273 ὅσον
816 246 958 281 ἀλλότριος

1018 242 1331 277 Isciscendo.Quodnam
1342 242 1414 270 enim
1430 241 1528 270 medici
1538 239 1657 269 famulus
1669 238 1799 267 indicium

137 328 139 331 _
170 295 359 329 ἀναφαίνεται,
376 295 408 320 ἐκ
424 293 472 320 τοῦ
488 292 582 329 ἕτερον
600 292 696 319 ἑαυτοῦ
715 292 895 319 εἰσποιεῖσθαι
914 291 958 317 δε-

173 342 287 376 σπότην.
298 342 376 367 Ποῖον
388 340 443 376 γὰρ
458 341 570 375 σημεῖον
586 338 696 374 οἰκέτης
712 339 805 374 ἰατροῦ
814 339 960 372 ἐπάγεται,

171 387 219 414 τοῦ
235 385 305 413 εἶναι
331 386 412 414 αὑτὸν
426 386 522 422 κύριον
545 385 591 412 νῦν
607 385 652 412 τὸν
669 384 778 421 ἰατρόν;
807 384 845 411 ὅτ’
868 383 901 410 ἂν
925 383 961 410 τὰ

173 432 223 468 μὲν
249 433 298 466 τῆς
319 432 418 467 τέχνης
445 432 535 463 καλῶς
553 431 683 465 γινώσκει
711 431 759 457 καὶ
784 430 900 466 πράττει
923 429 961 462 ὡς

171 474 268 502 ἑαυτοῦ
285 475 409 510 βούλεται
425 474 569 509 δεσπότης,
593 474 688 509 ἑτέρου
708 474 736 500 δὲ
759 473 890 500 δεσπότου
905 472 962 499 δοῦ-

171 522 218 548 λον
237 521 333 548 ἑαυτὸν
351 521 522 556 ὑπογράψας
546 521 622 547 οὐδὲν
642 521 696 555 γάρ
724 521 792 546 εἰσιν
811 519 906 556 ἓτερον
934 519 961 546 αἰ

172 567 265 594 λοιπαὶ
278 567 386 594 ἐντολαὶ
407 566 455 594 τοῦ
474 566 554 600 Θεοῦ,
570 567 657 602 ἀλλ’ἢ
679 566 770 594 αὐτῶν
787 566 894 602 ἰατρεία
915 566 963 593 καὶ

172 612 306 648 ὠφέλεια·
321 614 339 649 ἡ
355 613 382 640 δὲ
402 614 443 645 εἰς
459 613 526 640 Θεὸν
543 613 646 645 πίστις,
665 613 706 644 εἰς
718 612 800 639 αὑτὸν
815 612 865 647 τὴν
883 611 963 644 δόξαν

172 657 348 694 ἁποκομίζει,
363 658 545 694 βεϐαιούντων
558 658 686 693 ήμῶνότι
701 658 767 690 θεὸς
780 658 882 693 ἀληθής
893 659 962 691 ἐστι,

174 706 220 733 καὶ
244 705 286 732 ὅτι
307 706 324 741 ή
339 705 493 741 Δεσποτικὴ
511 705 602 740 σχέσις
622 705 804 737 ἀδιάσπαστος
826 705 964 740 συντηρεῖι

173 759 231 778 ται.
248 752 354 787 Ὥσπερ
369 749 416 778 οὖν
430 752 478 778 καὶ
489 752 517 778 αἰ
533 751 678 786 ἀθετήσεις
694 751 750 778 τῶν
772 751 873 778 λοιπῶν
888 752 964 778 ἐντο-

174 795 327 832 λῶν,ἡμῶν
345 797 395 833 μὲν
407 797 497 824 αὐτῶν
514 797 636 831 γίνονται
651 797 772 832 δλεθρος,
787 797 803 833 ὴ
815 798 844 823 δὲ
855 797 904 832 τῆς
915 797 964 824 αὺ-

174 842 222 869 τοῦ
235 843 394 875 δεσποτείας
403 843 572 879 παραγραφὴ
584 844 666 870 αὑτὸν
678 843 783 879 ὑϐρίζει
795 843 840 869 τὸν
851 843 962 878 Κύριον·

175 889 242 916 πότε
273 889 319 916 οὖν
345 889 532 925 σφοδροτέρους
565 890 626 916 καθ’
646 889 725 925 ἡμῶν
752 889 963 924 ὀργισθήσεται;

1011 290 1131 324 exhibet,
1154 298 1235 317 suum
1253 296 1314 321 esse
1332 288 1472 316 dominum
1490 288 1536 323 qui
1559 294 1632 315 nunc
1648 285 1771 314 medetur
1791 293 1799 316 ;

1008 330 1033 363 Isi
1049 340 1134 362 artem
1148 335 1255 369 quidem
1271 334 1338 362 bene
1351 338 1447 369 noscat
1460 338 1650 368 exercentque,
1663 335 1744 367 prout
1756 328 1800 358 sui

1011 380 1114 409 domini
1130 381 1255 408 voluntas
1270 383 1321 411 est,
1335 379 1422 406 nihilo
1434 383 1523 406 tamen
1540 377 1630 404 minus
1646 375 1759 403 alterius
1771 382 1802 402 se

1012 427 1114 456 domini
1138 434 1246 454 servum
1265 425 1373 452 faciat?
1391 424 1458 451 Nam
1485 424 1588 458 reliqua
1612 422 1658 449 Dei
1675 421 1802 448 mandata

1012 473 1080 500 nihil
1097 470 1169 500 aliud
1186 476 1259 503 sunt,
1269 479 1350 506 quam
1363 470 1504 497 hominum
1517 468 1623 496 medela
1637 471 1665 495 et
1680 466 1801 494 utilitas:

1014 519 1080 547 ﬁdes
1095 519 1121 546 in
1146 518 1231 545 Deum
1247 522 1349 550 tamen,
1369 516 1402 544 ad
1419 515 1501 550 hujus
1521 514 1635 550 gloriam
1657 512 1802 544 redundat,

1013 565 1210 594 afﬁrmantibus
1231 563 1323 595 nobis,
1341 563 1425 590 Deum
1444 568 1538 589 revera
1558 567 1629 594 esse,
1650 563 1676 587 et
1691 557 1804 586 relatio-

1014 619 1076 639 nem
1103 619 1164 640 cum
1181 609 1297 638 Domino
1318 617 1332 636 a
1354 608 1433 636 nobis
1450 607 1614 635 incolumem
1633 603 1802 633 conservari.

1016 658 1146 686 Similiter
1160 657 1329 691 reliquorum
1338 658 1535 689 praeceptorum
1548 651 1710 680 violationes
1724 649 1805 677 nobis

1015 704 1126 739 quidem
1148 702 1274 731 exitiales
1295 705 1370 734 sunt,
1388 701 1435 729 sed
1451 699 1536 728 divini
1558 697 1675 726 dominii
1694 696 1805 731 negatio

1015 750 1066 786 ipsi
1083 750 1197 777 Domino
1212 748 1407 776 contumeliam
1424 746 1496 774 facit.
1516 744 1697 778 Quandonam
1714 743 1806 777 itaque

1016 798 1125 833 gravius
1143 797 1220 825 nobis
1235 797 1370 824 irascetur
1385 794 1458 822 Deus
1470 794 1481 821 ?
1492 793 1595 828 Nempe
1608 800 1670 820 cum
1686 791 1709 819 is
1725 798 1739 818 a
1754 797 1806 817 no-

1016 844 1058 872 bis
1080 844 1234 878 negabitur,
1250 847 1280 870 ut
1297 849 1393 869 omnes
1408 841 1506 868 sciunt.
1525 839 1601 866 Hane
1613 845 1686 865 nunc
1702 837 1735 864 de
1751 835 1806 863 Deo

1016 889 1167 917 doctrinam
1190 888 1263 916 circa
1282 887 1467 915 Abrahamum
1489 892 1521 912 ac
1538 883 1724 911 Mohamedem
1744 888 1806 916 per.-

175 935 365 970 ἀθετοῦμενος,
381 933 470 970 οἶμαι,
484 935 498 962 ὃ
515 935 617 966 πάντες
632 935 719 962 ἴσασι.
744 935 844 961 Τοῦτον
857 934 905 961 οὖν
919 934 965 960 τὸν

1019 939 1176 963 tractemus.
1203 934 1276 961 Dixit
1293 933 1364 960 Deus
1389 932 1544 959 Abrahamo
1561 939 1568 958 :
1586 939 1595 956 ι
1613 928 1808 957 Circumcidite

174 979 253 1015 λόγον
268 981 314 1008 ὲπί
329 990 358 1008 τε
382 981 510 1017 Ἀϐραὰμ
539 982 587 1008 καὶ
602 982 723 1016 Μωάμετ
749 981 814 1016 περί
828 980 894 1007 Θεοῦ
915 989 964 1014 γυ-

177 1028 328 1062 μνάσομεν.
339 1025 423 1055 Εἶπεν
439 1029 453 1055 ό
464 1028 531 1060 Θεὸς
543 1027 581 1062 τῷ
589 1027 715 1063 Ἁϐραάμ
723 1036 730 1043 ·
748 1036 757 1053 ι
768 1026 964 1063 Περιτεμεῖσθε

174 1072 225 1109 τὴν
238 1074 425 1109 ἀκροϐυστίαν
445 1075 495 1109 τῆς
513 1074 615 1109 σαρκὸς
631 1073 726 1108 ὑμῶν·
746 1083 756 1098 ι
786 1074 859 1099 ποιεῖ
887 1072 966 1098 τοῦτο

176 1121 222 1146 καὶ
233 1120 368 1156 Μωάμετ,
390 1118 475 1147 Εἶπεν
496 1121 510 1147 ό
535 1120 601 1151 Θεὸς
623 1120 661 1155 τῷ
678 1119 817 1154 Ἀϐραάμ·
838 1128 847 1144 ι
866 1118 903 1145 υὺ
919 1118 967 1144 λα-

175 1165 302 1201 τρεύσεις
319 1166 380 1202 Θεῷ
397 1166 493 1201 ἑτέρῳ,
513 1165 583 1201 πλὴν
598 1164 701 1200 Κυρίου
724 1164 770 1190 τοῦ
791 1163 859 1190 Θεοῦ
878 1171 938 1189 σου·
954 1173 963 1189 ι

175 1211 256 1238 τοῦτο
269 1211 382 1247 ποιῆσαι
397 1212 522 1246 Μωάμετ
535 1211 585 1238 οὐκ
596 1211 722 1245 ἀνέχεται
733 1218 740 1225 ·
753 1210 901 1244 προσκυνεῖ
912 1209 966 1244 γὰρ

176 1258 216 1293 τῷ
225 1258 338 1293 Χουὸἀρ
353 1257 454 1293 εἰδώλῳ
468 1258 525 1284 δντι
543 1257 719 1292 ἀρχαιοτάτῳ
735 1256 800 1291 περί
811 1256 859 1290 τὴν
871 1255 966 1291 Ἐθρι-

177 1304 224 1331 σον
238 1304 352 1339 ἔρημον,
372 1305 419 1331 καὶ
438 1303 478 1338 τῷ
500 1303 602 1337 Μάκαχ
617 1322 624 1335 ,
642 1303 711 1337 ὅπερ
727 1302 810 1336 φασὶν
824 1302 864 1332 εἰς
881 1300 967 1327 τύπον

175 1350 227 1385 τῆς
248 1350 409 1386 Ἀφροδίτης
424 1349 625 1385 διαγεγράφθαι
641 1348 716 1383 (97).
741 1348 779 1374 Οὐ
795 1347 905 1374 δύναται
921 1346 967 1373 οὖν

176 1397 243 1423 Θεδν
257 1395 355 1423 ἑαυτοῦ
372 1396 444 1432 ἔχειν
463 1397 477 1423 δ
492 1396 615 1431 Μωάμετ
636 1394 680 1422 τὸν
697 1394 764 1420 Θεὸν
788 1393 926 1429 ’Δὸραὰμ,
942 1393 967 1419 εἰ

177 1441 227 1468 καὶ
238 1440 373 1476 σύμϐολον
396 1441 507 1476 ἐντολῆς
522 1439 606 1468 αὐτοῦ
623 1441 673 1475 τὴν
690 1438 843 1474 περιτομὴν
865 1439 968 1472 ἐπάγε-

176 1494 235 1520 ται,
250 1487 294 1514 διὰ
308 1486 338 1514 τὸ
350 1487 390 1519 εἰς
402 1487 494 1521 ἕτερον
506 1486 602 1513 ἑαυτὸν
617 1486 778 1521 μεθιστάναι
790 1484 856 1511 Θεόν
867 1493 873 1500 υ
886 1483 968 1515 αὐτὸς

176 1533 232 1569 γὰρ
246 1534 373 1569 εἰρήκει·
394 1543 404 1559 ι
424 1533 497 1568 Πλὴν
514 1533 616 1568 Κυρίου
628 1532 675 1559 τοῦ
693 1531 761 1558 Θεοῦ
774 1539 822 1557 σου
833 1538 840 1546 ’
856 1540 865 1556 ›
880 1531 897 1566 ἡ
913 1530 968 1565 γὰρ

176 1580 271 1612 ἁπλῶς
285 1581 431 1617 περιτομὴ,
450 1581 550 1616 σαρκὸς
570 1580 638 1615 μόνη
662 1580 736 1606 ἐστὶν
760 1579 905 1614 ἀφαίρεσις
920 1577 966 1604 τοῦ
980 1589 1002 1618 c

177 1627 422 1662 περιτεμνομένου,
450 1626 508 1653 ἀλλ’
523 1626 573 1652 οὐκ
588 1625 725 1658 ἀπόδειξις
752 1625 802 1660 τῆς
823 1624 893 1651 κατά
916 1623 965 1658 τὴν

176 1668 300 1696 δουλείαν
321 1671 368 1697 καὶ
392 1670 552 1697 δεσποτείαν
574 1670 711 1704 σχέσεως·
734 1669 829 1704 ὥσπερ
849 1668 910 1696 οὐδὲ
937 1668 967 1695 τὺ

176 1716 329 1751 κεχρῆσθαι
340 1716 386 1743 τὸν
403 1717 435 1743 ὲκ
453 1715 501 1743 τοῦ
525 1716 617 1751 ἰατροῦ
635 1715 838 1750 δραπετεύοντα
857 1714 968 1749 οἰκέτην

176 1762 211 1789 τά
227 1762 277 1798 τῆς
293 1763 431 1798 ἰατρικῆς,
453 1763 492 1794 εἰς
505 1762 599 1798 ἓτερον
618 1762 852 1797 ἀνακεχωρηκότα
866 1760 965 1787 δεσπό-

176 1814 238 1842 την,
253 1807 300 1834 τοῦ
323 1805 393 1834 εἷναι
418 1807 500 1834 αὺτὸν
516 1807 562 1834 τοῦ
585 1807 678 1842 ἰατροῦ
693 1807 803 1841 οἰκέτην
828 1805 966 1837 ἀπόδειξις

176 1849 230 1885 ἦν·
256 1852 345 1888 μάτην
360 1853 415 1888 ἄρα
430 1852 491 1880 θεὸν
507 1852 597 1880 αὐτῶν
616 1852 764 1888 Ἀγαρηνοὶ
787 1851 895 1886 λέγουσι
920 1851 966 1877 τὸν

177 1900 244 1927 Θεὸν
257 1887 309 1928 τοῦ
325 1887 467 1936 Ἁϐραάμ·
487 1901 625 1936 ἐφάνησαν
648 1900 702 1935 γὰρ
726 1899 897 1934 ψευδόμενοι.
924 1898 957 1926 Εἰ
976 1897 1030 1933 γὰρ
1051 1897 1099 1924 καὶ
1112 1894 1146 1932 ἦν
1168 1895 1259 1922 αὐτῶν
1282 1902 1347 1921 ποτε
1371 1893 1449 1925 θεὸς,
1487 1891 1555 1918 ἀλλὰ
1580 1889 1627 1916 νῦν
1662 1887 1731 1924 μετά
1764 1887 1812 1914 τοῦ
1863 1918 1869 1926 κ

175 1949 287 1985 Χουὸὰρ
301 1949 349 1976 καὶ
365 1949 413 1976 τοῦ
424 1949 559 1984 Μωάμετ,
577 1949 627 1975 οὐκ
640 1948 714 1975 ἔστιν
726 1948 815 1975 αὐτῶν
822 1947 899 1980 θεός.

369 1997 434 2026 ΚΖ’.
457 1998 552 2025 Ἀλλο
568 1999 611 2030 εἰς
628 1997 661 2024 τὸ
676 1998 761 2025 αὐτό.

212 2043 270 2079 Ιιις’.
293 2045 351 2072 Πᾶν
375 2044 406 2071 τὸ
430 2044 460 2071 ὃν
484 2034 604 2079 amomi,
631 2043 661 2075 ἐξ
684 2043 817 2078 ὀνόματος
843 2043 900 2077 ἆμα
921 2041 968 2069 καί

176 2091 340 2127 πράγματος
355 2090 537 2126 γνωρίζεται·
553 2089 616 2116 εἰδὲ
632 2089 763 2124 διαιροῖτο
783 2089 824 2120 εἰς
848 2088 905 2120 δύο,
928 2088 969 2120 εἵς

175 2144 207 2162 τε
221 2135 307 2170 ὖνομα
318 2135 409 2171 μόνον,
436 2134 483 2162 καὶ
498 2135 614 2170 πρᾶγμα
632 2135 722 2169 μόνον,
737 2133 836 2168 πλανᾷ.
862 2134 968 2168 Ὀνομα

176 2180 205 2208 δὲ
220 2181 300 2216 μόνον
321 2180 397 2207 καλῶ
416 2180 446 2207 τὸ
466 2180 570 2215 ἔρημον
591 2179 638 2206 τοῦ
654 2180 755 2206 οἰκείου
776 2179 884 2214 ἀληθῶς
897 2179 968 2215 πρά-

176 2235 299 2262 γματος·
322 2227 439 2262 πρᾶγμα
460 2227 488 2253 δὲ
511 2226 590 2261 μόνον
608 2226 637 2252 τὺ
670 2226 774 2261 ἔρημον
798 2226 845 2252 τοῦ
867 2226 968 2252 οἰκείου

178 2274 289 2310 ἀληθῶς
304 2273 448 2308 ὀνόματος,
460 2273 517 2300 ἀλλ’
531 2273 582 2299 οὐκ
594 2272 752 2307 ἀνώνυμον·
762 2271 791 2304 ἐξ
803 2273 904 2307 ἀμφοῖν
918 2271 968 2306 μὲν

1017 982 1178 1016 ρῑσιριιιὶυηι
1190 979 1282 1007 carnis
1291 982 1404 1006 vestrze:
1419 986 1427 1003 ι
1443 977 1495 1003 hoc
1503 975 1567 1002 facit
1576 974 1658 1002 etiam
1668 973 1808 1000 Mahame-

1016 1027 1074 1054 des.
1095 1025 1168 1052 Dixit
1189 1024 1259 1052 Deus
1273 1024 1449 1051 Ahrahamo:
1471 1031 1480 1048 ι
1495 1020 1555 1048 Νοη
1579 1019 1705 1047 adorabis
1721 1017 1807 1044 Deum

1016 1076 1114 1107 praeter
1125 1071 1271 1098 Dominum
1285 1075 1360 1097 tuum
1374 1077 1380 1095 :
1393 1078 1402 1094 ι
1419 1069 1471 1095 hoc
1486 1074 1565 1102 agere
1575 1063 1746 1093 Mohamedes
1754 1070 1808 1090 non

1016 1118 1137 1153 patitur;
1153 1117 1250 1145 adorat
1263 1115 1336 1143 enim
1349 1115 1450 1142 idolum
1464 1113 1575 1141 Cliubar
1585 1110 1808 1145 antiquissimum

1017 1164 1044 1190 in
1059 1163 1168 1190 deserto
1183 1161 1297 1188 Ethribo
1313 1169 1320 1193 ;
1340 1160 1459 1194 itemque
1475 1157 1597 1189 Macach,
1614 1155 1686 1190 quod
1704 1154 1738 1181 ad
1753 1153 1807 1180 Ve-

1016 1208 1091 1236 neris
1101 1208 1213 1243 ﬁguram
1228 1206 1397 1233 elabomtum
1410 1205 1496 1231 aiunt.
1511 1203 1609 1237 Nequit
1619 1202 1710 1235 itaque
1721 1199 1806 1226 Deum

1017 1262 1097 1283 suum
1113 1254 1213 1281 habere
1230 1251 1404 1280 Mohamedes
1423 1249 1570 1277 Abrahami
1588 1249 1683 1279 Deum,
1699 1245 1806 1274 etiamsi

1018 1300 1171 1336 symbolum
1201 1298 1322 1326 mandati
1351 1298 1410 1332 ejus
1441 1295 1679 1323 circumcisioncm
1708 1292 1777 1327 gerit
1799 1312 1809 1325 ,

1017 1344 1238 1380 quandoquidem
1262 1343 1295 1370 ad
1322 1343 1405 1369 alium
1433 1349 1462 1369 se
1486 1340 1569 1367 Drum
1589 1338 1736 1366 transtulit.
1762 1336 1810 1363 Ille

1018 1395 1108 1418 autem
1128 1391 1250 1425 jusserat
1265 1399 1271 1416 :
1297 1398 1305 1413 ι
1323 1387 1432 1415 Nullum
1448 1390 1545 1421 praeter
1562 1384 1707 1411 Dominum
1724 1383 1809 1409 Deum

1018 1440 1095 1467 tuum
1109 1436 1192 1463 coles.
1212 1444 1221 1460 ι
1236 1433 1304 1461 Nam
1319 1433 1433 1467 simplex
1450 1431 1634 1462 circumcisio,
1648 1428 1738 1456 carnis
1749 1427 1811 1462 qui-

1018 1483 1079 1510 dem
1095 1486 1135 1509 est
1152 1481 1252 1509 ablatio
1270 1480 1329 1515 ejus
1343 1480 1390 1514 qui
1404 1477 1626 1509 circumciditur,
1644 1483 1698 1502 non
1719 1478 1809 1501 tamen

1018 1528 1217 1556 demonstratio
1240 1527 1311 1554 inter
1326 1525 1485 1553 servitutem
1501 1529 1527 1551 et
1548 1522 1718 1550 dominatum
1737 1520 1810 1546 rela-

1019 1574 1102 1602 tionis
1116 1582 1122 1600 :
1147 1573 1218 1601 sicut
1231 1572 1322 1605 etiam,
1339 1578 1394 1598 non
1416 1570 1476 1597 ideo
1490 1569 1554 1604 quia
1569 1574 1664 1595 servus
1678 1565 1809 1600 fugitiuus

1020 1620 1124 1648 domini
1152 1620 1194 1647 sui
1224 1618 1321 1646 medici
1349 1622 1434 1645 artem
1455 1621 1573 1647 exercet,
1595 1621 1657 1640 cum
1676 1612 1709 1639 ad
1725 1611 1809 1638 alium

1020 1664 1173 1700 cunfugerit
1185 1664 1338 1696 dominum,
1353 1670 1407 1689 non
1420 1661 1490 1693 ideo,
1506 1661 1628 1694 inquam,
1640 1657 1811 1684 demonstrat

1021 1719 1050 1740 se
1072 1711 1170 1739 medici
1189 1717 1250 1737 esse
1271 1709 1414 1736 famulum.
1440 1707 1553 1734 Temere
1578 1705 1669 1738 itaque
1692 1701 1811 1737 Agareni

1022 1759 1104 1786 deum
1122 1765 1202 1785 suum
1219 1757 1313 1784 dicunt
1331 1754 1480 1782 Abrahami
1504 1753 1600 1779 Deum.
1618 1750 1685 1777 Nam
1702 1747 1811 1776 etiamsi

1016 1804 1083 1832 olim
1099 1803 1170 1830 forte
1185 1802 1277 1834 fuerit,
1294 1809 1366 1828 nunc
1377 1805 1450 1827 certe
1463 1806 1525 1826 cum
1538 1797 1666 1825 Chubare
1678 1800 1705 1823 et
1718 1794 1811 1821 Multa-

1021 1849 1110 1881 mede,
1126 1849 1193 1876 deus
1207 1848 1330 1883 ipsorum
1345 1854 1399 1873 non
1415 1850 1467 1873 est.

1193 1988 1302 2017 XXVII.
1319 1988 1356 2014 De
1369 1986 1458 2014 eodem
1479 1986 1644 2019 argumento.

1057 2038 1102 2067 96.
1128 2039 1214 2064 Omne
1235 2035 1310 2070 quod
1331 2042 1394 2061 vere
1413 2031 1531 2064 exsistit,
1549 2038 1583 2057 ex
1601 2027 1713 2056 nomine
1730 2025 1813 2054 simul

1022 2090 1050 2114 et
1062 2093 1094 2113 ex
1109 2092 1137 2112 re
1157 2082 1342 2118 cognoscitur.
1366 2080 1393 2107 Si
1421 2083 1511 2106 autem
1536 2077 1562 2104 in
1588 2076 1643 2103 duo
1665 2074 1812 2105 dividatur,

1024 2139 1120 2166 nempe
1135 2131 1161 2158 in
1178 2136 1276 2156 nomen
1292 2127 1379 2155 solum
1396 2131 1509 2160 remque
1523 2123 1619 2155 solam,
1635 2121 1746 2155 decipit.
1760 2118 1813 2146 No-

1023 2185 1085 2204 men
1107 2176 1195 2204 solum
1221 2178 1311 2201 autem
1333 2172 1451 2207 appello,
1469 2169 1542 2204 quod
1567 2167 1677 2204 propria
1703 2173 1764 2192 vere
1784 2171 1813 2191 re

1021 2228 1097 2252 caret
1109 2232 1115 2250 :
1133 2222 1308 2256 vicissimque
1321 2220 1406 2247 solam
1421 2225 1490 2250 rem,
1503 2224 1564 2251 qua:
1577 2223 1628 2242 suo
1639 2220 1704 2240 vero
1720 2211 1794 2239 nomi
1803 2225 1810 2230 -

1022 2278 1057 2298 ne
1070 2274 1155 2300 caret,
1172 2269 1219 2296 sed
1237 2272 1327 2294 tamen
1344 2273 1397 2292 non
1411 2269 1453 2292 est
1468 2269 1613 2297 anonyma.
1630 2260 1668 2287 Ex
1679 2258 1813 2286 ambobus

176 2321 224 2349 οὖν
237 2321 337 2355 γνῶσις
344 2320 451 2356 ἀληθὴς
465 2319 634 2351 συνίσταται,
648 2320 680 2346 ὲκ
692 2319 720 2346 δὲ
733 2319 848 2354 θατέρου
864 2318 966 2353 ἀπάτη·

1022 2324 1087 2344 vera
1100 2315 1221 2350 cognitio
1236 2312 1380 2341 conﬁcitur
1396 2320 1403 2343 ;
1419 2318 1451 2338 ex
1471 2310 1602 2336 alterutro
1618 2311 1708 2333 autem
1723 2311 1812 2331 error.

177 2369 225 2395 καὶ
237 2368 317 2395 τοῦτὸ
331 2369 389 2395 ἐστι
406 2367 436 2394 τὸ
459 2367 553 2394 ποιοῦν
571 2367 693 2402 ὁμονοεῖν
711 2374 742 2392 τε
754 2366 803 2393 καί
818 2365 968 2400 ἀλλοτρίως

176 2415 249 2450 ἔχειν
265 2414 329 2450 περί
345 2423 370 2441 τι
389 2415 457 2449 πρὸς
476 2413 591 2445 ἑαυτοὺς
606 2413 669 2444 τοὺς
691 2412 867 2447 ἀνθρώπους·
889 2411 968 2446 διττὴ

176 2462 204 2489 δὲ
219 2461 266 2489 τοῦ
280 2462 363 2498 μόνου
376 2461 508 2496 ὀνόματος
521 2461 649 2496 ὴὰπάτη,
663 2460 701 2487 ὅτ’
714 2460 747 2486 ἂν
757 2460 842 2495 μηδὲν
856 2459 968 2495 μηδαμῆ

178 2508 310 2544 σημαίνῃ,
327 2507 374 2534 καὶ
387 2508 426 2534 ὅτ’
443 2507 476 2534 ἂν
493 2507 540 2533 τοῦ
558 2507 660 2533 οἰκείου
677 2505 825 2541 ἀφαιρεθὲν
836 2505 968 2541 πράγμα-

177 2562 223 2585 τος
236 2553 398 2589 προσκέοιτο
411 2553 450 2589 τῷ
463 2553 619 2580 ἁπεοικότι·
629 2552 658 2579 τὸ
667 2553 695 2579 δὲ
708 2553 840 2587 σημαῖνον
853 2551 968 2586 διάφορα

176 2599 278 2635 ἀληθῆ,
291 2601 391 2626 οἰκεῖον
406 2599 439 2626 ἂν
455 2599 571 2626 ἑκάστου
587 2599 634 2625 καὶ
649 2598 717 2633 ὁμοῦ
740 2597 848 2625 καλοῖτο
863 2597 948 2632 ὄνομα
959 2604 966 2611 ·

178 2646 298 2681 πρᾶγμα
321 2645 349 2672 δὲ
363 2645 463 2681 ἀληθὲς
483 2644 542 2671 ἐστι
559 2645 606 2672 καὶ
627 2640 800 2678 ὀνομάζεται,
819 2643 850 2669 τὸ
861 2642 915 2669 τῶν
930 2643 969 2669 οἰ-

179 2692 263 2719 κείων
273 2692 323 2726 τῆς
338 2692 433 2722 οὐσίας
446 2691 577 2722 ἀνενδεῶς
596 2690 644 2717 καὶ
656 2689 810 2724 ἀπερίττως
821 2688 908 2720 σῶζον
923 2687 968 2714 λό-

178 2748 227 2773 γον
237 2748 244 2754 ·
257 2739 344 2775 δνομα
356 2739 384 2766 δὲ
397 2739 509 2774 ἀληθὲς,
527 2740 596 2774 ὅπερ
622 2739 636 2764 δ
652 2737 698 2764 τοῦ
715 2737 877 2773 πράγματος
890 2736 970 2770 λόγος

179 2785 323 2822 σημαίνειν
339 2785 473 2820 βούλεται.
483 2785 552 2812 Οὔτε
567 2785 613 2812 οὖν
626 2785 656 2811 τὸ
671 2785 786 2820 πρᾶγμα
801 2783 839 2815 ὠς
852 2783 969 2818 πρᾶγμα

180 2832 271 2868 πλανᾷ
280 2841 287 2847 ·
304 2832 366 2859 οὔτε
377 2832 407 2859 τὸ
421 2832 517 2867 ὄνομα,
531 2832 568 2864 ὡς
581 2832 666 2867 δνομα
680 2831 780 2858 οἰκείου
796 2830 968 2865 πράγματος,

1022 2362 1111 2397 Atque
1124 2361 1176 2388 hoc
1193 2364 1244 2392 est,
1259 2358 1332 2394 quod
1350 2355 1506 2385 consentire
1519 2354 1561 2381 vel
1576 2352 1722 2380 dissentire
1742 2350 1813 2377 inter

1023 2416 1053 2437 se
1068 2407 1191 2435 homines
1204 2405 1238 2433 de
1253 2405 1343 2438 aliqua
1361 2411 1390 2430 re
1405 2402 1481 2429 facit.
1497 2400 1600 2434 Duplex
1619 2405 1699 2432 porro
1715 2400 1756 2423 est
1770 2403 1814 2423 so-

1023 2455 1077 2483 lius
1087 2453 1206 2480 nominis
1218 2451 1356 2486 deeeptio:
1369 2449 1479 2484 quando
1487 2446 1611 2475 videlicet
1621 2444 1689 2472 nihil
1701 2442 1814 2470 omnino

1024 2500 1168 2536 signiﬁcat,
1178 2504 1205 2526 et
1216 2498 1325 2533 quando
1336 2505 1350 2524 a
1366 2495 1475 2531 propria
1489 2502 1517 2521 re
1527 2494 1705 2523 abstractum,
1718 2490 1814 2517 aliena:

1023 2547 1168 2574 addicitur.
1199 2545 1276 2578 Quod
1306 2544 1383 2579 plura
1413 2550 1476 2569 vera
1501 2540 1645 2575 signiﬁcat.
1672 2537 1812 2573 proprium

1023 2594 1240 2628 uniuscujusque
1258 2591 1395 2625 simulque
1410 2589 1510 2616 dicitur
1525 2595 1637 2615 nomen.
1653 2586 1707 2612 Res
1721 2588 1811 2611 autem

1021 2644 1049 2668 et
1062 2647 1125 2667 vera
1146 2643 1188 2667 est
1201 2645 1228 2666 et
1239 2638 1339 2665 dicitur
1350 2657 1357 2670 ,
1373 2643 1433 2671 quae
1448 2635 1508 2663 sine
1523 2633 1631 2662 defectu
1651 2637 1679 2659 et
1694 2631 1754 2659 sine
1770 2636 1814 2655 re-

1021 2685 1170 2714 dundantia
1183 2684 1378 2720 proprietatum
1393 2681 1553 2709 substantiae
1563 2679 1695 2707 rationem
1711 2678 1811 2703 servat.

1024 2733 1123 2761 Verum
1134 2732 1253 2766 denique
1263 2737 1362 2757 nomen
1376 2734 1428 2761 est,
1442 2728 1514 2764 quod
1525 2727 1564 2754 rei
1578 2726 1647 2753 ratio
1659 2721 1812 2757 signiﬁcare

1021 2780 1089 2808 vult.
1106 2778 1199 2813 Neque
1225 2784 1279 2810 res,
1298 2781 1434 2812 quatenus
1450 2783 1494 2802 res
1508 2778 1560 2806 est,
1575 2771 1676 2806 decipit
1692 2778 1698 2797 :
1723 2775 1812 2803 neque

1021 2834 1132 2860 nomen,
1146 2828 1280 2861 quatenus
1295 2831 1393 2851 nomen
1407 2827 1448 2850 est
1457 2820 1576 2856 propriae
1588 2818 1638 2852 rei,
1650 2817 1679 2844 in
1690 2822 1811 2844 errorem

215 2920 273 2957 (ΣΠ)
289 2921 387 2950 Recolo
396 2929 457 2957 quae
472 2920 661 2951 annotavimus
680 2920 801 2953 col.720,
825 2927 853 2947 n.
870 2919 914 2954 47,
928 2926 990 2947 cum
1010 2916 1133 2947 Rclando
1147 2915 1217 2945 hanc
1232 2913 1414 2944 idololatriam
1430 2913 1555 2946 negante.
