  <div class='ocr_page' id='page_1' title='image "/cluster/home/n/w/nwhite01/storage/ocr_20150623/105/njp.32101077772893/461.png"; bbox 0 0 2083 3155; ppageno 0'>
   <div class='ocr_carea' id='block_1_1' title="bbox 270 190 325 225">
    <p class='ocr_par' dir='ltr' id='par_1_1' title="bbox 270 190 325 225">
     <span class='ocr_line' id='line_1_1' title="bbox 270 190 325 225; baseline -0.036 0"><span class='ocrx_word' id='word_1_1' title='bbox 270 190 325 225; x_wconf 76' lang='grc'><strong>799</strong></span> 
     </span>
    </p>
   </div>
   <div class='ocr_carea' id='block_1_2' title="bbox 908 192 1280 224">
    <p class='ocr_par' dir='ltr' id='par_1_2' title="bbox 908 192 1280 224">
     <span class='ocr_line' id='line_1_2' title="bbox 908 192 1280 224; baseline 0.003 -1"><span class='ocrx_word' id='word_1_2' title='bbox 908 192 1058 224; x_wconf 81' lang='lat' dir='ltr'><strong>NICET/E</strong></span> <span class='ocrx_word' id='word_1_3' title='bbox 1078 192 1280 224; x_wconf 81' lang='grc' dir='ltr'><strong>ΒΥΖΛΝΤΙΝῙ</strong></span> 
     </span>
    </p>
   </div>
   <div class='ocr_carea' id='block_1_3' title="bbox 1849 195 1902 227">
    <p class='ocr_par' dir='ltr' id='par_1_3' title="bbox 1849 195 1902 227">
     <span class='ocr_line' id='line_1_3' title="bbox 1849 195 1902 227; baseline 0 0"><span class='ocrx_word' id='word_1_4' title='bbox 1849 195 1902 227; x_wconf 84' lang='lat'><strong>800</strong></span> 
     </span>
    </p>
   </div>
   <div class='ocr_carea' id='block_1_4' title="bbox 271 247 1064 286">
    <p class='ocr_par' dir='ltr' id='par_1_4' title="bbox 271 247 1064 286">
     <span class='ocr_line' id='line_1_4' title="bbox 271 247 1064 286; baseline 0.004 -12"><span class='ocrx_word' id='word_1_5' title='bbox 271 249 345 281; x_wconf 78' lang='lat' dir='ltr'><strong>fecit,</strong></span> <span class='ocrx_word' id='word_1_6' title='bbox 361 255 443 283; x_wconf 86' lang='lat' dir='ltr'><strong>quam</strong></span> <span class='ocrx_word' id='word_1_7' title='bbox 460 251 489 274; x_wconf 90' lang='lat' dir='ltr'><strong>ut</strong></span> <span class='ocrx_word' id='word_1_8' title='bbox 507 247 592 283; x_wconf 86' lang='lat' dir='ltr'><strong>ipsius</strong></span> <span class='ocrx_word' id='word_1_9' title='bbox 604 247 818 276; x_wconf 72' lang='lat' dir='ltr'><strong>observarentur</strong></span> <span class='ocrx_word' id='word_1_10' title='bbox 843 257 996 278; x_wconf 96' lang='lat' dir='ltr'><strong>sermones.</strong></span> <span class='ocrx_word' id='word_1_11' title='bbox 1011 250 1064 286; x_wconf 78' lang='lat' dir='ltr'><strong>lgi-</strong></span> 
     </span>
    </p>
   </div>
   <div class='ocr_carea' id='block_1_5' title="bbox 1114 247 1909 286">
    <p class='ocr_par' dir='ltr' id='par_1_5' title="bbox 1114 249 1909 286">
     <span class='ocr_line' id='line_1_5' title="bbox 1114 249 1909 286; baseline 0.001 -8"><span class='ocrx_word' id='word_1_12' title='bbox 1114 260 1170 286; x_wconf 79' lang='grc' dir='ltr'>ται,</span> <span class='ocrx_word' id='word_1_13' title='bbox 1186 251 1244 277; x_wconf 78' lang='grc' dir='ltr'>ἀλλ’</span> <span class='ocrx_word' id='word_1_14' title='bbox 1255 250 1315 286; x_wconf 75' lang='grc' dir='ltr'><strong>οὐχὶ</strong></span> <span class='ocrx_word' id='word_1_15' title='bbox 1341 249 1387 277; x_wconf 79' lang='grc' dir='ltr'><strong>τὸν</strong></span> <span class='ocrx_word' id='word_1_16' title='bbox 1400 249 1486 282; x_wconf 76' lang='grc' dir='ltr'>ὅντως</span> <span class='ocrx_word' id='word_1_17' title='bbox 1506 250 1573 277; x_wconf 85' lang='grc' dir='ltr'>Θεόν</span> <span class='ocrx_word' id='word_1_18' title='bbox 1587 258 1594 266; x_wconf 81' lang='grc'><strong>”</strong></span> <span class='ocrx_word' id='word_1_19' title='bbox 1619 250 1633 276; x_wconf 83' lang='grc' dir='ltr'>ὁ</span> <span class='ocrx_word' id='word_1_20' title='bbox 1649 250 1704 285; x_wconf 79' lang='grc' dir='ltr'>γὰρ</span> <span class='ocrx_word' id='word_1_21' title='bbox 1718 250 1808 277; x_wconf 79' lang='grc' dir='ltr'>έκεῖνο</span> <span class='ocrx_word' id='word_1_22' title='bbox 1823 252 1909 286; x_wconf 76' lang='grc' dir='ltr'>ῥήξας</span> 
     </span>
    </p>
   </div>
   <div class='ocr_carea' id='block_1_6' title="bbox 270 295 1062 330">
    <p class='ocr_par' dir='ltr' id='par_1_6' title="bbox 270 295 1062 330">
     <span class='ocr_line' id='line_1_6' title="bbox 270 295 1062 330; baseline 0.005 -10"><span class='ocrx_word' id='word_1_23' title='bbox 270 299 315 322; x_wconf 82' lang='grc' dir='ltr'>ιιιι·</span> <span class='ocrx_word' id='word_1_24' title='bbox 329 295 374 329; x_wconf 91' lang='lat' dir='ltr'><strong>qui</strong></span> <span class='ocrx_word' id='word_1_25' title='bbox 387 295 447 329; x_wconf 83' lang='lat' dir='ltr'><strong>ejus</strong></span> <span class='ocrx_word' id='word_1_26' title='bbox 464 301 604 330; x_wconf 81' lang='lat' dir='ltr'><strong>sermones</strong></span> <span class='ocrx_word' id='word_1_27' title='bbox 622 295 721 328; x_wconf 92' lang='lat' dir='ltr'><strong>abolet,</strong></span> <span class='ocrx_word' id='word_1_28' title='bbox 736 296 824 330; x_wconf 89' lang='lat' dir='ltr'><strong>ipsum</strong></span> <span class='ocrx_word' id='word_1_29' title='bbox 839 300 978 324; x_wconf 86' lang='lat' dir='ltr'><strong>auctorem</strong></span> <span class='ocrx_word' id='word_1_30' title='bbox 996 298 1062 324; x_wconf 89' lang='lat' dir='ltr'><strong>abo-</strong></span> 
     </span>
    </p>
   </div>
   <div class='ocr_carea' id='block_1_7' title="bbox 269 341 1062 376">
    <p class='ocr_par' dir='ltr' id='par_1_7' title="bbox 269 341 1062 376">
     <span class='ocr_line' id='line_1_7' title="bbox 269 341 1062 376; baseline 0.004 -9"><span class='ocrx_word' id='word_1_31' title='bbox 269 341 382 375; x_wconf 82' lang='lat' dir='ltr'><strong>letzqui</strong></span> <span class='ocrx_word' id='word_1_32' title='bbox 400 345 537 368; x_wconf 96' lang='lat' dir='ltr'><strong>auctorem</strong></span> <span class='ocrx_word' id='word_1_33' title='bbox 552 341 652 373; x_wconf 84' lang='lat' dir='ltr'><strong>abolet.</strong></span> <span class='ocrx_word' id='word_1_34' title='bbox 670 347 750 376; x_wconf 80' lang='lat' dir='ltr'><strong>negat</strong></span> <span class='ocrx_word' id='word_1_35' title='bbox 783 342 865 369; x_wconf 86' lang='lat' dir='ltr'><strong>simul</strong></span> <span class='ocrx_word' id='word_1_36' title='bbox 897 342 999 370; x_wconf 80' lang='lat' dir='ltr'><strong>factum</strong></span> <span class='ocrx_word' id='word_1_37' title='bbox 1027 343 1062 370; x_wconf 87' lang='lat' dir='ltr'><strong>ab</strong></span> 
     </span>
    </p>
   </div>
   <div class='ocr_carea' id='block_1_8' title="bbox 269 386 1061 422">
    <p class='ocr_par' dir='ltr' id='par_1_8' title="bbox 269 386 1061 422">
     <span class='ocr_line' id='line_1_8' title="bbox 269 386 1061 422; baseline 0.004 -9"><span class='ocrx_word' id='word_1_38' title='bbox 269 387 362 414; x_wconf 88' lang='lat' dir='ltr'><strong>eodem</strong></span> <span class='ocrx_word' id='word_1_39' title='bbox 381 386 553 414; x_wconf 79' lang='lat' dir='ltr'><strong>miraculum.</strong></span> <span class='ocrx_word' id='word_1_40' title='bbox 569 386 650 422; x_wconf 81' lang='lat' dir='ltr'><strong>Atqui</strong></span> <span class='ocrx_word' id='word_1_41' title='bbox 667 395 728 414; x_wconf 92' lang='lat' dir='ltr'><strong>cum</strong></span> <span class='ocrx_word' id='word_1_42' title='bbox 744 388 918 416; x_wconf 79' lang='lat' dir='ltr'><strong>Mohamedes</strong></span> <span class='ocrx_word' id='word_1_43' title='bbox 939 389 1061 416; x_wconf 81' lang='lat' dir='ltr'><strong>miracu-</strong></span> 
     </span>
    </p>
   </div>
   <div class='ocr_carea' id='block_1_9' title="bbox 271 431 1060 468">
    <p class='ocr_par' dir='ltr' id='par_1_9' title="bbox 271 431 1060 468">
     <span class='ocr_line' id='line_1_9' title="bbox 271 431 1060 468; baseline 0.006 -10"><span class='ocrx_word' id='word_1_44' title='bbox 271 432 324 458; x_wconf 90' lang='lat' dir='ltr'><strong>lum</strong></span> <span class='ocrx_word' id='word_1_45' title='bbox 350 431 416 459; x_wconf 88' lang='lat' dir='ltr'><strong>illud</strong></span> <span class='ocrx_word' id='word_1_46' title='bbox 441 432 614 466; x_wconf 86' lang='lat' dir='ltr'><strong>conﬁteatur,</strong></span> <span class='ocrx_word' id='word_1_47' title='bbox 637 434 731 468; x_wconf 89' lang='lat' dir='ltr'><strong>utique</strong></span> <span class='ocrx_word' id='word_1_48' title='bbox 755 435 790 462; x_wconf 84' lang='lat' dir='ltr'><strong>ab</strong></span> <span class='ocrx_word' id='word_1_49' title='bbox 815 435 869 462; x_wconf 88' lang='lat' dir='ltr'><strong>alio</strong></span> <span class='ocrx_word' id='word_1_50' title='bbox 889 435 944 462; x_wconf 90' lang='lat' dir='ltr'><strong>Deo</strong></span> <span class='ocrx_word' id='word_1_51' title='bbox 960 434 1060 463; x_wconf 79' lang='lat' dir='ltr'><strong>factum</strong></span> 
     </span>
    </p>
   </div>
   <div class='ocr_carea' id='block_1_10' title="bbox 270 476 1061 515">
    <p class='ocr_par' dir='ltr' id='par_1_10' title="bbox 270 476 1061 515">
     <span class='ocr_line' id='line_1_10' title="bbox 270 476 1061 515; baseline 0.006 -11"><span class='ocrx_word' id='word_1_52' title='bbox 270 477 346 510; x_wconf 84' lang='lat' dir='ltr'><strong>dicit,</strong></span> <span class='ocrx_word' id='word_1_53' title='bbox 363 485 416 504; x_wconf 92' lang='lat' dir='ltr'><strong>non</strong></span> <span class='ocrx_word' id='word_1_54' title='bbox 435 478 469 504; x_wconf 88' lang='lat' dir='ltr'><strong>ab</strong></span> <span class='ocrx_word' id='word_1_55' title='bbox 484 478 530 505; x_wconf 92' lang='lat' dir='ltr'><strong>illo</strong></span> <span class='ocrx_word' id='word_1_56' title='bbox 547 479 593 513; x_wconf 90' lang='lat' dir='ltr'><strong>qui</strong></span> <span class='ocrx_word' id='word_1_57' title='bbox 608 484 706 506; x_wconf 86' lang='lat' dir='ltr'><strong>auctor</strong></span> <span class='ocrx_word' id='word_1_58' title='bbox 723 484 765 507; x_wconf 86' lang='lat' dir='ltr'><strong>est</strong></span> <span class='ocrx_word' id='word_1_59' title='bbox 778 476 948 513; x_wconf 76' lang='lat' dir='ltr'><strong>sermonum,</strong></span> <span class='ocrx_word' id='word_1_60' title='bbox 961 481 1061 515; x_wconf 90' lang='lat' dir='ltr'><strong>quibus</strong></span> 
     </span>
    </p>
   </div>
   <div class='ocr_carea' id='block_1_11' title="bbox 271 524 1062 560">
    <p class='ocr_par' dir='ltr' id='par_1_11' title="bbox 271 524 1062 560">
     <span class='ocr_line' id='line_1_11' title="bbox 271 524 1062 560; baseline 0.008 -10"><span class='ocrx_word' id='word_1_61' title='bbox 271 524 323 550; x_wconf 89' lang='lat' dir='ltr'><strong>hoc</strong></span> <span class='ocrx_word' id='word_1_62' title='bbox 354 524 516 551; x_wconf 80' lang='lat' dir='ltr'><strong>miraculum</strong></span> <span class='ocrx_word' id='word_1_63' title='bbox 543 524 632 559; x_wconf 92' lang='lat' dir='ltr'><strong>ipsum</strong></span> <span class='ocrx_word' id='word_1_64' title='bbox 660 531 796 554; x_wconf 81' lang='lat' dir='ltr'><strong>narratur.</strong></span> <span class='ocrx_word' id='word_1_65' title='bbox 814 527 996 560; x_wconf 85' lang='lat' dir='ltr'><strong>Quamobrem</strong></span> <span class='ocrx_word' id='word_1_66' title='bbox 1012 529 1062 556; x_wconf 90' lang='lat' dir='ltr'><strong>du-</strong></span> 
     </span>
    </p>
   </div>
   <div class='ocr_carea' id='block_1_12' title="bbox 270 569 1061 609">
    <p class='ocr_par' dir='ltr' id='par_1_12' title="bbox 270 569 1061 609">
     <span class='ocr_line' id='line_1_12' title="bbox 270 569 1061 609; baseline 0.009 -14"><span class='ocrx_word' id='word_1_67' title='bbox 270 569 332 604; x_wconf 75' lang='lat' dir='ltr'><strong>plex</strong></span> <span class='ocrx_word' id='word_1_68' title='bbox 353 574 394 596; x_wconf 88' lang='lat' dir='ltr'><strong>est</strong></span> <span class='ocrx_word' id='word_1_69' title='bbox 412 569 582 598; x_wconf 81' lang='lat' dir='ltr'><strong>Mohamedis</strong></span> <span class='ocrx_word' id='word_1_70' title='bbox 605 571 741 606; x_wconf 87' lang='lat' dir='ltr'><strong>impietas,</strong></span> <span class='ocrx_word' id='word_1_71' title='bbox 755 573 810 600; x_wconf 93' lang='lat' dir='ltr'><strong>imo</strong></span> <span class='ocrx_word' id='word_1_72' title='bbox 828 580 854 601; x_wconf 89' lang='lat' dir='ltr'><strong>et</strong></span> <span class='ocrx_word' id='word_1_73' title='bbox 865 574 980 609; x_wconf 77' lang='lat' dir='ltr'><strong>triplex;</strong></span> <span class='ocrx_word' id='word_1_74' title='bbox 998 575 1061 609; x_wconf 84' lang='lat' dir='ltr'><strong>quia</strong></span> 
     </span>
    </p>
   </div>
   <div class='ocr_carea' id='block_1_13' title="bbox 269 614 1061 653">
    <p class='ocr_par' dir='ltr' id='par_1_13' title="bbox 269 614 1061 653">
     <span class='ocr_line' id='line_1_13' title="bbox 269 614 1061 653; baseline 0.008 -12"><span class='ocrx_word' id='word_1_75' title='bbox 269 614 325 642; x_wconf 88' lang='lat' dir='ltr'><strong>Deo</strong></span> <span class='ocrx_word' id='word_1_76' title='bbox 340 615 446 642; x_wconf 85' lang='lat' dir='ltr'><strong>auctori</strong></span> <span class='ocrx_word' id='word_1_77' title='bbox 463 615 544 650; x_wconf 88' lang='lat' dir='ltr'><strong>eripit</strong></span> <span class='ocrx_word' id='word_1_78' title='bbox 562 617 741 650; x_wconf 76' lang='lat' dir='ltr'><strong>miraculum;</strong></span> <span class='ocrx_word' id='word_1_79' title='bbox 755 622 782 645; x_wconf 91' lang='lat' dir='ltr'><strong>et</strong></span> <span class='ocrx_word' id='word_1_80' title='bbox 793 618 857 653; x_wconf 82' lang='lat' dir='ltr'><strong>quia</strong></span> <span class='ocrx_word' id='word_1_81' title='bbox 873 619 910 646; x_wconf 94' lang='lat' dir='ltr'><strong>illi</strong></span> <span class='ocrx_word' id='word_1_82' title='bbox 926 619 1030 652; x_wconf 83' lang='lat' dir='ltr'><strong>tribuit,</strong></span> <span class='ocrx_word' id='word_1_83' title='bbox 1045 627 1061 647; x_wconf 85' lang='lat' dir='ltr'><strong>a</strong></span> 
     </span>
    </p>
   </div>
   <div class='ocr_carea' id='block_1_14' title="bbox 268 663 1062 700">
    <p class='ocr_par' dir='ltr' id='par_1_14' title="bbox 268 663 1062 700">
     <span class='ocr_line' id='line_1_14' title="bbox 268 663 1062 700; baseline 0.008 -13"><span class='ocrx_word' id='word_1_84' title='bbox 268 669 324 695; x_wconf 91' lang='lat' dir='ltr'><strong>quo</strong></span> <span class='ocrx_word' id='word_1_85' title='bbox 336 669 389 689; x_wconf 93' lang='lat' dir='ltr'><strong>non</strong></span> <span class='ocrx_word' id='word_1_86' title='bbox 405 663 569 691; x_wconf 80' lang='lat' dir='ltr'><strong>estfactum.</strong></span> <span class='ocrx_word' id='word_1_87' title='bbox 584 663 716 697; x_wconf 86' lang='lat' dir='ltr'><strong>Quisnam</strong></span> <span class='ocrx_word' id='word_1_88' title='bbox 734 672 816 699; x_wconf 89' lang='lat' dir='ltr'><strong>porro</strong></span> <span class='ocrx_word' id='word_1_89' title='bbox 833 665 923 700; x_wconf 88' lang='lat' dir='ltr'><strong>sitqui</strong></span> <span class='ocrx_word' id='word_1_90' title='bbox 933 665 990 700; x_wconf 88' lang='lat' dir='ltr'><strong>jam</strong></span> <span class='ocrx_word' id='word_1_91' title='bbox 1000 666 1062 693; x_wconf 91' lang='lat' dir='ltr'><strong>inde</strong></span> 
     </span>
    </p>
   </div>
   <div class='ocr_carea' id='block_1_15' title="bbox 269 708 1062 745">
    <p class='ocr_par' dir='ltr' id='par_1_15' title="bbox 269 708 1062 745">
     <span class='ocr_line' id='line_1_15' title="bbox 269 708 1062 745; baseline 0.008 -11"><span class='ocrx_word' id='word_1_92' title='bbox 269 708 303 735; x_wconf 88' lang='lat' dir='ltr'><strong>ab</strong></span> <span class='ocrx_word' id='word_1_93' title='bbox 321 708 402 737; x_wconf 85' lang='lat' dir='ltr'><strong>initio</strong></span> <span class='ocrx_word' id='word_1_94' title='bbox 420 710 553 738; x_wconf 89' lang='lat' dir='ltr'><strong>adversus</strong></span> <span class='ocrx_word' id='word_1_95' title='bbox 564 710 684 738; x_wconf 75' lang='lat' dir='ltr'><strong>divinam</strong></span> <span class='ocrx_word' id='word_1_96' title='bbox 698 711 811 745; x_wconf 73' lang='lat' dir='ltr'><strong>gloriam</strong></span> <span class='ocrx_word' id='word_1_97' title='bbox 829 719 858 739; x_wconf 82' lang='lat' dir='ltr'><strong>se</strong></span> <span class='ocrx_word' id='word_1_98' title='bbox 871 712 977 744; x_wconf 81' lang='lat' dir='ltr'><strong>extulit,</strong></span> <span class='ocrx_word' id='word_1_99' title='bbox 994 712 1062 740; x_wconf 86' lang='lat' dir='ltr'><strong>satis</strong></span> 
     </span>
    </p>
   </div>
   <div class='ocr_carea' id='block_1_16' title="bbox 269 754 1060 792">
    <p class='ocr_par' dir='ltr' id='par_1_16' title="bbox 269 754 1060 792">
     <span class='ocr_line' id='line_1_16' title="bbox 269 754 1060 792; baseline 0.006 -12"><span class='ocrx_word' id='word_1_100' title='bbox 269 754 384 782; x_wconf 89' lang='lat' dir='ltr'><strong>scimus.</strong></span> <span class='ocrx_word' id='word_1_101' title='bbox 398 754 477 783; x_wconf 80' lang='lat' dir='ltr'><strong>Hune</strong></span> <span class='ocrx_word' id='word_1_102' title='bbox 492 763 557 791; x_wconf 77' lang='lat' dir='ltr'><strong>ergo</strong></span> <span class='ocrx_word' id='word_1_103' title='bbox 570 756 629 783; x_wconf 70' lang='lat' dir='ltr'><strong>‘coli</strong></span> <span class='ocrx_word' id='word_1_104' title='bbox 643 763 658 783; x_wconf 88' lang='lat' dir='ltr'><strong>a</strong></span> <span class='ocrx_word' id='word_1_105' title='bbox 676 755 835 784; x_wconf 85' lang='lat' dir='ltr'><strong>Mohamede</strong></span> <span class='ocrx_word' id='word_1_106' title='bbox 855 756 891 784; x_wconf 88' lang='lat' dir='ltr'><strong>ita</strong></span> <span class='ocrx_word' id='word_1_107' title='bbox 913 757 1060 792; x_wconf 81' lang='lat' dir='ltr'><strong>cogitante,</strong></span> 
     </span>
    </p>
   </div>
   <div class='ocr_carea' id='block_1_17' title="bbox 269 801 1060 836">
    <p class='ocr_par' dir='ltr' id='par_1_17' title="bbox 269 801 1060 836">
     <span class='ocr_line' id='line_1_17' title="bbox 269 801 1060 836; baseline 0.004 -9"><span class='ocrx_word' id='word_1_108' title='bbox 269 807 380 828; x_wconf 86' lang='lat' dir='ltr'><strong>necesse</strong></span> <span class='ocrx_word' id='word_1_109' title='bbox 395 806 446 829; x_wconf 86' lang='lat' dir='ltr'><strong>est.</strong></span> <span class='ocrx_word' id='word_1_110' title='bbox 462 801 509 830; x_wconf 88' lang='lat' dir='ltr'><strong>Vel</strong></span> <span class='ocrx_word' id='word_1_111' title='bbox 525 807 597 830; x_wconf 87' lang='lat' dir='ltr'><strong>certe</strong></span> <span class='ocrx_word' id='word_1_112' title='bbox 625 803 786 830; x_wconf 87' lang='lat' dir='ltr'><strong>immutatus</strong></span> <span class='ocrx_word' id='word_1_113' title='bbox 803 807 845 831; x_wconf 86' lang='lat' dir='ltr'><strong>est</strong></span> <span class='ocrx_word' id='word_1_114' title='bbox 861 807 888 830; x_wconf 90' lang='lat' dir='ltr'><strong>et</strong></span> <span class='ocrx_word' id='word_1_115' title='bbox 902 811 1060 836; x_wconf 84' lang='lat' dir='ltr'><strong>conversus,</strong></span> 
     </span>
    </p>
   </div>
   <div class='ocr_carea' id='block_1_18' title="bbox 269 845 1062 885">
    <p class='ocr_par' dir='ltr' id='par_1_18' title="bbox 269 845 1062 885">
     <span class='ocr_line' id='line_1_18' title="bbox 269 845 1062 885; baseline 0.006 -12"><span class='ocrx_word' id='word_1_116' title='bbox 269 853 303 873; x_wconf 75' lang='lat' dir='ltr'><strong>ex</strong></span> <span class='ocrx_word' id='word_1_117' title='bbox 317 845 483 876; x_wconf 81' lang='lat' dir='ltr'><strong>Mohamedis</strong></span> <span class='ocrx_word' id='word_1_118' title='bbox 497 848 644 881; x_wconf 86' lang='lat' dir='ltr'><strong>sententia,</strong></span> <span class='ocrx_word' id='word_1_119' title='bbox 658 849 729 877; x_wconf 87' lang='lat' dir='ltr'><strong>Deus</strong></span> <span class='ocrx_word' id='word_1_120' title='bbox 741 857 749 881; x_wconf 75' lang='grc' dir='ltr'><strong>ς</strong></span> <span class='ocrx_word' id='word_1_121' title='bbox 767 857 855 884; x_wconf 89' lang='lat' dir='ltr'><strong>neque</strong></span> <span class='ocrx_word' id='word_1_122' title='bbox 870 850 926 885; x_wconf 88' lang='lat' dir='ltr'><strong>jam</strong></span> <span class='ocrx_word' id='word_1_123' title='bbox 942 851 969 877; x_wconf 93' lang='lat' dir='ltr'><strong>in</strong></span> <span class='ocrx_word' id='word_1_124' title='bbox 983 855 1062 878; x_wconf 82' lang='lat' dir='ltr'><strong>aeter-</strong></span> 
     </span>
    </p>
   </div>
   <div class='ocr_carea' id='block_1_19' title="bbox 270 894 1061 932">
    <p class='ocr_par' dir='ltr' id='par_1_19' title="bbox 270 894 1061 932">
     <span class='ocr_line' id='line_1_19' title="bbox 270 894 1061 932; baseline 0.006 -13"><span class='ocrx_word' id='word_1_125' title='bbox 270 900 336 920; x_wconf 87' lang='lat' dir='ltr'><strong>num</strong></span> <span class='ocrx_word' id='word_1_126' title='bbox 351 901 440 921; x_wconf 82' lang='lat' dir='ltr'><strong>sermo</strong></span> <span class='ocrx_word' id='word_1_127' title='bbox 456 894 515 930; x_wconf 87' lang='lat' dir='ltr'><strong>ejus</strong></span> <span class='ocrx_word' id='word_1_128' title='bbox 527 900 680 930; x_wconf 74' lang='lat' dir='ltr'><strong>permanet,</strong></span> <span class='ocrx_word' id='word_1_129' title='bbox 697 903 786 931; x_wconf 87' lang='lat' dir='ltr'><strong>neque</strong></span> <span class='ocrx_word' id='word_1_130' title='bbox 795 897 887 924; x_wconf 89' lang='lat' dir='ltr'><strong>omnia</strong></span> <span class='ocrx_word' id='word_1_131' title='bbox 903 897 964 932; x_wconf 86' lang='lat' dir='ltr'><strong>ejus</strong></span> <span class='ocrx_word' id='word_1_132' title='bbox 980 905 1061 932; x_wconf 84' lang='lat' dir='ltr'><strong>opera</strong></span> 
     </span>
    </p>
   </div>
   <div class='ocr_carea' id='block_1_20' title="bbox 270 939 1062 976">
    <p class='ocr_par' dir='ltr' id='par_1_20' title="bbox 270 939 1062 976">
     <span class='ocr_line' id='line_1_20' title="bbox 270 939 1062 976; baseline 0.009 -12"><span class='ocrx_word' id='word_1_133' title='bbox 270 945 345 965; x_wconf 83' lang='lat' dir='ltr'><strong>vera.</strong></span> <span class='ocrx_word' id='word_1_134' title='bbox 374 939 471 967; x_wconf 90' lang='lat' dir='ltr'><strong>Verum</strong></span> <span class='ocrx_word' id='word_1_135' title='bbox 498 940 617 975; x_wconf 82' lang='lat' dir='ltr'><strong>jactetur</strong></span> <span class='ocrx_word' id='word_1_136' title='bbox 635 942 661 968; x_wconf 90' lang='lat' dir='ltr'><strong>in</strong></span> <span class='ocrx_word' id='word_1_137' title='bbox 684 942 772 976; x_wconf 85' lang='lat' dir='ltr'><strong>capita</strong></span> <span class='ocrx_word' id='word_1_138' title='bbox 802 943 921 970; x_wconf 91' lang='lat' dir='ltr'><strong>s0ntium</strong></span> <span class='ocrx_word' id='word_1_139' title='bbox 945 943 1062 971; x_wconf 86' lang='lat' dir='ltr'><strong>absurda</strong></span> 
     </span>
    </p>
   </div>
   <div class='ocr_carea' id='block_1_21' title="bbox 271 983 1064 1019">
    <p class='ocr_par' dir='ltr' id='par_1_21' title="bbox 271 983 1064 1019">
     <span class='ocr_line' id='line_1_21' title="bbox 271 983 1064 1019; baseline 0.008 -9"><span class='ocrx_word' id='word_1_140' title='bbox 271 983 448 1019; x_wconf 88' lang='lat' dir='ltr'><strong>blasphemia.</strong></span> <span class='ocrx_word' id='word_1_141' title='bbox 471 986 547 1019; x_wconf 87' lang='lat' dir='ltr'><strong>Quod</strong></span> <span class='ocrx_word' id='word_1_142' title='bbox 566 987 589 1014; x_wconf 94' lang='lat' dir='ltr'><strong>si</strong></span> <span class='ocrx_word' id='word_1_143' title='bbox 605 987 820 1015; x_wconf 82' lang='lat' dir='ltr'><strong>inconvertibilis</strong></span> <span class='ocrx_word' id='word_1_144' title='bbox 840 993 867 1016; x_wconf 87' lang='lat' dir='ltr'><strong>et</strong></span> <span class='ocrx_word' id='word_1_145' title='bbox 886 989 1064 1017; x_wconf 90' lang='lat' dir='ltr'><strong>immutabilis</strong></span> 
     </span>
    </p>
   </div>
   <div class='ocr_carea' id='block_1_22' title="bbox 270 1028 1062 1068">
    <p class='ocr_par' dir='ltr' id='par_1_22' title="bbox 270 1028 1062 1068">
     <span class='ocr_line' id='line_1_22' title="bbox 270 1028 1062 1068; baseline 0.008 -12"><span class='ocrx_word' id='word_1_146' title='bbox 270 1028 342 1057; x_wconf 86' lang='lat' dir='ltr'><strong>Deus</strong></span> <span class='ocrx_word' id='word_1_147' title='bbox 354 1036 528 1065; x_wconf 77' lang='lat' dir='ltr'><strong>perseverat;</strong></span> <span class='ocrx_word' id='word_1_148' title='bbox 543 1032 718 1060; x_wconf 84' lang='lat' dir='ltr'><strong>Mohamedes</strong></span> <span class='ocrx_word' id='word_1_149' title='bbox 732 1034 823 1068; x_wconf 90' lang='lat' dir='ltr'><strong>potius</strong></span> <span class='ocrx_word' id='word_1_150' title='bbox 839 1041 984 1068; x_wconf 76' lang='lat' dir='ltr'><strong>pervorsus</strong></span> <span class='ocrx_word' id='word_1_151' title='bbox 993 1039 1062 1067; x_wconf 87' lang='lat' dir='ltr'><strong>esto,</strong></span> 
     </span>
    </p>
   </div>
   <div class='ocr_carea' id='block_1_23' title="bbox 270 1075 1063 1116">
    <p class='ocr_par' dir='ltr' id='par_1_23' title="bbox 270 1075 1063 1116">
     <span class='ocr_line' id='line_1_23' title="bbox 270 1075 1063 1116; baseline 0.01 -15"><span class='ocrx_word' id='word_1_152' title='bbox 270 1075 318 1110; x_wconf 83' lang='lat' dir='ltr'><strong>qui</strong></span> <span class='ocrx_word' id='word_1_153' title='bbox 335 1081 468 1105; x_wconf 89' lang='lat' dir='ltr'><strong>mutatutn</strong></span> <span class='ocrx_word' id='word_1_154' title='bbox 483 1085 704 1113; x_wconf 89' lang='lat' dir='ltr'><strong>conversumque</strong></span> <span class='ocrx_word' id='word_1_155' title='bbox 716 1079 801 1107; x_wconf 87' lang='lat' dir='ltr'><strong>Deum</strong></span> <span class='ocrx_word' id='word_1_156' title='bbox 826 1081 909 1115; x_wconf 85' lang='lat' dir='ltr'><strong>impie</strong></span> <span class='ocrx_word' id='word_1_157' title='bbox 934 1081 1063 1116; x_wconf 88' lang='lat' dir='ltr'><strong>blasphe-</strong></span> 
     </span>
    </p>
   </div>
   <div class='ocr_carea' id='block_1_24' title="bbox 270 1122 1063 1160">
    <p class='ocr_par' dir='ltr' id='par_1_24' title="bbox 270 1122 1063 1160">
     <span class='ocr_line' id='line_1_24' title="bbox 270 1122 1063 1160; baseline 0.009 -13"><span class='ocrx_word' id='word_1_158' title='bbox 270 1125 337 1154; x_wconf 77' lang='lat' dir='ltr'><strong>mat,</strong></span> <span class='ocrx_word' id='word_1_159' title='bbox 351 1122 467 1157; x_wconf 87' lang='lat' dir='ltr'><strong>ejusque</strong></span> <span class='ocrx_word' id='word_1_160' title='bbox 490 1130 631 1152; x_wconf 86' lang='lat' dir='ltr'><strong>sermones</strong></span> <span class='ocrx_word' id='word_1_161' title='bbox 652 1125 733 1152; x_wconf 86' lang='lat' dir='ltr'><strong>delet.</strong></span> <span class='ocrx_word' id='word_1_162' title='bbox 752 1125 949 1160; x_wconf 84' lang='lat' dir='ltr'><strong>Participemus</strong></span> <span class='ocrx_word' id='word_1_163' title='bbox 973 1131 1063 1154; x_wconf 88' lang='lat' dir='ltr'><strong>autem</strong></span> 
     </span>
    </p>
   </div>
   <div class='ocr_carea' id='block_1_25' title="bbox 269 1167 1063 1207">
    <p class='ocr_par' dir='ltr' id='par_1_25' title="bbox 269 1167 1063 1207">
     <span class='ocr_line' id='line_1_25' title="bbox 269 1167 1063 1207; baseline 0.009 -14"><span class='ocrx_word' id='word_1_164' title='bbox 269 1174 321 1194; x_wconf 88' lang='lat' dir='ltr'><strong>nos</strong></span> <span class='ocrx_word' id='word_1_165' title='bbox 349 1167 448 1195; x_wconf 69' lang='lat' dir='ltr'><strong>divina:</strong></span> <span class='ocrx_word' id='word_1_166' title='bbox 466 1169 603 1198; x_wconf 88' lang='lat' dir='ltr'><strong>lirmitatis</strong></span> <span class='ocrx_word' id='word_1_167' title='bbox 621 1171 747 1206; x_wconf 75' lang='lat' dir='ltr'><strong>gratiam,</strong></span> <span class='ocrx_word' id='word_1_168' title='bbox 765 1171 811 1207; x_wconf 89' lang='lat' dir='ltr'><strong>qui</strong></span> <span class='ocrx_word' id='word_1_169' title='bbox 825 1173 988 1200; x_wconf 86' lang='lat' dir='ltr'><strong>miraculum</strong></span> <span class='ocrx_word' id='word_1_170' title='bbox 1003 1173 1063 1207; x_wconf 89' lang='lat' dir='ltr'><strong>ejus</strong></span> 
     </span>
    </p>
   </div>
   <div class='ocr_carea' id='block_1_26' title="bbox 269 1213 1062 1253">
    <p class='ocr_par' dir='ltr' id='par_1_26' title="bbox 269 1213 1062 1253">
     <span class='ocr_line' id='line_1_26' title="bbox 269 1213 1062 1253; baseline 0.009 -14"><span class='ocrx_word' id='word_1_171' title='bbox 269 1213 450 1246; x_wconf 84' lang='lat' dir='ltr'><strong>admittimus,</strong></span> <span class='ocrx_word' id='word_1_172' title='bbox 465 1215 580 1250; x_wconf 86' lang='lat' dir='ltr'><strong>ejusque</strong></span> <span class='ocrx_word' id='word_1_173' title='bbox 594 1216 667 1251; x_wconf 79' lang='lat' dir='ltr'><strong>leges</strong></span> <span class='ocrx_word' id='word_1_174' title='bbox 685 1218 862 1246; x_wconf 85' lang='lat' dir='ltr'><strong>observemus</strong></span> <span class='ocrx_word' id='word_1_175' title='bbox 883 1223 908 1246; x_wconf 80' lang='lat' dir='ltr'><strong>et</strong></span> <span class='ocrx_word' id='word_1_176' title='bbox 926 1227 1062 1253; x_wconf 78' lang='lat' dir='ltr'><strong>exsequa-</strong></span> 
     </span>
    </p>
   </div>
   <div class='ocr_carea' id='block_1_27' title="bbox 270 1259 1063 1299">
    <p class='ocr_par' dir='ltr' id='par_1_27' title="bbox 270 1259 1063 1299">
     <span class='ocr_line' id='line_1_27' title="bbox 270 1259 1063 1299; baseline 0.011 -17"><span class='ocrx_word' id='word_1_177' title='bbox 270 1263 342 1289; x_wconf 89' lang='lat' dir='ltr'><strong>mur,</strong></span> <span class='ocrx_word' id='word_1_178' title='bbox 354 1262 435 1292; x_wconf 88' lang='lat' dir='ltr'><strong>alque</strong></span> <span class='ocrx_word' id='word_1_179' title='bbox 453 1259 506 1286; x_wconf 89' lang='lat' dir='ltr'><strong>Deo</strong></span> <span class='ocrx_word' id='word_1_180' title='bbox 522 1261 619 1296; x_wconf 80' lang='lat' dir='ltr'><strong>dignas</strong></span> <span class='ocrx_word' id='word_1_181' title='bbox 645 1261 707 1289; x_wconf 87' lang='lat' dir='ltr'><strong>inde</strong></span> <span class='ocrx_word' id='word_1_182' title='bbox 732 1263 925 1291; x_wconf 83' lang='lat' dir='ltr'><strong>condiscamus</strong></span> <span class='ocrx_word' id='word_1_183' title='bbox 937 1264 1063 1299; x_wconf 78' lang='lat' dir='ltr'><strong>discipli-</strong></span> 
     </span>
    </p>
   </div>
   <div class='ocr_carea' id='block_1_28' title="bbox 270 1305 1064 1338">
    <p class='ocr_par' dir='ltr' id='par_1_28' title="bbox 270 1305 1064 1338">
     <span class='ocr_line' id='line_1_28' title="bbox 270 1305 1064 1338; baseline 0.011 -9"><span class='ocrx_word' id='word_1_184' title='bbox 270 1310 321 1330; x_wconf 90' lang='lat' dir='ltr'><strong>nas</strong></span> <span class='ocrx_word' id='word_1_185' title='bbox 346 1311 378 1331; x_wconf 88' lang='lat' dir='ltr'><strong>ac</strong></span> <span class='ocrx_word' id='word_1_186' title='bbox 395 1305 522 1332; x_wconf 82' lang='lat' dir='ltr'><strong>vaticinia</strong></span> <span class='ocrx_word' id='word_1_187' title='bbox 540 1311 565 1333; x_wconf 86' lang='lat' dir='ltr'><strong>et</strong></span> <span class='ocrx_word' id='word_1_188' title='bbox 580 1307 613 1334; x_wconf 91' lang='lat' dir='ltr'><strong>de</strong></span> <span class='ocrx_word' id='word_1_189' title='bbox 632 1307 743 1336; x_wconf 89' lang='lat' dir='ltr'><strong>Christo</strong></span> <span class='ocrx_word' id='word_1_190' title='bbox 756 1313 784 1336; x_wconf 84' lang='lat' dir='ltr'><strong>et.</strong></span> <span class='ocrx_word' id='word_1_191' title='bbox 798 1308 830 1336; x_wconf 85' lang='lat' dir='ltr'><strong>de</strong></span> <span class='ocrx_word' id='word_1_192' title='bbox 849 1310 931 1337; x_wconf 85' lang='lat' dir='ltr'><strong>rebus</strong></span> <span class='ocrx_word' id='word_1_193' title='bbox 958 1310 1064 1338; x_wconf 83' lang='lat' dir='ltr'><strong>cunctis</strong></span> 
     </span>
    </p>
   </div>
   <div class='ocr_carea' id='block_1_29' title="bbox 270 1350 620 1383">
    <p class='ocr_par' dir='ltr' id='par_1_29' title="bbox 270 1350 620 1383">
     <span class='ocr_line' id='line_1_29' title="bbox 270 1350 620 1383; baseline 0.014 -8"><span class='ocrx_word' id='word_1_194' title='bbox 270 1350 448 1383; x_wconf 63' lang='lat' dir='ltr'><strong>pricseutibus</strong></span> <span class='ocrx_word' id='word_1_195' title='bbox 465 1360 497 1379; x_wconf 91' lang='lat' dir='ltr'><strong>ac</strong></span> <span class='ocrx_word' id='word_1_196' title='bbox 513 1352 620 1380; x_wconf 80' lang='lat' dir='ltr'><strong>futuris.</strong></span> 
     </span>
    </p>
   </div>
   <div class='ocr_carea' id='block_1_30' title="bbox 306 1478 1060 1517">
    <p class='ocr_par' dir='ltr' id='par_1_30' title="bbox 306 1478 1060 1517">
     <span class='ocr_line' id='line_1_30' title="bbox 306 1478 1060 1517; baseline 0.012 -11"><span class='ocrx_word' id='word_1_197' title='bbox 306 1478 367 1507; x_wconf 78' lang='lat' dir='ltr'><strong>l0].</strong></span> <span class='ocrx_word' id='word_1_198' title='bbox 383 1479 420 1507; x_wconf 79' lang='lat' dir='ltr'><strong>Ex</strong></span> <span class='ocrx_word' id='word_1_199' title='bbox 441 1481 481 1509; x_wconf 89' lang='lat' dir='ltr'><strong>his</strong></span> <span class='ocrx_word' id='word_1_200' title='bbox 501 1489 564 1517; x_wconf 77' lang='lat' dir='ltr'><strong>ergo</strong></span> <span class='ocrx_word' id='word_1_201' title='bbox 584 1483 757 1512; x_wconf 82' lang='lat' dir='ltr'><strong>concluditur</strong></span> <span class='ocrx_word' id='word_1_202' title='bbox 782 1485 968 1514; x_wconf 88' lang='lat' dir='ltr'><strong>Mohamedcm</strong></span> <span class='ocrx_word' id='word_1_203' title='bbox 992 1496 1060 1515; x_wconf 90' lang='lat' dir='ltr'><strong>con-</strong></span> 
     </span>
    </p>
   </div>
   <div class='ocr_carea' id='block_1_31' title="bbox 268 1525 1064 1562">
    <p class='ocr_par' dir='ltr' id='par_1_31' title="bbox 268 1525 1064 1562">
     <span class='ocr_line' id='line_1_31' title="bbox 268 1525 1064 1562; baseline 0.014 -11"><span class='ocrx_word' id='word_1_204' title='bbox 268 1525 340 1553; x_wconf 81' lang='lat' dir='ltr'><strong>vinci</strong></span> <span class='ocrx_word' id='word_1_205' title='bbox 359 1527 505 1559; x_wconf 87' lang='lat' dir='ltr'><strong>dicentem,</strong></span> <span class='ocrx_word' id='word_1_206' title='bbox 522 1533 568 1554; x_wconf 88' lang='lat' dir='ltr'><strong>aut</strong></span> <span class='ocrx_word' id='word_1_207' title='bbox 580 1529 663 1556; x_wconf 89' lang='lat' dir='ltr'><strong>Deum</strong></span> <span class='ocrx_word' id='word_1_208' title='bbox 681 1537 733 1557; x_wconf 91' lang='lat' dir='ltr'><strong>non</strong></span> <span class='ocrx_word' id='word_1_209' title='bbox 752 1530 896 1561; x_wconf 81' lang='lat' dir='ltr'><strong>exsistere.</strong></span> <span class='ocrx_word' id='word_1_210' title='bbox 913 1537 962 1559; x_wconf 89' lang='lat' dir='ltr'><strong>aut</strong></span> <span class='ocrx_word' id='word_1_211' title='bbox 991 1539 1064 1562; x_wconf 80' lang='lat' dir='ltr'><strong>certe</strong></span> 
     </span>
    </p>
   </div>
   <div class='ocr_carea' id='block_1_32' title="bbox 269 1571 1062 1609">
    <p class='ocr_par' dir='ltr' id='par_1_32' title="bbox 269 1571 1062 1609">
     <span class='ocr_line' id='line_1_32' title="bbox 269 1571 1062 1609; baseline 0.011 -11"><span class='ocrx_word' id='word_1_212' title='bbox 269 1571 408 1600; x_wconf 88' lang='lat' dir='ltr'><strong>diversum</strong></span> <span class='ocrx_word' id='word_1_213' title='bbox 434 1581 495 1601; x_wconf 87' lang='lat' dir='ltr'><strong>esse</strong></span> <span class='ocrx_word' id='word_1_214' title='bbox 510 1575 605 1608; x_wconf 88' lang='lat' dir='ltr'><strong>deum;</strong></span> <span class='ocrx_word' id='word_1_215' title='bbox 624 1580 670 1602; x_wconf 90' lang='lat' dir='ltr'><strong>aut</strong></span> <span class='ocrx_word' id='word_1_216' title='bbox 686 1577 708 1604; x_wconf 90' lang='lat' dir='ltr'><strong>si</strong></span> <span class='ocrx_word' id='word_1_217' title='bbox 725 1582 776 1609; x_wconf 89' lang='lat' dir='ltr'><strong>est,</strong></span> <span class='ocrx_word' id='word_1_218' title='bbox 796 1578 823 1605; x_wconf 93' lang='lat' dir='ltr'><strong>in</strong></span> <span class='ocrx_word' id='word_1_219' title='bbox 849 1583 920 1606; x_wconf 87' lang='lat' dir='ltr'><strong>statu</strong></span> <span class='ocrx_word' id='word_1_220' title='bbox 938 1587 989 1607; x_wconf 92' lang='lat' dir='ltr'><strong>suo</strong></span> <span class='ocrx_word' id='word_1_221' title='bbox 1009 1588 1062 1607; x_wconf 92' lang='lat' dir='ltr'><strong>non</strong></span> 
     </span>
    </p>
   </div>
   <div class='ocr_carea' id='block_1_33' title="bbox 273 1620 1063 1658">
    <p class='ocr_par' dir='ltr' id='par_1_33' title="bbox 273 1620 1063 1658">
     <span class='ocr_line' id='line_1_33' title="bbox 273 1620 1063 1658; baseline 0.013 -15"><span class='ocrx_word' id='word_1_222' title='bbox 273 1624 444 1651; x_wconf 76' lang='lat' dir='ltr'><strong>permanere,</strong></span> <span class='ocrx_word' id='word_1_223' title='bbox 461 1620 508 1646; x_wconf 85' lang='lat' dir='ltr'><strong>sed</strong></span> <span class='ocrx_word' id='word_1_224' title='bbox 526 1625 553 1646; x_wconf 93' lang='lat' dir='ltr'><strong>ut</strong></span> <span class='ocrx_word' id='word_1_225' title='bbox 570 1620 600 1647; x_wconf 88' lang='lat' dir='ltr'><strong>lit</strong></span> <span class='ocrx_word' id='word_1_226' title='bbox 615 1622 790 1650; x_wconf 82' lang='lat' dir='ltr'><strong>nascentibus</strong></span> <span class='ocrx_word' id='word_1_227' title='bbox 806 1628 833 1650; x_wconf 89' lang='lat' dir='ltr'><strong>et</strong></span> <span class='ocrx_word' id='word_1_228' title='bbox 859 1629 950 1658; x_wconf 87' lang='lat' dir='ltr'><strong>postea</strong></span> <span class='ocrx_word' id='word_1_229' title='bbox 968 1633 1063 1653; x_wconf 85' lang='lat' dir='ltr'><strong>corru-</strong></span> 
     </span>
    </p>
   </div>
   <div class='ocr_carea' id='block_1_34' title="bbox 273 1661 1062 1704">
    <p class='ocr_par' dir='ltr' id='par_1_34' title="bbox 273 1661 1062 1704">
     <span class='ocr_line' id='line_1_34' title="bbox 273 1661 1062 1704; baseline 0.014 -16"><span class='ocrx_word' id='word_1_230' title='bbox 273 1661 394 1696; x_wconf 90' lang='lat' dir='ltr'><strong>ptionem</strong></span> <span class='ocrx_word' id='word_1_231' title='bbox 412 1664 590 1698; x_wconf 84' lang='lat' dir='ltr'><strong>patientibus,</strong></span> <span class='ocrx_word' id='word_1_232' title='bbox 609 1673 623 1692; x_wconf 89' lang='lat' dir='ltr'><strong>a</strong></span> <span class='ocrx_word' id='word_1_233' title='bbox 640 1674 690 1694; x_wconf 89' lang='lat' dir='ltr'><strong>suo</strong></span> <span class='ocrx_word' id='word_1_234' title='bbox 716 1667 777 1694; x_wconf 74' lang='lat' dir='ltr'><strong>vita:</strong></span> <span class='ocrx_word' id='word_1_235' title='bbox 802 1668 895 1695; x_wconf 87' lang='lat' dir='ltr'><strong>habitu</strong></span> <span class='ocrx_word' id='word_1_236' title='bbox 912 1670 1062 1704; x_wconf 87' lang='lat' dir='ltr'><strong>discedere,</strong></span> 
     </span>
    </p>
   </div>
   <div class='ocr_carea' id='block_1_35' title="bbox 275 1707 1065 1749">
    <p class='ocr_par' dir='ltr' id='par_1_35' title="bbox 275 1707 1065 1749">
     <span class='ocr_line' id='line_1_35' title="bbox 275 1707 1065 1749; baseline 0.016 -18"><span class='ocrx_word' id='word_1_237' title='bbox 275 1710 399 1740; x_wconf 82' lang='lat' dir='ltr'><strong>tempore</strong></span> <span class='ocrx_word' id='word_1_238' title='bbox 425 1707 598 1736; x_wconf 89' lang='lat' dir='ltr'><strong>immutatum</strong></span> <span class='ocrx_word' id='word_1_239' title='bbox 624 1719 630 1736; x_wconf 75' lang='grc' dir='ltr'><strong>ε</strong></span> <span class='ocrx_word' id='word_1_240' title='bbox 656 1711 736 1745; x_wconf 83' lang='lat' dir='ltr'><strong>cujus</strong></span> <span class='ocrx_word' id='word_1_241' title='bbox 759 1714 900 1740; x_wconf 67' lang='lat' dir='ltr'><strong>sententia:</strong></span> <span class='ocrx_word' id='word_1_242' title='bbox 913 1721 1014 1749; x_wconf 89' lang='lat' dir='ltr'><strong>quanta</strong></span> <span class='ocrx_word' id='word_1_243' title='bbox 1028 1717 1065 1744; x_wconf 86' lang='lat' dir='ltr'><strong>sit</strong></span> 
     </span>
    </p>
   </div>
   <div class='ocr_carea' id='block_1_36' title="bbox 270 1750 1061 1794">
    <p class='ocr_par' dir='ltr' id='par_1_36' title="bbox 270 1750 1061 1794">
     <span class='ocr_line' id='line_1_36' title="bbox 270 1750 1061 1794; baseline 0.016 -18"><span class='ocrx_word' id='word_1_244' title='bbox 270 1750 396 1785; x_wconf 81' lang='lat' dir='ltr'><strong>impietas</strong></span> <span class='ocrx_word' id='word_1_245' title='bbox 410 1751 488 1780; x_wconf 83' lang='lat' dir='ltr'><strong>facile</strong></span> <span class='ocrx_word' id='word_1_246' title='bbox 498 1753 676 1788; x_wconf 80' lang='lat' dir='ltr'><strong>dignoscitur.</strong></span> <span class='ocrx_word' id='word_1_247' title='bbox 692 1755 748 1785; x_wconf 83' lang='lat' dir='ltr'><strong>liae</strong></span> <span class='ocrx_word' id='word_1_248' title='bbox 759 1758 852 1792; x_wconf 84' lang='lat' dir='ltr'><strong>itaque</strong></span> <span class='ocrx_word' id='word_1_249' title='bbox 861 1760 954 1794; x_wconf 74' lang='lat' dir='ltr'><strong>regula</strong></span> <span class='ocrx_word' id='word_1_250' title='bbox 969 1766 1061 1789; x_wconf 88' lang='lat' dir='ltr'><strong>utatur</strong></span> 
     </span>
    </p>
   </div>
   <div class='ocr_carea' id='block_1_37' title="bbox 271 1796 1063 1835">
    <p class='ocr_par' dir='ltr' id='par_1_37' title="bbox 271 1796 1063 1835">
     <span class='ocr_line' id='line_1_37' title="bbox 271 1796 1063 1835; baseline 0.018 -14"><span class='ocrx_word' id='word_1_251' title='bbox 271 1796 396 1831; x_wconf 82' lang='lat' dir='ltr'><strong>quisquis</strong></span> <span class='ocrx_word' id='word_1_252' title='bbox 423 1799 564 1826; x_wconf 83' lang='lat' dir='ltr'><strong>veritatem</strong></span> <span class='ocrx_word' id='word_1_253' title='bbox 593 1801 714 1835; x_wconf 88' lang='lat' dir='ltr'><strong>apprime</strong></span> <span class='ocrx_word' id='word_1_254' title='bbox 731 1808 804 1830; x_wconf 85' lang='lat' dir='ltr'><strong>amat</strong></span> <span class='ocrx_word' id='word_1_255' title='bbox 824 1813 831 1832; x_wconf 82' lang='lat'>;</span> <span class='ocrx_word' id='word_1_256' title='bbox 848 1805 955 1833; x_wconf 82' lang='lat' dir='ltr'><strong>etiamsi</strong></span> <span class='ocrx_word' id='word_1_257' title='bbox 970 1807 1063 1834; x_wconf 85' lang='lat' dir='ltr'><strong>Molia-</strong></span> 
     </span>
    </p>
   </div>
   <div class='ocr_carea' id='block_1_38' title="bbox 271 1843 1063 1881">
    <p class='ocr_par' dir='ltr' id='par_1_38' title="bbox 271 1843 1063 1881">
     <span class='ocr_line' id='line_1_38' title="bbox 271 1843 1063 1881; baseline 0.018 -13"><span class='ocrx_word' id='word_1_258' title='bbox 271 1843 363 1870; x_wconf 76' lang='lat' dir='ltr'><strong>Incdes</strong></span> <span class='ocrx_word' id='word_1_259' title='bbox 377 1843 450 1870; x_wconf 85' lang='lat' dir='ltr'><strong>aliud</strong></span> <span class='ocrx_word' id='word_1_260' title='bbox 465 1846 615 1880; x_wconf 89' lang='lat' dir='ltr'><strong>quidquam</strong></span> <span class='ocrx_word' id='word_1_261' title='bbox 632 1847 758 1876; x_wconf 89' lang='lat' dir='ltr'><strong>admittat</strong></span> <span class='ocrx_word' id='word_1_262' title='bbox 775 1850 833 1878; x_wconf 86' lang='lat' dir='ltr'><strong>sive</strong></span> <span class='ocrx_word' id='word_1_263' title='bbox 846 1850 951 1880; x_wconf 82' lang='lat' dir='ltr'><strong>Veteris</strong></span> <span class='ocrx_word' id='word_1_264' title='bbox 966 1853 1063 1881; x_wconf 82' lang='lat' dir='ltr'><strong>Testa-</strong></span> 
     </span>
    </p>
   </div>
   <div class='ocr_carea' id='block_1_39' title="bbox 273 1889 1062 1932">
    <p class='ocr_par' dir='ltr' id='par_1_39' title="bbox 273 1889 1062 1932">
     <span class='ocr_line' id='line_1_39' title="bbox 273 1889 1062 1932; baseline 0.016 -18"><span class='ocrx_word' id='word_1_265' title='bbox 273 1889 356 1916; x_wconf 80' lang='lat' dir='ltr'><strong>menti</strong></span> <span class='ocrx_word' id='word_1_266' title='bbox 381 1889 439 1917; x_wconf 75' lang='lat' dir='ltr'><strong>sive</strong></span> <span class='ocrx_word' id='word_1_267' title='bbox 453 1890 537 1924; x_wconf 89' lang='lat' dir='ltr'><strong>Novi;</strong></span> <span class='ocrx_word' id='word_1_268' title='bbox 555 1893 637 1920; x_wconf 90' lang='lat' dir='ltr'><strong>audet</strong></span> <span class='ocrx_word' id='word_1_269' title='bbox 658 1895 729 1921; x_wconf 91' lang='lat' dir='ltr'><strong>enim</strong></span> <span class='ocrx_word' id='word_1_270' title='bbox 751 1895 808 1930; x_wconf 90' lang='lat' dir='ltr'><strong>ipse</strong></span> <span class='ocrx_word' id='word_1_271' title='bbox 824 1905 942 1932; x_wconf 80' lang='lat' dir='ltr'><strong>quoque.</strong></span> <span class='ocrx_word' id='word_1_272' title='bbox 959 1899 1062 1927; x_wconf 89' lang='lat' dir='ltr'><strong>invitus</strong></span> 
     </span>
    </p>
   </div>
   <div class='ocr_carea' id='block_1_40' title="bbox 272 1934 1062 1978">
    <p class='ocr_par' dir='ltr' id='par_1_40' title="bbox 272 1934 1062 1978">
     <span class='ocr_line' id='line_1_40' title="bbox 272 1934 1062 1978; baseline 0.015 -18"><span class='ocrx_word' id='word_1_273' title='bbox 272 1934 345 1967; x_wconf 89' lang='lat' dir='ltr'><strong>licet,</strong></span> <span class='ocrx_word' id='word_1_274' title='bbox 359 1936 511 1971; x_wconf 77' lang='lat' dir='ltr'><strong>virgineum</strong></span> <span class='ocrx_word' id='word_1_275' title='bbox 524 1942 630 1972; x_wconf 88' lang='lat' dir='ltr'><strong>partum</strong></span> <span class='ocrx_word' id='word_1_276' title='bbox 645 1940 784 1974; x_wconf 73' lang='lat' dir='ltr'><strong>confiteri;</strong></span> <span class='ocrx_word' id='word_1_277' title='bbox 802 1949 834 1969; x_wconf 79' lang='lat' dir='ltr'><strong>ex</strong></span> <span class='ocrx_word' id='word_1_278' title='bbox 863 1943 921 1977; x_wconf 80' lang='lat' dir='ltr'><strong>ipsa</strong></span> <span class='ocrx_word' id='word_1_279' title='bbox 939 1944 1062 1978; x_wconf 84' lang='lat' dir='ltr'><strong>ejusdem</strong></span> 
     </span>
    </p>
   </div>
   <div class='ocr_carea' id='block_1_41' title="bbox 270 1981 1062 2020">
    <p class='ocr_par' dir='ltr' id='par_1_41' title="bbox 270 1981 1062 2020">
     <span class='ocr_line' id='line_1_41' title="bbox 270 1981 1062 2020; baseline 0.014 -12"><span class='ocrx_word' id='word_1_280' title='bbox 270 1981 443 2010; x_wconf 81' lang='lat' dir='ltr'><strong>confessione</strong></span> <span class='ocrx_word' id='word_1_281' title='bbox 469 1984 541 2012; x_wconf 87' lang='lat' dir='ltr'><strong>hunc</strong></span> <span class='ocrx_word' id='word_1_282' title='bbox 567 1986 722 2014; x_wconf 85' lang='lat' dir='ltr'><strong>convincat.</strong></span> <span class='ocrx_word' id='word_1_283' title='bbox 742 1987 827 2016; x_wconf 86' lang='lat' dir='ltr'><strong>Valde</strong></span> <span class='ocrx_word' id='word_1_284' title='bbox 848 1989 922 2017; x_wconf 86' lang='lat' dir='ltr'><strong>enim</strong></span> <span class='ocrx_word' id='word_1_285' title='bbox 937 1990 1062 2020; x_wconf 86' lang='lat' dir='ltr'><strong>indoctus</strong></span> 
     </span>
    </p>
   </div>
   <div class='ocr_carea' id='block_1_42' title="bbox 269 2027 679 2060">
    <p class='ocr_par' dir='ltr' id='par_1_42' title="bbox 269 2027 679 2060">
     <span class='ocr_line' id='line_1_42' title="bbox 269 2027 679 2060; baseline 0.015 -7"><span class='ocrx_word' id='word_1_286' title='bbox 269 2031 310 2054; x_wconf 86' lang='lat' dir='ltr'><strong>est</strong></span> <span class='ocrx_word' id='word_1_287' title='bbox 325 2027 458 2056; x_wconf 84' lang='lat' dir='ltr'><strong>barbarus</strong></span> <span class='ocrx_word' id='word_1_288' title='bbox 472 2033 499 2056; x_wconf 91' lang='lat' dir='ltr'><strong>et</strong></span> <span class='ocrx_word' id='word_1_289' title='bbox 513 2029 679 2060; x_wconf 91' lang='lat' dir='ltr'><strong>ineruditus.</strong></span> 
     </span>
    </p>
   </div>
   <div class='ocr_carea' id='block_1_43' title="bbox 270 2071 1062 2115">
    <p class='ocr_par' dir='ltr' id='par_1_43' title="bbox 270 2071 1062 2115">
     <span class='ocr_line' id='line_1_43' title="bbox 270 2071 1062 2115; baseline 0.014 -16"><span class='ocrx_word' id='word_1_290' title='bbox 270 2071 366 2100; x_wconf 76' lang='lat' dir='ltr'><strong>XXIX.</strong></span> <span class='ocrx_word' id='word_1_291' title='bbox 383 2073 458 2101; x_wconf 80' lang='lat' dir='ltr'><strong>Falli</strong></span> <span class='ocrx_word' id='word_1_292' title='bbox 470 2083 513 2115; x_wconf 59' lang='grc' dir='ltr'><strong>τοι</strong></span> <span class='ocrx_word' id='word_1_293' title='bbox 530 2077 574 2115; x_wconf 66' lang='grc' dir='ltr'>ιιιιί</span> <span class='ocrx_word' id='word_1_294' title='bbox 591 2077 682 2115; x_wconf 69' lang='lat' dir='ltr'><strong>dicunt</strong></span> <span class='ocrx_word' id='word_1_295' title='bbox 698 2083 799 2113; x_wconf 77' lang='lat' dir='ltr'><strong>gentem</strong></span> <span class='ocrx_word' id='word_1_296' title='bbox 814 2079 995 2115; x_wconf 79' lang='lat' dir='ltr'><strong>Agareuorum</strong></span> <span class='ocrx_word' id='word_1_297' title='bbox 1015 2083 1062 2110; x_wconf 83' lang='lat' dir='ltr'><strong>Dei</strong></span> 
     </span>
    </p>
   </div>
   <div class='ocr_carea' id='block_1_44' title="bbox 489 2111 833 2142">
    <p class='ocr_par' dir='ltr' id='par_1_44' title="bbox 489 2111 833 2142">
     <span class='ocr_line' id='line_1_44' title="bbox 489 2111 833 2142; baseline 0.012 -5"><span class='ocrx_word' id='word_1_298' title='bbox 489 2111 581 2139; x_wconf 81' lang='lat' dir='ltr'><strong>Patris</strong></span> <span class='ocrx_word' id='word_1_299' title='bbox 594 2111 833 2142; x_wconf 43' lang='lat' dir='ltr'><strong>cultum-retinere.</strong></span> 
     </span>
    </p>
   </div>
   <div class='ocr_carea' id='block_1_45' title="bbox 307 2185 1061 2222">
    <p class='ocr_par' dir='ltr' id='par_1_45' title="bbox 307 2185 1061 2222">
     <span class='ocr_line' id='line_1_45' title="bbox 307 2185 1061 2222; baseline 0.015 -11"><span class='ocrx_word' id='word_1_300' title='bbox 307 2185 367 2212; x_wconf 75' lang='grc'><strong>102.</strong></span> <span class='ocrx_word' id='word_1_301' title='bbox 386 2185 454 2213; x_wconf 88' lang='lat' dir='ltr'><strong>Cum</strong></span> <span class='ocrx_word' id='word_1_302' title='bbox 467 2186 600 2216; x_wconf 85' lang='lat' dir='ltr'><strong>Dominus</strong></span> <span class='ocrx_word' id='word_1_303' title='bbox 617 2194 711 2217; x_wconf 87' lang='lat' dir='ltr'><strong>noster</strong></span> <span class='ocrx_word' id='word_1_304' title='bbox 728 2190 808 2218; x_wconf 84' lang='lat' dir='ltr'><strong>.Icsus</strong></span> <span class='ocrx_word' id='word_1_305' title='bbox 821 2191 946 2220; x_wconf 90' lang='lat' dir='ltr'><strong>Christus</strong></span> <span class='ocrx_word' id='word_1_306' title='bbox 962 2195 1061 2222; x_wconf 84' lang='lat' dir='ltr'><strong>veritas</strong></span> 
     </span>
    </p>
   </div>
   <div class='ocr_carea' id='block_1_46' title="bbox 270 2232 1060 2272">
    <p class='ocr_par' dir='ltr' id='par_1_46' title="bbox 270 2232 1060 2272">
     <span class='ocr_line' id='line_1_46' title="bbox 270 2232 1060 2272; baseline 0.014 -15"><span class='ocrx_word' id='word_1_307' title='bbox 270 2232 420 2266; x_wconf 82' lang='lat' dir='ltr'><strong>appelletur</strong></span> <span class='ocrx_word' id='word_1_308' title='bbox 445 2238 472 2260; x_wconf 93' lang='lat' dir='ltr'><strong>et</strong></span> <span class='ocrx_word' id='word_1_309' title='bbox 497 2234 541 2268; x_wconf 82' lang='lat' dir='ltr'><strong>sit,</strong></span> <span class='ocrx_word' id='word_1_310' title='bbox 559 2243 671 2264; x_wconf 89' lang='lat' dir='ltr'><strong>necesse</strong></span> <span class='ocrx_word' id='word_1_311' title='bbox 699 2241 739 2264; x_wconf 91' lang='lat' dir='ltr'><strong>est</strong></span> <span class='ocrx_word' id='word_1_312' title='bbox 767 2239 908 2266; x_wconf 87' lang='lat' dir='ltr'><strong>credentes</strong></span> <span class='ocrx_word' id='word_1_313' title='bbox 931 2241 967 2272; x_wconf 86' lang='lat' dir='ltr'><strong>ei,</strong></span> <span class='ocrx_word' id='word_1_314' title='bbox 990 2241 1060 2268; x_wconf 85' lang='lat' dir='ltr'><strong>haud</strong></span> 
     </span>
    </p>
   </div>
   <div class='ocr_carea' id='block_1_47' title="bbox 1114 295 1909 333">
    <p class='ocr_par' dir='ltr' id='par_1_47' title="bbox 1114 295 1909 333">
     <span class='ocr_line' id='line_1_47' title="bbox 1114 295 1909 333; baseline 0.001 -10"><span class='ocrx_word' id='word_1_315' title='bbox 1114 296 1144 323; x_wconf 83' lang='grc' dir='ltr'>τὸ</span> <span class='ocrx_word' id='word_1_316' title='bbox 1170 297 1300 331; x_wconf 85' lang='grc' dir='ltr'>πέλαγος,</span> <span class='ocrx_word' id='word_1_317' title='bbox 1319 296 1354 323; x_wconf 83' lang='grc' dir='ltr'><strong>δι’</strong></span> <span class='ocrx_word' id='word_1_318' title='bbox 1370 296 1433 322; x_wconf 81' lang='grc' dir='ltr'>ἄλλο</span> <span class='ocrx_word' id='word_1_319' title='bbox 1454 295 1530 323; x_wconf 76' lang='grc' dir='ltr'>οὐδὲν</span> <span class='ocrx_word' id='word_1_320' title='bbox 1544 296 1560 332; x_wconf 84' lang='grc' dir='ltr'><strong>ἢ</strong></span> <span class='ocrx_word' id='word_1_321' title='bbox 1576 295 1620 323; x_wconf 77' lang='grc' dir='ltr'>διὰ</span> <span class='ocrx_word' id='word_1_322' title='bbox 1637 296 1668 323; x_wconf 78' lang='grc' dir='ltr'><strong>τὸ</strong></span> <span class='ocrx_word' id='word_1_323' title='bbox 1678 296 1744 328; x_wconf 77' lang='grc' dir='ltr'>τοὺς</span> <span class='ocrx_word' id='word_1_324' title='bbox 1760 297 1844 324; x_wconf 76' lang='grc' dir='ltr'>αὐτοῦ</span> <span class='ocrx_word' id='word_1_325' title='bbox 1860 307 1909 333; x_wconf 87' lang='grc' dir='ltr'>φυ-</span> 
     </span>
    </p>
   </div>
   <div class='ocr_carea' id='block_1_48' title="bbox 1114 341 1911 377">
    <p class='ocr_par' dir='ltr' id='par_1_48' title="bbox 1114 341 1911 377">
     <span class='ocr_line' id='line_1_48' title="bbox 1114 341 1911 377; baseline 0.003 -9"><span class='ocrx_word' id='word_1_326' title='bbox 1114 342 1260 370; x_wconf 77' lang='grc' dir='ltr'>λάττεσθαι</span> <span class='ocrx_word' id='word_1_327' title='bbox 1285 341 1380 376; x_wconf 79' lang='grc' dir='ltr'>λόγους</span> <span class='ocrx_word' id='word_1_328' title='bbox 1394 342 1475 369; x_wconf 85' lang='grc' dir='ltr'>τοῦτο</span> <span class='ocrx_word' id='word_1_329' title='bbox 1497 342 1659 377; x_wconf 81' lang='grc' dir='ltr'>πεποίηκεν.</span> <span class='ocrx_word' id='word_1_330' title='bbox 1677 342 1708 369; x_wconf 89' lang='lat'>&#39;0</span> <span class='ocrx_word' id='word_1_331' title='bbox 1724 343 1791 377; x_wconf 91' lang='grc' dir='ltr'>γοῦν</span> <span class='ocrx_word' id='word_1_332' title='bbox 1805 343 1911 370; x_wconf 81' lang='grc' dir='ltr'>ἀθετῶν</span> 
     </span>
    </p>
   </div>
   <div class='ocr_carea' id='block_1_49' title="bbox 1113 388 1910 423">
    <p class='ocr_par' dir='ltr' id='par_1_49' title="bbox 1113 388 1910 423">
     <span class='ocr_line' id='line_1_49' title="bbox 1113 388 1910 423; baseline 0 -8"><span class='ocrx_word' id='word_1_333' title='bbox 1113 389 1177 420; x_wconf 78' lang='grc' dir='ltr'>τοὺς</span> <span class='ocrx_word' id='word_1_334' title='bbox 1192 388 1275 415; x_wconf 84' lang='grc' dir='ltr'>αὐτοῦ</span> <span class='ocrx_word' id='word_1_335' title='bbox 1287 389 1394 422; x_wconf 83' lang='grc' dir='ltr'>λόγους,</span> <span class='ocrx_word' id='word_1_336' title='bbox 1412 389 1545 423; x_wconf 83' lang='grc' dir='ltr'>πρότερον</span> <span class='ocrx_word' id='word_1_337' title='bbox 1560 388 1641 415; x_wconf 71' lang='grc' dir='ltr'>αὐτὸν</span> <span class='ocrx_word' id='word_1_338' title='bbox 1659 389 1752 415; x_wconf 82' lang='grc' dir='ltr'>ἀθετεῖ</span> <span class='ocrx_word' id='word_1_339' title='bbox 1763 397 1771 406; x_wconf 74' lang='grc' dir='ltr'><strong>ο</strong></span> <span class='ocrx_word' id='word_1_340' title='bbox 1787 389 1870 416; x_wconf 78' lang='grc' dir='ltr'>αὑτὸν</span> <span class='ocrx_word' id='word_1_341' title='bbox 1882 390 1910 416; x_wconf 80' lang='grc' dir='ltr'><strong>δὲ</strong></span> 
     </span>
    </p>
   </div>
   <div class='ocr_carea' id='block_1_50' title="bbox 1113 434 1911 471">
    <p class='ocr_par' dir='ltr' id='par_1_50' title="bbox 1113 434 1911 471">
     <span class='ocr_line' id='line_1_50' title="bbox 1113 434 1911 471; baseline 0.001 -10"><span class='ocrx_word' id='word_1_342' title='bbox 1113 435 1229 467; x_wconf 82' lang='grc' dir='ltr'><strong>ἀθετῶν,</strong></span> <span class='ocrx_word' id='word_1_343' title='bbox 1246 434 1294 461; x_wconf 80' lang='grc' dir='ltr'>καὶ</span> <span class='ocrx_word' id='word_1_344' title='bbox 1318 434 1348 461; x_wconf 79' lang='grc' dir='ltr'><strong>τὸ</strong></span> <span class='ocrx_word' id='word_1_345' title='bbox 1375 435 1440 470; x_wconf 81' lang='grc' dir='ltr'>παρ’</span> <span class='ocrx_word' id='word_1_346' title='bbox 1463 434 1546 461; x_wconf 85' lang='grc' dir='ltr'>αὑτοῦ</span> <span class='ocrx_word' id='word_1_347' title='bbox 1567 434 1735 469; x_wconf 84' lang='grc' dir='ltr'>γεγενῆσθαι</span> <span class='ocrx_word' id='word_1_348' title='bbox 1760 435 1791 462; x_wconf 83' lang='grc' dir='ltr'><strong>τὸ</strong></span> <span class='ocrx_word' id='word_1_349' title='bbox 1817 435 1911 471; x_wconf 82' lang='grc' dir='ltr'>θαῦμα</span> 
     </span>
    </p>
   </div>
   <div class='ocr_carea' id='block_1_51' title="bbox 1113 479 1909 516">
    <p class='ocr_par' dir='ltr' id='par_1_51' title="bbox 1113 479 1909 516">
     <span class='ocr_line' id='line_1_51' title="bbox 1113 479 1909 516; baseline 0 -10"><span class='ocrx_word' id='word_1_350' title='bbox 1113 479 1224 507; x_wconf 85' lang='grc' dir='ltr'>ἀθετεῖ·</span> <span class='ocrx_word' id='word_1_351' title='bbox 1253 481 1440 516; x_wconf 85' lang='grc' dir='ltr'><strong>γεγενημένον</strong></span> <span class='ocrx_word' id='word_1_352' title='bbox 1464 489 1493 507; x_wconf 87' lang='grc' dir='ltr'><strong>τε</strong></span> <span class='ocrx_word' id='word_1_353' title='bbox 1509 480 1579 512; x_wconf 80' lang='grc' dir='ltr'>ὅλως</span> <span class='ocrx_word' id='word_1_354' title='bbox 1595 480 1626 507; x_wconf 88' lang='grc' dir='ltr'>τδ</span> <span class='ocrx_word' id='word_1_355' title='bbox 1649 480 1742 515; x_wconf 76' lang='grc' dir='ltr'>θαῦμα</span> <span class='ocrx_word' id='word_1_356' title='bbox 1758 481 1909 516; x_wconf 78' lang='grc' dir='ltr'>ὁμολογῶν,</span> 
     </span>
    </p>
   </div>
   <div class='ocr_carea' id='block_1_52' title="bbox 1114 524 1910 563">
    <p class='ocr_par' dir='ltr' id='par_1_52' title="bbox 1114 524 1910 563">
     <span class='ocr_line' id='line_1_52' title="bbox 1114 524 1910 563; baseline 0.003 -12"><span class='ocrx_word' id='word_1_357' title='bbox 1114 525 1181 560; x_wconf 82' lang='grc' dir='ltr'>παρ’</span> <span class='ocrx_word' id='word_1_358' title='bbox 1195 524 1276 552; x_wconf 82' lang='grc' dir='ltr'>ἄλλου</span> <span class='ocrx_word' id='word_1_359' title='bbox 1292 525 1402 556; x_wconf 80' lang='grc' dir='ltr'>πάντως</span> <span class='ocrx_word' id='word_1_360' title='bbox 1417 525 1484 552; x_wconf 81' lang='grc' dir='ltr'>αὐτὸ</span> <span class='ocrx_word' id='word_1_361' title='bbox 1498 525 1666 560; x_wconf 77' lang='grc' dir='ltr'>γεγενῆσθαι</span> <span class='ocrx_word' id='word_1_362' title='bbox 1690 526 1774 560; x_wconf 84' lang='grc' dir='ltr'><strong>λέγει,</strong></span> <span class='ocrx_word' id='word_1_363' title='bbox 1787 527 1816 553; x_wconf 80' lang='grc' dir='ltr'>οὐ</span> <span class='ocrx_word' id='word_1_364' title='bbox 1833 527 1910 563; x_wconf 72' lang='grc' dir='ltr'>παρὰ</span> 
     </span>
    </p>
   </div>
   <div class='ocr_carea' id='block_1_53' title="bbox 1114 569 1896 608">
    <p class='ocr_par' dir='ltr' id='par_1_53' title="bbox 1114 569 1896 608">
     <span class='ocr_line' id='line_1_53' title="bbox 1114 569 1896 608; baseline 0.001 -10"><span class='ocrx_word' id='word_1_365' title='bbox 1114 572 1161 598; x_wconf 82' lang='grc' dir='ltr'><strong>τοῦ</strong></span> <span class='ocrx_word' id='word_1_366' title='bbox 1174 572 1346 607; x_wconf 83' lang='grc' dir='ltr'>γεγραφότος</span> <span class='ocrx_word' id='word_1_367' title='bbox 1358 573 1423 604; x_wconf 79' lang='grc' dir='ltr'>τοὺς</span> <span class='ocrx_word' id='word_1_368' title='bbox 1435 572 1532 606; x_wconf 87' lang='grc' dir='ltr'>λόγους</span> <span class='ocrx_word' id='word_1_369' title='bbox 1551 573 1581 598; x_wconf 88' lang='grc' dir='ltr'>ὲν</span> <span class='ocrx_word' id='word_1_370' title='bbox 1594 569 1635 604; x_wconf 77' lang='grc' dir='ltr'>οἷς</span> <span class='ocrx_word' id='word_1_371' title='bbox 1650 573 1697 599; x_wconf 76' lang='grc' dir='ltr'>καὶ</span> <span class='ocrx_word' id='word_1_372' title='bbox 1713 572 1792 600; x_wconf 87' lang='grc' dir='ltr'>τοῦτο</span> <span class='ocrx_word' id='word_1_373' title='bbox 1808 573 1896 608; x_wconf 84' lang='grc' dir='ltr'>γέγρα</span> 
     </span>
    </p>
   </div>
   <div class='ocr_carea' id='block_1_54' title="bbox 1115 617 1911 654">
    <p class='ocr_par' dir='ltr' id='par_1_54' title="bbox 1115 617 1911 654">
     <span class='ocr_line' id='line_1_54' title="bbox 1115 617 1911 654; baseline 0 -10"><span class='ocrx_word' id='word_1_374' title='bbox 1115 626 1182 645; x_wconf 86' lang='grc' dir='ltr'>πται</span> <span class='ocrx_word' id='word_1_375' title='bbox 1199 618 1230 645; x_wconf 82' lang='grc' dir='ltr'>τὸ</span> <span class='ocrx_word' id='word_1_376' title='bbox 1242 618 1353 654; x_wconf 65' lang='grc' dir='ltr'>θαῦμιν</span> <span class='ocrx_word' id='word_1_377' title='bbox 1366 617 1436 645; x_wconf 84' lang='grc' dir='ltr'>ὥστε</span> <span class='ocrx_word' id='word_1_378' title='bbox 1453 618 1530 654; x_wconf 83' lang='grc' dir='ltr'>διττὴ</span> <span class='ocrx_word' id='word_1_379' title='bbox 1545 618 1628 646; x_wconf 81' lang='grc' dir='ltr'>αὑτοῦ</span> <span class='ocrx_word' id='word_1_380' title='bbox 1642 619 1658 653; x_wconf 80' lang='grc' dir='ltr'><strong>ἡ</strong></span> <span class='ocrx_word' id='word_1_381' title='bbox 1670 618 1793 650; x_wconf 78' lang='grc' dir='ltr'>ἀσέϐεια,</span> <span class='ocrx_word' id='word_1_382' title='bbox 1811 618 1911 654; x_wconf 83' lang='grc' dir='ltr'>μᾶλλον</span> 
     </span>
    </p>
   </div>
   <div class='ocr_carea' id='block_1_55' title="bbox 1113 664 1911 701">
    <p class='ocr_par' dir='ltr' id='par_1_55' title="bbox 1113 664 1911 701">
     <span class='ocr_line' id='line_1_55' title="bbox 1113 664 1911 701; baseline 0 -10"><span class='ocrx_word' id='word_1_383' title='bbox 1113 664 1142 692; x_wconf 72' lang='grc' dir='ltr'><strong>δὲ</strong></span> <span class='ocrx_word' id='word_1_384' title='bbox 1160 665 1208 691; x_wconf 75' lang='grc' dir='ltr'>καὶ</span> <span class='ocrx_word' id='word_1_385' title='bbox 1225 665 1332 700; x_wconf 83' lang='grc' dir='ltr'>τριττὴ,</span> <span class='ocrx_word' id='word_1_386' title='bbox 1347 665 1388 692; x_wconf 79' lang='grc' dir='ltr'>ὅτι</span> <span class='ocrx_word' id='word_1_387' title='bbox 1403 673 1434 692; x_wconf 85' lang='grc' dir='ltr'><strong>τε</strong></span> <span class='ocrx_word' id='word_1_388' title='bbox 1460 664 1640 701; x_wconf 81' lang='grc' dir='ltr'>ἀφαιρεῖσθαι</span> <span class='ocrx_word' id='word_1_389' title='bbox 1665 665 1711 691; x_wconf 88' lang='grc' dir='ltr'><strong>τοῦ</strong></span> <span class='ocrx_word' id='word_1_390' title='bbox 1725 665 1911 700; x_wconf 77' lang='grc' dir='ltr'>πεποιηκότος</span> 
     </span>
    </p>
   </div>
   <div class='ocr_carea' id='block_1_56' title="bbox 1113 710 1908 747">
    <p class='ocr_par' dir='ltr' id='par_1_56' title="bbox 1113 710 1908 747">
     <span class='ocr_line' id='line_1_56' title="bbox 1113 710 1908 747; baseline 0 -9"><span class='ocrx_word' id='word_1_391' title='bbox 1113 710 1181 738; x_wconf 85' lang='grc' dir='ltr'>Θεοῦ</span> <span class='ocrx_word' id='word_1_392' title='bbox 1194 711 1224 738; x_wconf 76' lang='grc' dir='ltr'><strong>τὺ</strong></span> <span class='ocrx_word' id='word_1_393' title='bbox 1238 711 1332 747; x_wconf 82' lang='grc' dir='ltr'>θαῦμα</span> <span class='ocrx_word' id='word_1_394' title='bbox 1342 719 1349 726; x_wconf 95' lang='grc'><strong>·</strong></span> <span class='ocrx_word' id='word_1_395' title='bbox 1362 711 1409 738; x_wconf 68' lang='grc' dir='ltr'>καὶ</span> <span class='ocrx_word' id='word_1_396' title='bbox 1422 711 1463 738; x_wconf 85' lang='grc' dir='ltr'>ὃτι</span> <span class='ocrx_word' id='word_1_397' title='bbox 1476 712 1513 747; x_wconf 81' lang='grc' dir='ltr'>μὴ</span> <span class='ocrx_word' id='word_1_398' title='bbox 1527 711 1566 746; x_wconf 85' lang='grc' dir='ltr'>τῷ</span> <span class='ocrx_word' id='word_1_399' title='bbox 1577 711 1739 746; x_wconf 78' lang='grc' dir='ltr'>πεποιηκότι</span> <span class='ocrx_word' id='word_1_400' title='bbox 1754 711 1908 746; x_wconf 77' lang='grc' dir='ltr'>χαρίζεται.</span> 
     </span>
    </p>
   </div>
   <div class='ocr_carea' id='block_1_57' title="bbox 1114 756 1910 793">
    <p class='ocr_par' dir='ltr' id='par_1_57' title="bbox 1114 756 1910 793">
     <span class='ocr_line' id='line_1_57' title="bbox 1114 756 1910 793; baseline 0 -10"><span class='ocrx_word' id='word_1_401' title='bbox 1114 756 1163 788; x_wconf 90' lang='grc' dir='ltr'>Τίς</span> <span class='ocrx_word' id='word_1_402' title='bbox 1176 757 1204 784; x_wconf 79' lang='grc' dir='ltr'>δέ</span> <span class='ocrx_word' id='word_1_403' title='bbox 1219 757 1295 784; x_wconf 71' lang='grc' dir='ltr'>ἐστιν</span> <span class='ocrx_word' id='word_1_404' title='bbox 1309 758 1322 784; x_wconf 83' lang='grc' dir='ltr'><strong>ό</strong></span> <span class='ocrx_word' id='word_1_405' title='bbox 1335 757 1366 789; x_wconf 74' lang='grc' dir='ltr'><strong>ἐξ</strong></span> <span class='ocrx_word' id='word_1_406' title='bbox 1380 757 1467 793; x_wconf 84' lang='grc' dir='ltr'>ἀρχῆς</span> <span class='ocrx_word' id='word_1_407' title='bbox 1486 757 1558 784; x_wconf 81' lang='grc' dir='ltr'>κατὰ</span> <span class='ocrx_word' id='word_1_408' title='bbox 1571 757 1622 792; x_wconf 81' lang='grc' dir='ltr'>τῆς</span> <span class='ocrx_word' id='word_1_409' title='bbox 1631 756 1708 788; x_wconf 82' lang='grc' dir='ltr'>θείας</span> <span class='ocrx_word' id='word_1_410' title='bbox 1725 757 1910 792; x_wconf 76' lang='grc' dir='ltr'>ἐπαιρόμενος</span> 
     </span>
    </p>
   </div>
   <div class='ocr_carea' id='block_1_58' title="bbox 1112 801 1909 838">
    <p class='ocr_par' dir='ltr' id='par_1_58' title="bbox 1112 801 1909 838">
     <span class='ocr_line' id='line_1_58' title="bbox 1112 801 1909 838; baseline 0 -9"><span class='ocrx_word' id='word_1_411' title='bbox 1112 801 1210 837; x_wconf 76' lang='grc' dir='ltr'>δόξης,</span> <span class='ocrx_word' id='word_1_412' title='bbox 1240 803 1335 836; x_wconf 83' lang='grc' dir='ltr'>σαφῶς</span> <span class='ocrx_word' id='word_1_413' title='bbox 1364 803 1492 838; x_wconf 78' lang='grc' dir='ltr'>οἴδαμεν·</span> <span class='ocrx_word' id='word_1_414' title='bbox 1520 802 1616 830; x_wconf 81' lang='grc' dir='ltr'>τοῦτον</span> <span class='ocrx_word' id='word_1_415' title='bbox 1645 801 1693 830; x_wconf 66' lang='grc' dir='ltr'>οὖν</span> <span class='ocrx_word' id='word_1_416' title='bbox 1718 802 1772 838; x_wconf 84' lang='grc' dir='ltr'><strong>ἄρα</strong></span> <span class='ocrx_word' id='word_1_417' title='bbox 1799 803 1909 834; x_wconf 79' lang='grc' dir='ltr'>πάντως</span> 
     </span>
    </p>
   </div>
   <div class='ocr_carea' id='block_1_59' title="bbox 1112 848 1908 885">
    <p class='ocr_par' dir='ltr' id='par_1_59' title="bbox 1112 848 1908 885">
     <span class='ocr_line' id='line_1_59' title="bbox 1112 848 1908 885; baseline 0 -10"><span class='ocrx_word' id='word_1_418' title='bbox 1112 848 1219 883; x_wconf 82' lang='grc' dir='ltr'><strong>ἀνάγκη</strong></span> <span class='ocrx_word' id='word_1_419' title='bbox 1231 848 1360 876; x_wconf 77' lang='grc' dir='ltr'>σέϐεσθαι</span> <span class='ocrx_word' id='word_1_420' title='bbox 1373 848 1459 876; x_wconf 84' lang='grc' dir='ltr'>ταῦτα</span> <span class='ocrx_word' id='word_1_421' title='bbox 1473 848 1625 885; x_wconf 84' lang='grc' dir='ltr'><strong>φρονοῦντα</strong></span> <span class='ocrx_word' id='word_1_422' title='bbox 1635 857 1642 865; x_wconf 87' lang='grc'>·</span> <span class='ocrx_word' id='word_1_423' title='bbox 1657 848 1674 884; x_wconf 77' lang='grc' dir='ltr'>ἢ</span> <span class='ocrx_word' id='word_1_424' title='bbox 1689 848 1835 884; x_wconf 76' lang='grc' dir='ltr'>ἠλλοίωται</span> <span class='ocrx_word' id='word_1_425' title='bbox 1848 849 1908 875; x_wconf 86' lang='grc' dir='ltr'>κατ’</span> 
     </span>
    </p>
   </div>
   <div class='ocr_carea' id='block_1_60' title="bbox 1112 894 1908 930">
    <p class='ocr_par' dir='ltr' id='par_1_60' title="bbox 1112 894 1908 930">
     <span class='ocr_line' id='line_1_60' title="bbox 1112 894 1908 930; baseline 0.001 -10"><span class='ocrx_word' id='word_1_426' title='bbox 1112 894 1193 921; x_wconf 80' lang='grc' dir='ltr'>αὐτὸν</span> <span class='ocrx_word' id='word_1_427' title='bbox 1207 895 1238 922; x_wconf 79' lang='grc' dir='ltr'>τὸ</span> <span class='ocrx_word' id='word_1_428' title='bbox 1252 895 1329 922; x_wconf 85' lang='grc' dir='ltr'>Θεῖον</span> <span class='ocrx_word' id='word_1_429' title='bbox 1339 896 1387 922; x_wconf 79' lang='grc' dir='ltr'>καὶ</span> <span class='ocrx_word' id='word_1_430' title='bbox 1398 895 1563 930; x_wconf 79' lang='grc' dir='ltr'>τέτραπται,</span> <span class='ocrx_word' id='word_1_431' title='bbox 1579 895 1626 921; x_wconf 76' lang='grc' dir='ltr'>καὶ</span> <span class='ocrx_word' id='word_1_432' title='bbox 1637 895 1688 922; x_wconf 83' lang='grc' dir='ltr'>οὐκ</span> <span class='ocrx_word' id='word_1_433' title='bbox 1702 895 1743 927; x_wconf 86' lang='grc' dir='ltr'><strong>είς</strong></span> <span class='ocrx_word' id='word_1_434' title='bbox 1761 895 1806 922; x_wconf 82' lang='grc' dir='ltr'><strong>τὸν</strong></span> <span class='ocrx_word' id='word_1_435' title='bbox 1821 895 1908 922; x_wconf 62' lang='lat' dir='ltr'><strong>etiam</strong></span> 
     </span>
    </p>
   </div>
   <div class='ocr_carea' id='block_1_61' title="bbox 1079 929 1909 976">
    <p class='ocr_par' dir='ltr' id='par_1_61' title="bbox 1079 929 1909 976">
     <span class='ocr_line' id='line_1_61' title="bbox 1079 929 1909 976; baseline 0 -9"><span class='ocrx_word' id='word_1_436' title='bbox 1079 929 1101 956; x_wconf 76' lang='grc' dir='ltr'><em>Β</em></span> <span class='ocrx_word' id='word_1_437' title='bbox 1114 941 1128 967; x_wconf 82' lang='grc' dir='ltr'>ὀ</span> <span class='ocrx_word' id='word_1_438' title='bbox 1143 940 1221 974; x_wconf 80' lang='grc' dir='ltr'>λόγος</span> <span class='ocrx_word' id='word_1_439' title='bbox 1236 941 1318 967; x_wconf 83' lang='grc' dir='ltr'>αὑτοῦ</span> <span class='ocrx_word' id='word_1_440' title='bbox 1330 929 1464 976; x_wconf 80' lang='grc' dir='ltr'>διαμένει,</span> <span class='ocrx_word' id='word_1_441' title='bbox 1479 941 1539 968; x_wconf 78' lang='grc' dir='ltr'><strong>οὐδὲ</strong></span> <span class='ocrx_word' id='word_1_442' title='bbox 1566 940 1657 967; x_wconf 83' lang='grc' dir='ltr'>πάντα</span> <span class='ocrx_word' id='word_1_443' title='bbox 1681 939 1715 966; x_wconf 83' lang='grc' dir='ltr'><strong>τὰ</strong></span> <span class='ocrx_word' id='word_1_444' title='bbox 1741 940 1811 976; x_wconf 79' lang='grc' dir='ltr'>ἔργα</span> <span class='ocrx_word' id='word_1_445' title='bbox 1824 941 1909 967; x_wconf 76' lang='grc' dir='ltr'>αὑτοῦ</span> 
     </span>
    </p>
   </div>
   <div class='ocr_carea' id='block_1_62' title="bbox 1115 986 1911 1022">
    <p class='ocr_par' dir='ltr' id='par_1_62' title="bbox 1115 986 1911 1022">
     <span class='ocr_line' id='line_1_62' title="bbox 1115 986 1911 1022; baseline -0.003 -8"><span class='ocrx_word' id='word_1_446' title='bbox 1115 986 1244 1021; x_wconf 74' lang='grc' dir='ltr'>ἀληθινὰ·</span> <span class='ocrx_word' id='word_1_447' title='bbox 1261 986 1319 1014; x_wconf 82' lang='grc' dir='ltr'>ἀλλ’</span> <span class='ocrx_word' id='word_1_448' title='bbox 1347 986 1511 1022; x_wconf 78' lang='grc' dir='ltr'>ἀπερῤίφθω</span> <span class='ocrx_word' id='word_1_449' title='bbox 1539 987 1580 1018; x_wconf 85' lang='grc' dir='ltr'><strong>εἰς</strong></span> <span class='ocrx_word' id='word_1_450' title='bbox 1595 986 1718 1021; x_wconf 77' lang='grc' dir='ltr'>κεφαλὰς</span> <span class='ocrx_word' id='word_1_451' title='bbox 1744 986 1801 1012; x_wconf 90' lang='grc' dir='ltr'><strong>τῶν</strong></span> <span class='ocrx_word' id='word_1_452' title='bbox 1814 987 1911 1013; x_wconf 83' lang='grc' dir='ltr'>αἰτίων</span> 
     </span>
    </p>
   </div>
   <div class='ocr_carea' id='block_1_63' title="bbox 1113 1031 1910 1067">
    <p class='ocr_par' dir='ltr' id='par_1_63' title="bbox 1113 1031 1910 1067">
     <span class='ocr_line' id='line_1_63' title="bbox 1113 1031 1910 1067; baseline 0 -9"><span class='ocrx_word' id='word_1_453' title='bbox 1113 1032 1164 1067; x_wconf 85' lang='grc' dir='ltr'>τῆς</span> <span class='ocrx_word' id='word_1_454' title='bbox 1173 1031 1347 1067; x_wconf 82' lang='grc' dir='ltr'>βλασφημίας</span> <span class='ocrx_word' id='word_1_455' title='bbox 1362 1033 1392 1059; x_wconf 79' lang='grc' dir='ltr'>τὸ</span> <span class='ocrx_word' id='word_1_456' title='bbox 1404 1032 1516 1060; x_wconf 78' lang='grc' dir='ltr'>ἄτοπον.</span> <span class='ocrx_word' id='word_1_457' title='bbox 1531 1032 1563 1058; x_wconf 86' lang='lat' dir='ltr'><strong>El</strong></span> <span class='ocrx_word' id='word_1_458' title='bbox 1577 1032 1605 1058; x_wconf 81' lang='grc' dir='ltr'><strong>δὲ</strong></span> <span class='ocrx_word' id='word_1_459' title='bbox 1621 1031 1756 1067; x_wconf 74' lang='grc' dir='ltr'>ἄτρεπτον</span> <span class='ocrx_word' id='word_1_460' title='bbox 1769 1032 1816 1059; x_wconf 75' lang='grc' dir='ltr'>καὶ</span> <span class='ocrx_word' id='word_1_461' title='bbox 1829 1033 1910 1059; x_wconf 76' lang='grc' dir='ltr'>ἀναλ-</span> 
     </span>
    </p>
   </div>
   <div class='ocr_carea' id='block_1_64' title="bbox 1114 1077 1912 1113">
    <p class='ocr_par' dir='ltr' id='par_1_64' title="bbox 1114 1077 1912 1113">
     <span class='ocr_line' id='line_1_64' title="bbox 1114 1077 1912 1113; baseline 0 -9"><span class='ocrx_word' id='word_1_462' title='bbox 1114 1077 1225 1105; x_wconf 87' lang='grc' dir='ltr'>λοίωτον</span> <span class='ocrx_word' id='word_1_463' title='bbox 1241 1078 1364 1113; x_wconf 84' lang='grc' dir='ltr'>διαμένει</span> <span class='ocrx_word' id='word_1_464' title='bbox 1378 1078 1408 1104; x_wconf 80' lang='grc' dir='ltr'><strong>τὺ</strong></span> <span class='ocrx_word' id='word_1_465' title='bbox 1421 1078 1508 1111; x_wconf 82' lang='grc' dir='ltr'>Θεῖον,</span> <span class='ocrx_word' id='word_1_466' title='bbox 1528 1077 1611 1109; x_wconf 80' lang='grc' dir='ltr'>αὐτὸς</span> <span class='ocrx_word' id='word_1_467' title='bbox 1632 1078 1682 1113; x_wconf 75' lang='grc' dir='ltr'>μὲν</span> <span class='ocrx_word' id='word_1_468' title='bbox 1701 1078 1912 1113; x_wconf 81' lang='grc' dir='ltr'>ἀνατετραμμέ-</span> 
     </span>
    </p>
   </div>
   <div class='ocr_carea' id='block_1_65' title="bbox 1114 1123 1911 1159">
    <p class='ocr_par' dir='ltr' id='par_1_65' title="bbox 1114 1123 1911 1159">
     <span class='ocr_line' id='line_1_65' title="bbox 1114 1123 1911 1159; baseline -0.001 -9"><span class='ocrx_word' id='word_1_469' title='bbox 1114 1132 1159 1155; x_wconf 85' lang='grc' dir='ltr'><strong>νος</strong></span> <span class='ocrx_word' id='word_1_470' title='bbox 1178 1123 1293 1159; x_wconf 80' lang='grc' dir='ltr'>ὑπάρξει</span> <span class='ocrx_word' id='word_1_471' title='bbox 1312 1124 1350 1156; x_wconf 83' lang='grc' dir='ltr'>ὡς</span> <span class='ocrx_word' id='word_1_472' title='bbox 1360 1124 1494 1159; x_wconf 82' lang='grc' dir='ltr'>δυσσεὸὴς</span> <span class='ocrx_word' id='word_1_473' title='bbox 1511 1123 1748 1159; x_wconf 75' lang='grc' dir='ltr'>μεταϐαλλόμενον</span> <span class='ocrx_word' id='word_1_474' title='bbox 1764 1123 1810 1150; x_wconf 77' lang='grc' dir='ltr'>καὶ</span> <span class='ocrx_word' id='word_1_475' title='bbox 1825 1131 1911 1158; x_wconf 84' lang='grc' dir='ltr'>μετα-</span> 
     </span>
    </p>
   </div>
   <div class='ocr_carea' id='block_1_66' title="bbox 1114 1169 1915 1205">
    <p class='ocr_par' dir='ltr' id='par_1_66' title="bbox 1114 1169 1915 1205">
     <span class='ocr_line' id='line_1_66' title="bbox 1114 1169 1915 1205; baseline -0.001 -9"><span class='ocrx_word' id='word_1_476' title='bbox 1114 1171 1282 1205; x_wconf 83' lang='grc' dir='ltr'>τρεπόμενον</span> <span class='ocrx_word' id='word_1_477' title='bbox 1303 1170 1474 1205; x_wconf 81' lang='grc' dir='ltr'>βλασφημῶν</span> <span class='ocrx_word' id='word_1_478' title='bbox 1501 1170 1532 1196; x_wconf 82' lang='grc' dir='ltr'>τδ</span> <span class='ocrx_word' id='word_1_479' title='bbox 1556 1169 1645 1202; x_wconf 81' lang='grc' dir='ltr'>Θεῖον,</span> <span class='ocrx_word' id='word_1_480' title='bbox 1674 1169 1721 1196; x_wconf 72' lang='grc' dir='ltr'>καὶ</span> <span class='ocrx_word' id='word_1_481' title='bbox 1742 1170 1807 1200; x_wconf 75' lang='grc' dir='ltr'>τοὺς</span> <span class='ocrx_word' id='word_1_482' title='bbox 1825 1169 1915 1196; x_wconf 66' lang='grc' dir='ltr'>αὑτοῦ</span> 
     </span>
    </p>
   </div>
   <div class='ocr_carea' id='block_1_67' title="bbox 1115 1215 1911 1251">
    <p class='ocr_par' dir='ltr' id='par_1_67' title="bbox 1115 1215 1911 1251">
     <span class='ocr_line' id='line_1_67' title="bbox 1115 1215 1911 1251; baseline -0.001 -9"><span class='ocrx_word' id='word_1_483' title='bbox 1115 1215 1256 1251; x_wconf 78' lang='grc' dir='ltr'>ὴθετηκὼς</span> <span class='ocrx_word' id='word_1_484' title='bbox 1269 1216 1366 1250; x_wconf 83' lang='grc' dir='ltr'>λόγους</span> <span class='ocrx_word' id='word_1_485' title='bbox 1380 1225 1387 1232; x_wconf 92' lang='grc'><strong>·</strong></span> <span class='ocrx_word' id='word_1_486' title='bbox 1407 1215 1557 1251; x_wconf 74' lang='grc' dir='ltr'>μεθέξομεν</span> <span class='ocrx_word' id='word_1_487' title='bbox 1572 1215 1600 1242; x_wconf 82' lang='grc' dir='ltr'><strong>δὲ</strong></span> <span class='ocrx_word' id='word_1_488' title='bbox 1614 1215 1665 1250; x_wconf 79' lang='grc' dir='ltr'>τῆς</span> <span class='ocrx_word' id='word_1_489' title='bbox 1679 1215 1763 1242; x_wconf 81' lang='grc' dir='ltr'>αὐτοῦ</span> <span class='ocrx_word' id='word_1_490' title='bbox 1777 1215 1911 1251; x_wconf 77' lang='grc' dir='ltr'>ἀτερψίας</span> 
     </span>
    </p>
   </div>
   <div class='ocr_carea' id='block_1_68' title="bbox 1115 1261 1914 1297">
    <p class='ocr_par' dir='ltr' id='par_1_68' title="bbox 1115 1261 1914 1297">
     <span class='ocr_line' id='line_1_68' title="bbox 1115 1261 1914 1297; baseline -0.001 -9"><span class='ocrx_word' id='word_1_491' title='bbox 1115 1262 1207 1297; x_wconf 81' lang='grc' dir='ltr'>χάριτι</span> <span class='ocrx_word' id='word_1_492' title='bbox 1228 1262 1251 1288; x_wconf 85' lang='grc' dir='ltr'>οἰ</span> <span class='ocrx_word' id='word_1_493' title='bbox 1272 1262 1320 1288; x_wconf 71' lang='grc' dir='ltr'>καὶ</span> <span class='ocrx_word' id='word_1_494' title='bbox 1334 1262 1364 1288; x_wconf 75' lang='grc' dir='ltr'>τὸ</span> <span class='ocrx_word' id='word_1_495' title='bbox 1389 1261 1484 1296; x_wconf 85' lang='grc' dir='ltr'>θαῦμα</span> <span class='ocrx_word' id='word_1_496' title='bbox 1510 1261 1750 1296; x_wconf 81' lang='grc' dir='ltr'>προσδεδεγμένοι,</span> <span class='ocrx_word' id='word_1_497' title='bbox 1774 1261 1822 1287; x_wconf 78' lang='grc' dir='ltr'>καὶ</span> <span class='ocrx_word' id='word_1_498' title='bbox 1846 1261 1914 1292; x_wconf 75' lang='grc' dir='ltr'>τοὺς</span> 
     </span>
    </p>
   </div>
   <div class='ocr_carea' id='block_1_69' title="bbox 1115 1305 1910 1342">
    <p class='ocr_par' dir='ltr' id='par_1_69' title="bbox 1115 1305 1910 1342">
     <span class='ocr_line' id='line_1_69' title="bbox 1115 1305 1910 1342; baseline -0.003 -9"><span class='ocrx_word' id='word_1_499' title='bbox 1115 1307 1213 1341; x_wconf 80' lang='grc' dir='ltr'>νόμους</span> <span class='ocrx_word' id='word_1_500' title='bbox 1229 1306 1396 1342; x_wconf 76' lang='grc' dir='ltr'>πληροῦντες</span> <span class='ocrx_word' id='word_1_501' title='bbox 1413 1307 1459 1333; x_wconf 76' lang='grc' dir='ltr'>καὶ</span> <span class='ocrx_word' id='word_1_502' title='bbox 1476 1306 1654 1339; x_wconf 73' lang='grc' dir='ltr'>τελειοῦντες,</span> <span class='ocrx_word' id='word_1_503' title='bbox 1666 1306 1714 1332; x_wconf 77' lang='grc' dir='ltr'><strong>καὶ</strong></span> <span class='ocrx_word' id='word_1_504' title='bbox 1731 1305 1782 1338; x_wconf 77' lang='grc' dir='ltr'><strong>τὰς</strong></span> <span class='ocrx_word' id='word_1_505' title='bbox 1793 1305 1910 1340; x_wconf 84' lang='grc' dir='ltr'>θεοπρε-</span> 
     </span>
    </p>
   </div>
   <div class='ocr_carea' id='block_1_70' title="bbox 1115 1352 1912 1388">
    <p class='ocr_par' dir='ltr' id='par_1_70' title="bbox 1115 1352 1912 1388">
     <span class='ocr_line' id='line_1_70' title="bbox 1115 1352 1912 1388; baseline -0.001 -9"><span class='ocrx_word' id='word_1_506' title='bbox 1115 1355 1176 1384; x_wconf 81' lang='grc' dir='ltr'>πεῑς</span> <span class='ocrx_word' id='word_1_507' title='bbox 1189 1352 1218 1385; x_wconf 76' lang='grc' dir='ltr'><strong>ἐξ</strong></span> <span class='ocrx_word' id='word_1_508' title='bbox 1233 1353 1324 1379; x_wconf 79' lang='grc' dir='ltr'>αὐτῶν</span> <span class='ocrx_word' id='word_1_509' title='bbox 1338 1352 1531 1388; x_wconf 80' lang='grc' dir='ltr'>παιδευόμενοι</span> <span class='ocrx_word' id='word_1_510' title='bbox 1553 1352 1705 1388; x_wconf 87' lang='grc' dir='ltr'>μαθητείας</span> <span class='ocrx_word' id='word_1_511' title='bbox 1721 1360 1750 1378; x_wconf 87' lang='grc' dir='ltr'><strong>τε</strong></span> <span class='ocrx_word' id='word_1_512' title='bbox 1778 1352 1825 1378; x_wconf 68' lang='grc' dir='ltr'>καὶ</span> <span class='ocrx_word' id='word_1_513' title='bbox 1842 1361 1912 1388; x_wconf 82' lang='grc' dir='ltr'>προ-</span> 
     </span>
    </p>
   </div>
   <div class='ocr_carea' id='block_1_71' title="bbox 1116 1398 1912 1434">
    <p class='ocr_par' dir='ltr' id='par_1_71' title="bbox 1116 1398 1912 1434">
     <span class='ocr_line' id='line_1_71' title="bbox 1116 1398 1912 1434; baseline 0.001 -10"><span class='ocrx_word' id='word_1_514' title='bbox 1116 1399 1229 1433; x_wconf 83' lang='grc' dir='ltr'>φητείας</span> <span class='ocrx_word' id='word_1_515' title='bbox 1246 1399 1310 1434; x_wconf 88' lang='grc' dir='ltr'>περί</span> <span class='ocrx_word' id='word_1_516' title='bbox 1324 1407 1354 1426; x_wconf 86' lang='grc' dir='ltr'><strong>τε</strong></span> <span class='ocrx_word' id='word_1_517' title='bbox 1369 1398 1488 1434; x_wconf 79' lang='grc' dir='ltr'>Χριστοῦ</span> <span class='ocrx_word' id='word_1_518' title='bbox 1508 1399 1556 1425; x_wconf 72' lang='grc' dir='ltr'>καὶ</span> <span class='ocrx_word' id='word_1_519' title='bbox 1571 1399 1681 1426; x_wconf 75' lang='grc' dir='ltr'>πάντων</span> <span class='ocrx_word' id='word_1_520' title='bbox 1692 1399 1746 1426; x_wconf 85' lang='grc' dir='ltr'><strong>τῶν</strong></span> <span class='ocrx_word' id='word_1_521' title='bbox 1764 1398 1848 1426; x_wconf 70' lang='grc' dir='ltr'>ὅντων</span> <span class='ocrx_word' id='word_1_522' title='bbox 1862 1400 1912 1426; x_wconf 72' lang='grc' dir='ltr'>καὶ</span> 
     </span>
    </p>
   </div>
   <div class='ocr_carea' id='block_1_72' title="bbox 1116 1445 1264 1479">
    <p class='ocr_par' dir='ltr' id='par_1_72' title="bbox 1116 1445 1264 1479">
     <span class='ocr_line' id='line_1_72' title="bbox 1116 1445 1264 1479; baseline 0.014 -9"><span class='ocrx_word' id='word_1_523' title='bbox 1116 1445 1264 1479; x_wconf 74' lang='grc' dir='ltr'>ἐσομένων.</span> 
     </span>
    </p>
   </div>
   <div class='ocr_carea' id='block_1_73' title="bbox 1151 1488 1912 1525">
    <p class='ocr_par' dir='ltr' id='par_1_73' title="bbox 1151 1488 1912 1525">
     <span class='ocr_line' id='line_1_73' title="bbox 1151 1488 1912 1525; baseline 0.001 -10"><span class='ocrx_word' id='word_1_524' title='bbox 1151 1488 1203 1524; x_wconf 84' lang='grc' dir='ltr'>ρα’.</span> <span class='ocrx_word' id='word_1_525' title='bbox 1220 1489 1357 1524; x_wconf 79' lang='grc' dir='ltr'>Συνῆκται</span> <span class='ocrx_word' id='word_1_526' title='bbox 1374 1489 1465 1516; x_wconf 79' lang='grc' dir='ltr'>τοίνυν</span> <span class='ocrx_word' id='word_1_527' title='bbox 1482 1490 1514 1517; x_wconf 81' lang='grc' dir='ltr'>ὲκ</span> <span class='ocrx_word' id='word_1_528' title='bbox 1525 1489 1629 1517; x_wconf 83' lang='grc' dir='ltr'>τούτων</span> <span class='ocrx_word' id='word_1_529' title='bbox 1650 1489 1812 1525; x_wconf 81' lang='grc' dir='ltr'>φωραθῆναι</span> <span class='ocrx_word' id='word_1_530' title='bbox 1827 1490 1912 1517; x_wconf 81' lang='grc' dir='ltr'>αὑτὸν</span> 
     </span>
    </p>
   </div>
   <div class='ocr_carea' id='block_1_74' title="bbox 1115 1532 1911 1570">
    <p class='ocr_par' dir='ltr' id='par_1_74' title="bbox 1115 1532 1911 1570">
     <span class='ocr_line' id='line_1_74' title="bbox 1115 1532 1911 1570; baseline 0.001 -11"><span class='ocrx_word' id='word_1_531' title='bbox 1115 1533 1238 1568; x_wconf 84' lang='grc' dir='ltr'>λέγοντα,</span> <span class='ocrx_word' id='word_1_532' title='bbox 1251 1533 1268 1568; x_wconf 81' lang='grc' dir='ltr'>ἦ</span> <span class='ocrx_word' id='word_1_533' title='bbox 1282 1534 1327 1560; x_wconf 72' lang='grc' dir='ltr'>τὸν</span> <span class='ocrx_word' id='word_1_534' title='bbox 1341 1534 1407 1561; x_wconf 80' lang='grc' dir='ltr'>Θεὸν</span> <span class='ocrx_word' id='word_1_535' title='bbox 1424 1534 1461 1570; x_wconf 87' lang='grc' dir='ltr'>μὴ</span> <span class='ocrx_word' id='word_1_536' title='bbox 1476 1533 1546 1562; x_wconf 77' lang='grc' dir='ltr'>εἶναι</span> <span class='ocrx_word' id='word_1_537' title='bbox 1561 1535 1638 1567; x_wconf 74' lang='grc' dir='ltr'>Θεὸν,</span> <span class='ocrx_word' id='word_1_538' title='bbox 1656 1535 1714 1561; x_wconf 81' lang='grc' dir='ltr'>ἀλλ’</span> <span class='ocrx_word' id='word_1_539' title='bbox 1730 1535 1823 1570; x_wconf 69' lang='grc' dir='ltr'>ἕτερον</span> <span class='ocrx_word' id='word_1_540' title='bbox 1839 1532 1911 1561; x_wconf 79' lang='grc' dir='ltr'>εἶναι</span> 
     </span>
    </p>
   </div>
   <div class='ocr_carea' id='block_1_75' title="bbox 1117 1578 1912 1615">
    <p class='ocr_par' dir='ltr' id='par_1_75' title="bbox 1117 1578 1912 1615">
     <span class='ocr_line' id='line_1_75' title="bbox 1117 1578 1912 1615; baseline 0.001 -10"><span class='ocrx_word' id='word_1_541' title='bbox 1117 1578 1194 1605; x_wconf 83' lang='grc' dir='ltr'>θεόν·</span> <span class='ocrx_word' id='word_1_542' title='bbox 1215 1579 1231 1614; x_wconf 86' lang='grc' dir='ltr'><strong>ἢ</strong></span> <span class='ocrx_word' id='word_1_543' title='bbox 1249 1578 1326 1611; x_wconf 78' lang='grc' dir='ltr'>ὅντα,</span> <span class='ocrx_word' id='word_1_544' title='bbox 1351 1579 1388 1614; x_wconf 86' lang='grc' dir='ltr'>μὴ</span> <span class='ocrx_word' id='word_1_545' title='bbox 1408 1580 1454 1606; x_wconf 81' lang='grc' dir='ltr'><strong>τὸν</strong></span> <span class='ocrx_word' id='word_1_546' title='bbox 1475 1580 1556 1606; x_wconf 78' lang='grc' dir='ltr'>αὐτὸν</span> <span class='ocrx_word' id='word_1_547' title='bbox 1571 1580 1615 1606; x_wconf 76' lang='grc' dir='ltr'><strong>ἀεὶ</strong></span> <span class='ocrx_word' id='word_1_548' title='bbox 1627 1580 1768 1615; x_wconf 86' lang='grc' dir='ltr'>διαμένειν</span> <span class='ocrx_word' id='word_1_549' title='bbox 1780 1579 1912 1611; x_wconf 80' lang='grc' dir='ltr'>ὡσαύτως</span> 
     </span>
    </p>
   </div>
   <div class='ocr_carea' id='block_1_76' title="bbox 1116 1625 1909 1661">
    <p class='ocr_par' dir='ltr' id='par_1_76' title="bbox 1116 1625 1909 1661">
     <span class='ocr_line' id='line_1_76' title="bbox 1116 1625 1909 1661; baseline 0.001 -10"><span class='ocrx_word' id='word_1_550' title='bbox 1116 1625 1212 1660; x_wconf 77' lang='grc' dir='ltr'>έχοντα</span> <span class='ocrx_word' id='word_1_551' title='bbox 1239 1625 1309 1660; x_wconf 80' lang='lat'><strong>(99),</strong></span> <span class='ocrx_word' id='word_1_552' title='bbox 1325 1625 1393 1653; x_wconf 82' lang='grc' dir='ltr'>ἀλλὰ</span> <span class='ocrx_word' id='word_1_553' title='bbox 1406 1625 1477 1652; x_wconf 84' lang='grc' dir='ltr'>κατὰ</span> <span class='ocrx_word' id='word_1_554' title='bbox 1493 1625 1556 1658; x_wconf 80' lang='grc' dir='ltr'>τοὺς</span> <span class='ocrx_word' id='word_1_555' title='bbox 1569 1626 1598 1652; x_wconf 70' lang='grc' dir='ltr'>ὲν</span> <span class='ocrx_word' id='word_1_556' title='bbox 1617 1627 1724 1660; x_wconf 82' lang='grc' dir='ltr'>γενέσει</span> <span class='ocrx_word' id='word_1_557' title='bbox 1750 1626 1797 1652; x_wconf 83' lang='grc' dir='ltr'>καὶ</span> <span class='ocrx_word' id='word_1_558' title='bbox 1811 1625 1909 1661; x_wconf 74' lang='grc' dir='ltr'>φθορᾷ.</span> 
     </span>
    </p>
   </div>
   <div class='ocr_carea' id='block_1_77' title="bbox 1115 1671 1911 1708">
    <p class='ocr_par' dir='ltr' id='par_1_77' title="bbox 1115 1671 1911 1708">
     <span class='ocr_line' id='line_1_77' title="bbox 1115 1671 1911 1708; baseline 0 -10"><span class='ocrx_word' id='word_1_559' title='bbox 1115 1672 1164 1706; x_wconf 83' lang='grc' dir='ltr'>τῆς</span> <span class='ocrx_word' id='word_1_560' title='bbox 1177 1671 1274 1698; x_wconf 78' lang='grc' dir='ltr'>ἑαυτοῦ</span> <span class='ocrx_word' id='word_1_561' title='bbox 1288 1672 1468 1707; x_wconf 74' lang='grc' dir='ltr'>ἐξισταμένου</span> <span class='ocrx_word' id='word_1_562' title='bbox 1481 1671 1576 1704; x_wconf 73' lang='grc' dir='ltr'>ἕξεως,</span> <span class='ocrx_word' id='word_1_563' title='bbox 1588 1671 1627 1706; x_wconf 82' lang='grc' dir='ltr'>τῷ</span> <span class='ocrx_word' id='word_1_564' title='bbox 1642 1671 1730 1708; x_wconf 85' lang='grc' dir='ltr'>χρόνῳ</span> <span class='ocrx_word' id='word_1_565' title='bbox 1743 1671 1911 1706; x_wconf 73' lang='grc' dir='ltr'>μεταϐαλλόο</span> 
     </span>
    </p>
   </div>
   <div class='ocr_carea' id='block_1_78' title="bbox 1117 1715 1912 1752">
    <p class='ocr_par' dir='ltr' id='par_1_78' title="bbox 1117 1715 1912 1752">
     <span class='ocr_line' id='line_1_78' title="bbox 1117 1715 1912 1752; baseline -0.001 -8"><span class='ocrx_word' id='word_1_566' title='bbox 1117 1725 1197 1752; x_wconf 84' lang='grc' dir='ltr'>μενον</span> <span class='ocrx_word' id='word_1_567' title='bbox 1207 1726 1213 1732; x_wconf 94' lang='grc'><strong>·</strong></span> <span class='ocrx_word' id='word_1_568' title='bbox 1228 1715 1265 1744; x_wconf 84' lang='grc' dir='ltr'>ὦν</span> <span class='ocrx_word' id='word_1_569' title='bbox 1275 1717 1305 1744; x_wconf 69' lang='grc' dir='ltr'><strong>τὸ</strong></span> <span class='ocrx_word' id='word_1_570' title='bbox 1315 1718 1413 1750; x_wconf 75' lang='grc' dir='ltr'>ἀσεϐὲς</span> <span class='ocrx_word' id='word_1_571' title='bbox 1423 1718 1534 1751; x_wconf 75' lang='grc' dir='ltr'>ὁπόσον,</span> <span class='ocrx_word' id='word_1_572' title='bbox 1547 1718 1663 1745; x_wconf 79' lang='grc' dir='ltr'>συνιδεῖν</span> <span class='ocrx_word' id='word_1_573' title='bbox 1675 1717 1798 1745; x_wconf 81' lang='grc' dir='ltr'>εὓκολον.</span> <span class='ocrx_word' id='word_1_574' title='bbox 1816 1718 1912 1752; x_wconf 78' lang='grc' dir='ltr'>Τούτῳ</span> 
     </span>
    </p>
   </div>
   <div class='ocr_carea' id='block_1_79' title="bbox 1115 1762 1911 1800">
    <p class='ocr_par' dir='ltr' id='par_1_79' title="bbox 1115 1762 1911 1800">
     <span class='ocr_line' id='line_1_79' title="bbox 1115 1762 1911 1800; baseline 0.001 -10"><span class='ocrx_word' id='word_1_575' title='bbox 1115 1762 1161 1791; x_wconf 85' lang='grc' dir='ltr'><strong>οὗν</strong></span> <span class='ocrx_word' id='word_1_576' title='bbox 1180 1763 1218 1799; x_wconf 86' lang='grc' dir='ltr'>τῷ</span> <span class='ocrx_word' id='word_1_577' title='bbox 1243 1764 1335 1791; x_wconf 79' lang='grc' dir='ltr'>κανόνι</span> <span class='ocrx_word' id='word_1_578' title='bbox 1352 1765 1524 1800; x_wconf 82' lang='grc' dir='ltr'>κεχρημένος</span> <span class='ocrx_word' id='word_1_579' title='bbox 1553 1765 1607 1796; x_wconf 81' lang='grc' dir='ltr'><strong>πᾶς</strong></span> <span class='ocrx_word' id='word_1_580' title='bbox 1622 1765 1696 1796; x_wconf 82' lang='grc' dir='ltr'>ὅστις</span> <span class='ocrx_word' id='word_1_581' title='bbox 1714 1764 1747 1791; x_wconf 84' lang='grc' dir='ltr'>ἂν</span> <span class='ocrx_word' id='word_1_582' title='bbox 1763 1764 1911 1799; x_wconf 80' lang='grc' dir='ltr'>φιλαληθέ-</span> 
     </span>
    </p>
   </div>
   <div class='ocr_carea' id='block_1_80' title="bbox 1116 1809 1912 1846">
    <p class='ocr_par' dir='ltr' id='par_1_80' title="bbox 1116 1809 1912 1846">
     <span class='ocr_line' id='line_1_80' title="bbox 1116 1809 1912 1846; baseline 0.001 -11"><span class='ocrx_word' id='word_1_583' title='bbox 1116 1818 1223 1841; x_wconf 87' lang='grc' dir='ltr'>στατος,</span> <span class='ocrx_word' id='word_1_584' title='bbox 1239 1809 1292 1836; x_wconf 84' lang='grc' dir='ltr'>κᾶν</span> <span class='ocrx_word' id='word_1_585' title='bbox 1306 1809 1369 1836; x_wconf 80' lang='grc' dir='ltr'>ἄλλο</span> <span class='ocrx_word' id='word_1_586' title='bbox 1385 1819 1411 1837; x_wconf 89' lang='grc' dir='ltr'><strong>τι</strong></span> <span class='ocrx_word' id='word_1_587' title='bbox 1425 1811 1475 1846; x_wconf 75' lang='grc' dir='ltr'>τῆς</span> <span class='ocrx_word' id='word_1_588' title='bbox 1490 1810 1610 1842; x_wconf 80' lang='grc' dir='ltr'>Παλαιᾶς</span> <span class='ocrx_word' id='word_1_589' title='bbox 1631 1810 1817 1846; x_wconf 80' lang='grc' dir='ltr'>παραδέξηται</span> <span class='ocrx_word' id='word_1_590' title='bbox 1831 1811 1848 1844; x_wconf 81' lang='grc' dir='ltr'><strong>ἢ</strong></span> <span class='ocrx_word' id='word_1_591' title='bbox 1862 1812 1912 1838; x_wconf 77' lang='grc' dir='ltr'>καὶ</span> 
     </span>
    </p>
   </div>
   <div class='ocr_carea' id='block_1_81' title="bbox 1114 1854 1910 1891">
    <p class='ocr_par' dir='ltr' id='par_1_81' title="bbox 1114 1854 1910 1891">
     <span class='ocr_line' id='line_1_81' title="bbox 1114 1854 1910 1891; baseline 0.003 -11"><span class='ocrx_word' id='word_1_592' title='bbox 1114 1854 1186 1886; x_wconf 85' lang='grc' dir='ltr'>Νέας</span> <span class='ocrx_word' id='word_1_593' title='bbox 1196 1863 1203 1869; x_wconf 73' lang='grc'><strong><em>⁸</em></strong></span> <span class='ocrx_word' id='word_1_594' title='bbox 1218 1855 1306 1890; x_wconf 77' lang='grc' dir='ltr'>τολμᾷ</span> <span class='ocrx_word' id='word_1_595' title='bbox 1322 1855 1377 1890; x_wconf 78' lang='grc' dir='ltr'>γὰρ</span> <span class='ocrx_word' id='word_1_596' title='bbox 1393 1856 1440 1882; x_wconf 77' lang='grc' dir='ltr'>καὶ</span> <span class='ocrx_word' id='word_1_597' title='bbox 1460 1856 1543 1888; x_wconf 81' lang='grc' dir='ltr'>αὐτὸς</span> <span class='ocrx_word' id='word_1_598' title='bbox 1557 1855 1603 1883; x_wconf 76' lang='grc' dir='ltr'>τὸν</span> <span class='ocrx_word' id='word_1_599' title='bbox 1627 1855 1794 1891; x_wconf 81' lang='grc' dir='ltr'>παρθενικὸν</span> <span class='ocrx_word' id='word_1_600' title='bbox 1807 1855 1855 1882; x_wconf 80' lang='grc' dir='ltr'>καὶ</span> <span class='ocrx_word' id='word_1_601' title='bbox 1869 1855 1910 1890; x_wconf 81' lang='grc' dir='ltr'>μὴ</span> 
     </span>
    </p>
   </div>
   <div class='ocr_carea' id='block_1_82' title="bbox 1115 1901 1910 1936">
    <p class='ocr_par' dir='ltr' id='par_1_82' title="bbox 1115 1901 1910 1936">
     <span class='ocr_line' id='line_1_82' title="bbox 1115 1901 1910 1936; baseline -0.001 -9"><span class='ocrx_word' id='word_1_602' title='bbox 1115 1901 1276 1936; x_wconf 78' lang='grc' dir='ltr'>βουλόμενος</span> <span class='ocrx_word' id='word_1_603' title='bbox 1288 1901 1431 1936; x_wconf 81' lang='grc' dir='ltr'>ὁμολογεῖν</span> <span class='ocrx_word' id='word_1_604' title='bbox 1443 1901 1533 1934; x_wconf 79' lang='grc' dir='ltr'>τόκον,</span> <span class='ocrx_word' id='word_1_605' title='bbox 1550 1903 1582 1928; x_wconf 80' lang='grc' dir='ltr'>ὲκ</span> <span class='ocrx_word' id='word_1_606' title='bbox 1595 1902 1644 1936; x_wconf 85' lang='grc' dir='ltr'>τῆς</span> <span class='ocrx_word' id='word_1_607' title='bbox 1658 1901 1747 1936; x_wconf 67' lang='grc' dir='ltr'>,αὐτοῦ</span> <span class='ocrx_word' id='word_1_608' title='bbox 1763 1901 1910 1936; x_wconf 82' lang='grc' dir='ltr'>ὁμολογίας</span> 
     </span>
    </p>
   </div>
   <div class='ocr_carea' id='block_1_83' title="bbox 1113 1946 1910 1982">
    <p class='ocr_par' dir='ltr' id='par_1_83' title="bbox 1113 1946 1910 1982">
     <span class='ocr_line' id='line_1_83' title="bbox 1113 1946 1910 1982; baseline 0 -10"><span class='ocrx_word' id='word_1_609' title='bbox 1113 1946 1208 1973; x_wconf 85' lang='grc' dir='ltr'>τοῦτον</span> <span class='ocrx_word' id='word_1_610' title='bbox 1235 1947 1427 1982; x_wconf 85' lang='grc' dir='ltr'>περιτρεπέτω</span> <span class='ocrx_word' id='word_1_611' title='bbox 1437 1957 1444 1965; x_wconf 88' lang='lat'><strong><em>-</em></strong></span> <span class='ocrx_word' id='word_1_612' title='bbox 1462 1946 1522 1974; x_wconf 82' lang='grc' dir='ltr'>λίαν</span> <span class='ocrx_word' id='word_1_613' title='bbox 1535 1946 1590 1982; x_wconf 76' lang='grc' dir='ltr'><strong>γὰρ</strong></span> <span class='ocrx_word' id='word_1_614' title='bbox 1617 1946 1728 1982; x_wconf 81' lang='grc' dir='ltr'>ἀμαθὴς</span> <span class='ocrx_word' id='word_1_615' title='bbox 1739 1947 1753 1973; x_wconf 79' lang='grc'>6</span> <span class='ocrx_word' id='word_1_616' title='bbox 1769 1946 1910 1982; x_wconf 72' lang='grc' dir='ltr'>βάρϐαρος</span> 
     </span>
    </p>
   </div>
   <div class='ocr_carea' id='block_1_84' title="bbox 1114 1992 1355 2025">
    <p class='ocr_par' dir='ltr' id='par_1_84' title="bbox 1114 1992 1355 2025">
     <span class='ocr_line' id='line_1_84' title="bbox 1114 1992 1355 2025; baseline 0.004 -6"><span class='ocrx_word' id='word_1_617' title='bbox 1114 1992 1163 2019; x_wconf 77' lang='grc' dir='ltr'>καὶ</span> <span class='ocrx_word' id='word_1_618' title='bbox 1179 1993 1355 2025; x_wconf 83' lang='grc' dir='ltr'>ἀπαίδευτος.</span> 
     </span>
    </p>
   </div>
   <div class='ocr_carea' id='block_1_85' title="bbox 1114 2081 1912 2117">
    <p class='ocr_par' dir='ltr' id='par_1_85' title="bbox 1114 2081 1912 2117">
     <span class='ocr_line' id='line_1_85' title="bbox 1114 2081 1912 2117; baseline 0.001 -8"><span class='ocrx_word' id='word_1_619' title='bbox 1114 2081 1180 2110; x_wconf 81' lang='grc' dir='ltr'><strong>ΚΘ¹.</strong></span> <span class='ocrx_word' id='word_1_620' title='bbox 1199 2083 1260 2110; x_wconf 80' lang='grc' dir='ltr'>’Ὁτι</span> <span class='ocrx_word' id='word_1_621' title='bbox 1284 2082 1477 2117; x_wconf 68' lang='grc' dir='ltr'>σφάλλονται</span> <span class='ocrx_word' id='word_1_622' title='bbox 1507 2084 1533 2110; x_wconf 83' lang='grc' dir='ltr'>οι</span> <span class='ocrx_word' id='word_1_623' title='bbox 1549 2083 1691 2117; x_wconf 74' lang='grc' dir='ltr'>,λέγοντες</span> <span class='ocrx_word' id='word_1_624' title='bbox 1711 2083 1769 2117; x_wconf 80' lang='grc' dir='ltr'><strong>τὴν</strong></span> <span class='ocrx_word' id='word_1_625' title='bbox 1791 2085 1836 2116; x_wconf 76' lang='grc' dir='ltr'>εἰς</span> <span class='ocrx_word' id='word_1_626' title='bbox 1854 2083 1912 2110; x_wconf 79' lang='grc' dir='ltr'><strong>τὸν</strong></span> 
     </span>
    </p>
   </div>
   <div class='ocr_carea' id='block_1_86' title="bbox 1147 2117 1908 2186">
    <p class='ocr_par' dir='ltr' id='par_1_86' title="bbox 1147 2117 1908 2186">
     <span class='ocr_line' id='line_1_86' title="bbox 1151 2117 1908 2154; baseline 0.003 -10"><span class='ocrx_word' id='word_1_627' title='bbox 1151 2117 1225 2145; x_wconf 82' lang='grc' dir='ltr'>Θεὸν</span> <span class='ocrx_word' id='word_1_628' title='bbox 1237 2118 1286 2144; x_wconf 81' lang='grc' dir='ltr'>καὶ</span> <span class='ocrx_word' id='word_1_629' title='bbox 1299 2117 1416 2152; x_wconf 80' lang='grc' dir='ltr'>Πατέρα</span> <span class='ocrx_word' id='word_1_630' title='bbox 1435 2117 1540 2148; x_wconf 66' lang='grc' dir='ltr'>σώζειν</span> <span class='ocrx_word' id='word_1_631' title='bbox 1560 2119 1718 2146; x_wconf 80' lang='grc' dir='ltr'>εὐσέϐειαν</span> <span class='ocrx_word' id='word_1_632' title='bbox 1730 2119 1764 2145; x_wconf 82' lang='grc' dir='ltr'>τὸ</span> <span class='ocrx_word' id='word_1_633' title='bbox 1787 2119 1908 2154; x_wconf 70' lang='grc' dir='ltr'>Ἁγαρη-</span> 
     </span>
     <span class='ocr_line' id='line_1_87' title="bbox 1147 2152 1326 2186; baseline 0.011 -7"><span class='ocrx_word' id='word_1_634' title='bbox 1147 2152 1210 2179; x_wconf 79' lang='grc' dir='ltr'><strong>νῶν</strong></span> <span class='ocrx_word' id='word_1_635' title='bbox 1228 2153 1326 2186; x_wconf 76' lang='grc' dir='ltr'>ἔθνος.</span> 
     </span>
    </p>
   </div>
   <div class='ocr_carea' id='block_1_87' title="bbox 1150 2198 1909 2236">
    <p class='ocr_par' dir='ltr' id='par_1_87' title="bbox 1150 2198 1909 2236">
     <span class='ocr_line' id='line_1_88' title="bbox 1150 2198 1909 2236; baseline 0 -10"><span class='ocrx_word' id='word_1_636' title='bbox 1150 2198 1200 2234; x_wconf 81' lang='grc' dir='ltr'>ρβ.</span> <span class='ocrx_word' id='word_1_637' title='bbox 1225 2199 1366 2235; x_wconf 82' lang='grc' dir='ltr'>Ἀληθείας</span> <span class='ocrx_word' id='word_1_638' title='bbox 1388 2199 1560 2236; x_wconf 81' lang='grc' dir='ltr'>κεκλημένου</span> <span class='ocrx_word' id='word_1_639' title='bbox 1588 2199 1636 2227; x_wconf 78' lang='grc' dir='ltr'>καὶ</span> <span class='ocrx_word' id='word_1_640' title='bbox 1665 2199 1835 2235; x_wconf 79' lang='grc' dir='ltr'>ὑπάρχοντος</span> <span class='ocrx_word' id='word_1_641' title='bbox 1860 2199 1909 2226; x_wconf 90' lang='grc' dir='ltr'><strong>τοῦ</strong></span> 
     </span>
    </p>
   </div>
   <div class='ocr_carea' id='block_1_88' title="bbox 1113 2243 1910 2281">
    <p class='ocr_par' dir='ltr' id='par_1_88' title="bbox 1113 2243 1910 2281">
     <span class='ocr_line' id='line_1_89' title="bbox 1113 2243 1910 2281; baseline 0 -11"><span class='ocrx_word' id='word_1_642' title='bbox 1113 2244 1217 2279; x_wconf 84' lang='grc' dir='ltr'>Κυρίου</span> <span class='ocrx_word' id='word_1_643' title='bbox 1249 2245 1329 2280; x_wconf 78' lang='grc' dir='ltr'>ἡμῶν</span> <span class='ocrx_word' id='word_1_644' title='bbox 1363 2245 1450 2280; x_wconf 81' lang='grc' dir='ltr'>Ἰησοῦ</span> <span class='ocrx_word' id='word_1_645' title='bbox 1480 2243 1612 2281; x_wconf 78' lang='grc' dir='ltr'>Χριστοῦ,</span> <span class='ocrx_word' id='word_1_646' title='bbox 1636 2245 1743 2279; x_wconf 73' lang='grc' dir='ltr'>ἀνάγκη</span> <span class='ocrx_word' id='word_1_647' title='bbox 1759 2245 1815 2275; x_wconf 80' lang='grc' dir='ltr'>τοῖς</span> <span class='ocrx_word' id='word_1_648' title='bbox 1829 2244 1910 2271; x_wconf 83' lang='grc' dir='ltr'>τοῦτο</span> 
     </span>
    </p>
   </div>
   <div class='ocr_carea' id='block_1_89' title="bbox 270 2275 1064 2327">
    <p class='ocr_par' dir='ltr' id='par_1_89' title="bbox 270 2278 1060 2323">
     <span class='ocr_line' id='line_1_90' title="bbox 270 2278 1060 2323; baseline 0.014 -19"><span class='ocrx_word' id='word_1_649' title='bbox 270 2278 434 2311; x_wconf 88' lang='lat' dir='ltr'><strong>concedere,</strong></span> <span class='ocrx_word' id='word_1_650' title='bbox 452 2281 524 2314; x_wconf 90' lang='lat' dir='ltr'><strong>quod</strong></span> <span class='ocrx_word' id='word_1_651' title='bbox 551 2281 621 2310; x_wconf 87' lang='lat' dir='ltr'><strong>Deus</strong></span> <span class='ocrx_word' id='word_1_652' title='bbox 641 2283 783 2316; x_wconf 83' lang='lat' dir='ltr'><strong>Arahami,</strong></span> <span class='ocrx_word' id='word_1_653' title='bbox 807 2289 834 2312; x_wconf 89' lang='lat' dir='ltr'><strong>et</strong></span> <span class='ocrx_word' id='word_1_654' title='bbox 858 2286 928 2313; x_wconf 83' lang='lat' dir='ltr'><strong>Deus</strong></span> <span class='ocrx_word' id='word_1_655' title='bbox 949 2286 1060 2323; x_wconf 70' lang='lat' dir='ltr'><strong>lloysis,</strong></span> 
     </span>
    </p>
   </div>
   <div class='ocr_carea' id='block_1_90' title="bbox 1114 2275 1910 2327">
    <p class='ocr_par' dir='ltr' id='par_1_90' title="bbox 1115 2275 1910 2327">
     <span class='ocr_line' id='line_1_91' title="bbox 1115 2275 1910 2327; baseline 0.001 -11"><span class='ocrx_word' id='word_1_656' title='bbox 1115 2275 1323 2323; x_wconf 73' lang='grc' dir='ltr'>πεπιστευκόσι,</span> <span class='ocrx_word' id='word_1_657' title='bbox 1352 2275 1401 2327; x_wconf 46' lang='grc' dir='ltr'><strong>μὴ,</strong></span> <span class='ocrx_word' id='word_1_658' title='bbox 1420 2291 1475 2318; x_wconf 87' lang='grc' dir='ltr'><strong>δεῖν</strong></span> <span class='ocrx_word' id='word_1_659' title='bbox 1505 2275 1703 2318; x_wconf 68' lang='grc' dir='ltr'>κατατίθεσθαι</span> <span class='ocrx_word' id='word_1_660' title='bbox 1717 2290 1755 2323; x_wconf 81' lang='grc' dir='ltr'><strong>ὡς</strong></span> <span class='ocrx_word' id='word_1_661' title='bbox 1780 2291 1826 2317; x_wconf 74' lang='grc' dir='ltr'>τὸν</span> <span class='ocrx_word' id='word_1_662' title='bbox 1841 2290 1910 2317; x_wconf 70' lang='grc' dir='ltr'>Θεὸν</span> 
     </span>
    </p>
   </div>
   <div class='ocr_carea' id='block_1_91' title="bbox 270 2322 1062 2366">
    <p class='ocr_par' dir='ltr' id='par_1_91' title="bbox 270 2322 1062 2366">
     <span class='ocr_line' id='line_1_92' title="bbox 270 2322 1062 2366; baseline 0.015 -17"><span class='ocrx_word' id='word_1_663' title='bbox 270 2327 298 2349; x_wconf 85' lang='lat' dir='ltr'><strong>et</strong></span> <span class='ocrx_word' id='word_1_664' title='bbox 310 2322 379 2352; x_wconf 88' lang='lat' dir='ltr'><strong>Deus</strong></span> <span class='ocrx_word' id='word_1_665' title='bbox 396 2325 529 2360; x_wconf 84' lang='lat' dir='ltr'><strong>Aarouis,</strong></span> <span class='ocrx_word' id='word_1_666' title='bbox 548 2328 582 2355; x_wconf 89' lang='lat' dir='ltr'><strong>ab</strong></span> <span class='ocrx_word' id='word_1_667' title='bbox 609 2329 760 2364; x_wconf 83' lang='lat' dir='ltr'><strong>Agarenica</strong></span> <span class='ocrx_word' id='word_1_668' title='bbox 786 2335 865 2366; x_wconf 79' lang='lat' dir='ltr'><strong>gente</strong></span> <span class='ocrx_word' id='word_1_669' title='bbox 886 2332 1002 2360; x_wconf 89' lang='lat' dir='ltr'><strong>colatur.</strong></span> <span class='ocrx_word' id='word_1_670' title='bbox 1017 2334 1062 2362; x_wconf 85' lang='lat' dir='ltr'><strong>Ait</strong></span> 
     </span>
    </p>
   </div>
   <div class='ocr_carea' id='block_1_92' title="bbox 269 2369 1061 2412">
    <p class='ocr_par' dir='ltr' id='par_1_92' title="bbox 269 2369 1061 2412">
     <span class='ocr_line' id='line_1_93' title="bbox 269 2369 1061 2412; baseline 0.015 -17"><span class='ocrx_word' id='word_1_671' title='bbox 269 2369 343 2397; x_wconf 81' lang='lat' dir='ltr'><strong>enirn</strong></span> <span class='ocrx_word' id='word_1_672' title='bbox 363 2370 510 2400; x_wconf 89' lang='lat' dir='ltr'><strong>Dominus:</strong></span> <span class='ocrx_word' id='word_1_673' title='bbox 525 2373 577 2406; x_wconf 85' lang='lat' dir='ltr'><strong>Qui</strong></span> <span class='ocrx_word' id='word_1_674' title='bbox 590 2383 641 2402; x_wconf 78' lang='lat' dir='ltr'><strong>non</strong></span> <span class='ocrx_word' id='word_1_675' title='bbox 655 2376 814 2412; x_wconf 67' lang='lat' dir='ltr'><strong>honori/ica!</strong></span> <span class='ocrx_word' id='word_1_676' title='bbox 835 2377 945 2412; x_wconf 84' lang='lat' dir='ltr'><strong>Filium,</strong></span> <span class='ocrx_word' id='word_1_677' title='bbox 958 2388 990 2406; x_wconf 85' lang='lat' dir='ltr'><strong>ne</strong></span> <span class='ocrx_word' id='word_1_678' title='bbox 1005 2380 1061 2407; x_wconf 72' lang='lat' dir='ltr'><strong>Pu~</strong></span> 
     </span>
    </p>
   </div>
   <div class='ocr_carea' id='block_1_93' title="bbox 271 2418 1061 2455">
    <p class='ocr_par' dir='ltr' id='par_1_93' title="bbox 271 2418 1061 2455">
     <span class='ocr_line' id='line_1_94' title="bbox 271 2418 1061 2455; baseline 0.016 -14"><span class='ocrx_word' id='word_1_679' title='bbox 271 2421 336 2442; x_wconf 73' lang='lat' dir='ltr'><strong>trem</strong></span> <span class='ocrx_word' id='word_1_680' title='bbox 344 2418 450 2451; x_wconf 83' lang='lat' dir='ltr'><strong>quidem</strong></span> <span class='ocrx_word' id='word_1_681' title='bbox 465 2419 654 2455; x_wconf 65' lang='lat' dir='ltr'><strong>honori/Scal“</strong></span> <span class='ocrx_word' id='word_1_682' title='bbox 669 2432 675 2449; x_wconf 87' lang='lat'>:</span> <span class='ocrx_word' id='word_1_683' title='bbox 690 2431 740 2450; x_wconf 92' lang='lat' dir='ltr'><strong>ceu</strong></span> <span class='ocrx_word' id='word_1_684' title='bbox 751 2424 842 2452; x_wconf 88' lang='lat' dir='ltr'><strong>cuncti</strong></span> <span class='ocrx_word' id='word_1_685' title='bbox 858 2425 984 2453; x_wconf 88' lang='lat' dir='ltr'><strong>videlicet</strong></span> <span class='ocrx_word' id='word_1_686' title='bbox 994 2434 1061 2453; x_wconf 78' lang='lat' dir='ltr'><strong>san-</strong></span> 
     </span>
    </p>
   </div>
   <div class='ocr_carea' id='block_1_94' title="bbox 270 2461 1062 2503">
    <p class='ocr_par' dir='ltr' id='par_1_94' title="bbox 270 2461 1062 2503">
     <span class='ocr_line' id='line_1_95' title="bbox 270 2461 1062 2503; baseline 0.015 -16"><span class='ocrx_word' id='word_1_687' title='bbox 270 2461 307 2488; x_wconf 89' lang='lat' dir='ltr'><strong>cti</strong></span> <span class='ocrx_word' id='word_1_688' title='bbox 322 2462 359 2489; x_wconf 91' lang='lat' dir='ltr'><strong>illi</strong></span> <span class='ocrx_word' id='word_1_689' title='bbox 376 2465 536 2498; x_wconf 79' lang='lat' dir='ltr'><strong>patriarclue</strong></span> <span class='ocrx_word' id='word_1_690' title='bbox 553 2470 580 2493; x_wconf 91' lang='lat' dir='ltr'><strong>et</strong></span> <span class='ocrx_word' id='word_1_691' title='bbox 595 2468 734 2503; x_wconf 61' lang='lat' dir='ltr'><strong>prophetae</strong></span> <span class='ocrx_word' id='word_1_692' title='bbox 759 2469 858 2497; x_wconf 86' lang='lat' dir='ltr'><strong>Filium</strong></span> <span class='ocrx_word' id='word_1_693' title='bbox 878 2469 923 2498; x_wconf 82' lang='lat' dir='ltr'><strong>Dei</strong></span> <span class='ocrx_word' id='word_1_694' title='bbox 939 2479 1062 2499; x_wconf 90' lang='lat' dir='ltr'><strong>comme-</strong></span> 
     </span>
    </p>
   </div>
   <div class='ocr_carea' id='block_1_95' title="bbox 271 2509 1062 2549">
    <p class='ocr_par' dir='ltr' id='par_1_95' title="bbox 271 2509 1062 2549">
     <span class='ocr_line' id='line_1_96' title="bbox 271 2509 1062 2549; baseline 0.015 -16"><span class='ocrx_word' id='word_1_695' title='bbox 271 2509 438 2536; x_wconf 86' lang='lat' dir='ltr'><strong>moraverint</strong></span> <span class='ocrx_word' id='word_1_696' title='bbox 453 2509 644 2547; x_wconf 75' lang='lat' dir='ltr'><strong>colueriutque</strong></span> <span class='ocrx_word' id='word_1_697' title='bbox 662 2515 870 2549; x_wconf 63' lang='lat' dir='ltr'><strong>praecognitum.</strong></span> <span class='ocrx_word' id='word_1_698' title='bbox 894 2516 1062 2545; x_wconf 79' lang='lat' dir='ltr'><strong>Abrahamns</strong></span> 
     </span>
    </p>
   </div>
   <div class='ocr_carea' id='block_1_96' title="bbox 270 2555 1064 2593">
    <p class='ocr_par' dir='ltr' id='par_1_96' title="bbox 270 2555 1064 2593">
     <span class='ocr_line' id='line_1_97' title="bbox 270 2555 1064 2593; baseline 0.014 -14"><span class='ocrx_word' id='word_1_699' title='bbox 270 2555 350 2587; x_wconf 77' lang='lat' dir='ltr'><strong>enim,</strong></span> <span class='ocrx_word' id='word_1_700' title='bbox 367 2555 681 2593; x_wconf 82' lang='lat' dir='ltr'><strong>inquitChristus,pater</strong></span> <span class='ocrx_word' id='word_1_701' title='bbox 694 2566 785 2593; x_wconf 77' lang='lat' dir='ltr'><strong>vester,</strong></span> <span class='ocrx_word' id='word_1_702' title='bbox 795 2561 936 2589; x_wconf 68' lang='lat' dir='ltr'><strong>exsultavit</strong></span> <span class='ocrx_word' id='word_1_703' title='bbox 950 2569 977 2590; x_wconf 82' lang='lat' dir='ltr'><strong>ut</strong></span> <span class='ocrx_word' id='word_1_704' title='bbox 993 2564 1064 2590; x_wconf 71' lang='lat' dir='ltr'><strong>ride-</strong></span> 
     </span>
    </p>
   </div>
   <div class='ocr_carea' id='block_1_97' title="bbox 272 2601 1064 2644">
    <p class='ocr_par' dir='ltr' id='par_1_97' title="bbox 272 2601 1064 2644">
     <span class='ocr_line' id='line_1_98' title="bbox 272 2601 1064 2644; baseline 0.015 -18"><span class='ocrx_word' id='word_1_705' title='bbox 272 2603 310 2627; x_wconf 83' lang='lat' dir='ltr'><strong>r&#39;et</strong></span> <span class='ocrx_word' id='word_1_706' title='bbox 321 2601 390 2628; x_wconf 80' lang='lat' dir='ltr'><strong>diem</strong></span> <span class='ocrx_word' id='word_1_707' title='bbox 410 2611 512 2636; x_wconf 75' lang='lat' dir='ltr'><strong>nicum;</strong></span> <span class='ocrx_word' id='word_1_708' title='bbox 524 2604 588 2631; x_wconf 79' lang='lat' dir='ltr'><strong>vidit</strong></span> <span class='ocrx_word' id='word_1_709' title='bbox 603 2611 625 2632; x_wconf 84' lang='lat' dir='ltr'><strong>et</strong></span> <span class='ocrx_word' id='word_1_710' title='bbox 636 2606 741 2641; x_wconf 69' lang='lat' dir='ltr'><strong>gavisus</strong></span> <span class='ocrx_word' id='word_1_711' title='bbox 754 2611 794 2633; x_wconf 76' lang='lat' dir='ltr'><strong>est</strong></span> <span class='ocrx_word' id='word_1_712' title='bbox 815 2607 850 2634; x_wconf 77' lang='lat'><strong>“.</strong></span> <span class='ocrx_word' id='word_1_713' title='bbox 865 2607 971 2644; x_wconf 79' lang='lat' dir='ltr'><strong>Moyses</strong></span> <span class='ocrx_word' id='word_1_714' title='bbox 984 2610 1017 2637; x_wconf 87' lang='lat' dir='ltr'><strong>de</strong></span> <span class='ocrx_word' id='word_1_715' title='bbox 1032 2618 1064 2638; x_wconf 89' lang='lat' dir='ltr'><strong>co</strong></span> 
     </span>
    </p>
   </div>
   <div class='ocr_carea' id='block_1_98' title="bbox 271 2647 1065 2690">
    <p class='ocr_par' dir='ltr' id='par_1_98' title="bbox 271 2647 1065 2690">
     <span class='ocr_line' id='line_1_99' title="bbox 271 2647 1065 2690; baseline 0.014 -18"><span class='ocrx_word' id='word_1_716' title='bbox 271 2647 395 2683; x_wconf 87' lang='lat' dir='ltr'><strong>scripsit;</strong></span> <span class='ocrx_word' id='word_1_717' title='bbox 421 2654 447 2676; x_wconf 89' lang='lat' dir='ltr'><strong>et</strong></span> <span class='ocrx_word' id='word_1_718' title='bbox 463 2650 662 2686; x_wconf 73' lang='lat' dir='ltr'><strong>subsequentes</strong></span> <span class='ocrx_word' id='word_1_719' title='bbox 691 2653 830 2687; x_wconf 65' lang='lat' dir='ltr'><strong>prophetas</strong></span> <span class='ocrx_word' id='word_1_720' title='bbox 858 2656 955 2689; x_wconf 81' lang='lat' dir='ltr'><strong>partim</strong></span> <span class='ocrx_word' id='word_1_721' title='bbox 983 2664 1065 2690; x_wconf 75' lang='lat' dir='ltr'><strong>opere</strong></span> 
     </span>
    </p>
   </div>
   <div class='ocr_carea' id='block_1_99' title="bbox 272 2694 1066 2735">
    <p class='ocr_par' dir='ltr' id='par_1_99' title="bbox 272 2694 1066 2735">
     <span class='ocr_line' id='line_1_100' title="bbox 272 2694 1066 2735; baseline 0.014 -16"><span class='ocrx_word' id='word_1_722' title='bbox 272 2694 371 2727; x_wconf 78' lang='lat' dir='ltr'><strong>partim</strong></span> <span class='ocrx_word' id='word_1_723' title='bbox 397 2696 487 2724; x_wconf 76' lang='lat' dir='ltr'><strong>verbis</strong></span> <span class='ocrx_word' id='word_1_724' title='bbox 506 2698 631 2724; x_wconf 87' lang='lat' dir='ltr'><strong>eumdem</strong></span> <span class='ocrx_word' id='word_1_725' title='bbox 648 2699 763 2734; x_wconf 87' lang='lat' dir='ltr'><strong>mystice</strong></span> <span class='ocrx_word' id='word_1_726' title='bbox 780 2701 973 2728; x_wconf 71' lang='lat' dir='ltr'><strong>revelarnnt“.</strong></span> <span class='ocrx_word' id='word_1_727' title='bbox 991 2702 1066 2735; x_wconf 87' lang='lat' dir='ltr'><strong>Quo-</strong></span> 
     </span>
    </p>
   </div>
   <div class='ocr_carea' id='block_1_100' title="bbox 273 2740 1062 2781">
    <p class='ocr_par' dir='ltr' id='par_1_100' title="bbox 273 2740 1062 2781">
     <span class='ocr_line' id='line_1_101' title="bbox 273 2740 1062 2781; baseline 0.014 -16"><span class='ocrx_word' id='word_1_728' title='bbox 273 2740 354 2767; x_wconf 89' lang='lat' dir='ltr'><strong>modo</strong></span> <span class='ocrx_word' id='word_1_729' title='bbox 368 2741 449 2777; x_wconf 75' lang='lat' dir='ltr'><strong>igitur</strong></span> <span class='ocrx_word' id='word_1_730' title='bbox 472 2743 555 2779; x_wconf 88' lang='lat' dir='ltr'><strong>impia</strong></span> <span class='ocrx_word' id='word_1_731' title='bbox 574 2744 632 2772; x_wconf 64' lang='lat' dir='ltr'><strong>haec</strong></span> <span class='ocrx_word' id='word_1_732' title='bbox 648 2753 724 2781; x_wconf 78' lang='lat' dir='ltr'><strong>gens,</strong></span> <span class='ocrx_word' id='word_1_733' title='bbox 741 2754 800 2781; x_wconf 64' lang='lat' dir='ltr'><strong>quin</strong></span> <span class='ocrx_word' id='word_1_734' title='bbox 817 2747 849 2774; x_wconf 88' lang='lat' dir='ltr'><strong>ad</strong></span> <span class='ocrx_word' id='word_1_735' title='bbox 868 2748 1062 2776; x_wconf 75' lang='lat' dir='ltr'><strong>internecivum</strong></span> 
     </span>
    </p>
   </div>
   <div class='ocr_carea' id='block_1_101' title="bbox 1118 2336 1908 2372">
    <p class='ocr_par' dir='ltr' id='par_1_101' title="bbox 1118 2336 1908 2372">
     <span class='ocr_line' id='line_1_102' title="bbox 1118 2336 1908 2372; baseline 0 -10"><span class='ocrx_word' id='word_1_736' title='bbox 1118 2336 1245 2372; x_wconf 75' lang='grc' dir='ltr'>’Δὸραὰμ</span> <span class='ocrx_word' id='word_1_737' title='bbox 1263 2337 1310 2363; x_wconf 73' lang='grc' dir='ltr'><strong>καὶ</strong></span> <span class='ocrx_word' id='word_1_738' title='bbox 1326 2337 1392 2364; x_wconf 80' lang='grc' dir='ltr'>Θεὸν</span> <span class='ocrx_word' id='word_1_739' title='bbox 1413 2338 1553 2369; x_wconf 78' lang='grc' dir='ltr'>Μωῡσέως</span> <span class='ocrx_word' id='word_1_740' title='bbox 1581 2337 1628 2364; x_wconf 73' lang='grc' dir='ltr'><strong>καὶ</strong></span> <span class='ocrx_word' id='word_1_741' title='bbox 1649 2336 1756 2372; x_wconf 79' lang='grc' dir='ltr'>’Λαρὼν</span> <span class='ocrx_word' id='word_1_742' title='bbox 1768 2336 1843 2371; x_wconf 75' lang='grc' dir='ltr'>παρὰ</span> <span class='ocrx_word' id='word_1_743' title='bbox 1860 2336 1908 2362; x_wconf 80' lang='grc' dir='ltr'><strong>τοῦ</strong></span> 
     </span>
    </p>
   </div>
   <div class='ocr_carea' id='block_1_102' title="bbox 1118 2382 1907 2419">
    <p class='ocr_par' dir='ltr' id='par_1_102' title="bbox 1118 2382 1907 2419">
     <span class='ocr_line' id='line_1_103' title="bbox 1118 2382 1907 2419; baseline 0 -11"><span class='ocrx_word' id='word_1_744' title='bbox 1118 2382 1270 2418; x_wconf 83' lang='grc' dir='ltr'>Ἀγαρηνοῦ</span> <span class='ocrx_word' id='word_1_745' title='bbox 1285 2382 1464 2417; x_wconf 81' lang='grc' dir='ltr'>λατρεύεσθαι</span> <span class='ocrx_word' id='word_1_746' title='bbox 1482 2383 1586 2415; x_wconf 79' lang='grc' dir='ltr'>ἔθνους.</span> <span class='ocrx_word' id='word_1_747' title='bbox 1599 2383 1668 2419; x_wconf 76' lang='grc' dir='ltr'>Φησὶ</span> <span class='ocrx_word' id='word_1_748' title='bbox 1686 2383 1741 2418; x_wconf 70' lang='grc' dir='ltr'><strong>γὰρ</strong></span> <span class='ocrx_word' id='word_1_749' title='bbox 1765 2382 1907 2417; x_wconf 56' lang='lat'><strong>6105910;-</strong></span> 
     </span>
    </p>
   </div>
   <div class='ocr_carea' id='block_1_103' title="bbox 1121 2426 1909 2463">
    <p class='ocr_par' dir='ltr' id='par_1_103' title="bbox 1121 2426 1909 2463">
     <span class='ocr_line' id='line_1_104' title="bbox 1121 2426 1909 2463; baseline 0.003 -11"><span class='ocrx_word' id='word_1_750' title='bbox 1121 2426 1147 2452; x_wconf 93' lang='lat'><strong>&#39;0</strong></span> <span class='ocrx_word' id='word_1_751' title='bbox 1159 2426 1202 2461; x_wconf 79' lang='grc' dir='ltr'>μὴ</span> <span class='ocrx_word' id='word_1_752' title='bbox 1218 2427 1309 2462; x_wconf 77' lang='grc' dir='ltr'>τιμῶν</span> <span class='ocrx_word' id='word_1_753' title='bbox 1323 2428 1376 2454; x_wconf 81' lang='grc' dir='ltr'>τὸν</span> <span class='ocrx_word' id='word_1_754' title='bbox 1395 2428 1474 2461; x_wconf 84' lang='grc' dir='ltr'>Υίὸν,</span> <span class='ocrx_word' id='word_1_755' title='bbox 1490 2429 1561 2456; x_wconf 81' lang='grc' dir='ltr'><strong>οὐδὲ</strong></span> <span class='ocrx_word' id='word_1_756' title='bbox 1572 2429 1624 2456; x_wconf 82' lang='grc' dir='ltr'><strong>τὸν</strong></span> <span class='ocrx_word' id='word_1_757' title='bbox 1636 2430 1752 2463; x_wconf 82' lang='grc' dir='ltr'>Πατέρα</span> <span class='ocrx_word' id='word_1_758' title='bbox 1767 2427 1836 2462; x_wconf 83' lang='grc' dir='ltr'>τιμᾷ</span> <span class='ocrx_word' id='word_1_759' title='bbox 1847 2436 1854 2443; x_wconf 86' lang='grc'><strong>·</strong></span> <span class='ocrx_word' id='word_1_760' title='bbox 1871 2428 1909 2459; x_wconf 80' lang='grc' dir='ltr'>ὡς</span> 
     </span>
    </p>
   </div>
   <div class='ocr_carea' id='block_1_104' title="bbox 1115 2473 1910 2510">
    <p class='ocr_par' dir='ltr' id='par_1_104' title="bbox 1115 2473 1910 2510">
     <span class='ocr_line' id='line_1_105' title="bbox 1115 2473 1910 2510; baseline 0.001 -11"><span class='ocrx_word' id='word_1_761' title='bbox 1115 2473 1224 2500; x_wconf 84' lang='grc' dir='ltr'>πάντων</span> <span class='ocrx_word' id='word_1_762' title='bbox 1237 2474 1357 2508; x_wconf 84' lang='grc' dir='ltr'>δηλονότι</span> <span class='ocrx_word' id='word_1_763' title='bbox 1369 2475 1422 2501; x_wconf 88' lang='grc' dir='ltr'><strong>τῶν</strong></span> <span class='ocrx_word' id='word_1_764' title='bbox 1436 2475 1523 2509; x_wconf 83' lang='grc' dir='ltr'>ἁγίων</span> <span class='ocrx_word' id='word_1_765' title='bbox 1539 2475 1652 2501; x_wconf 77' lang='grc' dir='ltr'>ἐκείνων</span> <span class='ocrx_word' id='word_1_766' title='bbox 1670 2474 1849 2510; x_wconf 75' lang='grc' dir='ltr'>πατριαρχῶν</span> <span class='ocrx_word' id='word_1_767' title='bbox 1862 2475 1910 2500; x_wconf 68' lang='grc' dir='ltr'>καὶ</span> 
     </span>
    </p>
   </div>
   <div class='ocr_carea' id='block_1_105' title="bbox 1116 2520 1909 2556">
    <p class='ocr_par' dir='ltr' id='par_1_105' title="bbox 1116 2520 1909 2556">
     <span class='ocr_line' id='line_1_106' title="bbox 1116 2520 1909 2556; baseline 0 -11"><span class='ocrx_word' id='word_1_768' title='bbox 1116 2520 1275 2555; x_wconf 48' lang='grc' dir='ltr'>προφητῶν,</span> <span class='ocrx_word' id='word_1_769' title='bbox 1290 2521 1339 2555; x_wconf 83' lang='grc' dir='ltr'>τὴν</span> <span class='ocrx_word' id='word_1_770' title='bbox 1351 2520 1399 2547; x_wconf 82' lang='grc' dir='ltr'><strong>τοῦ</strong></span> <span class='ocrx_word' id='word_1_771' title='bbox 1416 2520 1482 2547; x_wconf 83' lang='grc' dir='ltr'>Υίοῦ</span> <span class='ocrx_word' id='word_1_772' title='bbox 1504 2521 1551 2547; x_wconf 83' lang='grc' dir='ltr'><strong>τοῦ</strong></span> <span class='ocrx_word' id='word_1_773' title='bbox 1572 2520 1640 2547; x_wconf 82' lang='grc' dir='ltr'>Θεοῦ</span> <span class='ocrx_word' id='word_1_774' title='bbox 1660 2521 1844 2556; x_wconf 79' lang='grc' dir='ltr'>μεμνημένων</span> <span class='ocrx_word' id='word_1_775' title='bbox 1860 2520 1909 2546; x_wconf 73' lang='grc' dir='ltr'>καὶ</span> 
     </span>
    </p>
   </div>
   <div class='ocr_carea' id='block_1_106' title="bbox 1118 2566 1909 2602">
    <p class='ocr_par' dir='ltr' id='par_1_106' title="bbox 1118 2566 1909 2602">
     <span class='ocr_line' id='line_1_107' title="bbox 1118 2566 1909 2602; baseline -0.001 -9"><span class='ocrx_word' id='word_1_776' title='bbox 1118 2566 1304 2593; x_wconf 76' lang='grc' dir='ltr'>σεϐασοέντων</span> <span class='ocrx_word' id='word_1_777' title='bbox 1329 2566 1496 2600; x_wconf 58' lang='grc' dir='ltr'>ἐπίγνωσιν</span> <span class='ocrx_word' id='word_1_778' title='bbox 1530 2567 1653 2602; x_wconf 73' lang='grc' dir='ltr'>Ἀϐραὰμ</span> <span class='ocrx_word' id='word_1_779' title='bbox 1679 2566 1753 2602; x_wconf 75' lang='grc' dir='ltr'>γὰρ,</span> <span class='ocrx_word' id='word_1_780' title='bbox 1781 2566 1874 2601; x_wconf 67' lang='grc' dir='ltr'>φησὶν.</span> <span class='ocrx_word' id='word_1_781' title='bbox 1892 2566 1909 2592; x_wconf 83' lang='grc' dir='ltr'><em>ὁ</em></span> 
     </span>
    </p>
   </div>
   <div class='ocr_carea' id='block_1_107' title="bbox 1118 2611 1909 2647">
    <p class='ocr_par' dir='ltr' id='par_1_107' title="bbox 1118 2611 1909 2647">
     <span class='ocr_line' id='line_1_108' title="bbox 1118 2611 1909 2647; baseline -0.003 -9"><span class='ocrx_word' id='word_1_782' title='bbox 1118 2612 1216 2646; x_wconf 82' lang='grc' dir='ltr'>πατὴρ</span> <span class='ocrx_word' id='word_1_783' title='bbox 1243 2612 1325 2647; x_wconf 65' lang='grc' dir='ltr'>ὑμῶν</span> <span class='ocrx_word' id='word_1_784' title='bbox 1349 2613 1567 2647; x_wconf 79' lang='grc' dir='ltr'>ἠγαλλιάσατο,</span> <span class='ocrx_word' id='word_1_785' title='bbox 1583 2613 1632 2640; x_wconf 80' lang='grc' dir='ltr'><strong>ἵνα</strong></span> <span class='ocrx_word' id='word_1_786' title='bbox 1647 2612 1695 2646; x_wconf 78' lang='grc' dir='ltr'><strong>ἴδῃ</strong></span> <span class='ocrx_word' id='word_1_787' title='bbox 1723 2611 1780 2646; x_wconf 74' lang='grc' dir='ltr'><strong>τὴν</strong></span> <span class='ocrx_word' id='word_1_788' title='bbox 1795 2611 1909 2646; x_wconf 76' lang='grc' dir='ltr'>ἡμέραν</span> 
     </span>
    </p>
   </div>
   <div class='ocr_carea' id='block_1_108' title="bbox 1118 2657 1909 2693">
    <p class='ocr_par' dir='ltr' id='par_1_108' title="bbox 1118 2657 1909 2693">
     <span class='ocr_line' id='line_1_109' title="bbox 1118 2657 1909 2693; baseline -0.003 -9"><span class='ocrx_word' id='word_1_789' title='bbox 1118 2658 1176 2692; x_wconf 77' lang='grc' dir='ltr'><strong>τὴν</strong></span> <span class='ocrx_word' id='word_1_790' title='bbox 1186 2659 1272 2693; x_wconf 79' lang='grc' dir='ltr'>ἐμὴν,</span> <span class='ocrx_word' id='word_1_791' title='bbox 1288 2659 1336 2685; x_wconf 75' lang='grc' dir='ltr'>καὶ</span> <span class='ocrx_word' id='word_1_792' title='bbox 1349 2657 1409 2686; x_wconf 83' lang='grc' dir='ltr'>εἶδε</span> <span class='ocrx_word' id='word_1_793' title='bbox 1420 2659 1469 2685; x_wconf 79' lang='grc' dir='ltr'>καὶ</span> <span class='ocrx_word' id='word_1_794' title='bbox 1484 2658 1587 2693; x_wconf 83' lang='grc' dir='ltr'><strong>ἐχάρη.</strong></span> <span class='ocrx_word' id='word_1_795' title='bbox 1600 2658 1723 2693; x_wconf 79' lang='grc' dir='ltr'>Μωῧσῆς</span> <span class='ocrx_word' id='word_1_796' title='bbox 1739 2657 1852 2692; x_wconf 76' lang='grc' dir='ltr'>ἔγραψε,</span> <span class='ocrx_word' id='word_1_797' title='bbox 1863 2657 1909 2682; x_wconf 75' lang='grc' dir='ltr'>καὶ</span> 
     </span>
    </p>
   </div>
   <div class='ocr_carea' id='block_1_109' title="bbox 1118 2701 1907 2740">
    <p class='ocr_par' dir='ltr' id='par_1_109' title="bbox 1118 2701 1907 2740">
     <span class='ocr_line' id='line_1_110' title="bbox 1118 2701 1907 2740; baseline -0.005 -9"><span class='ocrx_word' id='word_1_798' title='bbox 1118 2705 1142 2731; x_wconf 88' lang='grc' dir='ltr'>οἱ</span> <span class='ocrx_word' id='word_1_799' title='bbox 1160 2705 1278 2740; x_wconf 75' lang='grc' dir='ltr'>καθεξῆς</span> <span class='ocrx_word' id='word_1_800' title='bbox 1298 2706 1436 2740; x_wconf 72' lang='grc' dir='ltr'>προφῆται</span> <span class='ocrx_word' id='word_1_801' title='bbox 1451 2706 1510 2740; x_wconf 77' lang='grc' dir='ltr'>ἤτοι</span> <span class='ocrx_word' id='word_1_802' title='bbox 1531 2705 1604 2740; x_wconf 80' lang='grc' dir='ltr'>ἔργῳ</span> <span class='ocrx_word' id='word_1_803' title='bbox 1629 2705 1646 2740; x_wconf 82' lang='grc' dir='ltr'>ἢ</span> <span class='ocrx_word' id='word_1_804' title='bbox 1659 2704 1730 2738; x_wconf 82' lang='grc' dir='ltr'>λόγῳ</span> <span class='ocrx_word' id='word_1_805' title='bbox 1746 2703 1809 2738; x_wconf 79' lang='grc' dir='ltr'>περὶ</span> <span class='ocrx_word' id='word_1_806' title='bbox 1826 2701 1907 2728; x_wconf 66' lang='grc' dir='ltr'>αὑποῦ</span> 
     </span>
    </p>
   </div>
   <div class='ocr_carea' id='block_1_110' title="bbox 1119 2747 1908 2787">
    <p class='ocr_par' dir='ltr' id='par_1_110' title="bbox 1119 2747 1908 2787">
     <span class='ocr_line' id='line_1_111' title="bbox 1119 2747 1908 2787; baseline -0.005 -10"><span class='ocrx_word' id='word_1_807' title='bbox 1119 2750 1260 2786; x_wconf 81' lang='grc' dir='ltr'>μυστικῶς</span> <span class='ocrx_word' id='word_1_808' title='bbox 1286 2751 1468 2787; x_wconf 74' lang='grc' dir='ltr'>ἐνεφήναντοο</span> <span class='ocrx_word' id='word_1_809' title='bbox 1488 2751 1546 2784; x_wconf 86' lang='grc' dir='ltr'><strong>πῶς</strong></span> <span class='ocrx_word' id='word_1_810' title='bbox 1572 2749 1619 2778; x_wconf 79' lang='grc' dir='ltr'>οὖν</span> <span class='ocrx_word' id='word_1_811' title='bbox 1644 2750 1675 2778; x_wconf 67' lang='grc' dir='ltr'><strong>τὺ</strong></span> <span class='ocrx_word' id='word_1_812' title='bbox 1704 2749 1801 2783; x_wconf 78' lang='grc' dir='ltr'>ἀρεὸὲς</span> <span class='ocrx_word' id='word_1_813' title='bbox 1817 2747 1908 2774; x_wconf 74' lang='grc' dir='ltr'>’τοῦτο</span> 
     </span>
    </p>
   </div>
   <div class='ocr_carea' id='block_1_111' title="bbox 310 2841 1165 2885">
    <p class='ocr_par' dir='ltr' id='par_1_111' title="bbox 310 2841 1165 2885">
     <span class='ocr_line' id='line_1_112' title="bbox 310 2841 1165 2885; baseline 0.011 -15"><span class='ocrx_word' id='word_1_814' title='bbox 310 2841 333 2858; x_wconf 74' lang='grc'>⁸³</span> <span class='ocrx_word' id='word_1_815' title='bbox 345 2842 424 2870; x_wconf 79' lang='lat' dir='ltr'><strong>.Ioan.</strong></span> <span class='ocrx_word' id='word_1_816' title='bbox 439 2852 466 2878; x_wconf 78' lang='grc' dir='ltr'><strong>ν,</strong></span> <span class='ocrx_word' id='word_1_817' title='bbox 480 2844 525 2872; x_wconf 74' lang='grc'><strong>25.</strong></span> <span class='ocrx_word' id='word_1_818' title='bbox 564 2846 585 2861; x_wconf 74' lang='grc'><strong>⁴¹</strong></span> <span class='ocrx_word' id='word_1_819' title='bbox 602 2844 680 2873; x_wconf 87' lang='lat' dir='ltr'><strong>Joan.</strong></span> <span class='ocrx_word' id='word_1_820' title='bbox 698 2854 756 2878; x_wconf 78' lang='lat' dir='ltr'><strong>\‘lll.</strong></span> <span class='ocrx_word' id='word_1_821' title='bbox 772 2846 816 2874; x_wconf 80' lang='lat'><strong>56.</strong></span> <span class='ocrx_word' id='word_1_822' title='bbox 855 2848 878 2864; x_wconf 76' lang='lat'>“</span> <span class='ocrx_word' id='word_1_823' title='bbox 907 2848 1002 2877; x_wconf 77' lang='lat' dir='ltr'><strong>Matth.</strong></span> <span class='ocrx_word' id='word_1_824' title='bbox 1025 2859 1100 2885; x_wconf 78' lang='lat' dir='ltr'><strong>xxtv,</strong></span> <span class='ocrx_word' id='word_1_825' title='bbox 1119 2851 1165 2879; x_wconf 76' lang='lat'><strong>‘27.</strong></span> 
     </span>
    </p>
   </div>
   <div class='ocr_carea' id='block_1_112' title="bbox 307 2911 886 2948">
    <p class='ocr_par' dir='ltr' id='par_1_112' title="bbox 307 2911 886 2948">
     <span class='ocr_line' id='line_1_113' title="bbox 307 2911 886 2948; baseline 0.005 -10"><span class='ocrx_word' id='word_1_826' title='bbox 307 2911 503 2946; x_wconf 75' lang='grc' dir='ltr'><strong>(99)511τ.111,</strong></span> <span class='ocrx_word' id='word_1_827' title='bbox 522 2913 656 2948; x_wconf 61' lang='lat' dir='ltr'><strong>mw,</strong></span> <span class='ocrx_word' id='word_1_828' title='bbox 674 2914 825 2948; x_wconf 51' lang='lat' dir='ltr'><strong>suum“,</strong></span> <span class='ocrx_word' id='word_1_829' title='bbox 846 2915 886 2942; x_wconf 62' lang='grc' dir='ltr'><strong>ιδ.</strong></span> 
     </span>
    </p>
   </div>
  </div>
