2083 3155
168 151 218 185 801

755 150 929 182 REFUTAT
934 149 970 180 [Ο
978 167 983 173 ι
990 150 1229 181 MOHAMEDIS.

1746 151 1800 183 802

166 209 244 240 ἔθνος
269 208 319 244 τὴν
345 207 464 243 παντελῆ
487 206 534 234 τοῦ
549 207 615 234 Υεοῦ
634 206 774 240 ἀναίρεσιν
791 207 951 243 πρεσϐεῦον,

1010 206 1065 233 Filii
1081 207 1291 234 destructionem
1308 205 1428 239 anhelat,
1441 205 1549 233 Patrem
1562 205 1622 240 cjtts
1644 205 1736 234 colat?
1747 206 1803 236 Aut

167 255 212 282 τὸν
228 254 311 281 αὑτοῦ
326 254 436 289 Πατέρα
448 254 607 286 σεόάξοιτος
623 254 640 288 ἢ
655 253 715 285 πῶς
726 253 759 280 ἂν
774 255 788 280 6
801 254 881 284 αὐτὸς
891 254 958 280 ἀπο-

166 300 273 332 δέξαιτο
290 299 386 335 Πατὴρ
395 299 441 326 τὸν
458 298 541 325 αὐτοῦ
557 298 641 330 ὅντως
657 298 722 325 ὄντα
737 298 802 325 Τίδν
813 299 860 326 καὶ
871 298 958 332 Λόγον

167 345 215 372 καὶ
228 344 300 373 ,Θεὸν
327 344 368 375 εἰς
390 344 438 370 ἁνυ
446 343 562 380 παρξίαν
580 343 626 370 ὑπ’
639 343 730 369 αὐτῶν
747 343 817 378 ὁρῶν
835 343 958 378 βλασφηο

168 389 322 426 μούμινον;
339 389 427 421 οὐδεὶς
444 390 535 425 πατὴρ
553 389 629 424 φίλος
645 389 705 415 ἐστὶ
717 389 771 416 τῶν
790 389 895 424 ὲχορῶν
911 388 957 415 τοῦ

168 435 330 471 μονογενοῦς
345 435 444 463 αὐτοῦ·
461 437 485 462 εἰ
496 436 550 470 γὰρ
563 436 608 462 τὸν
626 436 737 471 Πατέρα
759 436 863 468 ἔσεϐον,
876 435 958 466 αὐτὸς

167 481 200 508 ἂν
214 481 229 507 6
244 481 338 516 Πατὴρ
354 481 446 512 αὐτοῖς
460 481 506 508 τὸν
519 481 584 508 Υιὸν
598 480 768 514 ἁπεκάλυψε.
784 480 852 514 Φησὶ
875 480 929 515 γὰρ
945 480 959 506 6

167 525 270 562 Κύριος
281 533 289 541 ·
302 525 407 559 Οὐδεὶς
416 526 554 561 γινώσκει
570 526 624 554 τὸν
635 526 714 559 nov,
724 527 750 553 si
764 526 804 561 μὴ
818 528 835 554 ὀ
847 525 957 560 Πατήρ⁸

167 571 217 599 καὶ
235 568 260 605 ᾧ
273 571 312 598 ἂν
325 571 418 604 αὐτὸς
431 572 617 606 ἀποκαλύψῃ
628 580 634 586 ·
653 573 722 606 ὅπερ
736 572 783 599 ἐπὶ
805 572 859 599 τῶν
875 572 959 599 πάλαι

166 617 254 652 ἁγίων
270 616 382 654 ὁρῶμεν
393 618 577 653 γεγενημένον
588 625 596 633 '
613 617 638 645 οἳ
654 618 704 653 τὴν
718 618 822 644 ἑαυτῶν
835 618 899 653 περὶ
912 618 959 645 τοῦ

166 662 233 689 Υἱοῦ
250 662 352 696 γνῶσιν
374 662 422 689 καὶ
448 662 549 694 πίστιν,
568 662 615 689 καὶ
633 663 662 689 ὲν
690 654 853 698 γράμμασιν
874 662 912 694 ὡς
930 663 960 689 ὲν

167 708 281 744 στήλαις
309 708 458 736 κατέλιπον
469 716 476 724 '
497 708 585 740 ἄλλως
608 716 638 734 τε
652 708 710 740 πῶς
724 708 757 734 ἂν
771 707 896 735 δύναιντο
915 708 960 735 τὸν

166 754 278 789 Πατέρα
301 753 506 788 ἐπιγινώσκειν,
536 754 576 788 μὴ
604 754 697 785 αὐτοῖς
721 753 960 786 ἀποκαλύπτοντας

165 798 214 826 τοῦ
230 798 313 833 Υισῦς
342 799 447 833 οὐδεὶς
470 801 611 834 γινώσκει
634 800 688 826 τὸν
708 799 825 833 Πατέρα
848 801 875 826 εἰ
886 799 929 834 μὴ
944 801 961 826 δ

165 845 188 871 Υ
187 844 232 878 ἰός
243 853 249 860 ·
264 844 335 872 ὥστε
347 845 447 877 πάντες
459 846 484 872 οἱ
499 846 548 881 τῆς
562 845 684 877 Ηαλαιᾶς
707 845 827 880 ἓγκριτοι
846 846 894 872 καὶ
918 845 958 872 δί-

165 876 239 917 καιοι
255 890 364 926 ἄνδρες,
384 876 594 918 τδννΘεὸννκαὶ
618 876 732 926 Πατέρα
748 876 884 923 σέΰοντες,
909 891 958 926 τὴν
974 876 995 904 Β

165 936 214 963 τοῦ
230 937 297 964 Υίοῦ
308 937 356 964 τοῦ
370 937 438 964 Θεοῦ
456 938 632 973 ἐμνήσθησαν
644 938 690 964 καὶ
707 937 831 973 ὲμύησαν
845 937 956 971 γνῶσιν.

202 982 256 1018 pf.
270 983 326 1010 Καὶ
350 983 430 1010 τοῦτο
459 984 573 1019 σημεῖον
593 983 708 1019 ἐναργὲς
728 984 743 1010 6
764 983 828 1015 Υίδς
842 983 957 1010 δέδωκεν

166 1029 256 1056 αὐτῶν
275 1038 306 1056 τε
323 1029 370 1057 καὶ
386 1029 441 1056 τῶν
460 1030 519 1064 μετ’
537 1029 659 1060 ἐκείνους
680 1029 719 1064 τῷ
736 1029 824 1064 Πατρὶ
838 1037 958 1064 προσκυ-

166 1074 294 1107 νούντων,
305 1075 335 1102 τὸ
346 1076 393 1102 τὸν
402 1075 467 1102 Υἰὺν
484 1076 567 1110 τιμᾷν
578 1083 586 1091 ·
602 1075 650 1102 καὶ
664 1075 719 1109 γὰρ
732 1074 840 1109 ὁρῶμεν
850 1073 958 1108 ἀληθῶς

165 1122 253 1154 οὕτως
267 1122 328 1157 ἔχον
343 1121 372 1149 ἐν
391 1130 421 1148 τε
435 1121 509 1156 νόμῳ
524 1121 570 1148 καὶ
588 1120 691 1156 χάριτι.
714 1119 831 1155 Φανερὺν
848 1119 902 1155 ἄρα
917 1120 957 1146 ὅτι

166 1169 196 1195 οὐ
216 1168 262 1195 τδν
284 1167 331 1194 τοῦ
350 1167 476 1203 ’Δὸραὰμ
489 1167 536 1194 καὶ
554 1167 693 1198 Μωῦσέως
705 1165 772 1192 Θεὸν
785 1165 830 1193 τὸν
847 1166 957 1201 Πατέρα

166 1213 214 1240 τοῦ
239 1213 342 1248 Κυρίου
366 1213 445 1249 ἡμῶν
491 1211 579 1247 Ἰησοῦ
605 1210 726 1247 Χριστοῦ
759 1211 957 1246 προσκυνοῦσιν

173 1260 329 1296 ’Δγαρῃνοὶ,
341 1259 388 1286 καὶ
401 1260 451 1294 τὴν
463 1259 564 1293 γνῶσιν
578 1259 625 1285 τοῦ
641 1257 811 1292 Μονογενοῦς
829 1256 958 1292 ἐξαρνού-

167 1315 246 1343 μενοι
255 1314 262 1322 ·
277 1305 346 1333 ἀλλὰ
359 1305 404 1332 τὸν
417 1305 523 1340 πατέρα
537 1304 584 1331 τοῦ
596 1304 722 1339 ψεύδους,
735 1303 773 1335 ὼς
786 1303 816 1335 ἐξ
835 1304 958 1338 ἀνάγκης

164 1352 247 1380 τοῦτο
261 1351 483 1382 ἀκολουθοῦντος,
505 1350 549 1378 διὰ
566 1350 596 1377 τδ
613 1350 652 1386 μὴ
667 1350 832 1386 προσκυνεῖν
849 1349 895 1376 τὸν
909 1350 957 1384 τῆς

166 1397 298 1433 ἀληθείας
309 1398 431 1432 Πατέρα.
458 1398 487 1424 '0
500 1397 555 1433 γὰρ
569 1396 684 1432 θατέρου
703 1396 834 1427 ἀποστὰς,
851 1395 957 1431 θατέρῳ

167 1443 346 1478 περιπίπτει·
360 1443 406 1469 καὶ
421 1442 540 1477 ἀψευδής
556 1442 630 1468 ἐστιν
644 1442 662 1475 _6
679 1441 726 1468 τοῦ
744 1441 846 1476 Κυρίου
867 1441 956 1475 λόγος,

166 1489 208 1515 ὃτι
224 1489 251 1514 '0
265 1487 307 1523 μὴ
322 1487 415 1523 τιμῶν
431 1488 485 1514 τὸν
502 1487 580 1520 Υὶὸν,
596 1487 668 1514 οὐδὲ
682 1486 735 1514 τὸν
747 1487 863 1521 Πατέρα
877 1486 955 1521 τιμᾷ·

164 1533 275 1569 ἀνάγκη
291 1531 338 1560 οὖν
353 1535 411 1565 τοῖς
431 1533 468 1568 τῷ
481 1533 592 1568 Χριστῷ
604 1532 776 1565 πιστεύουσι,
804 1532 841 1568 μὴ
856 1533 956 1565 ἐξεῖναι

166 1578 257 1613 λέγειν
271 1579 310 1605 ὃτι
321 1578 366 1605 τὸν
379 1578 509 1614 ἀληθινὸν
526 1578 592 1605 Θεὸν
617 1578 742 1605 σέόονται
762 1578 906 1613 ’Δγαρηνοι
919 1586 926 1593 ·
941 1578 957 1613 ἢ

167 1624 246 1651 τοῦτο
269 1625 406 1658 λέγοντες,
435 1625 498 1656 τοὺς
523 1623 589 1659 περὶ
620 1623 746 1659 Ἀϐραὰμ
773 1625 821 1650 καὶ
840 1624 960 1650 Μωῡσέα

167 1672 425 1707 ἀναγκασθήσονται
454 1672 544 1706 λέγειν
574 1671 610 1707 μὴ
635 1671 680 1698 τὸν
692 1671 758 1698 Θεὸν
776 1671 822 1698 τὸν
834 1671 959 1707 ἀληθινὸν

167 1719 351 1754 προσκυνεῖν·
369 1719 417 1745 καὶ
429 1717 474 1744 τὸν
489 1718 593 1753 Κύριον
607 1717 764 1752 ψεύδεσθαι,
780 1718 848 1752 ὅπερ
862 1718 960 1745 ἀδύνα-

167 1772 214 1791 τον
232 1764 282 1800 τὴν
294 1764 491 1800 αὺτοαλήθειαν
506 1763 604 1790 παθεῖν
616 1771 622 1778 ·
641 1763 690 1790 καὶ
701 1763 751 1799 τὴν
765 1763 820 1791 τῶν
837 1763 959 1791 παλαιῶν

167 1809 280 1845 Γραφὴν
297 1809 336 1845 μὴ
349 1809 546 1845 συσσημαίνειν
563 1809 699 1844 διαφόρως
714 1809 753 1844 τῷ
765 1809 855 1845 Πατρὶ
868 1810 915 1836 καὶ
929 1810 959 1837 τὸ

166 1855 216 1882 τοῦ
238 1855 306 1882 Υἱοῦ
331 1854 476 1890 πρόσωπον
501 1856 594 1881 ὁποῖόν
617 1855 674 1881 ὲστι
691 1854 733 1887 τὸ,
754 1855 805 1882 Ἐκ
828 1855 959 1890 γαστρὸς

168 1901 226 1937 πρὸ
251 1901 407 1936 ἐωσφόρου
431 1901 582 1935 ὲγέννησά
598 1909 643 1928 σε.
665 1901 721 1927 Kal.
737 1900 778 1933 τὺ,
807 1900 839 1927 '0
853 1902 958 1935 θρόνος

168 1955 239 1980 σου,
261 1948 277 1974 ὀ
290 1947 373 1980 Θεὸς,
392 1947 436 1980 εἷς
448 1946 502 1973 τὸν
520 1946 613 1973 αἰῶνα
632 1946 685 1973 τοῦ
698 1945 821 1980 αἰῶνος·
847 1947 958 1981 ῥάϐδος

168 1993 344 2026 εὐθύτητος,
357 1992 377 2026 ἡ
386 1992 496 2026 ῥάϐδος
511 1992 566 2026 τῆς
573 1992 735 2026 ,ϐασιλείας
749 2000 817 2019 σου.
834 1992 958 2027 Ὴγάπη-

169 2047 229 2072 σας
237 2038 437 2073 δικαιοσύνην
447 2038 496 2065 καὶ
507 2038 657 2073 ἐμίσησας
664 2037 794 2066 ἀδικίαν·
810 2037 860 2065 διὰ
870 2038 957 2065 τοῦτο

169 2083 274 2118 ἔχρισέ
290 2090 327 2111 σε
341 2084 413 2116 Θεὸς
428 2084 443 2110 ό
461 2084 533 2117 Θεός
553 2092 611 2111 σου
624 2083 668 2116 εὶς
680 2083 734 2110 τὸν
747 2083 850 2116 αἰῶνα,
865 2083 958 2111 καὶτὰ

169 2130 262 2164 ὃμοια.
279 2129 309 2156 El
329 2129 359 2156 δὲ
372 2129 422 2164 τὴν
446 2129 576 2164 ἀλήθειαν
597 2129 635 2164 μὴ
650 2129 806 2164 ψεύδεσθαι,
832 2130 879 2156 καὶ
895 2130 958 2162 τοὺς

169 2175 236 2210 περὶ
259 2175 385 2211 Ἀϐραὰμ
409 2174 544 2206 θεοσεϐεῖς
569 2174 757 2210 ὁμολογοῦσιν,
776 2175 885 2207 ἀσεϐεῖς
911 2175 958 2202 καὶ

169 2221 268 2253 ἀθέους
281 2220 344 2252 τοὺς
363 2220 532 2255 ’Λγαρηνοὺς
546 2220 656 2252 πάντως
672 2219 889 2256 ἀποφανοῦνται,
905 2222 963 2249 ἀλλ’

170 2266 235 2301 οὐχὶ
251 2265 387 2297 θεοσεσεϊς
399 2265 532 2292 ὁπωσοῦν.

170 2310 211 2338 Λ’.
233 2311 417 2344 Ἀπὰντησις
437 2311 512 2345 πρὸς
524 2310 596 2343 τοὺς
619 2309 856 2346 δυσφημοῦντας
877 2311 962 2346 Ἀγα-

202 2347 320 2380 ρηνοὺς
348 2346 407 2381 τὴν
428 2346 556 2380 Χριστοῦ
580 2345 717 2381 θεότητα,
745 2345 794 2372 καὶ
810 2345 961 2381 λέγοντας

205 2379 344 2416 ἀφρόνως
354 2387 362 2395 ·
380 2379 520 2408 Οὐκὲστι
535 2380 623 2416 Θεός·
638 2379 688 2416 καὶ
704 2379 962 2416 διὰῗτοῦτοοὶομέἔ

205 2415 280 2449 γοὺς
302 2417 370 2458 τὴν
386 2415 574 2458 Χριστιανῶν
595 2415 698 2448 αὐτοῖς
718 2415 895 2443 ἐκδεδόσθαι
911 2415 961 2450 sic

205 2451 363 2486 προνομὴν
378 2451 488 2486 χώραν.

208 2496 255 2532 ρᾶ.
271 2496 302 2522 [ιι
316 2496 363 2522 καὶ
374 2495 554 2531 ἐπιτιμᾶσθαι
570 2495 669 2527 αὐτοὺς
685 2495 758 2527 εἰκὸς
774 2493 807 2531 ἦν
819 2496 852 2523 ὲκ
866 2505 961 2531 προοι-

172 2542 253 2577 μίων,
265 2541 345 2569 τοῦτο
361 2542 411 2577 μὲν
428 2542 594 2578 παροπτέον,
604 2542 648 2568 διὰ
660 2541 690 2568 τὸ
705 2539 775 2568 εἶναι
788 2541 834 2568 τὸν
848 2542 962 2574 τούτους

170 2588 254 2620 ἀξίως
269 2587 468 2623 ἐπιτιμήσαντα
480 2595 486 2602 ’
504 2587 596 2619 κοινὰς
609 2588 637 2614 δὲ
659 2587 839 2623 προλαὸόντες
856 2588 960 2619 ἑννοίας

169 2635 219 2668 τῆς
235 2634 338 2666 λύσεως
357 2634 406 2670 τῆς
419 2634 548 2670 τοιαύτης
563 2634 690 2670 ἀπορίας,
711 2635 743 2661 ἐκ
757 2634 812 2660 τῶν
828 2634 893 2670 παρ’
912 2635 961 2661 αὺ-

171 2681 229 2712 τοῖς
239 2680 466 2715 ὁμολογουμένων
476 2680 576 2712 αὺτοὺς
587 2679 785 2715 ἀπελέγξομεν,
802 2679 840 2712 ὡς
853 2680 882 2707 ὲν
894 2681 963 2707 πᾶσι

171 2727 223 2753 κᾶν
243 2725 332 2762 τούτῳ
350 2726 443 2758 κακῶς
465 2726 644 2762 φρονοῦντας
659 2727 690 2753 τὺ
713 2725 789 2753 Θεῖον
808 2726 863 2754 δεῖν
881 2723 961 2758 εἶναι,

172 2773 239 2808 παρ’
257 2771 338 2808 ήμῶν
367 2772 511 2807 μαθόντες,
529 2772 706 2807 ὁμολογοῦσιν
732 2771 845 2807 ἀγαθὸν,
867 2771 962 2807 φιλάν-

1008 253 1147 288 quomodo
1169 253 1287 288 patietur
1302 253 1361 287 ipse
1368 252 1468 284 “Pater,
1484 259 1565 279 suum
1580 260 1643 279 vere
1658 251 1758 280 Filium
1774 258 1803 280 et

1008 297 1127 325 Verbum
1141 305 1173 325 ac
1192 298 1275 325 Deum
1292 298 1326 324 ab
1338 297 1436 324 horum
1450 296 1610 331 blasphemo
1625 304 1672 324 ore
1687 296 1802 332 negari?

1007 342 1105 370 Nullus
1122 348 1196 371 certe
1208 347 1285 378 pater
1308 343 1482 370 inimicorum
1496 342 1628 376 unigeniti
1643 342 1684 369 sui
1695 342 1802 370 amicus

1008 393 1060 416 est.
1077 388 1180 416 Praeter
1203 397 1285 424 quam
1312 389 1385 423 quod
1403 389 1426 416 si
1440 388 1550 415 Patrem
1565 389 1617 416 rite
1632 388 1763 420 colerent,
1778 388 1803 416 is

1008 435 1111 462 eisdem
1124 434 1222 462 Filium
1235 443 1314 462 suum
1331 435 1475 462 revelaret.
1488 435 1639 470 Aitquippe
1650 434 1801 462 Dominus:

1011 480 1095 508 Nemo
1116 481 1186 508 novit
1209 480 1312 508 Filium
1326 481 1379 508 nisi
1404 480 1528 514 Pater,et
1543 481 1585 508 cui
1604 481 1659 515 ipse
1672 480 1803 507 revelave-

1010 526 1089 559 rit";
1100 527 1171 560 quod
1183 527 1320 555 veteribus
1334 527 1436 554 sanctis
1447 527 1595 562 contigisse
1605 526 1741 558 videmus,
1755 526 1803 561 qui

1010 579 1088 599 suam
1105 571 1166 599 Filii
1188 573 1314 599 notitiam
1331 573 1468 608 ﬁdemque
1497 573 1523 599 in
1543 572 1621 599 libris
1643 579 1754 607 quoque
1775 575 1805 599 et

1010 618 1089 652 qttasi
1113 618 1200 652 cippis
1222 618 1353 653 scriptam
1381 619 1559 653 reliquerunt.
1585 618 1710 653 Insuper,
1734 623 1804 652 quo-

1011 663 1091 690 modo
1116 664 1225 698 possint
1245 664 1353 692 Patrem
1379 671 1560 699 cognoscere,
1586 662 1656 690 Filio
1683 663 1723 691 eis
1747 669 1804 690 non

1011 709 1166 736 revelante?
1193 708 1277 736 Nemo
1304 710 1374 737 nouit
1392 709 1500 737 Patrem
1532 710 1584 736 nisi
1610 709 1804 737 Filiumadeo

1011 758 1041 780 ut
1064 755 1154 782 cuncti
1177 754 1283 783 Veteris
1307 755 1474 783 Testamenti
1506 756 1597 791 inclyti
1613 756 1734 791 justique
1752 756 1804 783 ho-

1011 799 1110 832 mines,
1125 799 1171 826 Dei
1186 799 1275 828 Patris
1283 800 1412 833 cultores,
1425 799 1486 828 Filii
1498 801 1580 828 simul
1595 801 1692 828 n0titia
1704 800 1804 829 imbuti

1012 843 1125 879 iuerint,
1141 845 1264 881 aliosque
1277 846 1397 874 vicissim
1419 846 1578 874 imbuerint.

1047 987 1110 1014 105.
1124 987 1212 1022 Atque
1223 988 1276 1016 hoc
1287 987 1360 1015 dedit
1376 987 1462 1016 Filius
1478 988 1586 1024 signum
1603 989 1719 1016 evidens
1729 989 1804 1024 quod

1011 1032 1049 1060 illi
1062 1037 1089 1060 et
1107 1034 1210 1068 posteri
1225 1042 1321 1062 eorum
1331 1033 1439 1062 Patrem
1450 1035 1581 1067 colerent,
1600 1035 1624 1062 si
1645 1042 1742 1069 nempe
1756 1034 1803 1062 Fi-

1011 1078 1076 1105 lium
1091 1079 1313 1107 ltonorilicarent.
1338 1081 1384 1108 Sic
1401 1082 1474 1108 enim
1501 1088 1560 1108 rem
1587 1081 1623 1108 ita
1646 1088 1676 1109 se
1704 1082 1804 1109 habere

1011 1124 1136 1152 videmus
1148 1129 1204 1151 tum
1217 1126 1244 1152 in
1267 1125 1326 1160 lege
1349 1130 1405 1152 tum
1419 1125 1500 1153 etiam
1519 1126 1545 1152 in
1558 1126 1654 1160 gratia.
1671 1125 1804 1160 Explora-

1010 1174 1069 1197 tum
1095 1170 1259 1205 igitur-esl,
1286 1179 1456 1206 nequaquam
1481 1171 1628 1198 Abraltami
1655 1176 1682 1199 et
1704 1171 1803 1208 Moysis

1011 1217 1108 1249 Deum,
1123 1221 1227 1251 patrem
1250 1217 1357 1244 Domini
1381 1217 1466 1244 nostri
1481 1216 1545 1244 Jesu
1559 1217 1673 1250 Christi,
1685 1218 1720 1245 ab
1730 1218 1804 1252 Aga-

1011 1262 1084 1290 renis
1103 1262 1166 1294 coli,
1182 1262 1228 1297 qui
1244 1261 1420 1296 Unigettitum
1437 1252 1586 1297 agnoscere
1600 1267 1738 1296 renuunt;
1755 1261 1803 1290 sed

1010 1316 1058 1337 eos
1073 1308 1206 1336 mendacii
1220 1313 1321 1343 patrem
1344 1309 1433 1343 polllls
1449 1308 1602 1336 necessaria
1617 1309 1726 1343 seqttela
1738 1308 1804 1336 ado-

1011 1361 1082 1386 rare,
1101 1354 1231 1388 quoniam
1255 1353 1382 1388 veritatis
1406 1352 1514 1380 Patrem
1538 1359 1592 1379 non
1617 1352 1802 1380 colunI.Nam

1011 1400 1058 1434 qui
1081 1400 1113 1426 ab
1135 1399 1223 1426 altero
1247 1398 1374 1430 discedit,
1390 1398 1417 1425 in
1437 1398 1553 1425 alterum
1571 1397 1694 1425 oﬂettdit.
1709 1397 1804 1432 Neque

1010 1445 1079 1472 fallit
1090 1445 1151 1472 Filii
1163 1452 1265 1478 sermo,
1279 1451 1377 1478 nempe
1390 1452 1452 1471 eum
1469 1444 1515 1479 qui
1530 1443 1628 1470 Filium
1647 1451 1700 1470 non
1715 1444 1804 1472 hono-

1010 1490 1113 1522 riﬁcat,
1131 1498 1166 1517 ne
1184 1489 1292 1517 Patrem
1308 1488 1416 1524 quidem
1434 1489 1626 1517 ltonoriﬁcare.
1643 1488 1803 1516 Necessario

1012 1537 1094 1572 igitur
1123 1536 1156 1564 iis
1180 1536 1225 1571 qui
1248 1535 1360 1563 Christo
1388 1535 1505 1562 credunt
1519 1535 1610 1562 dicere
1636 1542 1690 1561 non
1718 1535 1801 1566 licet,

1013 1589 1105 1610 verum
1130 1582 1214 1609 Deum
1235 1581 1269 1608 ab
1289 1581 1423 1615 Agarenis
1446 1580 1569 1608 coli.Aut
1589 1580 1612 1607 si
1635 1580 1687 1608 ltoc
1699 1580 1801 1613 dicent,

1011 1632 1143 1663 cogentur
1169 1627 1259 1656 dicere
1283 1627 1470 1654 Abraltatnum
1501 1634 1534 1653 ac
1561 1626 1681 1661 Moysem
1707 1633 1802 1653 verum

1011 1674 1096 1701 Deum
1123 1681 1178 1701 non
1196 1673 1336 1707 coluisse;
1359 1676 1386 1701 et
1416 1672 1560 1699 Dominum
1585 1672 1712 1704 mentiri;
1729 1671 1803 1706 quod

1010 1721 1068 1747 ﬁeri
1082 1720 1116 1747 ab
1131 1719 1223 1747 innata
1239 1719 1351 1746 veritate
1365 1719 1458 1754 nequit
1473 1726 1479 1745 :
1495 1726 1582 1753 neque
1596 1719 1659 1745 item
1674 1719 1803 1752 antiquas

1011 1764 1167 1799 Scripturas
1178 1764 1348 1799 plurifariam
1359 1764 1530 1799 signiﬁcasse
1540 1763 1635 1798 quales
1648 1764 1704 1790 sint
1715 1763 1803 1791 Patris

1009 1810 1124 1845 Filiique
1148 1818 1281 1844 personae.
1299 1809 1387 1842 Veluti
1403 1818 1410 1837 :
1432 1809 1473 1835 Ex
1492 1813 1566 1836 utero
1588 1813 1648 1836 ante
1664 1808 1802 1843 luciferum

1009 1855 1086 1889 genui
1094 1859 1118 1880 te
1127 1853 1161 1880 ⁸ο.
1172 1854 1238 1881 Item
1254 1861 1261 1880 :
1274 1852 1353 1880 Sedes
1367 1858 1423 1884 tua,
1436 1852 1517 1883 Deus.
1527 1853 1555 1879 in
1563 1852 1688 1879 swculum
1698 1851 1802 1879 monti.

1014 1900 1094 1935 Virga
1113 1901 1286 1932 directionis,
1302 1901 1376 1935 uirga
1402 1900 1475 1934 regni
1499 1899 1548 1926 tui.
1576 1899 1702 1926 Dilexisti
1716 1898 1802 1932 justi-

1009 1947 1085 1977 tiam,
1103 1951 1127 1973 et
1147 1946 1228 1973 odisti
1241 1946 1428 1980 iniquitatem;
1442 1950 1578 1980 propterea
1591 1945 1668 1971 unxit
1686 1949 1709 1971 te
1726 1943 1798 1970 Deus

1008 1992 1078 2019 Deus
1099 1997 1158 2018 tuus
1169 1992 1196 2018 in
1208 1997 1336 2019 teternum
1344 1992 1380 2024 ";
1392 1995 1418 2019 et
1428 1991 1537 2020 similia.
1547 1991 1622 2024 Quod
1651 1990 1674 2017 si
1693 1989 1796 2021 ﬁdeles,

1008 2038 1148 2066 veritatem
1161 2046 1215 2066 non
1229 2046 1290 2066 esse
1306 2039 1458 2077 mentitam,
1474 2043 1502 2066 et
1516 2038 1699 2065 Abraltamum
1721 2038 1794 2072 pium

1008 2081 1094 2110 fuisse
1113 2082 1239 2115 fatentur,
1263 2083 1291 2110 hi
1322 2083 1491 2118 irreligiosos
1519 2087 1546 2110 et
1569 2083 1665 2110 atlteos
1680 2089 1794 2116 Prorsus

1009 2128 1100 2156 dicent
1116 2137 1177 2157 esse
1190 2129 1340 2165 Agarenos,
1357 2136 1412 2157 nan
1427 2135 1518 2157 autem
1541 2128 1646 2164 tedepol
1668 2128 1714 2156 Dei
1738 2128 1797 2156 cul—

1009 2181 1093 2204 tores.

1014 2311 1100 2339 XXX.
1117 2311 1249 2338 Adversus
1270 2310 1404 2345 Agarenos
1419 2309 1521 2337 Christi
1544 2308 1709 2335 divinitatem
1727 2307 1801 2334 blus-

1050 2348 1217 2382 phemantex,
1233 2346 1404 2382 Idicentesque
1428 2345 1581 2382 insipienter
1594 2352 1653 2370 eum
1673 2351 1734 2382 non
1747 2350 1804 2382 esse

1053 2377 1154 2414 Deum;
1182 2377 1214 2408 ac
1233 2377 1380 2415 'proptere'a
1410 2377 1533 2414 putantes
1561 2379 1653 2405 datam
1684 2378 1748 2412 ipsis
1775 2377 1802 2403 in

1049 2416 1167 2452 prmium
1179 2417 1309 2452 regionem
1327 2415 1551 2442 Christianorum.

1051 2495 1113 2523 104.
1130 2494 1245 2522 Etiamsi
1262 2493 1354 2522 statim
1366 2493 1401 2530 ab
1414 2492 1492 2520 initio
1503 2492 1644 2526 increpare
1657 2490 1706 2518 ltos
1719 2497 1802 2525 opor-

1016 2546 1094 2574 teret,
1109 2541 1134 2568 id
1147 2540 1325 2568 ttibilominus
1338 2538 1506 2569 omittemus,
1518 2537 1583 2573 quia
1600 2544 1654 2564 non
1666 2536 1741 2563 deest
1755 2534 1802 2569 qui

1014 2596 1063 2616 eos
1086 2595 1135 2623 pro
1161 2587 1259 2614 nterito
1283 2584 1444 2620 increpabit.
1462 2583 1515 2611 Sed
1539 2590 1699 2611 communes
1723 2581 1801 2607 adhi-

1014 2632 1109 2659 bentes
1121 2630 1259 2662 notiones,
1273 2629 1308 2656 ob
1321 2628 1403 2664 hujus
1414 2627 1610 2655 controversia:
1625 2625 1800 2654 solutionem,

1012 2686 1045 2706 ex
1061 2677 1196 2705 confessis
1210 2675 1282 2712 apud
1296 2675 1357 2703 illos
1367 2681 1560 2710 coarguemus,
1575 2680 1633 2704 eos,
1651 2676 1680 2699 ut
1696 2671 1722 2697 in
1739 2669 1801 2696 aliis

1013 2723 1152 2757 omnibus,
1175 2722 1202 2750 in
1229 2722 1282 2750 boc
1312 2727 1423 2760 quoque
1448 2727 1532 2756 prave
1560 2716 1677 2753 opinari.
1702 2715 1799 2745 Deum,

1012 2770 1092 2799 nobis
1110 2767 1283 2803 docentibus,
1304 2767 1408 2798 bonum
1420 2773 1482 2796 csse
1498 2761 1800 2796 conﬁtentur,benevo-

166 2893 169 2895 ,
207 2860 232 2877 “
247 2859 342 2889 Matth.
355 2868 393 2895 XI,
411 2860 456 2888 27.
497 2860 519 2877 “
531 2860 604 2889 Psal.
617 2868 671 2894 cu,
690 2860 718 2889 5.
755 2859 778 2876 ⁵⁵
794 2859 865 2888 Psal.
882 2866 955 2892 xttv,
977 2858 1043 2895 7,_8.
