2083 3155
307 155 364 187 803

868 174 871 177 -
928 152 1077 185 NICETAE
1095 152 1300 186 BYZANTINI

1887 154 1943 189 803

306 212 363 239 lum
377 217 440 245 erga
453 189 590 243 homines,
600 209 763 245 sapientem,
777 209 882 246 justum
896 214 979 246 atque
996 215 1091 245 poten-

1155 210 1275 245 θρωπον,
1293 208 1342 237 καὶ
1352 208 1446 243 σοφδν,
1464 209 1510 236 καὶ
1530 207 1637 236 δίκαιον
1644 208 1694 237 καὶ
1707 205 1836 237 ὼνᾶτόν·
1854 210 1879 238 τί
1897 212 1943 238 καὶ

304 258 379 290 tem;
394 256 499 283 etiamsi
516 256 599 283 alium
610 256 662 283 sub
671 256 731 291 ejus
751 256 863 284 nomine
876 257 982 284 colunt.
993 256 1096 290 Quate-

304 309 358 328 nus
382 308 448 335 ergo
469 300 557 328 bonus
575 305 627 333 est,
641 301 698 328 vult
717 301 862 329 animabus
885 302 990 329 nostris
1012 302 1096 329 bene-

305 346 404 379 facere,
429 349 509 380 prout
527 346 584 373 lleri
602 350 700 381 potest,
728 352 755 374 et
782 347 954 382 corporibus,
976 348 1097 375 animam

303 393 340 419 ab
358 392 400 419 his
416 391 593 419 sensibilibus
608 392 642 419 ad
659 392 852 421 intellectualis
866 394 1000 421 excitans.
1022 392 1098 426 Qua—

304 443 384 465 tenus
398 443 474 465 'vero
497 439 607 472 sapiens
631 446 664 465 ac
685 438 776 473 justus
796 444 823 467 et
851 445 957 475 potens.
976 440 1096 466 animam

304 488 412 515 semper
438 480 548 516 praefert
576 483 694 517 corpori.
720 483 845 519 Namque
879 484 1021 511 hominum
1048 483 1095 511 alii

304 531 368 554 sunt
386 526 519 561 religiosi,
531 527 577 554 alii
604 535 695 555 secus.
709 528 741 555 Et
754 529 945 563 religiosorum
964 530 1010 556 alii
1031 533 1097 556 sunt

303 571 433 605 boni,alil
444 580 569 608 nequam.
585 573 686 601 Horum
702 579 792 602 autem
813 575 857 602 alii
870 575 1006 603 sanabiles
1021 578 1094 606 sunt,

306 620 353 647 alii
363 627 451 649 secus.
461 619 605 648 Sanabiles
612 629 677 649 vero
691 627 754 649 sunt
763 622 807 649 alii
818 622 956 656 felicitate,
969 622 1012 649 alii
1025 622 1096 649 cala-

303 665 408 692 mitate.
420 664 524 693 Rursus
535 667 632 700 partim
645 675 704 694 sese
716 668 824 702 ipsimet
834 672 943 700 sanant,
954 667 1051 702 partim
1061 667 1095 694 ab

303 711 365 739 aliis
377 711 567 739 emendantur.
579 712 714 740 Bonorum
725 717 816 740 autem
827 713 871 740 alii
883 713 974 748 quiete
984 713 1078 739 salvan
1086 727 1094 732 -

303 761 359 790 tur,
374 757 419 784 alii
431 757 569 786 laboribus
584 759 698 794 gratiam
716 759 920 787 nauciscuntur.
936 757 988 786 Sed
1003 766 1036 786 ex
1052 758 1095 786 his

303 803 349 829 alii
375 808 486 838 propter
511 811 541 831 se
558 805 660 836 dolent,
685 805 731 832 alii
754 810 864 840 propter
887 805 964 832 alios.
988 804 1042 831 Alii
1067 808 1095 832 et

303 855 415 885 propter
431 850 510 882 alios,
534 854 560 877 et
583 855 695 885 propter
714 859 743 879 se
758 851 861 884 dolent,
881 851 922 878 vel
937 850 1021 878 futuri
1036 859 1093 878 me-

1149 254 1214 282 ἀλλο
1229 256 1269 287 είς
1278 255 1311 281 τὸ
1325 255 1432 282 ἐκείνου
1446 254 1573 282 σέϐουσιν
1582 254 1678 290 ὄνομα.
1694 254 1740 287 Ὧς
1752 254 1820 289 γοῦν
1829 255 1941 290 ἀγαθὸς,

1148 301 1222 328 θέλει
1237 300 1442 336 εὐεργετεῖσθαι
1458 300 1539 336 ἡμῶν
1553 300 1600 327 καὶ
1612 301 1662 332 τὰς
1674 300 1775 336 ψυχὰς,
1790 302 1815 328 εἰ
1831 299 1887 329 οἷόν
1899 310 1940 334 τε,

1147 346 1198 373 καὶ
1219 347 1253 373 τὰ
1272 345 1398 381 σώματα,
1421 345 1553 381 ιρεθίζων
1572 346 1606 373 ὲκ
1617 346 1672 373 τῶν
1698 346 1837 383 αἰσθητῶν
1850 347 1891 379 είς
1906 348 1940 375 τὰ

1146 391 1231 428 νοητά
1242 391 1292 427 τὴν
1308 391 1414 427 ψυχήν·
1430 391 1469 423 ὥς
1481 392 1563 426 σοφὸς
1578 391 1606 419 δὲ
1618 392 1666 419 καὶ
1679 391 1783 425 δίκαιος
1803 393 1851 420 καὶ
1861 393 1942 421 δυνα-

1147 437 1203 470 τὸς,
1219 438 1269 473 τὴν
1281 438 1372 473 ψυχὴν
1391 438 1435 464 ἀεὶ
1450 438 1594 474 προκρίνει
1605 438 1652 464 τοῦ
1665 438 1807 473 σώματος·
1820 439 1876 466 τῶν
1888 440 1942 476 γὰρ

1146 484 1297 518 ἀνθρώπων
1309 485 1333 510 οἱ
1350 484 1401 518 μέν
1423 485 1477 511 εἰσι
1497 484 1645 517 θεοσεὸετς,
1664 485 1688 511 oi
1701 485 1730 512 δὲ
1746 486 1854 517 ἀσεῦεῐς
1866 494 1873 502 η
1894 487 1941 513 καὶ

1145 529 1200 556 τῶν
1212 529 1358 562 θεοσεσῶν,
1373 530 1397 556 oi
1414 529 1463 565 μὲν
1481 529 1641 565 εὖχρηστοι,
1657 531 1681 557 οἱ
1694 530 1722 557 δὲ
1737 531 1943 566 ἀχρηστονπά-

1145 577 1187 603 λιν
1198 577 1252 603 τῶν
1265 577 1419 612 ἀχρήστων,
1433 577 1457 603 oi
1476 577 1525 611 μὲν
1541 577 1656 612 ἰάσιμοι,
1670 577 1694 603 οι
1709 576 1737 603 δὲ
1750 577 1855 604 ἀνίατοι
1865 585 1873 594 ·
1885 578 1942 605 τῶν

1144 623 1173 649 δὲ
1189 623 1304 657 ίασίμων
1321 642 1329 656 ,
1347 624 1371 649 οἱ
1388 623 1437 657 μὲν
1460 623 1494 649 δι’
1518 623 1675 654 εὐπάθειαν,
1692 623 1717 649 oi
1733 622 1761 649 δὲ
1782 623 1826 649 διὰ
1839 623 1942 650 δυσπά-

1145 670 1221 695 θειαν
1240 669 1332 695 ίῶνται
1345 678 1351 684 ·
1366 669 1424 695 ἀλλ’
1437 669 1460 695 ot
1474 668 1525 703 μὲν
1536 669 1571 694 δι’
1586 668 1678 695 αὐτῶν
1694 668 1798 700 ίῶνται,
1817 669 1842 695 οί
1856 668 1885 695 δὲ
1902 668 1937 695 δι’

1146 715 1246 750 ἐτέρων
1260 715 1470 749 νομοθετοῦνται
1483 722 1490 730 ·
1507 714 1554 741 καὶ
1566 714 1622 741 τῶν
1639 716 1784 750 ἀχρήστων
1797 715 1835 747 δὲ,
1853 716 1877 741 οί
1890 715 1940 749 μὲν

1145 762 1264 793 ἀνέσεως
1291 761 1338 793 οὓς
1365 762 1443 788 τοῦτο
1467 761 1560 794 σώζει,
1585 762 1609 788 οε
1627 761 1655 788 δὲ
1679 761 1768 787 ττόνων
1785 760 1939 794 ἀξιοῦνται·

1144 807 1212 834 ἀλλὰ
1220 807 1322 834 τούτων
1336 808 1360 833 ol
1376 808 1424 842 μὲν
1440 807 1510 843 ὑπὲρ
1533 808 1635 834 ἑαυτῶν
1649 808 1788 839 ἀνιῶνται,
1804 808 1830 834 οἱ
1844 807 1872 834 δὲ
1892 808 1942 834 καὶ

1144 851 1215 887 ὑπὲρ
1233 851 1323 878 ἄλλων
1350 852 1398 878 καὶ
1426 852 1500 887 ὑπὲρ
1528 852 1644 885 ἑαυτῶν,
1662 852 1678 888 ἢ
1694 853 1731 884 ὡς
1745 852 1939 888 δοκιμωτέρων

303 894 397 927 liores,
414 896 456 922 vel
484 895 573 923 adhuc
592 896 618 923 in
651 896 756 924 delectu
783 898 915 931 iacentes.
933 898 1091 932 lutpiorum-

1150 898 1298 933 ἐσομένων,
1313 898 1329 933 ἢ
1344 898 1382 930 ὡς
1395 898 1529 933 ἐλλείψεις
1543 898 1582 925 ἔτι
1597 899 1713 934 ἑχόντων
1726 907 1733 914 ·
1749 898 1804 925 τῶν
1817 898 1846 925 δὲ
1872 899 1939 926 das.

302 944 393 967 autem
410 941 454 967 alii
472 948 602 977 prospere
616 947 709 976 agunt,
723 943 767 969 alii
782 943 942 970 calamitose
956 952 963 970 :
976 943 1093 971 fortasse

301 985 336 1013 iis
362 987 409 1021 qui
437 987 510 1014 mala
538 992 629 1015 mente
653 996 707 1015 non
736 993 809 1020 sunt,
837 990 977 1016 subtracta
1001 989 1093 1016 futura

301 1037 394 1064 pana,
415 1036 526 1066 propter
552 1037 711 1066 pratsentem
741 1033 864 1061 dolorem
887 1043 894 1062 :
914 1034 956 1061 vel
980 1039 1092 1069 propter

301 1081 520 1104 consummatam
552 1078 683 1105 malitiam
700 1079 827 1114 utrinque
848 1081 1008 1115 puniuntur.
1025 1081 1092 1108 Pro-

302 1127 382 1154 spere
394 1128 459 1148 vero
470 1121 570 1157 degunt
579 1122 667 1157 impii,
676 1124 751 1151 omni
764 1125 830 1160 ipsis
839 1125 1091 1157 dilationefsublata.

301 1165 384 1193 Dolor
399 1166 490 1202 itaque
503 1172 531 1195 et
542 1169 671 1202 gaudium
690 1177 753 1197 cum
769 1171 841 1198 inter
857 1179 887 1199 se
902 1172 1090 1206 adversentur,

300 1216 328 1239 ct
353 1217 442 1239 tamen
465 1213 555 1241 eidem
583 1214 706 1243 humano
728 1217 821 1251 generi
848 1218 984 1251 accidant,
997 1218 1092 1246 multis

299 1264 421 1286 errorem
438 1264 578 1292 crearunt,
595 1261 675 1296 quasi
703 1262 827 1290 homines
850 1262 904 1291 Deo
928 1264 1013 1297 ehari,
1033 1264 1091 1292 suis

299 1303 370 1332 bene
388 1305 487 1333 animis
502 1307 644 1340 habeant;
663 1308 718 1335 Deo
746 1314 837 1336 autem
866 1310 946 1337 invisi
968 1310 1090 1339 doleant.

301 1351 354 1377 Sed
367 1358 422 1378 non
437 1351 474 1378 ita
489 1353 663 1386 cogitandum
679 1359 738 1387 est;
755 1355 810 1382 imo
824 1356 977 1388 sciendum,
990 1357 1090 1392 duplex

298 1402 361 1422 csse
389 1396 481 1431 gaudii
508 1405 605 1433 genus,
624 1400 698 1427 aliud
726 1401 854 1429 sensibile
878 1407 903 1430 et
929 1404 1087 1439 temporale,
1121 1401 1125 1406 ”

299 1441 374 1470 aliud
394 1442 577 1472 iutellectuale
597 1450 680 1481 atque
696 1452 838 1476 aeternum.
865 1449 1021 1485 Eademque
1040 1450 1091 1478 do-

300 1487 366 1515 loris
379 1489 448 1516 ratio
462 1496 514 1517 est.
533 1490 625 1526 itaque
639 1493 758 1527 gaudent
770 1495 852 1522 etiam
863 1495 942 1530 justi,
956 1499 986 1523 ut
1001 1497 1088 1524 Abra-

299 1533 399 1562 hamus
414 1543 422 1561 :
438 1535 556 1570 gaudent
574 1544 685 1572 quoque
696 1538 803 1573 injusti,
822 1544 851 1567 ut
867 1540 984 1568 Pharao.
999 1541 1089 1569 Vicis-

300 1578 353 1604 sim
374 1579 466 1606 dolent
488 1579 571 1615 justi,
589 1586 619 1609 ut
640 1581 759 1613 lacubus
780 1584 888 1619 fugiens
915 1585 1045 1618 Esavum,
1065 1592 1092 1615 et

300 1621 412 1650 Labano
440 1623 586 1657 famulans,
613 1627 677 1655 Item
703 1628 797 1656 dolent
822 1629 904 1658 etiam
931 1630 1038 1665 injusti,
1063 1636 1092 1659 ut

299 1668 412 1697 Amalec
424 1674 451 1700 et
465 1670 598 1706 (Egyptii,
612 1672 651 1700 En
669 1681 734 1709 ergo
749 1675 774 1704 in
789 1683 844 1703 uno
865 1677 1014 1713 eodemque
1025 1678 1092 1713 justi

299 1713 419 1747 hominis
435 1723 511 1746 more
530 1716 606 1744 dolor
623 1723 650 1744 et
665 1720 797 1747 maestitia
814 1730 820 1748 :
836 1725 863 1749 et
875 1721 901 1749 in
917 1730 970 1749 uno
982 1723 1093 1751 eodem-

300 1768 354 1795 que
367 1761 460 1795 injusti
478 1762 596 1791 hominis
621 1769 694 1793 statu
714 1767 794 1793 dolor
809 1771 837 1794 et
859 1769 1000 1796 maestitia.
1016 1768 1092 1797 Dicet

300 1806 418 1839 fortasse
440 1808 539 1843 aliquis
569 1819 577 1837 :
602 1810 659 1838 Cur
683 1812 750 1846 lucc,
779 1817 804 1840 ct
827 1815 898 1841 unde
924 1816 1093 1850 inmqualitas

300 1851 327 1883 in
343 1854 513 1887 aequalibus?
531 1855 624 1891 Neque
648 1858 722 1886 enim
747 1859 773 1886 iu
791 1860 852 1895 igne
870 1861 954 1897 frigus
972 1862 1052 1890 simul
1066 1867 1094 1891 et

300 1898 375 1929 calor
401 1901 580 1935 conspicitur.
611 1903 738 1931 Concedo
762 1907 908 1941 equidem,
937 1916 990 1935 non
1019 1909 1092 1936 enim

297 1944 402 1985 justum
420 1948 524 1981 aequale
538 1949 621 1978 simul
634 1955 676 1977 est
698 1955 723 1978 et
740 1952 875 1987 inaequale
887 1963 893 1980 :
907 1955 952 1982 sed
971 1955 996 1982 in
1010 1954 1093 1990 justi-

303 1989 348 2023 με
362 1992 518 2026 capacibus,
534 1994 613 2022 dolor
629 2000 657 2022 et
673 1997 801 2032 gaudium
819 2000 996 2034 comperitur.

336 2034 397 2063 105.
423 2036 557 2069 Quoniam
584 2039 676 2075 itaque
706 2041 810 2069 dictum
835 2048 876 2071 est
900 2045 1022 2073 dolorem
1051 2047 1091 2074 rel

298 2083 475 2119 temporalem
503 2091 564 2111 esse
590 2093 622 2112 ac
651 2087 831 2122 tolerabilem,
849 2090 891 2117 vel
914 2095 1045 2118 aeternum
1065 2098 1092 2120 et

299 2127 516 2163 intolerabilem;
532 2131 651 2166 itemque
664 2134 792 2166 gaudium
804 2135 845 2162 vel
856 2137 1002 2170 temporale
1018 2146 1089 2172 esse,

300 2180 333 2202 ac
353 2173 472 2201 breviter
487 2175 636 2210 delectans,
657 2178 698 2205 vel
715 2184 847 2207 aeternum
869 2186 896 2207 et
915 2182 961 2208 diu
983 2183 1089 2218 beans;

1147 943 1203 970 σῶν
1216 945 1240 970 oi.
1258 945 1306 979 μὲν
1325 944 1475 971 εὐπαθοῦσι
1498 945 1581 979 τυχὸν
1607 946 1662 976 τοῖς
1677 944 1708 970 οὐ
1726 944 1874 980 μοχθηροῖς
1889 945 1939 979 τὴν

1146 989 1272 1025 γνώμην,
1300 990 1525 1025 ὑποτεμνομένης
1549 991 1598 1025 τῆς
1615 991 1706 1017 ἐκεῖσε
1732 990 1879 1026 τιμωρίας,
1894 990 1940 1017 διὰ

1146 1035 1196 1070 τῆς
1221 1035 1297 1062 ἐνθεν
1323 1036 1412 1067 ἀνίας,
1438 1034 1513 1071 ἢδιὰ
1529 1036 1578 1071 τῆς
1602 1036 1701 1068 κακίας
1724 1036 1938 1071 παμμόχθηρον,

1146 1081 1195 1107 καὶ
1206 1081 1267 1108 κατ’
1279 1081 1364 1117 ἄμφω
1374 1082 1523 1110 ὲκδίδονται
1535 1090 1541 1097 ·
1554 1082 1703 1109 εὐπαθοῦσι
1714 1082 1742 1109 δὲ
1749 1082 1858 1114 ἀσεϐεῖς
1867 1084 1938 1110 κατὰ

1146 1127 1237 1163 πάσης
1261 1128 1353 1159 αὐτοῖς
1380 1128 1611 1164 περιαιρουμένης
1639 1129 1814 1163 προφάσεως,
1841 1129 1937 1164 Θλίψις

1145 1174 1235 1200 τοίνυν
1263 1174 1310 1201 καὶ
1335 1173 1454 1210 θυμηδία
1474 1174 1584 1202 ἐναντία
1601 1173 1677 1207 ὅντα,
1708 1175 1774 1210 περὶ
1799 1174 1828 1201 ἓν
1844 1175 1891 1202 καὶ
1906 1176 1937 1202 το

1145 1220 1212 1246 αὐτὸ
1235 1218 1407 1257 ἀνθρώπειον
1429 1220 1508 1254 γένος
1533 1218 1718 1255 συμϐαίνοντα
1743 1219 1807 1252 τοὺς
1822 1220 1938 1253 πολλοὺς

1145 1265 1328 1300 ἐξηπάτησεν·
1339 1265 1377 1296 ὡς
1389 1266 1414 1293 οι
1431 1265 1481 1300 μὲν
1493 1265 1638 1300 θεάρεστοι
1649 1265 1801 1301 εὐθυμοῦσι
1815 1266 1936 1299 πάντως,

1144 1313 1168 1341 ul
1182 1312 1210 1338 δὲ
1223 1311 1380 1345 θεοστυγεῖς
1393 1311 1532 1339 ἀνιῶνται.
1546 1311 1618 1339 μ⁶Αλλ¹
1629 1312 1678 1347 οὐχ
1690 1311 1761 1338 οὕτω
1773 1311 1938 1339 διανοεῖσθαι

1144 1362 1213 1397 χρὴ”
1233 1361 1333 1398 μᾶλλον
1346 1361 1374 1388 δὲ
1391 1361 1492 1389 ειδέναι
1507 1361 1577 1394 δέον,
1589 1361 1631 1388 ὅτι
1647 1362 1663 1395 ὴ
1681 1361 1799 1396 εὐθυμία
1813 1362 1903 1397 διττή·
1919 1363 1937 1398 ἡ

1147 1408 1198 1443 μέν
1224 1416 1267 1438 τις
1292 1406 1408 1443 αἰσθητὴ
1434 1408 1480 1433 καὶ
1502 1406 1685 1442 πρόσκαιρος,
1706 1408 1723 1442 ἡ
1738 1407 1767 1434 δὲ
1793 1407 1876 1443 νοητὴ
1889 1408 1939 1434 καὶ

1144 1452 1253 1483 αἰώνιος
1262 1460 1269 1467 '
1283 1453 1353 1487 καὶὴ
1368 1452 1457 1486 θλίψις
1472 1452 1614 1484 ὡσαύτως·
1625 1452 1772 1488 τοιγαροῦν
1786 1453 1937 1488 εὗθυμοῦσι

1146 1498 1198 1533 μέν
1213 1497 1261 1524 καὶ
1285 1497 1396 1530 δίκαιοι,
1413 1497 1449 1529 ὡς
1466 1498 1480 1524 ὁ
1504 1498 1645 1534 Ἀϐραάμ·
1661 1498 1811 1535 εὐθυμοῦσι
1837 1499 1866 1526 δὲ
1888 1499 1938 1526 καὶ

1143 1543 1240 1574 ἄδικοι,
1255 1543 1294 1575 ὡς
1318 1543 1343 1569 οἱ
1367 1543 1434 1579 [σοιι.
1455 1543 1524 1579 ὅσοι]
1544 1544 1616 1570 κατὰ
1638 1543 1686 1570 τὸν
1708 1544 1829 1579 Φαραώ·
1854 1544 1937 1581 πᾴλιν

1145 1589 1274 1616 ἀνιῶνται
1296 1590 1406 1623 δίκαιοι,
1439 1589 1476 1621 ὼς
1505 1590 1519 1616 ὁ
1539 1589 1636 1616 Ἰακὼὸ
1663 1589 1772 1625 φεύγων
1785 1590 1830 1617 τὸν
1850 1590 1936 1620 Ἡσαῦ

1143 1636 1191 1662 καὶ
1234 1635 1355 1671 θητεύων
1392 1636 1470 1671 παρὰ
1499 1635 1540 1671 τῷ
1567 1636 1671 1663 Λάϐαν·
1694 1636 1776 1665 πάλιν
1806 1636 1936 1665 ἀνιῶνται

1143 1683 1190 1710 καὶ
1209 1683 1298 1710 ἄδικοι
1307 1683 1345 1715 ὡς
1358 1684 1372 1709 ἀ
1392 1683 1516 1718 Ἀμαλὴκ
1533 1684 1581 1710 καὶ
1593 1684 1755 1718 Αἰγύπτιοι·
1776 1684 1830 1711 ἰδοὺ
1845 1684 1936 1711 τοίνυν

1143 1730 1209 1765 περὶ
1237 1730 1266 1758 ἓν
1284 1731 1331 1757 καὶ
1357 1730 1388 1757 τδ
1403 1730 1469 1757 αὐτὸ
1485 1728 1550 1766 ἦθος
1574 1731 1621 1757 τοῦ
1641 1730 1757 1762 δικαίου,
1773 1729 1862 1765 θλίψις
1887 1730 1936 1757 καὶ

1143 1775 1247 1810 ἀθυμία
1260 1783 1266 1790 ·
1284 1775 1406 1811 καὶπερὶ
1422 1776 1487 1811 μίαν
1503 1777 1550 1804 καὶ
1566 1777 1616 1811 τὴν
1631 1776 1718 1812 αὐτὴν
1744 1776 1800 1810 ἕξιν
1813 1775 1860 1802 τοῦ
1875 1776 1935 1802 ἀδί-

1144 1830 1203 1854 κου,
1221 1821 1310 1856 θλίψις
1336 1830 1365 1848 τε
1392 1822 1440 1848 καὶ
1471 1822 1592 1856 ἀθυμίας
1608 1822 1668 1857 ipsi
1690 1830 1734 1854 τις
1755 1822 1837 1853 ἴσως-⁸
1853 1821 1902 1853 Τίς
1916 1823 1933 1856 ἡ

1143 1868 1270 1903 ἀνισότης
1279 1867 1326 1894 ἐπὶ
1342 1867 1419 1900 ἴσοις,
1438 1869 1484 1894 καὶ
1499 1868 1597 1901 πόθεν;
1612 1867 1681 1895 Οὐδὲ
1694 1868 1749 1903 γὰρ
1761 1868 1825 1903 περὶ
1838 1867 1868 1894 τὸ
1879 1867 1935 1905 πῦρ

1145 1913 1250 1949 κρυμὸς
1281 1914 1328 1941 καὶ
1353 1913 1455 1945 καῦσος
1471 1914 1622 1949 καθορᾶται
1634 1923 1640 1932 ι
1665 1915 1737 1950 φημὶ
1753 1913 1831 1948 κάγώ
1842 1921 1848 1928 ·
1865 1913 1934 1943 Οὐδὲ

1142 1961 1197 1996 γὰρ
1215 1961 1244 1986 τὺ
1258 1960 1360 1986 δίκαιον
1370 1960 1426 1986 ῐσον
1436 1960 1483 1987 καὶ
1496 1960 1599 1987 ἄνισον
1615 1960 1683 1987 ἀλλὰ
1699 1960 1761 1995 περὶ
1775 1959 1808 1986 τὰ
1822 1959 1935 1987 δεκτικὰ

1144 2005 1317 2039 δικαιοσύνης
1335 2006 1381 2032 καὶ
1398 2006 1515 2038 ἀδικίας,
1537 2006 1627 2041 θλίψις
1646 2006 1693 2032 καὶ
1710 2006 1840 2041 θυμηδία.

1179 2050 1227 2087 ρε’.
1249 2052 1357 2087 Ἐπειδὴ
1378 2051 1406 2078 δὲ
1437 2052 1597 2087 είρηταιὸτι
1620 2052 1638 2089 ἡ
1655 2051 1754 2089 θλίψις,
1775 2052 1834 2087 ἦτοι
1850 2052 1934 2085 πρόα-

1142 2106 1240 2132 καιρος
1268 2098 1316 2124 καὶ
1347 2097 1536 2133 εὐφορωτώτη,
1555 2098 1614 2133 ἦτοι
1636 2098 1746 2129 αίὼνιος
1760 2098 1807 2125 καὶ
1820 2098 1932 2132 ἀφορω-

1140 2143 1228 2177 τάτη·
1249 2143 1295 2168 καὶ
1316 2142 1332 2176 ἡ
1352 2141 1516 2177 εὐφροσύνη,
1539 2143 1598 2176 ἤτοι
1618 2142 1787 2177 πρόσκαιρος
1802 2142 1849 2168 καὶ
1865 2141 1934 2178 βρα-

1142 2188 1288 2223 χυτερπὴς,
1304 2188 1362 2223 ἤτοι
1380 2187 1488 2220 αἰώνιος
1510 2188 1558 2214 καὶ
1582 2188 1790 2223 μεγαλοτερπής
1803 2195 1811 2202 ·
1822 2188 1837 2214 ὸ
1851 2187 1932 2222 φιλό-

299 2218 452 2250 animarum
471 2226 625 2249 nostrarum
653 2229 757 2251 amator
785 2225 926 2260 Dominus,
944 2228 1022 2263 cujus
1041 2230 1090 2257 be-

1143 2218 1224 2269 ψυχας
1251 2218 1364 2269 ιξύριος,
1389 2234 1436 2260 καὶ
1462 2218 1492 2260 οῦ
1518 2233 1546 2260 al
1577 2218 1676 2268 θωρεαὶ
1700 2218 1864 2268 ἀίιτόείρητοι⁷
1883 2233 1933 2259 καὶ

298 2264 393 2296 pelicia
410 2273 508 2292 arcana
532 2272 596 2294 sunt
611 2273 637 2295 et
654 2275 793 2304 perpetua,
809 2272 962 2300 alternatim
977 2283 1025 2309 pro
1039 2284 1088 2303 sua

298 2309 430 2344 sapientia
456 2311 563 2345 singula
586 2314 719 2348 pra-benti,
742 2323 792 2350 pro
816 2319 957 2352 temporali
980 2321 1088 2356 quidem

298 2356 400 2396 gaudio
428 2361 559 2386 attentum
581 2360 723 2395 dolorem,
748 2370 798 2397 pro
824 2365 967 2399 temporali
997 2371 1086 2397 autem

297 2402 391 2429 dolore
408 2408 538 2432 teternum
557 2407 699 2441 gaudium,
713 2410 855 2445 deceptum
873 2411 1087 2447 voluptateAda-

298 2456 372 2481 ptum
389 2457 442 2477 non
458 2450 588 2479 dubitavit
609 2460 624 2480 a
649 2454 747 2488 gaudio
760 2455 784 2482 in
801 2458 927 2491 gaudium
941 2459 1084 2493 deducere;

297 2498 324 2523 et
345 2502 360 2521 a
383 2495 475 2523 dolore.
503 2498 529 2525 in
557 2498 678 2527 dolerent
706 2502 857 2535 propellere
873 2503 998 2531 Cainum.
1028 2505 1084 2534 Hoc

297 2544 348 2573 est,
363 2542 434 2575 quod
451 2542 576 2572 barbaris
595 2546 799 2580 perplexitatem
826 2553 910 2582 creat,
927 2556 1084 2585 propterea—

297 2593 350 2620 que
368 2586 401 2613 ad
426 2588 586 2623 insipienter
610 2591 777 2626 loquendum
797 2593 922 2631 impellit.
939 2595 996 2631 Age
1020 2604 1085 2624 vero

295 2634 367 2667 quod
381 2634 528 2662 Christiani
543 2636 598 2664 sint
612 2637 742 2673 religiosi,
756 2647 928 2676 nequaquam
949 2650 964 2670 a
984 2642 1084 2671 barba—

297 2680 335 2711 ris
350 2680 511 2709 discendum
527 2687 585 2711 est:
600 2685 744 2713 mendaces
759 2687 831 2715 enim
854 2688 900 2715 lilii
924 2689 1082 2718 hominum:

295 2730 322 2753 et
350 2727 440 2755 omnis
460 2727 543 2756 homo
565 2731 702 2760 mendax:
722 2733 769 2761 sed
793 2734 827 2762 ab
851 2735 944 2764 innata
969 2737 1086 2765 veritate

297 2773 343 2806 qui
359 2778 402 2801 est
420 2773 559 2809 Christus,
575 2782 601 2805 et
622 2785 637 2805 a
661 2778 766 2814 Spiritu
780 2781 901 2810 veritatis
915 2783 961 2817 qui
976 2792 991 2810 a
1007 2783 1086 2812 Patre

296 2820 430 2865 procedit,
447 2822 547 2857 quique
564 2824 615 2852 sub
633 2825 691 2861 lege
706 2827 853 2862 prophetas
878 2829 1085 2865 alloquebatur;

298 2866 325 2893 et
342 2864 376 2895 ab
400 2865 459 2903 ipsa
483 2867 601 2906 denique
628 2870 786 2906 perliciente
811 2881 861 2902 nos
886 2875 982 2910 gratia.
1009 2876 1087 2911 Quod

1140 2281 1230 2312 ἀΐδιοι,
1244 2280 1358 2313 ἐναλλὰξ
1372 2281 1399 2306 ὲν
1418 2280 1499 2315 σοφίᾳ
1510 2279 1594 2311 τιθεὶς
1611 2279 1713 2307 ἕκαστα
1728 2280 1841 2311 τούτων,
1855 2278 1932 2314 παρά

1141 2325 1192 2361 μὲν
1211 2326 1260 2361 τὴν
1281 2325 1449 2360 πρόσκαιρον
1480 2325 1582 2360 χαρὰν,
1612 2324 1661 2362 τὴν
1686 2324 1795 2351 αίώνιον
1821 2323 1929 2358 θλίψιν

1139 2372 1215 2407 παρὰ
1229 2372 1258 2399 δὲ
1270 2371 1318 2407 τὴν
1343 2372 1511 2406 πρόσκαιρον
1523 2371 1623 2406 θλίψιν,
1640 2370 1691 2405 τὴν
1702 2370 1811 2397 αἰώνιον
1827 2369 1930 2406 εὐφρο-

1141 2418 1224 2453 σύνην
1237 2427 1244 2435 ι
1258 2418 1302 2445 aut
1316 2418 1366 2453 τὴν
1381 2418 1564 2452 ἁπατήσασαν
1590 2418 1637 2444 τὸν
1653 2417 1740 2452 ’Δόὰμ
1763 2417 1861 2451 ἡδονὴν
1879 2417 1931 2444 οὐκ

1140 2466 1274 2500 ἠπόρησε,
1293 2464 1341 2491 καὶ
1369 2464 1403 2491 δι’
1420 2465 1587 2500 εὐφροσύνης
1611 2464 1651 2495 είς
1674 2463 1843 2499 εὐφροσύνην
1868 2463 1932 2490 ποδ-

1138 2512 1258 2546 ηγῆται·
1270 2511 1317 2537 καὶ
1339 2511 1392 2537 ἀπὸ
1408 2510 1521 2545 θλίψεως
1533 2511 1571 2542 είς
1588 2510 1677 2545 θλίψιν
1689 2510 1872 2544 παραπέμψαι
1889 2510 1930 2541 είς

1137 2557 1182 2582 τὸν
1198 2557 1282 2582 Κάῐν·
1299 2556 1346 2582 καὶ
1371 2555 1451 2582 τοῦτο
1472 2558 1502 2582 τὸ
1534 2555 1628 2581 ποιοῦν
1648 2555 1705 2586 τοῖς
1719 2554 1869 2590 βαρσάροις
1879 2554 1932 2589 τὴν

1138 2602 1271 2637 ἀπορίανη
1290 2602 1337 2628 καὶ
1354 2601 1399 2628 διὰ
1414 2601 1494 2628 τοῦτο
1505 2601 1609 2635 ἀλόγως
1626 2600 1825 2635 ἀποφαίνεσθαι
1838 2608 1930 2635 παρα-

1138 2648 1280 2680 σκευάζον.
1298 2649 1358 2674 Ὀτι
1383 2648 1431 2684 μὲν
1455 2645 1501 2674 οὖν
1516 2647 1653 2679 θεοσεϐεῖς
1670 2648 1694 2674 οι
1710 2647 1880 2682 Χριστιανοὶ,
1897 2646 1931 2673 οὗ

1137 2695 1200 2726 τοὺς
1215 2694 1370 2730 βαρϐάρους
1384 2694 1551 2730 ἑρωτητέον·
1569 2693 1678 2728 ψευδεῖς
1694 2693 1748 2728 γάρ
1765 2694 1790 2719 οῑ
1804 2693 1860 2719 υῑοὶ
1873 2692 1929 2719 τῶν

1138 2740 1290 2776 ἀνθρώπων
1302 2748 1309 2755 ·
1330 2739 1398 2767 ἀλλὰ
1417 2740 1464 2767 καὶ
1491 2741 1545 2771 πᾶς
1560 2740 1703 2776 ἄνθρωπος
1723 2738 1861 2774 ψεύστης·
1877 2738 1931 2774 τὴν

1137 2786 1165 2813 δὲ
1187 2786 1384 2821 αὺτοαλήθιιαν
1409 2787 1438 2818 ὃς
1456 2787 1514 2813 ἔστι
1536 2785 1663 2821 Χριστὸς,
1681 2786 1729 2812 καὶ
1754 2786 1786 2812 τὸ
1812 2784 1929 2820 Πνεῦμα

1138 2831 1188 2865 τῆς
1201 2831 1330 2866 ἀληθείας
1348 2831 1362 2857 ὃ
1377 2831 1453 2866 τιαρά
1468 2832 1515 2858 τοῦ
1530 2833 1636 2867 Πατρὺς
1650 2831 1837 2868 ἐκπορεύεται,
1854 2832 1884 2858 τὸ
1898 2832 1930 2858 ὲν

1141 2878 1216 2915 νόμῳ
1240 2878 1286 2904 καὶ
1311 2878 1465 2914 προφήταις
1492 2878 1623 2914 λαλῆσαν,
1643 2879 1698 2915 ’καὶ
1716 2879 1766 2915 τὴν
1783 2878 1866 2915 χάριν
1881 2885 1929 2906 “th
