  <div class='ocr_page' id='page_1' title='image "/cluster/home/n/w/nwhite01/storage/ocr_20150623/105/njp.32101077772893/464.png"; bbox 0 0 2083 3155; ppageno 0'>
   <div class='ocr_carea' id='block_1_1' title="bbox 160 143 216 179">
    <p class='ocr_par' dir='ltr' id='par_1_1' title="bbox 160 143 216 179">
     <span class='ocr_line' id='line_1_1' title="bbox 160 143 216 179; baseline -0.036 -1"><span class='ocrx_word' id='word_1_1' title='bbox 160 143 216 179; x_wconf 80' lang='lat'><strong>805</strong></span> 
     </span>
    </p>
   </div>
   <div class='ocr_carea' id='block_1_2' title="bbox 747 139 1226 175">
    <p class='ocr_par' dir='ltr' id='par_1_2' title="bbox 747 139 1226 175">
     <span class='ocr_line' id='line_1_2' title="bbox 747 139 1226 175; baseline -0.002 -3"><span class='ocrx_word' id='word_1_2' title='bbox 747 139 971 175; x_wconf 72' lang='lat' dir='ltr'><strong>REFUTATIO</strong></span> <span class='ocrx_word' id='word_1_3' title='bbox 985 139 1226 174; x_wconf 67' lang='lat' dir='ltr'><strong>MOHAMEDIS.</strong></span> 
     </span>
    </p>
   </div>
   <div class='ocr_carea' id='block_1_3' title="bbox 1738 145 1794 178">
    <p class='ocr_par' dir='ltr' id='par_1_3' title="bbox 1738 145 1794 178">
     <span class='ocr_line' id='line_1_3' title="bbox 1738 145 1794 178; baseline 0.018 -1"><span class='ocrx_word' id='word_1_4' title='bbox 1738 145 1794 178; x_wconf 77' lang='lat'><strong>806</strong></span> 
     </span>
    </p>
   </div>
   <div class='ocr_carea' id='block_1_4' title="bbox 156 191 953 237">
    <p class='ocr_par' dir='ltr' id='par_1_4' title="bbox 156 191 947 237">
     <span class='ocr_line' id='line_1_4' title="bbox 156 191 947 237; baseline 0 -9"><span class='ocrx_word' id='word_1_5' title='bbox 156 199 273 228; x_wconf 76' lang='grc' dir='ltr'>λκιῶσαν</span> <span class='ocrx_word' id='word_1_6' title='bbox 284 207 292 216; x_wconf 87' lang='grc'><em>’</em></span> <span class='ocrx_word' id='word_1_7' title='bbox 308 199 350 228; x_wconf 76' lang='grc' dir='ltr'>ὅτι</span> <span class='ocrx_word' id='word_1_8' title='bbox 371 199 401 227; x_wconf 72' lang='grc' dir='ltr'><strong>δὲ</strong></span> <span class='ocrx_word' id='word_1_9' title='bbox 424 200 524 229; x_wconf 67' lang='grc' dir='ltr'>ἐκεῖνοι</span> <span class='ocrx_word' id='word_1_10' title='bbox 536 200 658 234; x_wconf 80' lang='grc' dir='ltr'>ἀσεϐεῖς,</span> <span class='ocrx_word' id='word_1_11' title='bbox 670 200 723 237; x_wconf 75' lang='grc' dir='ltr'><strong>ἢδη</strong></span> <span class='ocrx_word' id='word_1_12' title='bbox 735 191 885 234; x_wconf 71' lang='grc' dir='ltr'>δέδεικται,</span> <span class='ocrx_word' id='word_1_13' title='bbox 897 199 947 230; x_wconf 61' lang='grc' dir='ltr'>καὶ</span> 
     </span>
    </p>
   </div>
   <div class='ocr_carea' id='block_1_5' title="bbox 1005 191 1793 237">
    <p class='ocr_par' dir='ltr' id='par_1_5' title="bbox 1005 197 1793 237">
     <span class='ocr_line' id='line_1_5' title="bbox 1005 197 1793 237; baseline 0.006 -12"><span class='ocrx_word' id='word_1_14' title='bbox 1005 206 1069 228; x_wconf 71' lang='grc' dir='ltr'>ποι-ο</span> <span class='ocrx_word' id='word_1_15' title='bbox 1092 198 1211 237; x_wconf 69' lang='grc' dir='ltr'>Δεοιιειιί</span> <span class='ocrx_word' id='word_1_16' title='bbox 1228 198 1284 227; x_wconf 84' lang='lat' dir='ltr'><strong>sint</strong></span> <span class='ocrx_word' id='word_1_17' title='bbox 1307 197 1395 235; x_wconf 88' lang='lat' dir='ltr'><strong>impii,</strong></span> <span class='ocrx_word' id='word_1_18' title='bbox 1417 198 1475 235; x_wconf 84' lang='lat' dir='ltr'><strong>jam</strong></span> <span class='ocrx_word' id='word_1_19' title='bbox 1496 199 1713 230; x_wconf 80' lang='lat' dir='ltr'><strong>demonstratum</strong></span> <span class='ocrx_word' id='word_1_20' title='bbox 1729 201 1793 230; x_wconf 82' lang='lat' dir='ltr'><strong>fuit.</strong></span> 
     </span>
    </p>
   </div>
   <div class='ocr_carea' id='block_1_6' title="bbox 155 246 947 283">
    <p class='ocr_par' dir='ltr' id='par_1_6' title="bbox 155 246 947 283">
     <span class='ocr_line' id='line_1_6' title="bbox 155 246 947 283; baseline -0.001 -9"><span class='ocrx_word' id='word_1_21' title='bbox 155 246 306 281; x_wconf 74' lang='grc' dir='ltr'><strong>δείκνυται,</strong></span> <span class='ocrx_word' id='word_1_22' title='bbox 316 246 364 274; x_wconf 72' lang='grc' dir='ltr'>καὶ</span> <span class='ocrx_word' id='word_1_23' title='bbox 370 246 556 283; x_wconf 76' lang='grc' dir='ltr'>δειχθήσεται.</span> <span class='ocrx_word' id='word_1_24' title='bbox 565 247 637 274; x_wconf 73' lang='grc' dir='ltr'>Ἀλλ’</span> <span class='ocrx_word' id='word_1_25' title='bbox 646 247 688 274; x_wconf 79' lang='grc' dir='ltr'>δτι</span> <span class='ocrx_word' id='word_1_26' title='bbox 701 246 749 274; x_wconf 76' lang='grc' dir='ltr'>καὶ</span> <span class='ocrx_word' id='word_1_27' title='bbox 757 247 774 283; x_wconf 82' lang='grc' dir='ltr'>ἡ</span> <span class='ocrx_word' id='word_1_28' title='bbox 778 246 836 282; x_wconf 90' lang='grc' dir='ltr'><strong>μῶν</strong></span> <span class='ocrx_word' id='word_1_29' title='bbox 846 246 947 279; x_wconf 83' lang='grc' dir='ltr'>αὐτῶν,</span> 
     </span>
    </p>
   </div>
   <div class='ocr_carea' id='block_1_7' title="bbox 157 291 949 329">
    <p class='ocr_par' dir='ltr' id='par_1_7' title="bbox 157 291 949 329">
     <span class='ocr_line' id='line_1_7' title="bbox 157 291 949 329; baseline 0.004 -10"><span class='ocrx_word' id='word_1_30' title='bbox 157 293 183 320; x_wconf 85' lang='grc' dir='ltr'>οι</span> <span class='ocrx_word' id='word_1_31' title='bbox 201 292 252 328; x_wconf 65' lang='grc' dir='ltr'><strong>μιν</strong></span> <span class='ocrx_word' id='word_1_32' title='bbox 263 291 421 328; x_wconf 74' lang='grc' dir='ltr'>εὖχρηστοι,</span> <span class='ocrx_word' id='word_1_33' title='bbox 449 293 474 320; x_wconf 87' lang='grc' dir='ltr'>οι</span> <span class='ocrx_word' id='word_1_34' title='bbox 496 293 525 320; x_wconf 72' lang='grc' dir='ltr'>δι</span> <span class='ocrx_word' id='word_1_35' title='bbox 542 294 691 329; x_wconf 76' lang='grc' dir='ltr'>ἄχρηστοι,</span> <span class='ocrx_word' id='word_1_36' title='bbox 712 294 792 329; x_wconf 81' lang='grc' dir='ltr'>ἡμεῖς</span> <span class='ocrx_word' id='word_1_37' title='bbox 808 292 885 322; x_wconf 74' lang='grc' dir='ltr'>αὐτοὶ</span> <span class='ocrx_word' id='word_1_38' title='bbox 900 293 949 322; x_wconf 59' lang='grc' dir='ltr'>καὶ</span> 
     </span>
    </p>
   </div>
   <div class='ocr_carea' id='block_1_8' title="bbox 157 339 947 376">
    <p class='ocr_par' dir='ltr' id='par_1_8' title="bbox 157 339 947 376">
     <span class='ocr_line' id='line_1_8' title="bbox 157 339 947 376; baseline 0.004 -11"><span class='ocrx_word' id='word_1_39' title='bbox 157 339 266 374; x_wconf 83' lang='grc' dir='ltr'>ὁρῶμεν</span> <span class='ocrx_word' id='word_1_40' title='bbox 281 339 361 366; x_wconf 86' lang='grc' dir='ltr'>τοῦτο</span> <span class='ocrx_word' id='word_1_41' title='bbox 383 340 430 367; x_wconf 69' lang='grc' dir='ltr'>καὶ</span> <span class='ocrx_word' id='word_1_42' title='bbox 446 341 634 376; x_wconf 78' lang='grc' dir='ltr'>ὁμολογοῦμεν</span> <span class='ocrx_word' id='word_1_43' title='bbox 645 349 651 356; x_wconf 92' lang='grc'><strong>·</strong></span> <span class='ocrx_word' id='word_1_44' title='bbox 672 341 724 369; x_wconf 79' lang='grc' dir='ltr'><strong>ὑπὸ</strong></span> <span class='ocrx_word' id='word_1_45' title='bbox 742 341 811 375; x_wconf 83' lang='grc' dir='ltr'>γοῦν</span> <span class='ocrx_word' id='word_1_46' title='bbox 834 341 885 376; x_wconf 83' lang='grc' dir='ltr'>τῆς</span> <span class='ocrx_word' id='word_1_47' title='bbox 901 340 947 368; x_wconf 82' lang='grc' dir='ltr'>τοῦ</span> 
     </span>
    </p>
   </div>
   <div class='ocr_carea' id='block_1_9' title="bbox 158 385 947 422">
    <p class='ocr_par' dir='ltr' id='par_1_9' title="bbox 158 385 947 422">
     <span class='ocr_line' id='line_1_9' title="bbox 158 385 947 422; baseline 0.004 -12"><span class='ocrx_word' id='word_1_48' title='bbox 158 385 226 411; x_wconf 78' lang='grc' dir='ltr'>Θεοῦ</span> <span class='ocrx_word' id='word_1_49' title='bbox 241 385 338 420; x_wconf 77' lang='grc' dir='ltr'><strong>σοφίας</strong></span> <span class='ocrx_word' id='word_1_50' title='bbox 355 386 402 412; x_wconf 65' lang='grc' dir='ltr'>καὶ</span> <span class='ocrx_word' id='word_1_51' title='bbox 414 386 582 422; x_wconf 81' lang='grc' dir='ltr'>ἁγαθότητος</span> <span class='ocrx_word' id='word_1_52' title='bbox 597 387 652 414; x_wconf 83' lang='grc' dir='ltr'>τῶν</span> <span class='ocrx_word' id='word_1_53' title='bbox 670 386 730 414; x_wconf 81' lang='grc' dir='ltr'>καθ’</span> <span class='ocrx_word' id='word_1_54' title='bbox 744 388 818 422; x_wconf 74' lang='grc' dir='ltr'>ἡμᾶς</span> <span class='ocrx_word' id='word_1_55' title='bbox 830 387 947 414; x_wconf 82' lang='grc' dir='ltr'>διοικου-</span> 
     </span>
    </p>
   </div>
   <div class='ocr_carea' id='block_1_10' title="bbox 160 431 950 470">
    <p class='ocr_par' dir='ltr' id='par_1_10' title="bbox 160 431 950 470">
     <span class='ocr_line' id='line_1_10' title="bbox 160 431 950 470; baseline 0.008 -13"><span class='ocrx_word' id='word_1_56' title='bbox 160 431 249 466; x_wconf 82' lang='grc' dir='ltr'>μένων</span> <span class='ocrx_word' id='word_1_57' title='bbox 266 432 307 464; x_wconf 66' lang='lat' dir='ltr'><strong>(ob</strong></span> <span class='ocrx_word' id='word_1_58' title='bbox 328 432 382 467; x_wconf 79' lang='grc' dir='ltr'><strong>γὰρ</strong></span> <span class='ocrx_word' id='word_1_59' title='bbox 402 433 488 468; x_wconf 77' lang='grc' dir='ltr'>δήπου</span> <span class='ocrx_word' id='word_1_60' title='bbox 516 434 550 459; x_wconf 84' lang='grc' dir='ltr'>δι’</span> <span class='ocrx_word' id='word_1_61' title='bbox 569 434 642 469; x_wconf 74' lang='grc' dir='ltr'>ἡμᾶς</span> <span class='ocrx_word' id='word_1_62' title='bbox 664 434 805 470; x_wconf 81' lang='grc' dir='ltr'>ἀφῄρηται</span> <span class='ocrx_word' id='word_1_63' title='bbox 825 434 856 462; x_wconf 79' lang='grc' dir='ltr'>τὸ</span> <span class='ocrx_word' id='word_1_64' title='bbox 878 433 950 463; x_wconf 78' lang='grc' dir='ltr'>εἶναι</span> 
     </span>
    </p>
   </div>
   <div class='ocr_carea' id='block_1_11' title="bbox 159 477 947 516">
    <p class='ocr_par' dir='ltr' id='par_1_11' title="bbox 159 477 947 516">
     <span class='ocr_line' id='line_1_11' title="bbox 159 477 947 516; baseline 0.005 -13"><span class='ocrx_word' id='word_1_65' title='bbox 159 477 262 511; x_wconf 79' lang='grc' dir='ltr'>ἀγαθὸς</span> <span class='ocrx_word' id='word_1_66' title='bbox 277 478 323 504; x_wconf 77' lang='grc' dir='ltr'>καὶ</span> <span class='ocrx_word' id='word_1_67' title='bbox 341 479 421 513; x_wconf 75' lang='grc' dir='ltr'>σοφὸς</span> <span class='ocrx_word' id='word_1_68' title='bbox 438 479 485 505; x_wconf 72' lang='grc' dir='ltr'>καὶ</span> <span class='ocrx_word' id='word_1_69' title='bbox 500 479 603 511; x_wconf 78' lang='grc' dir='ltr'>δίκαιος</span> <span class='ocrx_word' id='word_1_70' title='bbox 620 480 668 506; x_wconf 72' lang='grc' dir='ltr'><strong>καὶ</strong></span> <span class='ocrx_word' id='word_1_71' title='bbox 684 479 795 512; x_wconf 74' lang='grc' dir='ltr'>δυνατὸς</span> <span class='ocrx_word' id='word_1_72' title='bbox 809 480 848 515; x_wconf 78' lang='grc' dir='ltr'>τῷ</span> <span class='ocrx_word' id='word_1_73' title='bbox 865 480 947 516; x_wconf 82' lang='grc' dir='ltr'>λόγῳ,</span> 
     </span>
    </p>
   </div>
   <div class='ocr_carea' id='block_1_12' title="bbox 159 523 948 561">
    <p class='ocr_par' dir='ltr' id='par_1_12' title="bbox 159 523 948 561">
     <span class='ocr_line' id='line_1_12' title="bbox 159 523 948 561; baseline 0.006 -13"><span class='ocrx_word' id='word_1_74' title='bbox 159 523 197 554; x_wconf 82' lang='grc' dir='ltr'>ὡς</span> <span class='ocrx_word' id='word_1_75' title='bbox 225 524 394 558; x_wconf 83' lang='grc' dir='ltr'>εἰρήκαμεν·</span> <span class='ocrx_word' id='word_1_76' title='bbox 421 524 501 551; x_wconf 82' lang='grc' dir='ltr'>τοῦτο</span> <span class='ocrx_word' id='word_1_77' title='bbox 528 525 581 561; x_wconf 80' lang='grc' dir='ltr'>γὰρ</span> <span class='ocrx_word' id='word_1_78' title='bbox 603 526 678 552; x_wconf 84' lang='grc' dir='ltr'>πᾶσα</span> <span class='ocrx_word' id='word_1_79' title='bbox 699 526 715 560; x_wconf 81' lang='grc' dir='ltr'><strong>ἡ</strong></span> <span class='ocrx_word' id='word_1_80' title='bbox 739 525 800 552; x_wconf 82' lang='grc' dir='ltr'>θεία</span> <span class='ocrx_word' id='word_1_81' title='bbox 828 527 948 553; x_wconf 74' lang='grc' dir='ltr'><strong>διδάσκει</strong></span> 
     </span>
    </p>
   </div>
   <div class='ocr_carea' id='block_1_13' title="bbox 160 570 950 608">
    <p class='ocr_par' dir='ltr' id='par_1_13' title="bbox 160 570 950 608">
     <span class='ocr_line' id='line_1_13' title="bbox 160 570 950 608; baseline 0.006 -13"><span class='ocrx_word' id='word_1_82' title='bbox 160 570 284 605; x_wconf 65' lang='grc' dir='ltr'>ΓραφήΓ</span> <span class='ocrx_word' id='word_1_83' title='bbox 301 570 360 602; x_wconf 85' lang='grc' dir='ltr'>πῶς</span> <span class='ocrx_word' id='word_1_84' title='bbox 377 570 423 596; x_wconf 79' lang='grc' dir='ltr'>οὖν</span> <span class='ocrx_word' id='word_1_85' title='bbox 441 572 465 597; x_wconf 80' lang='grc' dir='ltr'>οἱ</span> <span class='ocrx_word' id='word_1_86' title='bbox 488 572 622 605; x_wconf 78' lang='grc' dir='ltr'><strong>ἄγνωστοι</strong></span> <span class='ocrx_word' id='word_1_87' title='bbox 638 572 685 599; x_wconf 78' lang='grc' dir='ltr'><strong>καὶ</strong></span> <span class='ocrx_word' id='word_1_88' title='bbox 697 572 839 607; x_wconf 76' lang='grc' dir='ltr'>βάρϐαροι,</span> <span class='ocrx_word' id='word_1_89' title='bbox 853 573 883 600; x_wconf 83' lang='grc' dir='ltr'>ἓν</span> <span class='ocrx_word' id='word_1_90' title='bbox 899 574 950 608; x_wconf 84' lang='grc' dir='ltr'>τῆς</span> 
     </span>
    </p>
   </div>
   <div class='ocr_carea' id='block_1_14' title="bbox 159 615 951 654">
    <p class='ocr_par' dir='ltr' id='par_1_14' title="bbox 159 615 951 654">
     <span class='ocr_line' id='line_1_14' title="bbox 159 615 951 654; baseline 0.008 -12"><span class='ocrx_word' id='word_1_91' title='bbox 159 615 318 652; x_wconf 75' lang='grc' dir='ltr'><strong>διαιρέσεως</strong></span> <span class='ocrx_word' id='word_1_92' title='bbox 345 616 424 651; x_wconf 82' lang='grc' dir='ltr'>μόλις</span> <span class='ocrx_word' id='word_1_93' title='bbox 456 617 656 650; x_wconf 84' lang='grc' dir='ltr'>καταλαϐόντες</span> <span class='ocrx_word' id='word_1_94' title='bbox 681 621 779 654; x_wconf 84' lang='grc' dir='ltr'>κρῖμα,</span> <span class='ocrx_word' id='word_1_95' title='bbox 799 620 846 647; x_wconf 74' lang='grc' dir='ltr'>καὶ</span> <span class='ocrx_word' id='word_1_96' title='bbox 871 620 951 648; x_wconf 80' lang='grc' dir='ltr'>τοῦτο</span> 
     </span>
    </p>
   </div>
   <div class='ocr_carea' id='block_1_15' title="bbox 160 662 951 702">
    <p class='ocr_par' dir='ltr' id='par_1_15' title="bbox 160 662 951 702">
     <span class='ocr_line' id='line_1_15' title="bbox 160 662 951 702; baseline 0.006 -14"><span class='ocrx_word' id='word_1_97' title='bbox 160 662 327 695; x_wconf 85' lang='grc' dir='ltr'>παναθλίως,</span> <span class='ocrx_word' id='word_1_98' title='bbox 345 663 385 694; x_wconf 83' lang='grc' dir='ltr'><strong>είς</strong></span> <span class='ocrx_word' id='word_1_99' title='bbox 407 663 488 690; x_wconf 81' lang='grc' dir='ltr'>τοῦτο</span> <span class='ocrx_word' id='word_1_100' title='bbox 501 664 550 698; x_wconf 78' lang='grc' dir='ltr'>τὴν</span> <span class='ocrx_word' id='word_1_101' title='bbox 570 664 645 691; x_wconf 82' lang='grc' dir='ltr'>Θείαν</span> <span class='ocrx_word' id='word_1_102' title='bbox 661 665 775 700; x_wconf 80' lang='grc' dir='ltr'><strong>ἀμαθῶς</strong></span> <span class='ocrx_word' id='word_1_103' title='bbox 793 667 951 702; x_wconf 75' lang='grc' dir='ltr'>περιορίσαι</span> 
     </span>
    </p>
   </div>
   <div class='ocr_carea' id='block_1_16' title="bbox 159 709 950 748">
    <p class='ocr_par' dir='ltr' id='par_1_16' title="bbox 159 709 950 748">
     <span class='ocr_line' id='line_1_16' title="bbox 159 709 950 748; baseline 0.006 -14"><span class='ocrx_word' id='word_1_104' title='bbox 159 709 321 743; x_wconf 66' lang='grc' dir='ltr'>δυνήσονται</span> <span class='ocrx_word' id='word_1_105' title='bbox 353 709 461 743; x_wconf 69' lang='grc' dir='ltr'>σοφίαν,</span> <span class='ocrx_word' id='word_1_106' title='bbox 474 709 511 741; x_wconf 87' lang='grc' dir='ltr'><strong>ὡς</strong></span> <span class='ocrx_word' id='word_1_107' title='bbox 528 709 606 736; x_wconf 74' lang='grc' dir='ltr'>οὐδὲν</span> <span class='ocrx_word' id='word_1_108' title='bbox 626 710 707 738; x_wconf 73' lang='grc' dir='ltr'>πλέον</span> <span class='ocrx_word' id='word_1_109' title='bbox 728 711 889 748; x_wconf 77' lang='grc' dir='ltr'>’Λγαρηνῶν</span> <span class='ocrx_word' id='word_1_110' title='bbox 902 712 950 739; x_wconf 87' lang='grc' dir='ltr'>τοῠ</span> 
     </span>
    </p>
   </div>
   <div class='ocr_carea' id='block_1_17' title="bbox 160 753 950 792">
    <p class='ocr_par' dir='ltr' id='par_1_17' title="bbox 160 753 950 792">
     <span class='ocr_line' id='line_1_17' title="bbox 160 753 950 792; baseline 0.006 -13"><span class='ocrx_word' id='word_1_111' title='bbox 160 753 228 780; x_wconf 74' lang='grc' dir='ltr'>Θεοῦ</span> <span class='ocrx_word' id='word_1_112' title='bbox 248 753 418 788; x_wconf 80' lang='grc' dir='ltr'>ὲγνωκότος;</span> <span class='ocrx_word' id='word_1_113' title='bbox 436 754 466 780; x_wconf 74' lang='grc' dir='ltr'><strong>Εἰ</strong></span> <span class='ocrx_word' id='word_1_114' title='bbox 491 753 537 780; x_wconf 72' lang='grc' dir='ltr'><strong>οὖν</strong></span> <span class='ocrx_word' id='word_1_115' title='bbox 567 754 704 787; x_wconf 82' lang='grc' dir='ltr'>θεοσεϐεῖς</span> <span class='ocrx_word' id='word_1_116' title='bbox 729 757 755 782; x_wconf 72' lang='lat' dir='ltr'><strong>ot</strong></span> <span class='ocrx_word' id='word_1_117' title='bbox 779 757 950 792; x_wconf 77' lang='grc' dir='ltr'><strong>Χριστιανοὶ,</strong></span> 
     </span>
    </p>
   </div>
   <div class='ocr_carea' id='block_1_18' title="bbox 160 799 952 837">
    <p class='ocr_par' dir='ltr' id='par_1_18' title="bbox 160 799 952 837">
     <span class='ocr_line' id='line_1_18' title="bbox 160 799 952 837; baseline 0.005 -11"><span class='ocrx_word' id='word_1_118' title='bbox 160 799 263 827; x_wconf 83' lang='grc' dir='ltr'>τούτων</span> <span class='ocrx_word' id='word_1_119' title='bbox 278 799 305 826; x_wconf 74' lang='grc' dir='ltr'><strong>δὲ</strong></span> <span class='ocrx_word' id='word_1_120' title='bbox 321 800 346 827; x_wconf 83' lang='grc' dir='ltr'><strong>οί</strong></span> <span class='ocrx_word' id='word_1_121' title='bbox 365 800 415 834; x_wconf 73' lang='grc' dir='ltr'>μὲν</span> <span class='ocrx_word' id='word_1_122' title='bbox 437 800 593 835; x_wconf 82' lang='grc' dir='ltr'>εὕχρηστοι,</span> <span class='ocrx_word' id='word_1_123' title='bbox 613 801 638 827; x_wconf 81' lang='grc' dir='ltr'>οἱ</span> <span class='ocrx_word' id='word_1_124' title='bbox 649 801 676 827; x_wconf 79' lang='grc' dir='ltr'><strong>δὲ</strong></span> <span class='ocrx_word' id='word_1_125' title='bbox 688 801 830 837; x_wconf 81' lang='grc' dir='ltr'><strong>ἄχρηστοι,</strong></span> <span class='ocrx_word' id='word_1_126' title='bbox 843 803 910 830; x_wconf 82' lang='grc' dir='ltr'>Θεοῦ</span> <span class='ocrx_word' id='word_1_127' title='bbox 923 804 952 830; x_wconf 80' lang='grc' dir='ltr'><strong>δὲ</strong></span> 
     </span>
    </p>
   </div>
   <div class='ocr_carea' id='block_1_19' title="bbox 160 844 948 885">
    <p class='ocr_par' dir='ltr' id='par_1_19' title="bbox 160 844 948 885">
     <span class='ocr_line' id='line_1_19' title="bbox 160 844 948 885; baseline 0.008 -15"><span class='ocrx_word' id='word_1_128' title='bbox 160 845 323 880; x_wconf 76' lang='grc' dir='ltr'><strong>ἀμφοτέρων</strong></span> <span class='ocrx_word' id='word_1_129' title='bbox 355 844 558 880; x_wconf 79' lang='grc' dir='ltr'>προμηθεῖσθαι</span> <span class='ocrx_word' id='word_1_130' title='bbox 583 846 632 881; x_wconf 83' lang='grc' dir='ltr'>τὴν</span> <span class='ocrx_word' id='word_1_131' title='bbox 654 847 802 882; x_wconf 85' lang='grc' dir='ltr'>σωτηρίαν.</span> <span class='ocrx_word' id='word_1_132' title='bbox 824 848 875 874; x_wconf 72' lang='grc' dir='ltr'>οὐκ</span> <span class='ocrx_word' id='word_1_133' title='bbox 894 849 948 885; x_wconf 85' lang='grc' dir='ltr'>ἄρα</span> 
     </span>
    </p>
   </div>
   <div class='ocr_carea' id='block_1_20' title="bbox 159 878 986 925">
    <p class='ocr_par' dir='ltr' id='par_1_20' title="bbox 159 878 986 925">
     <span class='ocr_line' id='line_1_20' title="bbox 159 878 986 925; baseline 0.004 -9"><span class='ocrx_word' id='word_1_134' title='bbox 159 878 322 922; x_wconf 67' lang='grc' dir='ltr'>ὼςὰθέους</span> <span class='ocrx_word' id='word_1_135' title='bbox 342 878 419 925; x_wconf 76' lang='grc' dir='ltr'>ᾑμᾶς</span> <span class='ocrx_word' id='word_1_136' title='bbox 445 878 667 925; x_wconf 67' lang='grc' dir='ltr'>καταληῖζονται,</span> <span class='ocrx_word' id='word_1_137' title='bbox 691 878 749 917; x_wconf 80' lang='grc' dir='ltr'>ἀλλ’</span> <span class='ocrx_word' id='word_1_138' title='bbox 763 891 800 923; x_wconf 84' lang='grc' dir='ltr'>ὼς</span> <span class='ocrx_word' id='word_1_139' title='bbox 816 878 947 920; x_wconf 53' lang='lat' dir='ltr'><strong>cateias</strong></span> <span class='ocrx_word' id='word_1_140' title='bbox 962 878 986 909; x_wconf 77' lang='grc' dir='ltr'><strong>Β</strong></span> 
     </span>
    </p>
   </div>
   <div class='ocr_carea' id='block_1_21' title="bbox 161 936 948 974">
    <p class='ocr_par' dir='ltr' id='par_1_21' title="bbox 161 936 948 974">
     <span class='ocr_line' id='line_1_21' title="bbox 161 936 948 974; baseline 0.004 -11"><span class='ocrx_word' id='word_1_141' title='bbox 161 936 372 972; x_wconf 70' lang='grc' dir='ltr'>παιδευομένους</span> <span class='ocrx_word' id='word_1_142' title='bbox 397 936 617 972; x_wconf 77' lang='grc' dir='ltr'>ἀφηνιάζοντας,</span> <span class='ocrx_word' id='word_1_143' title='bbox 658 937 706 964; x_wconf 80' lang='grc' dir='ltr'>καὶ</span> <span class='ocrx_word' id='word_1_144' title='bbox 737 938 948 974; x_wconf 77' lang='grc' dir='ltr'><strong>στηριζομένους</strong></span> 
     </span>
    </p>
   </div>
   <div class='ocr_carea' id='block_1_22' title="bbox 160 981 948 1019">
    <p class='ocr_par' dir='ltr' id='par_1_22' title="bbox 160 981 948 1019">
     <span class='ocr_line' id='line_1_22' title="bbox 160 981 948 1019; baseline 0.004 -11"><span class='ocrx_word' id='word_1_145' title='bbox 160 981 353 1016; x_wconf 74' lang='grc' dir='ltr'><strong>ἐκλυομένους,</strong></span> <span class='ocrx_word' id='word_1_146' title='bbox 373 982 420 1008; x_wconf 76' lang='grc' dir='ltr'>καὶ</span> <span class='ocrx_word' id='word_1_147' title='bbox 440 981 672 1017; x_wconf 80' lang='grc' dir='ltr'>συστελλομένους</span> <span class='ocrx_word' id='word_1_148' title='bbox 697 983 948 1019; x_wconf 78' lang='grc' dir='ltr'>ὑπερῳρονοῦντας,</span> 
     </span>
    </p>
   </div>
   <div class='ocr_carea' id='block_1_23' title="bbox 160 1027 950 1064">
    <p class='ocr_par' dir='ltr' id='par_1_23' title="bbox 160 1027 950 1064">
     <span class='ocr_line' id='line_1_23' title="bbox 160 1027 950 1064; baseline 0.006 -11"><span class='ocrx_word' id='word_1_149' title='bbox 160 1027 208 1054; x_wconf 81' lang='grc' dir='ltr'>καὶ</span> <span class='ocrx_word' id='word_1_150' title='bbox 238 1027 435 1063; x_wconf 63' lang='grc' dir='ltr'>ἐλεγχομένους</span> <span class='ocrx_word' id='word_1_151' title='bbox 460 1028 494 1063; x_wconf 69' lang='grc' dir='ltr'>τῇ</span> <span class='ocrx_word' id='word_1_152' title='bbox 521 1027 708 1064; x_wconf 78' lang='grc' dir='ltr'>ἀκαταλήπτῳ</span> <span class='ocrx_word' id='word_1_153' title='bbox 734 1029 818 1057; x_wconf 84' lang='grc' dir='ltr'>αὑτοῦ</span> <span class='ocrx_word' id='word_1_154' title='bbox 842 1031 950 1058; x_wconf 82' lang='grc' dir='ltr'>συνέσει</span> 
     </span>
    </p>
   </div>
   <div class='ocr_carea' id='block_1_24' title="bbox 162 1073 950 1109">
    <p class='ocr_par' dir='ltr' id='par_1_24' title="bbox 162 1073 950 1109">
     <span class='ocr_line' id='line_1_24' title="bbox 162 1073 950 1109; baseline 0.005 -9"><span class='ocrx_word' id='word_1_155' title='bbox 162 1073 291 1106; x_wconf 80' lang='grc' dir='ltr'>ποικίλως</span> <span class='ocrx_word' id='word_1_156' title='bbox 303 1082 333 1100; x_wconf 80' lang='grc' dir='ltr'>τι</span> <span class='ocrx_word' id='word_1_157' title='bbox 356 1074 404 1100; x_wconf 84' lang='grc' dir='ltr'>καὶ</span> <span class='ocrx_word' id='word_1_158' title='bbox 427 1073 617 1109; x_wconf 75' lang='grc' dir='ltr'>πολυτρόπως.</span> <span class='ocrx_word' id='word_1_159' title='bbox 641 1075 702 1102; x_wconf 81' lang='grc' dir='ltr'><strong>Οὐδ’</strong></span> <span class='ocrx_word' id='word_1_160' title='bbox 716 1074 750 1103; x_wconf 78' lang='grc' dir='ltr'>αὖ</span> <span class='ocrx_word' id='word_1_161' title='bbox 763 1076 845 1104; x_wconf 74' lang='grc' dir='ltr'>πάλιν</span> <span class='ocrx_word' id='word_1_162' title='bbox 858 1077 950 1104; x_wconf 83' lang='grc' dir='ltr'>θεοσε-</span> 
     </span>
    </p>
   </div>
   <div class='ocr_carea' id='block_1_25' title="bbox 162 1120 951 1159">
    <p class='ocr_par' dir='ltr' id='par_1_25' title="bbox 162 1120 951 1159">
     <span class='ocr_line' id='line_1_25' title="bbox 162 1120 951 1159; baseline 0.006 -13"><span class='ocrx_word' id='word_1_163' title='bbox 162 1121 219 1151; x_wconf 70' lang='grc' dir='ltr'>ϐεῖς</span> <span class='ocrx_word' id='word_1_164' title='bbox 233 1121 331 1146; x_wconf 67' lang='grc' dir='ltr'>ἐκεῖνοι</span> <span class='ocrx_word' id='word_1_165' title='bbox 360 1120 543 1152; x_wconf 75' lang='grc' dir='ltr'>εὐπαθοῦντες</span> <span class='ocrx_word' id='word_1_166' title='bbox 570 1121 745 1157; x_wconf 83' lang='grc' dir='ltr'>πρόσκαιρα·</span> <span class='ocrx_word' id='word_1_167' title='bbox 773 1122 815 1149; x_wconf 78' lang='grc' dir='ltr'>ὅτι</span> <span class='ocrx_word' id='word_1_168' title='bbox 834 1124 901 1159; x_wconf 78' lang='grc' dir='ltr'>μηδὲ</span> <span class='ocrx_word' id='word_1_169' title='bbox 926 1124 951 1151; x_wconf 71' lang='grc' dir='ltr'>οἱ</span> 
     </span>
    </p>
   </div>
   <div class='ocr_carea' id='block_1_26' title="bbox 162 1165 951 1203">
    <p class='ocr_par' dir='ltr' id='par_1_26' title="bbox 162 1165 951 1203">
     <span class='ocr_line' id='line_1_26' title="bbox 162 1165 951 1203; baseline 0.006 -11"><span class='ocrx_word' id='word_1_170' title='bbox 162 1166 309 1200; x_wconf 76' lang='grc' dir='ltr'>Αἰγύπτιοι</span> <span class='ocrx_word' id='word_1_171' title='bbox 321 1165 458 1198; x_wconf 81' lang='grc' dir='ltr'>θεοσεϐεῖς</span> <span class='ocrx_word' id='word_1_172' title='bbox 473 1167 550 1198; x_wconf 76' lang='grc' dir='ltr'>ὄντες</span> <span class='ocrx_word' id='word_1_173' title='bbox 567 1169 629 1199; x_wconf 72' lang='grc' dir='ltr'>τοὺς</span> <span class='ocrx_word' id='word_1_174' title='bbox 641 1169 779 1203; x_wconf 74' lang='grc' dir='ltr'>χρηστοὺς</span> <span class='ocrx_word' id='word_1_175' title='bbox 797 1170 951 1197; x_wconf 75' lang='grc' dir='ltr'>ἐδουλοῦντο</span> 
     </span>
    </p>
   </div>
   <div class='ocr_carea' id='block_1_27' title="bbox 163 1212 951 1250">
    <p class='ocr_par' dir='ltr' id='par_1_27' title="bbox 163 1212 951 1250">
     <span class='ocr_line' id='line_1_27' title="bbox 163 1212 951 1250; baseline 0.005 -11"><span class='ocrx_word' id='word_1_176' title='bbox 163 1213 267 1249; x_wconf 77' lang='grc' dir='ltr'>Κυρίου</span> <span class='ocrx_word' id='word_1_177' title='bbox 277 1220 284 1228; x_wconf 81' lang='grc'><em>’</em></span> <span class='ocrx_word' id='word_1_178' title='bbox 300 1213 330 1240; x_wconf 87' lang='grc' dir='ltr'>οὺ</span> <span class='ocrx_word' id='word_1_179' title='bbox 349 1214 403 1248; x_wconf 79' lang='grc' dir='ltr'>γὰρ</span> <span class='ocrx_word' id='word_1_180' title='bbox 417 1212 484 1239; x_wconf 83' lang='grc' dir='ltr'>διότι</span> <span class='ocrx_word' id='word_1_181' title='bbox 495 1213 604 1249; x_wconf 78' lang='grc' dir='ltr'>ἀληθῶς</span> <span class='ocrx_word' id='word_1_182' title='bbox 617 1223 658 1246; x_wconf 78' lang='grc' dir='ltr'><strong>τις</strong></span> <span class='ocrx_word' id='word_1_183' title='bbox 669 1215 738 1250; x_wconf 67' lang='grc' dir='ltr'>ἐρεῖ,</span> <span class='ocrx_word' id='word_1_184' title='bbox 754 1216 805 1250; x_wconf 77' lang='grc' dir='ltr'>τὴν</span> <span class='ocrx_word' id='word_1_185' title='bbox 821 1216 853 1242; x_wconf 76' lang='grc' dir='ltr'>ὲκ</span> <span class='ocrx_word' id='word_1_186' title='bbox 867 1217 951 1243; x_wconf 73' lang='grc' dir='ltr'>τόπου</span> 
     </span>
    </p>
   </div>
   <div class='ocr_carea' id='block_1_28' title="bbox 164 1259 953 1296">
    <p class='ocr_par' dir='ltr' id='par_1_28' title="bbox 164 1259 953 1296">
     <span class='ocr_line' id='line_1_28' title="bbox 164 1259 953 1296; baseline 0.004 -9"><span class='ocrx_word' id='word_1_187' title='bbox 164 1262 204 1292; x_wconf 79' lang='grc' dir='ltr'><strong>είς</strong></span> <span class='ocrx_word' id='word_1_188' title='bbox 215 1261 297 1287; x_wconf 87' lang='grc' dir='ltr'>τόπον</span> <span class='ocrx_word' id='word_1_189' title='bbox 315 1260 466 1296; x_wconf 76' lang='grc' dir='ltr'>μετάϐασιν</span> <span class='ocrx_word' id='word_1_190' title='bbox 481 1261 589 1296; x_wconf 85' lang='grc' dir='ltr'>κίνησιν</span> <span class='ocrx_word' id='word_1_191' title='bbox 602 1259 682 1293; x_wconf 73' lang='grc' dir='ltr'>εἶναι,</span> <span class='ocrx_word' id='word_1_192' title='bbox 696 1263 744 1289; x_wconf 77' lang='grc' dir='ltr'>καὶ</span> <span class='ocrx_word' id='word_1_193' title='bbox 755 1262 796 1289; x_wconf 80' lang='grc' dir='ltr'>ὅτι</span> <span class='ocrx_word' id='word_1_194' title='bbox 813 1263 862 1289; x_wconf 79' lang='grc' dir='ltr'>οὐκ</span> <span class='ocrx_word' id='word_1_195' title='bbox 880 1263 953 1290; x_wconf 80' lang='grc' dir='ltr'>ἔστιν</span> 
     </span>
    </p>
   </div>
   <div class='ocr_carea' id='block_1_29' title="bbox 164 1306 952 1342">
    <p class='ocr_par' dir='ltr' id='par_1_29' title="bbox 164 1306 952 1342">
     <span class='ocr_line' id='line_1_29' title="bbox 164 1306 952 1342; baseline 0.001 -9"><span class='ocrx_word' id='word_1_196' title='bbox 164 1306 232 1342; x_wconf 78' lang='grc' dir='ltr'>ἄλλη</span> <span class='ocrx_word' id='word_1_197' title='bbox 244 1307 362 1342; x_wconf 86' lang='grc' dir='ltr'>κίνησις,</span> <span class='ocrx_word' id='word_1_198' title='bbox 373 1306 585 1341; x_wconf 71' lang='grc' dir='ltr'>πιστευθήσεται</span> <span class='ocrx_word' id='word_1_199' title='bbox 593 1315 601 1322; x_wconf 75' lang='grc' dir='ltr'><strong>ο</strong></span> <span class='ocrx_word' id='word_1_200' title='bbox 612 1307 699 1341; x_wconf 75' lang='grc' dir='ltr'>λέγων</span> <span class='ocrx_word' id='word_1_201' title='bbox 708 1307 762 1342; x_wconf 79' lang='grc' dir='ltr'>γὰρ</span> <span class='ocrx_word' id='word_1_202' title='bbox 772 1308 821 1339; x_wconf 81' lang='grc' dir='ltr'><strong>τὰς</strong></span> <span class='ocrx_word' id='word_1_203' title='bbox 834 1308 952 1341; x_wconf 84' lang='grc' dir='ltr'>πλείους,</span> 
     </span>
    </p>
   </div>
   <div class='ocr_carea' id='block_1_30' title="bbox 164 1352 954 1388">
    <p class='ocr_par' dir='ltr' id='par_1_30' title="bbox 164 1352 954 1388">
     <span class='ocr_line' id='line_1_30' title="bbox 164 1352 954 1388; baseline 0.001 -9"><span class='ocrx_word' id='word_1_204' title='bbox 164 1353 215 1387; x_wconf 83' lang='grc' dir='ltr'>τῆς</span> <span class='ocrx_word' id='word_1_205' title='bbox 234 1354 296 1387; x_wconf 78' lang='grc' dir='ltr'>μιᾶς</span> <span class='ocrx_word' id='word_1_206' title='bbox 312 1352 529 1386; x_wconf 82' lang='grc' dir='ltr'>παραλέλοιπεν·</span> <span class='ocrx_word' id='word_1_207' title='bbox 548 1352 602 1379; x_wconf 80' lang='grc' dir='ltr'><strong>οὐδ’</strong></span> <span class='ocrx_word' id='word_1_208' title='bbox 621 1353 662 1379; x_wconf 83' lang='grc' dir='ltr'>ὅτι</span> <span class='ocrx_word' id='word_1_209' title='bbox 677 1353 708 1388; x_wconf 83' lang='grc' dir='ltr'><strong>δὴ</strong></span> <span class='ocrx_word' id='word_1_210' title='bbox 722 1353 768 1380; x_wconf 82' lang='grc' dir='ltr'>οὖν</span> <span class='ocrx_word' id='word_1_211' title='bbox 791 1354 837 1380; x_wconf 74' lang='grc' dir='ltr'>καὶ</span> <span class='ocrx_word' id='word_1_212' title='bbox 855 1354 954 1380; x_wconf 80' lang='grc' dir='ltr'>δίκαιοι</span> 
     </span>
    </p>
   </div>
   <div class='ocr_carea' id='block_1_31' title="bbox 164 1397 953 1434">
    <p class='ocr_par' dir='ltr' id='par_1_31' title="bbox 164 1397 953 1434">
     <span class='ocr_line' id='line_1_31' title="bbox 164 1397 953 1434; baseline 0.003 -10"><span class='ocrx_word' id='word_1_213' title='bbox 164 1397 272 1425; x_wconf 76' lang='grc' dir='ltr'>ἀσεϐῶν</span> <span class='ocrx_word' id='word_1_214' title='bbox 287 1398 510 1433; x_wconf 78' lang='grc' dir='ltr'>κατεκράτησαν,</span> <span class='ocrx_word' id='word_1_215' title='bbox 526 1398 564 1429; x_wconf 86' lang='grc' dir='ltr'>ὡς</span> <span class='ocrx_word' id='word_1_216' title='bbox 581 1398 690 1434; x_wconf 82' lang='grc' dir='ltr'>Ἰσραὴλ</span> <span class='ocrx_word' id='word_1_217' title='bbox 702 1399 752 1434; x_wconf 81' lang='grc' dir='ltr'><strong>τὴν</strong></span> <span class='ocrx_word' id='word_1_218' title='bbox 770 1401 822 1434; x_wconf 82' lang='grc' dir='ltr'><strong>γῆν</strong></span> <span class='ocrx_word' id='word_1_219' title='bbox 832 1400 953 1434; x_wconf 79' lang='grc' dir='ltr'>Χαναὰν,</span> 
     </span>
    </p>
   </div>
   <div class='ocr_carea' id='block_1_32' title="bbox 164 1441 954 1480">
    <p class='ocr_par' dir='ltr' id='par_1_32' title="bbox 164 1441 954 1480">
     <span class='ocr_line' id='line_1_32' title="bbox 164 1441 954 1480; baseline 0.004 -10"><span class='ocrx_word' id='word_1_220' title='bbox 164 1444 214 1471; x_wconf 78' lang='grc' dir='ltr'>καὶ</span> <span class='ocrx_word' id='word_1_221' title='bbox 228 1444 307 1480; x_wconf 80' lang='grc' dir='ltr'>ήμῶν</span> <span class='ocrx_word' id='word_1_222' title='bbox 322 1441 394 1471; x_wconf 70' lang='grc' dir='ltr'>οὗτοι</span> <span class='ocrx_word' id='word_1_223' title='bbox 412 1444 450 1476; x_wconf 79' lang='grc' dir='ltr'><strong>ὡς</strong></span> <span class='ocrx_word' id='word_1_224' title='bbox 465 1445 565 1471; x_wconf 72' lang='grc' dir='ltr'>ἐκεῖνοι</span> <span class='ocrx_word' id='word_1_225' title='bbox 581 1447 692 1480; x_wconf 77' lang='grc' dir='ltr'>κρατεῖν</span> <span class='ocrx_word' id='word_1_226' title='bbox 704 1445 831 1480; x_wconf 83' lang='grc' dir='ltr'>λέγοντες</span> <span class='ocrx_word' id='word_1_227' title='bbox 845 1455 954 1473; x_wconf 84' lang='grc' dir='ltr'>πιστευ-</span> 
     </span>
    </p>
   </div>
   <div class='ocr_carea' id='block_1_33' title="bbox 166 1483 955 1528">
    <p class='ocr_par' dir='ltr' id='par_1_33' title="bbox 166 1483 955 1528">
     <span class='ocr_line' id='line_1_33' title="bbox 166 1483 955 1528; baseline 0.003 -12"><span class='ocrx_word' id='word_1_228' title='bbox 166 1490 305 1525; x_wconf 79' lang='grc' dir='ltr'>θήσονται.</span> <span class='ocrx_word' id='word_1_229' title='bbox 321 1483 458 1526; x_wconf 71' lang='grc' dir='ltr'>Εὕρηνται</span> <span class='ocrx_word' id='word_1_230' title='bbox 475 1490 529 1525; x_wconf 78' lang='grc' dir='ltr'><strong>γὰρ</strong></span> <span class='ocrx_word' id='word_1_231' title='bbox 549 1491 597 1517; x_wconf 78' lang='grc' dir='ltr'><strong>καὶ</strong></span> <span class='ocrx_word' id='word_1_232' title='bbox 614 1491 721 1522; x_wconf 81' lang='grc' dir='ltr'>ἀσεϐεῖς</span> <span class='ocrx_word' id='word_1_233' title='bbox 740 1491 861 1518; x_wconf 82' lang='grc' dir='ltr'>εὐσεϐῶν</span> <span class='ocrx_word' id='word_1_234' title='bbox 875 1492 955 1528; x_wconf 84' lang='grc' dir='ltr'>χαλε-</span> 
     </span>
    </p>
   </div>
   <div class='ocr_carea' id='block_1_34' title="bbox 1001 244 1794 279">
    <p class='ocr_par' dir='ltr' id='par_1_34' title="bbox 1001 244 1794 279">
     <span class='ocr_line' id='line_1_34' title="bbox 1001 244 1794 279; baseline 0.003 -6"><span class='ocrx_word' id='word_1_235' title='bbox 1001 249 1029 273; x_wconf 90' lang='lat' dir='ltr'><strong>et</strong></span> <span class='ocrx_word' id='word_1_236' title='bbox 1047 245 1262 279; x_wconf 74' lang='lat' dir='ltr'><strong>demonstratur,</strong></span> <span class='ocrx_word' id='word_1_237' title='bbox 1287 251 1320 273; x_wconf 85' lang='lat' dir='ltr'><strong>ac</strong></span> <span class='ocrx_word' id='word_1_238' title='bbox 1335 245 1577 273; x_wconf 85' lang='lat' dir='ltr'><strong>demonstrabitur.</strong></span> <span class='ocrx_word' id='word_1_239' title='bbox 1598 244 1794 275; x_wconf 78' lang='lat' dir='ltr'><strong>Verumtamen</strong></span> 
     </span>
    </p>
   </div>
   <div class='ocr_carea' id='block_1_35' title="bbox 1001 290 1794 328">
    <p class='ocr_par' dir='ltr' id='par_1_35' title="bbox 1001 290 1794 328">
     <span class='ocr_line' id='line_1_35' title="bbox 1001 290 1794 328; baseline 0.003 -9"><span class='ocrx_word' id='word_1_240' title='bbox 1001 291 1074 328; x_wconf 86' lang='lat' dir='ltr'><strong>quod</strong></span> <span class='ocrx_word' id='word_1_241' title='bbox 1092 296 1118 320; x_wconf 82' lang='lat' dir='ltr'><strong>et</strong></span> <span class='ocrx_word' id='word_1_242' title='bbox 1133 299 1183 319; x_wconf 86' lang='lat' dir='ltr'><strong>nos</strong></span> <span class='ocrx_word' id='word_1_243' title='bbox 1197 291 1297 326; x_wconf 90' lang='lat' dir='ltr'><strong>partim</strong></span> <span class='ocrx_word' id='word_1_244' title='bbox 1315 290 1387 326; x_wconf 76' lang='lat' dir='ltr'><strong>frugi</strong></span> <span class='ocrx_word' id='word_1_245' title='bbox 1403 291 1501 324; x_wconf 87' lang='lat' dir='ltr'><strong>simus,</strong></span> <span class='ocrx_word' id='word_1_246' title='bbox 1517 291 1614 326; x_wconf 84' lang='lat' dir='ltr'><strong>partim</strong></span> <span class='ocrx_word' id='word_1_247' title='bbox 1636 299 1726 325; x_wconf 78' lang='lat' dir='ltr'><strong>secus,</strong></span> <span class='ocrx_word' id='word_1_248' title='bbox 1743 301 1794 321; x_wconf 92' lang='lat' dir='ltr'><strong>nos</strong></span> 
     </span>
    </p>
   </div>
   <div class='ocr_carea' id='block_1_36' title="bbox 1001 332 1794 373">
    <p class='ocr_par' dir='ltr' id='par_1_36' title="bbox 1001 332 1794 373">
     <span class='ocr_line' id='line_1_36' title="bbox 1001 332 1794 373; baseline -0.003 -7"><span class='ocrx_word' id='word_1_249' title='bbox 1001 338 1053 373; x_wconf 81' lang='lat' dir='ltr'><strong>ipsi</strong></span> <span class='ocrx_word' id='word_1_250' title='bbox 1075 342 1102 365; x_wconf 83' lang='lat' dir='ltr'><strong>et</strong></span> <span class='ocrx_word' id='word_1_251' title='bbox 1127 337 1266 366; x_wconf 78' lang='lat' dir='ltr'><strong>cernimus</strong></span> <span class='ocrx_word' id='word_1_252' title='bbox 1289 341 1316 364; x_wconf 88' lang='lat' dir='ltr'><strong>et</strong></span> <span class='ocrx_word' id='word_1_253' title='bbox 1341 337 1516 364; x_wconf 88' lang='lat' dir='ltr'><strong>confitemur.</strong></span> <span class='ocrx_word' id='word_1_254' title='bbox 1534 337 1602 364; x_wconf 89' lang='lat' dir='ltr'><strong>Cum</strong></span> <span class='ocrx_word' id='word_1_255' title='bbox 1625 344 1690 371; x_wconf 71' lang='lat' dir='ltr'><strong>ergo</strong></span> <span class='ocrx_word' id='word_1_256' title='bbox 1714 345 1729 364; x_wconf 88' lang='lat' dir='ltr'><strong>a</strong></span> <span class='ocrx_word' id='word_1_257' title='bbox 1747 332 1794 365; x_wconf 84' lang='lat' dir='ltr'><strong>Dei</strong></span> 
     </span>
    </p>
   </div>
   <div class='ocr_carea' id='block_1_37' title="bbox 1001 382 1792 423">
    <p class='ocr_par' dir='ltr' id='par_1_37' title="bbox 1001 382 1792 423">
     <span class='ocr_line' id='line_1_37' title="bbox 1001 382 1792 423; baseline -0.001 -13"><span class='ocrx_word' id='word_1_258' title='bbox 1001 383 1133 418; x_wconf 81' lang='lat' dir='ltr'><strong>sapientia</strong></span> <span class='ocrx_word' id='word_1_259' title='bbox 1160 388 1187 410; x_wconf 88' lang='lat' dir='ltr'><strong>et</strong></span> <span class='ocrx_word' id='word_1_260' title='bbox 1211 383 1333 410; x_wconf 78' lang='lat' dir='ltr'><strong>bonitate</strong></span> <span class='ocrx_word' id='word_1_261' title='bbox 1360 390 1404 410; x_wconf 84' lang='lat' dir='ltr'><strong>res</strong></span> <span class='ocrx_word' id='word_1_262' title='bbox 1429 386 1531 423; x_wconf 63' lang='lat' dir='ltr'><strong>nostra:</strong></span> <span class='ocrx_word' id='word_1_263' title='bbox 1554 382 1792 415; x_wconf 86' lang='lat' dir='ltr'><strong>administrentur,</strong></span> 
     </span>
    </p>
   </div>
   <div class='ocr_carea' id='block_1_38' title="bbox 1001 428 1793 459">
    <p class='ocr_par' dir='ltr' id='par_1_38' title="bbox 1001 428 1793 459">
     <span class='ocr_line' id='line_1_38' title="bbox 1001 428 1793 459; baseline -0.004 0"><span class='ocrx_word' id='word_1_264' title='bbox 1001 431 1074 459; x_wconf 84' lang='lat' dir='ltr'><strong>haud</strong></span> <span class='ocrx_word' id='word_1_265' title='bbox 1091 435 1164 458; x_wconf 89' lang='lat' dir='ltr'><strong>certe</strong></span> <span class='ocrx_word' id='word_1_266' title='bbox 1187 430 1273 457; x_wconf 78' lang='lat' dir='ltr'><strong>nostri</strong></span> <span class='ocrx_word' id='word_1_267' title='bbox 1299 436 1382 458; x_wconf 84' lang='lat' dir='ltr'><strong>causa</strong></span> <span class='ocrx_word' id='word_1_268' title='bbox 1402 429 1502 456; x_wconf 85' lang='lat' dir='ltr'><strong>desinit</strong></span> <span class='ocrx_word' id='word_1_269' title='bbox 1515 436 1576 456; x_wconf 83' lang='lat' dir='ltr'><strong>esse</strong></span> <span class='ocrx_word' id='word_1_270' title='bbox 1594 428 1681 456; x_wconf 89' lang='lat' dir='ltr'><strong>bonus</strong></span> <span class='ocrx_word' id='word_1_271' title='bbox 1695 433 1722 456; x_wconf 89' lang='lat' dir='ltr'><strong>et</strong></span> <span class='ocrx_word' id='word_1_272' title='bbox 1747 436 1793 456; x_wconf 86' lang='lat' dir='ltr'><strong>sa-</strong></span> 
     </span>
    </p>
   </div>
   <div class='ocr_carea' id='block_1_39' title="bbox 1000 475 1795 512">
    <p class='ocr_par' dir='ltr' id='par_1_39' title="bbox 1000 475 1795 512">
     <span class='ocr_line' id='line_1_39' title="bbox 1000 475 1795 512; baseline -0.003 -9"><span class='ocrx_word' id='word_1_273' title='bbox 1000 477 1077 512; x_wconf 79' lang='lat' dir='ltr'><strong>piens</strong></span> <span class='ocrx_word' id='word_1_274' title='bbox 1099 484 1131 503; x_wconf 92' lang='lat' dir='ltr'><strong>ac</strong></span> <span class='ocrx_word' id='word_1_275' title='bbox 1151 475 1254 511; x_wconf 86' lang='lat' dir='ltr'><strong>justus,</strong></span> <span class='ocrx_word' id='word_1_276' title='bbox 1271 480 1300 502; x_wconf 88' lang='lat' dir='ltr'><strong>ut</strong></span> <span class='ocrx_word' id='word_1_277' title='bbox 1322 476 1378 510; x_wconf 84' lang='lat' dir='ltr'><strong>jam</strong></span> <span class='ocrx_word' id='word_1_278' title='bbox 1400 475 1535 507; x_wconf 79' lang='lat' dir='ltr'><strong>diximus;</strong></span> <span class='ocrx_word' id='word_1_279' title='bbox 1554 475 1605 502; x_wconf 88' lang='lat' dir='ltr'><strong>hoc</strong></span> <span class='ocrx_word' id='word_1_280' title='bbox 1628 475 1701 501; x_wconf 89' lang='lat' dir='ltr'><strong>enim</strong></span> <span class='ocrx_word' id='word_1_281' title='bbox 1733 475 1795 502; x_wconf 92' lang='lat' dir='ltr'><strong>uni-</strong></span> 
     </span>
    </p>
   </div>
   <div class='ocr_carea' id='block_1_40' title="bbox 1000 520 1796 555">
    <p class='ocr_par' dir='ltr' id='par_1_40' title="bbox 1000 520 1796 555">
     <span class='ocr_line' id='line_1_40' title="bbox 1000 520 1796 555; baseline -0.001 -6"><span class='ocrx_word' id='word_1_282' title='bbox 1000 530 1078 549; x_wconf 85' lang='lat' dir='ltr'><strong>versa</strong></span> <span class='ocrx_word' id='word_1_283' title='bbox 1101 523 1183 550; x_wconf 87' lang='lat' dir='ltr'><strong>tradit</strong></span> <span class='ocrx_word' id='word_1_284' title='bbox 1208 522 1298 549; x_wconf 83' lang='lat' dir='ltr'><strong>divina</strong></span> <span class='ocrx_word' id='word_1_285' title='bbox 1316 520 1466 555; x_wconf 73' lang='lat' dir='ltr'><strong>Scriptura.</strong></span> <span class='ocrx_word' id='word_1_286' title='bbox 1495 520 1638 553; x_wconf 82' lang='lat' dir='ltr'><strong>Quomodo</strong></span> <span class='ocrx_word' id='word_1_287' title='bbox 1664 527 1729 555; x_wconf 79' lang='lat' dir='ltr'><strong>ergo</strong></span> <span class='ocrx_word' id='word_1_288' title='bbox 1749 520 1796 548; x_wconf 93' lang='lat' dir='ltr'><strong>Isti</strong></span> 
     </span>
    </p>
   </div>
   <div class='ocr_carea' id='block_1_41' title="bbox 1003 565 1795 603">
    <p class='ocr_par' dir='ltr' id='par_1_41' title="bbox 1003 565 1795 603">
     <span class='ocr_line' id='line_1_41' title="bbox 1003 565 1795 603; baseline -0.001 -9"><span class='ocrx_word' id='word_1_289' title='bbox 1003 568 1089 603; x_wconf 80' lang='lat' dir='ltr'><strong>ignari</strong></span> <span class='ocrx_word' id='word_1_290' title='bbox 1107 576 1138 594; x_wconf 84' lang='lat' dir='ltr'><strong>ac</strong></span> <span class='ocrx_word' id='word_1_291' title='bbox 1158 567 1278 599; x_wconf 74' lang='lat' dir='ltr'><strong>barbari,</strong></span> <span class='ocrx_word' id='word_1_292' title='bbox 1293 574 1348 593; x_wconf 91' lang='lat' dir='ltr'><strong>uno</strong></span> <span class='ocrx_word' id='word_1_293' title='bbox 1367 566 1540 594; x_wconf 81' lang='lat' dir='ltr'><strong>discernendi</strong></span> <span class='ocrx_word' id='word_1_294' title='bbox 1561 565 1675 600; x_wconf 87' lang='lat' dir='ltr'><strong>judicio,</strong></span> <span class='ocrx_word' id='word_1_295' title='bbox 1693 571 1719 593; x_wconf 90' lang='lat' dir='ltr'><strong>et</strong></span> <span class='ocrx_word' id='word_1_296' title='bbox 1732 567 1795 601; x_wconf 84' lang='lat' dir='ltr'><strong>qui-</strong></span> 
     </span>
    </p>
   </div>
   <div class='ocr_carea' id='block_1_42' title="bbox 1001 611 1794 647">
    <p class='ocr_par' dir='ltr' id='par_1_42' title="bbox 1001 611 1794 647">
     <span class='ocr_line' id='line_1_42' title="bbox 1001 611 1794 647; baseline -0.004 -5"><span class='ocrx_word' id='word_1_297' title='bbox 1001 615 1063 642; x_wconf 89' lang='lat' dir='ltr'><strong>dem</strong></span> <span class='ocrx_word' id='word_1_298' title='bbox 1089 613 1234 641; x_wconf 89' lang='lat' dir='ltr'><strong>infeliciter</strong></span> <span class='ocrx_word' id='word_1_299' title='bbox 1258 612 1376 647; x_wconf 72' lang='lat' dir='ltr'><strong>prmditi,</strong></span> <span class='ocrx_word' id='word_1_300' title='bbox 1391 612 1459 640; x_wconf 90' lang='lat' dir='ltr'><strong>adeo</strong></span> <span class='ocrx_word' id='word_1_301' title='bbox 1479 611 1600 639; x_wconf 88' lang='lat' dir='ltr'><strong>divinam</strong></span> <span class='ocrx_word' id='word_1_302' title='bbox 1627 611 1725 639; x_wconf 86' lang='lat' dir='ltr'><strong>inscite</strong></span> <span class='ocrx_word' id='word_1_303' title='bbox 1739 612 1794 640; x_wconf 92' lang='lat' dir='ltr'><strong>cir-</strong></span> 
     </span>
    </p>
   </div>
   <div class='ocr_carea' id='block_1_43' title="bbox 1001 657 1795 693">
    <p class='ocr_par' dir='ltr' id='par_1_43' title="bbox 1001 657 1795 693">
     <span class='ocr_line' id='line_1_43' title="bbox 1001 657 1795 693; baseline -0.005 -4"><span class='ocrx_word' id='word_1_304' title='bbox 1001 659 1186 689; x_wconf 78' lang='lat' dir='ltr'><strong>cumscribere</strong></span> <span class='ocrx_word' id='word_1_305' title='bbox 1214 658 1374 693; x_wconf 86' lang='lat' dir='ltr'><strong>sapientiam</strong></span> <span class='ocrx_word' id='word_1_306' title='bbox 1401 661 1539 692; x_wconf 86' lang='lat' dir='ltr'><strong>poterunt,</strong></span> <span class='ocrx_word' id='word_1_307' title='bbox 1562 662 1591 684; x_wconf 91' lang='lat' dir='ltr'><strong>ut</strong></span> <span class='ocrx_word' id='word_1_308' title='bbox 1614 657 1701 684; x_wconf 87' lang='lat' dir='ltr'><strong>nihilo</strong></span> <span class='ocrx_word' id='word_1_309' title='bbox 1732 657 1795 692; x_wconf 89' lang='lat' dir='ltr'><strong>plus</strong></span> 
     </span>
    </p>
   </div>
   <div class='ocr_carea' id='block_1_44' title="bbox 1002 701 1797 743">
    <p class='ocr_par' dir='ltr' id='par_1_44' title="bbox 1002 701 1797 743">
     <span class='ocr_line' id='line_1_44' title="bbox 1002 701 1797 743; baseline -0.004 -11"><span class='ocrx_word' id='word_1_310' title='bbox 1002 713 1084 743; x_wconf 82' lang='lat' dir='ltr'><strong>quam</strong></span> <span class='ocrx_word' id='word_1_311' title='bbox 1111 704 1228 739; x_wconf 74' lang='lat' dir='ltr'><strong>Agareni</strong></span> <span class='ocrx_word' id='word_1_312' title='bbox 1254 704 1327 730; x_wconf 79' lang='lat' dir='ltr'><strong>Deus</strong></span> <span class='ocrx_word' id='word_1_313' title='bbox 1347 702 1437 730; x_wconf 78' lang='lat' dir='ltr'><strong>sciat?</strong></span> <span class='ocrx_word' id='word_1_314' title='bbox 1455 701 1483 729; x_wconf 87' lang='lat' dir='ltr'><strong>Si</strong></span> <span class='ocrx_word' id='word_1_315' title='bbox 1498 709 1564 737; x_wconf 81' lang='lat' dir='ltr'><strong>ergo</strong></span> <span class='ocrx_word' id='word_1_316' title='bbox 1580 702 1700 737; x_wconf 78' lang='lat' dir='ltr'><strong>religiosi</strong></span> <span class='ocrx_word' id='word_1_317' title='bbox 1715 702 1797 730; x_wconf 83' lang='lat' dir='ltr'><strong>Chri-</strong></span> 
     </span>
    </p>
   </div>
   <div class='ocr_carea' id='block_1_45' title="bbox 1002 748 1797 783">
    <p class='ocr_par' dir='ltr' id='par_1_45' title="bbox 1002 748 1797 783">
     <span class='ocr_line' id='line_1_45' title="bbox 1002 748 1797 783; baseline -0.005 -4"><span class='ocrx_word' id='word_1_318' title='bbox 1002 751 1084 780; x_wconf 77' lang='lat' dir='ltr'><strong>etiani</strong></span> <span class='ocrx_word' id='word_1_319' title='bbox 1111 755 1198 783; x_wconf 87' lang='lat' dir='ltr'><strong>sunt;</strong></span> <span class='ocrx_word' id='word_1_320' title='bbox 1216 750 1314 777; x_wconf 89' lang='lat' dir='ltr'><strong>horum</strong></span> <span class='ocrx_word' id='word_1_321' title='bbox 1339 753 1431 776; x_wconf 88' lang='lat' dir='ltr'><strong>autem</strong></span> <span class='ocrx_word' id='word_1_322' title='bbox 1456 748 1502 775; x_wconf 78' lang='lat' dir='ltr'><strong>alii</strong></span> <span class='ocrx_word' id='word_1_323' title='bbox 1530 748 1612 783; x_wconf 82' lang='lat' dir='ltr'><strong>frugi,</strong></span> <span class='ocrx_word' id='word_1_324' title='bbox 1629 748 1674 775; x_wconf 88' lang='lat' dir='ltr'><strong>alii</strong></span> <span class='ocrx_word' id='word_1_325' title='bbox 1700 755 1797 780; x_wconf 87' lang='lat' dir='ltr'><strong>secus;</strong></span> 
     </span>
    </p>
   </div>
   <div class='ocr_carea' id='block_1_46' title="bbox 1004 793 1798 829">
    <p class='ocr_par' dir='ltr' id='par_1_46' title="bbox 1004 793 1798 829">
     <span class='ocr_line' id='line_1_46' title="bbox 1004 793 1798 829; baseline -0.005 -5"><span class='ocrx_word' id='word_1_326' title='bbox 1004 797 1050 825; x_wconf 89' lang='lat' dir='ltr'><strong>Dei</strong></span> <span class='ocrx_word' id='word_1_327' title='bbox 1079 804 1143 824; x_wconf 89' lang='lat' dir='ltr'><strong>vero</strong></span> <span class='ocrx_word' id='word_1_328' title='bbox 1168 795 1287 823; x_wconf 77' lang='lat' dir='ltr'><strong>ofﬁciunt</strong></span> <span class='ocrx_word' id='word_1_329' title='bbox 1311 799 1354 822; x_wconf 90' lang='lat' dir='ltr'><strong>est</strong></span> <span class='ocrx_word' id='word_1_330' title='bbox 1383 799 1564 829; x_wconf 86' lang='lat' dir='ltr'><strong>utrorumque</strong></span> <span class='ocrx_word' id='word_1_331' title='bbox 1592 793 1675 821; x_wconf 87' lang='lat' dir='ltr'><strong>saluti</strong></span> <span class='ocrx_word' id='word_1_332' title='bbox 1695 801 1798 821; x_wconf 88' lang='lat' dir='ltr'><strong>consu-</strong></span> 
     </span>
    </p>
   </div>
   <div class='ocr_carea' id='block_1_47' title="bbox 1003 841 1798 876">
    <p class='ocr_par' dir='ltr' id='par_1_47' title="bbox 1003 841 1798 876">
     <span class='ocr_line' id='line_1_47' title="bbox 1003 841 1798 876; baseline -0.003 -6"><span class='ocrx_word' id='word_1_333' title='bbox 1003 843 1076 875; x_wconf 86' lang='lat' dir='ltr'><strong>lere;</strong></span> <span class='ocrx_word' id='word_1_334' title='bbox 1093 841 1164 868; x_wconf 81' lang='lat' dir='ltr'><strong>haud</strong></span> <span class='ocrx_word' id='word_1_335' title='bbox 1188 841 1314 876; x_wconf 84' lang='lat' dir='ltr'><strong>equidem</strong></span> <span class='ocrx_word' id='word_1_336' title='bbox 1341 845 1471 875; x_wconf 91' lang='lat' dir='ltr'><strong>tanquam</strong></span> <span class='ocrx_word' id='word_1_337' title='bbox 1499 841 1596 868; x_wconf 90' lang='lat' dir='ltr'><strong>atheos</strong></span> <span class='ocrx_word' id='word_1_338' title='bbox 1615 848 1666 868; x_wconf 87' lang='lat' dir='ltr'><strong>nos</strong></span> <span class='ocrx_word' id='word_1_339' title='bbox 1692 841 1798 875; x_wconf 63' lang='lat' dir='ltr'><strong>depra-</strong></span> 
     </span>
    </p>
   </div>
   <div class='ocr_carea' id='block_1_48' title="bbox 1000 887 1801 922">
    <p class='ocr_par' dir='ltr' id='par_1_48' title="bbox 1000 887 1801 922">
     <span class='ocr_line' id='line_1_48' title="bbox 1000 887 1801 922; baseline -0.002 -6"><span class='ocrx_word' id='word_1_340' title='bbox 1000 889 1110 921; x_wconf 81' lang='lat' dir='ltr'><strong>dantur,</strong></span> <span class='ocrx_word' id='word_1_341' title='bbox 1135 888 1182 915; x_wconf 85' lang='lat' dir='ltr'><strong>sed</strong></span> <span class='ocrx_word' id='word_1_342' title='bbox 1209 893 1237 915; x_wconf 86' lang='lat' dir='ltr'><strong>ut</strong></span> <span class='ocrx_word' id='word_1_343' title='bbox 1264 895 1278 914; x_wconf 87' lang='lat' dir='ltr'><strong>a</strong></span> <span class='ocrx_word' id='word_1_344' title='bbox 1304 887 1359 915; x_wconf 88' lang='lat' dir='ltr'><strong>Deo</strong></span> <span class='ocrx_word' id='word_1_345' title='bbox 1383 891 1494 922; x_wconf 81' lang='lat' dir='ltr'><strong>propter</strong></span> <span class='ocrx_word' id='word_1_346' title='bbox 1519 887 1721 914; x_wconf 84' lang='lat' dir='ltr'><strong>contumaciam</strong></span> <span class='ocrx_word' id='word_1_347' title='bbox 1737 895 1801 921; x_wconf 86' lang='lat' dir='ltr'><strong>cor_</strong></span> 
     </span>
    </p>
   </div>
   <div class='ocr_carea' id='block_1_49' title="bbox 1000 932 1800 970">
    <p class='ocr_par' dir='ltr' id='par_1_49' title="bbox 1000 932 1800 970">
     <span class='ocr_line' id='line_1_49' title="bbox 1000 932 1800 970; baseline -0.003 -8"><span class='ocrx_word' id='word_1_348' title='bbox 1000 939 1104 970; x_wconf 75' lang='lat' dir='ltr'><strong>reptas,</strong></span> <span class='ocrx_word' id='word_1_349' title='bbox 1120 937 1147 961; x_wconf 86' lang='lat' dir='ltr'><strong>et</strong></span> <span class='ocrx_word' id='word_1_350' title='bbox 1174 938 1286 969; x_wconf 83' lang='lat' dir='ltr'><strong>propter</strong></span> <span class='ocrx_word' id='word_1_351' title='bbox 1307 932 1435 960; x_wconf 81' lang='lat' dir='ltr'><strong>ﬁduciam</strong></span> <span class='ocrx_word' id='word_1_352' title='bbox 1461 932 1627 966; x_wconf 85' lang='lat' dir='ltr'><strong>iuilrmatos,</strong></span> <span class='ocrx_word' id='word_1_353' title='bbox 1644 936 1671 960; x_wconf 88' lang='lat' dir='ltr'><strong>et</strong></span> <span class='ocrx_word' id='word_1_354' title='bbox 1697 933 1733 960; x_wconf 89' lang='lat' dir='ltr'><strong>ob</strong></span> <span class='ocrx_word' id='word_1_355' title='bbox 1749 940 1800 960; x_wconf 89' lang='lat' dir='ltr'><strong>su-</strong></span> 
     </span>
    </p>
   </div>
   <div class='ocr_carea' id='block_1_50' title="bbox 1000 978 1800 1018">
    <p class='ocr_par' dir='ltr' id='par_1_50' title="bbox 1000 978 1800 1018">
     <span class='ocr_line' id='line_1_50' title="bbox 1000 978 1800 1018; baseline -0.003 -9"><span class='ocrx_word' id='word_1_356' title='bbox 1000 982 1122 1018; x_wconf 81' lang='lat' dir='ltr'><strong>perbiam</strong></span> <span class='ocrx_word' id='word_1_357' title='bbox 1150 980 1298 1013; x_wconf 87' lang='lat' dir='ltr'><strong>eohibitos,</strong></span> <span class='ocrx_word' id='word_1_358' title='bbox 1327 979 1402 1006; x_wconf 86' lang='lat' dir='ltr'><strong>etab</strong></span> <span class='ocrx_word' id='word_1_359' title='bbox 1432 978 1706 1014; x_wconf 87' lang='lat' dir='ltr'><strong>ineompreheusihili</strong></span> <span class='ocrx_word' id='word_1_360' title='bbox 1739 979 1800 1012; x_wconf 79' lang='lat' dir='ltr'><strong>ejus</strong></span> 
     </span>
    </p>
   </div>
   <div class='ocr_carea' id='block_1_51' title="bbox 1002 1023 1802 1063">
    <p class='ocr_par' dir='ltr' id='par_1_51' title="bbox 1002 1023 1802 1063">
     <span class='ocr_line' id='line_1_51' title="bbox 1002 1023 1802 1063; baseline -0.006 -8"><span class='ocrx_word' id='word_1_361' title='bbox 1002 1027 1138 1063; x_wconf 74' lang='lat' dir='ltr'><strong>sapientia</strong></span> <span class='ocrx_word' id='word_1_362' title='bbox 1161 1027 1236 1054; x_wconf 67' lang='lat' dir='ltr'><strong>varie</strong></span> <span class='ocrx_word' id='word_1_363' title='bbox 1265 1033 1297 1054; x_wconf 89' lang='lat' dir='ltr'><strong>ac</strong></span> <span class='ocrx_word' id='word_1_364' title='bbox 1323 1024 1500 1053; x_wconf 81' lang='lat' dir='ltr'><strong>multifariam</strong></span> <span class='ocrx_word' id='word_1_365' title='bbox 1522 1025 1680 1060; x_wconf 75' lang='lat' dir='ltr'><strong>castigatos.</strong></span> <span class='ocrx_word' id='word_1_366' title='bbox 1707 1023 1802 1059; x_wconf 83' lang='lat' dir='ltr'><strong>Neque</strong></span> 
     </span>
    </p>
   </div>
   <div class='ocr_carea' id='block_1_52' title="bbox 1001 1070 1802 1107">
    <p class='ocr_par' dir='ltr' id='par_1_52' title="bbox 1001 1070 1802 1107">
     <span class='ocr_line' id='line_1_52' title="bbox 1001 1070 1802 1107; baseline -0.005 -7"><span class='ocrx_word' id='word_1_367' title='bbox 1001 1070 1104 1100; x_wconf 82' lang='lat' dir='ltr'><strong>idcirco</strong></span> <span class='ocrx_word' id='word_1_368' title='bbox 1134 1072 1171 1107; x_wconf 84' lang='lat' dir='ltr'><strong>pii</strong></span> <span class='ocrx_word' id='word_1_369' title='bbox 1196 1075 1261 1099; x_wconf 86' lang='lat' dir='ltr'><strong>sunt</strong></span> <span class='ocrx_word' id='word_1_370' title='bbox 1286 1071 1334 1106; x_wconf 88' lang='lat' dir='ltr'><strong>qui</strong></span> <span class='ocrx_word' id='word_1_371' title='bbox 1361 1077 1494 1105; x_wconf 84' lang='lat' dir='ltr'><strong>prospere</strong></span> <span class='ocrx_word' id='word_1_372' title='bbox 1521 1073 1626 1104; x_wconf 69' lang='lat' dir='ltr'><strong>agitat;</strong></span> <span class='ocrx_word' id='word_1_373' title='bbox 1657 1076 1721 1096; x_wconf 81' lang='lat' dir='ltr'><strong>nam</strong></span> <span class='ocrx_word' id='word_1_374' title='bbox 1751 1076 1802 1096; x_wconf 88' lang='lat' dir='ltr'><strong>nec</strong></span> 
     </span>
    </p>
   </div>
   <div class='ocr_carea' id='block_1_53' title="bbox 1003 1113 1802 1154">
    <p class='ocr_par' dir='ltr' id='par_1_53' title="bbox 1003 1113 1802 1154">
     <span class='ocr_line' id='line_1_53' title="bbox 1003 1113 1802 1154; baseline -0.006 -8"><span class='ocrx_word' id='word_1_375' title='bbox 1003 1118 1124 1154; x_wconf 65' lang='lat' dir='ltr'><strong>Egyptii</strong></span> <span class='ocrx_word' id='word_1_376' title='bbox 1144 1118 1179 1153; x_wconf 92' lang='lat' dir='ltr'><strong>pii</strong></span> <span class='ocrx_word' id='word_1_377' title='bbox 1197 1121 1286 1150; x_wconf 81' lang='lat' dir='ltr'><strong>erant,</strong></span> <span class='ocrx_word' id='word_1_378' title='bbox 1306 1117 1352 1152; x_wconf 86' lang='lat' dir='ltr'><strong>qui</strong></span> <span class='ocrx_word' id='word_1_379' title='bbox 1369 1120 1460 1143; x_wconf 87' lang='lat' dir='ltr'><strong>tamen</strong></span> <span class='ocrx_word' id='word_1_380' title='bbox 1477 1116 1565 1143; x_wconf 85' lang='lat' dir='ltr'><strong>bonos</strong></span> <span class='ocrx_word' id='word_1_381' title='bbox 1591 1115 1699 1142; x_wconf 88' lang='lat' dir='ltr'><strong>Domini</strong></span> <span class='ocrx_word' id='word_1_382' title='bbox 1712 1113 1802 1142; x_wconf 80' lang='lat' dir='ltr'><strong>famu-</strong></span> 
     </span>
    </p>
   </div>
   <div class='ocr_carea' id='block_1_54' title="bbox 1002 1161 1800 1200">
    <p class='ocr_par' dir='ltr' id='par_1_54' title="bbox 1002 1161 1800 1200">
     <span class='ocr_line' id='line_1_54' title="bbox 1002 1161 1800 1200; baseline -0.005 -8"><span class='ocrx_word' id='word_1_383' title='bbox 1002 1166 1043 1193; x_wconf 84' lang='lat' dir='ltr'><strong>los</strong></span> <span class='ocrx_word' id='word_1_384' title='bbox 1067 1165 1134 1200; x_wconf 75' lang='lat' dir='ltr'><strong>jugo</strong></span> <span class='ocrx_word' id='word_1_385' title='bbox 1161 1164 1300 1191; x_wconf 77' lang='lat' dir='ltr'><strong>servitutis</strong></span> <span class='ocrx_word' id='word_1_386' title='bbox 1321 1163 1493 1198; x_wconf 81' lang='lat' dir='ltr'><strong>premebant.</strong></span> <span class='ocrx_word' id='word_1_387' title='bbox 1522 1161 1615 1197; x_wconf 83' lang='lat' dir='ltr'><strong>Neque</strong></span> <span class='ocrx_word' id='word_1_388' title='bbox 1642 1162 1715 1189; x_wconf 89' lang='lat' dir='ltr'><strong>enim</strong></span> <span class='ocrx_word' id='word_1_389' title='bbox 1736 1161 1800 1196; x_wconf 86' lang='lat' dir='ltr'><strong>quia</strong></span> 
     </span>
    </p>
   </div>
   <div class='ocr_carea' id='block_1_55' title="bbox 1003 1206 1800 1245">
    <p class='ocr_par' dir='ltr' id='par_1_55' title="bbox 1003 1206 1800 1245">
     <span class='ocr_line' id='line_1_55' title="bbox 1003 1206 1800 1245; baseline -0.006 -8"><span class='ocrx_word' id='word_1_390' title='bbox 1003 1210 1102 1245; x_wconf 82' lang='lat' dir='ltr'><strong>aliquis</strong></span> <span class='ocrx_word' id='word_1_391' title='bbox 1133 1208 1266 1236; x_wconf 77' lang='lat' dir='ltr'><strong>veraciter</strong></span> <span class='ocrx_word' id='word_1_392' title='bbox 1293 1208 1374 1240; x_wconf 84' lang='lat' dir='ltr'><strong>dicet,</strong></span> <span class='ocrx_word' id='word_1_393' title='bbox 1402 1207 1592 1242; x_wconf 79' lang='lat' dir='ltr'><strong>migrationem</strong></span> <span class='ocrx_word' id='word_1_394' title='bbox 1622 1206 1656 1233; x_wconf 91' lang='lat' dir='ltr'><strong>de</strong></span> <span class='ocrx_word' id='word_1_395' title='bbox 1685 1206 1746 1233; x_wconf 90' lang='lat' dir='ltr'><strong>loeo</strong></span> <span class='ocrx_word' id='word_1_396' title='bbox 1772 1206 1800 1232; x_wconf 91' lang='lat' dir='ltr'><strong>in</strong></span> 
     </span>
    </p>
   </div>
   <div class='ocr_carea' id='block_1_56' title="bbox 1003 1251 1801 1289">
    <p class='ocr_par' dir='ltr' id='par_1_56' title="bbox 1003 1251 1801 1289">
     <span class='ocr_line' id='line_1_56' title="bbox 1003 1251 1801 1289; baseline -0.006 -6"><span class='ocrx_word' id='word_1_397' title='bbox 1003 1257 1078 1289; x_wconf 87' lang='lat' dir='ltr'><strong>loco,</strong></span> <span class='ocrx_word' id='word_1_398' title='bbox 1109 1261 1213 1282; x_wconf 83' lang='lat' dir='ltr'><strong>motum</strong></span> <span class='ocrx_word' id='word_1_399' title='bbox 1231 1262 1302 1287; x_wconf 79' lang='lat' dir='ltr'><strong>esse,</strong></span> <span class='ocrx_word' id='word_1_400' title='bbox 1319 1253 1422 1281; x_wconf 86' lang='lat' dir='ltr'><strong>idcirco</strong></span> <span class='ocrx_word' id='word_1_401' title='bbox 1439 1253 1567 1281; x_wconf 83' lang='lat' dir='ltr'><strong>credetur</strong></span> <span class='ocrx_word' id='word_1_402' title='bbox 1580 1252 1604 1280; x_wconf 91' lang='lat' dir='ltr'><strong>ei</strong></span> <span class='ocrx_word' id='word_1_403' title='bbox 1620 1253 1721 1280; x_wconf 78' lang='lat' dir='ltr'><strong>dicenti</strong></span> <span class='ocrx_word' id='word_1_404' title='bbox 1739 1251 1801 1279; x_wconf 91' lang='lat' dir='ltr'><strong>uul-</strong></span> 
     </span>
    </p>
   </div>
   <div class='ocr_carea' id='block_1_57' title="bbox 1005 1298 1801 1335">
    <p class='ocr_par' dir='ltr' id='par_1_57' title="bbox 1005 1298 1801 1335">
     <span class='ocr_line' id='line_1_57' title="bbox 1005 1298 1801 1335; baseline -0.008 -6"><span class='ocrx_word' id='word_1_405' title='bbox 1005 1303 1061 1330; x_wconf 90' lang='lat' dir='ltr'><strong>lum</strong></span> <span class='ocrx_word' id='word_1_406' title='bbox 1086 1302 1159 1329; x_wconf 85' lang='lat' dir='ltr'><strong>aliud</strong></span> <span class='ocrx_word' id='word_1_407' title='bbox 1179 1306 1270 1328; x_wconf 87' lang='lat' dir='ltr'><strong>motus</strong></span> <span class='ocrx_word' id='word_1_408' title='bbox 1286 1308 1373 1335; x_wconf 81' lang='lat' dir='ltr'><strong>genus</strong></span> <span class='ocrx_word' id='word_1_409' title='bbox 1390 1307 1470 1327; x_wconf 85' lang='lat' dir='ltr'><strong>esse:</strong></span> <span class='ocrx_word' id='word_1_410' title='bbox 1487 1307 1550 1326; x_wconf 87' lang='lat' dir='ltr'><strong>nam</strong></span> <span class='ocrx_word' id='word_1_411' title='bbox 1575 1298 1650 1326; x_wconf 85' lang='lat' dir='ltr'><strong>dicto</strong></span> <span class='ocrx_word' id='word_1_412' title='bbox 1670 1305 1736 1330; x_wconf 84' lang='lat' dir='ltr'><strong>uno,</strong></span> <span class='ocrx_word' id='word_1_413' title='bbox 1756 1304 1801 1323; x_wconf 90' lang='lat' dir='ltr'><strong>re-</strong></span> 
     </span>
    </p>
   </div>
   <div class='ocr_carea' id='block_1_58' title="bbox 1006 1343 1801 1383">
    <p class='ocr_par' dir='ltr' id='par_1_58' title="bbox 1006 1343 1801 1383">
     <span class='ocr_line' id='line_1_58' title="bbox 1006 1343 1801 1383; baseline -0.006 -8"><span class='ocrx_word' id='word_1_414' title='bbox 1006 1349 1078 1383; x_wconf 90' lang='lat' dir='ltr'><strong>liqua</strong></span> <span class='ocrx_word' id='word_1_415' title='bbox 1088 1348 1178 1375; x_wconf 88' lang='lat' dir='ltr'><strong>omnia</strong></span> <span class='ocrx_word' id='word_1_416' title='bbox 1189 1355 1287 1383; x_wconf 75' lang='lat' dir='ltr'><strong>genera</strong></span> <span class='ocrx_word' id='word_1_417' title='bbox 1304 1346 1407 1374; x_wconf 84' lang='lat' dir='ltr'><strong>omisit.</strong></span> <span class='ocrx_word' id='word_1_418' title='bbox 1426 1345 1482 1373; x_wconf 78' lang='lat' dir='ltr'><strong>Nec</strong></span> <span class='ocrx_word' id='word_1_419' title='bbox 1494 1345 1559 1381; x_wconf 79' lang='lat' dir='ltr'><strong>quia</strong></span> <span class='ocrx_word' id='word_1_420' title='bbox 1571 1345 1638 1380; x_wconf 85' lang='lat' dir='ltr'><strong>justi</strong></span> <span class='ocrx_word' id='word_1_421' title='bbox 1652 1343 1801 1379; x_wconf 83' lang='lat' dir='ltr'><strong>aliquando</strong></span> 
     </span>
    </p>
   </div>
   <div class='ocr_carea' id='block_1_59' title="bbox 1006 1390 1800 1428">
    <p class='ocr_par' dir='ltr' id='par_1_59' title="bbox 1006 1390 1800 1428">
     <span class='ocr_line' id='line_1_59' title="bbox 1006 1390 1800 1428; baseline -0.004 -8"><span class='ocrx_word' id='word_1_422' title='bbox 1006 1394 1097 1428; x_wconf 87' lang='lat' dir='ltr'><strong>impiis</strong></span> <span class='ocrx_word' id='word_1_423' title='bbox 1126 1393 1204 1428; x_wconf 88' lang='lat' dir='ltr'><strong>potiti</strong></span> <span class='ocrx_word' id='word_1_424' title='bbox 1231 1397 1305 1425; x_wconf 83' lang='lat' dir='ltr'><strong>sunt,</strong></span> <span class='ocrx_word' id='word_1_425' title='bbox 1334 1392 1419 1419; x_wconf 87' lang='lat' dir='ltr'><strong>veluti</strong></span> <span class='ocrx_word' id='word_1_426' title='bbox 1449 1391 1533 1419; x_wconf 77' lang='lat' dir='ltr'><strong>lsrnel</strong></span> <span class='ocrx_word' id='word_1_427' title='bbox 1558 1396 1630 1418; x_wconf 87' lang='lat' dir='ltr'><strong>terra</strong></span> <span class='ocrx_word' id='word_1_428' title='bbox 1657 1390 1800 1423; x_wconf 85' lang='lat' dir='ltr'><strong>Chanaan,</strong></span> 
     </span>
    </p>
   </div>
   <div class='ocr_carea' id='block_1_60' title="bbox 1007 1437 1801 1474">
    <p class='ocr_par' dir='ltr' id='par_1_60' title="bbox 1007 1437 1801 1474">
     <span class='ocr_line' id='line_1_60' title="bbox 1007 1437 1801 1474; baseline -0.004 -8"><span class='ocrx_word' id='word_1_429' title='bbox 1007 1440 1109 1467; x_wconf 89' lang='lat' dir='ltr'><strong>idcirco</strong></span> <span class='ocrx_word' id='word_1_430' title='bbox 1131 1439 1158 1465; x_wconf 94' lang='lat' dir='ltr'><strong>hi</strong></span> <span class='ocrx_word' id='word_1_431' title='bbox 1189 1439 1306 1474; x_wconf 76' lang='lat' dir='ltr'><strong>Agareni</strong></span> <span class='ocrx_word' id='word_1_432' title='bbox 1326 1439 1422 1470; x_wconf 89' lang='lat' dir='ltr'><strong>eodem</strong></span> <span class='ocrx_word' id='word_1_433' title='bbox 1439 1438 1521 1464; x_wconf 91' lang='lat' dir='ltr'><strong>modo</strong></span> <span class='ocrx_word' id='word_1_434' title='bbox 1537 1437 1615 1464; x_wconf 86' lang='lat' dir='ltr'><strong>nobis</strong></span> <span class='ocrx_word' id='word_1_435' title='bbox 1630 1444 1659 1464; x_wconf 86' lang='lat' dir='ltr'><strong>se</strong></span> <span class='ocrx_word' id='word_1_436' title='bbox 1675 1443 1736 1463; x_wconf 90' lang='lat' dir='ltr'><strong>esse</strong></span> <span class='ocrx_word' id='word_1_437' title='bbox 1754 1444 1801 1470; x_wconf 87' lang='lat' dir='ltr'><strong>po-</strong></span> 
     </span>
    </p>
   </div>
   <div class='ocr_carea' id='block_1_61' title="bbox 1008 1481 1800 1520">
    <p class='ocr_par' dir='ltr' id='par_1_61' title="bbox 1008 1481 1800 1520">
     <span class='ocr_line' id='line_1_61' title="bbox 1008 1481 1800 1520; baseline -0.006 -7"><span class='ocrx_word' id='word_1_438' title='bbox 1008 1486 1072 1513; x_wconf 87' lang='lat' dir='ltr'><strong>titos</strong></span> <span class='ocrx_word' id='word_1_439' title='bbox 1097 1485 1310 1520; x_wconf 81' lang='lat' dir='ltr'><strong>persuadebunt.</strong></span> <span class='ocrx_word' id='word_1_440' title='bbox 1333 1484 1504 1511; x_wconf 82' lang='lat' dir='ltr'><strong>Exstiterunt</strong></span> <span class='ocrx_word' id='word_1_441' title='bbox 1521 1484 1592 1510; x_wconf 89' lang='lat' dir='ltr'><strong>enim</strong></span> <span class='ocrx_word' id='word_1_442' title='bbox 1611 1482 1686 1517; x_wconf 90' lang='lat' dir='ltr'><strong>impii</strong></span> <span class='ocrx_word' id='word_1_443' title='bbox 1705 1481 1800 1514; x_wconf 82' lang='lat' dir='ltr'><strong>etiam,</strong></span> 
     </span>
    </p>
   </div>
   <div class='ocr_carea' id='block_1_62' title="bbox 165 1528 953 1578">
    <p class='ocr_par' dir='ltr' id='par_1_62' title="bbox 165 1535 953 1572">
     <span class='ocr_line' id='line_1_62' title="bbox 165 1535 953 1572; baseline 0.004 -10"><span class='ocrx_word' id='word_1_444' title='bbox 165 1535 289 1571; x_wconf 82' lang='grc' dir='ltr'>πώτερον</span> <span class='ocrx_word' id='word_1_445' title='bbox 300 1537 591 1572; x_wconf 72' lang='grc' dir='ltr'>κατακεκρατηκότες·</span> <span class='ocrx_word' id='word_1_446' title='bbox 615 1537 661 1563; x_wconf 80' lang='grc' dir='ltr'>καὶ</span> <span class='ocrx_word' id='word_1_447' title='bbox 674 1538 780 1572; x_wconf 85' lang='grc' dir='ltr'>μάρτυς</span> <span class='ocrx_word' id='word_1_448' title='bbox 794 1539 808 1564; x_wconf 85' lang='grc' dir='ltr'><strong>ό</strong></span> <span class='ocrx_word' id='word_1_449' title='bbox 819 1538 936 1566; x_wconf 79' lang='grc' dir='ltr'>Ψάλλων</span> <span class='ocrx_word' id='word_1_450' title='bbox 945 1547 953 1555; x_wconf 80' lang='grc'><em>’</em></span> 
     </span>
    </p>
   </div>
   <div class='ocr_carea' id='block_1_63' title="bbox 1005 1528 1800 1578">
    <p class='ocr_par' dir='ltr' id='par_1_63' title="bbox 1008 1528 1800 1568">
     <span class='ocr_line' id='line_1_63' title="bbox 1008 1528 1800 1568; baseline -0.005 -9"><span class='ocrx_word' id='word_1_451' title='bbox 1008 1533 1054 1568; x_wconf 88' lang='lat' dir='ltr'><strong>qui</strong></span> <span class='ocrx_word' id='word_1_452' title='bbox 1081 1532 1134 1567; x_wconf 85' lang='lat' dir='ltr'><strong>piis</strong></span> <span class='ocrx_word' id='word_1_453' title='bbox 1159 1531 1280 1558; x_wconf 83' lang='lat' dir='ltr'><strong>atrocius</strong></span> <span class='ocrx_word' id='word_1_454' title='bbox 1309 1530 1387 1565; x_wconf 90' lang='lat' dir='ltr'><strong>potiti</strong></span> <span class='ocrx_word' id='word_1_455' title='bbox 1413 1530 1499 1557; x_wconf 87' lang='lat' dir='ltr'><strong>fuere.</strong></span> <span class='ocrx_word' id='word_1_456' title='bbox 1519 1529 1608 1557; x_wconf 83' lang='lat' dir='ltr'><strong>Testis</strong></span> <span class='ocrx_word' id='word_1_457' title='bbox 1636 1528 1800 1556; x_wconf 83' lang='lat' dir='ltr'><strong>Psalmista:</strong></span> 
     </span>
    </p>
   </div>
   <div class='ocr_carea' id='block_1_64' title="bbox 168 1580 954 1616">
    <p class='ocr_par' dir='ltr' id='par_1_64' title="bbox 168 1580 954 1616">
     <span class='ocr_line' id='line_1_64' title="bbox 168 1580 954 1616; baseline 0.004 -9"><span class='ocrx_word' id='word_1_458' title='bbox 168 1580 202 1607; x_wconf 91' lang='lat'><strong>&#39;0</strong></span> <span class='ocrx_word' id='word_1_459' title='bbox 218 1580 301 1613; x_wconf 78' lang='grc' dir='ltr'>Θεὸς,</span> <span class='ocrx_word' id='word_1_460' title='bbox 311 1580 451 1615; x_wconf 76' lang='grc' dir='ltr'>ῆλθοσαν</span> <span class='ocrx_word' id='word_1_461' title='bbox 462 1581 534 1614; x_wconf 70' lang='grc' dir='ltr'>ἔθνη</span> <span class='ocrx_word' id='word_1_462' title='bbox 547 1582 590 1614; x_wconf 85' lang='grc' dir='ltr'>εΙς</span> <span class='ocrx_word' id='word_1_463' title='bbox 602 1581 659 1615; x_wconf 80' lang='grc' dir='ltr'><strong>τὴν</strong></span> <span class='ocrx_word' id='word_1_464' title='bbox 667 1583 874 1616; x_wconf 79' lang='grc' dir='ltr'>κληρονομίαν</span> <span class='ocrx_word' id='word_1_465' title='bbox 885 1591 954 1616; x_wconf 80' lang='grc' dir='ltr'>σου,</span> 
     </span>
    </p>
   </div>
   <div class='ocr_carea' id='block_1_65' title="bbox 165 1627 956 1663">
    <p class='ocr_par' dir='ltr' id='par_1_65' title="bbox 165 1627 956 1663">
     <span class='ocr_line' id='line_1_65' title="bbox 165 1627 956 1663; baseline 0.003 -10"><span class='ocrx_word' id='word_1_466' title='bbox 165 1627 294 1662; x_wconf 79' lang='grc' dir='ltr'>ἐμίαναν</span> <span class='ocrx_word' id='word_1_467' title='bbox 321 1627 376 1654; x_wconf 82' lang='grc' dir='ltr'><strong>τὸν</strong></span> <span class='ocrx_word' id='word_1_468' title='bbox 401 1627 478 1654; x_wconf 82' lang='grc' dir='ltr'><strong>ναὸν</strong></span> <span class='ocrx_word' id='word_1_469' title='bbox 501 1627 555 1653; x_wconf 82' lang='grc' dir='ltr'><strong>τὸν</strong></span> <span class='ocrx_word' id='word_1_470' title='bbox 581 1627 667 1661; x_wconf 76' lang='grc' dir='ltr'>ἅγιόν</span> <span class='ocrx_word' id='word_1_471' title='bbox 682 1634 757 1654; x_wconf 79' lang='grc' dir='ltr'>σου’</span> <span class='ocrx_word' id='word_1_472' title='bbox 776 1629 825 1654; x_wconf 79' lang='grc' dir='ltr'>οὐκ</span> <span class='ocrx_word' id='word_1_473' title='bbox 847 1629 901 1663; x_wconf 80' lang='grc' dir='ltr'>ἄρα</span> <span class='ocrx_word' id='word_1_474' title='bbox 919 1628 956 1660; x_wconf 81' lang='grc' dir='ltr'>ὡς</span> 
     </span>
    </p>
   </div>
   <div class='ocr_carea' id='block_1_66' title="bbox 166 1673 956 1710">
    <p class='ocr_par' dir='ltr' id='par_1_66' title="bbox 166 1673 956 1710">
     <span class='ocr_line' id='line_1_66' title="bbox 166 1673 956 1710; baseline 0 -9"><span class='ocrx_word' id='word_1_475' title='bbox 166 1674 261 1704; x_wconf 76' lang='grc' dir='ltr'>κακῶς</span> <span class='ocrx_word' id='word_1_476' title='bbox 271 1673 323 1706; x_wconf 78' lang='grc' dir='ltr'>τὴν</span> <span class='ocrx_word' id='word_1_477' title='bbox 336 1673 402 1708; x_wconf 76' lang='grc' dir='ltr'>περὶ</span> <span class='ocrx_word' id='word_1_478' title='bbox 418 1674 448 1699; x_wconf 81' lang='grc' dir='ltr'><strong>τὸ</strong></span> <span class='ocrx_word' id='word_1_479' title='bbox 476 1674 554 1700; x_wconf 82' lang='grc' dir='ltr'>Θεῖον</span> <span class='ocrx_word' id='word_1_480' title='bbox 571 1673 649 1706; x_wconf 79' lang='grc' dir='ltr'>δόξαν</span> <span class='ocrx_word' id='word_1_481' title='bbox 676 1673 787 1709; x_wconf 80' lang='grc' dir='ltr'>ἔχοντας</span> <span class='ocrx_word' id='word_1_482' title='bbox 804 1675 866 1707; x_wconf 78' lang='grc' dir='ltr'>τοὺς</span> <span class='ocrx_word' id='word_1_483' title='bbox 887 1675 956 1710; x_wconf 87' lang='grc' dir='ltr'>Χρι-</span> 
     </span>
    </p>
   </div>
   <div class='ocr_carea' id='block_1_67' title="bbox 167 1717 957 1754">
    <p class='ocr_par' dir='ltr' id='par_1_67' title="bbox 167 1717 957 1754">
     <span class='ocr_line' id='line_1_67' title="bbox 167 1717 957 1754; baseline 0.003 -10"><span class='ocrx_word' id='word_1_484' title='bbox 167 1718 291 1748; x_wconf 83' lang='grc' dir='ltr'>στιανοὺς</span> <span class='ocrx_word' id='word_1_485' title='bbox 307 1718 357 1753; x_wconf 82' lang='grc' dir='ltr'>τὴν</span> <span class='ocrx_word' id='word_1_486' title='bbox 374 1718 478 1744; x_wconf 84' lang='grc' dir='ltr'>τούτων</span> <span class='ocrx_word' id='word_1_487' title='bbox 507 1717 599 1753; x_wconf 83' lang='grc' dir='ltr'>χώραν</span> <span class='ocrx_word' id='word_1_488' title='bbox 626 1718 690 1745; x_wconf 78' lang='grc' dir='ltr'>ποτὲ</span> <span class='ocrx_word' id='word_1_489' title='bbox 713 1719 737 1745; x_wconf 79' lang='grc' dir='ltr'>οι</span> <span class='ocrx_word' id='word_1_490' title='bbox 757 1720 788 1745; x_wconf 82' lang='grc' dir='ltr'>ὲκ</span> <span class='ocrx_word' id='word_1_491' title='bbox 801 1720 850 1754; x_wconf 85' lang='grc' dir='ltr'><strong>τῆς</strong></span> <span class='ocrx_word' id='word_1_492' title='bbox 867 1719 957 1754; x_wconf 77' lang='grc' dir='ltr'>’Δγαρ</span> 
     </span>
    </p>
   </div>
   <div class='ocr_carea' id='block_1_68' title="bbox 166 1763 956 1800">
    <p class='ocr_par' dir='ltr' id='par_1_68' title="bbox 166 1763 956 1800">
     <span class='ocr_line' id='line_1_68' title="bbox 166 1763 956 1800; baseline 0.004 -11"><span class='ocrx_word' id='word_1_493' title='bbox 166 1763 389 1796; x_wconf 74' lang='grc' dir='ltr'>καταληῖςονται,</span> <span class='ocrx_word' id='word_1_494' title='bbox 404 1763 452 1790; x_wconf 73' lang='grc' dir='ltr'>καὶ</span> <span class='ocrx_word' id='word_1_495' title='bbox 469 1764 510 1795; x_wconf 80' lang='grc' dir='ltr'>εις</span> <span class='ocrx_word' id='word_1_496' title='bbox 531 1764 670 1800; x_wconf 86' lang='grc' dir='ltr'>προνομὴν</span> <span class='ocrx_word' id='word_1_497' title='bbox 686 1765 792 1797; x_wconf 83' lang='grc' dir='ltr'>τούτοις</span> <span class='ocrx_word' id='word_1_498' title='bbox 808 1765 956 1798; x_wconf 79' lang='grc' dir='ltr'>ὲκδέδοται,</span> 
     </span>
    </p>
   </div>
   <div class='ocr_carea' id='block_1_69' title="bbox 167 1809 958 1846">
    <p class='ocr_par' dir='ltr' id='par_1_69' title="bbox 167 1809 958 1846">
     <span class='ocr_line' id='line_1_69' title="bbox 167 1809 958 1846; baseline 0.004 -11"><span class='ocrx_word' id='word_1_499' title='bbox 167 1809 236 1836; x_wconf 75' lang='grc' dir='ltr'>ἀλλὰ</span> <span class='ocrx_word' id='word_1_500' title='bbox 251 1809 351 1844; x_wconf 79' lang='grc' dir='ltr'>μᾶλλον</span> <span class='ocrx_word' id='word_1_501' title='bbox 364 1809 480 1845; x_wconf 72' lang='grc' dir='ltr'>τάληθὲς</span> <span class='ocrx_word' id='word_1_502' title='bbox 499 1811 598 1842; x_wconf 80' lang='grc' dir='ltr'>εἰπεῖν,</span> <span class='ocrx_word' id='word_1_503' title='bbox 623 1811 659 1842; x_wconf 84' lang='grc' dir='ltr'>ὡς</span> <span class='ocrx_word' id='word_1_504' title='bbox 671 1812 684 1837; x_wconf 87' lang='grc' dir='ltr'><strong>ό</strong></span> <span class='ocrx_word' id='word_1_505' title='bbox 704 1811 753 1846; x_wconf 79' lang='grc' dir='ltr'>τῆς</span> <span class='ocrx_word' id='word_1_506' title='bbox 769 1811 900 1846; x_wconf 78' lang='grc' dir='ltr'>ἀληθείας</span> <span class='ocrx_word' id='word_1_507' title='bbox 915 1812 958 1838; x_wconf 81' lang='grc' dir='ltr'>λό-</span> 
     </span>
    </p>
   </div>
   <div class='ocr_carea' id='block_1_70' title="bbox 166 1855 849 1893">
    <p class='ocr_par' dir='ltr' id='par_1_70' title="bbox 166 1855 849 1893">
     <span class='ocr_line' id='line_1_70' title="bbox 166 1855 849 1893; baseline 0.004 -12"><span class='ocrx_word' id='word_1_508' title='bbox 166 1863 215 1889; x_wconf 78' lang='grc' dir='ltr'><strong>γος</strong></span> <span class='ocrx_word' id='word_1_509' title='bbox 227 1855 409 1890; x_wconf 77' lang='grc' dir='ltr'>παρέστησεν,</span> <span class='ocrx_word' id='word_1_510' title='bbox 421 1855 455 1882; x_wconf 86' lang='grc' dir='ltr'><strong>δι’</strong></span> <span class='ocrx_word' id='word_1_511' title='bbox 470 1857 608 1891; x_wconf 83' lang='grc' dir='ltr'>ἁμαρτίας</span> <span class='ocrx_word' id='word_1_512' title='bbox 625 1857 849 1893; x_wconf 74' lang='grc' dir='ltr'>παιδευομένους.</span> 
     </span>
    </p>
   </div>
   <div class='ocr_carea' id='block_1_71' title="bbox 204 1900 958 1941">
    <p class='ocr_par' dir='ltr' id='par_1_71' title="bbox 204 1900 958 1941">
     <span class='ocr_line' id='line_1_71' title="bbox 204 1900 958 1941; baseline 0.003 -13"><span class='ocrx_word' id='word_1_513' title='bbox 204 1900 260 1937; x_wconf 84' lang='grc' dir='ltr'>ρς¹.</span> <span class='ocrx_word' id='word_1_514' title='bbox 275 1901 369 1929; x_wconf 80' lang='grc' dir='ltr'>Ταῦτα</span> <span class='ocrx_word' id='word_1_515' title='bbox 385 1902 435 1937; x_wconf 86' lang='grc' dir='ltr'>μὲν</span> <span class='ocrx_word' id='word_1_516' title='bbox 448 1902 495 1929; x_wconf 80' lang='grc' dir='ltr'>οὖν</span> <span class='ocrx_word' id='word_1_517' title='bbox 509 1903 589 1938; x_wconf 76' lang='grc' dir='ltr'>ἡμεῖς</span> <span class='ocrx_word' id='word_1_518' title='bbox 607 1904 631 1930; x_wconf 83' lang='lat' dir='ltr'><strong>oi</strong></span> <span class='ocrx_word' id='word_1_519' title='bbox 647 1903 770 1936; x_wconf 83' lang='grc' dir='ltr'>ἀσθενεῖς</span> <span class='ocrx_word' id='word_1_520' title='bbox 785 1904 824 1939; x_wconf 80' lang='grc' dir='ltr'>τῷ</span> <span class='ocrx_word' id='word_1_521' title='bbox 843 1904 958 1941; x_wconf 78' lang='grc' dir='ltr'>φιλαλή-</span> 
     </span>
    </p>
   </div>
   <div class='ocr_carea' id='block_1_72' title="bbox 168 1947 958 1984">
    <p class='ocr_par' dir='ltr' id='par_1_72' title="bbox 168 1947 958 1984">
     <span class='ocr_line' id='line_1_72' title="bbox 168 1947 958 1984; baseline 0.005 -11"><span class='ocrx_word' id='word_1_522' title='bbox 168 1948 210 1974; x_wconf 81' lang='grc' dir='ltr'><strong>θει</strong></span> <span class='ocrx_word' id='word_1_523' title='bbox 223 1948 270 1974; x_wconf 79' lang='grc' dir='ltr'>καὶ</span> <span class='ocrx_word' id='word_1_524' title='bbox 279 1947 457 1982; x_wconf 82' lang='grc' dir='ltr'>ϐιελεγκτικῷ</span> <span class='ocrx_word' id='word_1_525' title='bbox 472 1948 520 1974; x_wconf 82' lang='grc' dir='ltr'>τοῦ</span> <span class='ocrx_word' id='word_1_526' title='bbox 536 1948 649 1983; x_wconf 78' lang='grc' dir='ltr'>ψεύδους</span> <span class='ocrx_word' id='word_1_527' title='bbox 658 1949 730 1984; x_wconf 79' lang='grc' dir='ltr'>λόγῳ</span> <span class='ocrx_word' id='word_1_528' title='bbox 747 1950 886 1984; x_wconf 75' lang='grc' dir='ltr'>ἑπόμενοι,</span> <span class='ocrx_word' id='word_1_529' title='bbox 905 1951 958 1977; x_wconf 77' lang='lat' dir='ltr'><strong>oio-</strong></span> 
     </span>
    </p>
   </div>
   <div class='ocr_carea' id='block_1_73' title="bbox 169 1993 958 2032">
    <p class='ocr_par' dir='ltr' id='par_1_73' title="bbox 169 1993 958 2032">
     <span class='ocr_line' id='line_1_73' title="bbox 169 1993 958 2032; baseline 0.004 -13"><span class='ocrx_word' id='word_1_530' title='bbox 169 1993 211 2019; x_wconf 75' lang='grc' dir='ltr'>νεὶ</span> <span class='ocrx_word' id='word_1_531' title='bbox 233 1993 395 2028; x_wconf 81' lang='grc' dir='ltr'>ῥαπίσματὰ</span> <span class='ocrx_word' id='word_1_532' title='bbox 416 2002 487 2026; x_wconf 86' lang='grc' dir='ltr'>τινα,</span> <span class='ocrx_word' id='word_1_533' title='bbox 515 1995 585 2021; x_wconf 83' lang='grc' dir='ltr'>κατὰ</span> <span class='ocrx_word' id='word_1_534' title='bbox 600 1994 646 2020; x_wconf 79' lang='grc' dir='ltr'>τοῦ</span> <span class='ocrx_word' id='word_1_535' title='bbox 669 1995 861 2022; x_wconf 81' lang='grc' dir='ltr'>ἀναιδεστάτου</span> <span class='ocrx_word' id='word_1_536' title='bbox 873 2004 958 2032; x_wconf 83' lang='grc' dir='ltr'>προσ-</span> 
     </span>
    </p>
   </div>
   <div class='ocr_carea' id='block_1_74' title="bbox 168 2037 956 2075">
    <p class='ocr_par' dir='ltr' id='par_1_74' title="bbox 168 2037 956 2075">
     <span class='ocr_line' id='line_1_74' title="bbox 168 2037 956 2075; baseline 0.003 -10"><span class='ocrx_word' id='word_1_537' title='bbox 168 2038 245 2065; x_wconf 87' lang='grc' dir='ltr'>ώπου</span> <span class='ocrx_word' id='word_1_538' title='bbox 264 2037 311 2064; x_wconf 83' lang='grc' dir='ltr'>τοῦ</span> <span class='ocrx_word' id='word_1_539' title='bbox 331 2037 502 2072; x_wconf 72' lang='grc' dir='ltr'>ψευδηγόρου</span> <span class='ocrx_word' id='word_1_540' title='bbox 529 2038 608 2073; x_wconf 85' lang='grc' dir='ltr'>λόγου</span> <span class='ocrx_word' id='word_1_541' title='bbox 629 2039 754 2074; x_wconf 82' lang='grc' dir='ltr'>Μωάμετ</span> <span class='ocrx_word' id='word_1_542' title='bbox 776 2040 956 2075; x_wconf 84' lang='grc' dir='ltr'>καθήκαμεν·</span> 
     </span>
    </p>
   </div>
   <div class='ocr_carea' id='block_1_75' title="bbox 169 2081 958 2121">
    <p class='ocr_par' dir='ltr' id='par_1_75' title="bbox 169 2081 958 2121">
     <span class='ocr_line' id='line_1_75' title="bbox 169 2081 958 2121; baseline 0.001 -10"><span class='ocrx_word' id='word_1_543' title='bbox 169 2081 210 2115; x_wconf 70' lang='grc' dir='ltr'>οἷς</span> <span class='ocrx_word' id='word_1_544' title='bbox 226 2083 254 2110; x_wconf 67' lang='grc' dir='ltr'><strong>δὲ</strong></span> <span class='ocrx_word' id='word_1_545' title='bbox 267 2084 368 2110; x_wconf 83' lang='grc' dir='ltr'>πλείων</span> <span class='ocrx_word' id='word_1_546' title='bbox 385 2083 461 2118; x_wconf 79' lang='grc' dir='ltr'>ἰσχύς</span> <span class='ocrx_word' id='word_1_547' title='bbox 474 2092 503 2110; x_wconf 82' lang='grc' dir='ltr'><strong>τε</strong></span> <span class='ocrx_word' id='word_1_548' title='bbox 516 2085 563 2110; x_wconf 79' lang='grc' dir='ltr'>καὶ</span> <span class='ocrx_word' id='word_1_549' title='bbox 581 2085 722 2120; x_wconf 68' lang='grc' dir='ltr'>παρρησία</span> <span class='ocrx_word' id='word_1_550' title='bbox 735 2085 803 2121; x_wconf 75' lang='grc' dir='ltr'>πρὸς</span> <span class='ocrx_word' id='word_1_551' title='bbox 811 2086 861 2121; x_wconf 82' lang='grc' dir='ltr'>τὴν</span> <span class='ocrx_word' id='word_1_552' title='bbox 874 2086 958 2118; x_wconf 72' lang='grc' dir='ltr'>ὄντως</span> 
     </span>
    </p>
   </div>
   <div class='ocr_carea' id='block_1_76' title="bbox 169 2128 958 2168">
    <p class='ocr_par' dir='ltr' id='par_1_76' title="bbox 169 2128 958 2168">
     <span class='ocr_line' id='line_1_76' title="bbox 169 2128 958 2168; baseline 0.005 -14"><span class='ocrx_word' id='word_1_553' title='bbox 169 2128 298 2164; x_wconf 81' lang='grc' dir='ltr'>ἀλήθειαν</span> <span class='ocrx_word' id='word_1_554' title='bbox 324 2128 467 2163; x_wconf 76' lang='grc' dir='ltr'>πρόσεστι,</span> <span class='ocrx_word' id='word_1_555' title='bbox 493 2130 601 2161; x_wconf 58' lang='grc' dir='ltr'>τούτοις</span> <span class='ocrx_word' id='word_1_556' title='bbox 629 2131 738 2162; x_wconf 82' lang='grc' dir='ltr'>πάντως</span> <span class='ocrx_word' id='word_1_557' title='bbox 755 2132 769 2158; x_wconf 86' lang='grc' dir='ltr'><strong>ὀ</strong></span> <span class='ocrx_word' id='word_1_558' title='bbox 788 2132 958 2168; x_wconf 71' lang='grc' dir='ltr'>ἀπαραλόγι-</span> 
     </span>
    </p>
   </div>
   <div class='ocr_carea' id='block_1_77' title="bbox 170 2175 958 2212">
    <p class='ocr_par' dir='ltr' id='par_1_77' title="bbox 170 2175 958 2212">
     <span class='ocr_line' id='line_1_77' title="bbox 170 2175 958 2212; baseline 0.006 -12"><span class='ocrx_word' id='word_1_559' title='bbox 170 2183 233 2207; x_wconf 85' lang='grc' dir='ltr'>στος</span> <span class='ocrx_word' id='word_1_560' title='bbox 247 2175 394 2210; x_wconf 76' lang='grc' dir='ltr'>προστάξει</span> <span class='ocrx_word' id='word_1_561' title='bbox 410 2175 487 2209; x_wconf 81' lang='grc' dir='ltr'>λόγος</span> <span class='ocrx_word' id='word_1_562' title='bbox 503 2176 611 2210; x_wconf 76' lang='grc' dir='ltr'>μάστιξι</span> <span class='ocrx_word' id='word_1_563' title='bbox 631 2176 679 2202; x_wconf 76' lang='grc' dir='ltr'>καὶ</span> <span class='ocrx_word' id='word_1_564' title='bbox 690 2176 819 2211; x_wconf 82' lang='grc' dir='ltr'>βασάνοις</span> <span class='ocrx_word' id='word_1_565' title='bbox 839 2179 958 2212; x_wconf 84' lang='grc' dir='ltr'>προσφό-</span> 
     </span>
    </p>
   </div>
   <div class='ocr_carea' id='block_1_78' title="bbox 1009 1574 1802 1612">
    <p class='ocr_par' dir='ltr' id='par_1_78' title="bbox 1009 1574 1802 1612">
     <span class='ocr_line' id='line_1_78' title="bbox 1009 1574 1802 1612; baseline -0.006 -7"><span class='ocrx_word' id='word_1_566' title='bbox 1009 1579 1031 1606; x_wconf 93' lang='lat'><em>0</em></span> <span class='ocrx_word' id='word_1_567' title='bbox 1047 1578 1126 1611; x_wconf 74' lang='lat' dir='ltr'><strong>Deus,</strong></span> <span class='ocrx_word' id='word_1_568' title='bbox 1144 1583 1268 1604; x_wconf 69' lang='lat' dir='ltr'><strong>venerunt</strong></span> <span class='ocrx_word' id='word_1_569' title='bbox 1288 1581 1376 1612; x_wconf 79' lang='lat' dir='ltr'><strong>gentes</strong></span> <span class='ocrx_word' id='word_1_570' title='bbox 1397 1577 1423 1603; x_wconf 85' lang='lat' dir='ltr'><strong>in</strong></span> <span class='ocrx_word' id='word_1_571' title='bbox 1445 1576 1625 1603; x_wconf 79' lang='lat' dir='ltr'><strong>Itu&#39;reditulem</strong></span> <span class='ocrx_word' id='word_1_572' title='bbox 1640 1580 1725 1607; x_wconf 85' lang='lat' dir='ltr'><strong>tuum,</strong></span> <span class='ocrx_word' id='word_1_573' title='bbox 1743 1574 1802 1609; x_wconf 84' lang='lat' dir='ltr'><strong>pol-</strong></span> 
     </span>
    </p>
   </div>
   <div class='ocr_carea' id='block_1_79' title="bbox 1009 1620 1800 1658">
    <p class='ocr_par' dir='ltr' id='par_1_79' title="bbox 1009 1620 1800 1658">
     <span class='ocr_line' id='line_1_79' title="bbox 1009 1620 1800 1658; baseline -0.006 -7"><span class='ocrx_word' id='word_1_574' title='bbox 1009 1625 1113 1651; x_wconf 76' lang='lat' dir='ltr'><strong>luerunt</strong></span> <span class='ocrx_word' id='word_1_575' title='bbox 1134 1623 1259 1658; x_wconf 84' lang='lat' dir='ltr'><strong>templum</strong></span> <span class='ocrx_word' id='word_1_576' title='bbox 1279 1627 1401 1649; x_wconf 70' lang='lat' dir='ltr'><strong>sanctum</strong></span> <span class='ocrx_word' id='word_1_577' title='bbox 1418 1627 1492 1648; x_wconf 84' lang='lat' dir='ltr'><strong>tuum</strong></span> <span class='ocrx_word' id='word_1_578' title='bbox 1507 1622 1540 1648; x_wconf 79' lang='lat'><strong>“.</strong></span> <span class='ocrx_word' id='word_1_579' title='bbox 1555 1621 1614 1648; x_wconf 78' lang='lat' dir='ltr'><strong>Non</strong></span> <span class='ocrx_word' id='word_1_580' title='bbox 1629 1620 1736 1655; x_wconf 72' lang='lat' dir='ltr'><strong>itaque,</strong></span> <span class='ocrx_word' id='word_1_581' title='bbox 1750 1627 1800 1647; x_wconf 85' lang='lat' dir='ltr'><strong>ceu</strong></span> 
     </span>
    </p>
   </div>
   <div class='ocr_carea' id='block_1_80' title="bbox 1008 1665 1801 1704">
    <p class='ocr_par' dir='ltr' id='par_1_80' title="bbox 1008 1665 1801 1704">
     <span class='ocr_line' id='line_1_80' title="bbox 1008 1665 1801 1704; baseline -0.006 -8"><span class='ocrx_word' id='word_1_582' title='bbox 1008 1670 1030 1697; x_wconf 90' lang='lat' dir='ltr'><strong>si</strong></span> <span class='ocrx_word' id='word_1_583' title='bbox 1050 1676 1160 1704; x_wconf 84' lang='lat' dir='ltr'><strong>pravam</strong></span> <span class='ocrx_word' id='word_1_584' title='bbox 1178 1669 1211 1695; x_wconf 91' lang='lat' dir='ltr'><strong>de</strong></span> <span class='ocrx_word' id='word_1_585' title='bbox 1229 1668 1283 1695; x_wconf 86' lang='lat' dir='ltr'><strong>Deo</strong></span> <span class='ocrx_word' id='word_1_586' title='bbox 1307 1667 1470 1695; x_wconf 88' lang='lat' dir='ltr'><strong>sententiam</strong></span> <span class='ocrx_word' id='word_1_587' title='bbox 1494 1671 1617 1700; x_wconf 73' lang='lat' dir='ltr'><strong>gererent</strong></span> <span class='ocrx_word' id='word_1_588' title='bbox 1639 1665 1801 1698; x_wconf 83' lang='lat' dir='ltr'><strong>Christiani,</strong></span> 
     </span>
    </p>
   </div>
   <div class='ocr_carea' id='block_1_81' title="bbox 1008 1711 1802 1747">
    <p class='ocr_par' dir='ltr' id='par_1_81' title="bbox 1008 1711 1802 1747">
     <span class='ocr_line' id='line_1_81' title="bbox 1008 1711 1802 1747; baseline -0.006 -5"><span class='ocrx_word' id='word_1_589' title='bbox 1008 1715 1106 1742; x_wconf 86' lang='lat' dir='ltr'><strong>horum</strong></span> <span class='ocrx_word' id='word_1_590' title='bbox 1134 1714 1263 1741; x_wconf 89' lang='lat' dir='ltr'><strong>ditionem</strong></span> <span class='ocrx_word' id='word_1_591' title='bbox 1289 1712 1405 1747; x_wconf 81' lang='lat' dir='ltr'><strong>Agareui</strong></span> <span class='ocrx_word' id='word_1_592' title='bbox 1434 1712 1590 1743; x_wconf 85' lang='lat' dir='ltr'><strong>devastant,</strong></span> <span class='ocrx_word' id='word_1_593' title='bbox 1618 1718 1705 1745; x_wconf 86' lang='lat' dir='ltr'><strong>eaque</strong></span> <span class='ocrx_word' id='word_1_594' title='bbox 1729 1711 1802 1745; x_wconf 90' lang='lat' dir='ltr'><strong>ipso-</strong></span> 
     </span>
    </p>
   </div>
   <div class='ocr_carea' id='block_1_82' title="bbox 1009 1757 1802 1794">
    <p class='ocr_par' dir='ltr' id='par_1_82' title="bbox 1009 1757 1802 1794">
     <span class='ocr_line' id='line_1_82' title="bbox 1009 1757 1802 1794; baseline -0.006 -7"><span class='ocrx_word' id='word_1_595' title='bbox 1009 1768 1069 1788; x_wconf 85' lang='lat' dir='ltr'><strong>rum</strong></span> <span class='ocrx_word' id='word_1_596' title='bbox 1097 1759 1241 1794; x_wconf 89' lang='lat' dir='ltr'><strong>direptioni</strong></span> <span class='ocrx_word' id='word_1_597' title='bbox 1266 1758 1364 1785; x_wconf 88' lang='lat' dir='ltr'><strong>tradita</strong></span> <span class='ocrx_word' id='word_1_598' title='bbox 1388 1762 1446 1789; x_wconf 88' lang='lat' dir='ltr'><strong>est;</strong></span> <span class='ocrx_word' id='word_1_599' title='bbox 1471 1757 1517 1785; x_wconf 85' lang='lat' dir='ltr'><strong>sed</strong></span> <span class='ocrx_word' id='word_1_600' title='bbox 1545 1761 1574 1783; x_wconf 83' lang='lat' dir='ltr'><strong>ut</strong></span> <span class='ocrx_word' id='word_1_601' title='bbox 1607 1764 1687 1783; x_wconf 84' lang='lat' dir='ltr'><strong>verus</strong></span> <span class='ocrx_word' id='word_1_602' title='bbox 1712 1763 1802 1784; x_wconf 84' lang='lat' dir='ltr'><strong>sermo</strong></span> 
     </span>
    </p>
   </div>
   <div class='ocr_carea' id='block_1_83' title="bbox 1009 1802 1692 1840">
    <p class='ocr_par' dir='ltr' id='par_1_83' title="bbox 1009 1802 1692 1840">
     <span class='ocr_line' id='line_1_83' title="bbox 1009 1802 1692 1840; baseline -0.007 -6"><span class='ocrx_word' id='word_1_603' title='bbox 1009 1806 1134 1838; x_wconf 80' lang='lat' dir='ltr'><strong>affirmat,</strong></span> <span class='ocrx_word' id='word_1_604' title='bbox 1150 1809 1261 1840; x_wconf 82' lang='lat' dir='ltr'><strong>propter</strong></span> <span class='ocrx_word' id='word_1_605' title='bbox 1286 1810 1399 1839; x_wconf 83' lang='lat' dir='ltr'><strong>peccata</strong></span> <span class='ocrx_word' id='word_1_606' title='bbox 1420 1811 1469 1831; x_wconf 85' lang='lat' dir='ltr'><strong>sua</strong></span> <span class='ocrx_word' id='word_1_607' title='bbox 1495 1802 1692 1838; x_wconf 86' lang='lat' dir='ltr'><strong>corripiuntur.</strong></span> 
     </span>
    </p>
   </div>
   <div class='ocr_carea' id='block_1_84' title="bbox 1045 1891 1803 1927">
    <p class='ocr_par' dir='ltr' id='par_1_84' title="bbox 1045 1891 1803 1927">
     <span class='ocr_line' id='line_1_84' title="bbox 1045 1891 1803 1927; baseline 0 -7"><span class='ocrx_word' id='word_1_608' title='bbox 1045 1893 1106 1921; x_wconf 82' lang='grc'><strong>106.</strong></span> <span class='ocrx_word' id='word_1_609' title='bbox 1124 1892 1180 1920; x_wconf 87' lang='lat' dir='ltr'><strong>ilos</strong></span> <span class='ocrx_word' id='word_1_610' title='bbox 1193 1893 1286 1927; x_wconf 82' lang='lat' dir='ltr'><strong>igitur,</strong></span> <span class='ocrx_word' id='word_1_611' title='bbox 1303 1892 1403 1919; x_wconf 86' lang='lat' dir='ltr'><strong>infirmi</strong></span> <span class='ocrx_word' id='word_1_612' title='bbox 1425 1899 1474 1919; x_wconf 90' lang='lat' dir='ltr'><strong>nos</strong></span> <span class='ocrx_word' id='word_1_613' title='bbox 1495 1899 1622 1919; x_wconf 88' lang='lat' dir='ltr'><strong>sermone</strong></span> <span class='ocrx_word' id='word_1_614' title='bbox 1642 1891 1761 1926; x_wconf 79' lang='lat' dir='ltr'><strong>ingenuo</strong></span> <span class='ocrx_word' id='word_1_615' title='bbox 1775 1896 1803 1920; x_wconf 88' lang='lat' dir='ltr'><strong>et</strong></span> 
     </span>
    </p>
   </div>
   <div class='ocr_carea' id='block_1_85' title="bbox 1009 1938 1802 1973">
    <p class='ocr_par' dir='ltr' id='par_1_85' title="bbox 1009 1938 1802 1973">
     <span class='ocr_line' id='line_1_85' title="bbox 1009 1938 1802 1973; baseline -0.004 -6"><span class='ocrx_word' id='word_1_616' title='bbox 1009 1940 1155 1968; x_wconf 85' lang='lat' dir='ltr'><strong>falsitatem</strong></span> <span class='ocrx_word' id='word_1_617' title='bbox 1184 1943 1351 1973; x_wconf 77' lang='lat' dir='ltr'><strong>coarguente</strong></span> <span class='ocrx_word' id='word_1_618' title='bbox 1376 1943 1493 1969; x_wconf 79' lang='lat' dir='ltr'><strong>utentes.</strong></span> <span class='ocrx_word' id='word_1_619' title='bbox 1517 1938 1578 1969; x_wconf 84' lang='lat' dir='ltr'><strong>hos.</strong></span> <span class='ocrx_word' id='word_1_620' title='bbox 1606 1938 1729 1973; x_wconf 87' lang='lat' dir='ltr'><strong>inquam,</strong></span> <span class='ocrx_word' id='word_1_621' title='bbox 1752 1946 1802 1965; x_wconf 91' lang='lat' dir='ltr'><strong>ceu</strong></span> 
     </span>
    </p>
   </div>
   <div class='ocr_carea' id='block_1_86' title="bbox 1010 1985 1802 2022">
    <p class='ocr_par' dir='ltr' id='par_1_86' title="bbox 1010 1985 1802 2022">
     <span class='ocr_line' id='line_1_86' title="bbox 1010 1985 1802 2022; baseline -0.003 -8"><span class='ocrx_word' id='word_1_622' title='bbox 1010 1987 1141 2022; x_wconf 87' lang='lat' dir='ltr'><strong>colaphos</strong></span> <span class='ocrx_word' id='word_1_623' title='bbox 1167 1986 1312 2021; x_wconf 83' lang='lat' dir='ltr'><strong>quosdam.</strong></span> <span class='ocrx_word' id='word_1_624' title='bbox 1326 1985 1571 2020; x_wconf 66' lang='lat' dir='ltr'><strong>impudentissimae</strong></span> <span class='ocrx_word' id='word_1_625' title='bbox 1590 1985 1667 2012; x_wconf 87' lang='lat' dir='ltr'><strong>faciei</strong></span> <span class='ocrx_word' id='word_1_626' title='bbox 1686 1985 1802 2012; x_wconf 83' lang='lat' dir='ltr'><strong>falsidici</strong></span> 
     </span>
    </p>
   </div>
   <div class='ocr_carea' id='block_1_87' title="bbox 1010 2030 1806 2066">
    <p class='ocr_par' dir='ltr' id='par_1_87' title="bbox 1010 2030 1806 2066">
     <span class='ocr_line' id='line_1_87' title="bbox 1010 2030 1806 2066; baseline -0.003 -7"><span class='ocrx_word' id='word_1_627' title='bbox 1010 2031 1179 2059; x_wconf 84' lang='lat' dir='ltr'><strong>Mohatnedis</strong></span> <span class='ocrx_word' id='word_1_628' title='bbox 1205 2030 1364 2058; x_wconf 81' lang='lat' dir='ltr'><strong>inﬂiximus.</strong></span> <span class='ocrx_word' id='word_1_629' title='bbox 1389 2030 1442 2063; x_wconf 85' lang='lat' dir='ltr'><strong>Qui</strong></span> <span class='ocrx_word' id='word_1_630' title='bbox 1465 2035 1555 2058; x_wconf 84' lang='lat' dir='ltr'><strong>autem</strong></span> <span class='ocrx_word' id='word_1_631' title='bbox 1583 2030 1700 2065; x_wconf 84' lang='lat' dir='ltr'><strong>majores</strong></span> <span class='ocrx_word' id='word_1_632' title='bbox 1731 2031 1806 2066; x_wconf 61' lang='lat' dir='ltr'><strong>vires</strong></span> 
     </span>
    </p>
   </div>
   <div class='ocr_carea' id='block_1_88' title="bbox 1011 2077 1806 2112">
    <p class='ocr_par' dir='ltr' id='par_1_88' title="bbox 1011 2077 1806 2112">
     <span class='ocr_line' id='line_1_88' title="bbox 1011 2077 1806 2112; baseline -0.003 -7"><span class='ocrx_word' id='word_1_633' title='bbox 1011 2078 1192 2112; x_wconf 83' lang='lat' dir='ltr'><strong>fidueinmque</strong></span> <span class='ocrx_word' id='word_1_634' title='bbox 1204 2077 1357 2110; x_wconf 87' lang='lat' dir='ltr'><strong>habuerint,</strong></span> <span class='ocrx_word' id='word_1_635' title='bbox 1369 2077 1402 2104; x_wconf 91' lang='lat' dir='ltr'><strong>ad</strong></span> <span class='ocrx_word' id='word_1_636' title='bbox 1413 2077 1534 2105; x_wconf 82' lang='lat' dir='ltr'><strong>veritatis</strong></span> <span class='ocrx_word' id='word_1_637' title='bbox 1547 2077 1711 2110; x_wconf 77' lang='lat' dir='ltr'><strong>soliditatem</strong></span> <span class='ocrx_word' id='word_1_638' title='bbox 1725 2084 1806 2107; x_wconf 61' lang='lat' dir='ltr'><strong>mon:</strong></span> 
     </span>
    </p>
   </div>
   <div class='ocr_carea' id='block_1_89' title="bbox 1011 2122 1806 2159">
    <p class='ocr_par' dir='ltr' id='par_1_89' title="bbox 1011 2122 1806 2159">
     <span class='ocr_line' id='line_1_89' title="bbox 1011 2122 1806 2159; baseline -0.004 -7"><span class='ocrx_word' id='word_1_639' title='bbox 1011 2125 1162 2155; x_wconf 77' lang='lat' dir='ltr'><strong>stt-audam,</strong></span> <span class='ocrx_word' id='word_1_640' title='bbox 1182 2123 1225 2150; x_wconf 88' lang='lat' dir='ltr'><strong>his</strong></span> <span class='ocrx_word' id='word_1_641' title='bbox 1251 2123 1311 2150; x_wconf 87' lang='lat' dir='ltr'><strong>sine</strong></span> <span class='ocrx_word' id='word_1_642' title='bbox 1338 2123 1422 2151; x_wconf 86' lang='lat' dir='ltr'><strong>dubio</strong></span> <span class='ocrx_word' id='word_1_643' title='bbox 1449 2123 1551 2150; x_wconf 85' lang='lat' dir='ltr'><strong>invicta</strong></span> <span class='ocrx_word' id='word_1_644' title='bbox 1577 2122 1711 2156; x_wconf 64' lang='lat' dir='ltr'><strong>facundia:</strong></span> <span class='ocrx_word' id='word_1_645' title='bbox 1733 2123 1806 2159; x_wconf 68' lang='lat' dir='ltr'><strong>ratiq</strong></span> 
     </span>
    </p>
   </div>
   <div class='ocr_carea' id='block_1_90' title="bbox 1013 2167 1802 2203">
    <p class='ocr_par' dir='ltr' id='par_1_90' title="bbox 1013 2167 1802 2203">
     <span class='ocr_line' id='line_1_90' title="bbox 1013 2167 1802 2203; baseline -0.001 -8"><span class='ocrx_word' id='word_1_646' title='bbox 1013 2168 1138 2196; x_wconf 79' lang='lat' dir='ltr'><strong>suadebit</strong></span> <span class='ocrx_word' id='word_1_647' title='bbox 1155 2168 1315 2199; x_wconf 75' lang='lat' dir='ltr'><strong>verberibus</strong></span> <span class='ocrx_word' id='word_1_648' title='bbox 1337 2168 1497 2203; x_wconf 85' lang='lat' dir='ltr'><strong>idoneisque</strong></span> <span class='ocrx_word' id='word_1_649' title='bbox 1512 2168 1690 2199; x_wconf 81' lang='lat' dir='ltr'><strong>cruciatibus,</strong></span> <span class='ocrx_word' id='word_1_650' title='bbox 1707 2167 1802 2202; x_wconf 61' lang='lat' dir='ltr'><strong>Multa,-</strong></span> 
     </span>
    </p>
   </div>
   <div class='ocr_carea' id='block_1_91' title="bbox 171 2214 953 2257">
    <p class='ocr_par' dir='ltr' id='par_1_91' title="bbox 171 2221 953 2257">
     <span class='ocr_line' id='line_1_91' title="bbox 171 2221 953 2257; baseline 0.005 -11"><span class='ocrx_word' id='word_1_651' title='bbox 171 2228 238 2257; x_wconf 73' lang='grc' dir='ltr'>(ιοις,</span> <span class='ocrx_word' id='word_1_652' title='bbox 247 2221 302 2246; x_wconf 75' lang='grc' dir='ltr'>τῶν</span> <span class='ocrx_word' id='word_1_653' title='bbox 317 2221 392 2256; x_wconf 83' lang='grc' dir='ltr'><strong>αὑτῷ</strong></span> <span class='ocrx_word' id='word_1_654' title='bbox 407 2221 638 2256; x_wconf 75' lang='grc' dir='ltr'>δυσφημηθέντων</span> <span class='ocrx_word' id='word_1_655' title='bbox 646 2222 845 2249; x_wconf 80' lang='grc' dir='ltr'>καθυποϐαλεϊν</span> <span class='ocrx_word' id='word_1_656' title='bbox 859 2223 953 2256; x_wconf 76' lang='grc' dir='ltr'>ἀξίως·</span> 
     </span>
    </p>
   </div>
   <div class='ocr_carea' id='block_1_92' title="bbox 1005 2214 1803 2257">
    <p class='ocr_par' dir='ltr' id='par_1_92' title="bbox 1013 2214 1803 2249">
     <span class='ocr_line' id='line_1_92' title="bbox 1013 2214 1803 2249; baseline 0.001 -8"><span class='ocrx_word' id='word_1_657' title='bbox 1013 2214 1099 2242; x_wconf 90' lang='lat' dir='ltr'><strong>medis</strong></span> <span class='ocrx_word' id='word_1_658' title='bbox 1122 2214 1302 2249; x_wconf 75' lang='lat' dir='ltr'><strong>blasphemias</strong></span> <span class='ocrx_word' id='word_1_659' title='bbox 1328 2214 1408 2249; x_wconf 66' lang='lat' dir='ltr'><strong>digne</strong></span> <span class='ocrx_word' id='word_1_660' title='bbox 1432 2214 1585 2248; x_wconf 83' lang='lat' dir='ltr'><strong>subjicere;</strong></span> <span class='ocrx_word' id='word_1_661' title='bbox 1600 2218 1738 2248; x_wconf 85' lang='lat' dir='ltr'><strong>postremo</strong></span> <span class='ocrx_word' id='word_1_662' title='bbox 1757 2214 1803 2242; x_wconf 76' lang='lat' dir='ltr'><strong>de-</strong></span> 
     </span>
    </p>
   </div>
   <div class='ocr_carea' id='block_1_93' title="bbox 169 2267 959 2305">
    <p class='ocr_par' dir='ltr' id='par_1_93' title="bbox 169 2267 959 2305">
     <span class='ocr_line' id='line_1_93' title="bbox 169 2267 959 2305; baseline 0.004 -12"><span class='ocrx_word' id='word_1_663' title='bbox 169 2267 219 2294; x_wconf 77' lang='grc' dir='ltr'>καὶ</span> <span class='ocrx_word' id='word_1_664' title='bbox 249 2267 282 2293; x_wconf 81' lang='grc' dir='ltr'>τὸ</span> <span class='ocrx_word' id='word_1_665' title='bbox 312 2267 466 2293; x_wconf 77' lang='grc' dir='ltr'>τελευταῖον</span> <span class='ocrx_word' id='word_1_666' title='bbox 499 2268 596 2298; x_wconf 77' lang='grc' dir='ltr'>πέδαις</span> <span class='ocrx_word' id='word_1_667' title='bbox 626 2267 735 2300; x_wconf 79' lang='grc' dir='ltr'>ἀλύτοις</span> <span class='ocrx_word' id='word_1_668' title='bbox 760 2269 805 2295; x_wconf 77' lang='grc' dir='ltr'>καὶ</span> <span class='ocrx_word' id='word_1_669' title='bbox 827 2270 959 2305; x_wconf 70' lang='grc' dir='ltr'>φρουραῖς</span> 
     </span>
    </p>
   </div>
   <div class='ocr_carea' id='block_1_94' title="bbox 170 2313 961 2351">
    <p class='ocr_par' dir='ltr' id='par_1_94' title="bbox 170 2313 961 2351">
     <span class='ocr_line' id='line_1_94' title="bbox 170 2313 961 2351; baseline 0.003 -11"><span class='ocrx_word' id='word_1_670' title='bbox 170 2313 331 2349; x_wconf 80' lang='grc' dir='ltr'>ἁπροσίτοις</span> <span class='ocrx_word' id='word_1_671' title='bbox 340 2313 581 2347; x_wconf 84' lang='grc' dir='ltr'>συγκατακλεϊσαι,</span> <span class='ocrx_word' id='word_1_672' title='bbox 590 2315 637 2341; x_wconf 83' lang='grc' dir='ltr'><strong>καὶ</strong></span> <span class='ocrx_word' id='word_1_673' title='bbox 645 2315 775 2350; x_wconf 78' lang='grc' dir='ltr'>ἀφθόγγῳ</span> <span class='ocrx_word' id='word_1_674' title='bbox 783 2317 845 2351; x_wconf 81' lang='grc' dir='ltr'>σιγῇ</span> <span class='ocrx_word' id='word_1_675' title='bbox 854 2316 961 2342; x_wconf 62' lang='lat' dir='ltr'><strong>xamen-</strong></span> 
     </span>
    </p>
   </div>
   <div class='ocr_carea' id='block_1_95' title="bbox 171 2359 959 2396">
    <p class='ocr_par' dir='ltr' id='par_1_95' title="bbox 171 2359 959 2396">
     <span class='ocr_line' id='line_1_95' title="bbox 171 2359 959 2396; baseline 0.001 -9"><span class='ocrx_word' id='word_1_676' title='bbox 171 2361 255 2387; x_wconf 73' lang='grc' dir='ltr'>κασαι</span> <span class='ocrx_word' id='word_1_677' title='bbox 268 2367 275 2375; x_wconf 75' lang='grc'><strong><em>⁸</em></strong></span> <span class='ocrx_word' id='word_1_678' title='bbox 287 2359 324 2391; x_wconf 81' lang='grc' dir='ltr'>ὡς</span> <span class='ocrx_word' id='word_1_679' title='bbox 339 2359 372 2386; x_wconf 82' lang='grc' dir='ltr'>ἂν</span> <span class='ocrx_word' id='word_1_680' title='bbox 383 2360 514 2395; x_wconf 81' lang='grc' dir='ltr'>πληρωθῇ</span> <span class='ocrx_word' id='word_1_681' title='bbox 529 2360 560 2386; x_wconf 75' lang='grc' dir='ltr'>τὸ</span> <span class='ocrx_word' id='word_1_682' title='bbox 573 2360 728 2395; x_wconf 75' lang='grc' dir='ltr'>εἰρημένον,</span> <span class='ocrx_word' id='word_1_683' title='bbox 743 2361 785 2388; x_wconf 84' lang='grc' dir='ltr'><strong>ὄτι</strong></span> <span class='ocrx_word' id='word_1_684' title='bbox 794 2361 959 2396; x_wconf 62' lang='grc' dir='ltr'><strong>Ἐνεφρὰγη</strong></span> 
     </span>
    </p>
   </div>
   <div class='ocr_carea' id='block_1_96' title="bbox 170 2406 572 2441">
    <p class='ocr_par' dir='ltr' id='par_1_96' title="bbox 170 2406 572 2441">
     <span class='ocr_line' id='line_1_96' title="bbox 170 2406 572 2441; baseline -0.002 -8"><span class='ocrx_word' id='word_1_685' title='bbox 170 2406 269 2441; x_wconf 83' lang='grc' dir='ltr'>στόμα</span> <span class='ocrx_word' id='word_1_686' title='bbox 281 2406 459 2433; x_wconf 66' lang='grc' dir='ltr'>λαλούντων</span> <span class='ocrx_word' id='word_1_687' title='bbox 475 2406 572 2433; x_wconf 76' lang='grc' dir='ltr'>ἄδικα.</span> 
     </span>
    </p>
   </div>
   <div class='ocr_carea' id='block_1_97' title="bbox 172 2451 959 2493">
    <p class='ocr_par' dir='ltr' id='par_1_97' title="bbox 172 2451 959 2493">
     <span class='ocr_line' id='line_1_97' title="bbox 172 2451 959 2493; baseline 0.001 -13"><span class='ocrx_word' id='word_1_688' title='bbox 172 2452 264 2486; x_wconf 49' lang='grc' dir='ltr'>Ἤλιος</span> <span class='ocrx_word' id='word_1_689' title='bbox 282 2451 336 2479; x_wconf 83' lang='grc' dir='ltr'>τοῦ</span> <span class='ocrx_word' id='word_1_690' title='bbox 355 2451 430 2479; x_wconf 78' lang='grc' dir='ltr'>κατὰ</span> <span class='ocrx_word' id='word_1_691' title='bbox 462 2452 515 2480; x_wconf 76' lang='grc' dir='ltr'>τοῦ</span> <span class='ocrx_word' id='word_1_692' title='bbox 534 2452 706 2492; x_wconf 60' lang='grc' dir='ltr'>δυσσεϐοῦς</span> <span class='ocrx_word' id='word_1_693' title='bbox 729 2453 854 2489; x_wconf 56' lang='lat' dir='ltr'><strong>Martius:</strong></span> <span class='ocrx_word' id='word_1_694' title='bbox 874 2453 959 2493; x_wconf 67' lang='grc' dir='ltr'><strong>ἐλεγ-</strong></span> 
     </span>
    </p>
   </div>
   <div class='ocr_carea' id='block_1_98' title="bbox 507 2496 620 2516">
    <p class='ocr_par' dir='ltr' id='par_1_98' title="bbox 507 2496 620 2516">
     <span class='ocr_line' id='line_1_98' title="bbox 507 2496 620 2516; baseline 0 -1"><span class='ocrx_word' id='word_1_695' title='bbox 507 2496 620 2516; x_wconf 80' lang='grc' dir='ltr'>κτικου.</span> 
     </span>
    </p>
   </div>
   <div class='ocr_carea' id='block_1_99' title="bbox 208 2588 799 2623">
    <p class='ocr_par' dir='ltr' id='par_1_99' title="bbox 208 2588 799 2623">
     <span class='ocr_line' id='line_1_99' title="bbox 208 2588 799 2623; baseline 0 -7"><span class='ocrx_word' id='word_1_696' title='bbox 208 2589 233 2605; x_wconf 72' lang='grc'><strong>⁸⁸</strong></span> <span class='ocrx_word' id='word_1_697' title='bbox 246 2588 317 2617; x_wconf 78' lang='lat' dir='ltr'><strong>Psal.</strong></span> <span class='ocrx_word' id='word_1_698' title='bbox 335 2597 449 2623; x_wconf 71' lang='lat' dir='ltr'><strong>unm,</strong></span> <span class='ocrx_word' id='word_1_699' title='bbox 467 2590 494 2618; x_wconf 78' lang='grc'><strong>1.</strong></span> <span class='ocrx_word' id='word_1_700' title='bbox 550 2589 574 2605; x_wconf 83' lang='lat'><strong>&quot;</strong></span> <span class='ocrx_word' id='word_1_701' title='bbox 585 2588 659 2618; x_wconf 84' lang='lat' dir='ltr'><strong>Psal.</strong></span> <span class='ocrx_word' id='word_1_702' title='bbox 670 2596 738 2623; x_wconf 74' lang='lat' dir='ltr'><strong>uti,</strong></span> <span class='ocrx_word' id='word_1_703' title='bbox 753 2588 799 2616; x_wconf 79' lang='grc'><strong>12.</strong></span> 
     </span>
    </p>
   </div>
   <div class='ocr_carea' id='block_1_100' title="bbox 1014 2259 1807 2295">
    <p class='ocr_par' dir='ltr' id='par_1_100' title="bbox 1014 2259 1807 2295">
     <span class='ocr_line' id='line_1_100' title="bbox 1014 2259 1807 2295; baseline -0.001 -8"><span class='ocrx_word' id='word_1_704' title='bbox 1014 2260 1097 2295; x_wconf 84' lang='lat' dir='ltr'><strong>nique</strong></span> <span class='ocrx_word' id='word_1_705' title='bbox 1120 2260 1235 2287; x_wconf 86' lang='lat' dir='ltr'><strong>vinculis</strong></span> <span class='ocrx_word' id='word_1_706' title='bbox 1260 2260 1452 2291; x_wconf 86' lang='lat' dir='ltr'><strong>insolubilibus</strong></span> <span class='ocrx_word' id='word_1_707' title='bbox 1475 2263 1502 2286; x_wconf 87' lang='lat' dir='ltr'><strong>et</strong></span> <span class='ocrx_word' id='word_1_708' title='bbox 1530 2259 1672 2287; x_wconf 83' lang='lat' dir='ltr'><strong>inaccesso</strong></span> <span class='ocrx_word' id='word_1_709' title='bbox 1693 2266 1807 2293; x_wconf 73' lang='lat' dir='ltr'><strong>carcere</strong></span> 
     </span>
    </p>
   </div>
   <div class='ocr_carea' id='block_1_101' title="bbox 1014 2304 1806 2340">
    <p class='ocr_par' dir='ltr' id='par_1_101' title="bbox 1014 2304 1806 2340">
     <span class='ocr_line' id='line_1_101' title="bbox 1014 2304 1806 2340; baseline -0.003 -8"><span class='ocrx_word' id='word_1_710' title='bbox 1014 2306 1152 2338; x_wconf 74' lang='lat' dir='ltr'><strong>cohibere,</strong></span> <span class='ocrx_word' id='word_1_711' title='bbox 1169 2310 1298 2340; x_wconf 88' lang='lat' dir='ltr'><strong>mutoque</strong></span> <span class='ocrx_word' id='word_1_712' title='bbox 1312 2305 1420 2333; x_wconf 86' lang='lat' dir='ltr'><strong>silentio</strong></span> <span class='ocrx_word' id='word_1_713' title='bbox 1443 2305 1578 2333; x_wconf 85' lang='lat' dir='ltr'><strong>addicere.</strong></span> <span class='ocrx_word' id='word_1_714' title='bbox 1595 2304 1673 2336; x_wconf 76' lang='lat' dir='ltr'><strong>Tune</strong></span> <span class='ocrx_word' id='word_1_715' title='bbox 1686 2305 1757 2331; x_wconf 91' lang='lat' dir='ltr'><strong>enim</strong></span> <span class='ocrx_word' id='word_1_716' title='bbox 1774 2304 1806 2330; x_wconf 81' lang='lat' dir='ltr'><strong>il-</strong></span> 
     </span>
    </p>
   </div>
   <div class='ocr_carea' id='block_1_102' title="bbox 1014 2351 1806 2387">
    <p class='ocr_par' dir='ltr' id='par_1_102' title="bbox 1014 2351 1806 2387">
     <span class='ocr_line' id='line_1_102' title="bbox 1014 2351 1806 2387; baseline -0.004 -8"><span class='ocrx_word' id='word_1_717' title='bbox 1014 2351 1060 2379; x_wconf 86' lang='lat' dir='ltr'><strong>lud</strong></span> <span class='ocrx_word' id='word_1_718' title='bbox 1076 2352 1179 2379; x_wconf 78' lang='lat' dir='ltr'><strong>dit-tum</strong></span> <span class='ocrx_word' id='word_1_719' title='bbox 1194 2352 1375 2386; x_wconf 78' lang='lat' dir='ltr'><strong>complebitur</strong></span> <span class='ocrx_word' id='word_1_720' title='bbox 1391 2361 1399 2380; x_wconf 92' lang='lat'><strong>:</strong></span> <span class='ocrx_word' id='word_1_721' title='bbox 1416 2351 1575 2379; x_wconf 78' lang='lat' dir='ltr'><strong>Obstruetur</strong></span> <span class='ocrx_word' id='word_1_722' title='bbox 1599 2359 1626 2378; x_wconf 73' lang='lat' dir='ltr'><strong>os</strong></span> <span class='ocrx_word' id='word_1_723' title='bbox 1643 2351 1806 2387; x_wconf 58' lang='lat' dir='ltr'><strong>loquentium</strong></span> 
     </span>
    </p>
   </div>
   <div class='ocr_carea' id='block_1_103' title="bbox 1014 2399 1155 2435">
    <p class='ocr_par' dir='ltr' id='par_1_103' title="bbox 1014 2399 1155 2435">
     <span class='ocr_line' id='line_1_103' title="bbox 1014 2399 1155 2435; baseline 0.007 -9"><span class='ocrx_word' id='word_1_724' title='bbox 1014 2400 1106 2435; x_wconf 76' lang='lat' dir='ltr'><strong>iniqua</strong></span> <span class='ocrx_word' id='word_1_725' title='bbox 1122 2399 1155 2427; x_wconf 80' lang='lat'><strong>&quot;.</strong></span> 
     </span>
    </p>
   </div>
   <div class='ocr_carea' id='block_1_104' title="bbox 1213 2445 1602 2484">
    <p class='ocr_par' dir='ltr' id='par_1_104' title="bbox 1213 2445 1602 2484">
     <span class='ocr_line' id='line_1_104' title="bbox 1213 2445 1602 2484; baseline -0.005 -11"><span class='ocrx_word' id='word_1_726' title='bbox 1213 2446 1328 2481; x_wconf 66' lang='grc' dir='ltr'>Εαρίὶείι</span> <span class='ocrx_word' id='word_1_727' title='bbox 1348 2446 1422 2484; x_wconf 75' lang='lat' dir='ltr'><strong>impii</strong></span> <span class='ocrx_word' id='word_1_728' title='bbox 1438 2445 1602 2476; x_wconf 70' lang='lat' dir='ltr'><strong>Molaamedis</strong></span> 
     </span>
    </p>
   </div>
   <div class='ocr_carea' id='block_1_105' title="bbox 1336 2492 1492 2527">
    <p class='ocr_par' dir='ltr' id='par_1_105' title="bbox 1336 2492 1492 2527">
     <span class='ocr_line' id='line_1_105' title="bbox 1336 2492 1492 2527; baseline 0 -8"><span class='ocrx_word' id='word_1_729' title='bbox 1336 2492 1492 2527; x_wconf 70' lang='lat' dir='ltr'><strong>confutatfo.</strong></span> 
     </span>
    </p>
   </div>
  </div>
