2083 3155
296 134 350 165 807

901 134 1049 165 ΝῙΕΕΤιΕ
1070 135 1272 167 BYZANTINI

1866 142 1920 175 8θὸ

828 201 893 229 ΤΟΥ
904 203 1018 230 ΑΥΤΟΥ
1034 203 1173 231 ΝῙΚΗΤΔ
1191 204 1393 231 ΒΥΖΑΝΤΙΟΥ
1434 236 1437 237 ν

367 257 506 289 Ἕκθεσις
519 257 783 292 κατασχευαστικὴ
795 259 870 293 μετὰ
886 258 1068 296 ἀποδείξεως
1082 258 1141 296 τοᾷ
1150 260 1362 296 Χριστιανικοῦ
1378 260 1528 296 δόγματος
1543 261 1577 288 ἐκ
1588 260 1698 289 κοινῶν
1716 260 1852 296 ἑνιόιῶν,

907 294 956 321 καὶ
968 293 1160 328 διαλεκτικῆς
1172 295 1327 329 μεθόδουη

482 327 532 353 καί
549 327 693 366 φυσικῷν-
706 328 952 366 ἐπιχειῃμάζων,
969 327 1279 366 καὶγᾳυλλογιοντικῆς
1299 327 1502 366 πολυτεκνίας
1520 332 1709 366 προαγομένη
1725 339 1733 346 ·

612 363 661 389 καὶ
677 363 853 401 ἁντιζρῤησις
869 363 924 401 τῆς
948 364 1116 401 σταλείσης
1130 364 1298 401 ,ἐπιστολῆς
1317 366 1351 392 ἐκ
1360 363 1608 401 τῶνί”Αγ·ὶιρήνῶιλ

794 398 1009 438 πρὸςμῡζιχαὴξ
1021 398 1156 438 ,ϐαρνιλιέᾳ
1174 399 1242 426 υιὸν
1254 401 1402 438 Θεοφίλου

732 432 782 459 ἐπὶ
812 432 943 468 διαϐολῇ
966 433 1021 468 τῆς
1039 433 1099 460 τῶν
1120 432 1318 468 Χριστιανῶί
1335 436 1476 469 πίστεως.

770 545 973 578 EIUSDEM
994 546 1169 579 ΝΙΟΕΤΛΕ
1192 546 1436 578 ΒῩΖΑΝΤΙΝΙ

455 605 622 645 Empositio
649 606 897 638 demonstrativa
912 608 1088 639 Christiani
1101 609 1268 648 dogmatis,
1289 617 1329 638 ea:
1344 606 1558 638 communibus
1572 606 1765 645 nationibus,

905 652 933 678 et
952 648 1118 678 dialectica
1132 648 1290 684 methodo,

593 694 629 715 ac
644 685 843 716 naturalibus
858 688 1063 726 argumentis;
1084 693 1112 718 et
1122 687 1314 726 syllogistico
1333 686 1469 725 artiﬁcio
1494 686 1638 717 deducta.

791 727 871 766 Item
885 727 1037 766 refutatio
1051 726 1269 766 Agarenorum
1279 726 1419 766 epistola:

295 763 337 794 ad
351 763 535 795 Michaelem
558 765 788 804 imperatorem,
816 763 979 805 Theophili
988 763 1101 805 ﬁliuni,
1132 767 1233 796 missa:
1255 763 1526 796 ob‘accusandam
1553 765 1807 796 Christianorum
1819 766 1924 805 ﬁdem.

333 871 358 897 ‘l.
378 869 498 897 Diﬂieilis
512 869 679 898 inventionis
692 870 829 905 negotium
844 871 955 903 veritas,
971 874 998 899 et
1010 871 1084 906 quod

1170 873 1206 898 α’.
1224 868 1398 905 Δυσθήρατὸν
1422 877 1449 895 τι
1466 868 1562 904 χρῆμα
1586 868 1712 902 ἀλήθεια,
1738 869 1785 895 καὶ
1811 868 1872 900 τούς
1893 877 1925 904 γε

295 917 414 951 lyncaeos
424 922 533 950 quoque
545 915 638 943 oculos
649 915 734 943 latere
742 920 849 950 potest;
871 916 923 944 nisi
939 916 1009 944 forte
1022 924 1085 944 cor-

295 961 429 996 poralium
445 961 621 988 tenebrarum
641 961 804 989 densitatem
819 961 911 989 anima
931 963 1082 997 dissipans.

295 1010 323 1034 et
334 1005 483 1032 connivere
507 1008 555 1032 aut
579 1004 725 1040 quiescere
753 1005 881 1033 sensibus
907 1006 1083 1040 persuadens,

295 1051 438 1086 vestigium
452 1050 562 1085 aliquod
580 1050 669 1085 ipsius
685 1051 806 1079 veritatis
820 1052 947 1087 persequi
959 1052 1083 1080 valuerit.

295 1098 375 1125 Certe
392 1097 516 1132 quandiu
543 1105 635 1125 rerum
655 1097 839 1125 materialium
856 1097 933 1126 fumo
960 1099 1082 1126 intellec-

258 1140 264 1145 ’
297 1143 377 1170 tualis
404 1143 502 1170 oculus
524 1143 613 1170 adhuc
634 1147 796 1178 occupatur,
822 1143 846 1171 is
874 1144 982 1172 illarum
1006 1145 1085 1180 quasi

295 1188 474 1216 acrimoniam
491 1188 611 1223 aliquam
624 1189 770 1223 experiens
785 1189 953 1224 passionem,
975 1197 1009 1217 ne
1022 1195 1085 1218 ante

297 1234 379 1268 pedes
393 1234 502 1268 quidem
513 1234 649 1269 jacentem
661 1235 802 1262 veritatem
816 1234 934 1263 fortasse
944 1241 1083 1271 agnoscet,

297 1281 395 1307 nedum
414 1280 514 1314 procul
533 1280 612 1307 valde
623 1285 783 1316 remotam:
802 1285 829 1308 et
839 1285 942 1316 quanto
950 1281 1083 1309 acriorem

294 1325 416 1352 materiae
430 1325 585 1359 experietur
597 1332 732 1357 amorem,
756 1329 831 1352 tanto
858 1326 1024 1353 crassiorem
1038 1334 1084 1353 ve-

296 1370 383 1397 ritatis
399 1370 579 1404 ignorantiam
593 1368 721 1403 patietur.
748 1368 816 1396 Cum
837 1376 902 1404 ergo
927 1367 1028 1403 duplex
1050 1368 1086 1396 sit

294 1416 417 1443 veritatis
430 1415 552 1448 scientia,
576 1415 661 1442 altera
678 1414 750 1442 circa
777 1418 931 1442 creaturam
948 1418 1083 1449 spectata,

295 1462 380 1494 altera
397 1461 468 1488 circa
493 1460 662 1493 Creatorem,
683 1464 816 1496 quantum
832 1460 903 1487 infra
924 1459 1083 1487 Creatorem

295 1511 360 1534 sunt
371 1512 514 1539 creaturae,
533 1511 636 1534 tantum
651 1508 810 1542 prazeminet
827 1506 967 1534 Creatoris
991 1506 1085 1541 cogni-

295 1554 343 1580 tio.
360 1553 450 1586 Quare
467 1553 514 1588 qui
531 1553 676 1580 ratiocinio
698 1552 888 1580 tantummodo
902 1552 1083 1587 cognitionem
1100 1544 1122 1574 Β

296 1607 386 1626 rerum
404 1598 570 1630 tribuerunt,
584 1598 665 1633 longe
680 1598 714 1625 ab
726 1598 771 1625 illa
794 1598 941 1625 recessisse
952 1598 1088 1633 comperti

295 1649 369 1672 sunt.
383 1645 417 1671 At
432 1645 449 1671 ii
461 1644 507 1680 qui
521 1645 594 1672 omni
607 1644 668 1671 vitae
675 1644 847 1672 delectationi
859 1644 952 1671 nuntio
961 1644 1087 1677 remisso,

297 1690 377 1718 unice
392 1690 558 1725 vestigandze
576 1690 698 1718 scientiae
719 1693 829 1721 vacant.
845 1697 957 1717 manum
972 1689 1025 1717 illis
1036 1689 1086 1716 ad-

294 1737 422 1771 jutricem
438 1735 595 1771 porrigente
610 1735 675 1769 Deo,
690 1740 717 1764 et
730 1735 783 1770 ipsi
798 1739 872 1763 certe
889 1742 949 1763 eatn
962 1743 1085 1770 compre-

296 1783 429 1815 hendunt,
441 1787 468 1810 et
487 1783 558 1810 alios
576 1783 621 1818 qui
641 1783 764 1818 ipsorum
794 1783 907 1818 vestigia
937 1787 1086 1816 sectantur,

296 1830 329 1856 ad
346 1830 468 1856 eamdem
482 1835 556 1857 recto
578 1837 661 1857 cursu
687 1829 837 1857 deducunt.
869 1829 965 1857 Priore
992 1829 1086 1865 itaque

295 1873 378 1901 modo
387 1874 460 1901 circa
477 1882 526 1902 eos
540 1875 588 1909 qui
601 1874 695 1902 divina
710 1882 841 1902 enarrare
855 1866 1085 1907 volunt’invento,

296 1919 443 1946 sinedubio
453 1920 719 1955 secundus'quoque
737 1920 937 1955 subsequatur;
953 1919 1087 1948 viciSsint—

295 1973 350 2000 que
364 1965 409 1993 hic
427 1973 480 1993 non
494 1966 691 2000 subsequetur,
706 1966 760 1993 nisi
773 1966 818 1993 ille
826 1971 982 2001 compertus
994 1966 1085 1994 fuerit.

296 2010 325 2037 Si
344 2011 426 2045 igitur
442 2011 514 2044 illos,
532 2011 578 2045 qui
592 2018 654 2038 eum
665 2011 811 2038 terminum
828 2011 987 2046 attigerunt,
997 2011 1025 2038 hi
1039 2012 1084 2046 qui

296 2057 449 2092 ignorantia
464 2061 511 2083 aut
527 2056 632 2092 ignavia
645 2061 771 2084 tenentur
779 2057 874 2084 sectati
887 2056 1002 2090 fuerint,
1013 2057 1084 2085 haud

296 2104 404 2146 minore
410 2110 492 2137 quam
502 2102 539 2129 illi
548 2102 707 2130 excellentia
720 2101 858 2130 fruentur.
872 2102 925 2130 Sed
933 2103 955 2130 si
967 2111 1001 2131 ne
1012 2103 1086 2131 hunc

296 2148 405 2182 quidem
429 2149 579 2176 secundum
600 2156 722 2181 cursum,
741 2149 829 2183 primo
849 2149 964 2182 exclusi,
993 2153 1085 2177 tenere

296 2194 445 2229 patientur,
460 2193 531 2221 haud
547 2194 602 2229 jam
616 2202 731 2228 prorsus
747 2194 934 2228 improbitatis
952 2195 1085 2222 crimina-

296 2240 399 2267 tionem
412 2241 498 2267 vitare
512 2245 649 2275 poterunt.
666 2239 734 2267 Nam
749 2241 872 2275 sineque
888 2241 947 2268 vita:
965 2249 1012 2276 per
1025 2249 1084 2268 om-

298 2294 359 2313 nem
378 2286 505 2313 virtutem
523 2286 682 2313 exercendae
695 2294 789 2314 curam
807 2291 917 2321 gerunt,
946 2294 999 2322 qua
1015 2295 1084 2322 opus

297 2331 366 2360 foret
379 2332 448 2359 utad
462 2337 563 2359 certam
578 2332 623 2359 Dei
635 2332 776 2359 scientiam
789 2333 978 2367 pervenirent;
995 2340 1084 2368 neque

296 2378 342 2409 iis,
359 2377 406 2412 qui
419 2377 492 2404 illam
516 2378 706 2410 obtinuerunt,
725 2378 932 2412 obtemperant;
950 2378 1016 2406 solis
1033 2386 1084 2405 au-

298 2427 353 2450 tetn
365 2423 421 2449 suis
433 2423 690 2450 ratiocmatiOnibus
700 2423 834 2456 nituntur,
850 2424 897 2459 qui
913 2425 970 2451 fieri
983 2429 1081 2460 potest,

298 2471 328 2494 ut
341 2468 413 2503 quod
431 2468 483 2495 alia
500 2469 541 2495 via
555 2469 665 2501 incedit,
683 2469 734 2504 ipsi
759 2470 893 2498 diversam
908 2471 1083 2498 decurrentes

298 2514 549 2549 comprehendant?
568 2514 758 2547 Verumtamen
776 2523 838 2543 vere
848 2516 902 2543 vim
915 2523 969 2544 non
983 2517 1084 2551 patitur

299 2560 414 2587 liberum
427 2560 582 2587 arbitrium.
596 2559 680 2595 Igitur
691 2561 754 2596 quia
767 2565 794 2588 tu
805 2561 890 2597 magis
898 2566 985 2595 optas.
997 2562 1084 2588 erudi-

299 2607 404 2635 tissime
415 2607 511 2639 amice.
523 2615 555 2634 ex
565 2607 737 2635 naturalibus
748 2608 1012 2642 ratiocinationibus,
1024 2615 1085 2643 pro.

298 2654 449 2688 positarum
465 2654 647 2688 quastionum
674 2653 944 2687 demonstrationes;
969 2654 994 2681 id
1010 2654 1082 2681 enim

298 2699 442 2727 manifeste
455 2700 570 2735 requirit
585 2700 612 2727 in
629 2700 689 2735 ipso
714 2700 827 2728 exordio
842 2701 972 2735 scriptum
989 2705 1083 2734 tuum;

299 2753 453 2780 quanquam
472 2745 523 2773 hoc
539 2746 610 2773 haud
633 2746 778 2781 principali
803 2746 864 2773 loco
894 2746 958 2774 lide't
985 2751 1087 2773 nostra:

300 2790 370 2818 ratio
394 2798 455 2818 esse
473 2790 550 2823 sinit,
571 2791 635 2826 quia
669 2799 779 2818 omnem
798 2795 932 2823 mentem,
961 2799 1015 2818 non
1036 2791 1086 2818 liu-

299 2842 408 2864 manam
425 2837 627 2871 tantummodo,
641 2845 734 2865 verum
751 2837 833 2866 etiam
844 2837 995 2873 angelicam
1015 2836 1085 2864 Deus

1135 918 1196 945 λίαν
1208 917 1399 950 ὀξυωποῦντας
1415 916 1507 943 λαθεῖν
1525 916 1685 950 δυνάμενον,
1706 916 1730 941 εἰ
1751 915 1788 950 μή
1805 924 1857 941 που
1870 916 1925 949 ἄρα

1134 966 1225 993 τέλεον
1248 964 1297 992 τοῦ
1318 963 1478 999 σωματικοῦ
1493 963 1570 990 τοῦδε
1593 962 1694 997 γνόφου
1713 962 1744 988 τὸ
1767 962 1852 997 πάχος
1866 962 1926 989 δια-

1136 1012 1240 1048 σχοῦσα
1258 1011 1342 1047 ψυχὴ,
1358 1010 1442 1046 μῦσαι
1461 1009 1478 1045 ἢ
1491 1009 1611 1045 ἀργῆσαι
1626 1008 1674 1040 τὰς
1681 1007 1823 1043 αἰσθήσεις
1836 1016 1924 1034 κατα-

1143 1058 1271 1090 πείσασα,
1291 1057 1382 1092 ἴχνους
1399 1055 1472 1086 τινδς
1487 1055 1571 1089 αὐτῆς
1588 1054 1731 1089 ἐφικέσθαι
1755 1053 1905 1088 δυνήσηται
1917 1060 1926 1070 ο

1134 1104 1187 1136 ἕως
1201 1104 1293 1139 μέντοι
1306 1102 1353 1129 τοῦ
1378 1101 1483 1129 καπνοῦ
1503 1100 1558 1127 τῶν
1576 1101 1641 1136 περὶ
1659 1100 1708 1135 τὴν
1724 1099 1791 1135 ὓλην
1804 1101 1818 1126 ὁ
1831 1099 1927 1134 νοητὸς

1136 1150 1176 1176 ἔτι
1190 1148 1424 1184 ὰντιλαμὸἀνηται
1438 1147 1588 1182 ὀφθαλμὸς,
1610 1147 1648 1178 ὼς
1661 1145 1787 1182 δρίμυξιν
1804 1146 1854 1180 τὴν
1864 1145 1928 1173 τούο

1134 1203 1189 1222 των
1202 1194 1346 1230 ὑπομένων
1370 1193 1570 1229 προσπάθειαν,
1581 1193 1652 1227 τάχα
1669 1192 1717 1220 καὶ
1737 1192 1791 1227 πρὸ
1807 1191 1861 1218 τῶν
1879 1199 1927 1218 πο-

1135 1241 1187 1268 δῶν
1206 1240 1338 1276 κειμένην
1351 1240 1401 1266 οὐκ
1424 1238 1618 1273 ἐπιγνώσεται,
1638 1239 1737 1273 μήτιγε
1757 1237 1852 1273 πόῤῥω
1874 1245 1926 1264 που

1135 1285 1193 1312 λίαν
1209 1284 1406 1320 ἀπῳκισμένην
1419 1293 1426 1299 ·
1442 1283 1489 1310 καὶ
1507 1284 1568 1311 ὅσον
1588 1283 1621 1310 ἂν
1643 1283 1742 1317 μᾶλλον
1757 1281 1926 1318 δριμυτέρας

1134 1331 1183 1367 τῆς
1198 1331 1300 1358 τούτων
1326 1330 1454 1365 αῐσθηται
1479 1328 1662 1364 ἀντιλήψεως,
1679 1328 1779 1364 μᾶλλον
1797 1328 1848 1360 τὴν
1863 1325 1927 1353 ταύ-

1134 1385 1184 1412 της
1199 1376 1382 1411 ὑποστήσεται
1407 1375 1517 1409 ἄγνοιαν
1528 1382 1535 1389 ’
1556 1374 1647 1408 διττῆς
1661 1372 1807 1408 τοιγαροῦν
1822 1380 1926 1406 τυγχαο

1134 1421 1234 1458 νούσης
1248 1422 1344 1458 αὐτῆς,
1359 1421 1405 1448 καὶ
1422 1420 1473 1455 τῆς
1486 1420 1535 1456 μὲν
1552 1420 1616 1455 περὶ
1630 1420 1680 1455 τὴν
1702 1419 1790 1445 κτίσιν
1807 1417 1928 1453 θεωρου-

1137 1468 1232 1502 μένης,
1262 1467 1310 1502 τῆς
1336 1467 1365 1493 δὲ
1389 1466 1454 1502 περὶ
1467 1466 1512 1492 τὸν
1529 1465 1669 1498 κτίσαντα,
1687 1465 1749 1491 ὅσον
1773 1463 1927 1498 ὐποὸέσηκε

1135 1514 1182 1540 τοῦ
1198 1513 1384 1548 Πεποιηκότος
1398 1513 1432 1539 τὰ
1446 1511 1601 1546 Κτίσματα,
1617 1509 1742 1537 τοσοῦτον
1760 1509 1928 1544 ὑπερελήλα-

1138 1568 1182 1586 ται
1197 1560 1213 1592 ἡ
1235 1559 1392 1594 ἀκραιφνὴς
1415 1557 1462 1585 τοῦ
1482 1557 1669 1592 Πεποιηκότος
1684 1557 1848 1590 ἐπίγνωσις*
1866 1554 1927 1581 ὅθεν

1138 1606 1196 1632 ὅσοι
1211 1605 1352 1640 λογισμοῖς
1369 1604 1460 1639 μόνοις
1473 1604 1522 1640 τὴν
1539 1603 1648 1630 πάντων
1663 1602 1764 1637 γνῶσιν
1781 1601 1926 1633 ἀπέδοσαν,

1139 1650 1235 1686 πόρρω
1265 1659 1316 1676 που
1340 1650 1443 1685 ταύτης
1460 1649 1623 1685 ἐληλακότες
1646 1647 1798 1683 εὑρέθησαν
1809 1656 1815 1662 ·
1827 1647 1884 1674 ὅσοι
1897 1645 1928 1672 δὲ

1139 1697 1213 1732 πάσῃ
1229 1697 1262 1731 τῇ
1275 1695 1346 1723 κατὰ
1360 1696 1417 1730 βίον
1433 1695 1561 1731 ῥᾳστώνῃ
1586 1694 1692 1730 χαίρειν
1707 1693 1842 1724 εἰπόντες,
1858 1691 1927 1726 πρὸς

1140 1742 1224 1778 μόνην
1241 1742 1289 1777 τὴν
1302 1741 1403 1776 ταύτης
1419 1741 1533 1776 ἔρευναν
1549 1739 1765 1775 ἀπησχόληνται,
1781 1738 1831 1772 τῆς
1853 1737 1929 1769 θείας

1137 1788 1229 1819 αὐτοῖς
1261 1786 1454 1822 ὲπαμυνούσης
1497 1787 1597 1822 χειρὸς,
1632 1784 1708 1812 αὐτοί
1737 1793 1767 1811 τε
1799 1782 1928 1818 ἀσφαλῶς

1137 1834 1338 1868 κατειλήφασι·
1369 1833 1416 1860 καὶ
1438 1833 1502 1865 τοὺς
1526 1832 1637 1860 ἐκείνων
1658 1829 1928 1860 κατακολουθοῦντας

1137 1881 1192 1911 τοϊς
1207 1880 1304 1915 ἴχνεσι,
1317 1879 1385 1914 πρὸς
1401 1878 1486 1914 αὐτὴν
1504 1877 1678 1914 εὖθυδρόμως
1690 1875 1927 1912 ὲχειραγώγησαν.

1137 1925 1191 1952 Τοῦ
1210 1925 1299 1952 τοίνυν
1328 1924 1438 1960 πρώτου
1469 1924 1571 1960 τρόπου
1599 1924 1664 1959 περὶ
1678 1923 1742 1955 τοὺς
1755 1923 1789 1949 τὰ
1804 1922 1863 1949 θεῖα
1892 1920 1928 1948 δι-

1136 1971 1279 2005 αγορεύειν
1298 1970 1476 2006 βουλομένους
1501 1970 1712 2005 εὑρισκομένου,
1735 1968 1928 2004 ἀναμφιΰὸλως

1136 2017 1185 2043 καὶ
1211 2017 1225 2043 ὁ
1251 2016 1376 2051 δεύτερος
1391 2016 1500 2051 ἕψεται·
1518 2016 1568 2051 οὐχ
1580 2016 1675 2050 ἕψεται
1690 2015 1727 2048 δὲ,
1747 2015 1785 2050 μὴ
1799 2013 1929 2048 φαινομέ-

1138 2070 1184 2088 νου
1195 2061 1310 2089 ὲκείνου.
1323 2062 1412 2097 Μέχρι
1429 2061 1478 2096 μὲν
1491 2061 1537 2088 οὖν
1552 2063 1609 2093 τοῖς
1628 2058 1679 2088 ὧδέ
1691 2070 1728 2096 πη
1746 2059 1930 2093 καταφθάσα-

1137 2116 1180 2134 σιν
1196 2107 1221 2133 οι
1239 2107 1335 2142 ἀγνοίᾳ
1354 2108 1403 2134 καὶ
1429 2107 1551 2142 ῥᾳθυμίᾳ
1573 2106 1775 2142 κεκρατημένοι
1791 2105 1929 2139 παρέπον-

1136 2161 1193 2186 ται,
1207 2152 1284 2179 οὐδὲν
1299 2150 1380 2188 ἦττον
1399 2153 1448 2187 τῆς
1467 2153 1553 2188 αὐτῆς
1578 2153 1692 2183 ἐκείνοις
1706 2152 1843 2186 θειότητος
1858 2153 1929 2177 ἀτω-

1138 2198 1298 2226 λαὺσονται*
1331 2199 1449 2234 ὁπηνίκα
1475 2199 1504 2226 δὲ
1527 2199 1595 2235 μηδὲ
1626 2199 1672 2225 τὸν
1692 2198 1818 2233 δεύτερον
1831 2197 1928 2228 πλοῦν,

1137 2244 1335 2279 ἀναϐληθέντος
1351 2244 1397 2271 τοῦ
1418 2244 1538 2280 πρώτου,
1570 2244 1747 2280 μεταδιώκειν
1773 2243 1927 2277 ἀνέχονται,

1137 2290 1228 2317 οὐκέτι
1241 2299 1291 2317 που
1307 2291 1414 2321 πάντως
1431 2290 1460 2317 τὺ
1472 2290 1521 2325 τῆς
1537 2290 1706 2326 κακουργίας
1721 2289 1850 2324 ἔγκλημα
1866 2289 1928 2316 δια-

1139 2335 1422 2370 δρᾶναιδυνήσονται.
1453 2337 1484 2362 Εἰ
1508 2337 1562 2371 γὰρ
1587 2336 1644 2371 βίου
1668 2337 1717 2372 μὲν
1737 2335 1928 2371 ἐξησκημένοι)

1138 2383 1268 2418 φροντίδα
1292 2383 1323 2409 οὐ
1355 2383 1486 2416 τίθενται,
1514 2383 1551 2415 ὡς
1573 2384 1606 2410 ἂν
1619 2384 1659 2415 εἰς
1677 2383 1707 2409 τὸ
1729 2383 1778 2417 τῆς
1790 2382 1930 2414 ἀπλανοῦς

1138 2428 1303 2462 θεογνωσίας
1317 2429 1515 2464 καταφθάσωσι
1542 2429 1651 2465 μέτρον,
1670 2430 1726 2460 τοῖς
1742 2438 1772 2455 τε
1797 2428 1930 2463 κατειλη-

1138 2474 1216 2508 φόσιν
1247 2475 1277 2501 οὐ
1309 2475 1532 2507 καταπείθονται,
1564 2477 1654 2510 μόνοις
1679 2476 1708 2502 δὲ
1732 2477 1786 2506 τοῖς
1816 2475 1930 2506 οἰκείοις

1138 2519 1324 2554 ἐπερείδονται
1348 2520 1500 2554 λογισμοῖς,
1525 2521 1607 2548 πόθεν
1631 2521 1677 2548 τοῦ
1704 2522 1738 2547 δι’
1758 2521 1841 2556 ἄλλης
1865 2520 1929 2547 ὁδοῦ

1137 2563 1341 2598 λαμϐανομένου
1377 2565 1473 2600 ἑτέραν
1498 2566 1686 2601 ἐπιτρέχοντες
1703 2565 1928 2599 καταλήψονται;

1139 2609 1209 2643 πλὴν
1225 2608 1354 2636 ἁϐίαστον
1366 2608 1473 2645 ἀληθῶς
1489 2611 1517 2637 ὲν
1533 2611 1601 2637 πᾶσι
1622 2611 1653 2637 τὸ
1669 2609 1851 2642 αὐτεξούσιον.
1866 2609 1929 2637 Τοι-

1137 2654 1240 2690 γαροῦν
1263 2655 1357 2691 ἐπειδὴ
1385 2657 1494 2692 φροντὶς
1523 2657 1623 2692 μᾶλλον
1649 2658 1682 2692 τῇ
1703 2657 1840 2692 λογιότητι
1865 2665 1926 2688 σου,

1138 2701 1352 2736 πολυπειρότατε
1366 2702 1438 2737 φίλε,
1456 2703 1513 2735 τοῖς
1537 2704 1568 2729 ὲκ
1587 2702 1696 2738 φύσεως
1717 2702 1859 2737 λογισμοῖς
1872 2702 1927 2729 τῶν

1137 2747 1254 2783 αἰρετῶν
1268 2748 1317 2780 τὰς
1347 2749 1499 2781 ἀποδείξεις
1522 2749 1742 2776 καθυποῦἀλλειν
1754 2757 1761 2764 ·
1777 2748 1856 2775 τοῦτο
1870 2748 1927 2783 γὰρ

1134 2793 1164 2819 τὸ
1180 2793 1226 2820 σὺν
1245 2794 1339 2828 σαφῶς
1359 2796 1526 2831 παρίστησιν
1543 2796 1571 2822 ὲν
1587 2795 1742 2831 προοιμίοις
1757 2795 1885 2831 γράμμα,
1900 2794 1927 2820 εἰ

1133 2839 1182 2866 καὶ
1210 2840 1247 2876 μὴ
1272 2840 1352 2868 τοῦτο
1371 2843 1587 2878 προηγουμένως
1608 2843 1622 2869 ὁ
1646 2843 1696 2878 τῆς
1714 2841 1775 2870 καθ’
1793 2842 1866 2877 ἡμᾶς
1880 2839 1927 2867 πίε
