2083 3155
297 164 353 196 811

937 159 1083 191 NlCET/E
1101 159 1306 190 BYZANTINI

1876 159 1930 193 812

303 221 446 253 nuntians,
462 227 523 256 quae
541 225 580 248 ait
599 230 606 248 :
627 230 636 245 ι
654 219 749 247 Omnis
762 219 870 254 genitor
882 219 956 254 prior
970 223 1013 245 est
1024 224 1088 251 pro—

1146 216 1217 250 τερός
1236 216 1296 243 ἐστι
1310 214 1357 242 τοῦ
1371 215 1474 242 οἰκείου
1490 216 1673 258 γεννήματος.
1686 224 1696 242 ι
1712 215 1758 242 τδν
1777 215 1928 251 παραλογι-

303 269 363 303 prio
378 267 526 302 genimine,
550 276 559 292 ι
579 266 790 302 paralogismum
805 265 936 293 insidiose
951 263 1087 291 struxisti.

304 313 361 340 lloe
375 313 458 347 igitur
473 311 625 344 confutata,
643 313 744 347 quippe
760 311 824 346 quia
841 311 874 338 de
891 310 945 337 Deo
966 316 1090 344 pronun-

303 358 365 385 tiari
382 357 487 392 nequit.
502 362 618 392 utroque
631 365 665 384 ex
680 358 765 384 latere
776 356 973 384 absurditatem
992 354 1090 382 vitabi-

303 410 373 430 mus.
387 401 454 428 Nam
471 409 592 437 prmsens
601 410 695 433 causa.
707 410 722 429 a
734 401 872 429 contraria
885 406 924 427 est
939 402 1047 427 absens.
1058 398 1089 425 Si

300 455 367 482 ergo
382 448 497 481 dictum,
513 448 603 476 omnis
616 448 733 483 genitor,
750 455 764 473 a
778 452 868 474 creata
895 451 991 473 natura
1009 451 1090 480 prave

302 497 453 528 sumptum,
475 493 502 520 in
519 493 718 520 absurditatem
740 492 825 518 trahit
849 491 966 517 dicentis
983 496 1089 517 sermo-

300 547 363 566 nem
377 560 384 572 ,
401 546 464 565 cum
478 538 505 566 id
521 539 547 565 in
569 539 623 565 Deo
648 547 702 566 non
735 537 891 568 usuveniat,
921 537 981 563 sine
1006 535 1090 562 dubio

301 584 515 614 absurditatenr
531 585 679 612 vitabimus
699 593 706 617 ;
736 590 762 611 ct
790 584 984 618 sempiternum
1009 585 1090 614 atque

299 628 548 659 consubsttntlele,
571 633 598 654 et
626 629 801 663 paternitatis
820 627 994 661 ﬁlietatisque
1020 626 1089 652 rela-

302 674 404 700 tionem
418 673 575 701 inviolatam
586 675 765 701 servabimus.
773 684 781 700 ι
792 674 888 702 Omnis
902 673 1006 709 genitor
1017 672 1090 707 prior

298 724 341 747 est
354 719 466 755 proprio
479 720 626 755 genimine.
645 730 654 746 ι
671 721 748 755 Papae
766 728 822 747 rem
839 719 954 746 miram!
977 725 1038 752 quae
1061 717 1087 743 in

301 773 345 792 me
358 765 467 799 quidem
482 769 563 800 teque
579 766 640 800 ipso
656 766 738 798 Valet,
757 767 802 800 qui
817 765 946 792 facultate
967 763 1090 790 homines

300 818 408 840 sumus.
424 815 472 837 aut
486 811 560 838 aliud
570 811 701 846 quidvis;
721 811 854 838 cllicimur
866 815 957 837 autem
976 809 1012 840 vi,
1026 812 1090 843 puta

301 857 437 892 genitore:
451 861 498 883 aut
515 857 662 891 sapientes.
688 857 722 883 At
738 857 783 884 ubi
804 855 961 891 lmjusmodi
978 854 1018 882 vis
1036 862 1089 881 non

1140 261 1209 295 0'pr
1226 261 1599 296 συνεηεαῦρησαςκΐοὺτου
1614 259 1662 288 οὗν
1683 261 1864 297 ἐληλεγμένου
1885 263 1932 288 καὶ

1139 306 1232 342 χώραν
1249 306 1286 342 μὴ
1315 306 1465 342 ἔχοντοςτὸ
1484 307 1616 342 παράπαν
1642 307 1688 333 ἐπὶ
1701 307 1770 333 Θεοῦ
1793 307 1930 342 λέγεσθαι,

1139 352 1190 387 τὴν
1213 353 1254 383 εἰς
1280 353 1400 388 ἑκάτερα
1416 353 1532 379 ἀτοπίαν
1544 352 1733 387 ἐκφευξόμεθα
1748 361 1755 367 ·
1779 354 1828 379 καὶ
1855 353 1932 388 γὰρό

1143 398 1231 433 παρὸν
1245 399 1341 430 αἴτιον,
1358 399 1428 426 ἀπὸν
1450 399 1498 426 τοῦ
1518 399 1638 426 ἐναντίου
1655 407 1662 416 ·
1678 400 1703 426 εἰ
1729 399 1775 425 οὖν
1799 399 1839 432 τὺ,
1868 399 1933 426 ικα-

1140 453 1203 475 στος
1227 445 1378 480 γεννήτωρ,
1405 445 1460 472 ἀπὸ
1487 446 1535 481 τῆς
1563 446 1675 481 κτιστῆς
1699 445 1807 479 φύσεως
1837 445 1932 477 κακῶς

1140 489 1355 525 λαμὸανόμενον,
1372 492 1413 522 εἰς
1423 491 1524 518 ἄτοπον
1538 491 1583 518 τὸν
1597 492 1676 524 λόγον
1691 492 1805 525 ἀπάγει,
1836 492 1932 518 τούτου

1140 535 1232 571 χώραν
1255 536 1302 562 ἐπὶ
1330 536 1398 563 Θεοῦ
1422 536 1459 572 μὴ
1483 536 1603 571 ἔχοντος,
1629 537 1709 569 δῆλον
1724 538 1766 564 ὅτι
1786 537 1833 564 καὶ
1844 537 1934 564 ἄτοπα

1141 580 1339 615 ἐκφευξόμεθα,
1353 581 1385 607 τό
1398 590 1427 607 τε
1443 582 1578 608 συναϊδιον
1593 583 1639 609 καὶ
1651 583 1805 617 ὁμοούσιον,
1821 583 1866 609 καὶ
1882 583 1933 618 τὴν

1140 626 1190 661 τῆς
1205 627 1373 662 πατρότητος
1389 628 1435 654 καὶ
1450 628 1574 663 υιότητος
1597 629 1699 664 σχέσιν,
1726 629 1848 664 ἄτρωτον
1875 629 1934 657 δια-

1141 670 1307 706 φυλάξομεν.
1329 681 1338 697 ι
1359 672 1493 704 Ἕκαστος
1511 675 1651 710 γεννήτωρ
1668 674 1798 710 πρότερός
1812 675 1870 701 ἐστι
1885 675 1933 702 τοῦ

1140 716 1242 742 οἰκείου
1253 717 1450 753 γεννήματος.»
1465 718 1552 745 Βαϐαὶ
1563 719 1610 746 τοῦ
1623 719 1762 754 θαύματος
1775 721 1782 746 l
1802 720 1867 755 περὶ
1883 719 1934 755 ἐμὲ

1142 761 1190 788 καὶ
1204 762 1233 788 σὲ
1245 762 1335 794 τοῦτο.
1353 763 1378 790 οἳ
1396 763 1428 790 τὸ
1441 765 1491 800 μὲν
1501 765 1626 801 ἐνεργείᾳ
1640 765 1725 800 ἐσμὲν
1748 765 1899 801 ἄνθρωποι,
1910 765 1934 792 εί

1141 805 1230 841 τύχοι,
1257 807 1274 842 ἢ
1292 807 1357 835 ἄλλο
1378 817 1404 835 τι
1418 817 1425 824 ·
1456 809 1486 835 τὸ
1505 809 1534 836 δὲ
1557 810 1690 846 γινόμεθα
1717 811 1830 846 δυνάμει
1847 811 1933 843 ὅντες,

1140 849 1198 878 οἷον
1209 853 1370 889 γεννήτορες
1384 854 1400 890 ἢ
1417 856 1515 890 ὲπιστή
1521 864 1612 891 μονες,
1628 857 1644 892 ἢ
1656 856 1720 883 ἄλλο
1731 865 1757 884 τι
1769 865 1778 873 ·
1808 858 1837 883 ὲν
1851 854 1891 889 οἷς
1906 857 1935 883 δὲ

301 902 440 934 usuvenit,
464 902 520 936 jam
541 907 623 936 patet,
652 903 804 937 prioratum
832 902 963 937 genitoris
980 901 1092 928 relative

1146 898 1173 924 τὸ
1184 899 1298 932 δυνάμει
1310 900 1404 936 χώραν
1414 901 1463 937 οὐχ
1474 901 1541 935 ἔξει,
1557 901 1637 938 δῆλον
1648 903 1689 930 ὅτι
1711 903 1742 929 τὸ
1759 903 1936 939 προτερεύειν

301 949 334 975 ad
352 949 472 982 genitum
485 956 539 975 non
555 948 716 976 subsistere.
736 949 763 975 Si
778 955 843 983 ergo
854 948 894 975 vis
905 956 919 975 a
932 947 986 975 Deo
1002 947 1091 974 aliena

299 999 343 1021 est
365 994 438 1027 (nam
451 994 491 1022 vis
517 994 645 1029 passione
659 1002 713 1021 non
735 999 828 1027 caret;
846 995 886 1021 vis
906 994 998 1029 aliquo
1014 999 1090 1021 exte-

301 1040 373 1067 riore
393 1040 516 1075 indiget;
538 1041 579 1068 vis
599 1045 642 1068 est
666 1041 699 1068 de
722 1048 821 1075 genere
844 1040 1089 1075 imper-lectorum:

301 1085 373 1113 Deus
394 1091 484 1113 autem
510 1093 593 1121 supra
606 1086 663 1113 hzec
680 1086 771 1113 omnia
786 1086 843 1119 est)
874 1086 939 1113 satis
969 1089 1042 1120 patet
1057 1092 1092 1112 ne

300 1131 449 1166 prioratum
465 1132 575 1167 quidem
591 1133 614 1159 ei
631 1132 788 1165 usuvenire,
801 1132 865 1167 quia
880 1132 1018 1169 prioratus
1031 1130 1090 1158 sine

300 1177 392 1212 aliqua
407 1178 432 1204 vi
449 1185 503 1205 non
521 1179 560 1204 Ilt.
580 1187 589 1204 ι
606 1177 702 1205 Omnis
716 1178 823 1213 genitor
839 1178 913 1212 prior
923 1181 965 1204 est
981 1176 1090 1211 proprio

301 1223 448 1257 genimine.
470 1231 480 1249 r
498 1222 554 1250 lloc
567 1227 665 1250 creatae
686 1227 799 1255 naturae,
813 1222 866 1250 hoc
891 1221 1020 1256 genitura:
1043 1228 1091 1255 per

301 1270 416 1301 ﬂuxum,
430 1269 569 1305 proprium
584 1273 636 1296 est.
651 1268 717 1295 Nam
731 1275 849 1303 quorum
861 1267 1022 1295 exsistentia
1041 1266 1087 1294 diu

301 1321 378 1341 versa
404 1319 457 1348 est,
484 1315 581 1342 ltorum
604 1321 681 1349 atque
707 1314 815 1342 diversa
843 1312 992 1349 generatio.
1020 1311 1091 1346 Ergo

300 1360 388 1387 tribus
399 1360 548 1388 contrariis
560 1361 691 1394 sumptis,
711 1363 815 1392 creato,
844 1358 968 1393 inquam,
1000 1362 1028 1385 et
1048 1357 1091 1384 in-

300 1411 403 1438 creato,
418 1405 542 1440 passibili
565 1409 592 1432 et
612 1404 784 1440 impassibili,
803 1404 896 1439 priore
910 1411 942 1431 ac
964 1403 1091 1431 simulta-

301 1459 363 1484 neo,
378 1451 400 1478 si
416 1458 582 1486 corporeum
595 1451 724 1486 passibile
739 1455 792 1483 est,
808 1449 987 1484 subsequitur
999 1454 1090 1476 autem

302 1497 365 1523 huic
381 1495 458 1530 prius
468 1501 495 1522 et
511 1495 658 1530 posterius,
677 1499 750 1530 patet
775 1495 969 1530 incorporeum
988 1495 1090 1529 impas-

301 1542 379 1569 sibile
390 1549 449 1569 esse
458 1549 490 1569 ac
501 1542 709 1569 sitnultaneum.
728 1542 766 1569 lta
779 1541 852 1569 enim
867 1541 961 1576 logica:
971 1539 1090 1568 methodi
1106 1553 1127 1582 ο

301 1595 351 1615 nos
363 1587 470 1615 docent.

337 1677 365 1704 4.
387 1686 396 1702 ι
411 1675 506 1704 Omnis
534 1677 640 1711 genitor
658 1676 732 1710 prior
742 1680 782 1703 est
797 1676 907 1711 proprio
925 1675 1088 1711 genimine.)

303 1722 361 1750 Hoc
376 1723 413 1749 ait
425 1723 470 1757 qui
486 1723 574 1757 legem
591 1723 647 1750 vult
661 1722 716 1750 Deo
726 1722 905 1754 constituere,
922 1729 976 1748 non
996 1726 1088 1748 autem

304 1769 350 1804 qui
371 1769 511 1796 veritatem
525 1769 603 1796 dicit.
629 1769 712 1804 Igitur
739 1768 903 1796 vocabulum
928 1767 1032 1802 genitor
1052 1768 1094 1794 vel

305 1819 347 1840 est
361 1813 394 1840 de
407 1821 522 1840 numero
536 1821 631 1840 eorum
645 1821 706 1848 quae
721 1820 769 1848 per
785 1820 814 1840 se
829 1817 903 1845 sunt,
922 1812 964 1839 vel
980 1819 1041 1847 qua:
1060 1812 1094 1838 ad

305 1858 423 1894 aliquid.
441 1859 523 1893 Atqui
540 1866 593 1886 non
609 1863 651 1886 est
666 1866 698 1886 ex
717 1859 751 1886 iis
765 1866 824 1892 qua).
838 1866 885 1893 per
897 1864 926 1885 se
940 1862 1005 1885 sunt
1021 1865 1094 1885 :non

304 1906 377 1932 enim
404 1905 437 1932 ad
457 1905 582 1940 genimen
599 1905 760 1932 relationem
777 1905 907 1937 haberet;
923 1912 989 1939 ergo
1007 1909 1094 1932 estex

305 1953 338 1979 iis
352 1959 411 1987 quae
429 1951 462 1979 ad
478 1951 580 1986 aliquid
597 1956 678 1983 sunt;
697 1958 757 1986 qua:
775 1955 866 1978 autem
897 1955 958 1978 sunt
987 1950 1020 1977 ad
1046 1950 1096 1977 ali-

303 1998 379 2034 quid,
394 1998 559 2025 simullanea
569 2001 673 2024 natura:
689 2001 769 2027 sunt:
784 2004 845 2031 quae
857 2003 920 2023 vero
932 1996 1095 2023 sitnultanea

306 2049 420 2076 naturae,
441 2048 468 2071 et
483 2043 647 2071 simultanea
665 2047 769 2070 suntet
794 2050 847 2070 non
875 2047 956 2075 sunt;
971 2050 1036 2077 ergo
1051 2050 1095 2077 ge-

305 2090 375 2117 nitor
389 2094 524 2124 quatenus
541 2089 658 2124 genitor,
676 2089 710 2115 ad
731 2088 844 2123 ,aliquid
871 2088 1009 2115 exsistens
1025 2088 1096 2115 rela-

308 2136 409 2164 tionem
426 2135 524 2162 habet:
539 2142 623 2170 quare
642 2135 718 2169 prius
738 2139 765 2161 et
786 2134 924 2169 posterius
939 2141 993 2161 non
1013 2133 1096 2160 babe-

307 2181 354 2208 bit.
370 2180 398 2208 Si
413 2188 479 2216 ergo
491 2181 596 2216 genitor
608 2187 657 2207 nec
670 2180 745 2215 prius
754 2180 865 2208 habebit
880 2187 930 2207 nec
939 2179 1077 2214 pOSIerius
1087 2198 1095 2211 ,

306 2232 334 2254 tu
347 2234 411 2254 vero
430 2226 499 2254 dicis
514 2233 624 2253 omnem
641 2227 792 2261 genitorem
818 2225 936 2260 priorem
959 2232 1020 2252 esse
1034 2232 1096 2259 pro-
1112 2239 1134 2267 υ

306 2272 366 2307 prio
375 2272 523 2307 genimine,
536 2276 644 2298 constat
653 2279 706 2298 non
717 2278 778 2298 esse
788 2271 950 2305 genitorem,
961 2273 1097 2304 quatenus

305 2323 348 2344 est
373 2318 489 2353 genitor,
516 2317 563 2345 sed
581 2318 732 2344 secundum
764 2316 869 2351 aliquid
896 2315 982 2348 aliud,
1017 2314 1097 2343 sicuti

308 2365 435 2392 Socrates
458 2369 485 2391 ct
499 2363 606 2391 Petrus.
628 2363 763 2395 Quoniam
792 2362 884 2397 itaque
910 2360 1041 2396 genitoris
1054 2367 1099 2387 no-

308 2418 369 2436 men
388 2410 414 2436 in
439 2410 493 2436 Deo
511 2414 587 2444 patre
602 2408 807 2444 hypostaticum
831 2412 883 2440 est,
898 2412 925 2434 et
945 2407 1098 2434 secundum

310 2456 335 2483 id
352 2456 440 2483 solum
466 2456 620 2490 proprietas
649 2454 829 2489 hypostaseos
856 2454 1021 2486 denotatur;
1049 2452 1099 2480 de-

310 2508 489 2529 monstratum
506 2509 590 2535 porro
619 2501 680 2533 fuit,
707 2500 780 2536 quod
806 2505 851 2527 est
877 2500 1019 2527 relativum
1045 2506 1099 2525 non

311 2548 410 2575 habere
422 2548 498 2582 prius
512 2552 538 2574 et
551 2547 688 2581 posterius
701 2555 708 2580 ;
734 2551 844 2574 constat
865 2553 931 2581 ergo
946 2545 1031 2572 Deum
1045 2544 1099 2572 Pa-

310 2599 388 2625 trem,
410 2595 457 2628 qui
472 2598 513 2620 cst
527 2594 628 2628 proprii
643 2593 789 2628 genitninis
804 2593 922 2627 genitor,
942 2592 1019 2626 prius
1043 2599 1098 2618 non

310 2642 419 2669 habere.
437 2639 516 2674 Quod
535 2641 556 2668 si
581 2648 633 2667 non
663 2640 755 2670 habet,
779 2643 887 2666 constat
901 2646 960 2666 esse
975 2638 1100 2666 simulta-

310 2695 392 2714 neum
408 2697 413 2714 :
429 2686 502 2721 quod
522 2686 543 2713 si
563 2686 754 2718 simultaneus,
767 2685 848 2712 etiam
877 2690 1030 2712 eozeternus
1046 2688 1098 2711 est.

311 2733 381 2768 Ergo
396 2731 483 2760 Filius
495 2731 568 2758 Patri
592 2736 745 2759 comternus
760 2735 802 2758 est
820 2739 826 2757 :
844 2735 926 2764 atque
947 2731 984 2757 ita
1003 2730 1029 2757 in
1046 2737 1100 2765 quo

310 2779 509 2806 circumvenire
536 2778 670 2813 putabas,
698 2778 905 2804 circumventus
922 2784 961 2804 cs.
978 2785 986 2801 ι
1004 2775 1101 2803 Omnis

315 2826 423 2859 genitor
436 2825 509 2860 prior
527 2829 568 2852 est
576 2824 713 2858 genilnine
726 2830 786 2850 suo.
804 2832 812 2848 ι
823 2822 908 2849 Nobis
926 2822 1034 2857 quidem
1051 2821 1101 2848 hoc

313 2870 441 2897 usuvenit
459 2879 465 2902 ;
483 2870 555 2904 quod
577 2869 687 2904 quidem
712 2869 750 2896 ita
775 2876 805 2895 se
829 2867 949 2900 habere,
981 2867 1044 2894 hinc
1071 2867 1101 2894 lit

1144 944 1190 971 τὸν
1199 946 1350 981 γεννήτορα
1365 947 1413 974 τοῦ
1430 948 1598 983 γεννήματος
1614 949 1664 976 οὐκ
1677 948 1796 984 ἔρρωται
1806 956 1813 963 ·
1840 949 1865 975 εί
1880 948 1935 974 τοί-

1144 998 1192 1019 νυν
1207 991 1340 1028 ἑπίΘεοῦ
1352 992 1382 1019 τὸ
1397 993 1512 1027 δυνάμει
1529 994 1668 1030 ἀλλότριον
1684 995 1743 1029 (καὶ
1761 995 1816 1029 γὰρ
1841 994 1872 1020 τδ
1888 994 1934 1021 δυ-

1148 1035 1229 1071 νάμει
1241 1037 1311 1072 μετὰ
1326 1038 1439 1070 πάθους,
1448 1040 1478 1065 τὸ
1488 1039 1601 1074 δυνάμει
1614 1040 1668 1067 τῶν
1687 1040 1786 1072 ἔξωθεν
1808 1041 1934 1074 προσδεῖ-

1144 1089 1200 1112 ται,
1225 1082 1256 1108 τὸ
1277 1082 1391 1117 δυνάμει
1416 1084 1471 1110 τῶν
1486 1084 1590 1111 ἀτελῶν
1605 1093 1613 1100 ·
1629 1085 1642 1111 ὸ
1664 1085 1692 1111 δὲ
1706 1085 1771 1116 Θεὸς
1786 1085 1935 1120 ἀνῴκισται

1144 1127 1247 1153 τούτων
1263 1127 1394 1162 πάντων),
1406 1128 1484 1164 δῆλον
1499 1130 1540 1156 ὅτι
1553 1131 1602 1156 καὶΙ
1616 1130 1790 1166 προτερεύειν
1803 1131 1851 1166 οὐχ
1880 1131 1936 1164 list

1145 1172 1238 1207 χώραν
1263 1173 1308 1200 διὰ
1327 1173 1357 1200 τὸ
1389 1174 1454 1201 ἄνευ
1480 1175 1527 1202 τοῦ
1555 1175 1669 1211 δυνάμει
1691 1176 1770 1204 τοῦτο
1791 1176 1830 1212 μή
1854 1174 1934 1204 εἶναι.

1149 1218 1299 1251 (Ἕκαστος
1307 1220 1448 1256 γεννήτωρ
1457 1222 1589 1257 πρότερός
1600 1223 1658 1249 ἐστι
1671 1222 1718 1250 τοῦ
1730 1223 1830 1249 οἰκείου
1842 1224 1937 1259 γεννή-

1146 1273 1240 1299 ματος.
1258 1274 1267 1290 ι
1285 1264 1370 1292 Τοῦτο
1383 1265 1432 1301 τῆς
1445 1267 1557 1302 λτιστῆς
1571 1267 1688 1301 φύσεως,
1703 1267 1782 1295 τοῦτο
1807 1270 1856 1304 τῆς
1871 1270 1936 1305 ῥευ-

1146 1310 1211 1344 στῆς
1241 1312 1393 1346 γεννήσεως
1407 1320 1414 1327 ’
1443 1312 1491 1338 καὶ
1514 1312 1568 1348 γὰρ
1585 1309 1622 1340 ὧν
1647 1313 1677 1339 τὺ
1694 1311 1764 1340 εἶναι
1796 1314 1935 1350 διάφορον,

1144 1355 1249 1383 τούτων
1266 1357 1314 1383 καὶ
1330 1357 1361 1384 τὸ
1374 1358 1472 1393 γεννᾷν
1486 1357 1624 1394 διάφορον.
1642 1359 1732 1395 Τριῶν
1756 1357 1803 1387 οὖν
1829 1360 1936 1387 ἀντιθέ-

1146 1411 1216 1430 σεων
1231 1402 1458 1438 λαμϐανομένων,
1480 1405 1551 1440 φημι
1565 1405 1598 1440 δὴ
1612 1405 1724 1433 κτιστοῦ
1738 1414 1769 1432 τε
1793 1406 1840 1432 καὶ
1854 1406 1936 1433 ἀκτί-

1149 1457 1224 1481 στου,
1243 1448 1384 1483 ὲμπαοοῦς
1407 1458 1436 1476 τε
1451 1450 1497 1476 καὶ
1514 1450 1646 1482 ἀπαθοῦς,
1670 1451 1805 1488 προτέρου
1834 1461 1863 1478 τε
1889 1453 1937 1478 καὶ

1146 1492 1215 1527 ἅμα.
1238 1494 1262 1519 εἰ
1279 1493 1466 1528 ἡὲνσώματος
1482 1495 1620 1530 ὲμπαθήτ,
1636 1496 1729 1524 ἕπεται
1742 1496 1769 1523 δὲ
1791 1496 1877 1533 ταύτῃ
1905 1497 1936 1524 τὸ

1145 1538 1277 1577 πρότερον
1307 1539 1355 1565 καὶ
1383 1538 1505 1574 ὕστερον,
1534 1541 1652 1576 eave.pr
1677 1543 1717 1568 ὅτι
1740 1544 1756 1577 ή
1790 1542 1937 1577 ἀσώματος

1145 1583 1254 1618 ἀπαθὴς
1280 1584 1326 1610 καὶ
1359 1585 1438 1619 ἅμα·
1464 1585 1544 1612 τοῦτο
1564 1586 1618 1623 γὰρ
1644 1588 1671 1614 αἱ
1694 1588 1801 1622 λογικαὶ
1830 1589 1937 1623 μέθοδοι

1147 1628 1212 1663 ἡμῖν
1240 1629 1452 1663 διαγορεύουσιν.

1180 1673 1212 1700 δ’.
1230 1684 1239 1700 ι
1259 1674 1393 1707 Ἕκαστος
1407 1676 1547 1711 γεννήτωρ
1563 1676 1694 1712 πρότερός
1709 1677 1766 1703 ἔστι
1779 1677 1825 1703 τῡῦ
1838 1678 1939 1704 οίκεῐου

1146 1720 1323 1754 γεννήματος.
1340 1729 1349 1746 ι
1373 1720 1458 1748 Τοῦτο
1480 1721 1688 1756 νομοθετοῦντός
1702 1723 1774 1749 ἐστιν
1793 1724 1839 1750 ἐπὶ
1859 1724 1938 1756 Θεοῦ,

1145 1765 1176 1791 τὸ
1189 1765 1290 1800 ἀληθὲς
1304 1765 1332 1792 δὲ
1350 1766 1478 1800 οὐδαμῶς
1496 1767 1621 1801 λέγοντος
1637 1776 1645 1784 ο
1667 1769 1698 1794 τὸ
1718 1769 1808 1795 τοίνυν
1830 1770 1940 1804 γεννή-

1146 1818 1203 1844 τωρ
1218 1809 1316 1845 ὄνομα,
1328 1811 1387 1846 ἦτοι
1401 1811 1455 1838 τῶν
1469 1812 1531 1838 καθ’
1544 1812 1610 1839 αὑτό
1630 1814 1713 1845 ἐστιν,
1740 1814 1756 1849 ἢ
1785 1815 1839 1840 τῶν
1872 1816 1942 1850 πρός

1145 1864 1172 1882 τι
1185 1864 1192 1871 ⁸
1211 1856 1279 1883 ἀ).λά
1294 1856 1348 1892 μὴν
1361 1857 1414 1883 τῶν
1430 1858 1493 1884 καθ’
1510 1858 1576 1885 αὐτὸ
1587 1859 1637 1885 οὐκ
1653 1858 1727 1885 ἔστιν
1742 1867 1749 1874 ·
1775 1860 1805 1886 οὐ
1826 1860 1880 1896 γὰρ
1907 1861 1941 1888 ἂν

1147 1901 1215 1937 πρὸς
1243 1902 1367 1938 γέννημα
1391 1904 1440 1939 τὴν
1465 1905 1606 1941 ἀναφορὰν
1627 1904 1682 1941 εἶχε
1705 1915 1712 1922 ·
1740 1907 1819 1941 δῆλον
1833 1908 1943 1934 ὅτιτῶν

1146 1947 1215 1982 πρός
1229 1956 1255 1974 τι
1268 1956 1275 1964 ·
1287 1949 1310 1974 εἰ
1327 1946 1373 1975 οὖν
1391 1949 1421 1975 τὸ
1428 1951 1582 1985 γεννήτωρ
1599 1951 1653 1978 τῶν
1666 1952 1735 1988 πρὸς
1745 1953 1771 1979 τί
1787 1954 1871 1986 ἐστιν,
1904 1954 1941 1980 τὰ

1146 1992 1174 2019 δὲ
1184 1993 1251 2028 πρός
1260 2002 1286 2020 τι
1302 1994 1360 2030 ἅμα
1374 1996 1406 2030 τῇ
1423 1995 1514 2029 φύσει,
1525 1997 1560 2023 τὰ
1578 1997 1605 2023 δὲ
1625 1998 1683 2033 ἆμα
1706 2000 1738 2033 τῇ
1763 1999 1854 2033 φύσει,
1881 1999 1943 2034 ἅμα

1147 2038 1176 2065 τέ
1190 2040 1260 2065 εἰσιν
1272 2041 1319 2066 καὶ
1338 2040 1389 2066 οὑκ
1401 2041 1483 2072 εἰσιν,
1500 2042 1530 2068 τὸ
1543 2043 1694 2078 γεννήτωρ
1705 2044 1760 2079 ἄρα
1781 2045 1841 2071 καθ’
1853 2045 1867 2071 ὃ
1881 2053 1944 2079 γεν-

1147 2084 1249 2120 νήτωρ⁹
1264 2085 1332 2119 προς
1345 2085 1374 2111 ὃν
1385 2085 1433 2120 τήν
1448 2088 1588 2122 ἁναφερὰν
1602 2088 1669 2123 ἔχει,
1690 2089 1720 2116 τὸ
1744 2090 1877 2125 πρότερον
1894 2092 1944 2117 καὶ

1148 2127 1262 2165 ὕστερον
1273 2131 1322 2165 οὐχ
1337 2130 1403 2164 ἕξει.
1421 2131 1453 2158 Εἰ
1467 2131 1514 2159 οὖν
1534 2134 1564 2160 τὺ
1589 2134 1742 2169 γεννήτωρ
1756 2136 1786 2162 τὸ
1809 2136 1944 2172 πρότεροι

1149 2177 1195 2202 καὶ
1209 2175 1323 2212 ὕστερον
1336 2178 1384 2213 οὐχ
1394 2178 1461 2211 ἔξει,
1476 2179 1544 2214 ἔφης
1559 2180 1588 2206 δὲ
1600 2181 1641 2207 ὅτι
1661 2181 1777 2214 ἕκαστος
1801 2183 1944 2218 γεννήτωρ

1151 2221 1281 2258 πρότερός
1297 2223 1355 2250 ἐστι
1372 2224 1418 2251 τοῦ
1431 2225 1534 2252 οἰκείου
1548 2228 1719 2262 γεννήματος
1736 2236 1742 2243 ·
1761 2229 1877 2264 φανερὸν
1902 2229 1945 2256 ὅτι

1150 2267 1181 2293 τὸ
1203 2268 1365 2303 γεννήτωρ,
1389 2270 1420 2296 οὐ
1436 2271 1496 2297 καθ’
1520 2271 1533 2298 ὃ
1554 2273 1705 2309 γεννήτωρ,
1722 2273 1790 2300 ἀλλὰ
1807 2274 1868 2301 κατ’
1879 2275 1946 2301 ἄλλο

1149 2323 1186 2347 τι,
1206 2316 1267 2342 καθ’
1278 2315 1292 2342 ὃ
1304 2316 1453 2352 Σωκράτης
1469 2318 1485 2353 ἢ
1503 2319 1615 2354 Πέτρος.
1631 2320 1661 2346 Et
1673 2319 1721 2347 οὖν
1743 2320 1773 2347 τδ
1791 2321 1946 2356 γεννήτωρ

1151 2359 1236 2395 ὃνομα
1253 2362 1301 2387 ἐπὶ
1319 2362 1387 2388 Θεοῦ
1405 2364 1452 2389 καὶ
1466 2365 1571 2399 Πατρὸς
1598 2365 1779 2393 ὕποστατικόν
1802 2368 1871 2400 ἐστι,
1896 2369 1947 2394 καὶ

1151 2406 1221 2432 κατὰ⁴
1238 2407 1318 2433 τοῦτο
1335 2407 1415 2442 μόνον
1423 2409 1453 2435 τὸ
1469 2409 1534 2435 [διον
1547 2410 1596 2445 τῆς
1613 2411 1788 2444 ὑποστάσεως
1802 2421 1946 2447 χαρακτη-

1151 2451 1274 2486 ρίζεται·
1295 2452 1373 2479 τοῦτο
1387 2453 1416 2479 δὲ
1431 2454 1564 2482 δέδεικται
1582 2456 1650 2491 προς
1677 2456 1706 2483 ὃν
1732 2458 1783 2492 τὴν
1804 2458 1948 2493 ἀναφορὰν

1151 2497 1181 2523 τὺ
1194 2497 1326 2534 πρότερον
1336 2499 1384 2525 καὶ
1405 2499 1518 2535 ὕστερον
1535 2501 1572 2537 μὴ
1589 2502 1661 2537 ἕχον,
1689 2503 1806 2538 φανερὸν
1822 2503 1875 2538 ἄρα
1904 2505 1948 2531 ὃτι

1151 2543 1165 2570 6
1183 2543 1250 2576 Θεὸς
1274 2545 1320 2570 καὶ
1340 2545 1434 2582 ῌατήρ
1460 2548 1599 2583 γεννήτωρ
1624 2548 1671 2581 ὢν,
1690 2549 1738 2576 τοῦ
1757 2550 1858 2576 οἰκείου
1884 2559 1949 2584 γεν-

1151 2590 1282 2625 νήματος,
1302 2591 1334 2618 τδ
1359 2593 1490 2629 πρότερον
1520 2595 1570 2629 οὐχ
1588 2595 1644 2628 ἕξει
1660 2603 1668 2612 ’
1692 2597 1716 2623 εί
1740 2596 1768 2622 δὲ
1799 2597 1851 2632 οὐχ
1877 2598 1947 2630 ἔξει,

1151 2636 1230 2671 δῆλον
1253 2638 1294 2664 ὅτι
1324 2638 1383 2673 ἅμα
1399 2647 1406 2655 ·
1434 2641 1458 2666 εί
1475 2640 1503 2667 δὲ
1524 2641 1591 2676 ἅμα,
1607 2643 1654 2669 καὶ
1674 2643 1808 2674 συναῖδιος
1825 2651 1832 2658 ·
1848 2645 1862 2670 ὸ
1880 2644 1949 2676 Υἱὸς

1151 2683 1206 2719 ἄρα
1232 2684 1279 2711 τοῦ
1313 2685 1418 2721 Πατρὸς
1443 2688 1577 2719 συναΐδιός
1608 2690 1665 2715 ἐστι
1683 2698 1689 2704 ·
1719 2690 1765 2716 καὶ
1791 2689 1878 2722 οὕτως
1911 2691 1948 2718 δι’

1152 2726 1182 2755 οὗ
1214 2729 1315 2762 ἐδόκεις
1349 2733 1535 2767 παρακρούειν
1548 2753 1556 2766 ,
1575 2734 1810 2770 παρακέκρουσαι.
1832 2745 1841 2760 ι
1860 2736 1951 2763 Ἕκα-

1153 2783 1215 2807 στος
1228 2777 1368 2813 γεννήτωρ
1385 2778 1518 2814 πρότερός
1533 2780 1591 2806 ἐστι
1606 2780 1652 2806 τοῦ
1675 2781 1777 2808 οἰκείου
1804 2782 1886 2816 γεννή
1892 2791 1949 2816 μα-

1153 2830 1206 2853 τος.
1230 2831 1239 2846 ι
1259 2822 1344 2849 Τοῦτο
1367 2824 1396 2850 ἐν
1413 2825 1478 2860 ἡμῖν
1498 2825 1590 2862 χώραν
1614 2826 1671 2862 ἔχει
1691 2835 1699 2843 ·
1722 2827 1769 2854 καὶ
1795 2820 1836 2855 ὅτι
1859 2827 1950 2859 οὕτως

1155 2867 1222 2901 ἔχει,
1237 2867 1316 2902 δῆλον
1326 2869 1451 2897 ἐντεῦθεν
1468 2879 1475 2887 ·
1491 2872 1570 2899 Πᾶσα
1589 2871 1715 2908 δύναμις,
1733 2873 1807 2905 τινὸς
1837 2873 1919 2900 ἕνεκα
1941 2881 1949 2889 ·
