2083 3155
206 167 259 199 813

778 159 993 191 REFUTATIO
1024 159 1259 189 MOHAMEDIS.

1775 160 1827 191 δτι

205 225 230 250 εἰ
259 222 313 256 γὰρ
333 221 371 256 μὴ
393 219 476 246 ἓνεκά
504 227 586 251 τινος,
614 218 702 252 μάτην
721 223 726 230 “
752 218 840 252 μάτην
854 217 884 243 δὲ
900 216 961 243 οὔτε
974 216 991 250 ,ὁ

1045 215 1233 243 manifestum.
1249 214 1371 242 Potentia
1390 214 1479 241 omnis
1507 219 1617 249 propter
1637 215 1738 250 aliquid
1764 223 1806 244 est
1823 225 1830 243 :

205 267 270 300 Θεδς
288 268 369 298 ποιεῖ,
382 265 443 292 οὔτε
459 265 564 300 ἡφύσις
583 273 590 280 ·
609 263 687 297 δῆλον
714 263 754 290 ὅτι
773 263 854 290 ἕνεκα
871 271 877 278 ·
895 263 919 288 εἰ
946 260 991 288 οὖν

205 315 222 349 ἡ
241 313 356 348 δύναμις
375 311 456 338 ἕνεκά
471 319 552 343 τινος,
565 310 645 345 δῆλον
664 310 704 336 ὅτι
720 309 767 335 καὶ
788 309 818 335 τὺ
830 307 962 335 δύνασθαι
984 316 991 322 ·

205 359 258 385 πᾶν
277 357 349 385 δὲτὸ
363 356 491 383 δύνασθαί
504 365 530 382 τι
544 357 642 388 ποιεῖν,
660 356 707 382 καὶ
726 355 843 389 ποιήσει.
861 355 885 380 εἰ
907 354 944 389 μή
967 362 993 379 τι

203 404 234 431 τὸ
249 403 452 438 παρεμποδὶξον
469 411 477 417 ”
491 403 515 428 εἰ
534 401 580 428 οὖν
593 402 622 428 ὲν
636 403 701 436 ἡμῖν
716 401 790 427 ἐστιν
800 400 919 434 ἔμφυτος
949 399 994 425 δύ-

203 459 285 485 ναμις
295 449 326 475 τὸ
336 450 514 482 τεκνοποιεῖν,
531 447 710 482 κεκωλύμεθα
719 447 757 479 δὲ,
771 447 849 482 δῆλον
862 447 904 472 ὅτι
920 455 992 481 παρ-

203 495 394 530 εμποόίζοντός
411 503 483 526 τινος
499 501 506 509 ·
517 495 546 520 ὲν
565 494 592 520 δὲ
605 494 644 528 τῷ
663 493 722 528 Θεῷ
736 493 812 520 οὐδὲν
837 492 993 518 ὰντίσθενον

202 542 219 576 ἢ
247 540 448 576 παρεμποδίζον
465 547 471 554 ·
491 539 607 575 φανερὸν
617 540 658 566 ἔτι
674 539 722 566 καὶ
742 540 758 574 ἡ
773 539 900 574 γέννησις
922 537 992 572 σύμ-

203 595 286 622 φυτος
304 595 310 602 ·
327 586 392 612 εἰδὲ
409 586 559 620 σύμφυτος,
578 585 624 612 καὶ
648 586 722 620 ἅμα·
746 586 770 611 εὶ
800 584 829 611 δὲ
863 584 932 618 ἅμα.
962 583 992 610 οὐ

204 631 336 668 πρότερον
351 631 398 658 καὶ
414 631 526 666 ὕστερον
543 639 549 645 ·
566 631 636 658 ὥστε
656 631 734 666 δῆλον
751 631 792 657 ὅτι
806 630 836 657 τὸ
860 630 993 664 πρότερον

203 677 249 703 καὶ
264 676 377 711 ὕστερον
396 677 442 702 ἐπὶ
470 677 538 703 Θεοῦ
567 677 660 712 χώραν
688 677 737 703 οὐκ
763 676 845 712 ἔχει.‹
859 676 993 707 Ἕκαστος

201 723 341 758 γεννήτωρ
371 723 503 759 πρότερός
535 724 592 750 ἐστι
616 723 661 750 τοῦ
673 724 775 751 οἰκείου
792 724 990 758 γεννήματος.»

202 769 288 796 Πόθεν
308 769 358 801 τὰς
380 770 477 804 ἀρχᾶς,
499 765 522 796 ὧ
548 767 635 802 οὗτος,
660 769 795 806 εἴληφας
823 771 848 796 οἰ
870 770 920 805 μὲν
939 770 993 805 γὰρ

203 815 286 849 μηδὲν
298 816 386 843 κοινὸν
398 815 444 842 τοῦ
461 816 569 843 κτίστου
594 817 642 842 καὶ
660 816 715 842 τῶν
739 817 896 852 κτισμάτων
925 817 993 842 ὐπο-

201 859 353 894 τιθέμενοι,
376 861 490 892 ἑαυτοὺς
523 861 772 896 παραλογιζονται,
814 862 919 892 ταυτώς
947 862 993 888 ἐπὶ

1046 269 1107 288 nam
1124 261 1146 288 si
1164 264 1273 295 propter
1295 260 1396 294 aliquid
1417 268 1469 286 non
1501 261 1546 292 sit,
1575 269 1644 288 vana
1675 267 1738 291 est:
1764 263 1833 290 nihil

1045 314 1126 341 porro
1142 315 1240 334 vanum
1258 307 1330 334 Deus
1351 306 1415 333 l'ncit
1446 314 1535 340 neque
1562 311 1669 334 natura.
1699 307 1746 334 Est
1767 316 1832 344 ergo

1043 357 1156 387 propter
1181 352 1295 386 aliquid.
1321 352 1349 378 Si
1367 359 1432 386 ergo
1460 352 1581 386 potentia
1607 357 1716 387 propter
1729 354 1834 388 aliquid

1045 403 1096 428 est,
1114 402 1188 432 patet
1199 397 1270 432 quod
1283 399 1365 425 etiam
1379 405 1474 432 posse;
1491 405 1571 425 omne
1597 403 1687 425 autem
1703 401 1776 434 quod
1792 399 1835 426 fa-

1044 450 1105 469 cere
1121 442 1223 476 aliquid
1244 446 1343 477 potest,
1367 450 1396 469 re
1426 449 1536 476 quoque
1562 450 1626 469 vera
1657 442 1747 473 faciet,
1779 443 1831 470 nisi

1047 488 1149 523 aliquid
1162 488 1307 516 obstiterit.
1323 488 1350 514 Si
1365 495 1430 522 ergo
1445 488 1471 514 in
1487 488 1565 515 nobis
1586 491 1629 514 est
1644 487 1724 515 insita
1742 493 1835 522 poten-

1046 534 1080 561 tia
1098 534 1199 561 liberos
1222 533 1361 569 gignendi,
1394 534 1573 569 prohibemur
1597 538 1698 564 autem.
1727 538 1833 561 constat

1045 580 1117 614 quod
1133 580 1236 616 aliquid
1256 588 1305 608 nos
1322 580 1461 615 impediat.
1478 581 1561 615 Atqui
1577 580 1632 607 Deo
1646 580 1713 607 nihil
1731 581 1835 608 resistit

1046 631 1092 653 aut
1107 627 1198 654 obstat
1219 636 1225 654 ι
1245 632 1354 655 constat
1376 634 1440 660 ergo
1456 626 1659 661 generationem
1685 634 1794 661 quoque
1807 627 1834 653 ei

1045 680 1107 700 esse
1131 674 1340 700 contraturalem
1363 672 1455 707 :quod
1480 672 1502 699 si
1521 671 1721 704 connaturalis,
1738 672 1834 698 simul—

1045 723 1126 745 tanea
1140 726 1250 754 quoque
1266 723 1326 751 est;
1345 719 1417 752 quod
1433 719 1457 745 si
1486 717 1662 748 simultanca.
1690 718 1745 751 jam
1778 725 1833 744 non

1046 769 1088 791 est
1106 764 1244 801 priornec
1261 764 1396 799 posterior
1414 773 1420 790 :
1438 765 1510 791 unde
1525 768 1636 791 constat
1652 764 1729 798 prius
1740 769 1765 791 et
1783 772 1834 799 po-

1044 811 1146 837 sterius
1160 810 1186 837 in
1202 810 1256 838 Deo
1270 818 1323 837 non
1337 810 1492 838 usuvenirc.
1506 819 1515 836 t
1530 809 1626 838 Omnis
1638 810 1744 845 genitor
1761 811 1835 845 prior

1046 860 1088 883 est
1101 856 1211 890 proprio
1224 857 1389 891 genimine.»
1406 855 1548 883 Undenam
1566 856 1833 891 principia,osodcs,

201 904 268 931 Θεοῦ
281 906 328 931 καὶ
348 905 404 932 τῶν
423 906 582 941 κτισμάτων
605 906 651 938 τὰς
680 907 755 938 θείας
775 907 866 941 φωνὰς
886 908 991 941 ἐκλαμ-

1045 901 1205 935 sumpsisti?
1222 899 1289 927 Nam
1308 900 1355 935 qui
1382 900 1450 927 nihil
1463 907 1524 928 esse
1540 908 1687 927 commune
1711 900 1833 928 Creatori

201 950 327 982 ϐάνοντες
341 959 348 966 ”
366 951 411 977 καὶ
426 952 456 978 τὸ
467 952 599 986 πρότερον
612 952 709 987 λῆμμα
723 952 767 978 διὰ
790 951 837 978 τοῦ
864 952 990 986 δευτέρου

200 995 444 1031 ἐξοστρακίζεται,
471 997 518 1022 καὶ
545 997 625 1023 πάλιν
651 997 697 1023 διὰ
727 997 773 1023 τοῦ
803 997 936 1033 προτέρου
962 997 992 1023 τὺ

199 1041 326 1076 δεύτερον
341 1050 349 1058 ·
367 1042 480 1077 καὶγὰρ
500 1044 524 1069 εὶ
542 1043 596 1070 πᾶν
617 1043 722 1078 ποίημα
751 1042 840 1074 ἐνδεές
861 1044 918 1070 ἑστι
946 1043 992 1070 τοῦ

200 1084 364 1119 ποιήσαντος
377 1085 420 1111 διὰ
435 1086 466 1112 τὸ
476 1086 584 1121 πρῶτον
601 1086 712 1121 ἀξίωμα
726 1093 732 1100 ’
743 1086 758 1113 ὁ
773 1087 802 1113 δὲ
822 1087 855 1113 ἐκ
865 1087 912 1112 τοῦ
927 1094 991 1121 γεν-

200 1132 313 1166 νήτορος
329 1131 425 1165 Λόγος,
445 1133 477 1158 ἐκ
491 1131 545 1158 τῶν
561 1133 720 1167 ποιημάτων
733 1132 779 1159 τὸν
793 1133 909 1168 ποιητὴν
923 1132 991 1168 πρό-

199 1185 278 1211 τερον
293 1177 563 1212 κατασυλλογίζεται,
580 1179 668 1211 ἐνδεές
684 1179 712 1205 τέ
730 1179 788 1205 ἐστι
803 1180 850 1206 καὶ
870 1179 920 1206 οὐκ
946 1180 991 1206 ἐν-

200 1222 268 1254 δεὲς.
285 1223 332 1249 καὶ
355 1224 454 1249 ταυτὸν
473 1224 503 1250 οὺ
526 1224 623 1252 ταυτὸν
639 1226 695 1252 πᾶν
715 1225 822 1261 ποίημα
846 1225 894 1253 τοῦ
915 1227 992 1262 ποιή-

201 1275 308 1302 σαντος,
323 1269 391 1304 ὅπερ
406 1269 546 1296 ἀδύνατον.

236 1355 267 1384 ε’.
284 1356 406 1392 Εἴδωμεν
416 1357 444 1384 δὲ
460 1358 507 1385 καὶ
520 1359 550 1385 τὸ
564 1360 761 1396 ἐπιφερόμενον
781 1369 788 1378 ·
805 1361 861 1396 ἔχει
891 1362 918 1389 δὲ
945 1363 991 1390 καὶ

202 1402 286 1435 οὕτως
303 1411 310 1418 ·
327 1412 336 1428 ι
362 1403 471 1440 Ἐπειδὴ
489 1405 536 1432 ἐὰν
553 1406 654 1440 ἡγῆσαι
669 1407 732 1441 μίαν
759 1407 846 1443 ἀρχὴν
872 1409 993 1444 ἀμφοτέ-

203 1456 270 1480 ροις,
284 1449 330 1475 τοῦ
343 1457 373 1475 τε
390 1450 496 1485 Πατρδς
527 1452 574 1477 καὶ
593 1451 670 1484 Υἰοῦ,
699 1453 849 1480 ἀπόλλυται
871 1455 888 1490 ἡ
914 1453 992 1487 τάξις

200 1494 249 1528 τῆς
264 1495 383 1529 σχέσεως
399 1497 415 1531 ἡ
428 1496 495 1523 οὖσα
510 1498 542 1523 ἐκ
553 1497 599 1524 τοῦ
623 1499 785 1534 γεννήτορος
801 1500 868 1535 πρὸς
883 1500 912 1527 τὸ
928 1501 991 1535 γέν-

200 1547 295 1574 νημα’
313 1541 360 1567 καὶ
374 1543 614 1576 καταναγκάζεται
635 1545 650 1579 ή
668 1545 764 1580 κλῆσις
791 1547 844 1573 τῶν
871 1547 991 1581 ἀμφοτὲ-

203 1595 257 1620 ιοων
271 1588 437 1622 χωρισθῆναι
450 1589 497 1615 τοῦ
521 1591 718 1626 γεγεννηκότος
744 1592 790 1618 καὶ
813 1594 991 1627 γεννήματος,

200 1631 248 1658 τοῦ
267 1634 490 1677 προῦπᾲρχοντος
508 1637 554 1662 καὶ
577 1638 837 1673 μεταγενεστέρου»
859 1639 993 1675 Ἀπήλλα-

203 1677 332 1713 ξαςὴμᾶς
347 1681 528 1715 πραγμάτων,
546 1679 568 1708 ὧ
583 1682 670 1716 φίλος,
687 1683 804 1716 ἐξειπὼν
822 1685 852 1711 τὸ
871 1686 995 1722 ἀπόρρη-

201 1733 247 1750 τον
267 1732 274 1738 ·
291 1725 379 1760 εἰμὲν
393 1726 447 1762 γὰρ
465 1726 560 1763 ἑώρων
574 1728 604 1754 τὸ
620 1729 695 1763 παρὰ
715 1729 762 1756 σοῦ
778 1730 910 1765 προτεθὲν
925 1731 993 1765 λημ-

203 1771 300 1804 μάτιον
312 1772 342 1798 τὸ
358 1772 446 1806 λέγον,
460 1783 468 1799 ι
484 1773 620 1806 Ἕκαστος
635 1776 776 1811 γεννήτωρ
793 1777 923 1812 πρότερός
937 1777 994 1803 ὲστι

202 1817 250 1843 τοῦ
262 1818 362 1844 οἰκείου
373 1821 553 1853 γεννήματος.
570 1830 579 1846 ι
594 1821 642 1846 ἐπὶ
653 1821 721 1850 Θεοῦ
737 1821 828 1856 χώραν
842 1822 915 1856 ἕχον,
924 1822 995 1857 τάχα

202 1863 235 1891 ἂν
247 1865 293 1890 καὶ
307 1864 345 1900 μὴ
358 1865 441 1892 θέλων
456 1867 488 1901 τῇ
502 1866 615 1902 ἀληθείᾳ
630 1868 871 1902 συνεφελκόμενος,
896 1869 942 1895 καὶ
965 1867 995 1894 τὺ

201 1910 328 1946 δεύτερον
340 1911 498 1947 ὡμολόγουν
510 1921 518 1929 ο
534 1913 594 1940 ἐπεὶ
611 1914 638 1940 δὲ
655 1914 734 1941 τοῦτο
751 1914 833 1941 ἕωλον
844 1915 890 1940 καὶ
907 1915 995 1949 πάντη

201 1955 300 1989 ψευδὲς
315 1957 362 1983 ἐπὶ
377 1956 445 1983 Θεοῦ
462 1958 508 1984 καὶ
527 1958 668 1994 ἀλλότριον
687 1960 701 1986 ὁ
720 1958 798 1993 λόγος
825 1959 935 1993 ἔδειξεν,
964 1959 994 1986 οὔ

204 2010 240 2036 με
258 2002 337 2036 λόγος
354 2005 559 2037 καταναγκάσει
582 2006 673 2032 καὶτὸ
695 2006 894 2041 ἐπιφερόμενον
920 2006 996 2033 τιθέ-

204 2056 248 2075 ναι
263 2055 270 2062 ’
284 2049 331 2075 καὶ
348 2049 400 2084 γὰρ
413 2050 460 2077 ἐὰν
474 2050 520 2076 δύο
534 2052 594 2078 τινὰ
609 2048 670 2083 ὦσι,
687 2052 734 2079 καὶ
745 2052 776 2078 τὸ
788 2053 839 2087 μὲν
864 2053 894 2078 ἐν
920 2052 995 2085 τάξει

203 2095 357 2128 ήγουμένου
371 2095 511 2130 εἴληπται,
527 2097 557 2124 τὸ
576 2098 603 2126 δὲ
616 2100 644 2125 ἐν
657 2100 690 2134 τῇ
702 2098 748 2125 τοῦ
761 2099 906 2134 ὲπὸμενου,
917 2100 997 2134 δῆλον

203 2141 245 2166 ὅτι
261 2141 307 2167 τοῦ
321 2142 474 2177 ἡγουμένου
501 2144 728 2180 ὁμολογηθέντος,
754 2146 802 2172 καὶ
817 2146 846 2172 τὺ
865 2146 998 2181 ἑπόμενον

203 2186 312 2220 ἕψεται·
323 2188 371 2222 οὐχ
380 2188 474 2222 ἕψεται
489 2189 526 2221 δὲ,
539 2191 585 2217 τοῦ
594 2192 745 2225 ἡγουμένου
755 2192 885 2227 μηδαμῶς
906 2193 998 2227 ὀμολο.

1043 953 1105 972 cum
1118 946 1251 973 creaturis
1268 944 1393 978 credunt,
1409 950 1504 973 errant
1520 947 1583 972 dum
1603 946 1699 972 eodem
1712 953 1794 973 sensu
1808 950 1835 972 et

1043 991 1077 1018 de
1089 990 1144 1018 Deo
1159 996 1185 1018 et
1201 991 1234 1018 de
1248 991 1382 1019 creaturis
1395 991 1486 1018 divina
1501 991 1632 1018 vocabula
1653 996 1788 1024 sumunt;
1807 996 1835 1018 ct

1043 1029 1119 1072 prius
1134 1037 1234 1064 lemma
1254 1045 1268 1064 a
1287 1037 1409 1065 secundo
1434 1037 1608 1070 excluditur;
1629 1037 1804 1071 vicissimque
1819 1045 1833 1062 ιι

1042 1084 1134 1118 priore
1149 1084 1312 1111 secundum.
1329 1084 1434 1110 Etenim
1451 1084 1474 1111 si
1488 1083 1579 1111 omnis
1598 1083 1704 1110 factura
1720 1082 1835 1110 inferior

1041 1134 1084 1157 est
1097 1129 1211 1162 factore,
1235 1134 1345 1164 propter
1377 1130 1514 1165 prioratus
1545 1130 1703 1165 dignitatem
1727 1138 1734 1162 ;
1758 1131 1832 1165 quod

1042 1180 1132 1203 autem
1148 1181 1190 1203 est
1211 1183 1243 1203 ex
1255 1176 1377 1210 genitore
1389 1175 1517 1210 Verbum,
1532 1184 1564 1203 ex
1577 1176 1687 1203 iacturis
1701 1176 1832 1204 factorem

1042 1221 1134 1256 arguit
1144 1229 1205 1249 esse
1220 1221 1298 1256 prius
1312 1230 1319 1254 ;
1337 1221 1405 1248 illud
1428 1222 1538 1256 quidem
1565 1226 1592 1248 et
1609 1221 1726 1249 inferius
1741 1222 1794 1249 erit
1806 1227 1834 1249 et

1042 1274 1096 1294 non
1112 1266 1245 1299 inferius,
1275 1267 1346 1294 idem
1361 1271 1388 1294 et
1403 1274 1458 1294 non
1478 1267 1558 1300 idem,
1578 1267 1650 1302 quod
1669 1272 1712 1295 est
1729 1267 1833 1303 impos-

1041 1313 1131 1340 sibilo.

1076 1358 1103 1386 5.
1127 1359 1272 1386 Videamus
1288 1358 1346 1393 jam
1363 1358 1436 1394 quod
1454 1359 1491 1386 ibi
1514 1359 1636 1392 additur.
1652 1360 1688 1388 ita
1709 1360 1783 1388 enim
1804 1367 1834 1389 se

1042 1405 1123 1433 habet
1139 1415 1145 1432 :
1167 1414 1177 1431 ι
1195 1405 1264 1438 Quia
1281 1405 1303 1432 si
1321 1410 1399 1439 putes
1418 1413 1503 1432 unum
1519 1413 1581 1433 es~e
1599 1406 1764 1441 principium
1776 1413 1835 1434 am-

1041 1451 1151 1483 borum,
1166 1452 1255 1479 Patris
1267 1451 1391 1479 videlicet
1403 1457 1486 1486 atque
1514 1451 1586 1485 Filii,
1603 1453 1674 1487 perit
1692 1453 1834 1480 relationis

1042 1499 1122 1530 ordo,
1144 1505 1205 1532 qua:
1215 1498 1360 1525 intercedit
1380 1498 1453 1526 inter
1475 1499 1625 1533 genitorem
1642 1503 1670 1526 et
1689 1499 1809 1533 genitura
1825 1507 1833 1526 :

1044 1545 1205 1579 cogiturque
1222 1545 1365 1572 amborum
1378 1545 1525 1580 appellatio
1543 1545 1648 1580 seiungi
1666 1553 1680 1574 a
1706 1546 1835 1580 gignente

1044 1594 1071 1617 et
1083 1597 1098 1616 a
1113 1591 1216 1625 genito,
1235 1598 1250 1617 a
1270 1591 1475 1625 prteexsistente
1492 1595 1519 1619 et
1544 1591 1705 1626 posteriore.
1720 1601 1731 1617 ›
1753 1591 1833 1618 Libe-

1044 1636 1110 1663 rasli
1125 1644 1167 1664 me
1179 1637 1298 1671 negotio,
1313 1644 1331 1663 o
1345 1637 1436 1669 sodes,
1451 1644 1585 1665 arcanum
1604 1645 1749 1665 enarratis.
1765 1637 1833 1664 Nam

1044 1682 1067 1710 si
1087 1682 1154 1709 mihi
1170 1682 1369 1716 persuasissem
1388 1691 1403 1710 a
1418 1687 1446 1711 te
1471 1683 1571 1710 dictam
1594 1683 1758 1711 sententiam
1774 1691 1835 1718 quae

1044 1728 1097 1755 ait:
1111 1738 1119 1753 ι
1132 1727 1227 1755 Omnis
1241 1729 1346 1763 genitor
1359 1729 1434 1763 prior
1443 1733 1484 1757 est
1499 1730 1610 1764 proprio
1619 1730 1765 1765 genimine.
1779 1739 1790 1756 ι
1807 1730 1834 1756 in

1044 1773 1100 1802 Deo
1126 1775 1290 1806 usuvenire.
1309 1774 1427 1802 fortasse
1452 1775 1562 1802 etiamsi
1589 1775 1703 1807 invitus,
1719 1776 1833 1803 veritate

1045 1821 1214 1855 compulsus,
1233 1822 1379 1848 secundam
1396 1821 1467 1848 hanc
1478 1829 1590 1856 quoque
1606 1822 1763 1849 confiterer.
1782 1821 1834 1848 Sed

1045 1866 1108 1900 quia
1136 1867 1210 1893 illam
1237 1866 1341 1894 futilcm
1365 1875 1427 1894 esse
1457 1873 1541 1902 atque
1569 1868 1682 1895 omnino
1707 1867 1835 1895 falsama

1046 1912 1157 1947 Dcoque
1182 1913 1298 1940 alienant
1325 1921 1417 1941 sermo
1447 1918 1540 1940 uester
1556 1913 1773 1944 demonstravit.
1792 1922 1836 1940 mo

1046 1962 1120 1986 certe
1133 1959 1307 1986 ratiocinium
1326 1967 1381 1986 non
1394 1964 1473 1994 coget
1484 1959 1656 1994 subjunctam
1672 1959 1835 1986 sententiam

1046 2004 1125 2038 pensi
1139 2004 1248 2032 habere.
1263 2004 1330 2031 Nam
1352 2005 1373 2031 si
1386 2005 1440 2031 duo
1455 2004 1524 2031 forte
1537 2005 1601 2035 sint.
1617 2012 1735 2039 quorum
1753 2013 1834 2032 unum

1047 2049 1226 2084 prmcedentis
1257 2049 1317 2077 loco
1344 2050 1486 2082 habeatur,
1512 2050 1628 2088 alterum
1656 2057 1720 2076 vero
1739 2050 1836 2077 subse-

1048 2095 1158 2129 quentis
1172 2116 1178 2127 ,
1195 2099 1269 2129 patet
1282 2096 1452 2129 praecedente
1476 2102 1617 2127 concesso,
1634 2103 1752 2130 sequens
1765 2103 1836 2131 quo-

1049 2147 1102 2175 que
1117 2148 1278 2168 concessum
1292 2142 1323 2168 iri
1342 2151 1348 2168 :
1363 2149 1417 2168 non
1430 2146 1520 2168 tamen
1533 2141 1710 2175 concedetur,
1722 2143 1749 2170 si
1766 2150 1836 2177 prm-

1050 2187 1150 2214 cedens
1183 2187 1259 2214 nullo
1289 2187 1370 2214 modo
1401 2187 1570 2215 admittatur.
1597 2187 1655 2215 lloc
1683 2193 1774 2215 autent
1798 2189 1838 2216 sic

204 2233 353 2268 γηοέντος·
374 2235 454 2262 τοῦτο
472 2235 500 2262 δὲ
525 2236 605 2270 δῆλον
625 2234 676 2263 ὦδε
692 2245 700 2253 ⁸
734 2238 824 2264 Ἔστω
850 2238 993 2272 ἄνθρωπος

1049 2232 1220 2266 explanatur.
1241 2233 1305 2260 Esto
1323 2233 1496 2268 homOntque
1514 2234 1615 2261 animal
1629 2239 1674 2261 :et
1684 2235 1762 2262 homo
1776 2235 1838 2270 qui-

206 2279 253 2305 καὶ
279 2279 348 2311 ζῶον
365 2287 373 2295 ⁸
394 2281 441 2307 καὶ
462 2281 493 2307 τὺ
520 2282 569 2316 μὲν
587 2282 743 2316 ἅνθρωπος
763 2283 884 2319 εἰλήφθω
913 2284 996 2318 ἡγού-

208 2335 297 2361 μενος,
313 2328 342 2354 τὸ
361 2328 389 2353 δὲ
403 2328 472 2359 ζῶον
485 2329 618 2363 ἑπόμενον
635 2338 641 2343 ·
654 2330 771 2366 φανερὸν
791 2331 838 2357 τοῦ
852 2331 995 2366 ἀνθρώπου

206 2372 360 2407 τιθεμένου,
391 2373 481 2400 καὶτὸ
507 2374 576 2406 ζῶον
607 2375 636 2406 ἐξ
658 2376 780 2411 ἀνάγκης
803 2376 898 2411 ἕψεται
917 2386 925 2393 ·
947 2377 996 2412 οὐχ

205 2417 301 2452 ἕψεται
316 2419 354 2450 δὲ,
368 2420 406 2454 μὴ
419 2420 563 2455 τιθεμένου
577 2421 682 2448 ἐκείνου
700 2430 707 2438 ”
723 2423 845 2449 τοιοῦτόν
870 2423 928 2449 ἐστι
949 2424 996 2449 καὶ

206 2466 236 2490 τ),
248 2465 323 2498 παρὰ
347 2466 394 2492 σοῦ
418 2466 664 2502 δραματουργηθέν
682 2475 688 2483 ·
710 2468 751 2494 διὸ
776 2468 800 2494 εἰ
832 2469 880 2503 μὲν
905 2468 996 2503 χώραν

207 2511 253 2537 ἐπὶ
261 2511 329 2538 Θεοῦ
342 2509 414 2546 εἶχεν
427 2512 467 2544 τὸ,
478 2513 629 2544 (Ἕκαστος
641 2513 781 2548 γεννήτωρ
795 2513 926 2549 πρότερός
939 2514 997 2540 ἐστι

206 2556 254 2582 τοῦ
266 2557 367 2584 οἰκείου
385 2559 565 2592 γεννήματος,
578 2568 586 2584 ›
598 2559 613 2593 ή
618 2558 676 2593 μῶν
683 2558 885 2594 ὁμολογούντων
893 2559 924 2585 τὸ
934 2568 997 2586 συν-

207 2603 292 2629 αἳδιον
306 2599 379 2638 ἔχειν
396 2604 442 2630 τὸν
456 2604 565 2639 Πατέρα
585 2605 633 2631 καὶ
647 2604 693 2631 τὸν
710 2605 784 2636 Υίὺν,
811 2604 928 2639 φανερὸν
956 2605 998 2631 ὃτι

208 2649 461 2685 κατηναγκάζετοή
480 2650 576 2685 κλῆσις
603 2649 633 2682 ἐξ
661 2650 784 2685 ἀλλήλων
806 2649 974 2685 χωρισθῆναι
988 2659 996 2666 σ

208 2696 270 2723 ἐπεὶ
285 2696 356 2723 δὲτὸ
369 2697 502 2732 πρότερον
523 2697 573 2723 οὐκ
590 2697 700 2732 ἀληθὲς.
717 2696 779 2723 οὐδὲ
803 2696 833 2724 τὸ
852 2696 978 2732 δεύτερον
989 2705 996 2712 ’

209 2743 256 2770 καὶ
269 2743 357 2775 οὕτως
370 2743 474 2778 ἠλίθιον
490 2744 625 2778 ὰνέφανεν
639 2744 670 2770 τὺ
685 2743 761 2778 παρά
777 2743 824 2770 σοῦ
839 2743 945 2778 λεχθέν.
979 2767 982 2770 .

245 2790 283 2823 ς’.
299 2791 353 2816 Καὶ
367 2790 468 2822 ἄλλως·
486 2790 518 2817 Εἰ
533 2790 576 2817 διὰ
592 2791 640 2826 τὴν
657 2790 845 2826 συναῐδιότητα
871 2789 920 2816 τοῦ
940 2790 999 2816 Πα-

208 2836 272 2870 τρὸς
288 2837 334 2864 καὶ
346 2836 411 2863 Υἱοῦ
423 2837 452 2870 ἐξ
472 2837 594 2872 ἀνάγκης
613 2836 665 2872 φὴς
680 2836 730 2868 τὰς
751 2836 859 2871 σχέσεις
881 2835 1000 2880 κεχωρί-

211 2883 284 2918 σθαι,
300 2884 505 2919 κατανειγκάτει
527 2884 628 2920 μᾶλλον
642 2885 656 2911 ὁ
670 2884 748 2918 λόγος
771 2883 816 2910 διὰ
836 2883 886 2919 τὴν
907 2883 1000 2918 σχέσιν

1046 2280 1107 2307 dem
1123 2280 1159 2308 sit
1178 2281 1266 2308 instar
1290 2281 1479 2316 praacedeulis,
1497 2282 1598 2308 animal
1620 2282 1813 2317 subsequentis
1829 2290 1836 2310 :

1047 2331 1156 2354 constat
1171 2326 1283 2354 homine
1296 2328 1450 2362 supposito,
1465 2328 1567 2355 animal
1585 2336 1696 2362 quoque
1708 2336 1837 2356 necessa-

1048 2371 1090 2399 rio
1102 2372 1315 2400 subsecutnrum
1330 2383 1336 2400 :
1354 2374 1424 2400 haud
1451 2379 1580 2407 sequetur
1603 2379 1707 2406 autem,
1726 2374 1838 2401 homine

1048 2425 1102 2444 non
1129 2419 1283 2454 supposito.
1312 2419 1377 2447 Tale
1399 2423 1441 2446 est
1457 2419 1594 2454 obiectum
1610 2428 1624 2448 a
1646 2425 1673 2447 te
1693 2428 1839 2456 argumen-

1049 2468 1118 2491 tum.
1137 2465 1321 2498 Quamobrem
1340 2466 1362 2493 si
1378 2466 1405 2492 in
1419 2465 1475 2493 Deo
1492 2466 1650 2494 usuvenirct
1664 2469 1815 2502 propositio
1830 2478 1837 2495 :

1051 2517 1060 2534 t
1074 2508 1170 2537 Omnis
1182 2510 1289 2544 genitor
1303 2511 1377 2545 prior
1391 2516 1432 2538 est
1444 2511 1553 2546 proprio
1563 2512 1709 2546 genimine,
1727 2521 1736 2538 ι
1751 2515 1839 2540 conli—

1050 2555 1170 2582 tcntibus
1194 2556 1274 2583 nobis
1292 2561 1443 2584 eoa-ternos
1462 2565 1522 2584 esse
1544 2558 1653 2585 Patrem
1676 2566 1708 2585 ac
1728 2558 1838 2595 Filium,

1050 2606 1122 2637 patet
1135 2607 1258 2631 mutuam
1274 2603 1483 2638 appellationem
1499 2605 1656 2632 necessario
1670 2613 1704 2632 ex
1722 2611 1838 2640 utroque

1048 2647 1108 2677 fore
1128 2649 1337 2685 sejungendam.
1362 2649 1413 2677 Sed
1427 2650 1492 2685 quia
1518 2651 1593 2685 prior
1608 2652 1760 2686 propositio
1775 2659 1836 2678 vero

1049 2703 1104 2722 non
1121 2701 1174 2726 est.
1188 2704 1220 2722 ne
1233 2697 1318 2723 altera
1328 2697 1448 2732 quidem.
1476 2697 1565 2732 Atque
1581 2698 1618 2724 ita
1636 2697 1713 2724 futile
1727 2701 1838 2731 apparet

1050 2746 1186 2779 prolatum
1203 2753 1217 2772 a
1233 2750 1258 2772 te
1269 2750 1472 2779 argumentum.

1085 2792 1112 2820 6.
1125 2793 1190 2820 ltem
1208 2792 1287 2819 aliter
1301 2801 1307 2818 :
1322 2791 1349 2818 Si
1368 2797 1508 2826 propterea
1526 2791 1600 2826 quod
1623 2791 1750 2818 coaeterni
1775 2798 1840 2820 sunt

1050 2838 1131 2866 Pater
1143 2845 1176 2865 ac
1201 2837 1297 2871 Filius,
1315 2838 1357 2866 ais
1386 2838 1554 2865 necessario.
1568 2837 1716 2864 relationes
1743 2846 1838 2866 corum

1052 2885 1111 2913 fore
1143 2884 1344 2920 sejungendas,
1363 2887 1418 2912 imo
1445 2888 1524 2919 coget
1549 2883 1640 2918 potius
1664 2884 1837 2914 ratiocinium
