2083 3155
273 169 335 200 1’15

918 169 1065 201 NICETsE
1086 171 1290 201 BYZANTINI

1862 179 1914 212 816

282 228 406 252 nostrum
422 229 534 260 propter
550 224 720 256 relationem,
733 225 950 253 comteruitatem
963 234 1068 262 quoque

1123 226 1207 253 καὶτὸ
1222 226 1358 254 συναῖδιον
1373 226 1531 262 εἰσάγεσθαι
1548 235 1555 244 ⁸
1568 228 1615 255 καὶ
1633 229 1712 256 τοῦτο
1736 230 1815 266 δῆλον
1838 229 1889 260 ιῖἶδε
1906 242 1913 248 ·

280 270 420 298 inducere.
433 272 520 305 Atque
533 271 582 298 hoc
595 271 631 297 ita
643 270 808 298 ostenditur.
825 271 956 299 Geni/oris
969 280 1069 299 nomen

279 324 342 343 cum
359 317 394 343 sit
408 324 439 343 ex
456 317 489 344 iis
501 324 562 351 qua:
577 321 641 344 sunt
656 317 690 343 ad
706 316 808 351 aliquid
822 338 830 349 ,
847 317 880 344 ad
906 318 991 344 lilium
1020 318 1070 345 lia-

279 364 323 390 bet
336 363 510 390 relationem.
527 363 594 395 Quae
608 367 701 390 autem
715 367 780 390 sunt
792 364 825 390 ad
841 364 955 398 aliquid,
973 365 1069 392 sintut-

278 414 357 436 tanea
373 415 476 436 natum
490 413 554 436 sunt
569 417 576 436 :
591 416 652 444 quae
672 414 763 436 autem
781 410 944 438 simultauea
966 415 1070 438 natura;

277 459 352 488 sunt,
367 459 392 482 et
409 459 475 482 sunt
487 460 514 482 et
529 455 593 482 item
617 463 671 482 non
693 461 766 482 sunt.
791 455 970 483 Couclnditur
992 464 1068 492 ergo.

276 504 388 534 propter
404 500 564 527 relationem
590 500 754 528 simultanca
773 508 847 532 esse;
876 502 947 535 quod
973 510 1068 528 verum
1086 532 1091 535 _

275 549 329 584 est.
346 544 378 572 Et
398 553 448 572 cur
469 551 508 578 tu,
525 553 541 573 ο
567 546 659 579 sodes,
676 548 846 575 contrarium
872 547 1002 574 inducis?
1021 547 1068 582 qui

274 596 388 628 propter
401 593 628 626 coazteruitatem,
644 593 748 621 videris
761 594 843 621 nobis
856 594 962 629 eripere
977 599 1068 629 pater-

275 638 369 665 uitatis
387 646 419 665 ac
434 638 557 666 ﬁlietatis
581 639 742 666 relationem
759 643 889 674 :proptcr
908 639 1068 667 relationem

275 688 367 711 autem
385 684 523 719 gignentis
537 687 564 711 et
578 683 672 719 geniti,
691 684 793 712 videris
808 684 942 719 perimere
956 689 1068 711 comter-

276 731 390 757 nitatem
425 734 453 758 et
476 730 807 757 consubstantialilatem.
837 730 902 756 Item
927 730 1067 757 aliter:Si

276 777 402 810 genitoris
418 784 527 807 nomen,
551 776 743 803 exsistentiam
763 776 842 802 simul
872 776 981 809 trilxuit;
1008 783 1069 811 quae

276 828 366 851 autem
386 823 550 850 simullanea
567 822 736 850 exsistentiae
753 830 766 848 a
786 827 810 848 te
821 822 1006 857 accipiuntur,
1026 829 1068 849 re-

277 870 404 896 lationem
424 869 576 903 perimunt,
601 876 662 903 quae
676 868 821 896 intercedit
834 868 904 895 inter
918 868 1068 903 genitorem

1122 272 1159 299 Τὸ
1169 271 1322 307 γεννήτωρ
1332 271 1419 308 ὄνομα
1429 273 1483 300 τῶν
1493 274 1562 308 πρός
1575 283 1601 301 τι
1625 275 1665 308 ὃν,
1682 276 1750 310 πρὸς
1771 278 1828 305 υἱὸν
1858 279 1915 315 ἔχει

1121 317 1171 352 τὴν
1190 317 1330 352 ἀναφοράν
1345 325 1352 332 ·
1366 317 1401 343 τὰ
1411 317 1439 344 δὲ
1454 318 1522 352 πρός
1532 327 1570 352 τι,
1585 318 1643 354 ἆμα
1660 322 1692 356 τῇ
1711 321 1792 355 φύσει
1810 330 1818 338 ·
1834 323 1868 350 τὰ
1886 324 1915 350 δὲ

1121 363 1179 397 ἅμα
1195 364 1227 397 τῇ
1246 364 1337 396 φύσει,
1353 363 1422 398 ὁμοῦ
1436 364 1466 390 τέ
1495 365 1548 391 εἰσι
1569 366 1616 392 καὶ
1638 367 1687 393 οὐκ
1703 368 1777 393 εἰσί·
1797 369 1914 403 συνάγε-

1120 417 1166 435 ται
1185 410 1240 443 ἄρα
1254 409 1299 435 διὰ
1314 409 1363 444 τὴν
1375 410 1468 444 σχέσιν
1483 410 1541 446 ἅμα
1561 409 1632 438 εἶναι
1647 422 1654 428 ε
1670 413 1739 449 ὅπερ
1759 415 1834 441 ἐστὶν
1850 416 1916 451 άλη-

1121 455 1167 487 θές
1182 461 1190 470 ⁸
1207 457 1255 482 καὶ
1271 456 1331 488 πῶς
1352 457 1395 490 σὺ,
1413 454 1436 484 ὦ
1453 457 1539 491 φίλοςι
1566 458 1596 484 τὸ
1629 459 1750 486 ἐναντίον
1783 461 1914 494 εἰσάγεις,

1121 502 1168 528 καὶ
1186 502 1230 528 διὰ
1244 502 1293 537 μὲν
1303 503 1332 529 τὸ
1344 503 1490 534 συναῖδιον,
1506 505 1546 535 είς
1562 504 1610 539 τὴν
1625 506 1718 540 σχέσιν
1732 507 1785 541 τῆς
1809 507 1914 541 πατρό-

1122 557 1203 582 τητος
1212 549 1259 575 καὶ
1272 549 1396 583 υἱότητος
1410 550 1484 584 ἡμᾶς
1497 550 1584 582 δοκεῖς
1599 552 1797 586 παρακρούειν,
1821 553 1866 579 διὰ
1885 553 1915 580 δὲ

1119 595 1169 629 τὴν
1199 594 1292 629 σχέσιν
1319 595 1366 622 τοῦ
1391 596 1554 631 γεννήτορας
1569 597 1616 624 καὶ
1634 598 1815 633 γεννήματος,
1829 600 1870 630 είς
1885 599 1916 625 se

1120 639 1257 666 συναῖδιόν
1271 648 1300 666 τε
1319 640 1366 667 καὶ
1379 640 1541 676 ὁμοούσιον;
1559 642 1614 668 Καὶ
1628 642 1716 675 ἄλλως
1731 651 1738 658 ”
1757 645 1787 670 Εἰ
1803 644 1832 670 τὸ
1847 653 1915 679 γεν-

1119 685 1216 719 νήτωρ
1236 685 1321 721 ὄνομα
1337 687 1388 720 τὴν
1399 687 1446 713 τοῦ
1461 686 1530 714 εἶναι
1547 687 1604 721 ἅμα
1620 687 1737 723 ὕπαρξιν
1762 689 1864 720 δίδωσι.
1881 690 1915 717 τὰ

1119 733 1148 760 δὲ
1159 733 1217 768 ἅμα
1232 734 1265 768 τῇ
1287 733 1402 768 ὑπάρξει
1421 733 1492 760 κατὰ
1505 734 1535 759 σὲ
1551 733 1756 769 λαμϐανόμενα,
1783 735 1916 763 ἀπόλλυσι

1120 779 1170 813 τὴν
1193 778 1285 814 σχέσιν
1315 779 1365 814 τὴν
1377 776 1461 805 οὖσαν
1484 780 1517 805 ὲκ
1545 778 1593 805 τοῦ
1617 779 1778 815 γέννήτορος
1803 781 1871 816 πρὸς
1885 781 1917 807 τὸ

1119 823 1253 858 γέννημα,
1268 824 1415 858 συνάγεται
1430 825 1495 860 ἄρα,
1505 825 1536 852 τὸ
1548 825 1699 860 γεννήτωρ
1714 827 1811 862 ὄνομα.
1828 829 1874 854 καὶ
1885 828 1915 854 τὸ

1121 869 1256 904 γέννημα.
1272 871 1301 897 ἐν
1316 870 1407 906 σχέσει
1419 871 1495 904 ὄντα,
1513 871 1616 907 ἄσχετα
1627 870 1698 899 εἶναι
1713 880 1720 888 ”
1744 873 1813 909 ὅπερ
1841 874 1915 901 ἐστὶν

275 922 303 943 et
317 915 459 951 genitum;
475 915 649 942 concluditur
663 914 757 949 utique
771 915 903 949 genitoris
921 922 1030 947 nomen,
1044 919 1071 942 et
1087 907 1108 937 Β
1123 914 1232 941 ἄτοπον.
1251 927 1254 929 -

276 963 408 998 genitum,
427 962 544 988 invicem
572 961 729 994 referentia,
759 969 813 988 non
849 969 911 988 esse
941 961 1069 995 relativa;

276 1009 348 1044 quod
364 1014 405 1036 est
415 1008 575 1035 absurdum.

314 1052 339 1079 7.
358 1052 451 1088 Pergis
469 1060 534 1079 vero
560 1052 652 1080 dicere
675 1052 716 1080 sic
737 1062 743 1079 :
763 1052 857 1086 «Quia
887 1053 909 1080 si
929 1053 1071 1081 existimes

277 1105 362 1125 unum
379 1098 543 1133 principium
562 1098 719 1130 amborum,
747 1098 836 1125 Patris
858 1102 941 1133 atque
960 1098 1033 1126 Filii.
1057 1107 1067 1124 ι

276 1143 374 1177 Miror,
397 1151 415 1170 ο
436 1144 527 1175 sodes,
556 1143 695 1178 quodnam
716 1148 744 1170 tu
770 1144 837 1171 velis
864 1144 1026 1179 principium
1043 1145 1070 1171 in

278 1189 337 1218 Deo
351 1197 460 1224 ponere.
477 1188 643 1224 Principium
662 1188 840 1216 multifariam
856 1189 959 1216 dicitur
974 1198 980 1216 :
996 1189 1070 1216 aliud

277 1239 320 1263 cst
332 1236 405 1263 enim
423 1235 590 1267 cliectivum,
609 1235 692 1262 veluti
710 1239 751 1262 est
764 1234 932 1262 architectus
946 1235 1070 1262 aedilicio-

277 1290 338 1310 rnm
355 1291 362 1309 :
379 1282 454 1309 aliud
479 1282 631 1313 materiale,
655 1281 738 1308 veluti
768 1281 865 1308 tabulae
883 1281 982 1308 navis:
997 1281 1070 1308 aliud

277 1327 403 1362 formate,
420 1327 504 1355 veluti
524 1331 621 1354 statua:-
638 1326 750 1354 schenta
769 1335 776 1353 :
791 1325 865 1353 aliud
881 1326 971 1358 linale,
987 1326 1069 1354 veluti

278 1375 356 1402 navis
379 1373 414 1401 ad
433 1374 589 1401 rictualium
608 1375 825 1408 deportationem
842 1382 848 1400 :
866 1373 939 1400 aliud
965 1373 1069 1400 instru-

282 1420 414 1453 ntcntalc,
432 1425 462 1447 ut
482 1419 552 1447 fabri
570 1419 683 1446 ruurarii
699 1419 772 1446 ascia
791 1427 797 1445 :
813 1419 887 1445 aliud
903 1419 1070 1454 exemplare,

277 1467 361 1494 veluti
376 1471 551 1502 prototypum
570 1465 633 1493 facti
661 1465 753 1500 operis
774 1474 780 1491 :
804 1465 878 1492 aliud
904 1465 1068 1499 temporale,

277 1515 351 1542 velut
364 1522 408 1541 res
420 1513 497 1540 factae
512 1521 572 1548 quae
589 1512 617 1539 in
636 1518 758 1546 tempore
773 1511 843 1538 liunt
857 1516 885 1538 et.
899 1515 982 1538 sunt:
996 1510 1071 1538 aliud

273 1561 391 1589 causalc
406 1560 610 1592 tantummodo,
628 1558 710 1586 veluti
726 1558 790 1585 Seth
806 1565 836 1585 ex
853 1557 989 1592 principio
1001 1565 1069 1592 quo-

277 1607 340 1634 dam
356 1611 383 1634 et
398 1613 481 1633 causa
497 1610 575 1632 ortus
588 1609 642 1636 est,
655 1612 690 1631 ex
704 1603 809 1630 Adamo
821 1603 938 1630 scilicet.
955 1602 1032 1630 Nunc
1044 1602 1067 1630 si

274 1657 406 1686 tanquam
422 1657 455 1677 ex
467 1649 602 1685 principio
621 1649 751 1684 quodam,
763 1657 812 1676 ceu
827 1656 920 1681 causa,
934 1649 1002 1676 dicis
1016 1648 1067 1676 Pa—

277 1697 329 1724 tris
344 1704 376 1724 ac
389 1695 450 1723 Filii
470 1703 554 1722 unum
573 1694 750 1730 principium,
769 1694 825 1729 jam
845 1702 933 1730 neque
950 1695 1066 1722 alterum

277 1742 440 1777 genitorem.
461 1749 549 1776 neque
564 1741 681 1768 alterum
706 1748 768 1768 esse
783 1741 904 1775 genitum
925 1741 1065 1768 retinebis.

277 1786 344 1814 Nam
364 1787 508 1822 cujusuam
525 1787 633 1821 genitor
664 1786 711 1819 sit,
738 1786 760 1813 si
792 1791 922 1821 tanquam
951 1794 984 1813 ex
1013 1786 1067 1812 alio

279 1832 412 1867 principio
428 1836 455 1858 et
474 1839 557 1859 causa
575 1831 683 1858 Patrem
701 1838 733 1858 ac
748 1830 848 1858 Filium
877 1831 953 1858 dicas
973 1831 1067 1858 ortos?

273 1878 357 1905 Certe
372 1877 536 1912 principium
552 1885 604 1904 non
618 1877 692 1904 dices
705 1877 857 1904 eﬂ'ectivum
871 1886 878 1910 ;
900 1885 962 1904 nam
976 1877 997 1904 si
1016 1878 1068 1905 hoc

260 1938 267 1952 I
277 1925 422 1955 concedas,
439 1925 490 1951 erit
502 1923 548 1951 Dei
565 1924 646 1956 Deus,
661 1928 687 1951 et
696 1924 882 1958 rursusltujus
891 1924 962 1952 alius
978 1923 1061 1956 Deus,

277 1975 304 1997 ct
318 1971 368 1997 hoc
382 1971 409 1997 in
427 1969 574 1996 inﬁnitum.
595 1969 688 2004 Neque
705 1969 870 2004 principium
885 1970 961 1997 dices
981 1974 1066 1997 mate-

277 2017 360 2050 riale;
381 2025 434 2043 non
453 2016 527 2044 enim
548 2021 590 2043 est.
612 2016 683 2043 Deus
702 2017 873 2050 compositus
883 2021 910 2043 et
933 2018 1065 2044 materia-

277 2064 322 2091 lis.
337 2063 389 2090 Sed
409 2067 498 2098 neque
511 2063 625 2090 l'ormale
648 2062 831 2098 principium;
851 2071 912 2090 nam
928 2064 1066 2098 quodnam

278 2110 378 2136 habere
391 2113 539 2144 potuerunt
555 2108 669 2135 formate
684 2108 850 2143 principium
866 2109 944 2136 Pater
972 2116 1004 2136 ac
1022 2108 1067 2135 Fi-

278 2155 349 2182 lius?
364 2160 545 2190 prreterquam
580 2154 652 2188 quod
679 2154 906 2188 compositionem
926 2162 978 2182 non
993 2155 1064 2181 vita-

277 2205 349 2227 rent.
369 2199 461 2234 Neqnc
479 2199 598 2234 denique
617 2199 709 2232 ﬁnale,
723 2199 823 2226 etenim
840 2200 914 2226 nulla
932 2207 965 2227 ex
979 2207 1063 2227 causa

278 2245 350 2273 Deus
365 2246 498 2280 provenit.
518 2244 646 2280 Superest
662 2245 710 2271 tibi
738 2245 889 2280 temporale
905 2253 967 2273 esse
990 2246 1065 2280 prin-
1083 2255 1103 2282 υ

277 2292 378 2326 cipium
400 2290 489 2318 Patris
511 2298 544 2318 ac
565 2284 637 2317 Filii.
656 2290 733 2322 Quod
753 2290 776 2317 si
802 2291 838 2317 ita
854 2296 905 2323 est,
925 2291 993 2325 ipsis
1008 2291 1070 2326 qui-

277 2338 338 2363 dem
355 2337 412 2363 Iieri
436 2336 579 2371 contingit,
596 2341 623 2363 et
639 2337 788 2370 corrumpi,
804 2340 830 2363 et
846 2336 899 2363 alia
916 2337 1068 2365 innumera.

276 2382 343 2408 Nam
356 2389 417 2416 qua:
430 2382 456 2408 in
467 2386 599 2416 tempore,
615 2382 680 2408 talia
694 2387 768 2409 sunt.
784 2381 908 2414 Constat,
922 2389 974 2408 uon
987 2390 1068 2417 posse

277 2429 305 2455 in
323 2429 376 2455 l)eo
391 2428 557 2464 principium
579 2428 860 2462 autiquiusinvouiri.
877 2429 1067 2463 thuomodo,

275 2482 292 2500 ο
311 2474 403 2506 sodes,
420 2474 456 2500 ita
470 2481 485 2500 a
504 2473 584 2500 nobis
593 2473 746 2500 existimari
767 2481 947 2507 praesumens,
962 2473 1066 2508 par-alo-

273 2521 394 2555 gismum
418 2519 567 2547 contextis?
587 2518 655 2546 Vere
668 2520 884 2547 detuOustratum
911 2519 958 2546 tibi
975 2519 1026 2546 fuit
1039 2520 1064 2547 id

272 2573 336 2593 esse
349 2565 489 2592 stolidum.

311 2612 337 2639 8.
359 2611 411 2639 Sed
426 2611 567 2639 videamus
583 2612 664 2638 etiam
683 2611 747 2646 quid
762 2611 843 2646 paulo
856 2610 926 2638 infra
940 2612 1063 2640 scribas:

274 2669 286 2685 4
312 2658 490 2698 Deusomuia
504 2658 638 2693 sapientia
653 2666 701 2685 sua
717 2658 889 2693 gubernavit.
907 2667 915 2683 I
938 2658 1065 2686 Concedo

275 2704 327 2730 hoc
347 2703 462 2730 libenter
486 2701 634 2729 admodum
651 2710 657 2728 :
677 2702 776 2728 etenim
797 2701 1003 2736 enltypostatica
1019 2710 1065 2729 su-

274 2751 372 2784 pieutia
385 2757 446 2782 sua,
460 2756 543 2784 quam
572 2755 663 2775 sermo
689 2752 782 2776 noster
793 2748 936 2783 perspicue
949 2748 1063 2776 demon-

310 2851 348 2886 (Ι)
367 2851 584 2886 Enbypostatnm
604 2852 643 2879 sic
658 2851 753 2878 deﬁnit
765 2851 795 2878 S.
810 2851 946 2879 Maximus
961 2859 1057 2886 opusc.

274 2887 356 2914 tiieol.
379 2891 397 2913 t.
424 2887 457 2920 li,
474 2896 499 2922 p.
515 2888 567 2915 79:
586 2887 794 2920 Ἑνυπόςτατον,
813 2887 842 2914 τὸ
857 2888 925 2914 κατὰ
941 2887 991 2922 τὴν
1013 2887 1060 2913 οὺ-

1156 1047 1189 1081 ζ¹υ
1212 1048 1371 1084 Ἐπιφέρεις
1382 1048 1412 1075 δὲ
1425 1048 1507 1076 πάλιν
1518 1048 1605 1081 οὕτως
1618 1058 1624 1066 ·
1636 1059 1645 1075 ι
1657 1050 1768 1086 Ἐπειδὴ
1783 1051 1831 1077 ἐὰν
1843 1051 1915 1087 ἡγῆ-

1122 1103 1166 1121 σαι
1180 1094 1245 1130 μίαν
1256 1095 1344 1130 ἀρχὴν
1361 1094 1529 1130 ἀμφοτέροις
1540 1095 1586 1122 τοῦ
1600 1103 1629 1121 τε
1645 1095 1750 1131 [ἰατρὸς
1765 1097 1812 1123 καὶ
1819 1097 1912 1124 Ποῦ.»

1121 1140 1280 1175 Θαυμάζειν
1304 1149 1348 1175 μοι
1369 1141 1526 1176 ἐπέρχεται,
1557 1137 1580 1168 ὦ
1615 1142 1710 1175 φίλος,
1738 1143 1834 1169 ὁποίαν
1857 1143 1913 1178 ἄρα

1123 1188 1205 1223 βούλῃ
1223 1188 1311 1223 ἀρχὴν
1323 1189 1370 1215 ἐπὶ
1383 1188 1453 1214 Θεοῦ
1462 1187 1566 1215 τιθέναι
1584 1196 1590 1204 ·
1609 1188 1660 1223 τῆς
1676 1189 1732 1222 γὰρ
1746 1189 1835 1224 ἀρχῆς
1848 1189 1914 1215 πτολ-

1121 1234 1212 1270 λαχῶς
1222 1235 1385 1270 λεγομένης,
1397 1235 1445 1270 τῆς
1465 1235 1514 1270 μὲν
1530 1235 1568 1266 ὼς
1583 1236 1739 1271 ποιητικῆς,
1755 1234 1811 1262 οἷον
1833 1236 1847 1262 ὁ
1867 1237 1914 1262 τέ-

1121 1290 1193 1308 κτων
1206 1281 1259 1307 τῶν
1270 1281 1428 1316 οἰκημάτων
1442 1288 1449 1295 ·
1464 1281 1514 1315 τῆς
1526 1281 1554 1307 δὲ
1565 1281 1603 1312 ὡς
1617 1281 1727 1315 ὑλικῆς,
1743 1278 1799 1308 οἷον
1821 1282 1850 1308 αἱ
1865 1290 1914 1308 σα-

1121 1328 1192 1359 νίδες
1214 1327 1262 1353 τοῦ
1279 1327 1372 1353 πλοίου
1389 1335 1396 1342 ⁴
1410 1327 1460 1360 τῆς
1480 1327 1508 1353 δὲ
1534 1327 1572 1359 ὡς
1597 1327 1699 1362 εῑδικῆς
1726 1327 1796 1363 [σί-ά.
1816 1328 1914 1363 ἱδικῆς.

1122 1372 1167 1400 Sic
1176 1371 1304 1408 elinfra],
1321 1370 1377 1398 οἷον
1394 1372 1440 1398 τοῦ
1453 1372 1611 1408 ἀνδριάντος
1625 1374 1654 1399 τδ
1669 1373 1761 1410 σχῆμα
1778 1381 1784 1387 ·
1807 1373 1855 1407 τῆς
1886 1373 1914 1399 δὲ

1121 1418 1157 1449 ὡς
1173 1418 1293 1453 τελικῆς,
1311 1415 1367 1444 οἷον
1379 1419 1409 1444 τὸ
1425 1418 1516 1444 πλοῖον
1529 1418 1596 1454 πρὸς
1608 1418 1719 1454 ἀγωγὴν
1731 1418 1785 1444 τῶν
1800 1419 1914 1453 χρειῶν*

1121 1463 1170 1498 τῆς
1185 1463 1213 1489 δὲ
1228 1463 1264 1494 ὡς
1280 1463 1444 1498 ὀργανικῆς,
1462 1461 1518 1490 οἷον
1533 1464 1658 1495 τέκτονος
1684 1463 1714 1490 τὸ
1736 1464 1889 1499 σκέπαρνον
1906 1472 1914 1480 ·

1121 1511 1170 1545 τῆς
1183 1510 1211 1536 δὲ
1220 1510 1257 1542 ὡς
1273 1510 1542 1546 παραδειγματικῆς,
1564 1511 1690 1547 καθάπερ
1720 1511 1752 1538 τὸ
1774 1512 1915 1547 τιρωτότυ⁴

1121 1564 1171 1582 πον
1183 1555 1230 1582 τοῦ
1244 1556 1410 1592 παραγώγου
1429 1564 1435 1571 ·
1450 1557 1499 1591 τῆς
1516 1556 1544 1582 δὲ
1558 1556 1596 1588 ὡς
1622 1557 1762 1593 χρονικῆς,
1788 1557 1915 1592 καθάπερ

1120 1601 1154 1628 τὰ
1169 1601 1299 1636 γινόμενα
1310 1602 1338 1627 ἐν
1353 1601 1441 1636 χρόνῳ
1459 1600 1579 1635 γίνονται
1590 1602 1635 1628 καὶ
1649 1602 1718 1628 εἰσί⁶
1749 1603 1798 1638 τῆς
1824 1603 1852 1629 δὲ
1876 1603 1916 1635 ὡς

1119 1647 1211 1678 αἰτίας
1238 1647 1285 1673 καὶ
1311 1647 1406 1681 μόνης,
1429 1646 1502 1673 καθὰ
1517 1648 1532 1674 ό
1550 1647 1604 1682 Σὴθ
1621 1647 1651 1681 ἐξ
1671 1647 1759 1683 ἀρχῆς
1774 1656 1847 1680 τινος
1867 1649 1916 1675 καὶ

1119 1693 1209 1724 αἰτίας
1227 1692 1312 1727 ἀνέφυ
1325 1691 1372 1718 τοῦ
1387 1691 1475 1727 Ἀδάμ
1490 1700 1497 1708 ·
1515 1693 1540 1719 εί
1569 1692 1619 1727 μὲν
1634 1693 1688 1729 γὰρ
1699 1692 1737 1724 ὡς
1765 1693 1794 1726 ἐξ
1825 1693 1916 1729 ἁρχῆς

1118 1747 1189 1770 τινος
1204 1738 1241 1770 ὡς
1256 1738 1346 1769 αἰτίας
1362 1737 1415 1773 φὴς
1431 1737 1479 1764 τοῦ
1495 1738 1601 1774 Harpe;
1614 1739 1662 1766 καὶ
1678 1739 1725 1766 τοῦ
1750 1739 1818 1766 Υἱοῦ
1845 1740 1914 1774 μίαν

1118 1783 1206 1818 ἀρχὴν
1220 1781 1301 1815 εἶναι,
1318 1783 1411 1809 οὐκέτι
1428 1783 1475 1809 τὸν
1493 1783 1544 1818 μὲν
1561 1784 1724 1819 γεννήτορα,
1740 1784 1785 1810 τὸν
1805 1784 1834 1811 δὲ
1852 1785 1916 1818 γέν-

1117 1837 1193 1864 νημα-
1210 1828 1349 1863 φυλάξεις.
1367 1829 1444 1861 Τίνος
1459 1829 1513 1865 γὰρ
1527 1829 1560 1856 ἂν
1580 1830 1627 1856 καὶ
1642 1829 1684 1865 εἴη
1695 1831 1835 1866 γεννήτωρ
1845 1851 1852 1862 ,
1869 1831 1914 1856 ἐπ’

1117 1873 1149 1901 ἂν
1165 1875 1202 1906 ὡς
1217 1874 1246 1907 ἐξ
1261 1874 1344 1910 ἄλλης
1368 1875 1455 1911 ἀρχῆς
1479 1884 1508 1902 τε
1524 1875 1571 1902 καὶ
1581 1875 1670 1906 αἰτίας
1683 1876 1729 1903 τὸν
1744 1876 1854 1913 Πατέρα
1867 1877 1916 1904 καὶ

1119 1919 1182 1945 Υιδν
1209 1920 1262 1954 φὴς
1294 1919 1450 1954 ἀναφύναι;
1479 1919 1534 1946 οὐδ’
1552 1919 1637 1954 αὐτὴν
1652 1919 1690 1951 ὡς
1703 1922 1848 1956 ποιητικήν
1866 1929 1873 1937 ·
1889 1921 1914 1948 ιι

1117 1965 1171 2000 γὰρ
1182 1965 1261 1992 τοῦτο
1275 1965 1339 2001 δῷς,
1355 1967 1431 1992 ἔσται
1445 1965 1492 1992 τοῦ
1507 1966 1574 1993 Θεοῦ
1588 1966 1665 1999 Θεὸς,
1687 1967 1735 1994 καὶ
1750 1967 1829 1994 πάλιν
1853 1967 1915 1994 τού-

1117 2019 1164 2038 του
1192 2011 1281 2043 ἄλλος,
1304 2012 1351 2038 καὶ
1376 2012 1455 2038 τοῦτο
1471 2013 1514 2039 ἐπ’
1531 2012 1645 2047 ἄπειρον
1662 2021 1669 2028 ·
1698 2013 1754 2039 οὐδ’
1768 2014 1854 2048 αὐτὴν
1876 2013 1915 2046 ὡς

1118 2056 1215 2092 ὑλικήν
1231 2064 1238 2073 ·
1255 2057 1286 2083 οὐ
1299 2057 1354 2092 γάρ
1364 2058 1438 2084 ἐστιν
1455 2059 1469 2084 ὁ
1481 2058 1548 2090 Θεὸς
1559 2057 1686 2090 σύνθετός
1699 2067 1728 2085 τε
1744 2060 1792 2086 καὶ
1809 2059 1912 2090 ένυλος⁸

1117 2102 1186 2129 ἀλλὰ
1205 2103 1258 2138 μὴν
1272 2103 1333 2130 οὐδὲ
1345 2103 1395 2139 τὴν
1408 2104 1445 2136 ὡς
1456 2104 1577 2140 είδικήν⁹
1597 2105 1658 2132 τίνα
1679 2105 1734 2140 γὰρ
1755 2106 1802 2132 καὶ
1825 2106 1914 2141 ἔχοιεν

1117 2148 1222 2184 είδικὴν
1240 2149 1327 2185 ἀρχὴν
1343 2151 1356 2176 ὁ
1378 2146 1472 2185 Πατὴρ
1488 2150 1534 2176 καὶ¹
1559 2150 1640 2183 Υἱόςς
1674 2151 1720 2177 καὶ
1749 2150 1836 2184 οὕτως
1863 2152 1914 2186 τὴν

1118 2195 1243 2222 σύνθεσιν
1259 2195 1309 2222 οὐκ
1325 2195 1505 2229 ἐκφεύξονται
1524 2204 1531 2212 ·
1545 2195 1599 2222 οὐδ’
1615 2196 1700 2232 αὐτὴν
1725 2196 1762 2229 ὡς
1788 2197 1913 2232 τελικὴν,

1117 2241 1238 2273 ἀναίτιος
1253 2242 1329 2278 γὰρὸ
1344 2242 1411 2274 Θεός
1428 2250 1433 2256 ·
1452 2242 1576 2268 λείπεται
1593 2243 1664 2269 κατὰ
1693 2243 1723 2269 σὲ
1751 2243 1800 2278 τὴν
1819 2252 1912 2278 χρονιε

1118 2287 1169 2322 κήν
1178 2287 1265 2323 ἀρχὴν
1283 2286 1353 2315 εἶναι
1368 2289 1416 2315 τοῦ
1433 2289 1539 2323 Πατρίις
1553 2288 1600 2314 καὶ
1615 2288 1680 2315 Υίοῦ
1695 2297 1702 2303 ·
1715 2289 1740 2315 εἰ
1765 2289 1793 2315 δὲ
1822 2289 1910 2323 τοῦτο,

1118 2336 1164 2360 καὶ
1177 2335 1302 2369 γίνεσθαι
1319 2335 1352 2362 ἃν
1373 2336 1473 2368 αὐτοὺς
1491 2336 1647 2371 συμϐαίνει,
1670 2337 1717 2363 καὶ
1741 2336 1910 2372 φθείρεσθαι,

1119 2382 1166 2407 καὶ
1183 2381 1250 2407 ἄλλα
1267 2382 1352 2417 μυρία
1366 2390 1372 2397 ·
1388 2382 1493 2417 ’τὶ-γὰρ
1509 2384 1538 2409 ἐν
1560 2383 1649 2418 χρόνῳ
1669 2383 1782 2409 τοιαῦτα
1799 2391 1806 2398 ·
1830 2392 1912 2418 φανεη

1120 2426 1166 2461 ρὸν
1181 2427 1222 2452 ὅτι
1235 2426 1284 2452 οὐκ
1297 2428 1370 2453 ἔστιν
1388 2429 1434 2454 ἐπὶ
1448 2428 1515 2454 Θεοῦ
1532 2428 1619 2463 ἀρχὴν
1639 2429 1780 2464 ἀνωτέραν
1797 2428 1889 2464 εὑρεῖν

1119 2471 1247 2505 καὶπῶς,
1264 2469 1286 2498 ὦ
1299 2473 1385 2506 φίλος,
1401 2475 1438 2504 ὡς
1453 2473 1578 2507 ἡγεῖσθαι
1607 2473 1696 2500 λαϐὼν
1722 2474 1767 2500 τὸν
1792 2475 1913 2510 1:19:30-

1119 2518 1228 2552 γισμὺν,
1244 2519 1425 2553 συρρέιπτειςς
1444 2520 1499 2546 Καὶ
1522 2519 1593 2546 οὕτω
1612 2519 1748 2547 δέδεικται
1765 2521 1811 2547 καὶ
1829 2520 1910 2548 τοῦτό

1119 2571 1161 2590 σοι
1172 2563 1286 2598 ἠλίθιον.

1151 2614 1185 2645 η’.
1201 2610 1271 2636 Ἀλλ’
1298 2611 1396 2646 ἴδωμεν
1417 2611 1443 2638 τί
1480 2613 1528 2639 καὶ
1549 2613 1618 2648 μετὰ
1640 2612 1745 2648 βραχέα
1769 2613 1888 2648 γράφεις
1903 2620 1910 2628 ·

1118 2667 1128 2684 ι
1153 2657 1182 2684 '0
1194 2657 1221 2684 δὲ
1237 2657 1302 2688 Θεὸς
1326 2657 1357 2683 τὸ
1382 2659 1435 2684 πᾶν
1450 2659 1482 2693 τῇ
1507 2659 1588 2694 σοφίᾳ
1603 2659 1687 2685 αὐτοῦ
1702 2659 1880 2694 ἐκυϐέρνησε.
1899 2668 1908 2684 ι

1117 2704 1250 2739 Σύμφημι
1267 2703 1345 2738 κάγὼ
1360 2705 1407 2730 καὶ
1425 2705 1497 2740 μάλα
1511 2705 1607 2740 ἡδέως·
1623 2707 1656 2741 τῇ
1675 2705 1725 2741 μὲν
1742 2705 1796 2740 γὰρ
1811 2706 1910 2731 svum-

1114 2751 1204 2786 στάτῳ
1230 2750 1269 2786 (ι)
1294 2749 1378 2777 αὑτοῦ
1403 2751 1495 2786 σοφία,
1511 2751 1545 2787 ἢν
1573 2752 1587 2777 ὁ
1618 2751 1697 2786 λόγος
1724 2751 1838 2786 δύναμιν
1860 2751 1911 2786 τὴν

1115 2852 1176 2879 σίαν
1189 2852 1289 2885 κοινὸν,
1301 2853 1385 2888 ἣγουν
1396 2853 1426 2880 τὺ
1439 2851 1519 2885 εἶδος,
1537 2853 1568 2880 τὸ
1589 2853 1618 2880 ἐν
1631 2853 1687 2884 τοῖς
1700 2852 1746 2879 ὑπ’
1759 2852 1826 2879 αὐτὸ
1847 2852 1910 2878 ἀτό-

1116 2896 1177 2924 μοις
1197 2887 1400 2924 πραγματικῶς
1424 2889 1627 2924 ὑφιστάμενον,
1657 2889 1703 2916 καὶ
1725 2888 1776 2915 οὐκ
1802 2887 1909 2923 ἐπινοεῖ.
