2083 3155
191 200 243 232 817

756 197 973 231 REFUTATIO
992 197 1233 233 MOHAMEDIS.

1769 201 1828 232 818

190 260 277 295 αὐτὴν
302 259 350 286 καὶ
364 259 451 294 Δόγον
473 259 521 286 καὶ
546 258 612 286 Υιὸν
626 257 734 294 τρανῶς
751 258 848 291 ἔδειξε,
872 258 903 284 τδ
928 257 983 284 πᾶν

1051 258 1133 285 travit
1152 257 1271 286 Verbum
1293 265 1352 286 esse
1367 265 1399 286 ac
1424 258 1538 291 Filium,
1556 258 1648 286 omnia
1673 259 1833 291 constituit.

193 305 397 341 συνεστήσατο,
419 305 468 332 καὶ
492 305 667 341 ἰφανέρωσεν
690 305 720 331 ὲν
744 306 801 336 τοῖς
818 304 911 340 ἔργοις
934 303 985 339 τὴν

192 351 291 378 ἑαυτοῦ
309 351 428 385 ποίησιν·
453 351 500 378 καὶ
526 351 567 378 ὃτι
591 350 650 378 ἐστι
665 350 730 381 Θεὸς
747 347 788 382 εἷς
812 350 860 377 ἐπὶ
875 350 986 377 πάντων

193 396 358 432 ὐπερούσιος
371 396 431 423 καθ’
451 396 469 424 ἆ
491 397 543 424 πού
559 406 602 429 τις
623 397 679 425 τῶν
692 398 758 432 παρ’
769 398 837 432 ἡμῖν
851 396 986 431 θεολόγων

194 443 300 477 συνῳδὰ
327 443 434 475 τούτοις
466 444 539 479 ἔφη’
559 454 569 470 ι
602 445 640 472 Τὰ
668 444 723 479 γὰρ
752 445 865 478 ἀόρατα
892 445 986 472 αὐτοῦ

195 489 256 517 ἀπὸ
285 490 412 522 κτίσεως
434 490 550 524 κόσμου
575 490 638 523 τοῖς
664 490 810 525 ποιήμασι
838 491 987 525 νοούμενα

194 533 363 567 καθορᾶται,
380 534 399 567 ἢ
415 542 445 561 τε
461 534 555 568 ἀΐδιος
580 535 674 562 αὐτοῦ
696 536 812 568 θειότης
823 544 830 550 ·
855 545 864 561 ι
891 537 937 562 καὶ
952 535 987 562 τὰ

193 579 301 610 τούτοις
317 579 456 614 σύστοιχα’
475 580 516 606 διὸ
531 581 581 606 κᾶν
599 579 635 614 μὴ
657 580 748 615 θέλῃς,
764 582 824 612 ταῖς
838 581 987 615 ἡμετέραις

193 624 351 659 ὁμολογίαις
368 624 497 659 συνᾴδῃς·
522 624 703 659 παρακατιὼν
718 625 746 651 δὲ
769 624 866 660 μικρὸν
884 626 923 657 είς
937 626 987 660 τὴν

196 670 347 705 μοναρχίαν
377 670 424 696 τοῦ
449 669 517 696 Θεοῦ
543 671 590 696 καὶ
618 671 853 706 ὑπερουσιότητα,
870 671 988 706 γράφεις

194 715 292 745 οὕτως·
313 724 322 740 1
353 715 424 741 Διότι
449 715 496 741 ἐὰν
525 712 582 750 εἶχε
603 717 731 742 κοινωνὸν
761 717 800 748 εἰς
817 717 866 752 τὴν
889 716 987 743 ἑαυτοῦ

196 760 336 795 βασιλείαν
349 781 356 792 ,
387 760 483 795 ἔμελλε
504 761 632 796 δέχεσθαι
651 761 827 794 ἐναντίωσιν,
853 762 869 797 ἢ
895 763 988 797 ἐνδεὴς

196 805 269 841 εἶχεν
291 805 361 833 εἶναι
386 807 527 841 ὑπουργοῦ
547 807 595 833 τοῦ
618 808 728 834 διοικεῖν
744 808 793 842 τὴν
806 809 989 844 δημιουργίαν

196 852 290 879 αὐτοῦ.
321 862 330 878 ι
353 853 512 887 Θαυμάζειν
537 862 581 887 μοι
597 853 685 880 ἔπεισι
703 855 815 882 τοιαῦτα
834 856 989 890 γράφοντὸς

197 909 255 927 σου·
268 900 327 927 οὐδὲ
344 900 398 936 γὰρ
410 901 517 936 συνορῶ
535 901 583 927 ἐπὶ
595 902 661 928 Θεοῦ
675 902 716 933 τίς
729 904 745 937 ἡ
761 903 879 937 ἀνάγκη,
896 904 912 938 ἢ
933 913 990 930 κοι-

198 946 301 977 νωνούς
328 955 405 977 τινας
431 948 481 981 τῆς
508 946 664 981 βασιλείας,
681 947 696 982 ἢ
713 947 817 974 ἔνδειαν
839 948 990 983 ὑπουργίας

197 993 243 1018 τοῦ
259 992 369 1019 διοικεῖν
393 993 439 1019 τον
461 993 560 1019 ἑαυτοῦ
575 994 678 1028 κόσμον
693 995 862 1028 εἰσάγεσῦαν
875 996 923 1022 καὶ
938 997 988 1022 ὅσα

197 1037 300 1070 τούτοις
327 1038 476 1073 ὲπιφέρεις·
494 1039 539 1065 τὸν
559 1040 611 1074 γὰρ
639 1040 709 1066 Θεὸν
737 1041 784 1067 καὶ
811 1042 920 1077 Πατέρα
945 1044 991 1069 τὸν

198 1083 295 1109 ἑαυτοῦ
311 1083 374 1110 Υἱῦν
390 1083 461 1109 κατὰ
482 1084 570 1110 πάντα
595 1084 687 1119 ὅμοιον
712 1085 825 1123 ἔχοντα,
850 1087 920 1122 πλὴν
941 1088 992 1122 τῆς

199 1129 362 1163 ἁγεννησίας
379 1130 426 1155 καὶ
448 1129 498 1163 τῆς
514 1131 666 1165 γεννήσεως
680 1140 687 1147 ·
704 1132 782 1166 ἡμῶν
794 1133 822 1158 δὲ
844 1133 906 1167 μηδ’
924 1134 992 1166 ὅλως

199 1174 231 1200 τὸ
242 1175 371 1200 κοινωνὸν
389 1174 594 1209 ὁμολογούντων
607 1177 653 1202 ἐπὶ
674 1176 720 1203 τοῦ
737 1177 841 1211 Πατρὸς
857 1178 901 1204 τὸν
918 1178 991 1211 Υἱὸν,

199 1220 251 1246 οὐκ
271 1217 321 1246 οἷδ’
335 1220 408 1250 ὅπως
424 1220 497 1254 ἡμᾶς
519 1220 690 1257 παραλογίζῃ
705 1221 722 1256 ἢ
744 1222 856 1249 σεαυτὸν
877 1225 994 1255 καὶτοῖς

201 1264 300 1292 ἑαυτοῦ
313 1268 423 1302 πτεροῖς
437 1266 546 1302 ἁλίσκῃ’
564 1268 660 1294 ἔστιδὲ
676 1269 706 1294 τὸ
724 1269 799 1304 παρὰ
814 1269 861 1296 σοῦ
874 1271 994 1305 σόφισμα

201 1311 322 1338 τοιοῦτον
335 1320 341 1327 ·
367 1313 429 1339 Ἐὰν
444 1313 490 1340 δύο
506 1314 566 1339 τινὰ
581 1310 642 1346 ὦσι,
663 1315 710 1341 καὶ
732 1314 762 1341 τὸ
779 1315 829 1350 μὲν
845 1315 996 1342 καθολικὼ-

202 1366 293 1393 τερον,
308 1358 382 1385 τὸδὲ
402 1360 449 1386 ἐπὶ
475 1360 587 1395 μέρους.
611 1358 667 1387 οἷον
695 1361 724 1388 τό
749 1370 777 1387 τε
795 1361 863 1394 ὕειν,
892 1363 940 1389 καὶ
964 1363 995 1389 τὸ

205 1403 349 1439 βεὸρέχθαι
365 1404 415 1440 τὴν
431 1406 492 1440 γῆν·
510 1406 539 1432 τὸ
555 1407 604 1441 μὲν
620 1408 673 1441 γὰρ
687 1407 755 1439 ὕειν,
770 1408 919 1435 ἐπέλαττόν
938 1409 995 1435 ἐστι

204 1449 252 1476 τοῦ
269 1450 426 1486 βεΰρέχθαι’
441 1452 471 1477 οὐ
485 1452 539 1487 γὰρ
549 1452 733 1487 ἀντιστρέφει·
750 1453 846 1480 τούτου
863 1454 892 1480 δὲ
907 1455 995 1486 ὖντος,

204 1495 285 1530 δῆλον
302 1497 343 1523 ὅτι
358 1498 406 1523 καὶ
427 1497 458 1523 τὸ
482 1498 574 1524 λοιπὸν
592 1498 678 1529 ἔσται,
701 1497 756 1524 οἷον
778 1500 808 1525 τὸ
824 1499 880 1526 ὕειν
906 1501 952 1526 καὶ
968 1502 997 1527 τὸ

207 1540 365 1576 βεσρέχθαι·
388 1540 448 1569 εἶτα
467 1543 513 1569 τοῦ
538 1543 632 1570 λοιποῦ
648 1543 733 1575 ὄντος,
750 1545 830 1580 φήσει
846 1554 888 1577 τις
904 1548 950 1573 καὶ
968 1547 997 1573 τὸ

1037 303 1278 339 mauifestavitque
1302 304 1433 339 operibus
1454 304 1587 332 facturam
1610 312 1700 337 suam.
1715 309 1743 332 et
1757 305 1832 340 quod

1037 350 1109 377 Deus
1127 357 1198 377 unus
1212 350 1254 384 {sit
1268 358 1351 385 super
1362 351 1456 378 omnia
1473 351 1756 385 supersubstantialis,
1775 351 1830 379 sic-

1037 395 1076 423 uti
1103 395 1213 430 quidam
1237 396 1271 423 de
1298 396 1433 431 theologis
1457 396 1559 424 nostris
1584 395 1833 424 eonsonanter‘his

1038 441 1128 468 dixit:
1148 441 1298 468 Invisibilia
1326 441 1396 468 enim
1423 441 1507 475 ipsius
1538 449 1553 467 a
1579 448 1703 468 creatura
1728 440 1832 470 mundi,

1038 495 1084 522 per
1110 495 1140 514 ea
1167 495 1225 522 quae
1250 488 1323 521 facta
1353 492 1433 518 sunt,
1459 486 1591 514 intellecta
1614 486 1832 521 conspiciuntur;

1040 533 1199 567 sempiterna
1212 541 1313 568 quoque
1325 533 1382 568 ejus
1396 533 1481 560 deitas
1491 532 1524 565 ⁵⁸,
1540 537 1567 559 et
1582 533 1625 560 his
1637 537 1833 561 consentanea.

1040 579 1222 613 Quamobrem
1236 579 1303 606 velis
1319 579 1389 606 nolis
1403 578 1624 606 confessionibus
1642 578 1747 606 nostris
1766 585 1835 605 cou-

1040 624 1151 652 senties.
1168 624 1344 658 Aliquantum
1360 631 1427 651 vero
1445 632 1606 659 progressus
1625 625 1658 651 ad
1681 624 1728 651 Dei
1745 623 1836 651 unita~

1039 677 1092 698 tem
1109 675 1136 697 et
1164 670 1517 705 supersubstantialitatcm,
1537 670 1577 697 sic
1602 670 1642 697 ais
1662 679 1668 696 :
1689 679 1698 695 ‹
1724 669 1792 702 Quia
1811 669 1835 696 si

1040 717 1195 744 societatem
1213 717 1331 751 aliquam
1354 717 1396 743 sui
1423 717 1498 750 regni
1517 716 1639 747 haberet,
1653 716 1835 743 contrarieta-

1042 767 1093 788 tem
1110 769 1220 797 qtloque
1234 767 1398 797 expet-turus
1410 767 1492 789 esset.
1513 762 1559 789 Vel
1574 766 1648 788 certe
1665 767 1738 789 esset
1758 761 1836 795 adju-

1041 809 1108 835 toris
1125 809 1234 843 indigus
1255 809 1287 835 ad
1307 809 1392 835 creati
1407 808 1441 835 ab
1455 815 1484 835 se
1501 808 1595 835 mundi
1618 806 1835 835 administratio-

1042 863 1113 882 nem.
1151 864 1160 880 ι
1194 854 1278 881 Miror
1308 855 1364 881 haec
1393 863 1408 881 a
1440 859 1466 881 te
1493 854 1575 881 scribi
1607 854 1736 881 :nullam
1764 853 1836 883 enim

1043 901 1230 929 necessitatem
1259 900 1338 927 video
1370 900 1518 927 inducendi
1549 901 1589 926 rel
1617 900 1707 927 socios
1730 900 1837 934 aliquos

1042 948 1129 983 regni,
1145 947 1185 975 vel
1199 947 1327 981 adjutorii
1358 947 1536 981 indigentiam
1561 945 1594 973 ad
1612 946 1707 973 mundi
1721 946 1839 973 admini-

1043 994 1211 1025 strationem,
1226 994 1267 1019 vel
1278 993 1409 1026 quidquid
1432 993 1474 1019 his
1484 997 1511 1018 tu
1523 992 1676 1026 subjuugis.
1688 991 1756 1019 Cum
1766 992 1838 1019 enim

1044 1048 1094 1068 nos
1107 1041 1286 1067 contiteamur
1304 1040 1388 1066 Deum
1403 1038 1511 1066 Patrem
1528 1039 1628 1066 habere
1641 1037 1740 1065 Filium
1758 1046 1838 1066 suum

1042 1093 1157 1120 prorsus
1174 1085 1226 1112 sibi
1243 1085 1373 1118 similem,
1397 1089 1509 1119 excepta
1532 1083 1708 1119 generatione
1722 1084 1840 1120 ejusque

1044 1133 1205 1167 negatione;
1222 1140 1310 1167 neque
1323 1136 1413 1159 tamen
1441 1132 1599 1160 societatem
1628 1131 1711 1159 ullam
1725 1139 1840 1167 prorsus

1044 1179 1168 1206 dicamus
1194 1178 1284 1205 Patris
1314 1186 1346 1205 ac
1374 1178 1450 1210 Filii;
1483 1178 1555 1205 haud
1582 1178 1661 1205 video
1691 1185 1741 1204 cur
1760 1178 1842 1205 nobis

1045 1224 1137 1252 fucum
1157 1225 1245 1251 facere
1260 1224 1338 1251 velis.
1358 1225 1430 1251 Sane
1446 1224 1498 1251 tuis
1516 1225 1582 1259 ipsis
1604 1224 1700 1259 pennis
1721 1224 1840 1259 caperis.

1046 1269 1093 1295 Est
1110 1274 1199 1296 autem
1220 1269 1360 1303 sophisma
1373 1273 1448 1296 tuum
1468 1269 1625 1303 hujusmodi
1641 1278 1648 1296 :
1663 1268 1692 1296 Si
1708 1268 1763 1296 duo
1775 1269 1840 1299 sint.

1045 1320 1072 1342 et
1088 1323 1172 1341 unum
1191 1315 1301 1349 quidem
1325 1314 1480 1350 generalius
1492 1335 1499 1347 ,
1520 1315 1592 1342 aliud
1613 1315 1740 1350 partiale,
1758 1315 1841 1342 veluti

1046 1366 1088 1388 est
1104 1362 1206 1395 pluere,
1225 1365 1252 1388 et
1265 1366 1364 1388 terram
1381 1361 1522 1388 madefieri
1536 1371 1543 1388 :
1560 1369 1621 1388 nam
1636 1361 1731 1396 pluere
1747 1361 1840 1387 minus

1047 1412 1098 1438 est.
1114 1415 1195 1441 quam
1212 1412 1311 1433 terram
1329 1406 1486 1434 madefieri:
1502 1415 1554 1434 non
1567 1409 1639 1434 enim
1656 1406 1843 1439 convertitur;
1883 1420 1889 1426 ι

1052 1453 1125 1487 quod
1147 1453 1169 1479 si
1196 1458 1248 1483 est.
1276 1456 1349 1486 patet.
1375 1453 1490 1479 alterum
1515 1461 1624 1487 quoque
1650 1453 1716 1483 fore,
1748 1452 1774 1479 id
1790 1457 1843 1484 est,

1050 1500 1141 1534 pluere
1156 1504 1182 1526 et
1202 1499 1350 1526 madetieri.
1366 1499 1467 1527 Deinde
1477 1500 1499 1526 si
1525 1499 1640 1526 alterum
1652 1504 1704 1530 est,
1714 1499 1786 1526 dicet
1800 1498 1846 1525 ali-

1049 1546 1111 1580 quis
1135 1545 1249 1572 alterum
1270 1553 1379 1579 quoque
1404 1545 1472 1577 fore,
1488 1546 1754 1580 paralogismumque
1769 1544 1843 1575 facit,

207 1587 299 1613 λοιπὸν
317 1586 388 1614 εἶναι
400 1597 407 1604 ’
423 1589 469 1615 τὸν
485 1590 694 1625 παραλογισμὸν
712 1593 783 1617 ποιεῖ
804 1592 876 1618 οὕτω
898 1593 992 1619 καλού-

1050 1591 1085 1617 ila
1113 1591 1277 1625 appellatum
1305 1591 1374 1625 (quia
1402 1599 1454 1618 non
1470 1592 1638 1618 convertitur
1652 1592 1733 1618 etiam
1752 1590 1846 1618 subse-

209 1641 289 1667 μενον
306 1633 382 1668 παρὰ
400 1634 431 1660 τὸ
457 1634 494 1669 μὴ
511 1635 704 1670 ἀντιστρέφον,
723 1637 770 1662 καὶ
795 1637 825 1662 τὸ
855 1638 999 1672 ἑπόμενον.

245 1678 278 1705 θ’.
295 1679 421 1706 Τοιοῦτόν
434 1689 460 1706 τι
475 1681 576 1712 καύτὸς
589 1682 617 1707 ἐν
633 1683 688 1713 τοῖς
705 1683 780 1718 παρὰ
797 1683 843 1710 σοῦ
869 1686 1001 1719 γραφεῖσι

211 1725 373 1760 πεποίηκας·
390 1727 436 1753 δύο
455 1727 510 1762 γὰρ
524 1728 619 1759 ὅντων,
640 1729 728 1754 κοινόν
749 1738 777 1755 τε
801 1730 848 1756 καὶ
862 1731 1000 1762 κοινωνός

211 1772 259 1798 καὶ
271 1771 302 1798 τὸ
324 1772 374 1807 μὲν
390 1773 532 1805 ὲπιπλέον,
548 1771 604 1799 οἷον
625 1774 656 1799 τὸ
674 1775 772 1801 κοινόν·
790 1775 821 1800 τὸ
843 1776 871 1801 δὲ
887 1776 1001 1802 ὲπέλατ-

211 1825 267 1849 τον,
284 1814 339 1844 οἷον
355 1818 385 1844 τὺ
401 1819 555 1852 κανων-σ’ς’
571 1821 585 1846 ὁ
605 1820 653 1855 μὲν
671 1821 725 1855 γὰρ
739 1822 867 1853 κοινωνὸς
879 1818 909 1848 οὗ
924 1823 1003 1856 λέγε-

210 1871 257 1890 ται
272 1864 417 1896 κοινωνὸς,
440 1864 477 1895 ὡς
492 1867 580 1891 κοινόν
600 1874 625 1892 τι
646 1866 715 1901 ἔχων
732 1867 842 1900 λέγεται
864 1869 1001 1900 κοινωνός·

213 1909 263 1935 οὔκ
276 1910 302 1936 εί
315 1918 340 1936 τι
356 1911 384 1936 δὲ
397 1911 485 1936 κοινόν
509 1920 534 1937 τι
551 1911 618 1945 ἔχων
633 1913 692 1946 μεθ’
708 1913 813 1946 ἑτέρου,
830 1914 935 1949 ἀνάγκη
957 1915 1004 1941 καὶ

215 1955 342 1981 κοινωνὸν
360 1955 442 1981 αὑτοῦ
463 1955 601 1989 λέγεσθαι’
614 1957 687 1988 λίθος
700 1958 754 1992 γὰρ
766 1958 831 1993 λίθῳ
848 1960 876 1985 οὺ
895 1960 1004 1994 λέγεται

216 2000 353 2032 κοινωνὸς,
371 2001 430 2027 ἐπεὶ
447 2003 523 2037 κοινὴ
537 2003 699 2038 ἀμφοτέρων
714 2006 729 2038 ἡ
742 2006 830 2032 οὺσῖα·
847 2006 1005 2033 ὼσαύτωῶὲ

216 2045 264 2072 καὶ
277 2046 358 2077 ἵππος
373 2046 459 2081 ἵππῳ,
475 2048 568 2083 κοινὴν
584 2049 631 2074 καὶ
644 2049 707 2082 μίαν
728 2051 824 2076 οὐσίαν
844 2051 962 2086 ἔχοντες,
975 2053 1005 2078 οὐ

216 2091 341 2125 λέγονται
357 2093 480 2119 κοινωνοί
491 2101 497 2106 ·
516 2094 539 2120 εἰ
564 2092 610 2120 οὖν
631 2094 660 2120 τὸ
678 2096 766 2121 κοινὸν
782 2098 920 2131 ἐπιπλέον,
936 2099 964 2125 τὸ
979 2099 1006 2125 δὲ

220 2138 366 2169 κοινωνὸς
382 2139 538 2165 ἐπέλαττον·
559 2140 638 2174 ἡμῶν
659 2141 686 2167 δὲ
710 2142 841 2175 λεγόντων
857 2144 948 2179 κοινὴν
963 2146 1008 2171 καὶ

218 2183 366 2218 ἀμέριστον
390 2183 462 2218 ἔχειν
478 2185 523 2210 τὸν
548 2185 657 2219 Πατέρα
683 2187 732 2220 τὴν
751 2188 847 2214 ἑαυτοῦ
869 2188 1008 2223 βασιλείαν

219 2229 287 2263 πρὸς
299 2231 345 2255 τὴν
355 2230 449 2256 ἑαυτοῦ
462 2231 533 2261 Υἱδν,
544 2231 625 2262 αὐτὸς
640 2234 801 2268 μεταφέρων
816 2234 942 2269 γράφεις·
955 2245 964 2261 ‹
978 2236 1008 2262 Εἰ

220 2275 296 2309 κοινὴ
318 2275 441 2310 βασιλεία
466 2278 512 2303 καὶ
527 2278 636 2309 ἐξουσία
663 2279 730 2313 πρὸς
751 2279 824 2311 Υίὸν,
841 2281 949 2312 πάντως
963 2283 1009 2309 καὶ

221 2322 348 2353 κοινωνὸς
364 2323 439 2349 ἔσται
455 2324 469 2349 ὁ
486 2324 549 2355 Υἱὸς
573 2324 620 2350 τοῦ
639 2325 745 2360 lla-:90;
760 2326 808 2360 τῆς
832 2327 914 2353 αὐτοῦ
931 2328 1008 2362 βασι-

221 2367 306 2399 λείις·
329 2377 337 2394 ι
358 2369 405 2394 καὶ
429 2370 601 2407 παραλογίζῃ
618 2371 717 2405 μᾶλλον
730 2372 802 2406 ἥπερ
817 2373 901 2407 ἡμᾶς,
926 2375 1009 2401 ποιῶν

221 2413 268 2440 τὸν
283 2414 489 2450 παραλογισμδν
504 2417 580 2451 παρὰ
595 2416 624 2443 τὸ
635 2417 672 2451 μὴ
685 2417 861 2452 ἀντιστρέφον
877 2420 1009 2454 καλούμε-

222 2467 276 2485 νον·
295 2460 433 2487 καὶτοῦτο
451 2462 535 2488 ποιῶν
547 2462 636 2494 δοκεῖς
648 2463 748 2497 μᾶλλον
767 2463 875 2497 ἀγνοεῖν
896 2466 928 2491 τὸ
952 2476 1014 2493 κοι-

223 2506 319 2539 νωνὸς
333 2506 419 2542 ὄνομα
434 2507 481 2534 ἐπὶ
494 2508 575 2535 τίνων
591 2509 703 2540 εἰκότως
721 2510 767 2536 καὶ
783 2509 840 2537 ἐστι
856 2513 902 2538 καὶ
915 2514 1015 2548 κυρίως

224 2551 344 2585 λέγεται,
361 2553 409 2578 καὶ
423 2553 468 2579 διὰ
490 2554 569 2580 τοῦτο
584 2555 677 2586 κακῶς
689 2555 737 2582 ἐπὶ
750 2556 818 2582 Θεοῦ
837 2559 1013 2594 μεταφέρεις-

224 2597 256 2623 ·τδ
270 2598 325 2633 γὰρ
338 2599 483 2632 κοινωνὸς
502 2600 587 2635 ὄνομα
612 2601 663 2627 οὐκ
692 2602 736 2628 ἐπ’
759 2602 841 2629 ἄλλου
855 2604 929 2631 δοκεῖ
943 2605 1014 2632 τίθε-

228 2642 301 2673 σθαι,
323 2643 381 2669 ἀλλ’
394 2641 434 2674 οἷς
456 2644 612 2677 ἰδιαζόντως
630 2646 676 2672 καὶ
701 2647 935 2683 ἀποτετμημένως
956 2650 1014 2682 ἐνὸς

228 2688 346 2714 ἑκάστου
372 2689 403 2714 τὸ
428 2689 508 2724 ἔργον
523 2691 706 2723 ἀποτελεῖται,
725 2693 772 2719 καὶ
786 2693 857 2720 κατὰ
875 2694 1014 2729 σύμϐασιν

228 2734 436 2769 προαιρετικὴν,
464 2736 511 2761 καὶ
540 2738 742 2773 συμπειθισμὸν
770 2739 799 2764 ἐν
825 2740 915 2774 ταυτῷ
943 2740 1014 2775 πρά-

263 2801 286 2817 "
302 2800 382 2829 Rom.
402 2810 421 2834 I,
433 2802 478 2830 20.

231 2882 296 2918 ψιλῇ
309 2883 522 2921 θεωρούμενονη
539 2884 760 2921 Enhypottatum,
779 2887 849 2921 quod
873 2894 1014 2913 commune

232 2918 373 2947 secundum
389 2918 566 2948 substantiam
584 2918 622 2948 cit
635 2921 772 2953 ,‘videlicet
785 2918 890 2957 specio-
911 2921 1014 2960 quain

1053 1646 1150 1671 qlll‘llS.

1090 1683 1114 1710 9.
1137 1683 1201 1710 Tale
1217 1683 1283 1718 quid
1312 1687 1340 1709 tu
1373 1690 1483 1717 quoque
1510 1682 1598 1710 fecisti
1625 1683 1651 1709 in
1671 1683 1774 1717 scripto
1789 1687 1846 1709 tuo.

1054 1727 1120 1754 Nam
1142 1735 1204 1754 cum
1220 1728 1273 1754 duo
1286 1727 1351 1757 sint.
1370 1734 1516 1754 commune
1542 1731 1568 1753 et
1583 1727 1808 1758 communicatis;
1822 1730 1849 1754 ιιι

1055 1773 1120 1800 illud
1133 1773 1242 1808 quidem
1258 1772 1386 1807 amplius,
1404 1772 1429 1799 id
1441 1777 1493 1803 est,
1506 1780 1670 1805 commune;
1688 1772 1740 1800 hoc
1755 1778 1847 1800 autem

1055 1820 1217 1850 restrictius.
1232 1819 1257 1845 id
1272 1823 1324 1851 est,
1346 1819 1546 1846 communicatis
1561 1826 1570 1845 :
1587 1819 1687 1846 etenim
1712 1819 1759 1853 qui
1774 1827 1850 1846 com-

1055 1866 1178 1892 municat
1199 1865 1299 1891 dicitur
1318 1865 1538 1895 communicans.
1557 1870 1692 1899 quatenus
1704 1873 1851 1892 commune

1056 1910 1159 1944 aliquid
1175 1911 1274 1938 habet:
1287 1918 1459 1944 nequaquam
1474 1916 1563 1936 autem
1575 1918 1636 1937 eum
1651 1910 1695 1944 qui
1705 1918 1850 1937 commune

1057 1957 1159 1991 aliquid
1174 1957 1326 1983 habetcum
1338 1956 1391 1982 alio
1403 1976 1410 1987 ,
1427 1964 1537 1983 necesse
1546 1961 1586 1983 est
1600 1956 1851 1983 communicantem

1057 2004 1144 2030 eidem
1159 2004 1249 2030 dicere
1264 2012 1270 2029 :
1286 2010 1347 2028 nam
1373 2002 1443 2036 lapis
1474 2010 1527 2028 non
1553 2002 1653 2029 dicitur
1673 2002 1754 2036 lapidi
1770 2009 1848 2029 conr-

1059 2049 1215 2078 muuicans,
1230 2047 1294 2082 quia
1304 2048 1459 2074 communis
1472 2047 1663 2081 cstutriusque
1677 2047 1829 2074 substantia
1841 2056 1850 2073 :

1060 2092 1184 2119 similiter
1201 2099 1290 2127 equus
1323 2099 1404 2125 equo,
1433 2090 1478 2125 qui
1514 2098 1687 2117 communem
1713 2098 1850 2124 unamque

1060 2139 1241 2166 substantiam
1256 2138 1367 2169 habent,
1385 2146 1437 2164 non
1454 2137 1582 2164 dicuntur
1595 2137 1828 2164 communicantes
1841 2146 1849 2163 :

1061 2186 1082 2212 si
1098 2193 1161 2219 ergo
1180 2192 1337 2215 commune,
1366 2184 1426 2219 plus
1453 2188 1511 2216 est;
1541 2183 1737 2210 communicaris
1759 2187 1850 2210 autem

1063 2232 1174 2258 minus:
1189 2231 1267 2257 nobis
1282 2238 1345 2256 vero
1367 2230 1520 2257 dicentibus
1545 2236 1690 2256 commune
1706 2233 1733 2256 et
1753 2228 1852 2256 indivi-

1026 2276 1048 2304 D
1061 2277 1139 2303 sibile
1158 2277 1258 2303 habere
1281 2275 1387 2302 Putrem
1422 2283 1536 2310 regnum
1567 2283 1648 2302 suum
1665 2282 1727 2302 cum
1743 2274 1854 2309 proprio

1065 2322 1141 2354 Filio,
1158 2327 1184 2348 tu
1212 2322 1321 2348 inverso
1337 2328 1462 2348 sermone
1488 2320 1586 2347 scribis
1611 2330 1617 2346 ε
1637 2330 1645 2344 α
1663 2319 1691 2346 Si
1708 2327 1854 2346 comnume

1063 2373 1104 2395 est
1121 2375 1234 2402 regnum
1252 2371 1279 2393 et
1295 2370 1415 2401 potestas
1431 2373 1492 2393 cum
1518 2365 1597 2396 Filio,
1613 2372 1726 2399 prorsus
1739 2369 1765 2392 et
1780 2372 1855 2391 com-

1065 2415 1208 2441 municatis
1232 2413 1284 2440 erit
1316 2413 1398 2439 Filius
1415 2420 1499 2445 regno
1529 2411 1616 2438 Patris
1644 2412 1686 2438 sui
1705 2420 1711 2437 :
1730 2420 1739 2437 ι
1753 2411 1856 2446 tibique

1065 2461 1158 2487 illudis
1175 2460 1266 2495 potius
1290 2466 1372 2493 quam
1401 2458 1496 2490 nobis,
1523 2457 1734 2492 parulogismum
1752 2457 1855 2484 faciens

1064 2507 1091 2533 in
1111 2514 1143 2532 eo
1168 2506 1240 2540 quod
1267 2512 1322 2531 non
1350 2503 1584 2538 alternatzidque
1610 2501 1730 2533 faciens,
1754 2502 1855 2530 videris

1064 2552 1155 2587 potius
1172 2552 1308 2586 ignorare,
1338 2549 1499 2577 vocabulum
1529 2549 1725 2575 communicaris
1745 2549 1778 2575 de
1791 2548 1854 2583 qui-

1065 2599 1180 2625 busnam
1202 2600 1275 2624 recte
1300 2595 1463 2630 proprieque
1486 2594 1593 2621 dicatur
1620 2604 1627 2621 :
1655 2602 1687 2621 ac
1713 2597 1854 2628 propterea

1067 2644 1138 2671 male
1153 2643 1186 2670 ad
1202 2642 1285 2669 Deum
1305 2640 1436 2668 transfers
1451 2649 1457 2667 :
1474 2648 1535 2667 nam
1555 2640 1717 2667 vocabulum
1734 2646 1854 2665 commu-

1068 2691 1159 2718 nicans
1185 2689 1219 2716 de
1243 2688 1297 2715 alio
1326 2687 1400 2714 nullo
1430 2687 1495 2721 poni
1522 2686 1639 2717 videtur,
1666 2692 1749 2719 quam
1768 2684 1802 2711 de
1821 2683 1856 2711 iis

1068 2744 1184 2773 quorum
1210 2734 1318 2770 proprie
1350 2733 1516 2769 praeciseque
1541 2731 1758 2766 uniuscujusqu
1786 2736 1856 2764 opus

1068 2886 1222 2922 individuis.
1237 2894 1296 2922 qui:
1312 2885 1360 2922 sui:
1377 2885 1436 2922 ipse
1456 2887 1527 2915 sunt,
1541 2880 1792 2922 reqfiterrtubsistit,
1809 2888 1856 2909 nec

1067 2921 1137 2949 nudo
1151 2916 1254 2949 tamen}
1270 2921 1363 2950 mentis
1379 2916 1494 2955 cogitatu
1505 2916 1698 2945 consideratur.
