2083 3155
240 197 292 229 819

879 191 1026 222 ΝΙΕΕΤᾹΞ
1050 189 1252 220 ΒΥΖΑΝΤΙΝῘ

1816 183 1870 216 820

241 253 389 288 perﬁcitur,
403 260 464 280 cum
482 260 514 280 ex
533 251 714 280 conventione
731 249 832 285 prtevia
852 253 879 276 ct
891 248 1028 276 soliditate

1083 254 1176 280 γματι,
1191 244 1238 271 δύο
1264 243 1280 278 ἣ
1303 243 1411 278 τρεῖςῆ
1436 243 1484 270 καὶ
1503 241 1626 273 πλείονες
1649 240 1753 268 τούτων
1783 241 1823 273 είς
1838 242 1870 268 τὸ

241 309 268 327 in
284 300 378 327 eodem
402 299 519 333 negotio,
540 298 595 325 duo
612 297 651 323 vel
668 302 722 324 tres
740 300 786 323 aut
798 295 896 329 plures,
910 294 943 321 ad
957 294 1028 320 idem

242 347 378 381 negotium
406 349 584 372 concurrunt.
604 343 693 369 Veluti
722 342 743 368 si
776 341 838 376 quis
861 340 1027 366 rhetoricam

243 397 330 420 artem
348 392 424 426 prius
446 399 493 426 per
517 398 546 417 se
571 390 658 423 ipsum
687 387 874 415 tantummodo
891 389 1026 417 exerceat,

241 440 337 467 deinde
350 439 447 473 aliquis
476 438 546 464 alius
572 437 604 463 ad
629 444 690 462 eum
709 435 828 465 accedat,
845 437 872 460 et
889 440 947 459 mox
963 440 1027 458 eon-

241 485 368 511 ventione
384 484 482 517 prmvia
504 487 530 509 et
545 489 692 511 consensu,
720 480 753 506 ad
779 479 941 506 rhetoricam
964 486 1028 512 pro-

241 530 387 557 fessionem
425 529 597 556 concorditer
628 531 813 558 concurrant;
850 529 914 551 tunc
947 523 1028 550 a'nbo

240 577 364 603 dicentur
386 575 437 602 hac
459 574 486 601 in
511 582 539 601 re
560 572 805 600 communicantes.
823 571 920 597 Verum
940 570 1028 596 cuim-

241 629 305 648 νει-ο
322 622 364 651 iis,
381 628 496 654 quorum
519 627 614 654 opera,
629 618 766 648 voluntas,
778 616 947 646 deliberatio,
963 622 1027 648 ope-

243 667 322 698 ratio,
344 672 370 693 et
384 666 529 693 concordia
546 664 735 698 inseparabilis
750 668 845 696 suapte
864 667 960 688 natura
975 664 1027 690 est.

205 742 209 746 _
240 713 377 747 quomodo
411 711 640 738 communicantis
675 710 837 737 vocabulum
879 705 1029 741 congruct?

241 758 354 784 Minime
372 765 494 791 prorsus.
516 757 606 789 Quare
633 764 694 784 cum
726 755 829 782 Patrem
847 753 963 781 dicimus
977 751 1028 779 ali-

240 804 305 836 quid
320 804 419 833 Facere.
436 803 533 830 Filium
565 810 674 837 quoque
705 806 731 828 et
758 800 887 835 Spiritum
903 803 1028 826 sanctum

242 850 461 885 inseparabiliter
494 849 574 876 simul
600 848 687 875 facere
715 847 833 874 dicimus
857 854 864 872 :
892 850 918 872 ct
948 844 1029 871 unius

242 897 374 930 operatio,
389 905 404 922 a
420 896 506 922 tribus
521 902 574 921 non
586 899 628 921 est
640 894 763 931 sejuncta
778 901 785 919 :
798 892 943 925 omnisque
963 897 1028 924 ope-

1080 291 1146 318 αὺτὸ
1164 291 1280 325 πρᾶγμα
1300 289 1480 324 συνέρχοιντο·
1506 285 1562 314 οἷον
1580 286 1724 322 ρητορεύει
1746 295 1788 318 τις
1807 288 1869 313 καθ’

1081 337 1177 364 ἑαυτὸν
1190 335 1221 362 τὸ
1234 336 1334 362 οίκεῐον
1351 335 1511 369 σπούδασμα
1532 333 1660 365 ἐκτελῶν,
1675 334 1722 359 ἐὰν
1736 332 1815 364 ἄλλος
1827 341 1869 364 τις

1081 384 1149 419 ’πρδς
1163 383 1244 409 αὑτὸν
1258 382 1384 416 ἀφίκοιτο
1399 382 1448 407 καὶ
1471 380 1542 407 κατὰ
1560 379 1697 414 σύμϐασιν
1708 387 1869 414 προαιρετι-

1081 430 1132 465 κὴν
1155 431 1202 455 καὶ
1228 427 1427 464 συμπειῢισμὺν
1445 428 1485 458 είς
1501 427 1531 453 τὺ
1555 426 1605 461 τῆς
1629 426 1773 461 ῥητορείας
1788 425 1870 460 ἔργον

1080 475 1280 510 ὁμογνωμόνως
1300 473 1464 499 συνέλθοιεν
1488 472 1608 505 λέγοιντο
1624 472 1657 497 ἃν
1677 471 1806 506 ἑκάτερος
1829 471 1870 501 εἰς

1079 521 1159 547 τοῦτο
1174 520 1308 546 κοινωνοὶ’
1327 516 1367 551 οἷς
1377 519 1405 545 δὲ
1421 519 1452 544 τὸ
1473 517 1552 552 ἔργον
1570 518 1618 544 καὶ
1632 518 1648 550 ἡ
1667 516 1786 550 θέλησις,
1804 515 1869 551 βού-

1080 567 1158 601 λησίς
1175 575 1202 592 τε
1219 566 1266 592 καὶ
1280 565 1405 600 ἐνέργεια
1420 564 1467 590 καὶ
1480 564 1590 598 ὁμόνοια
1607 563 1768 593 ἀδιάστατος
1787 570 1869 596 φυσι-

1082 613 1135 644 κῶς
1154 613 1182 638 ὲν
1204 612 1296 642 αὐτοῖς
1316 612 1456 644 πρόσεστι.
1474 611 1530 641 πῶς
1547 610 1579 637 ἂν
1597 610 1644 636 καὶ
1658 609 1751 643 χώραν
1769 607 1826 640 ἔξει
1838 607 1870 633 τὸ

1079 657 1127 684 τοῦ
1155 657 1284 684 κοινωνοῦ
1307 656 1409 692 ὕνομα;
1428 657 1458 682 οὺ
1483 656 1533 690 μὲν
1554 655 1611 681 οὖν·
1632 655 1672 681 διὸ
1688 654 1734 680 τὸν
1759 653 1869 687 Πατέρα

1080 704 1206 738 λέγοντες
1220 703 1308 729 ποιεῖν
1333 711 1369 732 τι,
1386 703 1432 728 καὶ
1447 702 1492 728 τὸν
1516 701 1581 727 Υἱὸν
1598 701 1644 728 καὶ
1660 700 1689 726 τὸ
1713 700 1824 733 Πνεῦμα
1839 698 1870 723 τὸ

1081 748 1158 782 ἆγιον
1171 748 1363 779 ὰδιασπάστως
1376 746 1434 781 ἆμα
1447 746 1561 780 λέγομεν
1575 745 1671 771 ποιεῖν·
1689 744 1736 770 καὶ
1747 742 1793 768 τοῦ
1810 742 1869 771 ἑνὸς

1080 796 1098 830 ὴ
1113 795 1249 829 ἐνέργεια,
1267 793 1321 820 τῶν
1336 793 1418 826 τριῶν
1438 793 1496 823 πώς
1515 793 1573 817 ἐστι
1598 791 1634 826 μὴ
1662 788 1868 824 διασχιζομένη·

1081 841 1127 867 καὶ
1138 839 1192 875 γὰρ
1209 840 1285 865 πᾶσα
1298 839 1422 873 ἐνέργεια
1440 840 1456 872 ἠ
1469 837 1562 864 θεόθεν
1576 837 1717 871 διήκουσα.
1735 835 1782 860 καὶ
1799 835 1870 860 κατὰ

1079 885 1129 917 τὰς
1147 884 1335 919 πολυτρόπους
1359 884 1461 914 ἐννοίας
1487 882 1687 917 ὀνομαζομένη,
1705 881 1737 906 ἐκ
1763 879 1870 914 Πατρὶς

242 943 311 969 ratio
325 949 385 976 quae
399 942 529 968 divinitus
550 940 684 974 provenit,
711 944 738 966 et
761 937 929 964 multimodis
942 936 1026 964 deno-

1083 931 1246 965 ὲφορμᾶται,
1275 930 1322 956 καὶ
1345 931 1389 957 διὰ
1414 929 1461 956 τοῦ
1480 929 1544 956 Υίοῦ
1561 928 1677 963 πρόεισι,
1706 927 1753 953 καὶ
1776 928 1805 952 ὲν
1830 926 1869 960 τῷ

243 988 372 1016 minatur.
390 995 403 1014 a
418 987 497 1014 Patre
513 985 704 1025 proficiscitur,
716 989 743 1012 et
762 991 808 1018 per
824 983 920 1009 Filium
933 983 1028 1016 pergit,

242 1034 309 1061 etin
331 1033 432 1068 Spiritu
465 1038 560 1059 sancto
585 1032 733 1066 perﬁcitur.
759 1029 905 1063 Pr0ptcrea
921 1035 1028 1062 :equum

243 1086 297 1104 non
310 1082 361 1109 est,
378 1076 539 1103 vocabulum
563 1074 792 1102 communicantis
818 1073 844 1100 in
861 1077 955 1100 sancta
971 1070 1031 1097 Tri-

242 1125 326 1151 nitate
340 1124 479 1151 adhibere.

278 1169 322 1195 l0.
343 1168 383 1195 Tu
404 1175 468 1195 vero
484 1172 544 1202 post
562 1166 720 1194 vocabulum
735 1163 929 1191 communicaris
941 1160 1031 1196 pergis

242 1214 333 1241 dicere
350 1233 357 1244 .
379 1223 388 1239 ι
409 1214 466 1241 fore
489 1219 517 1240 ut
535 1213 607 1240 Deus
632 1211 853 1240 contrarietatem
876 1214 902 1236 et
919 1207 1031 1234 seditio-

243 1267 304 1286 nem
325 1260 506 1294 expcriretur.
526 1269 534 1284 ι
555 1258 577 1286 Ο
597 1258 742 1285 verborum
757 1261 865 1283 tuorum
880 1253 1029 1281 stoliditasl

244 1304 271 1331 Si
288 1309 362 1332 certe
376 1305 507 1332 vocabulo
530 1304 726 1330 communicatis
751 1301 821 1336 apud
852 1300 935 1327 Deum
955 1299 1031 1326 locus

242 1356 326 1383 esset,
341 1350 457 1378 fortasse
479 1355 505 1378 et
532 1351 713 1378 contrarietas
728 1353 754 1375 et
773 1347 872 1374 seditio
896 1345 1031 1380 comperi-

243 1403 326 1424 retur.
345 1396 396 1424 Sed
411 1397 474 1432 quia
489 1397 554 1424 illud
573 1405 626 1424 non
641 1395 809 1425 conceditur,
835 1401 884 1420 nec
903 1392 955 1419 hoc
970 1390 1031 1425 qui-

242 1444 303 1471 dem
336 1443 510 1470 concedetur.
536 1442 625 1476 Atque
657 1441 694 1468 ita
728 1441 828 1467 inritus
856 1446 888 1466 ex
913 1438 945 1464 iis
971 1443 1032 1471 qua

243 1488 402 1523 adjunxisti,
420 1487 632 1523 propositionem
647 1485 797 1512 evidentem
810 1483 887 1510 nobis
906 1480 1029 1512 cll‘ecisti,

243 1533 381 1567 quomodo
420 1531 527 1566 proprie
556 1531 674 1557 dicatur.
708 1528 774 1555 Nam
815 1527 838 1554 si
867 1525 1030 1552 vocabulum

243 1576 440 1602 communicatis
463 1575 496 1600 de
517 1574 608 1608 aliquo
638 1572 823 1607 praedicatum,
851 1568 1030 1596 contrarietas

1082 975 1221 1010 Πνεύματι
1246 975 1285 1010 τῷ
1309 976 1379 1010 ἁγίῳ
1405 975 1565 1002 τελειοῦται·
1591 973 1634 1000 διά
1663 981 1703 999 τοι
1730 972 1820 1003 τοῦτο,
1837 980 1868 998 ου

1081 1022 1183 1048 δίκαιόν
1198 1023 1256 1048 ἐστι
1280 1022 1310 1048 τὸ
1326 1022 1373 1048 τοῦ
1399 1021 1527 1048 κοινωνοῦ
1551 1021 1637 1054 ὄνομα
1661 1020 1708 1046 ἐπὶ
1723 1019 1772 1054 τῆς
1788 1019 1869 1052 ἁγίας

1081 1067 1202 1102 Τριάδος
1215 1067 1346 1106 τίθεσθαι.

1118 1158 1144 1182 ι’.
1167 1155 1325 1189 Έπιφέρεις
1350 1154 1378 1180 δὲ
1405 1154 1445 1185 εἰς
1470 1154 1515 1180 τὸν
1533 1153 1677 1180 κοινωνὸν
1696 1153 1809 1188 γράφων
1825 1151 1870 1179 οὕ-

1081 1209 1145 1233 τως·
1167 1210 1176 1226 ι
1200 1200 1316 1235 Ἔμελλε
1333 1200 1458 1234 δέχεσθαι
1480 1200 1638 1226 ἐναντίωσιν
1665 1199 1712 1225 καὶ
1731 1199 1835 1224 στάσιν.
1857 1207 1866 1223 1

1086 1248 1118 1274 Ὢ
1130 1247 1181 1281 τῆς
1196 1246 1366 1281 ἀποπληξίας
1379 1245 1434 1272 τῶν
1458 1246 1512 1272 σῶν
1532 1245 1663 1281 ρημόιτων
1677 1246 1683 1272 l
1702 1245 1733 1272 El
1750 1245 1800 1280 μὲν
1814 1245 1870 1280 γὰρ

1082 1293 1112 1319 τὺ
1125 1292 1269 1325 κοινωνὸς
1285 1291 1370 1326 ὄνομα
1385 1291 1432 1318 ἐπὶ
1453 1291 1521 1318 Θεοῦ
1537 1291 1628 1326 χώραν
1644 1288 1726 1325 εἶχεν,
1745 1291 1810 1321 ἴσως
1823 1290 1871 1316 καὶ

1082 1340 1099 1373 ἡ
1114 1338 1273 1370 ἐναντίωσις
1303 1338 1350 1364 καὶ
1374 1337 1467 1369 στάσις
1487 1337 1654 1372 εὑρίσκεται·
1672 1337 1733 1363 ἐπεὶ
1745 1337 1773 1363 δὲ
1791 1335 1870 1363 τοῦτο

1081 1385 1112 1410 οὐ
1128 1383 1242 1416 δέδοται,
1256 1383 1317 1410 οὐδὲ
1338 1383 1368 1409 τὸ
1387 1383 1420 1410 δι’
1432 1383 1536 1409 ἐκείνου
1550 1383 1705 1417 δοθήσεται*
1723 1383 1770 1409 καὶ
1784 1382 1870 1413 οὕτως

1082 1429 1157 1456 ἄκων
1180 1429 1227 1456 καὶ
1245 1429 1283 1464 μὴ
1313 1429 1473 1464 βουλόμενος
1498 1430 1530 1455 ἐκ
1553 1428 1600 1455 τοῦ
1624 1428 1823 1464 ἐπιφερομένου
1840 1429 1871 1455 τὸ

1083 1475 1214 1512 προτεθὲν
1237 1475 1316 1509 δῆλον
1343 1476 1408 1511 ἡμῖν
1431 1476 1617 1511 παρέστησας,
1635 1471 1746 1502 καθ’ὥν
1769 1474 1872 1509 κυρίως

1082 1521 1201 1555 λέγεται.
1217 1521 1248 1547 El
1261 1521 1314 1557 γὰρ
1328 1521 1358 1547 τὸ
1371 1521 1513 1553 κοινωνὸς
1525 1521 1610 1556 δνομα
1619 1521 1769 1554 τιθέμενον,
1779 1520 1828 1554 τήν
1841 1528 1871 1546 τε

1084 1567 1241 1594 ἐναντίωσιν
1268 1568 1314 1594 καὶ
1341 1567 1434 1593 στάσιν
1450 1567 1651 1594 ἀκολουθοῦσαν
1665 1566 1731 1601 ἔχει,
1746 1567 1867 1601 φανερὸν

466 1598 494 1600 ,η
638 1598 649 1607 r
672 1598 677 1599 ,
817 1598 822 1602 ,

243 1625 268 1647 et
285 1620 381 1646 seditio
396 1619 580 1652 subsequitur,
600 1617 709 1651 planum
734 1615 800 1646 erit,
820 1614 892 1648 quod
913 1620 1030 1639 commu-

1083 1611 1234 1646 δήπουθεν,
1253 1612 1293 1638 ὅτι
1325 1611 1469 1645 κοινωνὸς
1495 1612 1542 1638 ἐπὶ
1565 1611 1620 1638 τῶν
1644 1611 1714 1638 κατὰ
1737 1611 1872 1646 σύμϐασιν

244 1666 336 1692 ηἱεαηδ
352 1664 514 1691 vocabulum
535 1664 569 1690 iis
584 1666 714 1697 congruet
737 1661 782 1695 qui
801 1660 897 1694 praevia
912 1665 1031 1685 conven-

246 1710 320 1735 tione
333 1713 359 1734 et
382 1715 517 1734 .‘onsensu
541 1715 596 1733 rem
615 1709 712 1740 gerunt
726 1714 732 1731 :
747 1706 818 1730 unde
839 1703 935 1730 seditio
950 1701 1031 1728 etiam

245 1758 272 1779 et
284 1751 464 1779 contrarietas
481 1751 574 1778 conlit.
592 1749 639 1776 llis
664 1749 766 1783 quippe
779 1752 883 1774 tantum
905 1745 1032 1773 usuvenit

245 1799 344 1826 seditio
357 1802 383 1825 et
398 1797 587 1827 contrarietas,
613 1799 721 1830 propter
745 1793 893 1820 voluntatis
908 1791 1032 1818 volubili-

246 1849 338 1871 tatem.
368 1843 473 1876 Quibus
503 1847 593 1869 autem
623 1839 801 1868 immutabilis
834 1838 940 1865 bonitas
971 1841 1030 1868 est,

246 1890 383 1924 quomodo
399 1888 577 1914 contrarietas
592 1891 617 1913 et
635 1886 733 1913 seditio
754 1883 875 1911 incidet?
891 1882 924 1909 Et
939 1881 1032 1914 paucis

246 1934 404 1969 interiectis,
420 1935 455 1960 ita
478 1933 574 1960 scribis
591 1940 598 1957 ε
616 1941 625 1957 ‹
648 1931 694 1957 Vel
717 1934 790 1957 certe
811 1932 882 1955 esset
898 1927 1032 1961 adjutoris

246 1980 356 2015 indigus
368 1980 400 2006 ad
416 1979 499 2006 creati
513 1978 546 2004 ab
560 1985 588 2004 se
609 1976 702 2003 tuundi
725 1972 1002 2001 administrationem.
1020 1980 1029 1996 ι

245 2027 337 2059 l’ecte,
355 2026 444 2055 sodes,
468 2023 571 2051 dixisti.
595 2022 625 2049 Si
645 2021 716 2048 enim
730 2019 893 2047 vocabulum
915 2025 1032 2044 commu-

244 2073 336 2100 nicans
348 2073 379 2099 de
388 2071 456 2098 Filio
471 2068 675 2106 praedicaretur,
696 2067 830 2093 obnoxius
846 2065 938 2099 utique
949 2067 1031 2095 esset,

245 2123 275 2146 ut
288 2124 315 2145 tn
331 2117 463 2152 opinaris,
482 2114 669 2144 eontrarictati
684 2121 716 2140 ac
735 2111 872 2142 seditioni,
887 2115 913 2138 et
932 2109 1033 2136 auxilio

245 2164 387 2199 indigeret.
404 2162 481 2190 Nunc
495 2162 556 2196 quia
583 2160 648 2187 illud
675 2158 749 2186 futile
772 2163 799 2185 ct
823 2156 970 2184 invalidum
986 2155 1033 2182 de-

246 2207 426 2238 monstratum
445 2208 505 2240 fuit,
534 2211 642 2234 constat
667 2205 739 2240 quod
768 2209 795 2231 et
821 2204 878 2230 ha'c
897 2202 1031 2230 similiter.

246 2256 311 2283 Nam
328 2256 350 2282 si
365 2255 499 2290 positione
519 2252 644 2286 alicujus,
661 2251 783 2286 quaedam
801 2253 955 2284 ponuntur,
972 2248 1031 2274 sine

245 2302 328 2329 dubio
343 2300 524 2328 exstinctione
540 2300 624 2332 illius,
638 2298 719 2326 etiam
736 2297 788 2324 alia
807 2295 1030 2328 exstinguuntur.

281 2349 324 2376 Η.
345 2348 459 2382 Insuper
476 2346 607 2380 scriptum
626 2350 702 2372 tuum
719 2344 776 2370 inec
793 2342 874 2369 habet
893 2351 899 2368 :
919 2350 928 2365 ‹
943 2340 975 2367 Et
987 2347 1034 2374 per

246 2395 406 2422 saeculorum
426 2394 553 2428 spatium,
568 2397 594 2419 et
605 2392 640 2419 ob
660 2395 780 2418 mutuam
800 2389 1031 2417 contrarietatem.

246 2442 382 2468 deleretur
409 2440 455 2466 Dei
482 2439 638 2466 dominatus
667 2445 721 2464 una
748 2443 809 2463 cum
836 2434 979 2461 creaturis.
1003 2433 1034 2460 Et

247 2488 315 2514 alter
326 2487 402 2513 alteri
425 2486 623 2517 dominaretur,
640 2490 666 2512 ct
682 2491 743 2511 cum
759 2482 892 2510 creaturis
906 2487 1033 2515 compas-

247 2534 288 2559 sio
301 2533 446 2559 desineret.
466 2541 476 2557 ι
491 2532 572 2565 Atqui
589 2532 654 2562 hzec,
677 2537 694 2556 ο
718 2529 807 2561 sodes,
830 2528 945 2554 duorum
961 2527 1034 2560 prin-

247 2576 379 2611 cipiorum
404 2581 430 2603 et
457 2575 658 2603 contrarietatis
685 2571 840 2600 criminatio
871 2570 950 2597 nobis
980 2577 1033 2596 non

246 2622 390 2657 congruit;
409 2622 456 2649 sed
475 2621 534 2648 aliis
548 2629 562 2648 a
577 2625 603 2647 te
619 2619 721 2647 intendi
743 2619 862 2649 deberet.
879 2617 924 2651 qui
939 2623 1035 2650 nempe

247 2667 301 2694 duo
325 2667 456 2701 principia
479 2670 505 2693 et
529 2665 597 2693 duos
621 2664 686 2691 deos
713 2663 853 2694 inducunt,
886 2662 986 2688 bonum
1003 2667 1035 2687 ac

248 2714 349 2740 malum
365 2723 370 2740 :
387 2718 413 2739 et.
429 2713 463 2739 ab
479 2712 532 2739 alio
547 2711 655 2746 quidem
671 2711 765 2737 dicunt
782 2709 854 2736 hunc
868 2707 1033 2735 materialem

249 2761 379 2786 mundum
398 2760 536 2786 conditum
555 2762 580 2785 el
595 2760 786 2784 conservatum
804 2763 835 2782 ac
857 2759 979 2786 rectum;
1001 2753 1035 2780 ab

250 2807 302 2833 alio
321 2813 411 2834 autem
430 2805 639 2833 intellectualem
663 2812 670 2829 :
696 2811 776 2836 quam
796 2810 846 2830 nos
871 2801 1034 2829 sententiam

250 2857 277 2879 et
293 2853 400 2880 odimus
422 2857 448 2879 et
471 2851 639 2890 totoanimo
664 2856 838 2880 aversamur;
865 2852 893 2876 et
918 2855 975 2880 eos,
989 2847 1035 2882 qui

251 2899 321 2925 hanc
336 2899 436 2931 forent,
461 2897 568 2934 capitali
593 2904 680 2932 pinna:
706 2895 885 2930 subiicimus:
901 2902 948 2922 vos
970 2901 1033 2922 vero

1084 1658 1280 1692 προαιρετικῆν
1297 1659 1344 1684 καὶ
1370 1657 1574 1693 συμπειθισμὸν
1590 1657 1802 1693 προερχομένων
1817 1656 1872 1691 χὼ-

1084 1712 1134 1738 ραν
1153 1703 1220 1735 ἕξει·
1238 1704 1267 1736 ἐξ
1282 1700 1312 1730 οὗ
1332 1704 1379 1730 καὶ
1394 1705 1410 1739 ἡ
1432 1705 1526 1735 στάσις
1541 1705 1586 1730 καὶ
1601 1704 1616 1738 ἡ
1632 1703 1790 1735 ἐναντίωσίς
1807 1711 1872 1729 ποτε

1083 1748 1230 1782 ἐγγίνεται·
1245 1750 1347 1775 τούτων
1372 1749 1427 1784 γὰρ
1449 1750 1538 1784 μόνων
1559 1750 1617 1775 ἐστὶ
1631 1749 1681 1785 τὴν
1707 1749 1803 1776 στάσιν
1824 1749 1873 1775 καὶ

1083 1794 1241 1820 ἐναντίωσιν
1256 1794 1393 1829 δέχεσθαι,
1406 1795 1450 1821 διὰ
1470 1796 1500 1821 τὸ
1514 1795 1697 1830 εὐμετάὄολον
1710 1796 1760 1831 τῆς
1774 1803 1872 1830 προαι-

1084 1841 1195 1876 ρέσεως·
1210 1837 1250 1872 οἷς
1264 1841 1292 1867 δὲ
1308 1841 1446 1876 ἀγαθότης
1461 1841 1596 1876 άτρεπτός
1616 1843 1684 1873 ἐστι,
1700 1842 1758 1873 πῶς
1775 1841 1807 1868 ἃν
1824 1843 1873 1868 καὶ

1083 1887 1240 1918 ἐναντίωσις
1254 1887 1300 1913 καὶ
1323 1887 1418 1919 στάσις
1449 1888 1680 1922 συνεισφρήσεται
1695 1897 1702 1920 ;
1733 1888 1788 1914 Καὶ
1803 1887 1873 1923 μετὰ

1084 1931 1186 1966 βραχέα
1211 1931 1326 1966 γράφεις
1350 1931 1453 1963 οὕτως’
1481 1941 1490 1957 ι
1522 1931 1557 1958 ’Ἡ
1581 1932 1675 1967 ἐνδεὴς
1703 1931 1776 1967 εἶχεν
1801 1931 1874 1960 εἶναι

1083 1977 1234 2012 ὑπουργοῦ,
1252 1977 1298 2004 τοῦ
1314 1976 1425 2003 διοικεῖν
1454 1977 1504 2012 τὴν
1534 1977 1717 2013 δημιουργίαν
1746 1978 1839 2005 αὑτοῦ.
1860 1988 1869 2004 ι

1082 2023 1192 2054 Καλῶς,
1214 2020 1235 2049 ὦ
1254 2022 1342 2058 φίλος,
1361 2022 1466 2058 ἔφησθα
1478 2031 1485 2038 ·
1507 2023 1530 2049 εί
1557 2024 1605 2058 μὲν
1615 2024 1669 2059 γὰρ
1685 2024 1716 2050 τὸ
1731 2024 1874 2058 κοινωνὸς

1083 2070 1168 2104 ὄνομα
1183 2070 1229 2096 ἐπὶ
1250 2069 1297 2095 τοῦ
1317 2068 1383 2095 Υἱοῦ
1398 2068 1490 2104 χώραν
1504 2067 1588 2104 εἶχεν,
1604 2069 1681 2104 ἔσχεν
1705 2069 1738 2096 ἂν
1754 2071 1825 2096 κατὰ
1844 2070 1873 2096 σὲ

1083 2115 1129 2141 καὶ
1148 2115 1178 2141 τὸ
1203 2115 1252 2149 τῆς
1269 2113 1452 2145 ἐναντιώσεως
1470 2115 1517 2140 καὶ
1540 2115 1662 2146 στάσεως
1677 2116 1724 2142 καὶ
1745 2117 1761 2150 ἡ
1787 2116 1874 2142 ἔνδεια

1082 2161 1131 2195 τῆς
1145 2161 1311 2196 ὑπουργίας·
1329 2160 1390 2186 ἐπεὶ
1406 2160 1433 2186 δὲ
1448 2160 1538 2187 ἐκεῖνο
1563 2160 1699 2187 δέδεικται
1721 2161 1804 2187 ’ἑωλον
1826 2161 1873 2188 καὶ

1082 2206 1238 2241 ἀνίσχυρον,
1251 2206 1330 2240 δῆλον
1343 2206 1383 2233 ὅτι
1400 2206 1445 2232 καὶ
1459 2206 1555 2232 ταῦτα’
1569 2206 1616 2232 καὶ
1631 2207 1685 2241 γὰρ
1697 2207 1745 2233 ἐὰν
1752 2209 1784 2242 τῇ
1800 2207 1873 2233 lli-535.:

1083 2251 1155 2283 τινος
1170 2252 1229 2278 τινὰ
1252 2253 1385 2285 τίϐενται,
1402 2253 1434 2287 τῇ
1451 2251 1590 2285 ἀναιρέσει
1608 2251 1704 2278 τούτου
1730 2252 1810 2287 δῆλον
1832 2253 1873 2279 ὃτι

1087 2297 1281 2333 συνανῄρηται.

1126 2348 1171 2372 ια’.
1190 2343 1303 2379 Ἐχειδὲ
1319 2344 1399 2370 πάλιν
1415 2344 1445 2370 τὺ
1462 2344 1507 2370 σὺν
1532 2344 1649 2379 γράμμα
1668 2345 1755 2375 οὖτως
1767 2351 1773 2358 ·
1790 2352 1799 2369 ι
1818 2344 1874 2369 Καὶ

1087 2389 1157 2416 κατᾶ
1179 2389 1228 2424 τὴν
1249 2389 1396 2416 ὲπέκτασιν
1415 2389 1469 2416 τῶν
1500 2389 1617 2421 αἰώνων,
1649 2390 1697 2416 καὶ
1724 2390 1774 2425 τὴν
1808 2389 1876 2424 πρὶς

1088 2435 1190 2469 ἄλληλα
1208 2435 1377 2468 ἐναντίωσιν,
1403 2436 1553 2470 ἠφανίζετο
1581 2437 1596 2470 ἡ
1623 2435 1718 2462 τούτου
1746 2435 1876 2470 κυριότης

1089 2482 1157 2517 μετὰ
1175 2481 1229 2508 τῶν
1246 2482 1416 2516 κτισμάτων,
1443 2482 1490 2508 καὶ
1513 2482 1654 2516 ὲκυρῖευεν
1668 2481 1682 2507 ὁ
1698 2479 1738 2512 εἷς
1758 2481 1805 2507 τοῦ
1820 2481 1877 2507 ἐτέ-

1089 2536 1147 2562 ρου,
1165 2527 1212 2554 καὶ
1227 2527 1358 2554 ἔκόπτετο
1373 2528 1390 2561 ἡ
1415 2518 1580 2562 συμπάθεια
1594 2528 1648 2553 τῶν
1670 2527 1842 2561 ποιημάτων.
1865 2535 1873 2550 ι

1088 2574 1174 2600 Τοῦτο
1187 2571 1243 2606 οὖν,
1261 2571 1283 2599 ὧ
1298 2573 1384 2607 φίλος,
1401 2572 1431 2599 τὸ
1447 2573 1500 2600 τῶν
1512 2573 1558 2599 δύο
1569 2573 1662 2608 ἀρχῶν
1678 2572 1726 2599 καὶ
1747 2571 1877 2601 ἐναντιώ-

1089 2628 1158 2650 σεως
1173 2619 1298 2654 ἔγκλημα
1315 2619 1380 2654 ἡμῖν
1400 2619 1431 2645 οὐ
1449 2619 1604 2653 πρόσεστιν,
1618 2618 1675 2644 ἀλλ’
1692 2617 1783 2648 ἄλλοις
1801 2618 1877 2652 παρᾶ

1089 2665 1136 2691 σοῦ
1152 2664 1326 2698 ὲγκαλεῖσθαι
1339 2664 1449 2699 ὤφειλε,
1469 2665 1525 2695 τοῖς
1540 2664 1585 2691 καὶ
1601 2664 1647 2690 δύο
1661 2663 1748 2698 ἀρχὰς
1765 2663 1813 2689 καὶ
1828 2662 1877 2689 δύο

1089 2711 1166 2742 θεοὺς
1183 2710 1349 2744 εἰσάγουσιν,
1367 2709 1468 2744 ἀγαθόν
1488 2718 1516 2735 τε
1530 2709 1575 2735 καὶ
1592 2708 1688 2735 κακόν·
1702 2708 1749 2735 καὶ
1767 2707 1813 2734 τὸν
1827 2707 1877 2741 μέν

1089 2764 1155 2790 φασι
1185 2755 1231 2782 τὸν
1261 2755 1389 2790 αἰσθητὸν
1411 2755 1516 2787 κόσμον
1541 2752 1805 2788 δεδημιουργηκένσι
1828 2751 1876 2777 καὶ

1090 2802 1214 2837 συνέχειν
1233 2803 1280 2828 καὶ
1305 2802 1426 2836 κροτεῖν·
1450 2801 1497 2827 τὸν
1512 2801 1551 2833 δὲ,
1568 2800 1612 2826 τὸν
1628 2798 1734 2834 νοητόν·
1751 2799 1784 2833 ἣν
1799 2797 1876 2829 δόξαν

1089 2847 1170 2882 ἡμεῖς
1196 2846 1242 2873 καὶ
1273 2846 1467 2881 μυσαττόμεοοι
1485 2846 1535 2872 καὶι
1557 2845 1618 2871 λίαν
1633 2841 1875 2878 ἀποστρεφόμεθα,

1089 2892 1209 2924 καὶτοὺς
1221 2892 1322 2928 ταύτην
1333 2891 1514 2927 σεμνύνοντας
1526 2890 1660 2925 κεφαλικῇ
1675 2887 1798 2924 τιμωρίᾳ
1811 2886 1878 2913 καθ-
