2083 3155
269 187 324 218 8'23

268 247 406 273 nostrum,
433 247 461 269 ut
489 249 538 276 par
563 245 634 271 erat.
657 241 754 269 validis
779 242 1057 271 demonstrationibns

268 295 435 324 magnopere
457 292 602 315 tractatum
625 286 686 319 fuit,
708 292 735 314 et
750 288 869 316 evidenti
883 289 1060 317 conclusione

269 333 444 365 stabiltlum;
469 341 503 360 ne
529 340 602 360 nunc
629 332 700 360 forte
730 334 871 361 videamur
895 339 1003 370 torpere
1031 336 1057 362 in

270 378 415 406 scribendo
434 377 467 404 ad
486 383 521 410 te,
537 378 560 405 si
573 382 676 404 tantum
691 378 822 406 adversus
840 379 883 407 illa
900 385 1059 416 argumenta

269 430 330 455 quae
345 422 378 449 ad
401 426 502 449 nostra:
517 421 765 456 irreprehensibilis
796 424 858 451 lidei
889 425 1058 453 eversionem

268 473 296 495 tu
317 468 344 495 in
362 467 460 496 litteris
473 469 526 496 tuis
537 468 647 501 misisti,
665 469 871 503 responsionem
894 471 1057 505 fecerimus;

268 513 330 540 ideo
344 521 418 540 nunc
429 513 631 545 ventilabimus,
647 522 712 541 num
729 519 782 542 tuae
807 521 902 543 contra
917 517 995 544 [idem
1010 525 1059 544 no-

255 565 352 587 'stram
385 561 577 589 accusationes
615 565 642 589 et
674 562 784 596 reliqua:
813 563 1057 595 contradictiones.

267 610 342 633 recte
370 606 526 634 eollineent.
561 607 607 634 Sic
635 611 727 634 autem
760 616 789 635 se
818 609 899 636 habet
925 610 1056 644 scriptum

268 656 344 678 tuum
357 658 364 677 :
383 651 471 679 «Deus
485 656 527 679 est
542 660 623 684 unus,
639 653 774 680 neminem
789 654 892 681 habens
905 655 1058 682 communi-

267 701 374 724 cantem
401 697 528 731 potestati
553 705 609 725 sua:
635 707 642 725 :
667 697 784 733 et‘quia
809 700 1057 728 communicantem

266 750 320 770 non
335 742 428 775 habet,
446 743 505 770 ideo
529 752 563 771 ne
588 743 673 770 ﬁliuni
699 744 807 778 quidem
838 745 926 772 habet.
948 755 957 771 ›
976 746 1058 773 Miror

265 787 390 822 equidem
409 787 472 815 talia
485 793 538 815 ate
556 788 638 815 scribi
664 800 671 815 ε
686 796 773 824 neque
789 790 862 816 enim
880 790 969 823 video,
984 799 1058 826 qua:—

266 841 329 859 nam
360 833 396 860 sit
422 834 572 861 necessitas
606 835 855 863 communicantem
885 837 967 864 veluti
1001 836 1057 864 Deo

265 879 340 906 Patri
357 885 404 906 aut
433 880 509 915 regni
535 880 687 915 adjutoretn
716 881 812 908 l’ilintn
833 883 1010 916 constituere,
1029 888 1057 910 et

266 925 379 959 hujusce
405 925 511 960 generis
536 926 588 953 alia
607 934 620 952 a
649 931 674 954 te
689 935 760 961 saepe
780 928 928 962 propesita.
947 929 1052 956 Etenim

265 979 326 997 cntn
343 970 414 997 Deus
435 970 516 998 Pater
547 971 645 998 Filium
662 980 740 999 suum
762 981 809 1007 per
825 973 916 1000 omnia
936 974 1052 1001 similem

266 1014 373 1046 habeat,
397 1021 510 1049 excepta
527 1015 698 1043 iunativitate
717 1021 744 1043 et
762 1017 919 1050 nativitate;
937 1025 1054 1054 cumque

265 1069 315 1088 ttos
330 1062 509 1088 eottliteatnur
531 1071 583 1089 noti
605 1071 664 1090 esse
686 1063 784 1090 Filium
803 1063 875 1091 Patri
901 1066 1054 1093 communi-

264 1111 385 1137 cantem,
405 1108 497 1134 nescio
518 1109 655 1142 quomodo
681 1117 731 1136 nos
751 1109 845 1137 fallere
860 1111 945 1144 velis;
962 1111 1004 1138 vel
1025 1116 1053 1139 tu

265 1152 322 1186 ipse
338 1153 457 1187 propriis
474 1154 570 1188 pennis
594 1154 721 1189 capiaris.
745 1154 792 1181 Est
816 1155 888 1182 enim
914 1155 1053 1190 sophisma

265 1203 340 1225 luunt
357 1199 510 1232 llUthSlllmll
530 1208 536 1226 :
557 1201 584 1227 Si
602 1201 656 1227 dno
689 1201 813 1234 quaedam
840 1203 906 1234 sint,
927 1207 954 1229 et
969 1211 1053 1230 unum

262 1245 349 1279 pluris
371 1246 417 1277 sit,
443 1246 516 1273 aliud
538 1247 663 1277 minoris.
689 1247 761 1274 velut
782 1247 863 1274 homo
883 1252 910 1275 et
932 1248 1053 1283 animal;

260 1299 381 1325 namque
407 1291 490 1319 homo
522 1293 636 1319 tninoris
659 1298 712 1325 est,
743 1300 824 1327 quam
853 1294 973 1326 animal;
990 1295 1053 1329 quia

263 1336 382 1364 vicissim
397 1345 451 1363 non
471 1338 605 1365 alternat:
620 1339 720 1365 animal
733 1345 824 1366 autem
839 1340 925 1374 pluris
937 1346 996 1373 est;
1012 1341 1054 1368 his

261 1383 297 1409 ita
316 1391 345 1410 se
357 1383 531 1415 habentibus,
547 1384 628 1411 veluti
652 1385 674 1412 si
692 1385 775 1412 ltotno
791 1390 842 1417 est,
863 1386 964 1413 animal
983 1394 1054 1421 qu0<

261 1437 312 1463 que
328 1434 385 1462 est;
402 1437 456 1457 non
475 1435 577 1462 autem,
604 1431 626 1457 si
651 1431 753 1458 animal
777 1436 829 1463 est,
850 1432 932 1458 homo
946 1440 1055 1467 quoque

261 1480 320 1508 est;
336 1475 358 1502 si
378 1476 490 1502 animali
507 1476 667 1507 exsistenle.
699 1477 772 1504 dicat
791 1477 891 1512 aliquis
916 1478 1053 1505 hominem

262 1529 372 1556 quoque
383 1529 462 1554 esse;
478 1521 521 1548 hic
539 1522 750 1556 paralogistnum
766 1522 840 1555 facit,
855 1524 921 1558 quia
936 1524 986 1552 ista
1001 1532 1055 1552 non

260 1567 407 1602 alternam,
425 1577 513 1604 neque
527 1569 645 1597 invicem
661 1576 876 1605 consequuntur.

889 186 1037 217 NICETE
1060 185 1266 217 BYZANTINI

1069 1599 1089 1627 C

1845 183 1898 218 8‘24

1071 243 1097 273 Α
1115 243 1186 269 Ἀλλ’
1202 243 1263 269 ἐπεὶ
1279 241 1346 278 πρὸς
1362 241 1412 278 τὴν
1423 242 1519 277 ἑτέραν
1533 241 1677 274 ἐπιστολήν
1696 250 1743 268 σου
1755 241 1785 268 τὺ
1799 243 1900 270 οἰκεῖον

1111 289 1200 323 δόγμα
1214 288 1304 323 ἡμῶν,
1328 288 1365 319 ὡς
1389 287 1461 320 εἰκὸς
1486 286 1530 323 ἦν,
1562 289 1621 319 ταῖς
1647 287 1801 320 ἀποδείξεσι
1816 296 1901 315 κατα-

1107 335 1302 366 ρκευαστικῶς
1320 334 1507 369 προσάγεσθαι
1530 334 1654 369 μεγάλως
1678 343 1708 360 τε
1733 336 1901 370 πεπραγμά-

1110 389 1204 407 τευται
1221 381 1272 415 (4),
1301 380 1350 407 καὶ
1364 381 1457 414 σαφῶς
1477 380 1634 414 ἑξήνυσται,
1661 380 1704 407 ἵνα
1725 381 1762 416 μὴ
1779 380 1901 416 δόξωμεν

1111 425 1169 451 νυνὶ
1185 426 1333 461 παρέλκειν
1352 426 1380 452 ὲν
1403 425 1441 460 τῷ
1461 426 1577 460 γράψειν
1593 434 1644 458 σοι,
1668 426 1748 459 μόνον
1772 427 1826 453 ἀπὺ
1845 426 1900 454 τῶν

1112 471 1263 498 σταλέντων
1277 473 1344 507 ἡμῖν
1365 472 1409 498 ἐπ’
1425 472 1564 506 ἀνατροπῇ
1582 472 1631 506 τῆς
1656 471 1718 497 καθ’
1735 473 1810 506 ἡμᾶς
1824 472 1901 508 ἀμώ-

1111 525 1163 551 μου
1177 517 1306 549 πίστεως,
1325 517 1374 548 τὰς
1393 517 1570 552 ἀντιρρήσεις
1585 517 1767 552 ποιησόμεθα·
1791 518 1832 544 διὸ
1853 520 1901 546 καὶ

1110 562 1134 587 εί
1149 561 1303 593 εὐουὸόλως
1314 561 1387 588 αἵτε
1400 562 1450 596 τῆς
1467 562 1586 593 πίστεως
1603 562 1682 597 ἡμῶν
1697 562 1832 595 διαϐολαὶ,
1853 564 1901 591 καὶ

1110 606 1138 632 αἱ
1152 605 1245 632 λοιπαὶ
1258 607 1434 642 ἀντιρρήσεις
1447 615 1493 633 σου
1503 606 1622 641 ἔχουσιν,
1633 603 1684 634 ὧδε
1701 608 1883 644 ὲπισκεψὼμε
1895 625 1901 628 -

1110 651 1154 678 θα·
1171 651 1227 686 ἔχει
1243 652 1272 678 δὲ
1294 652 1324 678 τὸ
1340 652 1386 679 σὺν
1403 653 1520 687 γράμμα
1538 652 1639 684 οὕτως’
1656 662 1665 678 1
1680 653 1747 685 Θεός
1761 655 1835 680 ἐστιν
1848 652 1899 687 εἷς,

1109 697 1237 724 κοινωνὸν
1264 697 1302 732 μὴ
1318 697 1387 732 ἔχων
1410 698 1461 731 τῆς
1480 697 1563 725 αὑτοῦ
1586 698 1721 730 ἐξουσίας·
1743 700 1790 726 καὶ
1812 699 1857 726 διὰ
1871 701 1903 727 τὸ

1110 743 1147 778 μὴ
1162 743 1235 778 ἔχειν
1251 743 1389 775 κοινωνὸν,
1407 743 1457 769 οὐκ
1472 743 1551 778 ἔσχεν
1567 744 1629 770 οὐδὲ
1644 745 1738 771 παῖδα.
1758 754 1768 770 1
1787 745 1901 781 Θαυμά-

1109 788 1165 820 ζειν
1180 797 1225 823 μοι
1244 788 1335 815 ἔπεισι
1362 788 1475 815 τοιαῦτα
1495 790 1649 824 γράφοντός
1679 799 1744 816 amr
1771 792 1902 827 οὐδὲγὰρ

1109 835 1214 870 συνορῶ
1232 835 1278 861 ἐπὶ
1296 835 1342 861 τοῦ
1358 834 1425 861 Θεοῦ
1443 834 1490 861 καὶ
1514 835 1630 871 Πατρός,
1649 835 1692 867 τίς
1709 837 1724 870 ὴ
1741 837 1847 873 ἀνάγκη
1864 839 1900 869 ὡς

1108 881 1236 908 κοινωνόν
1251 890 1323 912 τινα,
1344 881 1360 916 ἦ
1374 881 1412 912 ὼς
1431 881 1562 916 συνεργὸν
1583 881 1633 915 τῆς
1650 882 1748 909 ἑαυτοῦ
1763 883 1901 917 βασιλείας

1072 919 1093 946 Β
1108 926 1153 952 τὸν
1177 926 1275 953 ἑαυτοῦ
1296 926 1360 953 Υἱὺν
1376 926 1546 960 εἰσάγεσθαι,
1563 927 1609 952 καὶ
1626 927 1676 953 ὅσα
1703 929 1902 964 τοιαυτότροπα

1107 971 1237 1001 πολλάκις
1254 972 1381 1007 γράφειςο
1399 972 1446 998 τὸν
1469 972 1525 1007 γὰρ
1542 972 1611 999 Θεὸν
1641 974 1689 999 καὶ
1717 974 1828 1009 Πατέρα
1855 975 1901 1001 τον

1106 1016 1201 1043 ἑαυτοῦ
1220 1016 1283 1043 Υἱὸν
1308 1017 1379 1044 κατὰ
1399 1017 1488 1044 πάντα
1507 1018 1600 1052 ὅμοιον
1629 1018 1736 1053 ἔχοντα,
1766 1019 1836 1054 πλὴν
1851 1020 1902 1054 τῆς

1105 1062 1270 1097 ἁγεννησίας
1291 1064 1337 1088 καὶ
1357 1064 1406 1097 τῆς
1423 1063 1589 1097 γεννήσεως,
1613 1062 1692 1097 ἡμῶν
1709 1063 1737 1088 δὲ
1755 1063 1817 1098 μηδ’
1830 1063 1900 1094 ἥλως

1105 1108 1308 1143 ὁμολογούντων
1327 1109 1454 1136 κοινωνὸν
1470 1109 1534 1136 όντα
1553 1109 1599 1135 τοῦ
1622 1110 1728 1144 [ἰατρὸς
1751 1110 1797 1136 τὸν
1821 1109 1898 1142 Υἰὺν,

1105 1154 1154 1180 οὐκ
1182 1152 1230 1180 οἷδ’
1255 1155 1330 1185 ὅπως
1351 1156 1426 1190 ἡμᾶς
1453 1156 1640 1191 παραλογίζῃ,
1669 1157 1685 1191 ἢ
1712 1157 1826 1184 σεαυτὸν
1843 1160 1902 1189 τοῖς

1106 1200 1204 1226 ἑαυτοῦ
1221 1201 1331 1235 πτεροῖς
1341 1201 1451 1236 ἁλίσκῃ·
1468 1201 1526 1228 ἔστι
1540 1201 1594 1236 γάρ
1606 1210 1652 1228 σου
1669 1202 1791 1237 σόφισμα
1808 1203 1898 1230 τοιοῦ-

1105 1254 1161 1272 τον·
1186 1246 1250 1273 Ἐὰν
1265 1246 1311 1272 δύο
1326 1246 1388 1273 τινὰ
1411 1244 1474 1279 ὦσι,
1491 1247 1538 1274 καὶ
1552 1248 1583 1274 τὸ
1607 1248 1656 1281 μὲν
1670 1249 1808 1280 ὲπιπλέον,
1827 1249 1857 1275 τὺ
1871 1249 1900 1275 δὲ

1105 1292 1264 1325 ὲπέλαττον,
1278 1290 1334 1319 οἷον
1347 1294 1361 1320 ὃ
1375 1302 1405 1319 τε
1420 1294 1564 1328 ἄνθρωπος
1587 1293 1635 1320 καὶ
1651 1294 1730 1326 ζῶον·
1756 1295 1770 1321 ὁ
1785 1295 1834 1329 μὲν
1846 1295 1902 1330 γὰρ

1106 1338 1251 1374 ἄνθρωπος
1273 1339 1420 1366 ἐπέλαττόν
1435 1340 1492 1366 ἐστι
1510 1339 1557 1366 τοῦ
1575 1339 1656 1372 ζὼου·
1673 1341 1734 1367 οὐδὲ
1755 1340 1810 1375 γὰρ
1825 1341 1898 1367 ἀντι-

1107 1384 1227 1418 στρέφει·
1241 1385 1270 1410 to
1282 1384 1310 1411 δὲ
1335 1383 1405 1416 ζῶον
1423 1385 1562 1412 ὲπιπ).ἐον·
1582 1385 1677 1412 τούτου
1692 1385 1719 1412 δὲ
1740 1386 1827 1418 ὖντος,
1842 1383 1900 1412 οἷον

1105 1429 1154 1456 τοῦ
1172 1430 1330 1465 ἀνθρώπου,
1344 1430 1424 1466 δῆλον
1441 1432 1488 1457 καὶ
1502 1431 1533 1457 τὸ
1547 1430 1617 1463 ζῶόν
1631 1433 1716 1457 ἐστιν·
1733 1431 1764 1457 οὐ
1782 1431 1835 1467 μὴν
1851 1431 1899 1458 τοῦ

1107 1476 1177 1508 ζώου
1202 1476 1288 1508 ὄντος,
1305 1478 1353 1503 καὶ
1371 1478 1385 1503 ὁ
1403 1477 1558 1512 ἄνθρωπος·
1573 1475 1634 1503 εἶτα
1656 1477 1703 1504 τοῦ
1720 1477 1790 1509 ζώου
1803 1477 1899 1510 ὄντος,

1107 1523 1220 1558 φήσειέν
1238 1532 1281 1554 τις
1302 1523 1349 1550 καὶ
1368 1523 1413 1550 τὸν
1426 1523 1570 1559 ἄνθρωπον
1588 1521 1669 1555 εἶναι,
1686 1524 1731 1550 τὸν
1748 1523 1900 1558 παραλογισ

1109 1567 1176 1602 σμὸν
1198 1568 1279 1600 ποιεῖ,
1300 1567 1375 1603 παρὰ
1396 1568 1427 1594 τὸ
1454 1568 1492 1603 μὴ
1519 1567 1711 1604 ἀντιστρέφον,
1728 1567 1775 1594 καὶ
1788 1567 1819 1594 τὸ
1838 1567 1902 1594 ἑπό-

1108 1621 1190 1648 μενον
1205 1613 1278 1640 οὕτω
1293 1614 1472 1648 καλούμενον.

261 1683 318 1710 Hoc
332 1682 389 1710 loco
408 1683 499 1717 repetit
515 1683 726 1719 Νἱίεῡιιιδλιοιιιηι
741 1682 886 1719 articulum
899 1690 998 1719 1101111111
1019 1682 1119 1716 prioris
1147 1683 1274 1719 epistolw.
1291 1691 1382 1717 nempe
1407 1692 1423 1709 a
1447 1684 1532 1710 verbis
1558 1683 1678 1710 τοιοῦτόν
1703 1693 1729 1711 τι
1756 1692 1837 1719 usque
1864 1685 1900 1711 ad

462 1719 507 1744 ἐπὶ
523 1719 570 1753 τῆς
590 1717 671 1751 ἁγίας
687 1717 802 1752 Τριάδος
816 1718 948 1744 τίΟεσῡαι.
966 1717 1022 1744 Nos
1040 1726 1052 1744 v

1112 1718 1272 1750 maluimus,
1283 1726 1314 1744 ne
1332 1723 1422 1744 actum
1439 1726 1515 1753 agere
1529 1719 1675 1745 videamur.

295 1777 323 1803 2.
345 1775 408 1802 Item
424 1775 502 1802 aliter
521 1784 527 1802 :
545 1785 554 1801 1
575 1775 644 1802 Deus
664 1785 734 1803 untts
748 1782 799 1809 est,
813 1784 865 1804 non
884 1777 988 1803 habens
1002 1777 1050 1803 ali-

262 1831 344 1857 quem
362 1823 610 1849 communit-autem
627 1823 752 1857 potestati
767 1832 833 1850 sum.
856 1833 864 1847 1
880 1823 957 1856 Quod
983 1824 1054 1851 Deus

263 1877 333 1896 nntts
349 1868 383 1894 sit
398 1869 571 1900 nui\ersalis,
589 1870 634 1903 qtti
659 1870 766 1896 eunetis
781 1869 860 1896 rebus
875 1874 901 1896 et
918 1870 1051 1896 ersieten-

262 1913 327 1939 liam
347 1911 441 1938 tribuit
456 1916 482 1938 et
502 1917 603 1939 rectum
622 1918 734 1944 statum,
746 1912 939 1947 neminemque
956 1913 1054 1940 haheat

262 1957 512 1986 communicantem
525 1962 572 1984 aut
583 1959 747 1993 adjutorem,
765 1964 793 1986 ut
807 1962 835 1985 tu
846 1959 930 1991 dicis,
943 1967 957 1985 a
975 1959 1054 1986 nobis

263 2004 365 2038 pariter
381 2005 408 2030 in
436 2005 627 2039 superioribus
652 2005 868 2032 demonstratum
891 2004 951 2036 fuit,
972 2010 1055 2039 atque

263 2052 300 2077 ita
312 2051 667 2079 confitenturetereditnus.
684 2051 760 2084 Quod
779 2057 868 2078 autent
887 2051 931 2078 ille
945 2059 1056 2085 quoque

264 2104 279 2122 a
301 2095 379 2123 nobis
408 2096 528 2123 creditus
555 2094 641 2123 Filius
673 2104 705 2123 ae
736 2097 807 2124 Detts
828 2104 1011 2130 verus,a:que
1023 2104 1055 2123 ac

264 2141 335 2167 Deus
360 2141 450 2173 Pater,
481 2141 551 2168 Detts
581 2149 651 2168 uitus
680 2149 743 2168 cum
772 2141 850 2168 Patre
874 2150 905 2168 ac
922 2141 1023 2176 Spiritu
1040 2150 1054 2168 a

216 2187 221 2193 ’
263 2186 343 2213 nobis
360 2187 478 2217 dicatur.
495 2196 550 2214 nott
571 2192 699 2222 tanquaut
718 2188 922 2215 eotttmnnicans
939 2187 1012 2215 Patri
1024 2196 1055 2215 ac

264 2230 396 2265 Spiritui;
418 2239 506 2266 neque
526 2236 655 2266 tanquam
683 2232 764 2258 unius
779 2232 915 2266 principii,
933 2237 960 2259 et
973 2233 1055 2260 tutius

264 2276 323 2309 Dei,
335 2277 382 2312 qui
401 2277 428 2304 itt
440 2277 522 2305 Patre
537 2283 564 2305 ct,
584 2277 653 2304 Filio
672 2283 698 2305 et
719 2278 822 2313 Spiritu
839 2283 934 2305 sancto
947 2285 1055 2312 specta-

265 2326 318 2354 tur,
335 2326 363 2348 et
376 2321 413 2348 sit
428 2325 455 2348 et
470 2329 483 2347 a
502 2321 581 2348 nobis
596 2322 751 2354 inducatur,
768 2322 803 2349 ita
825 2322 853 2349 lit
868 2323 976 2357 planunt
991 2323 1056 2350 :llle

264 2366 311 2401 qui
328 2374 342 2393 a
362 2367 441 2394 nobis
455 2367 498 2394 Dei
517 2366 602 2395 Filius
615 2376 645 2394 ae
655 2368 725 2394 Deus
741 2376 822 2394 verus
842 2369 950 2400 dicitur,
965 2369 986 2395 si
1003 2374 1055 2400 est,

265 2417 336 2439 111111
351 2413 401 2444 ais,
417 2413 471 2439 Deo
485 2413 702 2445 communicatis,
719 2413 743 2440 id
765 2418 816 2444 est,
831 2414 855 2440 ei
880 2415 926 2448 qtti
942 2422 956 2441 a
978 2415 1056 2441 nobis

266 2455 338 2482 Deus
352 2463 384 2483 ac
405 2455 485 2483 Pater
502 2458 671 2491 appellatur;
690 2457 729 2484 vel
755 2457 800 2483 uni
821 2458 955 2492 principio
971 2464 996 2485 et
1010 2458 1056 2485 11111

267 2499 334 2530 Deo,
352 2501 399 2535 qui
415 2501 441 2528 in
458 2501 538 2528 Patre
562 2506 589 2528 1-1
615 2501 683 2529 Filio
704 2507 732 2529 et
757 2502 859 2537 Spiritu
879 2508 976 2530 sancto
994 2511 1056 2538 spe-

267 2551 366 2573 ctatur.
386 2547 438 2573 Sed
453 2547 474 2574 si
496 2547 606 2582 quidem
627 2548 671 2574 utti
693 2548 748 2575 Deo
762 2549 808 2583 qui
832 2549 858 2576 in
873 2548 953 2576 Patre
972 2554 998 2576 et
1014 2549 1057 2576 Fi-

265 2591 303 2620 lio
330 2600 362 2620 ac
389 2593 492 2628 Spiritu
522 2599 617 2620 sancto
650 2599 806 2628 spectatur;
835 2596 1053 2622 demonstratum

266 2642 356 2666 autem
374 2638 422 2665 l'uit
436 2646 450 2665 a
466 2639 543 2665 nobis
564 2639 590 2665 in
615 2640 714 2673 prioris
741 2641 864 2674 epistola:
886 2646 938 2667 tua:
954 2640 1056 2667 refuta-

265 2685 348 2716 tione,
363 2692 447 2711 unum
464 2692 524 2712 esse
537 2684 631 2717 Deum,
651 2693 790 2720 unumque
805 2686 980 2721 principium,
992 2695 1054 2713 cum

266 2730 345 2758 Patre
355 2739 388 2758 ac
402 2731 504 2765 Spiritu
522 2735 627 2764 sancto,
652 2731 751 2758 Filium
773 2733 819 2768 qui
842 2739 869 2760 et
885 2734 920 2760 ita
940 2737 982 2760 est
998 2738 1025 2761 et
1041 2741 1056 2760 a

268 2775 346 2804 nobis
367 2776 434 2804 bene
450 2777 519 2804 Deus
536 2777 705 2812 appellatur;
724 2785 788 2812 ergo
809 2778 845 2805 ita
860 2778 994 2813 contingit
1010 2778 1056 2805 Fi-

304 2865 343 2899 (1)
362 2864 435 2892 Dicit
450 2865 522 2893 illam
535 2865 697 2893 Christiana:
716 2866 854 2901 religionis
879 2867 1052 2895 demonstra-

271 2899 382 2934 tionem,
398 2901 557 2937 qnam_ipse
579 2902 742 2935 repetivcrat
762 2899 790 2929 in
811 2902 902 2937 priore
928 2904 1054 2939 epistola,

1143 1775 1174 1811 β’.
1193 1777 1247 1803 Καὶ
1263 1776 1367 1807 ἄλλως·
1386 1786 1394 1801 1
1407 1775 1474 1807 Θεός
1487 1776 1561 1803 ἐστιν
1574 1775 1762 1808 εἷς,κοινωνὺν
1779 1778 1816 1812 μὴ
1831 1777 1902 1812 ἔχων

1105 1824 1155 1857 τῆς
1168 1823 1251 1848 αὑτοῦ
1266 1822 1400 1854 ἐξουσίας.
1421 1831 1430 1847 1
1457 1823 1518 1848 Ὅτι
1540 1823 1589 1858 μὲν
1605 1820 1646 1854 εἷς
1675 1823 1740 1854 Θεός
1756 1825 1830 1849 ἐστιν
1855 1824 1901 1849 ἐπὶ

1106 1870 1216 1895 πάντων
1243 1870 1298 1900 τοῖς
1319 1867 1395 1895 οὖσιν
1415 1868 1528 1900 ἅπασιν,
1551 1869 1582 1894 τό
1601 1877 1629 1894 τε
1655 1869 1748 1900 ἁπλῶς
1767 1867 1901 1896 εἶναικαὶ

1104 1915 1135 1941 τὸ
1150 1913 1180 1940 εὖ
1194 1913 1383 1949 χαριζόμενος,
1394 1915 1440 1941 καὶ
1454 1914 1542 1940 οὐδενὶ
1557 1914 1610 1940 τῶν
1625 1913 1710 1940 ὄντων
1724 1913 1754 1940 τὸ
1770 1913 1902 1948 παράπαν

1105 1959 1233 1986 κοινωνὸν
1250 1959 1265 1994 ἢ
1286 1959 1427 1994 συνεργὸν,
1444 1959 1481 1990 ὡς
1508 1960 1539 1985 σὺ
1554 1960 1616 1994 φὴς,
1645 1959 1826 1993 κεκτημένος,
1853 1959 1901 1984 καὶ

1103 2005 1233 2040 ἀνωτέρω
1250 2005 1315 2040 παρ’
1335 2005 1415 2040 ἡμῶν
1441 2005 1631 2031 ἀποδέδεικται
1654 2005 1701 2031 καὶ
1724 2004 1900 2039 ὡμολόγηται

1103 2053 1150 2078 καὶ
1165 2053 1360 2079 πεπίστευται·
1377 2053 1417 2078 ὅτι
1437 2052 1464 2078 δὲ
1482 2052 1528 2078 καὶ
1544 2053 1557 2078 ό
1574 2052 1639 2086 παρ’
1657 2051 1735 2086 ἡμῶν
1753 2051 1817 2082 Υἱὸς
1831 2050 1901 2077 Θεοῦ

1107 2098 1316 2132 πιστευόμενος,
1329 2098 1375 2124 καὶ
1389 2097 1455 2128 Θεὸς
1468 2097 1592 2132 ἀληθινὸς
1619 2097 1657 2123 ὢν
1668 2097 1714 2123 καὶ
1729 2096 1821 2127 aii-tog.
1838 2096 1902 2122 καθ’

1106 2144 1124 2171 ἃ.
1135 2143 1181 2170 καὶ
1192 2144 1206 2170 ό
1223 2142 1326 2176 Πατὴρ,
1342 2142 1388 2168 καὶ
1403 2141 1470 2172 Θεὸς
1486 2139 1526 2172 εἷς
1543 2140 1612 2175 μετὰ
1627 2140 1733 2175 Πατρὶς
1748 2139 1795 2165 καὶ
1817 2138 1903 2165 Ilvati-

1111 2197 1195 2223 ματος
1211 2188 1276 2221 παρ’
1292 2187 1369 2222 ἡμῶν
1390 2187 1480 2218 καλῶς
1498 2186 1718 2220 Θεολογούμενος,
1733 2185 1781 2219 οὐχ
1796 2185 1832 2215 ὡς
1846 2193 1903 2210 κοι-

1110 2233 1192 2264 νωνός
1209 2233 1255 2259 τοῦ
1272 2232 1339 2259 Θεοῦ
1366 2233 1412 2258 καὶ
1427 2231 1544 2266 Πατρδς,
1570 2230 1632 2256 οὔτε
1658 2230 1706 2265 τῆς
1725 2230 1788 2264 μιᾶς
1815 2229 1903 2263 ἀρχῆς

1110 2279 1157 2304 καὶ
1172 2277 1218 2303 τοῦ
1234 2277 1292 2308 ἐνὸς
1307 2276 1374 2303 Θεοῦ
1391 2276 1438 2302 τοῦ
1462 2277 1492 2302 ἐν
1519 2275 1605 2310 Πατρὶ
1631 2274 1679 2301 καὶ
1698 2273 1754 2309 Υἱῷ
1770 2274 1812 2300 καὶ
1831 2274 1903 2308 ἁγίῳ

1073 2336 1096 2364 υ
1111 2321 1248 2356 Πνεύματι
1265 2321 1464 2356 Θεωρουμένου,
1478 2320 1535 2346 ἔστι
1552 2320 1599 2346 καὶ
1613 2320 1677 2354 παρ’
1695 2319 1774 2354 ἡμῶν
1796 2319 1904 2352 εἰσάγε-

1108 2375 1163 2397 ται,
1179 2364 1230 2393 ὦίε
1245 2367 1339 2401 δῆλον·
1365 2367 1393 2392 ’0
1415 2366 1478 2401 παρ’
1502 2367 1570 2401 ἡμῖν
1592 2365 1656 2396 Υἱὸς
1671 2364 1739 2391 Θεοῦ
1768 2364 1815 2391 καὶ
1836 2364 1903 2396 Θεὸς

1107 2413 1234 2448 ἀληθινὸς
1251 2413 1470 2447 Θεολογούμενος,
1482 2412 1563 2446 εἴπερ
1575 2413 1634 2438 ἐστὶ
1651 2412 1721 2438 κατὰ
1735 2412 1763 2437 σὲ
1776 2411 1904 2441 κοινωνὸς

1107 2458 1154 2484 τοῦ
1167 2458 1246 2490 Θεοῦ,
1261 2459 1320 2493 ἤτοι
1338 2457 1385 2484 τοῦ
1399 2459 1464 2493 παρ’
1477 2459 1544 2492 ἡμῖν
1557 2456 1625 2483 Θεοῦ
1637 2456 1685 2482 καὶ
1698 2456 1803 2490 Πατρὸς
1818 2464 1903 2489 πρεσ-

1108 2504 1267 2538 ϐευομένου,
1282 2505 1298 2538 ῆ
1311 2504 1358 2538 τῆς
1376 2505 1440 2538 μιᾶς
1455 2504 1541 2538 ἀρχῆς
1562 2503 1610 2529 καὶ
1623 2502 1671 2528 τοῦ
1693 2503 1753 2533 ἑνὸς
1771 2502 1840 2528 Θεοῦ
1856 2501 1903 2528 τοῦ

1108 2551 1137 2576 ὲν
1151 2551 1238 2585 Πατρὶ
1248 2550 1295 2576 καὶ
1307 2550 1365 2584 Υἱῷ
1379 2551 1424 2576 καὶ
1442 2550 1512 2584 ἁγίῳ
1539 2548 1678 2583 Πνεύματι
1693 2548 1884 2582 θεωρουμένου
1895 2556 1901 2562 ·

1107 2596 1165 2623 ἀλλ’
1177 2595 1264 2630 εἰμὲν
1281 2595 1327 2622 τοῦ
1345 2596 1404 2627 ἑνὸς
1424 2595 1492 2621 θεοῦ
1509 2594 1556 2621 τοῦ
1575 2595 1604 2620 ἐν
1625 2594 1711 2628 Πατρὶ
1725 2593 1772 2619 καὶ
1785 2593 1842 2627 Υἰῷ
1856 2593 1903 2618 καὶ

1109 2641 1179 2676 ἁγίῳ
1201 2642 1338 2676 Πνεύματι
1357 2641 1559 2676 Θεωρουμένου,
1576 2640 1764 2666 ἀποδέδεικται
1779 2638 1808 2664 δὲ
1836 2639 1904 2673 ἡμῖν

1109 2689 1138 2714 ἐν
1153 2689 1186 2723 τῇ
1203 2689 1362 2724 ἀντιρρήσει
1378 2688 1426 2722 τῆς
1444 2687 1579 2722 προτέρας
1605 2694 1652 2712 σου
1666 2685 1836 2719 ’ἐπιστο).ἦς,
1857 2688 1899 2715 ὅτι

1108 2731 1148 2766 εἷς
1165 2734 1232 2764 Θεὸς
1256 2735 1302 2760 καὶ
1334 2734 1383 2769 μία
1403 2733 1475 2768 ἀρχὴ
1497 2733 1510 2759 ό
1534 2732 1598 2763 Υἱὸς
1625 2732 1695 2767 μετὰ
1722 2731 1828 2766 Πατρξς
1857 2732 1905 2756 καὶ

1110 2778 1269 2814 Πνεύματος
1284 2779 1363 2813 ἁγίου
1381 2780 1427 2805 καὶ
1443 2778 1500 2804 ἐστι
1516 2779 1563 2805 καὶ
1577 2778 1642 2812 παρ’
1654 2777 1732 2812 ἡμῶν
1742 2776 1831 2808 καλῶς
1841 2776 1903 2802 θεο-

1107 2869 1153 2896 sed
1168 2876 1218 2896 nos
1238 2874 1331 2903 utpote
1348 2869 1403 2903 jam
1425 2869 1451 2895 in
1468 2868 1608 2903 superiore
1625 2875 1717 2902 opere,
1738 2867 1791 2895 hoc
1801 2864 1898 2894 eodem

1108 2905 1247 2933 volumine
1261 2904 1373 2938 editam,
1388 2904 1543 2933 necessario
1558 2904 1714 2931 omisimus.
