2083 3155
197 197 251 229 8’25

785 198 1004 229 REFUTATIO
1021 197 1260 229 MOHAMEDIS.

1779 194 1832 226 896

197 255 335 288 λογεῖται·
353 253 378 280 εί
393 253 422 280 δὲ
436 253 526 286 τοῦτο,
552 253 696 288 συμϐαίνει
720 253 752 280 ἂν
775 254 789 280 ό
817 255 880 286 Υἱὸς
907 254 999 285 αὐτὸς.

1052 254 1106 281 ium
1131 254 1239 281 sibimet
1264 260 1325 281 esse
1346 251 1613 284 communicantem;
1639 249 1712 286 quod
1731 255 1773 278 est
1784 252 1833 278 ab-

197 299 295 326 ὲαυτοῦ
310 297 380 325 εἶναι
398 300 535 331 κοινωνὸς,
557 300 625 334 ὅπερ
644 301 759 327 ἄτοπον·
777 300 852 326 οὐδὲν
863 300 918 335 γὰρ
933 300 989 326 τῶν

197 345 283 372 ὄντων
297 344 363 370 αὐτὸ
376 344 472 371 ἑαυτοῦ
496 344 605 379 λέγεται
619 344 688 372 εἶναι
703 346 829 372 κοινωνόν
838 354 844 360 ·
863 346 912 372 οὐκ
936 346 990 380 ἄρα

198 391 212 416 ό
231 390 294 421 Υἱὸς
305 389 355 424 τῆς
372 391 436 423 μιᾶς
447 391 534 425 ἀρχῆς
547 391 594 417 καὶ
608 391 655 417 τοῦ
672 390 810 423 ἑνὸςθεοῦ
824 390 872 417 τοῦ
888 392 917 417 ὲν
932 391 988 417 Πα-

198 435 243 470 τρὶ
257 435 305 461 καὶ
328 434 386 469 Υἱῷ
399 436 446 461 καὶ
474 435 544 470 ἁγίῳ
562 436 701 471 Πνεύματι
721 436 909 470 θεωρουμένου
931 436 991 462 ἐστὶ

199 479 326 511 κοινωνός
340 488 346 494 “
361 479 422 506 οὔτε
437 481 490 515 μὴν
509 480 556 507 τοῦ
572 481 639 507 Θεοῦ
659 482 706 507 καὶ
730 481 836 516 Πατρός
847 489 853 496 ·
869 481 916 507 ἐπὶ
928 480 989 507 τού-

199 532 253 550 ¹ιων
264 524 319 559 γὰρ
339 524 385 551 καὶ
397 525 476 558 μόνον
488 525 560 552 ἔστιν
575 526 631 552 υίὸν
645 527 735 561 εὑρεῖν
746 526 793 552 τοῦ
806 525 871 552 ὶδίου
889 526 992 560 πατρὸς

200 570 346 604 λεγόμενον
360 571 498 604 κοινωνὸν,
516 573 545 598 ὲν
558 569 598 603 οἷς
610 572 723 606 γνώμης
742 572 903 607 παραλλαγὴ
922 580 992 606 παρ-

200 615 351 642 εισδύνεται
363 637 370 647 ,
389 616 436 642 καὶ
453 616 606 651 βουλήσεως
635 618 763 652 ἑτερότης
784 618 927 652 πάρεστιν,
946 617 992 643 καὶ

200 662 303 697 ἀπορία
317 662 438 688 καλοῦσα
456 663 522 697 πρὸς
535 663 584 698 τὴν
595 665 700 699 χρείαν,
722 664 769 690 καὶ
785 663 908 697 ἐνέργεια
922 663 991 689 ἀπο-

200 706 358 741 τετμημένη
375 707 445 739 ἰδίως
470 708 634 742 πρόσεστιν·
652 705 691 740 οἷς
706 709 733 735 δὲ
751 708 846 743 γνώμη
866 709 925 742 μία,
945 708 992 734 καὶ

202 751 329 787 βούλησις
342 753 385 779 ἀεὶ
401 753 557 785 ἀδιάκοπος,
585 755 633 780 καὶ
658 754 765 788 φύσεως
780 754 922 788 ταυτότης,
946 753 993 779 καὶ

203 798 253 833 μία
268 798 387 831 ἐξουσία,
403 799 449 824 καὶ
472 798 581 834 θέλησις
595 799 730 834 ἄτρεπτος
746 799 873 832 πάρεστι,
891 799 950 830 πῶς
962 799 993 825 ἂν

201 844 216 869 ὁ
228 844 372 876 κοινωνὸς
397 844 593 878 είςφρήσεται;
617 844 715 870 οὔκουν
741 844 869 870 κοινωνὸν
885 845 930 870 ἐπὶ
946 844 993 869 τοῦ

201 889 261 921 ἑνὸς
273 889 352 923 Θεοῦ,
366 890 390 915 οἰ
417 890 464 916 ἐπὶ
478 892 511 925 τῇ
526 890 651 924 θεολογίᾳ
668 890 731 916 Υἱὸν
749 891 796 916 καὶ
812 889 922 925 Πνεῦμα
936 890 994 916 οεο-

1042 299 1156 327 surdum
1174 308 1180 325 :
1198 299 1271 325 nulla
1296 298 1367 325 enim
1392 305 1435 324 res
1455 297 1590 324 exsistens
1607 296 1708 323 dicitur
1722 296 1833 323 sibimet

1042 344 1101 378 ipsa
1114 344 1328 370 communicare.
1349 342 1526 377 Nequaquam
1547 341 1630 376 igitur
1656 340 1726 367 ﬁlius
1755 348 1833 367 eom-

1043 389 1187 417 muuicans
1199 394 1240 417 est
1253 389 1299 416 uni
1317 389 1448 423 principio
1464 388 1567 422 unique
1586 387 1640 414 Deo
1650 386 1697 421 qui
1709 386 1736 412 in
1754 385 1835 413 Patre

1043 440 1067 462 et
1081 434 1150 462 Filio
1175 440 1202 462 et
1231 434 1332 469 Spiritu
1364 440 1459 462 sancto
1486 437 1643 468 spectatur;
1666 440 1754 466 neque
1770 433 1834 458 item

1043 480 1098 507 Deo
1121 479 1204 506 Patri.
1226 479 1303 506 Tunc
1327 480 1398 506 enim
1421 478 1607 506 tantummodo
1633 478 1734 505 dicitur
1763 478 1834 504 [ilius

1043 525 1112 558 patri
1138 532 1188 552 suo
1209 525 1426 553 communirans.
1447 533 1508 551 ettm
1534 523 1677 551 sententia:
1701 522 1837 550 aberratio

1044 572 1127 602 subit,
1144 576 1171 598 et
1193 571 1303 598 consilii
1334 571 1480 598 diversitas
1508 571 1596 602 adest,
1622 577 1683 596 cum
1702 569 1836 596 dubitatio

1043 617 1081 643 rei
1099 616 1235 651 gerendae,
1253 621 1280 643 et
1304 617 1426 650 operatio
1449 623 1574 643 seorsum
1603 620 1730 650 suscepta
1745 615 1836 642 cerui-

1045 667 1099 690 tur.
1116 662 1151 690 lis
1165 669 1271 694 autem,
1294 671 1411 697 quorum
1429 668 1468 689 est
1488 671 1541 689 una
1561 662 1706 693 sententia,
1724 666 1751 688 et
1772 661 1838 688 deli-

1046 709 1149 736 beratio
1165 717 1274 743 semper
1298 709 1426 741 indivisa,
1446 712 1473 735 et
1498 713 1596 735 natura
1621 708 1729 738 eadem,
1748 714 1774 734 et
1791 715 1838 742 po-

1046 759 1132 782 testas
1151 755 1241 788 unica,
1267 760 1295 782 et
1323 755 1448 782 voluntas
1477 753 1670 786 immutabilis,
1699 753 1838 788 quomodo

1047 801 1208 828 vocabulum
1225 801 1424 827 communicaris
1441 800 1572 834 obrepet?
1585 799 1642 826 Non
1658 807 1722 834 ergo
1735 799 1839 826 faciunt

1047 848 1093 874 uni
1110 847 1164 874 Deo
1181 847 1439 877 rommunicaulem,
1456 847 1493 873 illi
1513 847 1561 882 qui
1585 845 1683 872 Filium
1708 853 1740 872 ac
1753 844 1838 879 Spiri-

1048 897 1104 920 ttttn
1123 894 1205 920 Deum
1225 901 1285 920 esse
1306 893 1460 928 tlieologice
1475 893 1586 925 dicunt;
1603 887 1711 919 etiamsi
1728 899 1810 926 prave
1824 899 1840 918 a

201 935 345 968 λογοῦντες
363 936 587 969 συνεισάγουσιν,
614 937 638 962 εἰ
655 936 700 962 καὶ
725 935 818 967 κακῶς
834 936 899 971 παρ’
916 936 993 970 ὑμῶν

1052 940 1123 967 vobis
1139 940 1175 966 ila
1194 939 1381 966 tlilfamantur.

202 980 271 1016 [εοά.
290 980 379 1016 ἡμῶν]
391 981 474 1016 ἐπιφη
480 981 615 1016 μίζονται.

236 1026 271 1061 γ’.
285 1027 339 1054 Καὶ
354 1027 440 1058 ἄλλως
453 1035 460 1043 ·
484 1037 493 1053 ι
512 1028 578 1060 Θεὸς
589 1026 629 1060 εἷς
643 1029 712 1060 ἐστι,
730 1030 857 1056 κοινωνὸν
874 1030 911 1065 μὴ
924 1029 995 1064 ἔχων

202 1073 252 1107 τῆς
269 1073 352 1100 αὑτοῦ
363 1074 487 1106 ἐξουσίας
501 1082 508 1089 ·
526 1074 572 1100 καὶ
587 1074 630 1101 διὰ
651 1074 682 1100 τὺ
705 1077 742 1110 μὴ
767 1075 840 1110 ἔχειν
856 1076 993 1107 κοινωνὸν,

201 1119 252 1144 οὐκ
266 1118 344 1153 ἔσχεν
355 1119 416 1145 οὐδὲ
430 1120 520 1145 παῖδα.
542 1129 551 1144 ι
576 1119 746 1156 Ἀπήλλαξας
763 1122 837 1156 ἡμᾶς
863 1122 995 1156 πραγμά-

202 1170 256 1188 των
277 1161 393 1194 ἐξειπὼν
414 1163 446 1189 τὸ
469 1164 639 1198 ἀπόρρητον·
665 1165 755 1200 εἰμὲν
780 1166 833 1202 γὰρ
858 1167 952 1201 ἑώρων
966 1167 996 1192 τὸ

204 1210 348 1242 κοινωνὸς
363 1210 410 1236 ἐπὶ
427 1210 476 1245 τῆς
503 1211 662 1246 θεολογικῆς
683 1213 837 1247 γεννήσεως
862 1213 996 1246 ἑπόμενον

204 1256 252 1282 καὶ
266 1255 358 1291 χώραν
369 1256 440 1291 ἕχον,
459 1257 529 1292 τάχα
546 1257 579 1284 ἂν
603 1259 648 1284 καὶ
666 1259 702 1293 μὴ
723 1259 807 1285 θέλων
832 1261 866 1294 τῇ
882 1259 997 1295 ἀληθείᾳ

206 1301 436 1336 συνεφελκόμενος
449 1303 482 1337 τῇ
494 1303 633 1338 ἀναιρέσει
649 1304 755 1335 τοῦτου,
771 1305 818 1331 καὶ
825 1307 860 1336 πὸ
878 1305 998 1340 ἡγούμε-

204 1355 250 1373 νον
270 1347 454 1383 συνανῄρουν·
471 1349 596 1375 τουτέστι
613 1350 643 1375 τὸ
663 1351 708 1376 ὲπὶ
724 1351 772 1385 τὴν
790 1351 929 1385 θεολογίαν
952 1351 997 1378 τὸν

205 1394 270 1420 Υἰὸν
280 1393 528 1429 ἀποκηρύττεσθαι.
538 1395 614 1422 Ἐπεὶ
623 1396 651 1422 δὲ
663 1396 742 1423 τοῦτο
756 1397 838 1423 ἕωλον
850 1397 896 1424 καὶ
910 1397 996 1432 πάντη

204 1439 311 1473 ψευδὲς,
343 1440 389 1465 ἐπὶ
403 1440 452 1474 τῆς
469 1436 627 1475 θεολογικῆς
650 1443 814 1476 γεννήσεως,
831 1443 878 1468 καὶ
897 1443 996 1470 ἀνακό-

205 1482 300 1509 λουθον
313 1482 344 1509 ὃν
354 1484 368 1510 ό
383 1483 461 1517 λόγος
476 1484 586 1517 ἔδειξεν,
600 1485 629 1511 οὖ
646 1495 679 1521 με
702 1486 780 1520 λόγος
794 1488 999 1521 καταναγκάσει

207 1530 254 1555 καὶ
271 1529 301 1556 τὸ
313 1529 475 1564 ἡγούμενον,
493 1532 617 1558 τουτέστι
632 1533 677 1559 τὸν
697 1533 770 1565 Υἱδν,
786 1534 831 1559 ἐπὶ
844 1534 892 1568 τῆς
908 1534 998 1560 θεολο-

206 1575 269 1608 γίας
296 1576 486 1610 ἀπαρνεῖσθαι.
511 1577 573 1603 Ἐπὶ
594 1578 643 1612 μὲν
668 1579 721 1614 γὰρ
748 1579 803 1606 τῶν
825 1579 854 1611 ἐξ
878 1579 1001 1614 ἀνάγκης

207 1621 415 1656 ἑπομένων,καὶ
430 1623 532 1650 τούτων
548 1624 765 1659 ἀναιρουμένων,
795 1625 874 1660 δῆλον
891 1626 932 1652 ὅτι
954 1626 1001 1653 καὶ

206 1667 242 1694 τὰ
256 1667 395 1703 ἡγούμενα
410 1669 609 1704 συνανῄρηται·
626 1671 655 1696 οὺ
669 1671 722 1705 μὴν
733 1671 760 1696 δὲ
773 1671 820 1698 ἐπὶ
834 1671 887 1697 τῶν
900 1672 1000 1706 ἥκιστα

207 1713 360 1748 ἑπομένων,
382 1714 420 1745 ὡς
445 1715 472 1740 αἱ
498 1715 631 1750 μαθήσεις
644 1716 846 1742 ἐκδιδάσκουσι·
864 1717 904 1742 διὸ
915 1715 957 1752 ἦν’
971 1717 1002 1745 τὸ

207 1760 283 1795 παρὰ
300 1759 346 1786 σοῦ
360 1761 586 1795 συλλογιζόμενον
598 1761 711 1798 δυνάμει
727 1763 846 1790 τοιοῦτον
857 1772 865 1779 ·
884 1763 914 1790 El
929 1763 1001 1790 ἔστιν

208 1806 272 1837 Υἱὸς
287 1806 332 1832 ἐπὶ
352 1807 400 1841 τῆς
416 1806 556 1840 θεολογίας
583 1808 790 1842 πιστευόμενος,
819 1809 1000 1844 εὑρεθήσεται

209 1853 255 1879 καὶ
282 1853 410 1880 κοινωνὸν
426 1854 440 1879 ὁ
464 1851 503 1884 εἷς
521 1853 587 1884 Θεὸς
603 1853 688 1888 ἔχωνυ
706 1854 774 1880 ἀλλὰ
802 1855 855 1890 μὴν
871 1855 936 1886 Θεὸς
963 1852 1003 1886 εἷς

209 1899 283 1924 ἐστιν
310 1898 356 1924 ἐπὶ
371 1898 480 1924 πάντων
500 1899 628 1925 κοινωνὸν
641 1899 690 1925 οὐκ
708 1899 777 1934 ἔχων
787 1908 793 1914 ’
809 1900 860 1926 οὐκ
878 1900 931 1934 ἄρα
942 1900 1003 1926 οὐδὲ

210 1945 272 1976 Υἱὸς
286 1945 332 1971 ἐπὶ
356 1944 407 1979 τῆς
423 1944 562 1978 θεολογίας
586 1945 711 1980 εὕρηται.
730 1946 784 1972 Καὶ
805 1946 914 1980 πρῶτον
941 1946 1002 1981 μὲν,

208 1991 247 2022 ὼς
263 1991 479 2026 αίφιλοσοφικαὶ
507 1990 615 2026 μέθοδοι
642 1992 715 2026 ἡμᾶς
742 1992 943 2024 ἐκδιδάσκουσι,
972 1992 1003 2018 τὸ

210 2037 342 2071 ἑπόμενον
359 2036 708 2071 ἕσφαλται.“Λποδέδεικται
722 2038 776 2072 γὰρ
790 2039 831 2064 ὅτι
842 2039 891 2072 οὐχ
908 2039 1004 2065 ἕπεται

210 2083 257 2110 ἐπὶ
270 2083 318 2118 τῆς
334 2083 492 2118 θεολογικῆς
507 2086 661 2117 γεννήσεως
685 2084 715 2109 τδ
733 2084 860 2110 κοινωνὸν
876 2084 1005 2118 λέγεσθαι

211 2128 257 2156 τὸν
275 2128 338 2155 Υἱὸν
351 2129 397 2155 τοῦ
408 2129 514 2164 Πατρός
524 2137 531 2145 ο
548 2129 591 2155 διά
607 2138 648 2155 τοι
659 2130 737 2155 τοῦτο
753 2130 800 2156 καὶ
814 2130 1005 2162 ἀναπόδεικτος

212 2175 226 2201 ὸ
241 2175 319 2210 λόγος
335 2175 458 2211 πρόεισιν
468 2183 475 2190 “
492 2175 586 2201 ἔπειτα
599 2175 704 2210 μικρῶς
719 2184 777 2206 πως
794 2176 843 2210 τὴν
859 2175 919 2202 καθ’
933 2177 1006 2210 ἡμᾶς

212 2220 351 2255 θεολογίαν
363 2220 587 2255 ἐπισκεψώμεθα,
597 2221 668 2251 ὅπως
680 2221 860 2255 εὐφωρατώτε
866 2230 910 2256 ρον
921 2222 1006 2248 ἆπασι

1081 1027 1108 1054 5.
1131 1026 1195 1053 ltctn
1213 1027 1292 1054 aliter
1309 1038 1315 1055 :
1337 1037 1346 1053 ι
1369 1027 1440 1054 Deus
1458 1036 1529 1055 unus
1544 1032 1597 1060 est,
1617 1028 1722 1055 nullum
1738 1027 1841 1056 habens

1047 1071 1171 1105 potestati
1210 1078 1266 1098 sua:
1298 1071 1570 1104 eommunicantem,
1600 1079 1665 1107 ergo
1695 1079 1729 1099 ne
1757 1071 1841 1099 ﬁliuni

1048 1116 1159 1152 quidem
1187 1117 1278 1143 habet.
1296 1126 1304 1142 ι
1326 1117 1460 1144 Liberasti
1494 1125 1537 1144 me
1564 1118 1685 1149 negotio,
1710 1125 1841 1144 arcanum

1047 1169 1207 1190 enarratis:
1229 1170 1290 1188 nam
1317 1163 1341 1189 si
1371 1162 1490 1189 viderem
1513 1163 1676 1190 vocabulum
1692 1164 1842 1190 contumul-

1048 1217 1112 1235 cans
1137 1208 1164 1235 in
1189 1208 1342 1242 theologica
1369 1208 1544 1242 generatione
1563 1217 1718 1235 connexum
1735 1215 1760 1236 et
1776 1210 1842 1236 sub-

1049 1255 1160 1285 sistens.
1179 1254 1296 1280 fortasse
1319 1262 1486 1289 quamquam
1513 1254 1625 1287 invitus,
1646 1255 1761 1282 veritate
1787 1260 1844 1282 tra-

1050 1300 1140 1332 hente,
1158 1307 1220 1326 eum
1239 1299 1320 1334 hujus
1335 1300 1461 1327 vocabuli
1484 1300 1673 1331 exstinctione,
1696 1301 1845 1335 principale

1049 1353 1158 1381 quoque
1170 1345 1202 1372 de
1218 1345 1306 1372 medio
1323 1345 1445 1372 tollerem
1461 1355 1468 1372 :
1485 1346 1510 1372 id
1528 1351 1570 1372 est
1582 1345 1680 1372 Filium
1704 1347 1844 1381 pra-dicari

1051 1393 1134 1419 Deum
1149 1400 1202 1419 non
1219 1392 1348 1419 sinerem.
1368 1391 1420 1419 Sed
1442 1393 1505 1427 quia
1525 1393 1577 1420 hoc
1602 1393 1677 1419 futile
1693 1394 1805 1420 omnino
1819 1399 1846 1420 et

1051 1439 1148 1466 falsum
1177 1439 1203 1465 in
1233 1439 1386 1474 theologica
1401 1440 1575 1474 generatione
1593 1440 1760 1474 minimeque
1779 1447 1846 1467 cou-

1051 1490 1209 1512 scctanettm
1224 1492 1316 1511 sermo
1345 1490 1439 1513 noster
1463 1485 1600 1517 ostendit',
1617 1486 1723 1513 nullum
1743 1494 1785 1512 me
1802 1494 1847 1512 ra-

1052 1530 1195 1557 tiocinium
1217 1536 1306 1564 coget.
1333 1538 1389 1557 rem
1417 1531 1608 1564 principalem,
1631 1531 1656 1558 id
1677 1536 1719 1558 est
1734 1531 1847 1563 Filium.
1878 1538 1881 1541 ’

1053 1585 1068 1604 a
1100 1576 1146 1602 Dei
1179 1575 1362 1610 appellatione
1385 1577 1542 1604 excludere.
1572 1576 1639 1604 Nam
1672 1577 1698 1604 in
1729 1577 1763 1603 iis
1786 1585 1848 1611 qua:

1054 1624 1210 1650 necessario
1235 1630 1306 1650 nexu
1335 1623 1493 1654 coluerent,
1527 1627 1620 1657 patet,
1650 1623 1693 1650 his
1719 1623 1847 1657 sublatis,

1054 1670 1215 1704 principalia
1242 1677 1352 1703 quoque
1385 1669 1498 1702 perire:
1521 1677 1574 1696 non
1600 1669 1637 1696 ita
1664 1674 1753 1696 tatneu
1771 1669 1797 1696 in
1815 1669 1850 1696 iis

1053 1717 1200 1742 usuvenlre
1228 1722 1288 1748 quae
1325 1714 1436 1741 minime
1464 1719 1559 1741 mutuo
1585 1714 1741 1747 cohmrent,
1767 1715 1850 1742 disci-

1054 1761 1134 1795 plinm
1161 1760 1270 1787 docent.
1296 1760 1443 1794 Propterea
1479 1761 1628 1795 syllogismi
1659 1761 1696 1788 tui
1726 1762 1783 1788 haec
1811 1762 1851 1787 vis

1054 1812 1113 1833 erat
1137 1815 1144 1833 :
1164 1806 1191 1832 Si
1223 1805 1283 1832 Filii
1322 1806 1452 1833 divinitas
1489 1807 1618 1840 creditur,
1652 1807 1852 1841 comperiemus

1056 1859 1140 1878 unmn
1170 1851 1255 1879 Deum
1288 1851 1389 1879 habere
1415 1853 1533 1886 aliquem
1563 1852 1615 1879 sibi
1645 1853 1852 1879 communican-

1055 1902 1109 1924 tem
1136 1907 1142 1924 :
1166 1898 1240 1931 atqui
1270 1907 1342 1926 unus
1363 1903 1405 1925 est
1434 1898 1597 1925 universalis
1625 1898 1713 1931 Deus,
1743 1898 1849 1924 uttlltuu

1056 1943 1423 1972 habenseomtnunieanlem
1443 1954 1450 1972 :
1471 1952 1644 1980 nequaquam
1656 1945 1749 1978 itaque
1764 1944 1850 1971 Filius

1056 1989 1083 2016 in
1106 1990 1243 2025 theologia
1257 1991 1406 2017 invenitur.
1427 1990 1456 2017 Et
1476 1992 1593 2024 primtttn
1623 1990 1746 2024 quidem,
1772 1994 1854 2024 prout

1056 2042 1106 2062 nos
1123 2035 1318 2070 philosophica:
1332 2035 1434 2069 regula:
1446 2036 1554 2067 docent,
1579 2035 1651 2070 quod
1683 2036 1854 2071 subsequens

1056 2085 1099 2108 est
1115 2081 1258 2108 evertitur.
1276 2081 1498 2108 Detnonstratum
1522 2081 1594 2107 enim
1624 2080 1686 2113 fuit,
1715 2089 1768 2107 non
1793 2089 1854 2107 esse

1057 2135 1229 2161 consequens
1239 2128 1266 2154 iu
1281 2127 1434 2162 theologica
1441 2128 1627 2160 generatione,
1638 2126 1834 2153 communio-an
1842 2141 1850 2148 -

1060 2177 1114 2201 tem
1130 2173 1185 2200 dici
1212 2173 1311 2199 Filium
1331 2172 1416 2199 Patri.
1440 2171 1588 2206 Propterea
1613 2172 1715 2206 absque
1738 2172 1854 2198 demou-

1060 2219 1193 2246 slratioue
1207 2218 1324 2245 assertio
1339 2218 1383 2244 illa
1400 2222 1451 2245 est.
1470 2217 1531 2244 Mox
1548 2218 1719 2251 aliquantum
1746 2217 1853 2244 theolo-

214 2267 246 2293 τὸ
261 2267 374 2302 ἀδρανὲς
390 2266 421 2293 ὃν
435 2267 482 2293 καὶ
493 2267 624 2293 ἀπίθανον
636 2267 681 2293 τοῦ
694 2267 770 2302 παρὰ
783 2268 829 2294 σοῦ
845 2267 999 2302 δογματιζο

1059 2265 1131 2300 giam
1149 2270 1271 2291 nostram
1288 2263 1540 2294 considerabimus,
1568 2269 1599 2290 ut
1618 2262 1773 2290 evidentius
1795 2270 1855 2290 ont-

216 2312 298 2347 μένου
315 2312 395 2346 λόγου
413 2311 632 2347 παραδείξωμεν.

248 2402 279 2429 δ’.
293 2401 333 2429 Τὰ
342 2402 431 2428 τοίνυν
444 2402 489 2428 ἐπὶ
504 2402 552 2437 τῆς
572 2401 712 2436 θεολογίας
724 2401 789 2436 παρ’
804 2401 884 2437 ἡμῶν
898 2401 1006 2437 ἀληθῶς

214 2447 360 2482 λεγόμενα,
376 2448 410 2474 τὰ
423 2448 472 2482 μὲν
485 2448 583 2479 κοινῶς
601 2448 647 2474 ἐπὶ
662 2447 716 2474 τῶν
728 2447 813 2481 τριῶν
830 2447 1006 2474 ὑποστάσεων

215 2493 334 2528 λέγεται,
346 2493 384 2525 ὡς
400 2494 446 2520 ἐπὶ
464 2495 528 2529 μιᾶς
543 2494 637 2525 οὐσίας
648 2493 708 2529 ἢτοι
728 2493 864 2527 θεότητος,
881 2495 934 2520 ικαὶ
947 2493 1006 2524 ἑνὸς

214 2538 282 2564 Θεοῦ
294 2538 385 2569 δντοςο
403 2535 458 2564 οἶόν
471 2546 542 2573 φημι
557 2537 587 2564 τὸ
601 2537 672 2569 Θεὸς
682 2537 778 2571 ὄνομα,
795 2537 842 2563 καὶ
856 2537 887 2563 τὸ
901 2537 1009 2570 Κύριος

216 2583 304 2610 καὶτὸ
318 2583 539 2618 φιλάνθρωπος,
556 2583 603 2610 καὶ
617 2584 652 2609 τὰ
675 2583 863 2618 παραπλήσια,
880 2583 898 2610 ἃ
915 2583 961 2610 καὶ
977 2583 1008 2609 οὐ

218 2629 424 2664 συναριθμεῖται
439 2629 483 2655 διὰ
496 2629 527 2655 τὸ
539 2629 648 2661 ἐνιαίως
665 2628 802 2663 λέγεσθαι,
817 2629 854 2660 ὡς
869 2629 917 2655 καὶ
940 2630 1009 2655 ἁπο-

216 2675 349 2702 δέδεικται
359 2684 366 2690 ε
380 2675 415 2701 τὰ
428 2675 458 2702 δὲ
474 2675 557 2708 ἰδίως,
571 2675 589 2702 ἃ
605 2675 648 2702 καὶ
665 2676 720 2702 τῶν
744 2675 921 2702 ὑποστάσεων
933 2675 1009 2710 πρώ-

215 2730 270 2751 τως
282 2722 329 2747 καὶ
354 2721 457 2756 κυρίως
472 2722 556 2748 εἰσίν·
575 2720 630 2749 οἷόν
651 2731 721 2757 φημι
737 2721 768 2748 τὺ
784 2722 885 2756 Πατὴρ
910 2723 958 2749 καὶ
979 2722 1010 2749 τὸ

223 2767 290 2799 Υἱὸς
304 2767 352 2793 καὶ
363 2767 393 2793 τὸ
406 2767 527 2801 Πνεῦμα
544 2769 576 2794 τὸ
598 2767 702 2802 ἅγιονο
720 2767 738 2795 ἃ
759 2767 806 2794 καὶ
823 2768 867 2795 διὰ
881 2768 912 2794 τὸ
938 2768 1011 2800 ἰδίως

217 2811 356 2845 λέγεσθαι,
382 2813 604 2847 συναριθμεῖται*
621 2814 637 2848 ἡ
653 2813 706 2850 γᾴρ
726 2813 935 2848 συναρίθμησις,
961 2821 1010 2839 κυ-

221 2859 286 2893 ρίως
297 2858 352 2884 τῶν
366 2857 437 2890 ἰδίως
451 2858 605 2893 λεγομένων
625 2859 709 2892 ἐστὶν,
724 2859 753 2886 οὐ
769 2859 824 2885 τῶν
839 2859 948 2890 κοινῶς,
971 2859 1010 2890 ὡς

219 2908 247 2933 ἐν
263 2903 353 2936 ἄλλοις
377 2904 525 2932 δέδεικται·
541 2904 626 2932 ὲνεοτε
645 2905 672 2932 δὲ
691 2906 806 2942 εὓρηται
832 2907 878 2933 καὶ
900 2907 946 2933 ἐπὶ
961 2906 1008 2932 δύο

1061 2310 1143 2337 uibus
1158 2310 1345 2337 inﬁrmitatem
1355 2316 1382 2336 et
1399 2309 1640 2336 incredibilitatem
1653 2308 1788 2344 dogmatis
1800 2317 1815 2336 a
1830 2313 1856 2338 te

1060 2357 1158 2392 prolati
1178 2357 1367 2384 ostendamus.

1094 2404 1119 2430 6.
1135 2403 1201 2436 Quae
1216 2403 1297 2437 igitur
1312 2402 1338 2428 in
1352 2401 1486 2436 theologia
1507 2409 1520 2427 a
1541 2401 1619 2428 nobis
1637 2409 1699 2428 vere
1715 2401 1855 2434 dicuntttr,

1058 2449 1156 2483 partim
1183 2448 1365 2476 communiter
1394 2448 1427 2474 de
1452 2448 1540 2475 tribus
1566 2447 1690 2482 personis
1715 2447 1856 2479 dicuntur,

1058 2500 1188 2529 tanquam
1213 2494 1246 2521 de
1271 2494 1353 2520 unica
1378 2493 1531 2521 substantia
1561 2501 1608 2520 Seu
1635 2493 1744 2526 deitate,
1772 2493 1856 2519 veluti

1058 2540 1174 2575 exempli
1190 2540 1275 2574 gratia
1294 2539 1342 2566 1)ρὶ
1359 2547 1469 2572 nomen,
1482 2544 1509 2566 et
1526 2539 1664 2571 Dominus,
1675 2545 1702 2566 et
1717 2538 1855 2573 benignus,

1058 2590 1085 2613 et
1116 2585 1158 2612 his
1185 2585 1303 2617 similia;
1319 2592 1379 2619 qua:
1404 2592 1494 2619 neque
1523 2590 1767 2613 connumerantur,
1791 2583 1855 2617 quia

1060 2633 1239 2668 singulariter
1265 2632 1406 2665 dicuntur,
1436 2637 1517 2667 prout
1546 2633 1762 2660 demonstratum
1796 2630 1856 2656 fuit.

1065 2678 1167 2706 Partim
1184 2686 1248 2705 vero
1260 2678 1390 2705 dicuntur
1405 2678 1542 2712 privatim,
1556 2686 1616 2713 quae
1631 2682 1658 2704 et
1678 2681 1856 2710 personarum

1064 2724 1203 2758 inprimis
1223 2732 1255 2751 ae
1279 2723 1414 2759 praecipue
1440 2724 1550 2759 propria
1573 2727 1653 2756 sunt;
1667 2721 1749 2749 veluti
1775 2719 1858 2746 Paler

1063 2773 1091 2797 et
1107 2769 1192 2796 Filius
1218 2774 1245 2796 et
1270 2769 1384 2803 Spiritus
1415 2775 1536 2801 sanctus,
1556 2775 1616 2803 quae
1641 2767 1705 2802 quia
1733 2765 1857 2800 privatim

1064 2815 1204 2847 dicuntur,
1221 2815 1301 2842 etiam
1333 2819 1580 2842 conuumerantur:
1598 2820 1659 2840 nam
1676 2819 1858 2839 connumera-

1062 2861 1100 2889 tio
1115 2869 1197 2889 causa
1212 2862 1348 2897 praecipue
1374 2868 1467 2888 corum
1499 2867 1559 2894 qua:
1585 2858 1710 2894 privatim
1727 2857 1857 2885 dicuntur

1061 2911 1113 2940 est,
1133 2914 1188 2934 non
1200 2914 1294 2934 evrum
1307 2914 1366 2942 qua:
1387 2904 1580 2938 communiter,
1595 2903 1667 2931 sicut
1684 2903 1748 2931 alibi
1764 2907 1857 2930 estcu-
