2083 3155
247 178 300 210 3‘17

865 178 1014 209 NICETIE
1048 178 1252 208 BYZANTINI

1821 177 1874 210 828

247 243 308 263 sum
329 233 390 262 fuit.
409 233 546 262 Interdum
562 239 627 260 vero
642 232 723 260 etiam
737 233 764 259 in
777 232 884 260 duabus
901 233 1037 260 them-cbi-

1089 233 1142 260 τῶν
1155 233 1309 269 θεαρχικῶν
1334 233 1520 265 ὑποστάσεων,
1544 231 1600 260 οἷον
1628 234 1659 260 τὸ
1672 233 1806 261 αἰτιατόν·
1825 236 1875 262 καὶ

247 281 288 308 eis
301 280 424 315 personis
439 279 584 311 invenitur,
600 278 674 305 velut
691 286 724 306 ex
738 286 821 306 causa
837 279 984 313 processio.
1002 279 1034 305 Et

248 334 310 361 qua:
325 326 434 360 quidem
449 325 630 352 communiter
652 325 790 356 dicuntur,
807 329 834 351 et
853 324 1035 351 communiter

248 377 311 397 cutn
334 369 411 396 Patre
433 373 457 396 et
481 368 550 396 Filio
566 373 593 395 et
606 368 706 403 Spiritu
735 374 840 400 sancto,
857 376 887 395 ea
903 372 1033 402 tauquam

249 416 282 441 de
310 421 365 440 uno
393 413 447 440 Deo
470 414 516 448 qui
530 418 556 440 et
577 417 619 441 est.
637 418 663 440 et
683 414 828 448 cogitatur,
845 413 973 440 dicuntur
985 433 991 444 ,
1009 418 1035 439 et

249 460 356 494 proprie
371 460 550 494 particulatim
567 460 599 485 de
625 461 748 494 personis
765 460 954 494 praedicantur.
972 458 1035 485 Ete-

249 506 303 532 nim
320 511 346 532 et
361 505 440 532 Pater
458 513 519 532 vere
538 505 624 537 Deus;
639 511 666 532 et
689 505 772 532 Filius
787 510 915 540 tanquam
931 513 964 531 es
981 504 1035 531 Deo

250 551 331 583 heus,
347 559 378 578 ac
404 551 495 578 lumen
519 551 553 578 de
578 551 704 583 lumine;
721 551 846 578 similiter
871 555 897 577 et
923 555 1035 577 sanctus

249 598 375 632 Spiritus.
403 597 529 624 Privatim
549 602 638 624 autem
652 597 685 623 de
702 597 825 630 personis
839 597 923 628 dicta,
937 604 968 624 ea
982 597 1036 630 pri-

249 643 330 670 vatim
349 643 461 678 quidem
487 643 627 674 dicuntur,
649 642 695 669 sed
721 643 903 669 communiter
934 650 1036 676 nequa-

248 696 346 722 quam;
369 689 432 722 quia
453 688 618 715 restrirtiora
634 689 667 714 de
689 687 869 722 amplioribus
893 689 1035 722 praedicari

249 739 387 769 nequeunt
418 734 513 767 eisque
543 735 692 768 exaaquari.
712 734 800 768 Atque
823 735 875 761 hoc
894 734 927 761 de
947 739 1036 762 creata

247 789 357 816 quoque
381 785 476 808 natura
497 781 598 808 dictum
620 781 789 814 comperies,
820 781 902 808 veluti
930 781 1036 815 perspi-

248 825 357 852 cuitatis
372 834 455 853 causa
473 826 499 852 in
521 825 645 858 exemplo
665 825 733 852 hoc:
750 828 846 858 Homo.
862 832 885 854 et
904 827 1035 859 mortalis,

248 874 275 895 et
290 868 407 903 loquens,
423 869 556 896 vocabula
574 869 630 895 hazc
644 868 750 903 singula
772 871 954 897 communiter
970 878 1036 905 quo-

249 921 302 947 que
321 919 430 948 accepta
444 914 477 941 de
493 914 659 948 quibuslibet
685 917 840 942 hominibus
857 916 994 946 dicuntur.
1010 921 1037 942 et
1053 908 1073 935 Β

250 958 374 992 privatim
393 960 474 986 etiam
490 961 523 987 de
549 969 725 996 unoquoque.
746 962 816 988 Nam
841 966 869 989 et
892 961 989 989 Petrus
1010 966 1037 988 et

250 1003 361 1036 Paulus,
382 1010 409 1032 et
428 1006 586 1041 singillatim
610 1008 744 1040 homines,
766 1012 821 1034 tum
851 1008 931 1034 simul
963 1015 1036 1034 com-

251 1049 326 1076 muni
352 1059 478 1078 sermoue
493 1053 620 1080 dir-untur
640 1053 734 1084 homo,
756 1059 811 1080 tum
828 1053 952 1087 privatim
967 1061 1036 1088 quo-

249 1104 303 1131 que
335 1099 525 1133 unusquisque
551 1099 661 1126 dicitur.
690 1099 757 1126 Nam
775 1099 870 1126 Petrus
896 1100 978 1127 homo
996 1100 1036 1127 di-

249 1144 331 1176 citur,
350 1145 412 1171 item
432 1151 458 1172 et
481 1144 594 1177 Paulus,
614 1150 641 1172 et
655 1146 699 1172 alii
725 1146 861 1173 similiter.

243 1200 246 1203 λ
285 1189 312 1217 5.
330 1189 380 1216 Sed
399 1191 506 1217 etiamsi
524 1191 549 1217 in
574 1196 666 1218 nostra
690 1191 826 1225 theologia
853 1191 905 1218 alia
928 1191 1037 1223 quidem

251 1235 433 1262 communiter
453 1236 583 1263 dicuntur
596 1236 629 1263 de
646 1236 732 1264 tribus
754 1237 887 1271 personis.
904 1237 955 1264 alia
982 1237 1039 1272 pri-

250 1280 331 1306 vatim
345 1288 352 1309 :
364 1285 390 1307 et
403 1289 463 1315 qum
476 1281 585 1316 quidem
603 1283 793 1315 communiter,
808 1291 838 1309 ea
853 1284 1038 1310 communiter

249 1326 329 1352 etiam
356 1327 549 1360 pnedicanlur,
566 1332 594 1354 et
618 1328 743 1362 privatim
771 1336 818 1361 per
842 1333 943 1362 partes.
971 1329 1037 1356 Nam

249 1379 310 1398 tUtII
345 1373 527 1400 comnmniter
554 1381 586 1400 ac
612 1374 694 1401 simul
715 1374 749 1400 de
776 1373 856 1401 Patre
873 1379 901 1401 et
924 1374 994 1401 Filio
1014 1380 1040 1402 et

249 1422 343 1444 saneto
364 1417 479 1452 Spiritu,
503 1427 601 1446 nomen
627 1423 691 1454 puta
712 1419 761 1446 Dei
784 1420 896 1450 dicitur,
914 1425 961 1447 aut
985 1419 1039 1446 Do-

249 1464 350 1495 minus,
368 1469 440 1499 patet
455 1473 540 1492 unum
560 1466 643 1492 Deum
659 1465 685 1492 in
704 1466 792 1494 tribus
815 1466 879 1497 dici,
895 1466 920 1493 in
940 1466 1040 1500 quibus

250 1509 378 1538 divinitas
396 1515 447 1543 est,
465 1515 546 1545 atque
577 1519 593 1538 a
615 1512 694 1539 nobis
720 1517 795 1539 recte
821 1512 861 1539 sic
890 1511 1041 1546 theologica

249 1555 358 1582 dicitur.
376 1556 443 1583 Cum
468 1561 559 1583 autem
578 1557 611 1584 de
634 1557 716 1584 Patre
738 1558 838 1585 dicitur
864 1559 989 1592 privatim
1014 1563 1040 1586 et

249 1601 448 1635 particulariter
465 1601 510 1628 Dei
529 1610 626 1629 nomen
647 1607 693 1629 aut
713 1603 850 1634 Dominus,
864 1603 903 1630 vel
925 1604 958 1630 de
971 1603 1040 1631 Filio

250 1652 296 1673 aut
314 1646 416 1681 Spit-itu
429 1668 436 1678 ,
451 1653 515 1674 tunc
530 1647 610 1674 Pater
632 1647 703 1675 Deus
719 1649 819 1674 dicitur
835 1657 887 1675 non
912 1649 1039 1682 privatim

249 1696 276 1718 et
300 1687 510 1726 particulaziter.
535 1697 563 1720 et
578 1694 656 1727 quasi
684 1694 719 1721 sit
742 1694 938 1726 heterogeneus
967 1703 1038 1722 unus

252 1737 322 1764 licus
347 1738 447 1768 Pater;
463 1744 490 1764 et
512 1746 608 1765 rursus
626 1747 696 1766 unus
713 1740 782 1766 alius
800 1740 868 1766 Deus
885 1741 987 1772 Filius;
1003 1741 1040 1768 si-

250 1783 351 1809 militer
365 1788 389 1810 et
410 1783 526 1818 Spiritus
542 1789 673 1818 sanctus;
690 1793 774 1820 inpage
793 1786 949 1820 hujusmodi
969 1787 1041 1814 blas-

250 1828 377 1860 phemum
402 1829 629 1863 pulythrismnm;
647 1837 696 1856 nos
721 1830 793 1856 enim
817 1838 900 1856 umtm
924 1831 1039 1858 colimus

252 1875 414 1909 principium
432 1881 457 1902 et
482 1883 564 1902 unum
585 1875 679 1906 Deum.
694 1880 720 1902 et
741 1876 767 1902 in
785 1876 872 1903 tribus
892 1878 1040 1910 proprieta—

251 1919 324 1947 tibus
353 1927 400 1947 seu
424 1920 546 1954 personis
573 1919 733 1947 Trinitatem
769 1922 915 1949 credimus.
935 1922 1040 1955 Quam-

249 1966 343 1994 obrem
367 1974 428 1994 cum
454 1966 487 1993 de
505 1965 562 1993 Filii
600 1965 646 1993 Dei
674 1966 816 1994 divinitate
834 1968 988 2002 loquimur,
1003 1968 1040 1995 di.

249 2020 357 2040 versum
369 2012 476 2047 quidem
499 2019 614 2046 persona
630 2012 748 2040 dicimus
767 2020 781 2039 a
800 2012 889 2045 Patre,
905 2013 976 2040 haud
998 2018 1040 2040 tu-

251 2065 311 2085 meu
326 2058 463 2085 diversum
478 2062 573 2084 natura
584 2061 610 2084 et
624 2057 774 2090 divinitate,
800 2059 845 2085 sed
861 2067 945 2085 unum
961 2067 1040 2086 eunt-

251 2103 377 2137 dcmque,
395 2103 461 2129 utin
479 2103 568 2137 priore
591 2103 705 2136 epistola
725 2106 863 2130 ostensum
891 2103 950 2131 fuit.

285 2146 312 2174 6.
330 2146 427 2174 Nostra
441 2147 523 2182 igitur
538 2147 672 2181 theologia
695 2154 728 2174 ex
746 2148 936 2175 communibus
950 2149 1040 2176 notio-

251 2193 341 2225 nibus,
357 2199 384 2220 et
395 2202 428 2221 ex
445 2193 545 2220 divinis
561 2193 700 2228 prophetis
716 2193 848 2227 pendens,
867 2194 1042 2229 indidcmque

1085 280 1119 306 τὰ
1133 279 1181 314 μὲν
1195 279 1291 310 χοινῶς
1307 279 1452 314 λεγόμενα,
1462 280 1510 306 καὶ
1521 279 1618 310 κοινῶς
1633 279 1691 314 ἅμα
1703 279 1750 306 τοῦ
1768 280 1875 314 Πατρὺς

1086 326 1134 352 καὶ
1151 326 1198 351 τοῦ
1215 325 1278 352 Υἰοῦ
1291 326 1338 352 καὶ
1354 325 1401 352 τοῦ
1417 325 1496 359 ἁγίου
1521 324 1692 361 Πνεύματος,
1708 325 1746 356 ὡς
1757 326 1816 356 me
1828 326 1874 352 δν-

1085 379 1130 402 τος
1139 370 1206 397 Θεοῦ
1222 371 1269 397 καὶ
1280 372 1436 406 νοουμένου.
1450 371 1568 404 λέγεται.
1585 371 1639 397 Καὶ
1651 371 1722 401 ἰδίως
1731 371 1783 396 ἀνὰ
1795 371 1877 406 μέρος

1085 417 1139 442 τῶν
1170 416 1346 443 ὑποστάςεων
1365 417 1578 451 κατηγορεῖται·
1606 417 1654 442 καὶ
1670 416 1724 451 γὰρ
1744 416 1876 451 ὁηΠατὴρ

1085 462 1152 493 Θεὸς
1169 462 1291 497 ἀληθῶς·
1311 463 1357 489 καὶ
1370 463 1384 488 ὁ
1399 461 1462 493 Υἱὸς
1481 462 1519 493 ὡς
1536 462 1568 488 ὲκ
1587 461 1634 487 τοῦ
1647 461 1714 488 Θεοῦ
1729 461 1806 493 Θεὸς,
1829 462 1876 488 καὶ

1086 508 1144 542 φῶς
1157 509 1188 534 ὲκ
1202 509 1303 542 φωτός·
1319 508 1449 539 ὡσαύτως
1460 508 1506 534 καὶ
1521 507 1552 534 τὸ
1562 508 1674 542 Πνεῦμα
1687 508 1717 534 τὸ
1733 508 1810 541 ἅγιον
1820 515 1828 523 ’
1842 508 1877 534 τὰ

1085 554 1114 580 δὲ
1131 554 1202 585 ἰδίως
1217 555 1264 580 ἐπὶ.
1285 554 1339 580 τῶν
1361 555 1538 581 ὑποστάσεων
1556 553 1702 588 λεγόμενα,
1721 553 1794 584 ἰδίως
1823 554 1874 588 μὲν

1086 599 1224 632 λέγονται,
1241 600 1337 631 κοινῶς
1361 600 1389 626 δὲ
1401 600 1432 626 οὺ
1450 599 1574 633 λέγονται
1585 608 1593 615 ·
1610 599 1705 633 ἐπειδὴ
1720 600 1753 626 τὰ
1774 599 1878 625 ὲλάττω

1086 645 1139 671 τῶν
1152 645 1282 672 ὲπιπλέον
1301 646 1426 672 ἀδυνατεί
1440 646 1652 680 κατηγορεῖσθαι
1670 645 1716 671 καὶ
1728 645 1875 678 ὲξισάζειν.

1087 692 1142 718 Καὶ
1151 692 1230 718 τοῦτο
1241 691 1274 718 ἂν
1289 691 1381 727 εὕροις
1397 692 1444 718 καὶ
1456 692 1502 718 ἰπὶ
1518 692 1568 726 τῆς
1583 691 1700 726 γενητῆς
1715 692 1822 725 φύσεως
1833 692 1877 716 λε-

1085 738 1215 772 γόμενονσ
1235 735 1290 764 οἷον
1307 737 1344 767 ὡς
1356 739 1385 763 ὲν
1401 738 1603 772 παραδείγματι
1616 738 1766 772 σαφηνείας
1777 738 1858 772 χάριν
1868 744 1876 751 '

1085 784 1116 809 τὸ
1132 783 1182 817 μὲν
1197 783 1352 817 ἅνθρωπος
1369 783 1456 810 καὶτὸ
1467 783 1578 817 ,βροτὸς
1593 784 1640 810 καὶ
1653 783 1683 809 τὸ
1693 783 1801 817 μέροψι.
1813 782 1879 809 Exa-

1087 837 1148 854 στον
1164 829 1252 855 αὐτῶν
1269 829 1316 854 καὶ
1331 828 1428 860 κοινῶς
1446 829 1495 863 μὲν
1521 828 1579 863 ἅμα
1597 828 1811 863 λαμὸανομένων
1823 827 1879 854 τῶν

1087 874 1148 900 καθ’
1171 874 1273 900 ἕκαστα
1289 874 1440 908 ἀνθρώπιον
1454 875 1574 907 λέγεται,
1603 874 1651 900 καὶ
1669 873 1741 905 ἰδίως
1760 874 1878 900 ἑκάστου

1087 920 1233 954 νοουμένου
1243 928 1250 935 °
1265 920 1311 946 tui.
1323 920 1378 954 γὰρ
1403 920 1504 955 Πέτρος
1518 921 1565 946 καὶ
1578 919 1684 950 Παῦλος
1704 920 1752 946 καὶ
1767 919 1790 945 οἰ
1805 919 1878 945 κατὰ

1089 965 1172 999 μέρος
1186 964 1335 999 ἄνθρωποι,
1352 965 1398 991 καὶ
1418 965 1476 999 ἅμα
1491 965 1540 999 μὲν
1555 964 1638 999 κοινῷ
1658 964 1729 998 λόγῳ
1754 963 1881 996 λέγονται

1087 1011 1241 1046 ἄνθρωπος,
1263 1012 1309 1038 καὶ
1326 1011 1398 1043 ἰδίως
1422 1011 1537 1043 Exacto;
1553 1011 1672 1045 λέγεται.
1700 1011 1803 1045 Πέτρος
1823 1009 1880 1045 γὰρ

1088 1057 1231 1093 ἄνθρωπος
1242 1057 1352 1092 λέγεται
1367 1057 1414 1085 καὶ
1431 1058 1536 1089 Παῦλος
1549 1058 1597 1084 κα)⁸
1617 1057 1815 1092 παραπλήσιοι.

1125 1187 1156 1215 ε’.
1179 1187 1248 1214 Ἀλλ’
1269 1188 1293 1214 εἰ
1308 1187 1356 1215 καὶ
1371 1187 1417 1214 ἐπὶ
1431 1187 1481 1222 τῆς
1495 1186 1556 1213 καθ’
1577 1187 1651 1222 ἡμᾶς
1669 1185 1820 1220 θεολογίας,
1845 1186 1879 1213 τὰ

1091 1234 1141 1268 μὲν
1165 1234 1261 1265 κοινῶς
1277 1234 1386 1268 λέγεται
1402 1234 1448 1260 ἐπὶ
1473 1233 1528 1260 τῶν
1541 1233 1625 1268 τριῶν
1641 1232 1826 1264 ὑποστάσεων,
1845 1231 1881 1258 τὰ

1089 1280 1118 1306 δὲ
1134 1280 1205 1311 ἰδίως
1218 1288 1224 1294 ·
1241 1280 1288 1306 καὶ
1305 1280 1338 1306 τὰ
1356 1280 1404 1314 μὲν
1423 1279 1532 1311 κοινῶς,
1550 1279 1597 1306 καὶ
1622 1278 1719 1310 κοινῶς
1733 1278 1792 1313 ἃμα
1813 1286 1881 1304 κατ-

1089 1327 1240 1360 ηγορεῖται,
1255 1326 1301 1352 καὶ
1318 1325 1391 1356 ἰδίως
1403 1325 1455 1352 ἀνὰ
1473 1326 1555 1360 μέρος
1565 1333 1571 1340 ·
1590 1325 1628 1351 ὅτ’
1643 1324 1676 1351 ἂν
1693 1324 1743 1359 μὲν
1757 1324 1812 1359 γὰρ
1823 1332 1880 1350 itot-

1090 1372 1143 1404 νῶς
1155 1372 1213 1407 ἅμα
1226 1373 1272 1398 ἐπὶ
1289 1371 1335 1398 τοῦ
1349 1372 1455 1407 Πατρὺς
1468 1372 1515 1398 καὶ
1529 1371 1593 1397 Υὶοῦ
1605 1371 1652 1397 καὶ
1667 1371 1746 1403 ἁγίου
1760 1369 1881 1405 Πνεύμει-

1090 1426 1146 1451 τος,
1162 1415 1217 1444 οἷόν
1236 1426 1306 1452 φημι
1318 1417 1348 1443 τὸ
1363 1418 1436 1449 Θεὸς
1450 1416 1535 1451 δνομα
1548 1417 1564 1450 ἢ
1580 1416 1610 1442 τὸ
1625 1417 1733 1450 Κύριος
1755 1415 1879 1450 λέγηται,

1091 1463 1170 1498 δῆλον
1183 1464 1224 1490 ὅτι
1238 1463 1278 1494 εἷς
1294 1464 1342 1498 μὲν
1355 1463 1422 1495 Θεὸς
1438 1463 1473 1489 τὰ
1487 1463 1550 1497 τρία
1569 1463 1687 1496 λέγεται,
1711 1463 1740 1488 ἐν
1751 1459 1792 1493 οἷς
1807 1462 1882 1488 ἐστιν

1091 1510 1108 1544 ἡ
1126 1509 1290 1544 οεὁτης,καὶ
1307 1509 1373 1544 παρ’
1394 1510 1459 1544 ἡμῖν
1483 1508 1574 1540 καλῶς
1596 1508 1682 1539 οὕτως
1705 1507 1880 1541 θεολογεῖται.

1053 1573 1074 1602 c
1094 1556 1152 1582 Ὄτ¹
1166 1555 1198 1581 ἂν
1209 1555 1236 1581 δὲ
1250 1555 1287 1586 ὡς
1302 1555 1348 1581 ἐπὶ
1364 1554 1411 1581 τοῦ
1425 1554 1529 1589 Πατρδς
1540 1554 1652 1588 λέγηται
1674 1553 1747 1584 ἰδίως
1756 1553 1804 1579 καὶ
1827 1553 1880 1579 ἀνὰ

1092 1601 1174 1636 μέρος
1185 1600 1216 1627 τὸ
1238 1601 1309 1633 Θεὸς
1328 1600 1423 1635 ὄνομα,
1439 1601 1455 1634 ἢ
1477 1601 1508 1626 τὸ
1530 1601 1649 1633 Κύριος.
1676 1600 1692 1635 ἥ
1721 1600 1766 1626 ἐπὶ
1780 1599 1846 1626 Υἰοῦ
1862 1599 1880 1634 ἢ

1091 1647 1259 1682 Πνεύματος,
1273 1647 1332 1674 τότε
1346 1647 1395 1681 μὲν
1416 1646 1482 1677 Θεὸς
1494 1646 1602 1679 λέγεται
1616 1647 1630 1672 6
1655 1646 1763 1680 Πατὴρ,
1778 1645 1808 1672 οὐ
1827 1645 1882 1680 μὴν

1092 1694 1164 1725 ἰδίως
1175 1693 1220 1719 καὶ
1235 1693 1286 1719 ἀνὰ
1304 1693 1386 1727 μέρος
1406 1692 1452 1718 καὶ
1473 1691 1626 1726 ἐτεροφυῶς
1649 1688 1689 1722 εἷς
1710 1690 1776 1721 Θεὸς
1794 1691 1808 1717 ὸ
1825 1691 1883 1717 Πα-

1089 1740 1158 1774 τήρ·
1177 1739 1225 1765 καὶ
1240 1739 1320 1765 πάλιν
1334 1734 1372 1769 εἷς
1388 1737 1467 1768 ἄλλος
1490 1737 1555 1768 Θεὸς
1569 1738 1582 1763 ὸ
1595 1737 1659 1768 Υίός
1669 1745 1676 1751 ·
1703 1736 1835 1768 ὼπαύτως
1852 1736 1882 1762 δὲ

1090 1786 1137 1812 καὶ
1152 1785 1262 1820 Πνεῦμα
1274 1784 1305 1810 τὸ
1320 1785 1397 1817 ἅγιον
1407 1791 1413 1797 ·
1430 1783 1520 1816 ἄπαγε
1533 1782 1581 1816 τῆς
1592 1781 1719 1815 τοιαύτης
1736 1780 1883 1812 πολυθεῒας

1092 1831 1121 1863 ἔξ
1132 1830 1211 1866 ἡμῶν
1224 1830 1255 1857 τὸ
1265 1829 1439 1864 βλάσφημονῐ
1455 1828 1548 1863 ἐπειδὴ
1562 1829 1628 1862 ἡμῖν
1641 1827 1712 1862 ἁρχὴ
1727 1826 1777 1861 μία
1791 1825 1823 1852 τὸ
1837 1835 1883 1852 σε-

1091 1877 1240 1912 ϐαζόμενον
1251 1883 1258 1891 ⁸
1274 1876 1320 1902 καὶ
1331 1873 1371 1906 εἷς
1383 1874 1460 1906 Θεὸς,
1474 1873 1526 1900 κᾶν
1539 1875 1600 1905 ταῖς
1618 1873 1748 1908 ἰδιότησιν
1760 1893 1768 1904 .
1798 1873 1883 1908 ἤγουν

1092 1919 1340 1954 ὑποστάσεσι.τρία
1356 1918 1532 1952 πιστεύηται·
1550 1916 1612 1944 ὅθεν
1626 1916 1689 1943 Υἰὸν
1709 1915 1778 1942 Θεοῦ
1793 1915 1883 1942 Θεολο-

1091 1967 1214 2002 γοῦντες,
1233 1967 1326 2001 ἕτερον
1349 1965 1399 2000 μέν
1416 1973 1509 1999 φαμεν
1527 1965 1560 1998 τῇ
1580 1963 1729 1990 ὑποστάσει
1747 1961 1825 1997 παρὰ
1837 1961 1884 1988 τὸν

1092 2012 1214 2047 Πατέρα,
1228 2012 1258 2037 οὺ
1276 2010 1328 2046 μὴν
1342 2010 1364 2036 δ’
1380 2010 1474 2044 ἕτερον
1491 2010 1524 2044 τῇ
1548 2008 1629 2043 οὐσίᾳ
1644 2008 1690 2034 καὶ
1705 2008 1738 2042 τῇ
1762 2006 1882 2041 θεότητι,

1091 2058 1149 2085 ἀλλ’
1164 2058 1212 2084 ἕνα
1227 2057 1274 2084 καὶ
1293 2056 1338 2083 τὸν
1363 2055 1455 2087 αὑτὸν,
1468 2053 1506 2085 ὡς
1528 2054 1557 2080 ὲν
1570 2054 1603 2088 τῇ
1620 2052 1741 2088 προτέρα
1755 2051 1884 2086 ἐπιστολῇ

1091 2103 1237 2131 δέδεικται.

1129 2148 1166 2181 ς’.
1182 2147 1321 2181 Μενοῦνγε
1341 2148 1358 2181 ἡ
1375 2145 1436 2173 καθ’
1450 2145 1525 2181 ἡμᾶς
1537 2144 1661 2177 θεολογία
1676 2145 1707 2170 ἐκ
1721 2143 1776 2170 τῶν
1786 2142 1886 2169 κοινῶν

1093 2195 1201 2224 ἐννοιῶν
1217 2195 1263 2222 καί
1277 2194 1330 2220 τῶν
1345 2193 1425 2219 θείων
1441 2191 1589 2227 προφητῶν
1617 2190 1772 2225 ἠρτημένη,
1793 2189 1840 2216 καὶ
1855 2189 1885 2215 το

251 2239 406 2266 ﬁrmitatem
434 2240 663 2275 stabilitatemque
689 2240 796 2272 sortita,
820 2240 926 2267 Patrem
950 2245 976 2266 et
998 2239 1039 2267 Fi-

1094 2242 1203 2278 βέϐαιον
1214 2241 1261 2267 καὶ
1280 2239 1378 2273 πάγιον
1392 2236 1606 2273 κληρωσαμένη,
1626 2235 1737 2269 Πατέρα
1753 2235 1800 2264 καὶ
1821 2234 1886 2260 Υἱδν

251 2286 316 2322 [ium
339 2292 365 2314 et
391 2292 515 2315 sanctum
538 2288 680 2323 Spiritum,
709 2292 738 2316 ut
760 2295 843 2315 unum
865 2287 962 2320 Deum,
983 2287 1045 2314 Tri-

251 2334 362 2361 nitatem
382 2334 532 2369 theologice
557 2335 633 2363 dicit.
653 2335 693 2362 Tu
711 2342 775 2362 vero
802 2342 854 2361 non
880 2334 916 2360 ita
941 2334 1044 2361 intelli-

251 2388 327 2413 gens,
343 2381 389 2408 sed
415 2389 499 2408 unum
519 2381 601 2408 Deum
626 2381 679 2408 dici
707 2381 813 2408 Patrem
838 2381 982 2414 separatim
1012 2384 1039 2406 et

251 2426 467 2461 particulariter;
484 2426 580 2453 deinde
595 2426 693 2452 Filium
720 2430 850 2460 tanquam
868 2425 1042 2452 extrinsecus

252 2480 336 2499 nunm
356 2471 452 2504 Deum,
471 2477 598 2506 reputans
613 2473 756 2500 ohtrusum
772 2476 799 2498 et
817 2471 858 2498 sic
874 2471 1041 2505 intelligens,

253 2519 464 2553 patalugismtltn
481 2518 652 2545 machinatus
665 2526 705 2545 es.
725 2517 895 2551 Quapropter
912 2516 983 2544 falso
999 2516 1041 2544 sic

254 2563 374 2598 roiligis:
395 2573 404 2588 ι
424 2563 452 2590 Si
466 2568 507 2590 est
527 2563 612 2590 Filius
630 2563 656 2590 in
676 2563 740 2595 Deo,
758 2562 963 2590 communicatis
974 2569 1042 2596 quo-

254 2616 306 2643 que
320 2613 378 2636 est:
395 2609 469 2644 atqui
485 2609 538 2636 Deo
556 2609 764 2636 communicatis
787 2607 879 2634 nullus
904 2612 944 2634 est.
959 2615 965 2633 :
978 2614 1044 2641 ergo

254 2664 288 2683 ne
312 2655 397 2683 Filius
417 2655 538 2690 quidem.
558 2665 566 2681 ι
585 2655 661 2688 Quod
688 2655 751 2681 dum
769 2653 820 2684 ais,
843 2653 869 2680 in
887 2654 970 2680 multa
1000 2652 1044 2679 in~

255 2703 344 2730 rurris
369 2703 498 2729 nisui-da.
519 2700 585 2728 Nam
605 2701 693 2736 primo
709 2701 779 2727 idem
805 2699 872 2726 facis
900 2705 1043 2732 personam

255 2754 336 2783 atque
366 2755 504 2778 naturam,
521 2748 595 2783 quod
619 2747 724 2781 jamdiu
751 2745 928 2780 explosimus.
945 2744 1046 2770 Deinde

257 2803 310 2821 non
326 2803 375 2822 con
395 2795 453 2822 edis
470 2793 567 2821 Filium
584 2801 693 2829 quoque
717 2801 779 2819 eum
798 2791 876 2817 Patre
894 2798 925 2817 ac
941 2790 1043 2824 Spiritu

257 2848 316 2865 esse
327 2849 410 2867 unum
427 2840 521 2874 Deum,
541 2840 642 2875 alioqui
657 2839 726 2874 apud
740 2846 789 2864 nos
802 2841 874 2864 recta
893 2844 955 2863 cum
972 2836 1046 2863 theo-

260 2888 330 2922 logia
346 2895 500 2923 assertum;
517 2890 589 2925 quod
604 2890 667 2917 item
687 2895 704 2915 a
728 2886 808 2914 nobis
829 2884 1044 2912 demonstratum

1095 2288 1142 2314 καὶ
1151 2286 1262 2321 Πνεῦμα
1277 2285 1353 2319 ἅγιον
1371 2285 1418 2310 ἐπὶ
1431 2283 1479 2318 τῆς
1494 2282 1632 2316 θεολογίας
1647 2281 1686 2312 ὡς
1701 2281 1749 2308 ἕνα
1770 2280 1836 2306 Θεδν
1851 2279 1886 2306 τὰ

1095 2332 1158 2366 τρία
1176 2331 1314 2364 θεολογεί·
1331 2330 1362 2356 σὺ
1387 2328 1415 2354 δὲ
1436 2328 1485 2362 οὐχ
1510 2327 1597 2357 οὕτως
1616 2325 1750 2356 ἐκλαϐὼν,
1775 2325 1842 2356 ἀλλὰ
1855 2324 1886 2350 τὺ

1094 2377 1143 2404 ἕνα
1158 2377 1223 2403 Θεὸν
1233 2375 1361 2408 λέγεσθαι
1373 2375 1417 2401 τὸν
1431 2375 1539 2408 Πατέρα
1562 2373 1635 2404 ἰδίως
1652 2371 1700 2398 καὶ
1715 2371 1767 2397 ἀνὰ
1784 2371 1865 2405 μέρος
1877 2378 1884 2385 ·

1095 2419 1155 2448 εἶτα
1171 2422 1217 2448 τὸν
1228 2421 1292 2447 Υἰὺν
1300 2419 1336 2451 ὡς
1346 2419 1445 2452 ἔξωθεν
1456 2418 1503 2446 τοῦ
1517 2418 1576 2449 ἐνὸς
1597 2416 1664 2444 Θεοῦ
1691 2415 1886 2449 παρεισκρινό-

1097 2476 1176 2503 μενον
1190 2465 1368 2500 λογισάμενος
1394 2464 1441 2491 καὶ
1468 2463 1578 2498 νοήσας.
1610 2461 1654 2488 τὸν
1681 2459 1886 2495 παραλογισμὺν

1096 2513 1337 2547 συνεσκευώρησας
1347 2520 1353 2526 ·
1369 2511 1409 2538 διὸ
1422 2510 1469 2538 καὶ
1483 2508 1588 2544 ψευδῶς
1606 2505 1657 2535 ὧδε
1673 2507 1816 2541 συνάγεις·
1831 2514 1840 2530 ί
1854 2505 1885 2531 Εἰ

1095 2559 1169 2585 ἔστιν
1188 2559 1252 2590 Υἱὸς
1266 2559 1311 2584 ἐπὶ
1323 2556 1403 2588 Θεοῦ,
1428 2556 1476 2583 καὶ
1502 2554 1630 2585 κοινωνός
1644 2554 1732 2579 ἔστιν·
1750 2551 1817 2579 ἀλλὰ
1833 2551 1888 2586 μὴν

1095 2604 1223 2635 κοινωνὸς
1240 2604 1289 2630 οὐκ
1315 2603 1388 2629 ἔστιν
1403 2602 1449 2628 ἐπὶ
1466 2601 1532 2627 Θεοῦ
1546 2608 1554 2616 ·
1568 2600 1617 2627 οὐκ
1635 2600 1687 2634 ἄρα
1706 2598 1766 2624 οὐδὲ
1782 2598 1856 2628 Υἱός.
1874 2607 1884 2623 ι

1095 2651 1181 2677 Τοῦτο
1195 2650 1223 2677 δὲ
1234 2650 1332 2684 λέγων,
1346 2648 1452 2679 πολλοῖς
1467 2648 1578 2678 ἀτόποις
1592 2645 1823 2680 περιπέπτωκαςπ
1840 2643 1888 2669 καὶ

1096 2696 1203 2730 πρῶτον
1222 2697 1270 2730 μὲν
1282 2695 1380 2722 ταυτὸν
1395 2695 1480 2724 ποιεῖς
1497 2693 1646 2720 ὑπόστασιν
1667 2691 1716 2718 καὶ
1732 2689 1813 2725 φύσιν
1840 2689 1887 2715 ἐπὶ

1096 2742 1254 2776 Θεοῦ.δπςρ
1266 2742 1316 2776 ἤδη
1344 2740 1618 2775 προαπελήλεγκταιι
1646 2737 1742 2764 ἔπειτα
1769 2736 1816 2762 καὶ
1842 2735 1888 2761 τὸν

1096 2788 1160 2814 Υἰδν
1173 2788 1203 2814 οὐ
1220 2787 1298 2818 δίδως
1314 2786 1384 2822 μετὰ
1401 2785 1505 2820 [latqu
1525 2783 1574 2810 καὶ
1586 2782 1743 2818 Πνεῦματπ
1760 2781 1808 2807 ἕνα
1820 2781 1887 2807 Θεὸν

1096 2833 1172 2867 ὄντα,
1202 2834 1249 2860 καὶ
1271 2832 1336 2868 παρ’
1360 2831 1439 2866 ἡμῶν
1469 2830 1560 2861 καλῶς
1588 2827 1811 2863 θεολογούμενον·
1840 2825 1888 2852 καὶ

1096 2879 1174 2907 τοῦτο
1206 2879 1286 2906 πάλιν
1310 2879 1375 2913 ἡμῖν
1395 2875 1654 2911 προαποδέδεικται·
1682 2874 1726 2900 διὰ
1752 2881 1792 2900 τοι
1806 2871 1889 2898 τοῦτο
