  <div class='ocr_page' id='page_1' title='image "/cluster/home/n/w/nwhite01/storage/ocr_20150623/105/njp.32101077772893/476.png"; bbox 0 0 2083 3155; ppageno 0'>
   <div class='ocr_carea' id='block_1_1' title="bbox 182 195 234 225">
    <p class='ocr_par' dir='ltr' id='par_1_1' title="bbox 182 195 234 225">
     <span class='ocr_line' id='line_1_1' title="bbox 182 195 234 225; baseline 0 0"><span class='ocrx_word' id='word_1_1' title='bbox 182 195 234 225; x_wconf 71' lang='lat'><strong>82&#39;)</strong></span> 
     </span>
    </p>
   </div>
   <div class='ocr_carea' id='block_1_2' title="bbox 769 199 1242 230">
    <p class='ocr_par' dir='ltr' id='par_1_2' title="bbox 769 199 1242 230">
     <span class='ocr_line' id='line_1_2' title="bbox 769 199 1242 230; baseline 0.002 -2"><span class='ocrx_word' id='word_1_2' title='bbox 769 199 986 230; x_wconf 79' lang='lat' dir='ltr'><strong>REFUTATlO</strong></span> <span class='ocrx_word' id='word_1_3' title='bbox 1003 199 1242 230; x_wconf 83' lang='lat' dir='ltr'><strong>MOHAMEDIS.</strong></span> 
     </span>
    </p>
   </div>
   <div class='ocr_carea' id='block_1_3' title="bbox 1754 200 1808 230">
    <p class='ocr_par' dir='ltr' id='par_1_3' title="bbox 1754 200 1808 230">
     <span class='ocr_line' id='line_1_3' title="bbox 1754 200 1808 230; baseline 0 0"><span class='ocrx_word' id='word_1_4' title='bbox 1754 200 1808 230; x_wconf 79' lang='lat'><strong>830</strong></span> 
     </span>
    </p>
   </div>
   <div class='ocr_carea' id='block_1_4' title="bbox 180 255 970 294">
    <p class='ocr_par' dir='ltr' id='par_1_4' title="bbox 180 255 968 294">
     <span class='ocr_line' id='line_1_4' title="bbox 180 255 968 294; baseline 0.006 -13"><span class='ocrx_word' id='word_1_5' title='bbox 180 257 228 282; x_wconf 75' lang='grc' dir='ltr'>καὶ</span> <span class='ocrx_word' id='word_1_6' title='bbox 247 255 351 289; x_wconf 76' lang='grc' dir='ltr'>ἠλίθιον</span> <span class='ocrx_word' id='word_1_7' title='bbox 375 255 490 290; x_wconf 79' lang='grc' dir='ltr'><strong>ἀνέφανε</strong></span> <span class='ocrx_word' id='word_1_8' title='bbox 505 257 535 283; x_wconf 79' lang='grc' dir='ltr'><strong>τὺ</strong></span> <span class='ocrx_word' id='word_1_9' title='bbox 560 257 636 291; x_wconf 74' lang='grc' dir='ltr'>παρὰ</span> <span class='ocrx_word' id='word_1_10' title='bbox 660 256 707 283; x_wconf 77' lang='grc' dir='ltr'>σοῦ</span> <span class='ocrx_word' id='word_1_11' title='bbox 728 257 968 294; x_wconf 73' lang='grc' dir='ltr'>δογματιζόμενον.</span> 
     </span>
    </p>
   </div>
   <div class='ocr_carea' id='block_1_5' title="bbox 1021 255 1813 294">
    <p class='ocr_par' dir='ltr' id='par_1_5' title="bbox 1022 258 1813 294">
     <span class='ocr_line' id='line_1_5' title="bbox 1022 258 1813 294; baseline -0.001 -8"><span class='ocrx_word' id='word_1_12' title='bbox 1022 259 1073 286; x_wconf 85' lang='lat' dir='ltr'><strong>fuit</strong></span> <span class='ocrx_word' id='word_1_13' title='bbox 1092 268 1098 286; x_wconf 87' lang='lat'><strong>:</strong></span> <span class='ocrx_word' id='word_1_14' title='bbox 1120 259 1299 293; x_wconf 85' lang='lat' dir='ltr'><strong>quamobrem</strong></span> <span class='ocrx_word' id='word_1_15' title='bbox 1320 258 1394 286; x_wconf 85' lang='lat' dir='ltr'><strong>fatua</strong></span> <span class='ocrx_word' id='word_1_16' title='bbox 1412 258 1536 294; x_wconf 77' lang='lat' dir='ltr'><strong>apparuit</strong></span> <span class='ocrx_word' id='word_1_17' title='bbox 1553 258 1657 293; x_wconf 87' lang='lat' dir='ltr'><strong>prolata</strong></span> <span class='ocrx_word' id='word_1_18' title='bbox 1672 265 1688 285; x_wconf 88' lang='lat' dir='ltr'><strong>a</strong></span> <span class='ocrx_word' id='word_1_19' title='bbox 1705 262 1730 285; x_wconf 91' lang='lat' dir='ltr'><strong>te</strong></span> <span class='ocrx_word' id='word_1_20' title='bbox 1747 258 1813 291; x_wconf 60' lang='lat' dir='ltr'><strong>dog;-</strong></span> 
     </span>
    </p>
   </div>
   <div class='ocr_carea' id='block_1_6' title="bbox 181 301 967 338">
    <p class='ocr_par' dir='ltr' id='par_1_6' title="bbox 181 301 967 338">
     <span class='ocr_line' id='line_1_6' title="bbox 181 301 967 338; baseline 0.006 -12"><span class='ocrx_word' id='word_1_21' title='bbox 181 301 302 335; x_wconf 68' lang='grc' dir='ltr'>Εἴδωμεν</span> <span class='ocrx_word' id='word_1_22' title='bbox 313 301 340 327; x_wconf 80' lang='grc' dir='ltr'><strong>δὲ</strong></span> <span class='ocrx_word' id='word_1_23' title='bbox 354 301 400 327; x_wconf 71' lang='grc' dir='ltr'>καὶ</span> <span class='ocrx_word' id='word_1_24' title='bbox 415 302 627 337; x_wconf 76' lang='grc' dir='ltr'>ἐπιφερόμενον·</span> <span class='ocrx_word' id='word_1_25' title='bbox 646 303 702 338; x_wconf 81' lang='grc' dir='ltr'>ἔχει</span> <span class='ocrx_word' id='word_1_26' title='bbox 716 303 743 329; x_wconf 78' lang='grc' dir='ltr'><strong>δὲ</strong></span> <span class='ocrx_word' id='word_1_27' title='bbox 755 305 802 330; x_wconf 71' lang='grc' dir='ltr'>καὶ</span> <span class='ocrx_word' id='word_1_28' title='bbox 818 305 882 331; x_wconf 69' lang='grc' dir='ltr'>αὐτο</span> <span class='ocrx_word' id='word_1_29' title='bbox 902 302 967 331; x_wconf 72' lang='grc' dir='ltr'>ὢδε⁴</span> 
     </span>
    </p>
   </div>
   <div class='ocr_carea' id='block_1_7' title="bbox 183 347 970 384">
    <p class='ocr_par' dir='ltr' id='par_1_7' title="bbox 183 347 970 384">
     <span class='ocr_line' id='line_1_7' title="bbox 183 347 970 384; baseline 0.006 -12"><span class='ocrx_word' id='word_1_30' title='bbox 183 357 191 373; x_wconf 81' lang='grc' dir='ltr'><strong>ι</strong></span> <span class='ocrx_word' id='word_1_31' title='bbox 205 348 252 378; x_wconf 75' lang='grc' dir='ltr'><strong>’⁸ος</strong></span> <span class='ocrx_word' id='word_1_32' title='bbox 269 347 380 382; x_wconf 74' lang='grc' dir='ltr'>εποίησε</span> <span class='ocrx_word' id='word_1_33' title='bbox 392 347 440 382; x_wconf 83' lang='grc' dir='ltr'>τὴν</span> <span class='ocrx_word' id='word_1_34' title='bbox 459 348 549 374; x_wconf 79' lang='grc' dir='ltr'>πίστιν</span> <span class='ocrx_word' id='word_1_35' title='bbox 567 348 619 374; x_wconf 86' lang='grc' dir='ltr'><strong>τῶν</strong></span> <span class='ocrx_word' id='word_1_36' title='bbox 637 350 814 384; x_wconf 84' lang='grc' dir='ltr'>Σαρακηνῶν,</span> <span class='ocrx_word' id='word_1_37' title='bbox 831 351 904 384; x_wconf 80' lang='grc' dir='ltr'>φῶς·</span> <span class='ocrx_word' id='word_1_38' title='bbox 923 353 970 378; x_wconf 81' lang='grc' dir='ltr'>καὶ</span> 
     </span>
    </p>
   </div>
   <div class='ocr_carea' id='block_1_8' title="bbox 180 393 970 431">
    <p class='ocr_par' dir='ltr' id='par_1_8' title="bbox 180 393 970 431">
     <span class='ocr_line' id='line_1_8' title="bbox 180 393 970 431; baseline 0.008 -13"><span class='ocrx_word' id='word_1_39' title='bbox 180 393 262 426; x_wconf 77' lang='grc' dir='ltr'>ἑτέρα</span> <span class='ocrx_word' id='word_1_40' title='bbox 276 393 368 424; x_wconf 82' lang='grc' dir='ltr'>πίστις</span> <span class='ocrx_word' id='word_1_41' title='bbox 391 394 440 419; x_wconf 84' lang='grc' dir='ltr'>οὐκ</span> <span class='ocrx_word' id='word_1_42' title='bbox 465 394 533 425; x_wconf 71' lang='grc' dir='ltr'>ἐστι,</span> <span class='ocrx_word' id='word_1_43' title='bbox 548 395 581 421; x_wconf 75' lang='grc' dir='ltr'>δι’</span> <span class='ocrx_word' id='word_1_44' title='bbox 596 395 630 429; x_wconf 82' lang='grc' dir='ltr'>ἦν</span> <span class='ocrx_word' id='word_1_45' title='bbox 648 404 690 427; x_wconf 80' lang='grc' dir='ltr'><strong>τις</strong></span> <span class='ocrx_word' id='word_1_46' title='bbox 713 395 752 430; x_wconf 85' lang='grc' dir='ltr'>τῷ</span> <span class='ocrx_word' id='word_1_47' title='bbox 779 396 837 431; x_wconf 85' lang='grc' dir='ltr'><strong>Θεῷ</strong></span> <span class='ocrx_word' id='word_1_48' title='bbox 858 397 970 424; x_wconf 82' lang='grc' dir='ltr'>δύναται</span> 
     </span>
    </p>
   </div>
   <div class='ocr_carea' id='block_1_9' title="bbox 181 438 970 477">
    <p class='ocr_par' dir='ltr' id='par_1_9' title="bbox 181 438 970 477">
     <span class='ocr_line' id='line_1_9' title="bbox 181 438 970 477; baseline 0.008 -14"><span class='ocrx_word' id='word_1_49' title='bbox 181 438 371 472; x_wconf 69' lang='grc' dir='ltr'><strong>προσεγγίσαι,</strong></span> <span class='ocrx_word' id='word_1_50' title='bbox 390 449 399 464; x_wconf 75' lang='grc' dir='ltr'><strong>ι</strong></span> <span class='ocrx_word' id='word_1_51' title='bbox 414 440 460 466; x_wconf 76' lang='grc' dir='ltr'>καὶ</span> <span class='ocrx_word' id='word_1_52' title='bbox 477 440 526 466; x_wconf 78' lang='grc' dir='ltr'>ὅσα</span> <span class='ocrx_word' id='word_1_53' title='bbox 547 441 617 467; x_wconf 82' lang='grc' dir='ltr'>ἄλλα</span> <span class='ocrx_word' id='word_1_54' title='bbox 641 442 757 475; x_wconf 77' lang='grc' dir='ltr'>γράφεις</span> <span class='ocrx_word' id='word_1_55' title='bbox 772 443 970 477; x_wconf 83' lang='grc' dir='ltr'><strong>ἀποσεμνύνων</strong></span> 
     </span>
    </p>
   </div>
   <div class='ocr_carea' id='block_1_10' title="bbox 180 483 971 522">
    <p class='ocr_par' dir='ltr' id='par_1_10' title="bbox 180 483 971 522">
     <span class='ocr_line' id='line_1_10' title="bbox 180 483 971 522; baseline 0.008 -14"><span class='ocrx_word' id='word_1_56' title='bbox 180 483 228 516; x_wconf 81' lang='grc' dir='ltr'>τὴν</span> <span class='ocrx_word' id='word_1_57' title='bbox 252 484 355 509; x_wconf 79' lang='grc' dir='ltr'><strong>οἰκείαν</strong></span> <span class='ocrx_word' id='word_1_58' title='bbox 372 484 473 512; x_wconf 82' lang='grc' dir='ltr'>πίστιν.</span> <span class='ocrx_word' id='word_1_59' title='bbox 497 485 577 512; x_wconf 75' lang='grc' dir='ltr'>Ἀλλὰ</span> <span class='ocrx_word' id='word_1_60' title='bbox 593 486 624 512; x_wconf 74' lang='grc' dir='ltr'><strong>τὸ</strong></span> <span class='ocrx_word' id='word_1_61' title='bbox 652 486 702 521; x_wconf 79' lang='grc' dir='ltr'>μὲν</span> <span class='ocrx_word' id='word_1_62' title='bbox 726 486 796 513; x_wconf 74' lang='grc' dir='ltr'>οὕτω</span> <span class='ocrx_word' id='word_1_63' title='bbox 810 487 901 522; x_wconf 80' lang='grc' dir='ltr'><strong>ψιλαῖς</strong></span> <span class='ocrx_word' id='word_1_64' title='bbox 926 488 971 514; x_wconf 80' lang='grc' dir='ltr'>τὸν</span> 
     </span>
    </p>
   </div>
   <div class='ocr_carea' id='block_1_11' title="bbox 180 528 970 568">
    <p class='ocr_par' dir='ltr' id='par_1_11' title="bbox 180 528 970 568">
     <span class='ocr_line' id='line_1_11' title="bbox 180 528 970 568; baseline 0.009 -15"><span class='ocrx_word' id='word_1_65' title='bbox 180 528 258 562; x_wconf 85' lang='grc' dir='ltr'>λόγον</span> <span class='ocrx_word' id='word_1_66' title='bbox 271 530 355 563; x_wconf 70' lang='grc' dir='ltr'>χωρὶς</span> <span class='ocrx_word' id='word_1_67' title='bbox 368 530 530 562; x_wconf 77' lang='grc' dir='ltr'>ἀποδείξεως</span> <span class='ocrx_word' id='word_1_68' title='bbox 545 531 595 567; x_wconf 82' lang='grc' dir='ltr'>τὴν</span> <span class='ocrx_word' id='word_1_69' title='bbox 609 531 753 567; x_wconf 72' lang='grc' dir='ltr'><strong>ἀλλοτρίαν</strong></span> <span class='ocrx_word' id='word_1_70' title='bbox 770 533 861 560; x_wconf 80' lang='grc' dir='ltr'>πίστιν</span> <span class='ocrx_word' id='word_1_71' title='bbox 874 533 970 568; x_wconf 78' lang='grc' dir='ltr'>ὕϐρεσι</span> 
     </span>
    </p>
   </div>
   <div class='ocr_carea' id='block_1_12' title="bbox 181 575 969 613">
    <p class='ocr_par' dir='ltr' id='par_1_12' title="bbox 181 575 969 613">
     <span class='ocr_line' id='line_1_12' title="bbox 181 575 969 613; baseline 0.006 -13"><span class='ocrx_word' id='word_1_72' title='bbox 181 575 299 610; x_wconf 75' lang='grc' dir='ltr'><strong>βάλλειν,</strong></span> <span class='ocrx_word' id='word_1_73' title='bbox 325 576 372 601; x_wconf 76' lang='grc' dir='ltr'>καὶ</span> <span class='ocrx_word' id='word_1_74' title='bbox 400 576 449 610; x_wconf 86' lang='grc' dir='ltr'>τὴν</span> <span class='ocrx_word' id='word_1_75' title='bbox 474 576 577 602; x_wconf 75' lang='grc' dir='ltr'><strong>οἰκείαν</strong></span> <span class='ocrx_word' id='word_1_76' title='bbox 606 577 732 612; x_wconf 81' lang='grc' dir='ltr'><strong>μεγάλως</strong></span> <span class='ocrx_word' id='word_1_77' title='bbox 759 577 969 613; x_wconf 68' lang='grc' dir='ltr'>ἀποσιμνύνειν,</span> 
     </span>
    </p>
   </div>
   <div class='ocr_carea' id='block_1_13' title="bbox 181 621 971 658">
    <p class='ocr_par' dir='ltr' id='par_1_13' title="bbox 181 621 971 658">
     <span class='ocr_line' id='line_1_13' title="bbox 181 621 971 658; baseline 0.005 -12"><span class='ocrx_word' id='word_1_78' title='bbox 181 621 280 656; x_wconf 72' lang='grc' dir='ltr'>ῥᾷστον</span> <span class='ocrx_word' id='word_1_79' title='bbox 294 621 341 648; x_wconf 71' lang='grc' dir='ltr'>καὶ</span> <span class='ocrx_word' id='word_1_80' title='bbox 366 622 480 654; x_wconf 81' lang='grc' dir='ltr'>εὐπετὲς</span> <span class='ocrx_word' id='word_1_81' title='bbox 493 623 526 649; x_wconf 84' lang='grc' dir='ltr'>ἂν</span> <span class='ocrx_word' id='word_1_82' title='bbox 544 622 587 657; x_wconf 72' lang='grc' dir='ltr'>εἴη</span> <span class='ocrx_word' id='word_1_83' title='bbox 600 623 682 649; x_wconf 78' lang='grc' dir='ltr'>παντὶ</span> <span class='ocrx_word' id='word_1_84' title='bbox 695 623 733 658; x_wconf 83' lang='grc' dir='ltr'>τῷ</span> <span class='ocrx_word' id='word_1_85' title='bbox 758 623 912 658; x_wconf 78' lang='grc' dir='ltr'><strong>βουλομένῳ</strong></span> <span class='ocrx_word' id='word_1_86' title='bbox 921 632 927 639; x_wconf 80' lang='grc'><em>’</em></span> <span class='ocrx_word' id='word_1_87' title='bbox 942 624 971 650; x_wconf 76' lang='grc' dir='ltr'>τὸ</span> 
     </span>
    </p>
   </div>
   <div class='ocr_carea' id='block_1_14' title="bbox 180 666 972 704">
    <p class='ocr_par' dir='ltr' id='par_1_14' title="bbox 180 666 972 704">
     <span class='ocr_line' id='line_1_14' title="bbox 180 666 972 704; baseline 0.005 -12"><span class='ocrx_word' id='word_1_88' title='bbox 180 666 208 692; x_wconf 85' lang='grc' dir='ltr'><strong>δὲ</strong></span> <span class='ocrx_word' id='word_1_89' title='bbox 222 666 272 701; x_wconf 82' lang='grc' dir='ltr'>τὴν</span> <span class='ocrx_word' id='word_1_90' title='bbox 280 667 377 694; x_wconf 81' lang='grc' dir='ltr'>ἑαυτοῦ</span> <span class='ocrx_word' id='word_1_91' title='bbox 396 668 486 694; x_wconf 82' lang='grc' dir='ltr'>πίστιν</span> <span class='ocrx_word' id='word_1_92' title='bbox 504 668 564 702; x_wconf 78' lang='grc' dir='ltr'>μετ’</span> <span class='ocrx_word' id='word_1_93' title='bbox 579 668 743 701; x_wconf 76' lang='grc' dir='ltr'>ἀποδείξεως</span> <span class='ocrx_word' id='word_1_94' title='bbox 758 669 909 704; x_wconf 74' lang='grc' dir='ltr'>εὔχρηστον</span> <span class='ocrx_word' id='word_1_95' title='bbox 925 670 972 696; x_wconf 73' lang='grc' dir='ltr'>καὶ</span> 
     </span>
    </p>
   </div>
   <div class='ocr_carea' id='block_1_15' title="bbox 180 713 972 750">
    <p class='ocr_par' dir='ltr' id='par_1_15' title="bbox 180 713 972 750">
     <span class='ocr_line' id='line_1_15' title="bbox 180 713 972 750; baseline 0.004 -12"><span class='ocrx_word' id='word_1_96' title='bbox 180 713 318 747; x_wconf 80' lang='grc' dir='ltr'>ὠφέλιμον</span> <span class='ocrx_word' id='word_1_97' title='bbox 330 713 376 739; x_wconf 78' lang='grc' dir='ltr'>καὶ</span> <span class='ocrx_word' id='word_1_98' title='bbox 386 714 417 740; x_wconf 81' lang='grc' dir='ltr'>ὲκ</span> <span class='ocrx_word' id='word_1_99' title='bbox 433 713 501 740; x_wconf 82' lang='grc' dir='ltr'>Θεοῦ</span> <span class='ocrx_word' id='word_1_100' title='bbox 516 714 639 741; x_wconf 80' lang='grc' dir='ltr'>δοθεῖσαν</span> <span class='ocrx_word' id='word_1_101' title='bbox 656 714 858 747; x_wconf 70' lang='grc' dir='ltr'><strong>ἀποδεικνύναι,</strong></span> <span class='ocrx_word' id='word_1_102' title='bbox 876 715 972 750; x_wconf 76' lang='grc' dir='ltr'>ἀνδρὸς</span> 
     </span>
    </p>
   </div>
   <div class='ocr_carea' id='block_1_16' title="bbox 180 759 972 795">
    <p class='ocr_par' dir='ltr' id='par_1_16' title="bbox 180 759 972 795">
     <span class='ocr_line' id='line_1_16' title="bbox 180 759 972 795; baseline 0.004 -11"><span class='ocrx_word' id='word_1_103' title='bbox 180 759 212 785; x_wconf 73' lang='lat' dir='ltr'><strong>av</strong></span> <span class='ocrx_word' id='word_1_104' title='bbox 227 759 269 794; x_wconf 85' lang='grc' dir='ltr'>εῐη</span> <span class='ocrx_word' id='word_1_105' title='bbox 287 759 416 791; x_wconf 73' lang='grc' dir='ltr'>εὐσεϐοῦς</span> <span class='ocrx_word' id='word_1_106' title='bbox 435 760 482 786; x_wconf 70' lang='grc' dir='ltr'>καὶ</span> <span class='ocrx_word' id='word_1_107' title='bbox 496 760 558 786; x_wconf 79' lang='grc' dir='ltr'>νοῦν</span> <span class='ocrx_word' id='word_1_108' title='bbox 573 760 688 795; x_wconf 73' lang='grc' dir='ltr'>ἔχοντος.</span> <span class='ocrx_word' id='word_1_109' title='bbox 714 761 819 787; x_wconf 74' lang='grc' dir='ltr'>Οὐκοῦν</span> <span class='ocrx_word' id='word_1_110' title='bbox 838 761 884 787; x_wconf 67' lang='grc' dir='ltr'>καὶ</span> <span class='ocrx_word' id='word_1_111' title='bbox 900 762 972 795; x_wconf 81' lang='grc' dir='ltr'>ὑμᾶς</span> 
     </span>
    </p>
   </div>
   <div class='ocr_carea' id='block_1_17' title="bbox 179 805 971 842">
    <p class='ocr_par' dir='ltr' id='par_1_17' title="bbox 179 805 971 842">
     <span class='ocr_line' id='line_1_17' title="bbox 179 805 971 842; baseline 0.003 -11"><span class='ocrx_word' id='word_1_112' title='bbox 179 805 234 832; x_wconf 76' lang='grc' dir='ltr'>ἔδει</span> <span class='ocrx_word' id='word_1_113' title='bbox 247 805 423 832; x_wconf 70' lang='grc' dir='ltr'>τοῦτο-ποιεῖν</span> <span class='ocrx_word' id='word_1_114' title='bbox 436 814 443 820; x_wconf 89' lang='grc'><strong>”</strong></span> <span class='ocrx_word' id='word_1_115' title='bbox 460 807 508 832; x_wconf 77' lang='grc' dir='ltr'>καὶ</span> <span class='ocrx_word' id='word_1_116' title='bbox 525 807 561 841; x_wconf 83' lang='grc' dir='ltr'>μὴ</span> <span class='ocrx_word' id='word_1_117' title='bbox 572 806 665 836; x_wconf 77' lang='grc' dir='ltr'>ἁπλῶς</span> <span class='ocrx_word' id='word_1_118' title='bbox 680 806 909 841; x_wconf 83' lang='grc' dir='ltr'>βρενθυνομένους</span> <span class='ocrx_word' id='word_1_119' title='bbox 923 808 971 842; x_wconf 81' lang='grc' dir='ltr'>τὴν</span> 
     </span>
    </p>
   </div>
   <div class='ocr_carea' id='block_1_18' title="bbox 181 852 971 888">
    <p class='ocr_par' dir='ltr' id='par_1_18' title="bbox 181 852 971 888">
     <span class='ocr_line' id='line_1_18' title="bbox 181 852 971 888; baseline 0.003 -11"><span class='ocrx_word' id='word_1_120' title='bbox 181 852 316 886; x_wconf 73' lang='grc' dir='ltr'><strong>ὑμετέραν</strong></span> <span class='ocrx_word' id='word_1_121' title='bbox 333 852 423 878; x_wconf 84' lang='grc' dir='ltr'>πίστιν</span> <span class='ocrx_word' id='word_1_122' title='bbox 440 852 478 883; x_wconf 85' lang='grc' dir='ltr'>ὼς</span> <span class='ocrx_word' id='word_1_123' title='bbox 493 853 550 886; x_wconf 80' lang='grc' dir='ltr'><strong>φῶς</strong></span> <span class='ocrx_word' id='word_1_124' title='bbox 571 853 646 888; x_wconf 77' lang='grc' dir='ltr'>παρὰ</span> <span class='ocrx_word' id='word_1_125' title='bbox 661 853 729 878; x_wconf 78' lang='grc' dir='ltr'>Θεοῦ</span> <span class='ocrx_word' id='word_1_126' title='bbox 749 854 909 888; x_wconf 74' lang='grc' dir='ltr'><strong>ποιηθεῖσαν</strong></span> <span class='ocrx_word' id='word_1_127' title='bbox 924 853 971 880; x_wconf 80' lang='grc' dir='ltr'>καὶ</span> 
     </span>
    </p>
   </div>
   <div class='ocr_carea' id='block_1_19' title="bbox 179 897 971 933">
    <p class='ocr_par' dir='ltr' id='par_1_19' title="bbox 179 897 971 933">
     <span class='ocr_line' id='line_1_19' title="bbox 179 897 971 933; baseline 0 -9"><span class='ocrx_word' id='word_1_128' title='bbox 179 897 302 924; x_wconf 72' lang='grc' dir='ltr'>δοθεῖσαν</span> <span class='ocrx_word' id='word_1_129' title='bbox 318 897 534 930; x_wconf 76' lang='grc' dir='ltr'>ἀποφαίνεσθαι·</span> <span class='ocrx_word' id='word_1_130' title='bbox 548 898 607 924; x_wconf 82' lang='grc' dir='ltr'>ὅθεν</span> <span class='ocrx_word' id='word_1_131' title='bbox 623 899 704 932; x_wconf 79' lang='grc' dir='ltr'>ἡμεῖς</span> <span class='ocrx_word' id='word_1_132' title='bbox 723 898 823 932; x_wconf 73' lang='grc' dir='ltr'>μᾶλλον</span> <span class='ocrx_word' id='word_1_133' title='bbox 839 899 889 933; x_wconf 82' lang='grc' dir='ltr'>τῆς</span> <span class='ocrx_word' id='word_1_134' title='bbox 904 899 971 933; x_wconf 83' lang='grc' dir='ltr'>ὑμε-</span> 
     </span>
    </p>
   </div>
   <div class='ocr_carea' id='block_1_20' title="bbox 179 943 970 978">
    <p class='ocr_par' dir='ltr' id='par_1_20' title="bbox 179 943 970 978">
     <span class='ocr_line' id='line_1_20' title="bbox 179 943 970 978; baseline 0.003 -10"><span class='ocrx_word' id='word_1_135' title='bbox 179 943 261 976; x_wconf 78' lang='grc' dir='ltr'>τέρας</span> <span class='ocrx_word' id='word_1_136' title='bbox 279 943 397 974; x_wconf 83' lang='grc' dir='ltr'>πίστεως</span> <span class='ocrx_word' id='word_1_137' title='bbox 419 944 468 977; x_wconf 82' lang='grc' dir='ltr'>τὴν</span> <span class='ocrx_word' id='word_1_138' title='bbox 493 943 597 977; x_wconf 78' lang='grc' dir='ltr'>πλάνην</span> <span class='ocrx_word' id='word_1_139' title='bbox 617 944 662 969; x_wconf 72' lang='grc' dir='ltr'>καὶ</span> <span class='ocrx_word' id='word_1_140' title='bbox 676 944 706 969; x_wconf 81' lang='grc' dir='ltr'>τὸ</span> <span class='ocrx_word' id='word_1_141' title='bbox 722 943 831 978; x_wconf 76' lang='grc' dir='ltr'>ψεῦδος,</span> <span class='ocrx_word' id='word_1_142' title='bbox 848 945 896 970; x_wconf 76' lang='grc' dir='ltr'>καὶ</span> <span class='ocrx_word' id='word_1_143' title='bbox 919 945 970 978; x_wconf 81' lang='grc' dir='ltr'>τῆς</span> 
     </span>
    </p>
   </div>
   <div class='ocr_carea' id='block_1_21' title="bbox 179 989 971 1024">
    <p class='ocr_par' dir='ltr' id='par_1_21' title="bbox 179 989 971 1024">
     <span class='ocr_line' id='line_1_21' title="bbox 179 989 971 1024; baseline 0.003 -10"><span class='ocrx_word' id='word_1_144' title='bbox 179 989 319 1024; x_wconf 62' lang='grc' dir='ltr'>ἡμετέρας</span> <span class='ocrx_word' id='word_1_145' title='bbox 330 991 378 1023; x_wconf 78' lang='grc' dir='ltr'>τὴν</span> <span class='ocrx_word' id='word_1_146' title='bbox 392 989 522 1023; x_wconf 77' lang='grc' dir='ltr'>ἀλήθειαν</span> <span class='ocrx_word' id='word_1_147' title='bbox 534 989 580 1015; x_wconf 74' lang='grc' dir='ltr'>καὶ</span> <span class='ocrx_word' id='word_1_148' title='bbox 593 989 640 1015; x_wconf 77' lang='grc' dir='ltr'>τὸν</span> <span class='ocrx_word' id='word_1_149' title='bbox 653 989 756 1024; x_wconf 82' lang='grc' dir='ltr'>κόσμον</span> <span class='ocrx_word' id='word_1_150' title='bbox 780 990 848 1024; x_wconf 76' lang='grc' dir='ltr'>μετὰ</span> <span class='ocrx_word' id='word_1_151' title='bbox 863 990 971 1016; x_wconf 82' lang='grc' dir='ltr'>ἀποδεί-</span> 
     </span>
    </p>
   </div>
   <div class='ocr_carea' id='block_1_22' title="bbox 180 1033 639 1068">
    <p class='ocr_par' dir='ltr' id='par_1_22' title="bbox 180 1033 639 1068">
     <span class='ocr_line' id='line_1_22' title="bbox 180 1033 639 1068; baseline 0.002 -8"><span class='ocrx_word' id='word_1_152' title='bbox 180 1034 249 1066; x_wconf 78' lang='grc' dir='ltr'>ξεως</span> <span class='ocrx_word' id='word_1_153' title='bbox 262 1034 424 1067; x_wconf 82' lang='grc' dir='ltr'>παραθεῖναι</span> <span class='ocrx_word' id='word_1_154' title='bbox 439 1033 639 1068; x_wconf 79' lang='grc' dir='ltr'>πειρασόμεθα.</span> 
     </span>
    </p>
   </div>
   <div class='ocr_carea' id='block_1_23' title="bbox 216 1079 971 1114">
    <p class='ocr_par' dir='ltr' id='par_1_23' title="bbox 216 1079 971 1114">
     <span class='ocr_line' id='line_1_23' title="bbox 216 1079 971 1114; baseline 0.001 -9"><span class='ocrx_word' id='word_1_155' title='bbox 216 1079 248 1110; x_wconf 70' lang='grc' dir='ltr'><strong>ζ’.</strong></span> <span class='ocrx_word' id='word_1_156' title='bbox 266 1080 371 1105; x_wconf 67' lang='grc' dir='ltr'>’Ἅπασι</span> <span class='ocrx_word' id='word_1_157' title='bbox 386 1081 443 1110; x_wconf 76' lang='grc' dir='ltr'>τοῖς</span> <span class='ocrx_word' id='word_1_158' title='bbox 458 1079 520 1105; x_wconf 83' lang='grc' dir='ltr'>νοῦν</span> <span class='ocrx_word' id='word_1_159' title='bbox 541 1079 647 1114; x_wconf 79' lang='grc' dir='ltr'>ἔχουσιν</span> <span class='ocrx_word' id='word_1_160' title='bbox 663 1079 836 1114; x_wconf 68' lang='grc' dir='ltr'><strong>ὡμολόγηται</strong></span> <span class='ocrx_word' id='word_1_161' title='bbox 860 1080 901 1106; x_wconf 81' lang='grc' dir='ltr'>ὅτι</span> <span class='ocrx_word' id='word_1_162' title='bbox 929 1079 971 1106; x_wconf 85' lang='grc' dir='ltr'>πί-</span> 
     </span>
    </p>
   </div>
   <div class='ocr_carea' id='block_1_24' title="bbox 180 1124 971 1159">
    <p class='ocr_par' dir='ltr' id='par_1_24' title="bbox 180 1124 971 1159">
     <span class='ocr_line' id='line_1_24' title="bbox 180 1124 971 1159; baseline 0.003 -9"><span class='ocrx_word' id='word_1_163' title='bbox 180 1133 239 1156; x_wconf 83' lang='grc' dir='ltr'>στις</span> <span class='ocrx_word' id='word_1_164' title='bbox 257 1125 305 1159; x_wconf 86' lang='grc' dir='ltr'>μὲν</span> <span class='ocrx_word' id='word_1_165' title='bbox 318 1124 469 1159; x_wconf 78' lang='grc' dir='ltr'><strong>εὔχρηστος</strong></span> <span class='ocrx_word' id='word_1_166' title='bbox 491 1126 538 1151; x_wconf 69' lang='grc' dir='ltr'>καὶ</span> <span class='ocrx_word' id='word_1_167' title='bbox 554 1124 692 1159; x_wconf 79' lang='grc' dir='ltr'>ὠφέλιμος</span> <span class='ocrx_word' id='word_1_168' title='bbox 719 1126 765 1151; x_wconf 85' lang='grc' dir='ltr'>καὶ</span> <span class='ocrx_word' id='word_1_169' title='bbox 777 1126 814 1156; x_wconf 80' lang='grc' dir='ltr'>ὡς</span> <span class='ocrx_word' id='word_1_170' title='bbox 833 1125 890 1159; x_wconf 83' lang='grc' dir='ltr'><strong>φῶς</strong></span> <span class='ocrx_word' id='word_1_171' title='bbox 905 1125 971 1152; x_wconf 79' lang='grc' dir='ltr'>οὖσα</span> 
     </span>
    </p>
   </div>
   <div class='ocr_carea' id='block_1_25' title="bbox 179 1171 971 1206">
    <p class='ocr_par' dir='ltr' id='par_1_25' title="bbox 179 1171 971 1206">
     <span class='ocr_line' id='line_1_25' title="bbox 179 1171 971 1206; baseline 0.001 -9"><span class='ocrx_word' id='word_1_172' title='bbox 179 1171 365 1203; x_wconf 76' lang='grc' dir='ltr'><strong>καθέστηκεν·</strong></span> <span class='ocrx_word' id='word_1_173' title='bbox 393 1172 440 1197; x_wconf 76' lang='grc' dir='ltr'>καὶ</span> <span class='ocrx_word' id='word_1_174' title='bbox 465 1171 528 1202; x_wconf 79' lang='grc' dir='ltr'>τοὺς</span> <span class='ocrx_word' id='word_1_175' title='bbox 549 1171 651 1205; x_wconf 83' lang='grc' dir='ltr'>ταύτην</span> <span class='ocrx_word' id='word_1_176' title='bbox 673 1171 884 1206; x_wconf 77' lang='grc' dir='ltr'>ἐπισπωμένους</span> <span class='ocrx_word' id='word_1_177' title='bbox 911 1171 971 1206; x_wconf 87' lang='grc' dir='ltr'><strong>Θεῷ</strong></span> 
     </span>
    </p>
   </div>
   <div class='ocr_carea' id='block_1_26' title="bbox 179 1213 971 1250">
    <p class='ocr_par' dir='ltr' id='par_1_26' title="bbox 179 1213 971 1250">
     <span class='ocr_line' id='line_1_26' title="bbox 179 1213 971 1250; baseline 0 -9"><span class='ocrx_word' id='word_1_178' title='bbox 179 1215 346 1242; x_wconf 77' lang='grc' dir='ltr'><strong>οἰκειοῦσθαι</strong></span> <span class='ocrx_word' id='word_1_179' title='bbox 374 1216 532 1250; x_wconf 82' lang='grc' dir='ltr'>παρεγγυᾷ·</span> <span class='ocrx_word' id='word_1_180' title='bbox 550 1213 584 1250; x_wconf 85' lang='grc' dir='ltr'>ἦς</span> <span class='ocrx_word' id='word_1_181' title='bbox 595 1217 629 1242; x_wconf 72' lang='grc' dir='ltr'><strong>τὰ</strong></span> <span class='ocrx_word' id='word_1_182' title='bbox 650 1215 837 1250; x_wconf 74' lang='grc' dir='ltr'>θεσπιζόμενα</span> <span class='ocrx_word' id='word_1_183' title='bbox 849 1216 902 1242; x_wconf 85' lang='grc' dir='ltr'><strong>τῶν</strong></span> <span class='ocrx_word' id='word_1_184' title='bbox 914 1225 971 1250; x_wconf 88' lang='grc' dir='ltr'>χει-</span> 
     </span>
    </p>
   </div>
   <div class='ocr_carea' id='block_1_27' title="bbox 181 1260 970 1296">
    <p class='ocr_par' dir='ltr' id='par_1_27' title="bbox 181 1260 970 1296">
     <span class='ocr_line' id='line_1_27' title="bbox 181 1260 970 1296; baseline 0.001 -10"><span class='ocrx_word' id='word_1_185' title='bbox 181 1261 280 1296; x_wconf 77' lang='grc' dir='ltr'>ρίστων</span> <span class='ocrx_word' id='word_1_186' title='bbox 298 1261 343 1287; x_wconf 81' lang='grc' dir='ltr'><strong>καὶ</strong></span> <span class='ocrx_word' id='word_1_187' title='bbox 358 1260 498 1295; x_wconf 86' lang='grc' dir='ltr'>βλαϐερῶν</span> <span class='ocrx_word' id='word_1_188' title='bbox 509 1261 557 1295; x_wconf 82' lang='grc' dir='ltr'>τὴν</span> <span class='ocrx_word' id='word_1_189' title='bbox 570 1261 700 1287; x_wconf 80' lang='grc' dir='ltr'><strong>ἀπόθεσιν</strong></span> <span class='ocrx_word' id='word_1_190' title='bbox 714 1260 837 1295; x_wconf 51' lang='lat' dir='ltr'><strong>exemerit</strong></span> <span class='ocrx_word' id='word_1_191' title='bbox 851 1261 882 1287; x_wconf 81' lang='grc' dir='ltr'>τὸ</span> <span class='ocrx_word' id='word_1_192' title='bbox 893 1261 970 1295; x_wconf 82' lang='grc' dir='ltr'>γένος</span> 
     </span>
    </p>
   </div>
   <div class='ocr_carea' id='block_1_28' title="bbox 179 1305 970 1341">
    <p class='ocr_par' dir='ltr' id='par_1_28' title="bbox 179 1305 970 1341">
     <span class='ocr_line' id='line_1_28' title="bbox 179 1305 970 1341; baseline 0.001 -10"><span class='ocrx_word' id='word_1_193' title='bbox 179 1306 235 1332; x_wconf 60' lang='grc' dir='ltr'>τῷν</span> <span class='ocrx_word' id='word_1_194' title='bbox 247 1306 398 1341; x_wconf 74' lang='grc' dir='ltr'>ἀνθρώπων</span> <span class='ocrx_word' id='word_1_195' title='bbox 409 1306 463 1332; x_wconf 83' lang='grc' dir='ltr'><strong>ἀπὸ</strong></span> <span class='ocrx_word' id='word_1_196' title='bbox 477 1306 532 1332; x_wconf 86' lang='grc' dir='ltr'><strong>τῶν</strong></span> <span class='ocrx_word' id='word_1_197' title='bbox 544 1306 619 1341; x_wconf 73' lang='grc' dir='ltr'>παρὰ</span> <span class='ocrx_word' id='word_1_198' title='bbox 630 1305 710 1339; x_wconf 79' lang='grc' dir='ltr'>φύσιν</span> <span class='ocrx_word' id='word_1_199' title='bbox 724 1306 770 1332; x_wconf 74' lang='grc' dir='ltr'><strong>ἐπὶ</strong></span> <span class='ocrx_word' id='word_1_200' title='bbox 787 1306 820 1332; x_wconf 86' lang='grc' dir='ltr'><strong>τὰ</strong></span> <span class='ocrx_word' id='word_1_201' title='bbox 834 1306 905 1332; x_wconf 77' lang='grc' dir='ltr'>κατὰ</span> <span class='ocrx_word' id='word_1_202' title='bbox 920 1306 970 1340; x_wconf 68' lang='grc' dir='ltr'><strong>φύι</strong></span> 
     </span>
    </p>
   </div>
   <div class='ocr_carea' id='block_1_29' title="bbox 181 1349 970 1387">
    <p class='ocr_par' dir='ltr' id='par_1_29' title="bbox 181 1349 970 1387">
     <span class='ocr_line' id='line_1_29' title="bbox 181 1349 970 1387; baseline 0.001 -9"><span class='ocrx_word' id='word_1_203' title='bbox 181 1360 223 1378; x_wconf 69' lang='grc' dir='ltr'><strong>σιν</strong></span> <span class='ocrx_word' id='word_1_204' title='bbox 234 1353 280 1378; x_wconf 70' lang='grc' dir='ltr'>καὶ</span> <span class='ocrx_word' id='word_1_205' title='bbox 299 1352 423 1386; x_wconf 78' lang='grc' dir='ltr'><strong>ὑπερφυῆ</strong></span> <span class='ocrx_word' id='word_1_206' title='bbox 439 1352 633 1386; x_wconf 73' lang='grc' dir='ltr'><strong>μετατίθησιν⁹</strong></span> <span class='ocrx_word' id='word_1_207' title='bbox 649 1349 683 1387; x_wconf 75' lang='grc' dir='ltr'>ἧς</span> <span class='ocrx_word' id='word_1_208' title='bbox 695 1352 723 1377; x_wconf 79' lang='grc' dir='ltr'><strong>δὲ</strong></span> <span class='ocrx_word' id='word_1_209' title='bbox 737 1352 771 1378; x_wconf 84' lang='grc' dir='ltr'>τὰ</span> <span class='ocrx_word' id='word_1_210' title='bbox 785 1352 970 1386; x_wconf 77' lang='grc' dir='ltr'>θεσπιζὸμενα</span> 
     </span>
    </p>
   </div>
   <div class='ocr_carea' id='block_1_30' title="bbox 179 1397 969 1434">
    <p class='ocr_par' dir='ltr' id='par_1_30' title="bbox 179 1397 969 1434">
     <span class='ocr_line' id='line_1_30' title="bbox 179 1397 969 1434; baseline 0.005 -12"><span class='ocrx_word' id='word_1_211' title='bbox 179 1397 234 1422; x_wconf 58' lang='grc' dir='ltr'><strong>τῶν</strong></span> <span class='ocrx_word' id='word_1_212' title='bbox 254 1397 344 1424; x_wconf 85' lang='grc' dir='ltr'>καλῶν</span> <span class='ocrx_word' id='word_1_213' title='bbox 356 1398 405 1433; x_wconf 84' lang='grc' dir='ltr'>τὴν</span> <span class='ocrx_word' id='word_1_214' title='bbox 421 1399 559 1431; x_wconf 79' lang='grc' dir='ltr'><strong>ἀπόθεσιν,</strong></span> <span class='ocrx_word' id='word_1_215' title='bbox 586 1399 700 1425; x_wconf 76' lang='grc' dir='ltr'>καὶτῶν</span> <span class='ocrx_word' id='word_1_216' title='bbox 718 1399 828 1433; x_wconf 78' lang='grc' dir='ltr'>φαύλων</span> <span class='ocrx_word' id='word_1_217' title='bbox 854 1400 903 1434; x_wconf 85' lang='grc' dir='ltr'>τὴν</span> <span class='ocrx_word' id='word_1_218' title='bbox 929 1401 969 1426; x_wconf 83' lang='grc' dir='ltr'><strong>οἰ-</strong></span> 
     </span>
    </p>
   </div>
   <div class='ocr_carea' id='block_1_31' title="bbox 180 1443 970 1480">
    <p class='ocr_par' dir='ltr' id='par_1_31' title="bbox 180 1443 970 1480">
     <span class='ocr_line' id='line_1_31' title="bbox 180 1443 970 1480; baseline 0.001 -11"><span class='ocrx_word' id='word_1_219' title='bbox 180 1443 291 1470; x_wconf 81' lang='grc' dir='ltr'>κείωσιν</span> <span class='ocrx_word' id='word_1_220' title='bbox 319 1444 525 1478; x_wconf 79' lang='grc' dir='ltr'>ἐπαγγέλλεται,</span> <span class='ocrx_word' id='word_1_221' title='bbox 549 1445 594 1470; x_wconf 66' lang='grc' dir='ltr'>καὶ</span> <span class='ocrx_word' id='word_1_222' title='bbox 611 1444 641 1470; x_wconf 74' lang='grc' dir='ltr'>τὸ</span> <span class='ocrx_word' id='word_1_223' title='bbox 657 1444 734 1477; x_wconf 75' lang='grc' dir='ltr'>γένος</span> <span class='ocrx_word' id='word_1_224' title='bbox 753 1444 807 1470; x_wconf 79' lang='grc' dir='ltr'><strong>τῶν</strong></span> <span class='ocrx_word' id='word_1_225' title='bbox 819 1445 970 1480; x_wconf 77' lang='grc' dir='ltr'>ἀνθρώπων</span> 
     </span>
    </p>
   </div>
   <div class='ocr_carea' id='block_1_32' title="bbox 180 1489 968 1525">
    <p class='ocr_par' dir='ltr' id='par_1_32' title="bbox 180 1489 968 1525">
     <span class='ocr_line' id='line_1_32' title="bbox 180 1489 968 1525; baseline 0.003 -11"><span class='ocrx_word' id='word_1_226' title='bbox 180 1489 234 1514; x_wconf 80' lang='grc' dir='ltr'><strong>ἀπὸ</strong></span> <span class='ocrx_word' id='word_1_227' title='bbox 249 1489 302 1514; x_wconf 86' lang='grc' dir='ltr'><strong>τῶν</strong></span> <span class='ocrx_word' id='word_1_228' title='bbox 318 1490 389 1516; x_wconf 67' lang='grc' dir='ltr'>κατὰ</span> <span class='ocrx_word' id='word_1_229' title='bbox 410 1491 490 1523; x_wconf 72' lang='grc' dir='ltr'>φύσιν</span> <span class='ocrx_word' id='word_1_230' title='bbox 505 1490 521 1525; x_wconf 85' lang='grc' dir='ltr'><strong>ἢ</strong></span> <span class='ocrx_word' id='word_1_231' title='bbox 549 1490 595 1516; x_wconf 75' lang='grc' dir='ltr'>καὶ</span> <span class='ocrx_word' id='word_1_232' title='bbox 610 1491 758 1525; x_wconf 82' lang='grc' dir='ltr'><strong>ὑπερφυῶν</strong></span> <span class='ocrx_word' id='word_1_233' title='bbox 780 1491 826 1516; x_wconf 77' lang='grc' dir='ltr'><strong>ἐπὶ</strong></span> <span class='ocrx_word' id='word_1_234' title='bbox 842 1490 876 1516; x_wconf 71' lang='grc' dir='ltr'><strong>τὰ</strong></span> <span class='ocrx_word' id='word_1_235' title='bbox 891 1490 968 1524; x_wconf 79' lang='grc' dir='ltr'>παρὰ</span> 
     </span>
    </p>
   </div>
   <div class='ocr_carea' id='block_1_33' title="bbox 181 1534 969 1571">
    <p class='ocr_par' dir='ltr' id='par_1_33' title="bbox 181 1534 969 1571">
     <span class='ocr_line' id='line_1_33' title="bbox 181 1534 969 1571; baseline 0.003 -11"><span class='ocrx_word' id='word_1_236' title='bbox 181 1534 262 1567; x_wconf 73' lang='grc' dir='ltr'>φύσιν</span> <span class='ocrx_word' id='word_1_237' title='bbox 275 1536 414 1570; x_wconf 75' lang='grc' dir='ltr'><strong>κατασπᾷ,</strong></span> <span class='ocrx_word' id='word_1_238' title='bbox 429 1535 496 1570; x_wconf 82' lang='grc' dir='ltr'>αὕτη</span> <span class='ocrx_word' id='word_1_239' title='bbox 507 1536 615 1566; x_wconf 84' lang='grc' dir='ltr'>πάντως</span> <span class='ocrx_word' id='word_1_240' title='bbox 625 1535 792 1571; x_wconf 69' lang='grc' dir='ltr'>δύσχρηστος</span> <span class='ocrx_word' id='word_1_241' title='bbox 803 1545 831 1562; x_wconf 90' lang='grc' dir='ltr'><strong>τε</strong></span> <span class='ocrx_word' id='word_1_242' title='bbox 846 1535 894 1562; x_wconf 77' lang='grc' dir='ltr'>καὶ</span> <span class='ocrx_word' id='word_1_243' title='bbox 909 1535 969 1570; x_wconf 85' lang='grc' dir='ltr'>βλα-</span> 
     </span>
    </p>
   </div>
   <div class='ocr_carea' id='block_1_34' title="bbox 181 1580 1003 1624">
    <p class='ocr_par' dir='ltr' id='par_1_34' title="bbox 181 1580 1003 1624">
     <span class='ocr_line' id='line_1_34' title="bbox 181 1580 1003 1624; baseline 0.002 -18"><span class='ocrx_word' id='word_1_244' title='bbox 181 1580 260 1615; x_wconf 75' lang='grc' dir='ltr'>ϐερὰ,</span> <span class='ocrx_word' id='word_1_245' title='bbox 278 1582 325 1607; x_wconf 79' lang='grc' dir='ltr'>καὶ</span> <span class='ocrx_word' id='word_1_246' title='bbox 338 1581 437 1616; x_wconf 74' lang='grc' dir='ltr'>ἣκιστά</span> <span class='ocrx_word' id='word_1_247' title='bbox 449 1590 491 1613; x_wconf 84' lang='grc' dir='ltr'><strong>τις</strong></span> <span class='ocrx_word' id='word_1_248' title='bbox 508 1581 546 1616; x_wconf 81' lang='grc' dir='ltr'>τῷ</span> <span class='ocrx_word' id='word_1_249' title='bbox 557 1582 615 1616; x_wconf 72' lang='grc' dir='ltr'><strong>Θεῷ</strong></span> <span class='ocrx_word' id='word_1_250' title='bbox 628 1581 862 1616; x_wconf 79' lang='grc' dir='ltr'>προσοικειοῦσθαι</span> <span class='ocrx_word' id='word_1_251' title='bbox 871 1582 904 1608; x_wconf 83' lang='grc' dir='ltr'><strong>δι’</strong></span> <span class='ocrx_word' id='word_1_252' title='bbox 919 1582 968 1608; x_wconf 71' lang='grc' dir='ltr'><strong>αὖ·</strong></span> <span class='ocrx_word' id='word_1_253' title='bbox 982 1597 1003 1624; x_wconf 75' lang='lat' dir='ltr'><strong>c</strong></span> 
     </span>
    </p>
   </div>
   <div class='ocr_carea' id='block_1_35' title="bbox 180 1625 966 1662">
    <p class='ocr_par' dir='ltr' id='par_1_35' title="bbox 180 1625 966 1662">
     <span class='ocr_line' id='line_1_35' title="bbox 180 1625 966 1662; baseline 0.001 -10"><span class='ocrx_word' id='word_1_254' title='bbox 180 1626 232 1660; x_wconf 77' lang='grc' dir='ltr'>τῆς</span> <span class='ocrx_word' id='word_1_255' title='bbox 251 1627 373 1653; x_wconf 80' lang='grc' dir='ltr'>δύναται.</span> <span class='ocrx_word' id='word_1_256' title='bbox 396 1627 472 1653; x_wconf 82' lang='grc' dir='ltr'>Ἐπεὶ</span> <span class='ocrx_word' id='word_1_257' title='bbox 486 1625 533 1653; x_wconf 87' lang='grc' dir='ltr'>οὖν</span> <span class='ocrx_word' id='word_1_258' title='bbox 558 1628 635 1662; x_wconf 78' lang='grc' dir='ltr'>καὶὴ</span> <span class='ocrx_word' id='word_1_259' title='bbox 658 1627 778 1662; x_wconf 74' lang='grc' dir='ltr'>ὑμετέρα</span> <span class='ocrx_word' id='word_1_260' title='bbox 799 1627 888 1658; x_wconf 82' lang='grc' dir='ltr'><strong>πίστις</strong></span> <span class='ocrx_word' id='word_1_261' title='bbox 911 1627 966 1653; x_wconf 83' lang='grc' dir='ltr'><strong>τῶν</strong></span> 
     </span>
    </p>
   </div>
   <div class='ocr_carea' id='block_1_36' title="bbox 181 1672 967 1708">
    <p class='ocr_par' dir='ltr' id='par_1_36' title="bbox 181 1672 967 1708">
     <span class='ocr_line' id='line_1_36' title="bbox 181 1672 967 1708; baseline 0 -10"><span class='ocrx_word' id='word_1_262' title='bbox 181 1672 292 1706; x_wconf 77' lang='grc' dir='ltr'>φαύλων</span> <span class='ocrx_word' id='word_1_263' title='bbox 301 1672 351 1707; x_wconf 78' lang='grc' dir='ltr'>τὴν</span> <span class='ocrx_word' id='word_1_264' title='bbox 364 1672 511 1703; x_wconf 75' lang='grc' dir='ltr'>οἰκείωσιν,</span> <span class='ocrx_word' id='word_1_265' title='bbox 531 1673 577 1698; x_wconf 83' lang='grc' dir='ltr'>καὶ</span> <span class='ocrx_word' id='word_1_266' title='bbox 601 1673 656 1699; x_wconf 85' lang='grc' dir='ltr'><strong>τῶν</strong></span> <span class='ocrx_word' id='word_1_267' title='bbox 672 1673 762 1698; x_wconf 88' lang='grc' dir='ltr'>καλῶν</span> <span class='ocrx_word' id='word_1_268' title='bbox 773 1673 821 1708; x_wconf 79' lang='grc' dir='ltr'>τὴν</span> <span class='ocrx_word' id='word_1_269' title='bbox 839 1672 967 1699; x_wconf 78' lang='grc' dir='ltr'>ἀπόθεσιν</span> 
     </span>
    </p>
   </div>
   <div class='ocr_carea' id='block_1_37' title="bbox 182 1718 967 1754">
    <p class='ocr_par' dir='ltr' id='par_1_37' title="bbox 182 1718 967 1754">
     <span class='ocr_line' id='line_1_37' title="bbox 182 1718 967 1754; baseline 0.001 -11"><span class='ocrx_word' id='word_1_270' title='bbox 182 1718 368 1753; x_wconf 64' lang='grc' dir='ltr'>προθεσπίζει,</span> <span class='ocrx_word' id='word_1_271' title='bbox 390 1718 437 1744; x_wconf 80' lang='grc' dir='ltr'>καὶ</span> <span class='ocrx_word' id='word_1_272' title='bbox 453 1719 485 1744; x_wconf 85' lang='grc' dir='ltr'>ὲκ</span> <span class='ocrx_word' id='word_1_273' title='bbox 499 1718 553 1745; x_wconf 81' lang='grc' dir='ltr'><strong>τῶν</strong></span> <span class='ocrx_word' id='word_1_274' title='bbox 567 1719 724 1753; x_wconf 64' lang='grc' dir='ltr'>ὑπερφυῶν,</span> <span class='ocrx_word' id='word_1_275' title='bbox 739 1718 754 1754; x_wconf 80' lang='grc' dir='ltr'>ἦ</span> <span class='ocrx_word' id='word_1_276' title='bbox 774 1719 822 1745; x_wconf 69' lang='grc' dir='ltr'>καὶ.</span> <span class='ocrx_word' id='word_1_277' title='bbox 835 1718 905 1745; x_wconf 77' lang='grc' dir='ltr'>κατὰ</span> <span class='ocrx_word' id='word_1_278' title='bbox 919 1718 967 1752; x_wconf 82' lang='grc' dir='ltr'><strong>φύ-</strong></span> 
     </span>
    </p>
   </div>
   <div class='ocr_carea' id='block_1_38' title="bbox 181 1765 968 1801">
    <p class='ocr_par' dir='ltr' id='par_1_38' title="bbox 181 1765 968 1801">
     <span class='ocr_line' id='line_1_38' title="bbox 181 1765 968 1801; baseline 0 -9"><span class='ocrx_word' id='word_1_279' title='bbox 181 1774 236 1797; x_wconf 83' lang='grc' dir='ltr'>σιν,</span> <span class='ocrx_word' id='word_1_280' title='bbox 255 1766 303 1792; x_wconf 74' lang='grc' dir='ltr'><strong>ἐπὶ</strong></span> <span class='ocrx_word' id='word_1_281' title='bbox 316 1766 349 1792; x_wconf 76' lang='grc' dir='ltr'>τὰ</span> <span class='ocrx_word' id='word_1_282' title='bbox 361 1766 437 1801; x_wconf 79' lang='grc' dir='ltr'>παρὰ</span> <span class='ocrx_word' id='word_1_283' title='bbox 450 1765 531 1800; x_wconf 83' lang='grc' dir='ltr'>φύσιν</span> <span class='ocrx_word' id='word_1_284' title='bbox 555 1767 618 1797; x_wconf 72' lang='grc' dir='ltr'>τοὺς</span> <span class='ocrx_word' id='word_1_285' title='bbox 633 1766 736 1800; x_wconf 88' lang='grc' dir='ltr'>ταύτην</span> <span class='ocrx_word' id='word_1_286' title='bbox 758 1766 968 1801; x_wconf 75' lang='grc' dir='ltr'>ἑπισπωμένους</span> 
     </span>
    </p>
   </div>
   <div class='ocr_carea' id='block_1_39' title="bbox 180 1811 967 1847">
    <p class='ocr_par' dir='ltr' id='par_1_39' title="bbox 180 1811 967 1847">
     <span class='ocr_line' id='line_1_39' title="bbox 180 1811 967 1847; baseline 0.001 -10"><span class='ocrx_word' id='word_1_287' title='bbox 180 1812 320 1846; x_wconf 79' lang='grc' dir='ltr'>κατασπᾷ,</span> <span class='ocrx_word' id='word_1_288' title='bbox 341 1812 458 1845; x_wconf 82' lang='grc' dir='ltr'>φανερὸν</span> <span class='ocrx_word' id='word_1_289' title='bbox 474 1812 514 1838; x_wconf 82' lang='grc' dir='ltr'>ὅτι</span> <span class='ocrx_word' id='word_1_290' title='bbox 537 1811 704 1847; x_wconf 77' lang='grc' dir='ltr'>δύσχρηστος</span> <span class='ocrx_word' id='word_1_291' title='bbox 723 1821 751 1838; x_wconf 88' lang='grc' dir='ltr'><strong>τε</strong></span> <span class='ocrx_word' id='word_1_292' title='bbox 773 1812 820 1838; x_wconf 74' lang='grc' dir='ltr'>καὶ</span> <span class='ocrx_word' id='word_1_293' title='bbox 838 1811 967 1846; x_wconf 83' lang='grc' dir='ltr'>βλαϐερὰ,</span> 
     </span>
    </p>
   </div>
   <div class='ocr_carea' id='block_1_40' title="bbox 181 1857 969 1893">
    <p class='ocr_par' dir='ltr' id='par_1_40' title="bbox 181 1857 969 1893">
     <span class='ocr_line' id='line_1_40' title="bbox 181 1857 969 1893; baseline 0 -10"><span class='ocrx_word' id='word_1_294' title='bbox 181 1857 228 1883; x_wconf 80' lang='grc' dir='ltr'><strong>καὶ</strong></span> <span class='ocrx_word' id='word_1_295' title='bbox 243 1857 331 1888; x_wconf 70' lang='grc' dir='ltr'>οὐδεὶς</span> <span class='ocrx_word' id='word_1_296' title='bbox 344 1857 377 1883; x_wconf 75' lang='grc' dir='ltr'>δι’</span> <span class='ocrx_word' id='word_1_297' title='bbox 387 1857 471 1891; x_wconf 77' lang='grc' dir='ltr'>αὐτῆς</span> <span class='ocrx_word' id='word_1_298' title='bbox 485 1857 523 1892; x_wconf 81' lang='grc' dir='ltr'>τῷ</span> <span class='ocrx_word' id='word_1_299' title='bbox 531 1857 589 1889; x_wconf 83' lang='grc' dir='ltr'><strong>Θεῷ</strong></span> <span class='ocrx_word' id='word_1_300' title='bbox 600 1857 745 1893; x_wconf 65' lang='grc' dir='ltr'>οίκειοῦται</span> <span class='ocrx_word' id='word_1_301' title='bbox 756 1865 762 1872; x_wconf 84' lang='lat'>&#39;</span> <span class='ocrx_word' id='word_1_302' title='bbox 780 1858 826 1883; x_wconf 77' lang='grc' dir='ltr'>καὶ</span> <span class='ocrx_word' id='word_1_303' title='bbox 842 1858 881 1884; x_wconf 82' lang='grc' dir='ltr'>ὃτι</span> <span class='ocrx_word' id='word_1_304' title='bbox 891 1857 969 1883; x_wconf 82' lang='grc' dir='ltr'>τοῦτο</span> 
     </span>
    </p>
   </div>
   <div class='ocr_carea' id='block_1_41' title="bbox 180 1894 969 1936">
    <p class='ocr_par' dir='ltr' id='par_1_41' title="bbox 180 1894 969 1936">
     <span class='ocr_line' id='line_1_41' title="bbox 180 1894 969 1936; baseline 0.003 -10"><span class='ocrx_word' id='word_1_305' title='bbox 180 1900 290 1934; x_wconf 78' lang='grc' dir='ltr'>ἀληθὲς,</span> <span class='ocrx_word' id='word_1_306' title='bbox 304 1900 429 1927; x_wconf 69' lang='grc' dir='ltr'>ἐντεῦθεν</span> <span class='ocrx_word' id='word_1_307' title='bbox 445 1901 536 1936; x_wconf 71' lang='grc' dir='ltr'>ἇὸρειο</span> <span class='ocrx_word' id='word_1_308' title='bbox 560 1901 596 1927; x_wconf 84' lang='grc' dir='ltr'><strong>Τὸ</strong></span> <span class='ocrx_word' id='word_1_309' title='bbox 612 1894 686 1935; x_wconf 68' lang='grc' dir='ltr'>παρὰ</span> <span class='ocrx_word' id='word_1_310' title='bbox 703 1901 783 1936; x_wconf 87' lang='grc' dir='ltr'>φύσιν</span> <span class='ocrx_word' id='word_1_311' title='bbox 799 1903 898 1934; x_wconf 81' lang='grc' dir='ltr'>πάντες</span> <span class='ocrx_word' id='word_1_312' title='bbox 910 1902 969 1928; x_wconf 71' lang='lat' dir='ltr'><strong>lca.-</strong></span> 
     </span>
    </p>
   </div>
   <div class='ocr_carea' id='block_1_42' title="bbox 181 1943 970 1980">
    <p class='ocr_par' dir='ltr' id='par_1_42' title="bbox 181 1943 970 1980">
     <span class='ocr_line' id='line_1_42' title="bbox 181 1943 970 1980; baseline 0 -10"><span class='ocrx_word' id='word_1_313' title='bbox 181 1953 224 1971; x_wconf 85' lang='grc' dir='ltr'><strong>σιν</strong></span> <span class='ocrx_word' id='word_1_314' title='bbox 236 1945 376 1980; x_wconf 84' lang='grc' dir='ltr'>εἰδήμονες</span> <span class='ocrx_word' id='word_1_315' title='bbox 392 1945 536 1979; x_wconf 82' lang='grc' dir='ltr'>μετάθεσιν</span> <span class='ocrx_word' id='word_1_316' title='bbox 554 1943 623 1972; x_wconf 79' lang='grc' dir='ltr'>εἶναι</span> <span class='ocrx_word' id='word_1_317' title='bbox 636 1945 683 1972; x_wconf 83' lang='grc' dir='ltr'>τοῦ</span> <span class='ocrx_word' id='word_1_318' title='bbox 695 1946 766 1972; x_wconf 82' lang='grc' dir='ltr'>κατὰ</span> <span class='ocrx_word' id='word_1_319' title='bbox 785 1946 864 1979; x_wconf 86' lang='grc' dir='ltr'>φύσιν</span> <span class='ocrx_word' id='word_1_320' title='bbox 879 1946 925 1971; x_wconf 75' lang='grc' dir='ltr'><strong>ἐπὶ</strong></span> <span class='ocrx_word' id='word_1_321' title='bbox 940 1945 970 1971; x_wconf 81' lang='grc' dir='ltr'><strong>τὸ</strong></span> 
     </span>
    </p>
   </div>
   <div class='ocr_carea' id='block_1_43' title="bbox 180 1989 970 2025">
    <p class='ocr_par' dir='ltr' id='par_1_43' title="bbox 180 1989 970 2025">
     <span class='ocr_line' id='line_1_43' title="bbox 180 1989 970 2025; baseline 0 -9"><span class='ocrx_word' id='word_1_322' title='bbox 180 1991 317 2025; x_wconf 78' lang='grc' dir='ltr'>χείριστον</span> <span class='ocrx_word' id='word_1_323' title='bbox 326 1997 334 2004; x_wconf 78' lang='grc'><strong><em>⁵</em></strong></span> <span class='ocrx_word' id='word_1_324' title='bbox 348 1990 379 2016; x_wconf 80' lang='grc' dir='ltr'>τὸ</span> <span class='ocrx_word' id='word_1_325' title='bbox 393 1990 421 2017; x_wconf 79' lang='grc' dir='ltr'><strong>δὲ</strong></span> <span class='ocrx_word' id='word_1_326' title='bbox 433 1991 503 2025; x_wconf 80' lang='grc' dir='ltr'>ὑπὲρ</span> <span class='ocrx_word' id='word_1_327' title='bbox 517 1990 608 2024; x_wconf 80' lang='grc' dir='ltr'>φύσιν,</span> <span class='ocrx_word' id='word_1_328' title='bbox 622 1990 766 2024; x_wconf 81' lang='grc' dir='ltr'>μετάθεσιν</span> <span class='ocrx_word' id='word_1_329' title='bbox 778 1990 831 2016; x_wconf 72' lang='grc' dir='ltr'>ἀπὸ</span> <span class='ocrx_word' id='word_1_330' title='bbox 840 1990 886 2016; x_wconf 85' lang='grc' dir='ltr'>τοῦ</span> <span class='ocrx_word' id='word_1_331' title='bbox 901 1989 970 2016; x_wconf 82' lang='grc' dir='ltr'>κατὰ</span> 
     </span>
    </p>
   </div>
   <div class='ocr_carea' id='block_1_44' title="bbox 181 2034 970 2071">
    <p class='ocr_par' dir='ltr' id='par_1_44' title="bbox 181 2034 970 2071">
     <span class='ocr_line' id='line_1_44' title="bbox 181 2034 970 2071; baseline -0.001 -9"><span class='ocrx_word' id='word_1_332' title='bbox 181 2036 264 2069; x_wconf 83' lang='grc' dir='ltr'>φύσιν</span> <span class='ocrx_word' id='word_1_333' title='bbox 286 2036 332 2062; x_wconf 73' lang='grc' dir='ltr'><strong>ἐπὶ</strong></span> <span class='ocrx_word' id='word_1_334' title='bbox 349 2035 379 2062; x_wconf 89' lang='grc' dir='ltr'>τὸ</span> <span class='ocrx_word' id='word_1_335' title='bbox 406 2037 542 2071; x_wconf 81' lang='grc' dir='ltr'>κρεῖττον.</span> <span class='ocrx_word' id='word_1_336' title='bbox 559 2036 591 2069; x_wconf 66' lang='lat' dir='ltr'><strong>Et</strong></span> <span class='ocrx_word' id='word_1_337' title='bbox 615 2034 663 2063; x_wconf 79' lang='grc' dir='ltr'>οὖν</span> <span class='ocrx_word' id='word_1_338' title='bbox 685 2037 698 2062; x_wconf 82' lang='grc' dir='ltr'><strong>ὁ</strong></span> <span class='ocrx_word' id='word_1_339' title='bbox 722 2036 864 2070; x_wconf 78' lang='grc' dir='ltr'>ἄνθρωπος</span> <span class='ocrx_word' id='word_1_340' title='bbox 889 2036 970 2070; x_wconf 80' lang='grc' dir='ltr'>μέσος</span> 
     </span>
    </p>
   </div>
   <div class='ocr_carea' id='block_1_45' title="bbox 180 2082 971 2117">
    <p class='ocr_par' dir='ltr' id='par_1_45' title="bbox 180 2082 971 2117">
     <span class='ocr_line' id='line_1_45' title="bbox 180 2082 971 2117; baseline 0 -10"><span class='ocrx_word' id='word_1_341' title='bbox 180 2090 240 2114; x_wconf 84' lang='grc' dir='ltr'><strong>πως</strong></span> <span class='ocrx_word' id='word_1_342' title='bbox 252 2082 482 2117; x_wconf 81' lang='grc' dir='ltr'>δεδημιούργηται</span> <span class='ocrx_word' id='word_1_343' title='bbox 493 2082 543 2117; x_wconf 83' lang='grc' dir='ltr'>τῆς</span> <span class='ocrx_word' id='word_1_344' title='bbox 557 2082 700 2117; x_wconf 76' lang='grc' dir='ltr'>αἰσθητῆς,</span> <span class='ocrx_word' id='word_1_345' title='bbox 709 2091 744 2116; x_wconf 79' lang='grc' dir='ltr'><strong>φη</strong></span> <span class='ocrx_word' id='word_1_346' title='bbox 750 2082 789 2116; x_wconf 75' lang='grc' dir='ltr'><strong>μὶ.</strong></span> <span class='ocrx_word' id='word_1_347' title='bbox 800 2082 913 2113; x_wconf 77' lang='grc' dir='ltr'>κτίσεως</span> <span class='ocrx_word' id='word_1_348' title='bbox 925 2082 971 2108; x_wconf 71' lang='grc' dir='ltr'>καὶ</span> 
     </span>
    </p>
   </div>
   <div class='ocr_carea' id='block_1_46' title="bbox 180 2128 972 2163">
    <p class='ocr_par' dir='ltr' id='par_1_46' title="bbox 180 2128 972 2163">
     <span class='ocr_line' id='line_1_46' title="bbox 180 2128 972 2163; baseline 0 -9"><span class='ocrx_word' id='word_1_349' title='bbox 180 2129 290 2162; x_wconf 76' lang='grc' dir='ltr'>νοητῆς,</span> <span class='ocrx_word' id='word_1_350' title='bbox 299 2129 344 2154; x_wconf 84' lang='grc' dir='ltr'>καὶ</span> <span class='ocrx_word' id='word_1_351' title='bbox 354 2128 398 2154; x_wconf 82' lang='grc' dir='ltr'>διὰ</span> <span class='ocrx_word' id='word_1_352' title='bbox 408 2128 487 2154; x_wconf 78' lang='grc' dir='ltr'>τοῦτο</span> <span class='ocrx_word' id='word_1_353' title='bbox 501 2129 635 2162; x_wconf 76' lang='grc' dir='ltr'>ἑκατέρας</span> <span class='ocrx_word' id='word_1_354' title='bbox 645 2129 694 2163; x_wconf 81' lang='grc' dir='ltr'>τῆς</span> <span class='ocrx_word' id='word_1_355' title='bbox 707 2137 736 2154; x_wconf 87' lang='grc' dir='ltr'><strong>τε</strong></span> <span class='ocrx_word' id='word_1_356' title='bbox 753 2128 850 2161; x_wconf 79' lang='grc' dir='ltr'>ἀλόγου</span> <span class='ocrx_word' id='word_1_357' title='bbox 866 2128 972 2161; x_wconf 75' lang='grc' dir='ltr'>φύσεως</span> 
     </span>
    </p>
   </div>
   <div class='ocr_carea' id='block_1_47' title="bbox 180 2173 971 2208">
    <p class='ocr_par' dir='ltr' id='par_1_47' title="bbox 180 2173 971 2208">
     <span class='ocr_line' id='line_1_47' title="bbox 180 2173 971 2208; baseline -0.001 -8"><span class='ocrx_word' id='word_1_358' title='bbox 180 2175 228 2200; x_wconf 74' lang='grc' dir='ltr'>καὶ</span> <span class='ocrx_word' id='word_1_359' title='bbox 241 2174 390 2208; x_wconf 77' lang='grc' dir='ltr'>ἀγγελικῆς</span> <span class='ocrx_word' id='word_1_360' title='bbox 414 2175 602 2201; x_wconf 77' lang='grc' dir='ltr'>ἐπικοινωνεῖ·</span> <span class='ocrx_word' id='word_1_361' title='bbox 630 2174 678 2200; x_wconf 78' lang='grc' dir='ltr'>καὶ</span> <span class='ocrx_word' id='word_1_362' title='bbox 693 2174 744 2208; x_wconf 79' lang='grc' dir='ltr'>τῆς</span> <span class='ocrx_word' id='word_1_363' title='bbox 760 2174 810 2208; x_wconf 77' lang='grc' dir='ltr'>μὲν</span> <span class='ocrx_word' id='word_1_364' title='bbox 823 2173 971 2207; x_wconf 83' lang='grc' dir='ltr'>ἁγγελικῆς</span> 
     </span>
    </p>
   </div>
   <div class='ocr_carea' id='block_1_48' title="bbox 181 2218 970 2253">
    <p class='ocr_par' dir='ltr' id='par_1_48' title="bbox 181 2218 970 2253">
     <span class='ocr_line' id='line_1_48' title="bbox 181 2218 970 2253; baseline -0.001 -8"><span class='ocrx_word' id='word_1_365' title='bbox 181 2220 304 2246; x_wconf 77' lang='grc' dir='ltr'>κοινωνεῖ</span> <span class='ocrx_word' id='word_1_366' title='bbox 317 2219 386 2245; x_wconf 77' lang='grc' dir='ltr'>κατὰ</span> <span class='ocrx_word' id='word_1_367' title='bbox 406 2219 436 2245; x_wconf 78' lang='grc' dir='ltr'><strong>τὸ</strong></span> <span class='ocrx_word' id='word_1_368' title='bbox 450 2219 603 2253; x_wconf 78' lang='grc' dir='ltr'>λογιστικόν</span> <span class='ocrx_word' id='word_1_369' title='bbox 626 2228 656 2245; x_wconf 88' lang='grc' dir='ltr'><strong>τε</strong></span> <span class='ocrx_word' id='word_1_370' title='bbox 673 2219 720 2246; x_wconf 74' lang='grc' dir='ltr'>καὶ</span> <span class='ocrx_word' id='word_1_371' title='bbox 740 2219 770 2245; x_wconf 80' lang='grc' dir='ltr'>τὸ</span> <span class='ocrx_word' id='word_1_372' title='bbox 783 2218 950 2253; x_wconf 79' lang='grc' dir='ltr'>διακριτικόν</span> <span class='ocrx_word' id='word_1_373' title='bbox 963 2226 970 2234; x_wconf 88' lang='grc'><strong>·</strong></span> 
     </span>
    </p>
   </div>
   <div class='ocr_carea' id='block_1_49' title="bbox 1022 303 1812 338">
    <p class='ocr_par' dir='ltr' id='par_1_49' title="bbox 1022 303 1812 338">
     <span class='ocr_line' id='line_1_49' title="bbox 1022 303 1812 338; baseline -0.001 -7"><span class='ocrx_word' id='word_1_374' title='bbox 1022 305 1102 331; x_wconf 85' lang='lat' dir='ltr'><strong>matis</strong></span> <span class='ocrx_word' id='word_1_375' title='bbox 1126 305 1212 331; x_wconf 86' lang='lat' dir='ltr'><strong>instar</strong></span> <span class='ocrx_word' id='word_1_376' title='bbox 1236 304 1380 332; x_wconf 83' lang='lat' dir='ltr'><strong>sententia.</strong></span> <span class='ocrx_word' id='word_1_377' title='bbox 1397 303 1457 330; x_wconf 87' lang='lat' dir='ltr'><strong>Jam</strong></span> <span class='ocrx_word' id='word_1_378' title='bbox 1484 311 1548 330; x_wconf 85' lang='lat' dir='ltr'><strong>vero</strong></span> <span class='ocrx_word' id='word_1_379' title='bbox 1572 303 1713 330; x_wconf 76' lang='lat' dir='ltr'><strong>videamus</strong></span> <span class='ocrx_word' id='word_1_380' title='bbox 1739 304 1812 338; x_wconf 88' lang='lat' dir='ltr'><strong>quod</strong></span> 
     </span>
    </p>
   </div>
   <div class='ocr_carea' id='block_1_50' title="bbox 1022 349 1814 384">
    <p class='ocr_par' dir='ltr' id='par_1_50' title="bbox 1022 349 1814 384">
     <span class='ocr_line' id='line_1_50' title="bbox 1022 349 1814 384; baseline -0.001 -8"><span class='ocrx_word' id='word_1_381' title='bbox 1022 350 1100 377; x_wconf 90' lang='lat' dir='ltr'><strong>addis</strong></span> <span class='ocrx_word' id='word_1_382' title='bbox 1114 358 1120 377; x_wconf 80' lang='grc' dir='ltr'><strong>ι</strong></span> <span class='ocrx_word' id='word_1_383' title='bbox 1135 357 1252 384; x_wconf 80' lang='lat' dir='ltr'><strong>namque</strong></span> <span class='ocrx_word' id='word_1_384' title='bbox 1267 350 1303 376; x_wconf 86' lang='lat' dir='ltr'><strong>ita</strong></span> <span class='ocrx_word' id='word_1_385' title='bbox 1319 358 1347 377; x_wconf 86' lang='lat' dir='ltr'><strong>se</strong></span> <span class='ocrx_word' id='word_1_386' title='bbox 1363 350 1444 376; x_wconf 80' lang='lat' dir='ltr'><strong>habet</strong></span> <span class='ocrx_word' id='word_1_387' title='bbox 1460 358 1466 376; x_wconf 95' lang='lat'>:</span> <span class='ocrx_word' id='word_1_388' title='bbox 1486 359 1495 375; x_wconf 78' lang='grc' dir='ltr'><strong>ι</strong></span> <span class='ocrx_word' id='word_1_389' title='bbox 1514 349 1565 382; x_wconf 95' lang='lat' dir='ltr'><strong>Qui</strong></span> <span class='ocrx_word' id='word_1_390' title='bbox 1581 349 1644 376; x_wconf 84' lang='lat' dir='ltr'><strong>fecit</strong></span> <span class='ocrx_word' id='word_1_391' title='bbox 1663 349 1814 376; x_wconf 81' lang='lat' dir='ltr'><strong>Saraceno-</strong></span> 
     </span>
    </p>
   </div>
   <div class='ocr_carea' id='block_1_51' title="bbox 1023 395 1812 430">
    <p class='ocr_par' dir='ltr' id='par_1_51' title="bbox 1023 395 1812 430">
     <span class='ocr_line' id='line_1_51' title="bbox 1023 395 1812 430; baseline 0 -9"><span class='ocrx_word' id='word_1_392' title='bbox 1023 403 1082 422; x_wconf 91' lang='lat' dir='ltr'><strong>rum</strong></span> <span class='ocrx_word' id='word_1_393' title='bbox 1109 396 1187 422; x_wconf 66' lang='lat' dir='ltr'><strong>ﬁclem</strong></span> <span class='ocrx_word' id='word_1_394' title='bbox 1210 397 1280 422; x_wconf 85' lang='lat' dir='ltr'><strong>lucis</strong></span> <span class='ocrx_word' id='word_1_395' title='bbox 1300 397 1396 424; x_wconf 84' lang='lat' dir='ltr'><strong>instar.</strong></span> <span class='ocrx_word' id='word_1_396' title='bbox 1414 395 1509 430; x_wconf 82' lang='lat' dir='ltr'><strong>Neque</strong></span> <span class='ocrx_word' id='word_1_397' title='bbox 1528 396 1581 423; x_wconf 85' lang='lat' dir='ltr'><strong>alia</strong></span> <span class='ocrx_word' id='word_1_398' title='bbox 1601 396 1665 422; x_wconf 81' lang='lat' dir='ltr'><strong>ﬁdes</strong></span> <span class='ocrx_word' id='word_1_399' title='bbox 1689 400 1741 425; x_wconf 82' lang='lat' dir='ltr'><strong>est,</strong></span> <span class='ocrx_word' id='word_1_400' title='bbox 1758 403 1812 429; x_wconf 83' lang='lat' dir='ltr'><strong>qua</strong></span> 
     </span>
    </p>
   </div>
   <div class='ocr_carea' id='block_1_52' title="bbox 1023 440 1811 476">
    <p class='ocr_par' dir='ltr' id='par_1_52' title="bbox 1023 440 1811 476">
     <span class='ocr_line' id='line_1_52' title="bbox 1023 440 1811 476; baseline -0.001 -9"><span class='ocrx_word' id='word_1_401' title='bbox 1023 440 1079 467; x_wconf 87' lang='lat' dir='ltr'><strong>Deo</strong></span> <span class='ocrx_word' id='word_1_402' title='bbox 1103 442 1238 475; x_wconf 79' lang='lat' dir='ltr'><strong>quispiam</strong></span> <span class='ocrx_word' id='word_1_403' title='bbox 1266 442 1450 476; x_wconf 81' lang='lat' dir='ltr'><strong>propinquare</strong></span> <span class='ocrx_word' id='word_1_404' title='bbox 1481 442 1578 476; x_wconf 84' lang='lat' dir='ltr'><strong>possit.</strong></span> <span class='ocrx_word' id='word_1_405' title='bbox 1597 450 1606 466; x_wconf 70' lang='grc' dir='ltr'><strong>ι</strong></span> <span class='ocrx_word' id='word_1_406' title='bbox 1624 441 1656 468; x_wconf 87' lang='lat' dir='ltr'><strong>Et</strong></span> <span class='ocrx_word' id='word_1_407' title='bbox 1681 441 1811 476; x_wconf 86' lang='lat' dir='ltr'><strong>quidquid</strong></span> 
     </span>
    </p>
   </div>
   <div class='ocr_carea' id='block_1_53' title="bbox 1022 477 1813 515">
    <p class='ocr_par' dir='ltr' id='par_1_53' title="bbox 1022 477 1813 515">
     <span class='ocr_line' id='line_1_53' title="bbox 1022 477 1813 515; baseline -0.001 -4"><span class='ocrx_word' id='word_1_408' title='bbox 1022 485 1095 511; x_wconf 83' lang='lat' dir='ltr'><strong>aliud</strong></span> <span class='ocrx_word' id='word_1_409' title='bbox 1117 485 1227 515; x_wconf 80' lang='lat' dir='ltr'><strong>scribis,</strong></span> <span class='ocrx_word' id='word_1_410' title='bbox 1245 485 1322 511; x_wconf 85' lang='lat' dir='ltr'><strong>ﬁdem</strong></span> <span class='ocrx_word' id='word_1_411' title='bbox 1345 490 1419 511; x_wconf 91' lang='lat' dir='ltr'><strong>luam</strong></span> <span class='ocrx_word' id='word_1_412' title='bbox 1434 486 1570 512; x_wconf 77' lang='lat' dir='ltr'><strong>exultans.</strong></span> <span class='ocrx_word' id='word_1_413' title='bbox 1587 486 1621 511; x_wconf 83' lang='lat' dir='ltr'><strong>At</strong></span> <span class='ocrx_word' id='word_1_414' title='bbox 1636 477 1712 511; x_wconf 68' lang='lat' dir='ltr'><strong>enini</strong></span> <span class='ocrx_word' id='word_1_415' title='bbox 1734 483 1813 510; x_wconf 90' lang='lat' dir='ltr'><strong>nudis</strong></span> 
     </span>
    </p>
   </div>
   <div class='ocr_carea' id='block_1_54' title="bbox 1022 529 1812 564">
    <p class='ocr_par' dir='ltr' id='par_1_54' title="bbox 1022 529 1812 564">
     <span class='ocr_line' id='line_1_54' title="bbox 1022 529 1812 564; baseline -0.004 -6"><span class='ocrx_word' id='word_1_416' title='bbox 1022 531 1058 558; x_wconf 88' lang='lat' dir='ltr'><strong>ita</strong></span> <span class='ocrx_word' id='word_1_417' title='bbox 1076 531 1178 561; x_wconf 77' lang='lat' dir='ltr'><strong>verbis,</strong></span> <span class='ocrx_word' id='word_1_418' title='bbox 1195 531 1298 564; x_wconf 80' lang='lat' dir='ltr'><strong>absque</strong></span> <span class='ocrx_word' id='word_1_419' title='bbox 1315 531 1368 557; x_wconf 84' lang='lat' dir='ltr'><strong>ulla</strong></span> <span class='ocrx_word' id='word_1_420' title='bbox 1385 531 1626 561; x_wconf 85' lang='lat' dir='ltr'><strong>demonstratione,</strong></span> <span class='ocrx_word' id='word_1_421' title='bbox 1644 530 1738 556; x_wconf 65' lang='lat' dir='ltr'><strong>aliena:</strong></span> <span class='ocrx_word' id='word_1_422' title='bbox 1752 529 1812 555; x_wconf 71' lang='lat' dir='ltr'><strong>ﬁdei</strong></span> 
     </span>
    </p>
   </div>
   <div class='ocr_carea' id='block_1_55' title="bbox 1023 575 1814 610">
    <p class='ocr_par' dir='ltr' id='par_1_55' title="bbox 1023 575 1814 610">
     <span class='ocr_line' id='line_1_55' title="bbox 1023 575 1814 610; baseline -0.004 -7"><span class='ocrx_word' id='word_1_423' title='bbox 1023 576 1193 607; x_wconf 78' lang='lat' dir='ltr'><strong>maledicere,</strong></span> <span class='ocrx_word' id='word_1_424' title='bbox 1212 581 1238 602; x_wconf 89' lang='lat' dir='ltr'><strong>et</strong></span> <span class='ocrx_word' id='word_1_425' title='bbox 1264 577 1401 610; x_wconf 82' lang='lat' dir='ltr'><strong>propriam</strong></span> <span class='ocrx_word' id='word_1_426' title='bbox 1426 576 1610 610; x_wconf 79' lang='lat' dir='ltr'><strong>magniﬁcare,</strong></span> <span class='ocrx_word' id='word_1_427' title='bbox 1627 575 1706 602; x_wconf 78' lang='lat' dir='ltr'><strong>facile</strong></span> <span class='ocrx_word' id='word_1_428' title='bbox 1722 579 1763 601; x_wconf 85' lang='lat' dir='ltr'><strong>est</strong></span> <span class='ocrx_word' id='word_1_429' title='bbox 1787 579 1814 601; x_wconf 79' lang='lat' dir='ltr'><strong>rt</strong></span> 
     </span>
    </p>
   </div>
   <div class='ocr_carea' id='block_1_56' title="bbox 1022 621 1811 656">
    <p class='ocr_par' dir='ltr' id='par_1_56' title="bbox 1022 621 1811 656">
     <span class='ocr_line' id='line_1_56' title="bbox 1022 621 1811 656; baseline -0.003 -8"><span class='ocrx_word' id='word_1_430' title='bbox 1022 622 1176 656; x_wconf 79' lang='lat' dir='ltr'><strong>expeditum</strong></span> <span class='ocrx_word' id='word_1_431' title='bbox 1199 622 1298 648; x_wconf 83' lang='lat' dir='ltr'><strong>volenti</strong></span> <span class='ocrx_word' id='word_1_432' title='bbox 1324 624 1433 655; x_wconf 85' lang='lat' dir='ltr'><strong>cuique.</strong></span> <span class='ocrx_word' id='word_1_433' title='bbox 1454 621 1646 649; x_wconf 74' lang='lat' dir='ltr'><strong>Verumtamen</strong></span> <span class='ocrx_word' id='word_1_434' title='bbox 1671 621 1811 655; x_wconf 79' lang='lat' dir='ltr'><strong>propriam</strong></span> 
     </span>
    </p>
   </div>
   <div class='ocr_carea' id='block_1_57' title="bbox 1022 665 1811 701">
    <p class='ocr_par' dir='ltr' id='par_1_57' title="bbox 1022 665 1811 701">
     <span class='ocr_line' id='line_1_57' title="bbox 1022 665 1811 701; baseline -0.001 -9"><span class='ocrx_word' id='word_1_435' title='bbox 1022 666 1102 692; x_wconf 86' lang='lat' dir='ltr'><strong>ﬁdem</strong></span> <span class='ocrx_word' id='word_1_436' title='bbox 1123 666 1148 692; x_wconf 87' lang='lat' dir='ltr'><strong>vi</strong></span> <span class='ocrx_word' id='word_1_437' title='bbox 1168 671 1390 701; x_wconf 78' lang='lat' dir='ltr'><strong>argumentorum</strong></span> <span class='ocrx_word' id='word_1_438' title='bbox 1406 666 1505 693; x_wconf 84' lang='lat' dir='ltr'><strong>bonam</strong></span> <span class='ocrx_word' id='word_1_439' title='bbox 1526 665 1674 700; x_wconf 83' lang='lat' dir='ltr'><strong>utilemque</strong></span> <span class='ocrx_word' id='word_1_440' title='bbox 1700 670 1780 699; x_wconf 87' lang='lat' dir='ltr'><strong>atque</strong></span> <span class='ocrx_word' id='word_1_441' title='bbox 1796 673 1811 691; x_wconf 88' lang='lat' dir='ltr'><strong>a</strong></span> 
     </span>
    </p>
   </div>
   <div class='ocr_carea' id='block_1_58' title="bbox 1023 711 1813 745">
    <p class='ocr_par' dir='ltr' id='par_1_58' title="bbox 1023 711 1813 745">
     <span class='ocr_line' id='line_1_58' title="bbox 1023 711 1813 745; baseline -0.001 -7"><span class='ocrx_word' id='word_1_442' title='bbox 1023 711 1078 738; x_wconf 79' lang='lat' dir='ltr'><strong>Deo</strong></span> <span class='ocrx_word' id='word_1_443' title='bbox 1094 712 1183 738; x_wconf 84' lang='lat' dir='ltr'><strong>datam</strong></span> <span class='ocrx_word' id='word_1_444' title='bbox 1208 712 1361 743; x_wconf 88' lang='lat' dir='ltr'><strong>ostendere,</strong></span> <span class='ocrx_word' id='word_1_445' title='bbox 1380 712 1405 738; x_wconf 89' lang='lat' dir='ltr'><strong>id</strong></span> <span class='ocrx_word' id='word_1_446' title='bbox 1422 712 1528 738; x_wconf 86' lang='lat' dir='ltr'><strong>demum</strong></span> <span class='ocrx_word' id='word_1_447' title='bbox 1557 712 1606 737; x_wconf 88' lang='lat' dir='ltr'><strong>viri</strong></span> <span class='ocrx_word' id='word_1_448' title='bbox 1638 711 1758 745; x_wconf 69' lang='lat' dir='ltr'><strong>religiosi</strong></span> <span class='ocrx_word' id='word_1_449' title='bbox 1786 715 1813 737; x_wconf 85' lang='lat' dir='ltr'><strong>et</strong></span> 
     </span>
    </p>
   </div>
   <div class='ocr_carea' id='block_1_59' title="bbox 1022 756 1812 790">
    <p class='ocr_par' dir='ltr' id='par_1_59' title="bbox 1022 756 1812 790">
     <span class='ocr_line' id='line_1_59' title="bbox 1022 756 1812 790; baseline 0 -8"><span class='ocrx_word' id='word_1_450' title='bbox 1022 756 1127 782; x_wconf 80' lang='lat' dir='ltr'><strong>cordati</strong></span> <span class='ocrx_word' id='word_1_451' title='bbox 1142 757 1279 790; x_wconf 77' lang='lat' dir='ltr'><strong>negotium</strong></span> <span class='ocrx_word' id='word_1_452' title='bbox 1295 761 1347 783; x_wconf 86' lang='lat' dir='ltr'><strong>est.</strong></span> <span class='ocrx_word' id='word_1_453' title='bbox 1367 756 1458 790; x_wconf 85' lang='lat' dir='ltr'><strong>Itaque</strong></span> <span class='ocrx_word' id='word_1_454' title='bbox 1475 761 1503 783; x_wconf 89' lang='lat' dir='ltr'><strong>et</strong></span> <span class='ocrx_word' id='word_1_455' title='bbox 1520 763 1568 783; x_wconf 86' lang='lat' dir='ltr'><strong>vos</strong></span> <span class='ocrx_word' id='word_1_456' title='bbox 1583 757 1618 782; x_wconf 92' lang='lat' dir='ltr'><strong>ita</strong></span> <span class='ocrx_word' id='word_1_457' title='bbox 1635 763 1715 790; x_wconf 72' lang='lat' dir='ltr'><strong>agere</strong></span> <span class='ocrx_word' id='word_1_458' title='bbox 1729 763 1812 790; x_wconf 68' lang='lat' dir='ltr'><strong>op0r~</strong></span> 
     </span>
    </p>
   </div>
   <div class='ocr_carea' id='block_1_60' title="bbox 1024 801 1813 836">
    <p class='ocr_par' dir='ltr' id='par_1_60' title="bbox 1024 801 1813 836">
     <span class='ocr_line' id='line_1_60' title="bbox 1024 801 1813 836; baseline 0 -8"><span class='ocrx_word' id='word_1_459' title='bbox 1024 801 1114 832; x_wconf 82' lang='lat' dir='ltr'><strong>lebat;</strong></span> <span class='ocrx_word' id='word_1_460' title='bbox 1129 809 1216 835; x_wconf 78' lang='lat' dir='ltr'><strong>neque</strong></span> <span class='ocrx_word' id='word_1_461' title='bbox 1232 809 1305 828; x_wconf 90' lang='lat' dir='ltr'><strong>mera</strong></span> <span class='ocrx_word' id='word_1_462' title='bbox 1317 802 1448 836; x_wconf 84' lang='lat' dir='ltr'><strong>jactantia</strong></span> <span class='ocrx_word' id='word_1_463' title='bbox 1463 801 1541 828; x_wconf 87' lang='lat' dir='ltr'><strong>ﬁdem</strong></span> <span class='ocrx_word' id='word_1_464' title='bbox 1555 807 1670 829; x_wconf 75' lang='lat' dir='ltr'><strong>vestram</strong></span> <span class='ocrx_word' id='word_1_465' title='bbox 1688 802 1756 828; x_wconf 82' lang='lat' dir='ltr'><strong>lucis</strong></span> <span class='ocrx_word' id='word_1_466' title='bbox 1771 802 1813 828; x_wconf 84' lang='lat' dir='ltr'><strong>in-</strong></span> 
     </span>
    </p>
   </div>
   <div class='ocr_carea' id='block_1_61' title="bbox 1023 847 1811 882">
    <p class='ocr_par' dir='ltr' id='par_1_61' title="bbox 1023 847 1811 882">
     <span class='ocr_line' id='line_1_61' title="bbox 1023 847 1811 882; baseline 0.003 -10"><span class='ocrx_word' id='word_1_467' title='bbox 1023 851 1079 873; x_wconf 87' lang='lat' dir='ltr'><strong>star</strong></span> <span class='ocrx_word' id='word_1_468' title='bbox 1115 855 1129 873; x_wconf 88' lang='lat' dir='ltr'><strong>a</strong></span> <span class='ocrx_word' id='word_1_469' title='bbox 1161 848 1218 874; x_wconf 59' lang='lat' dir='ltr'><strong>Deo</strong></span> <span class='ocrx_word' id='word_1_470' title='bbox 1245 853 1428 875; x_wconf 82' lang='lat' dir='ltr'><strong>constructam</strong></span> <span class='ocrx_word' id='word_1_471' title='bbox 1456 848 1601 881; x_wconf 86' lang='lat' dir='ltr'><strong>datamque</strong></span> <span class='ocrx_word' id='word_1_472' title='bbox 1622 847 1811 882; x_wconf 87' lang='lat' dir='ltr'><strong>pronuntiare.</strong></span> 
     </span>
    </p>
   </div>
   <div class='ocr_carea' id='block_1_62' title="bbox 1023 892 1809 927">
    <p class='ocr_par' dir='ltr' id='par_1_62' title="bbox 1023 892 1809 927">
     <span class='ocr_line' id='line_1_62' title="bbox 1023 892 1809 927; baseline -0.001 -8"><span class='ocrx_word' id='word_1_473' title='bbox 1023 893 1140 919; x_wconf 86' lang='lat' dir='ltr'><strong>Proinde</strong></span> <span class='ocrx_word' id='word_1_474' title='bbox 1165 900 1214 920; x_wconf 87' lang='lat' dir='ltr'><strong>nos</strong></span> <span class='ocrx_word' id='word_1_475' title='bbox 1240 893 1332 927; x_wconf 85' lang='lat' dir='ltr'><strong>potius</strong></span> <span class='ocrx_word' id='word_1_476' title='bbox 1353 898 1449 920; x_wconf 69' lang='lat' dir='ltr'><strong>vestrae</strong></span> <span class='ocrx_word' id='word_1_477' title='bbox 1466 894 1526 920; x_wconf 89' lang='lat' dir='ltr'><strong>ﬁdei</strong></span> <span class='ocrx_word' id='word_1_478' title='bbox 1544 901 1663 920; x_wconf 84' lang='lat' dir='ltr'><strong>errorem</strong></span> <span class='ocrx_word' id='word_1_479' title='bbox 1680 900 1712 918; x_wconf 88' lang='lat' dir='ltr'><strong>ac</strong></span> <span class='ocrx_word' id='word_1_480' title='bbox 1733 892 1809 919; x_wconf 85' lang='lat' dir='ltr'><strong>falsi-</strong></span> 
     </span>
    </p>
   </div>
   <div class='ocr_carea' id='block_1_63' title="bbox 989 931 1811 971">
    <p class='ocr_par' dir='ltr' id='par_1_63' title="bbox 989 931 1811 971">
     <span class='ocr_line' id='line_1_63' title="bbox 989 931 1811 971; baseline 0 -9"><span class='ocrx_word' id='word_1_481' title='bbox 989 931 1117 967; x_wconf 62' lang='lat' dir='ltr'><strong>ntatcm,</strong></span> <span class='ocrx_word' id='word_1_482' title='bbox 1152 942 1305 971; x_wconf 72' lang='lat' dir='ltr'><strong>Itostrzeque</strong></span> <span class='ocrx_word' id='word_1_483' title='bbox 1336 938 1475 964; x_wconf 81' lang='lat' dir='ltr'><strong>veritatem</strong></span> <span class='ocrx_word' id='word_1_484' title='bbox 1508 942 1534 964; x_wconf 82' lang='lat' dir='ltr'><strong>et</strong></span> <span class='ocrx_word' id='word_1_485' title='bbox 1570 937 1811 971; x_wconf 86' lang='lat' dir='ltr'><strong>pulchritudinem,</strong></span> 
     </span>
    </p>
   </div>
   <div class='ocr_carea' id='block_1_64' title="bbox 1023 983 1633 1017">
    <p class='ocr_par' dir='ltr' id='par_1_64' title="bbox 1023 983 1633 1017">
     <span class='ocr_line' id='line_1_64' title="bbox 1023 983 1633 1017; baseline 0.002 -9"><span class='ocrx_word' id='word_1_486' title='bbox 1023 989 1085 1008; x_wconf 87' lang='lat' dir='ltr'><strong>cum</strong></span> <span class='ocrx_word' id='word_1_487' title='bbox 1111 983 1277 1016; x_wconf 81' lang='lat' dir='ltr'><strong>argumentis</strong></span> <span class='ocrx_word' id='word_1_488' title='bbox 1294 989 1439 1017; x_wconf 75' lang='lat' dir='ltr'><strong>exponere</strong></span> <span class='ocrx_word' id='word_1_489' title='bbox 1459 983 1633 1010; x_wconf 77' lang='lat' dir='ltr'><strong>conabimur.</strong></span> 
     </span>
    </p>
   </div>
   <div class='ocr_carea' id='block_1_65' title="bbox 1060 1079 1813 1113">
    <p class='ocr_par' dir='ltr' id='par_1_65' title="bbox 1060 1079 1813 1113">
     <span class='ocr_line' id='line_1_65' title="bbox 1060 1079 1813 1113; baseline 0.001 -6"><span class='ocrx_word' id='word_1_490' title='bbox 1060 1081 1085 1107; x_wconf 83' lang='lat'><strong>7.</strong></span> <span class='ocrx_word' id='word_1_491' title='bbox 1110 1079 1220 1108; x_wconf 86' lang='lat' dir='ltr'><strong>Cordati</strong></span> <span class='ocrx_word' id='word_1_492' title='bbox 1235 1088 1330 1108; x_wconf 88' lang='lat' dir='ltr'><strong>omnes</strong></span> <span class='ocrx_word' id='word_1_493' title='bbox 1349 1079 1477 1113; x_wconf 79' lang='lat' dir='ltr'><strong>fatentur,</strong></span> <span class='ocrx_word' id='word_1_494' title='bbox 1495 1081 1574 1108; x_wconf 88' lang='lat' dir='ltr'><strong>ﬂdem</strong></span> <span class='ocrx_word' id='word_1_495' title='bbox 1594 1081 1691 1108; x_wconf 88' lang='lat' dir='ltr'><strong>bonam</strong></span> <span class='ocrx_word' id='word_1_496' title='bbox 1711 1086 1738 1108; x_wconf 92' lang='lat' dir='ltr'><strong>et</strong></span> <span class='ocrx_word' id='word_1_497' title='bbox 1757 1081 1813 1108; x_wconf 87' lang='lat' dir='ltr'><strong>uti-</strong></span> 
     </span>
    </p>
   </div>
   <div class='ocr_carea' id='block_1_66' title="bbox 1022 1127 1812 1161">
    <p class='ocr_par' dir='ltr' id='par_1_66' title="bbox 1022 1127 1812 1161">
     <span class='ocr_line' id='line_1_66' title="bbox 1022 1127 1812 1161; baseline 0 -7"><span class='ocrx_word' id='word_1_498' title='bbox 1022 1128 1085 1160; x_wconf 82' lang='lat' dir='ltr'><strong>lem,</strong></span> <span class='ocrx_word' id='word_1_499' title='bbox 1103 1127 1171 1154; x_wconf 85' lang='lat' dir='ltr'><strong>lucis</strong></span> <span class='ocrx_word' id='word_1_500' title='bbox 1189 1128 1247 1153; x_wconf 83' lang='lat' dir='ltr'><strong>vice</strong></span> <span class='ocrx_word' id='word_1_501' title='bbox 1261 1127 1346 1161; x_wconf 75' lang='lat' dir='ltr'><strong>fungi,</strong></span> <span class='ocrx_word' id='word_1_502' title='bbox 1363 1132 1390 1153; x_wconf 81' lang='lat' dir='ltr'><strong>et</strong></span> <span class='ocrx_word' id='word_1_503' title='bbox 1403 1135 1449 1154; x_wconf 86' lang='lat' dir='ltr'><strong>eas</strong></span> <span class='ocrx_word' id='word_1_504' title='bbox 1466 1129 1511 1161; x_wconf 89' lang='lat' dir='ltr'><strong>qui</strong></span> <span class='ocrx_word' id='word_1_505' title='bbox 1534 1128 1603 1154; x_wconf 89' lang='lat' dir='ltr'><strong>banc</strong></span> <span class='ocrx_word' id='word_1_506' title='bbox 1622 1132 1719 1161; x_wconf 75' lang='lat' dir='ltr'><strong>gerunt</strong></span> <span class='ocrx_word' id='word_1_507' title='bbox 1735 1131 1763 1154; x_wconf 89' lang='lat' dir='ltr'><strong>ut</strong></span> <span class='ocrx_word' id='word_1_508' title='bbox 1779 1128 1812 1154; x_wconf 79' lang='lat' dir='ltr'><strong>ad</strong></span> 
     </span>
    </p>
   </div>
   <div class='ocr_carea' id='block_1_67' title="bbox 1023 1172 1813 1207">
    <p class='ocr_par' dir='ltr' id='par_1_67' title="bbox 1023 1172 1813 1207">
     <span class='ocr_line' id='line_1_67' title="bbox 1023 1172 1813 1207; baseline 0.003 -9"><span class='ocrx_word' id='word_1_509' title='bbox 1023 1172 1107 1200; x_wconf 86' lang='lat' dir='ltr'><strong>Deum</strong></span> <span class='ocrx_word' id='word_1_510' title='bbox 1124 1172 1254 1199; x_wconf 85' lang='lat' dir='ltr'><strong>accedant</strong></span> <span class='ocrx_word' id='word_1_511' title='bbox 1274 1172 1396 1199; x_wconf 83' lang='lat' dir='ltr'><strong>hortari:</strong></span> <span class='ocrx_word' id='word_1_512' title='bbox 1414 1172 1493 1206; x_wconf 84' lang='lat' dir='ltr'><strong>cujus</strong></span> <span class='ocrx_word' id='word_1_513' title='bbox 1507 1172 1578 1206; x_wconf 63' lang='lat' dir='ltr'><strong>ﬁdei,</strong></span> <span class='ocrx_word' id='word_1_514' title='bbox 1589 1178 1721 1207; x_wconf 62' lang='lat' dir='ltr'><strong>praecepta</strong></span> <span class='ocrx_word' id='word_1_515' title='bbox 1738 1181 1753 1200; x_wconf 86' lang='lat' dir='ltr'><strong>a</strong></span> <span class='ocrx_word' id='word_1_516' title='bbox 1769 1173 1813 1200; x_wconf 79' lang='lat' dir='ltr'><strong>de.-</strong></span> 
     </span>
    </p>
   </div>
   <div class='ocr_carea' id='block_1_68' title="bbox 1022 1217 1814 1252">
    <p class='ocr_par' dir='ltr' id='par_1_68' title="bbox 1022 1217 1814 1252">
     <span class='ocr_line' id='line_1_68' title="bbox 1022 1217 1814 1252; baseline 0.001 -8"><span class='ocrx_word' id='word_1_517' title='bbox 1022 1218 1169 1244; x_wconf 88' lang='lat' dir='ltr'><strong>terioribus</strong></span> <span class='ocrx_word' id='word_1_518' title='bbox 1185 1217 1326 1252; x_wconf 79' lang='lat' dir='ltr'><strong>noxiisque</strong></span> <span class='ocrx_word' id='word_1_519' title='bbox 1342 1217 1495 1250; x_wconf 77' lang='lat' dir='ltr'><strong>retrahunt,</strong></span> <span class='ocrx_word' id='word_1_520' title='bbox 1516 1218 1695 1252; x_wconf 85' lang='lat' dir='ltr'><strong>hominesque</strong></span> <span class='ocrx_word' id='word_1_521' title='bbox 1717 1219 1750 1245; x_wconf 93' lang='lat' dir='ltr'><strong>ab</strong></span> <span class='ocrx_word' id='word_1_522' title='bbox 1779 1219 1814 1246; x_wconf 88' lang='lat' dir='ltr'><strong>iis</strong></span> 
     </span>
    </p>
   </div>
   <div class='ocr_carea' id='block_1_69' title="bbox 1021 1263 1812 1298">
    <p class='ocr_par' dir='ltr' id='par_1_69' title="bbox 1021 1263 1812 1298">
     <span class='ocr_line' id='line_1_69' title="bbox 1021 1263 1812 1298; baseline 0 -8"><span class='ocrx_word' id='word_1_523' title='bbox 1021 1271 1082 1298; x_wconf 73' lang='lat' dir='ltr'><strong>qua:</strong></span> <span class='ocrx_word' id='word_1_524' title='bbox 1099 1268 1193 1291; x_wconf 83' lang='lat' dir='ltr'><strong>contra</strong></span> <span class='ocrx_word' id='word_1_525' title='bbox 1210 1267 1333 1290; x_wconf 80' lang='lat' dir='ltr'><strong>naturam</strong></span> <span class='ocrx_word' id='word_1_526' title='bbox 1348 1269 1423 1294; x_wconf 86' lang='lat' dir='ltr'><strong>sunt,</strong></span> <span class='ocrx_word' id='word_1_527' title='bbox 1439 1263 1471 1290; x_wconf 92' lang='lat' dir='ltr'><strong>ad</strong></span> <span class='ocrx_word' id='word_1_528' title='bbox 1489 1263 1621 1290; x_wconf 81' lang='lat' dir='ltr'><strong>naturalia</strong></span> <span class='ocrx_word' id='word_1_529' title='bbox 1638 1269 1664 1290; x_wconf 82' lang='lat' dir='ltr'><strong>ct</strong></span> <span class='ocrx_word' id='word_1_530' title='bbox 1678 1272 1812 1298; x_wconf 85' lang='lat' dir='ltr'><strong>superna-</strong></span> 
     </span>
    </p>
   </div>
   <div class='ocr_carea' id='block_1_70' title="bbox 1023 1308 1813 1343">
    <p class='ocr_par' dir='ltr' id='par_1_70' title="bbox 1023 1308 1813 1343">
     <span class='ocr_line' id='line_1_70' title="bbox 1023 1308 1813 1343; baseline 0 -8"><span class='ocrx_word' id='word_1_531' title='bbox 1023 1309 1120 1336; x_wconf 87' lang='lat' dir='ltr'><strong>turalia</strong></span> <span class='ocrx_word' id='word_1_532' title='bbox 1135 1312 1306 1335; x_wconf 86' lang='lat' dir='ltr'><strong>convertunt.</strong></span> <span class='ocrx_word' id='word_1_533' title='bbox 1323 1308 1409 1342; x_wconf 78' lang='lat' dir='ltr'><strong>Cujus</strong></span> <span class='ocrx_word' id='word_1_534' title='bbox 1422 1313 1512 1335; x_wconf 83' lang='lat' dir='ltr'><strong>autem</strong></span> <span class='ocrx_word' id='word_1_535' title='bbox 1529 1308 1587 1335; x_wconf 89' lang='lat' dir='ltr'><strong>ﬁdei</strong></span> <span class='ocrx_word' id='word_1_536' title='bbox 1607 1314 1739 1343; x_wconf 67' lang='lat' dir='ltr'><strong>princepta</strong></span> <span class='ocrx_word' id='word_1_537' title='bbox 1759 1309 1813 1335; x_wconf 83' lang='lat' dir='ltr'><strong>vir-</strong></span> 
     </span>
    </p>
   </div>
   <div class='ocr_carea' id='block_1_71' title="bbox 1023 1353 1813 1388">
    <p class='ocr_par' dir='ltr' id='par_1_71' title="bbox 1023 1353 1813 1388">
     <span class='ocr_line' id='line_1_71' title="bbox 1023 1353 1813 1388; baseline 0.001 -8"><span class='ocrx_word' id='word_1_538' title='bbox 1023 1354 1087 1380; x_wconf 88' lang='lat' dir='ltr'><strong>tutis</strong></span> <span class='ocrx_word' id='word_1_539' title='bbox 1108 1353 1209 1388; x_wconf 75' lang='lat' dir='ltr'><strong>fugam,</strong></span> <span class='ocrx_word' id='word_1_540' title='bbox 1228 1354 1322 1381; x_wconf 85' lang='lat' dir='ltr'><strong>etvitii</strong></span> <span class='ocrx_word' id='word_1_541' title='bbox 1347 1354 1558 1381; x_wconf 79' lang='lat' dir='ltr'><strong>familiaritatem</strong></span> <span class='ocrx_word' id='word_1_542' title='bbox 1579 1355 1704 1387; x_wconf 77' lang='lat' dir='ltr'><strong>suadent,</strong></span> <span class='ocrx_word' id='word_1_543' title='bbox 1723 1355 1813 1381; x_wconf 87' lang='lat' dir='ltr'><strong>homi-</strong></span> 
     </span>
    </p>
   </div>
   <div class='ocr_carea' id='block_1_72' title="bbox 1022 1399 1814 1435">
    <p class='ocr_par' dir='ltr' id='par_1_72' title="bbox 1022 1399 1814 1435">
     <span class='ocr_line' id='line_1_72' title="bbox 1022 1399 1814 1435; baseline 0.003 -10"><span class='ocrx_word' id='word_1_544' title='bbox 1022 1406 1128 1433; x_wconf 82' lang='lat' dir='ltr'><strong>nesque</strong></span> <span class='ocrx_word' id='word_1_545' title='bbox 1157 1407 1171 1425; x_wconf 90' lang='lat' dir='ltr'><strong>a</strong></span> <span class='ocrx_word' id='word_1_546' title='bbox 1199 1399 1370 1426; x_wconf 86' lang='lat' dir='ltr'><strong>naturalibus</strong></span> <span class='ocrx_word' id='word_1_547' title='bbox 1388 1400 1428 1426; x_wconf 86' lang='lat' dir='ltr'><strong>vel</strong></span> <span class='ocrx_word' id='word_1_548' title='bbox 1448 1400 1530 1426; x_wconf 89' lang='lat' dir='ltr'><strong>etiam</strong></span> <span class='ocrx_word' id='word_1_549' title='bbox 1561 1401 1814 1435; x_wconf 83' lang='lat' dir='ltr'><strong>supernaturalibus</strong></span> 
     </span>
    </p>
   </div>
   <div class='ocr_carea' id='block_1_73' title="bbox 1021 1445 1812 1478">
    <p class='ocr_par' dir='ltr' id='par_1_73' title="bbox 1021 1445 1812 1478">
     <span class='ocr_line' id='line_1_73' title="bbox 1021 1445 1812 1478; baseline 0.003 -8"><span class='ocrx_word' id='word_1_550' title='bbox 1021 1445 1055 1471; x_wconf 81' lang='lat' dir='ltr'><strong>ad</strong></span> <span class='ocrx_word' id='word_1_551' title='bbox 1073 1452 1105 1471; x_wconf 87' lang='lat' dir='ltr'><strong>ea</strong></span> <span class='ocrx_word' id='word_1_552' title='bbox 1122 1452 1182 1478; x_wconf 65' lang='lat' dir='ltr'><strong>quae</strong></span> <span class='ocrx_word' id='word_1_553' title='bbox 1194 1451 1289 1471; x_wconf 87' lang='lat' dir='ltr'><strong>contra</strong></span> <span class='ocrx_word' id='word_1_554' title='bbox 1305 1449 1429 1472; x_wconf 85' lang='lat' dir='ltr'><strong>naturam</strong></span> <span class='ocrx_word' id='word_1_555' title='bbox 1447 1451 1511 1472; x_wconf 89' lang='lat' dir='ltr'><strong>sunt</strong></span> <span class='ocrx_word' id='word_1_556' title='bbox 1526 1446 1658 1478; x_wconf 87' lang='lat' dir='ltr'><strong>trahunt;</strong></span> <span class='ocrx_word' id='word_1_557' title='bbox 1675 1445 1732 1473; x_wconf 70' lang='lat' dir='ltr'><strong>haec</strong></span> <span class='ocrx_word' id='word_1_558' title='bbox 1752 1453 1812 1472; x_wconf 91' lang='lat' dir='ltr'><strong>om-</strong></span> 
     </span>
    </p>
   </div>
   <div class='ocr_carea' id='block_1_74' title="bbox 1022 1490 1811 1526">
    <p class='ocr_par' dir='ltr' id='par_1_74' title="bbox 1022 1490 1811 1526">
     <span class='ocr_line' id='line_1_74' title="bbox 1022 1490 1811 1526; baseline 0.003 -10"><span class='ocrx_word' id='word_1_559' title='bbox 1022 1490 1085 1516; x_wconf 88' lang='lat' dir='ltr'><strong>nino</strong></span> <span class='ocrx_word' id='word_1_560' title='bbox 1111 1497 1193 1524; x_wconf 84' lang='lat' dir='ltr'><strong>prava</strong></span> <span class='ocrx_word' id='word_1_561' title='bbox 1221 1495 1247 1517; x_wconf 89' lang='lat' dir='ltr'><strong>et</strong></span> <span class='ocrx_word' id='word_1_562' title='bbox 1270 1491 1350 1517; x_wconf 80' lang='lat' dir='ltr'><strong>noxia</strong></span> <span class='ocrx_word' id='word_1_563' title='bbox 1374 1496 1425 1522; x_wconf 88' lang='lat' dir='ltr'><strong>est,</strong></span> <span class='ocrx_word' id='word_1_564' title='bbox 1453 1491 1619 1526; x_wconf 85' lang='lat' dir='ltr'><strong>minimeque</strong></span> <span class='ocrx_word' id='word_1_565' title='bbox 1644 1499 1693 1526; x_wconf 74' lang='lat' dir='ltr'><strong>per</strong></span> <span class='ocrx_word' id='word_1_566' title='bbox 1723 1492 1811 1526; x_wconf 85' lang='lat' dir='ltr'><strong>ipsam</strong></span> 
     </span>
    </p>
   </div>
   <div class='ocr_carea' id='block_1_75' title="bbox 1020 1535 1813 1571">
    <p class='ocr_par' dir='ltr' id='par_1_75' title="bbox 1020 1535 1813 1571">
     <span class='ocr_line' id='line_1_75' title="bbox 1020 1535 1813 1571; baseline 0.003 -10"><span class='ocrx_word' id='word_1_567' title='bbox 1020 1535 1205 1570; x_wconf 84' lang='lat' dir='ltr'><strong>propinquare</strong></span> <span class='ocrx_word' id='word_1_568' title='bbox 1219 1535 1274 1562; x_wconf 87' lang='lat' dir='ltr'><strong>Deo</strong></span> <span class='ocrx_word' id='word_1_569' title='bbox 1298 1536 1433 1570; x_wconf 80' lang='lat' dir='ltr'><strong>quispiam</strong></span> <span class='ocrx_word' id='word_1_570' title='bbox 1450 1541 1548 1571; x_wconf 84' lang='lat' dir='ltr'><strong>potest.</strong></span> <span class='ocrx_word' id='word_1_571' title='bbox 1564 1536 1631 1569; x_wconf 87' lang='lat' dir='ltr'><strong>Quia</strong></span> <span class='ocrx_word' id='word_1_572' title='bbox 1647 1537 1730 1571; x_wconf 74' lang='lat' dir='ltr'><strong>igitur</strong></span> <span class='ocrx_word' id='word_1_573' title='bbox 1745 1536 1813 1563; x_wconf 71' lang='lat' dir='ltr'><strong>ﬁdes</strong></span> 
     </span>
    </p>
   </div>
   <div class='ocr_carea' id='block_1_76' title="bbox 1022 1580 1811 1612">
    <p class='ocr_par' dir='ltr' id='par_1_76' title="bbox 1022 1580 1811 1612">
     <span class='ocr_line' id='line_1_76' title="bbox 1022 1580 1811 1612; baseline 0.003 -6"><span class='ocrx_word' id='word_1_574' title='bbox 1022 1586 1109 1606; x_wconf 79' lang='lat' dir='ltr'><strong>vestra</strong></span> <span class='ocrx_word' id='word_1_575' title='bbox 1126 1581 1253 1607; x_wconf 73' lang='lat' dir='ltr'><strong>\‘itiorntn</strong></span> <span class='ocrx_word' id='word_1_576' title='bbox 1269 1580 1492 1612; x_wconf 86' lang='lat' dir='ltr'><strong>familiaritatem.</strong></span> <span class='ocrx_word' id='word_1_577' title='bbox 1504 1586 1530 1608; x_wconf 87' lang='lat' dir='ltr'><strong>et</strong></span> <span class='ocrx_word' id='word_1_578' title='bbox 1544 1591 1558 1609; x_wconf 81' lang='lat' dir='ltr'><strong>a</strong></span> <span class='ocrx_word' id='word_1_579' title='bbox 1575 1582 1718 1609; x_wconf 88' lang='lat' dir='ltr'><strong>virtutibus</strong></span> <span class='ocrx_word' id='word_1_580' title='bbox 1731 1589 1811 1609; x_wconf 83' lang='lat' dir='ltr'><strong>aver-</strong></span> 
     </span>
    </p>
   </div>
   <div class='ocr_carea' id='block_1_77' title="bbox 1018 1625 1811 1661">
    <p class='ocr_par' dir='ltr' id='par_1_77' title="bbox 1018 1625 1811 1661">
     <span class='ocr_line' id='line_1_77' title="bbox 1018 1625 1811 1661; baseline 0.004 -10"><span class='ocrx_word' id='word_1_581' title='bbox 1018 1625 1122 1652; x_wconf 87' lang='lat' dir='ltr'><strong>siouem</strong></span> <span class='ocrx_word' id='word_1_582' title='bbox 1138 1626 1275 1658; x_wconf 84' lang='lat' dir='ltr'><strong>decernit;</strong></span> <span class='ocrx_word' id='word_1_583' title='bbox 1292 1631 1374 1661; x_wconf 82' lang='lat' dir='ltr'><strong>atque</strong></span> <span class='ocrx_word' id='word_1_584' title='bbox 1393 1635 1407 1653; x_wconf 90' lang='lat' dir='ltr'><strong>a</strong></span> <span class='ocrx_word' id='word_1_585' title='bbox 1425 1627 1678 1661; x_wconf 84' lang='lat' dir='ltr'><strong>supernaturalibns</strong></span> <span class='ocrx_word' id='word_1_586' title='bbox 1693 1632 1740 1654; x_wconf 86' lang='lat' dir='ltr'><strong>aut</strong></span> <span class='ocrx_word' id='word_1_587' title='bbox 1756 1627 1811 1654; x_wconf 84' lang='lat' dir='ltr'><strong>sal-</strong></span> 
     </span>
    </p>
   </div>
   <div class='ocr_carea' id='block_1_78' title="bbox 1019 1674 1810 1709">
    <p class='ocr_par' dir='ltr' id='par_1_78' title="bbox 1019 1674 1810 1709">
     <span class='ocr_line' id='line_1_78' title="bbox 1019 1674 1810 1709; baseline 0 -9"><span class='ocrx_word' id='word_1_588' title='bbox 1019 1678 1072 1700; x_wconf 87' lang='lat' dir='ltr'><strong>tem</strong></span> <span class='ocrx_word' id='word_1_589' title='bbox 1097 1674 1278 1706; x_wconf 81' lang='lat' dir='ltr'><strong>naturalibus,</strong></span> <span class='ocrx_word' id='word_1_590' title='bbox 1299 1674 1332 1701; x_wconf 83' lang='lat' dir='ltr'><strong>ad</strong></span> <span class='ocrx_word' id='word_1_591' title='bbox 1348 1681 1379 1701; x_wconf 86' lang='lat' dir='ltr'><strong>ea</strong></span> <span class='ocrx_word' id='word_1_592' title='bbox 1398 1682 1458 1709; x_wconf 73' lang='lat' dir='ltr'><strong>qua:</strong></span> <span class='ocrx_word' id='word_1_593' title='bbox 1472 1679 1567 1701; x_wconf 85' lang='lat' dir='ltr'><strong>contra</strong></span> <span class='ocrx_word' id='word_1_594' title='bbox 1586 1678 1712 1701; x_wconf 87' lang='lat' dir='ltr'><strong>naturam</strong></span> <span class='ocrx_word' id='word_1_595' title='bbox 1735 1678 1810 1703; x_wconf 79' lang='lat' dir='ltr'><strong>sunt.</strong></span> 
     </span>
    </p>
   </div>
   <div class='ocr_carea' id='block_1_79' title="bbox 1018 1720 1813 1755">
    <p class='ocr_par' dir='ltr' id='par_1_79' title="bbox 1018 1720 1813 1755">
     <span class='ocr_line' id='line_1_79' title="bbox 1018 1720 1813 1755; baseline 0 -8"><span class='ocrx_word' id='word_1_596' title='bbox 1018 1721 1137 1748; x_wconf 85' lang='lat' dir='ltr'><strong>asseclas</strong></span> <span class='ocrx_word' id='word_1_597' title='bbox 1169 1728 1233 1748; x_wconf 83' lang='lat' dir='ltr'><strong>suos</strong></span> <span class='ocrx_word' id='word_1_598' title='bbox 1247 1720 1339 1751; x_wconf 82' lang='lat' dir='ltr'><strong>trahit.</strong></span> <span class='ocrx_word' id='word_1_599' title='bbox 1355 1725 1428 1755; x_wconf 82' lang='lat' dir='ltr'><strong>patet</strong></span> <span class='ocrx_word' id='word_1_600' title='bbox 1442 1728 1501 1747; x_wconf 83' lang='lat' dir='ltr'><strong>eam</strong></span> <span class='ocrx_word' id='word_1_601' title='bbox 1517 1727 1579 1748; x_wconf 84' lang='lat' dir='ltr'><strong>esse</strong></span> <span class='ocrx_word' id='word_1_602' title='bbox 1592 1728 1701 1755; x_wconf 87' lang='lat' dir='ltr'><strong>pravam</strong></span> <span class='ocrx_word' id='word_1_603' title='bbox 1716 1725 1743 1747; x_wconf 92' lang='lat' dir='ltr'><strong>et</strong></span> <span class='ocrx_word' id='word_1_604' title='bbox 1764 1727 1813 1747; x_wconf 87' lang='lat' dir='ltr'><strong>no-</strong></span> 
     </span>
    </p>
   </div>
   <div class='ocr_carea' id='block_1_80' title="bbox 1019 1766 1807 1800">
    <p class='ocr_par' dir='ltr' id='par_1_80' title="bbox 1019 1766 1807 1800">
     <span class='ocr_line' id='line_1_80' title="bbox 1019 1766 1807 1800; baseline 0.003 -8"><span class='ocrx_word' id='word_1_605' title='bbox 1019 1766 1110 1797; x_wconf 77' lang='lat' dir='ltr'><strong>xiam,</strong></span> <span class='ocrx_word' id='word_1_606' title='bbox 1129 1767 1319 1800; x_wconf 84' lang='lat' dir='ltr'><strong>neminemque</strong></span> <span class='ocrx_word' id='word_1_607' title='bbox 1343 1774 1389 1800; x_wconf 81' lang='lat' dir='ltr'><strong>per</strong></span> <span class='ocrx_word' id='word_1_608' title='bbox 1416 1774 1474 1793; x_wconf 79' lang='lat' dir='ltr'><strong>eam</strong></span> <span class='ocrx_word' id='word_1_609' title='bbox 1500 1767 1532 1793; x_wconf 84' lang='lat' dir='ltr'><strong>ad</strong></span> <span class='ocrx_word' id='word_1_610' title='bbox 1555 1766 1640 1794; x_wconf 85' lang='lat' dir='ltr'><strong>Deum</strong></span> <span class='ocrx_word' id='word_1_611' title='bbox 1667 1767 1807 1794; x_wconf 84' lang='lat' dir='ltr'><strong>accedere.</strong></span> 
     </span>
    </p>
   </div>
   <div class='ocr_carea' id='block_1_81' title="bbox 1019 1811 1813 1846">
    <p class='ocr_par' dir='ltr' id='par_1_81' title="bbox 1019 1811 1813 1846">
     <span class='ocr_line' id='line_1_81' title="bbox 1019 1811 1813 1846; baseline 0.003 -10"><span class='ocrx_word' id='word_1_612' title='bbox 1019 1811 1152 1844; x_wconf 82' lang='lat' dir='ltr'><strong>Quodque</strong></span> <span class='ocrx_word' id='word_1_613' title='bbox 1167 1811 1192 1838; x_wconf 90' lang='lat' dir='ltr'><strong>id</strong></span> <span class='ocrx_word' id='word_1_614' title='bbox 1215 1819 1307 1838; x_wconf 87' lang='lat' dir='ltr'><strong>verum</strong></span> <span class='ocrx_word' id='word_1_615' title='bbox 1329 1811 1374 1843; x_wconf 87' lang='lat' dir='ltr'><strong>sit,</strong></span> <span class='ocrx_word' id='word_1_616' title='bbox 1394 1812 1458 1838; x_wconf 88' lang='lat' dir='ltr'><strong>hinc</strong></span> <span class='ocrx_word' id='word_1_617' title='bbox 1474 1812 1582 1846; x_wconf 84' lang='lat' dir='ltr'><strong>pervide</strong></span> <span class='ocrx_word' id='word_1_618' title='bbox 1598 1823 1603 1839; x_wconf 92' lang='lat'>:</span> <span class='ocrx_word' id='word_1_619' title='bbox 1622 1812 1698 1844; x_wconf 84' lang='lat' dir='ltr'><strong>Quod</strong></span> <span class='ocrx_word' id='word_1_620' title='bbox 1718 1817 1813 1839; x_wconf 85' lang='lat' dir='ltr'><strong>contra</strong></span> 
     </span>
    </p>
   </div>
   <div class='ocr_carea' id='block_1_82' title="bbox 1020 1857 1810 1890">
    <p class='ocr_par' dir='ltr' id='par_1_82' title="bbox 1020 1857 1810 1890">
     <span class='ocr_line' id='line_1_82' title="bbox 1020 1857 1810 1890; baseline 0.003 -8"><span class='ocrx_word' id='word_1_621' title='bbox 1020 1860 1147 1882; x_wconf 86' lang='lat' dir='ltr'><strong>naturam</strong></span> <span class='ocrx_word' id='word_1_622' title='bbox 1169 1862 1221 1889; x_wconf 82' lang='lat' dir='ltr'><strong>est,</strong></span> <span class='ocrx_word' id='word_1_623' title='bbox 1238 1857 1383 1890; x_wconf 80' lang='lat' dir='ltr'><strong>prudentes</strong></span> <span class='ocrx_word' id='word_1_624' title='bbox 1400 1865 1497 1884; x_wconf 84' lang='lat' dir='ltr'><strong>omnes</strong></span> <span class='ocrx_word' id='word_1_625' title='bbox 1513 1858 1603 1884; x_wconf 86' lang='lat' dir='ltr'><strong>sciunt</strong></span> <span class='ocrx_word' id='word_1_626' title='bbox 1621 1857 1810 1885; x_wconf 85' lang='lat' dir='ltr'><strong>transitionem</strong></span> 
     </span>
    </p>
   </div>
   <div class='ocr_carea' id='block_1_83' title="bbox 1019 1901 1810 1935">
    <p class='ocr_par' dir='ltr' id='par_1_83' title="bbox 1019 1901 1810 1935">
     <span class='ocr_line' id='line_1_83' title="bbox 1019 1901 1810 1935; baseline 0.001 -8"><span class='ocrx_word' id='word_1_627' title='bbox 1019 1908 1080 1927; x_wconf 84' lang='lat' dir='ltr'><strong>esse</strong></span> <span class='ocrx_word' id='word_1_628' title='bbox 1099 1907 1114 1927; x_wconf 94' lang='lat' dir='ltr'><strong>a</strong></span> <span class='ocrx_word' id='word_1_629' title='bbox 1130 1901 1246 1927; x_wconf 84' lang='lat' dir='ltr'><strong>naturali</strong></span> <span class='ocrx_word' id='word_1_630' title='bbox 1269 1901 1302 1927; x_wconf 87' lang='lat' dir='ltr'><strong>ad</strong></span> <span class='ocrx_word' id='word_1_631' title='bbox 1322 1901 1460 1928; x_wconf 84' lang='lat' dir='ltr'><strong>deterius:</strong></span> <span class='ocrx_word' id='word_1_632' title='bbox 1479 1902 1685 1935; x_wconf 78' lang='lat' dir='ltr'><strong>Supernaturale</strong></span> <span class='ocrx_word' id='word_1_633' title='bbox 1707 1906 1810 1934; x_wconf 87' lang='lat' dir='ltr'><strong>autent,</strong></span> 
     </span>
    </p>
   </div>
   <div class='ocr_carea' id='block_1_84' title="bbox 1021 1946 1812 1982">
    <p class='ocr_par' dir='ltr' id='par_1_84' title="bbox 1021 1946 1812 1982">
     <span class='ocr_line' id='line_1_84' title="bbox 1021 1946 1812 1982; baseline 0.001 -10"><span class='ocrx_word' id='word_1_634' title='bbox 1021 1946 1212 1973; x_wconf 84' lang='lat' dir='ltr'><strong>transitionem</strong></span> <span class='ocrx_word' id='word_1_635' title='bbox 1237 1954 1298 1973; x_wconf 87' lang='lat' dir='ltr'><strong>esse</strong></span> <span class='ocrx_word' id='word_1_636' title='bbox 1313 1953 1327 1972; x_wconf 92' lang='lat' dir='ltr'><strong>a</strong></span> <span class='ocrx_word' id='word_1_637' title='bbox 1343 1947 1460 1973; x_wconf 86' lang='lat' dir='ltr'><strong>naturali</strong></span> <span class='ocrx_word' id='word_1_638' title='bbox 1482 1948 1514 1974; x_wconf 87' lang='lat' dir='ltr'><strong>ad</strong></span> <span class='ocrx_word' id='word_1_639' title='bbox 1531 1947 1636 1974; x_wconf 87' lang='lat' dir='ltr'><strong>melius.</strong></span> <span class='ocrx_word' id='word_1_640' title='bbox 1655 1947 1724 1979; x_wconf 88' lang='lat' dir='ltr'><strong>Quia</strong></span> <span class='ocrx_word' id='word_1_641' title='bbox 1747 1955 1812 1982; x_wconf 78' lang='lat' dir='ltr'><strong>ergo</strong></span> 
     </span>
    </p>
   </div>
   <div class='ocr_carea' id='block_1_85' title="bbox 1022 1992 1812 2026">
    <p class='ocr_par' dir='ltr' id='par_1_85' title="bbox 1022 1992 1812 2026">
     <span class='ocr_line' id='line_1_85' title="bbox 1022 1992 1812 2026; baseline 0.003 -9"><span class='ocrx_word' id='word_1_642' title='bbox 1022 1992 1105 2018; x_wconf 87' lang='lat' dir='ltr'><strong>homo</strong></span> <span class='ocrx_word' id='word_1_643' title='bbox 1126 1992 1231 2018; x_wconf 82' lang='lat' dir='ltr'><strong>medius</strong></span> <span class='ocrx_word' id='word_1_644' title='bbox 1242 1993 1446 2026; x_wconf 87' lang='lat' dir='ltr'><strong>quodammodo</strong></span> <span class='ocrx_word' id='word_1_645' title='bbox 1463 1993 1587 2020; x_wconf 88' lang='lat' dir='ltr'><strong>comlitus</strong></span> <span class='ocrx_word' id='word_1_646' title='bbox 1603 1992 1654 2019; x_wconf 88' lang='lat' dir='ltr'><strong>fuit</strong></span> <span class='ocrx_word' id='word_1_647' title='bbox 1666 1993 1737 2019; x_wconf 89' lang='lat' dir='ltr'><strong>inter</strong></span> <span class='ocrx_word' id='word_1_648' title='bbox 1749 2000 1812 2020; x_wconf 85' lang='lat' dir='ltr'><strong>sen-</strong></span> 
     </span>
    </p>
   </div>
   <div class='ocr_carea' id='block_1_86' title="bbox 1021 2026 1810 2071">
    <p class='ocr_par' dir='ltr' id='par_1_86' title="bbox 1021 2026 1810 2071">
     <span class='ocr_line' id='line_1_86' title="bbox 1021 2026 1810 2071; baseline 0.001 -8"><span class='ocrx_word' id='word_1_649' title='bbox 1021 2037 1128 2063; x_wconf 88' lang='lat' dir='ltr'><strong>sibilem</strong></span> <span class='ocrx_word' id='word_1_650' title='bbox 1145 2042 1300 2063; x_wconf 67' lang='lat' dir='ltr'><strong>creaturam</strong></span> <span class='ocrx_word' id='word_1_651' title='bbox 1316 2043 1342 2064; x_wconf 89' lang='lat' dir='ltr'><strong>et</strong></span> <span class='ocrx_word' id='word_1_652' title='bbox 1356 2037 1577 2071; x_wconf 83' lang='lat' dir='ltr'><strong>intellectualem,</strong></span> <span class='ocrx_word' id='word_1_653' title='bbox 1591 2038 1692 2065; x_wconf 87' lang='lat' dir='ltr'><strong>idcirco</strong></span> <span class='ocrx_word' id='word_1_654' title='bbox 1706 2026 1810 2064; x_wconf 71' lang='lat' dir='ltr'><strong>uiram-</strong></span> 
     </span>
    </p>
   </div>
   <div class='ocr_carea' id='block_1_87' title="bbox 1021 2083 1813 2118">
    <p class='ocr_par' dir='ltr' id='par_1_87' title="bbox 1021 2083 1813 2118">
     <span class='ocr_line' id='line_1_87' title="bbox 1021 2083 1813 2118; baseline 0.003 -10"><span class='ocrx_word' id='word_1_655' title='bbox 1021 2089 1074 2116; x_wconf 86' lang='lat' dir='ltr'><strong>que</strong></span> <span class='ocrx_word' id='word_1_656' title='bbox 1092 2083 1245 2116; x_wconf 80' lang='lat' dir='ltr'><strong>participat,</strong></span> <span class='ocrx_word' id='word_1_657' title='bbox 1263 2083 1449 2110; x_wconf 83' lang='lat' dir='ltr'><strong>irrationalem</strong></span> <span class='ocrx_word' id='word_1_658' title='bbox 1473 2084 1578 2114; x_wconf 82' lang='lat' dir='ltr'><strong>scilicet</strong></span> <span class='ocrx_word' id='word_1_659' title='bbox 1601 2088 1683 2118; x_wconf 87' lang='lat' dir='ltr'><strong>atque</strong></span> <span class='ocrx_word' id='word_1_660' title='bbox 1710 2083 1813 2118; x_wconf 74' lang='lat' dir='ltr'><strong>angeli-</strong></span> 
     </span>
    </p>
   </div>
   <div class='ocr_carea' id='block_1_88' title="bbox 1022 2129 1814 2164">
    <p class='ocr_par' dir='ltr' id='par_1_88' title="bbox 1022 2129 1814 2164">
     <span class='ocr_line' id='line_1_88' title="bbox 1022 2129 1814 2164; baseline 0.003 -10"><span class='ocrx_word' id='word_1_661' title='bbox 1022 2135 1081 2154; x_wconf 86' lang='lat' dir='ltr'><strong>cam</strong></span> <span class='ocrx_word' id='word_1_662' title='bbox 1100 2132 1234 2155; x_wconf 86' lang='lat' dir='ltr'><strong>naturam.</strong></span> <span class='ocrx_word' id='word_1_663' title='bbox 1256 2129 1287 2154; x_wconf 85' lang='lat' dir='ltr'><strong>Et</strong></span> <span class='ocrx_word' id='word_1_664' title='bbox 1309 2129 1459 2163; x_wconf 77' lang='lat' dir='ltr'><strong>angelicam</strong></span> <span class='ocrx_word' id='word_1_665' title='bbox 1480 2129 1589 2163; x_wconf 87' lang='lat' dir='ltr'><strong>quidem</strong></span> <span class='ocrx_word' id='word_1_666' title='bbox 1608 2129 1752 2164; x_wconf 84' lang='lat' dir='ltr'><strong>participat</strong></span> <span class='ocrx_word' id='word_1_667' title='bbox 1768 2137 1814 2156; x_wconf 81' lang='lat' dir='ltr'><strong>se—</strong></span> 
     </span>
    </p>
   </div>
   <div class='ocr_carea' id='block_1_89' title="bbox 1023 2173 1813 2206">
    <p class='ocr_par' dir='ltr' id='par_1_89' title="bbox 1023 2173 1813 2206">
     <span class='ocr_line' id='line_1_89' title="bbox 1023 2173 1813 2206; baseline 0.003 -8"><span class='ocrx_word' id='word_1_668' title='bbox 1023 2173 1142 2199; x_wconf 87' lang='lat' dir='ltr'><strong>cundum</strong></span> <span class='ocrx_word' id='word_1_669' title='bbox 1158 2173 1330 2200; x_wconf 68' lang='lat' dir='ltr'><strong>ratiorinium</strong></span> <span class='ocrx_word' id='word_1_670' title='bbox 1351 2179 1377 2200; x_wconf 91' lang='lat' dir='ltr'><strong>et</strong></span> <span class='ocrx_word' id='word_1_671' title='bbox 1393 2174 1597 2206; x_wconf 84' lang='lat' dir='ltr'><strong>discretionem,</strong></span> <span class='ocrx_word' id='word_1_672' title='bbox 1625 2174 1813 2202; x_wconf 85' lang='lat' dir='ltr'><strong>irrationalem</strong></span> 
     </span>
    </p>
   </div>
   <div class='ocr_carea' id='block_1_90' title="bbox 1023 2219 1815 2254">
    <p class='ocr_par' dir='ltr' id='par_1_90' title="bbox 1023 2219 1815 2254">
     <span class='ocr_line' id='line_1_90' title="bbox 1023 2219 1815 2254; baseline 0.004 -11"><span class='ocrx_word' id='word_1_673' title='bbox 1023 2225 1088 2244; x_wconf 89' lang='lat' dir='ltr'><strong>vero</strong></span> <span class='ocrx_word' id='word_1_674' title='bbox 1102 2219 1250 2245; x_wconf 87' lang='lat' dir='ltr'><strong>secundum</strong></span> <span class='ocrx_word' id='word_1_675' title='bbox 1264 2219 1399 2246; x_wconf 87' lang='lat' dir='ltr'><strong>irascibile</strong></span> <span class='ocrx_word' id='word_1_676' title='bbox 1410 2223 1437 2246; x_wconf 81' lang='lat' dir='ltr'><strong>et</strong></span> <span class='ocrx_word' id='word_1_677' title='bbox 1452 2220 1670 2254; x_wconf 82' lang='lat' dir='ltr'><strong>concupiscibile.</strong></span> <span class='ocrx_word' id='word_1_678' title='bbox 1684 2220 1815 2247; x_wconf 66' lang='lat' dir='ltr'><strong>Servatur</strong></span> 
     </span>
    </p>
   </div>
   <div class='ocr_carea' id='block_1_91' title="bbox 181 2264 970 2300">
    <p class='ocr_par' dir='ltr' id='par_1_91' title="bbox 181 2265 969 2300">
     <span class='ocr_line' id='line_1_91' title="bbox 181 2265 969 2300; baseline -0.001 -9"><span class='ocrx_word' id='word_1_679' title='bbox 181 2267 230 2298; x_wconf 73' lang='grc' dir='ltr'>τῆς</span> <span class='ocrx_word' id='word_1_680' title='bbox 247 2266 269 2292; x_wconf 74' lang='grc' dir='ltr'><strong>δ’</strong></span> <span class='ocrx_word' id='word_1_681' title='bbox 287 2266 321 2292; x_wconf 83' lang='grc' dir='ltr'>αὖ</span> <span class='ocrx_word' id='word_1_682' title='bbox 336 2265 444 2299; x_wconf 80' lang='grc' dir='ltr'>ἀλόγου,</span> <span class='ocrx_word' id='word_1_683' title='bbox 465 2265 536 2292; x_wconf 76' lang='grc' dir='ltr'>κατὰ</span> <span class='ocrx_word' id='word_1_684' title='bbox 560 2266 590 2292; x_wconf 83' lang='grc' dir='ltr'><strong>τὸ</strong></span> <span class='ocrx_word' id='word_1_685' title='bbox 608 2265 725 2300; x_wconf 78' lang='grc' dir='ltr'>θυμικὸν</span> <span class='ocrx_word' id='word_1_686' title='bbox 740 2266 786 2292; x_wconf 83' lang='grc' dir='ltr'>καὶ</span> <span class='ocrx_word' id='word_1_687' title='bbox 806 2265 969 2299; x_wconf 72' lang='grc' dir='ltr'>ἐπιθυμητι-</span> 
     </span>
    </p>
   </div>
   <div class='ocr_carea' id='block_1_92' title="bbox 1021 2264 1814 2300">
    <p class='ocr_par' dir='ltr' id='par_1_92' title="bbox 1024 2264 1814 2298">
     <span class='ocr_line' id='line_1_92' title="bbox 1024 2264 1814 2298; baseline 0.005 -9"><span class='ocrx_word' id='word_1_688' title='bbox 1024 2269 1114 2289; x_wconf 84' lang='lat' dir='ltr'><strong>autem</strong></span> <span class='ocrx_word' id='word_1_689' title='bbox 1129 2268 1154 2289; x_wconf 85' lang='lat' dir='ltr'><strong>et</strong></span> <span class='ocrx_word' id='word_1_690' title='bbox 1165 2264 1319 2290; x_wconf 87' lang='lat' dir='ltr'><strong>continetur</strong></span> <span class='ocrx_word' id='word_1_691' title='bbox 1336 2265 1405 2291; x_wconf 85' lang='lat' dir='ltr'><strong>intra</strong></span> <span class='ocrx_word' id='word_1_692' title='bbox 1419 2269 1528 2298; x_wconf 75' lang='lat' dir='ltr'><strong>natura:</strong></span> <span class='ocrx_word' id='word_1_693' title='bbox 1550 2266 1618 2293; x_wconf 77' lang='lat' dir='ltr'><strong>lines</strong></span> <span class='ocrx_word' id='word_1_694' title='bbox 1641 2266 1734 2296; x_wconf 86' lang='lat' dir='ltr'><strong>homo.</strong></span> <span class='ocrx_word' id='word_1_695' title='bbox 1747 2273 1814 2293; x_wconf 81' lang='lat' dir='ltr'><strong>cum</strong></span> 
     </span>
    </p>
   </div>
   <div class='ocr_carea' id='block_1_93' title="bbox 182 2310 970 2345">
    <p class='ocr_par' dir='ltr' id='par_1_93' title="bbox 182 2310 970 2345">
     <span class='ocr_line' id='line_1_93' title="bbox 182 2310 970 2345; baseline 0 -9"><span class='ocrx_word' id='word_1_696' title='bbox 182 2311 246 2336; x_wconf 83' lang='grc' dir='ltr'>κόν·</span> <span class='ocrx_word' id='word_1_697' title='bbox 262 2311 433 2344; x_wconf 75' lang='grc' dir='ltr'>πεφύλακται</span> <span class='ocrx_word' id='word_1_698' title='bbox 453 2311 481 2337; x_wconf 83' lang='grc' dir='ltr'>δὲ</span> <span class='ocrx_word' id='word_1_699' title='bbox 507 2311 553 2337; x_wconf 72' lang='grc' dir='ltr'><strong>καὶ</strong></span> <span class='ocrx_word' id='word_1_700' title='bbox 567 2311 758 2345; x_wconf 79' lang='grc' dir='ltr'>διατετήρηται</span> <span class='ocrx_word' id='word_1_701' title='bbox 776 2311 847 2337; x_wconf 74' lang='grc' dir='ltr'>κατὰ</span> <span class='ocrx_word' id='word_1_702' title='bbox 864 2310 943 2343; x_wconf 81' lang='grc' dir='ltr'>φύσιν</span> <span class='ocrx_word' id='word_1_703' title='bbox 957 2311 970 2336; x_wconf 84' lang='grc' dir='ltr'>ὁ</span> 
     </span>
    </p>
   </div>
   <div class='ocr_carea' id='block_1_94' title="bbox 182 2356 971 2391">
    <p class='ocr_par' dir='ltr' id='par_1_94' title="bbox 182 2356 971 2391">
     <span class='ocr_line' id='line_1_94' title="bbox 182 2356 971 2391; baseline -0.001 -9"><span class='ocrx_word' id='word_1_704' title='bbox 182 2357 335 2390; x_wconf 69' lang='grc' dir='ltr'>ἄνθρωπος,</span> <span class='ocrx_word' id='word_1_705' title='bbox 350 2358 387 2383; x_wconf 75' lang='grc' dir='ltr'><strong>ὅτ’</strong></span> <span class='ocrx_word' id='word_1_706' title='bbox 409 2358 442 2383; x_wconf 82' lang='grc' dir='ltr'>ἂν</span> <span class='ocrx_word' id='word_1_707' title='bbox 459 2358 488 2382; x_wconf 75' lang='grc' dir='ltr'><strong>τὸ</strong></span> <span class='ocrx_word' id='word_1_708' title='bbox 511 2357 665 2390; x_wconf 71' lang='grc' dir='ltr'>λογιστικὸν</span> <span class='ocrx_word' id='word_1_709' title='bbox 681 2356 727 2382; x_wconf 84' lang='grc' dir='ltr'>τοῦ</span> <span class='ocrx_word' id='word_1_710' title='bbox 745 2356 861 2391; x_wconf 84' lang='grc' dir='ltr'>θυμικοῦ</span> <span class='ocrx_word' id='word_1_711' title='bbox 877 2364 906 2382; x_wconf 88' lang='grc' dir='ltr'><strong>τε</strong></span> <span class='ocrx_word' id='word_1_712' title='bbox 926 2356 971 2381; x_wconf 60' lang='grc' dir='ltr'><strong>καὶ¹</strong></span> 
     </span>
    </p>
   </div>
   <div class='ocr_carea' id='block_1_95' title="bbox 181 2402 970 2437">
    <p class='ocr_par' dir='ltr' id='par_1_95' title="bbox 181 2402 970 2437">
     <span class='ocr_line' id='line_1_95' title="bbox 181 2402 970 2437; baseline -0.001 -9"><span class='ocrx_word' id='word_1_713' title='bbox 181 2403 379 2436; x_wconf 74' lang='grc' dir='ltr'>ἐπιθυμητικοῦ</span> <span class='ocrx_word' id='word_1_714' title='bbox 396 2406 477 2437; x_wconf 74' lang='grc' dir='ltr'>ἄρχῃ.</span> <span class='ocrx_word' id='word_1_715' title='bbox 505 2403 566 2428; x_wconf 84' lang='grc' dir='ltr'><strong>Ἔτι</strong></span> <span class='ocrx_word' id='word_1_716' title='bbox 584 2411 614 2436; x_wconf 81' lang='grc' dir='ltr'><strong>γε</strong></span> <span class='ocrx_word' id='word_1_717' title='bbox 645 2403 697 2437; x_wconf 84' lang='grc' dir='ltr'>μὴν</span> <span class='ocrx_word' id='word_1_718' title='bbox 716 2402 764 2429; x_wconf 73' lang='grc' dir='ltr'>καὶ</span> <span class='ocrx_word' id='word_1_719' title='bbox 790 2404 822 2437; x_wconf 82' lang='grc' dir='ltr'><strong>τῇ</strong></span> <span class='ocrx_word' id='word_1_720' title='bbox 837 2402 970 2436; x_wconf 75' lang='grc' dir='ltr'>ἀγγελικῇ</span> 
     </span>
    </p>
   </div>
   <div class='ocr_carea' id='block_1_96' title="bbox 182 2448 970 2483">
    <p class='ocr_par' dir='ltr' id='par_1_96' title="bbox 182 2448 970 2483">
     <span class='ocr_line' id='line_1_96' title="bbox 182 2448 970 2483; baseline -0.001 -8"><span class='ocrx_word' id='word_1_721' title='bbox 182 2448 261 2482; x_wconf 70' lang='grc' dir='ltr'>φύσει</span> <span class='ocrx_word' id='word_1_722' title='bbox 276 2449 422 2475; x_wconf 69' lang='grc' dir='ltr'>οἰκειοῦται</span> <span class='ocrx_word' id='word_1_723' title='bbox 436 2449 547 2483; x_wconf 78' lang='grc' dir='ltr'>μᾶλλον,</span> <span class='ocrx_word' id='word_1_724' title='bbox 565 2449 612 2474; x_wconf 76' lang='grc' dir='ltr'><strong>καὶ</strong></span> <span class='ocrx_word' id='word_1_725' title='bbox 625 2449 692 2483; x_wconf 69' lang='grc' dir='ltr'>πρὸς</span> <span class='ocrx_word' id='word_1_726' title='bbox 704 2449 738 2475; x_wconf 79' lang='grc' dir='ltr'>τὰ</span> <span class='ocrx_word' id='word_1_727' title='bbox 754 2449 880 2483; x_wconf 79' lang='grc' dir='ltr'>ὑπερφυῆ</span> <span class='ocrx_word' id='word_1_728' title='bbox 897 2448 970 2474; x_wconf 77' lang='grc' dir='ltr'>ἄνει-</span> 
     </span>
    </p>
   </div>
   <div class='ocr_carea' id='block_1_97' title="bbox 183 2493 970 2528">
    <p class='ocr_par' dir='ltr' id='par_1_97' title="bbox 183 2493 970 2528">
     <span class='ocr_line' id='line_1_97' title="bbox 183 2493 970 2528; baseline -0.001 -8"><span class='ocrx_word' id='word_1_729' title='bbox 183 2503 236 2525; x_wconf 84' lang='grc' dir='ltr'>σιν,</span> <span class='ocrx_word' id='word_1_730' title='bbox 251 2495 331 2528; x_wconf 79' lang='grc' dir='ltr'>ἡνίκα</span> <span class='ocrx_word' id='word_1_731' title='bbox 348 2495 378 2520; x_wconf 79' lang='grc' dir='ltr'>τὸ</span> <span class='ocrx_word' id='word_1_732' title='bbox 395 2494 492 2528; x_wconf 76' lang='grc' dir='ltr'>ἄλογον</span> <span class='ocrx_word' id='word_1_733' title='bbox 519 2495 600 2528; x_wconf 80' lang='grc' dir='ltr'>μέρος</span> <span class='ocrx_word' id='word_1_734' title='bbox 615 2494 665 2527; x_wconf 83' lang='grc' dir='ltr'>τῆς</span> <span class='ocrx_word' id='word_1_735' title='bbox 687 2494 775 2528; x_wconf 83' lang='grc' dir='ltr'>ψυχῆς</span> <span class='ocrx_word' id='word_1_736' title='bbox 788 2493 970 2525; x_wconf 78' lang='grc' dir='ltr'>ὑποπιάζεται</span> 
     </span>
    </p>
   </div>
   <div class='ocr_carea' id='block_1_98' title="bbox 183 2539 971 2572">
    <p class='ocr_par' dir='ltr' id='par_1_98' title="bbox 183 2539 971 2572">
     <span class='ocr_line' id='line_1_98' title="bbox 183 2539 971 2572; baseline -0.001 -7"><span class='ocrx_word' id='word_1_737' title='bbox 183 2539 230 2565; x_wconf 79' lang='grc' dir='ltr'>καὶ</span> <span class='ocrx_word' id='word_1_738' title='bbox 249 2539 431 2566; x_wconf 70' lang='grc' dir='ltr'>ὑποθλίϐεται.</span> <span class='ocrx_word' id='word_1_739' title='bbox 451 2540 509 2566; x_wconf 80' lang='grc' dir='ltr'><strong>”υτ’</strong></span> <span class='ocrx_word' id='word_1_740' title='bbox 523 2540 555 2566; x_wconf 88' lang='grc' dir='ltr'>ἂν</span> <span class='ocrx_word' id='word_1_741' title='bbox 569 2540 591 2566; x_wconf 88' lang='grc' dir='ltr'><strong>δ’</strong></span> <span class='ocrx_word' id='word_1_742' title='bbox 603 2539 649 2565; x_wconf 78' lang='grc' dir='ltr'>οὖν</span> <span class='ocrx_word' id='word_1_743' title='bbox 665 2540 695 2565; x_wconf 80' lang='grc' dir='ltr'>τὸ</span> <span class='ocrx_word' id='word_1_744' title='bbox 716 2539 837 2565; x_wconf 76' lang='grc' dir='ltr'>ἐναντίον</span> <span class='ocrx_word' id='word_1_745' title='bbox 852 2540 880 2564; x_wconf 75' lang='grc' dir='ltr'>ἐν</span> <span class='ocrx_word' id='word_1_746' title='bbox 896 2539 971 2572; x_wconf 76' lang='grc' dir='ltr'>αὐτῷ</span> 
     </span>
    </p>
   </div>
   <div class='ocr_carea' id='block_1_99' title="bbox 182 2583 970 2620">
    <p class='ocr_par' dir='ltr' id='par_1_99' title="bbox 182 2583 970 2620">
     <span class='ocr_line' id='line_1_99' title="bbox 182 2583 970 2620; baseline 0.003 -11"><span class='ocrx_word' id='word_1_747' title='bbox 182 2583 344 2619; x_wconf 73' lang='grc' dir='ltr'>καθορᾶται,</span> <span class='ocrx_word' id='word_1_748' title='bbox 358 2585 405 2610; x_wconf 74' lang='grc' dir='ltr'>καὶ</span> <span class='ocrx_word' id='word_1_749' title='bbox 415 2585 449 2610; x_wconf 78' lang='grc' dir='ltr'><strong>τὰ</strong></span> <span class='ocrx_word' id='word_1_750' title='bbox 463 2586 512 2619; x_wconf 82' lang='grc' dir='ltr'>μὲν</span> <span class='ocrx_word' id='word_1_751' title='bbox 528 2585 600 2620; x_wconf 78' lang='grc' dir='ltr'>παθη</span> <span class='ocrx_word' id='word_1_752' title='bbox 615 2584 663 2610; x_wconf 79' lang='grc' dir='ltr'>τοῦ</span> <span class='ocrx_word' id='word_1_753' title='bbox 680 2585 758 2618; x_wconf 84' lang='grc' dir='ltr'>λόγου</span> <span class='ocrx_word' id='word_1_754' title='bbox 776 2585 929 2618; x_wconf 70' lang='grc' dir='ltr'>ἐπικρατεῖ,</span> <span class='ocrx_word' id='word_1_755' title='bbox 957 2585 970 2611; x_wconf 83' lang='grc' dir='ltr'><strong><em>ὁ</em></strong></span> 
     </span>
    </p>
   </div>
   <div class='ocr_carea' id='block_1_100' title="bbox 182 2629 971 2665">
    <p class='ocr_par' dir='ltr' id='par_1_100' title="bbox 182 2629 971 2665">
     <span class='ocr_line' id='line_1_100' title="bbox 182 2629 971 2665; baseline 0.001 -10"><span class='ocrx_word' id='word_1_756' title='bbox 182 2629 211 2656; x_wconf 83' lang='grc' dir='ltr'><strong>δὲ</strong></span> <span class='ocrx_word' id='word_1_757' title='bbox 221 2629 298 2663; x_wconf 80' lang='grc' dir='ltr'>λόγος</span> <span class='ocrx_word' id='word_1_758' title='bbox 317 2631 459 2665; x_wconf 80' lang='grc' dir='ltr'>ὑπηρετεῖ,</span> <span class='ocrx_word' id='word_1_759' title='bbox 471 2631 555 2657; x_wconf 81' lang='grc' dir='ltr'>’τοῦτο</span> <span class='ocrx_word' id='word_1_760' title='bbox 568 2631 595 2657; x_wconf 77' lang='grc' dir='ltr'>δὲ</span> <span class='ocrx_word' id='word_1_761' title='bbox 613 2630 760 2665; x_wconf 83' lang='grc' dir='ltr'>συμϐαίνει</span> <span class='ocrx_word' id='word_1_762' title='bbox 777 2630 971 2661; x_wconf 81' lang='grc' dir='ltr'>ἀνενδοιάστως</span> 
     </span>
    </p>
   </div>
   <div class='ocr_carea' id='block_1_101' title="bbox 184 2676 971 2712">
    <p class='ocr_par' dir='ltr' id='par_1_101' title="bbox 184 2676 971 2712">
     <span class='ocr_line' id='line_1_101' title="bbox 184 2676 971 2712; baseline 0 -10"><span class='ocrx_word' id='word_1_763' title='bbox 184 2676 231 2702; x_wconf 72' lang='grc' dir='ltr'><strong>ἐπὶ</strong></span> <span class='ocrx_word' id='word_1_764' title='bbox 244 2676 298 2702; x_wconf 86' lang='grc' dir='ltr'><strong>τῶν</strong></span> <span class='ocrx_word' id='word_1_765' title='bbox 310 2677 467 2709; x_wconf 84' lang='grc' dir='ltr'>ἀκολάστως</span> <span class='ocrx_word' id='word_1_766' title='bbox 481 2677 497 2712; x_wconf 83' lang='grc' dir='ltr'>ἢ</span> <span class='ocrx_word' id='word_1_767' title='bbox 515 2678 563 2703; x_wconf 74' lang='grc' dir='ltr'>καὶ</span> <span class='ocrx_word' id='word_1_768' title='bbox 589 2677 706 2712; x_wconf 79' lang='grc' dir='ltr'>φονικῶς</span> <span class='ocrx_word' id='word_1_769' title='bbox 723 2677 854 2712; x_wconf 76' lang='grc' dir='ltr'>βιούντων</span> <span class='ocrx_word' id='word_1_770' title='bbox 868 2685 874 2691; x_wconf 91' lang='grc'>·</span> <span class='ocrx_word' id='word_1_771' title='bbox 889 2685 971 2710; x_wconf 86' lang='grc' dir='ltr'>φανε-</span> 
     </span>
    </p>
   </div>
   <div class='ocr_carea' id='block_1_102' title="bbox 184 2721 970 2758">
    <p class='ocr_par' dir='ltr' id='par_1_102' title="bbox 184 2721 970 2758">
     <span class='ocr_line' id='line_1_102' title="bbox 184 2721 970 2758; baseline 0 -10"><span class='ocrx_word' id='word_1_772' title='bbox 184 2722 231 2757; x_wconf 76' lang='grc' dir='ltr'><strong>ρὸν</strong></span> <span class='ocrx_word' id='word_1_773' title='bbox 253 2722 337 2750; x_wconf 81' lang='grc' dir='ltr'>ὄτ”ἃν</span> <span class='ocrx_word' id='word_1_774' title='bbox 351 2722 385 2749; x_wconf 79' lang='grc' dir='ltr'>τὰ</span> <span class='ocrx_word' id='word_1_775' title='bbox 411 2723 521 2758; x_wconf 74' lang='grc' dir='ltr'>χείρονα</span> <span class='ocrx_word' id='word_1_776' title='bbox 545 2722 754 2757; x_wconf 76' lang='grc' dir='ltr'>διαπράττηται,</span> <span class='ocrx_word' id='word_1_777' title='bbox 775 2723 807 2748; x_wconf 83' lang='grc' dir='ltr'>ὲκ</span> <span class='ocrx_word' id='word_1_778' title='bbox 824 2721 878 2748; x_wconf 85' lang='grc' dir='ltr'><strong>τῶν</strong></span> <span class='ocrx_word' id='word_1_779' title='bbox 901 2722 970 2748; x_wconf 86' lang='grc' dir='ltr'>κατὰ</span> 
     </span>
    </p>
   </div>
   <div class='ocr_carea' id='block_1_103' title="bbox 184 2767 969 2803">
    <p class='ocr_par' dir='ltr' id='par_1_103' title="bbox 184 2767 969 2803">
     <span class='ocr_line' id='line_1_103' title="bbox 184 2767 969 2803; baseline -0.001 -9"><span class='ocrx_word' id='word_1_780' title='bbox 184 2767 266 2800; x_wconf 75' lang='grc' dir='ltr'>φύσιν</span> <span class='ocrx_word' id='word_1_781' title='bbox 281 2767 297 2802; x_wconf 79' lang='grc' dir='ltr'><strong>ἢ</strong></span> <span class='ocrx_word' id='word_1_782' title='bbox 316 2769 363 2794; x_wconf 75' lang='grc' dir='ltr'><strong>καὶ</strong></span> <span class='ocrx_word' id='word_1_783' title='bbox 374 2768 534 2803; x_wconf 77' lang='grc' dir='ltr'>ὑπερφυῶν,</span> <span class='ocrx_word' id='word_1_784' title='bbox 545 2768 590 2794; x_wconf 75' lang='grc' dir='ltr'><strong>ἐπὶ</strong></span> <span class='ocrx_word' id='word_1_785' title='bbox 607 2768 642 2794; x_wconf 74' lang='grc' dir='ltr'>τὰ</span> <span class='ocrx_word' id='word_1_786' title='bbox 654 2771 729 2803; x_wconf 70' lang='grc' dir='ltr'>παρὰ</span> <span class='ocrx_word' id='word_1_787' title='bbox 743 2768 824 2802; x_wconf 85' lang='grc' dir='ltr'>φύσιν</span> <span class='ocrx_word' id='word_1_788' title='bbox 837 2768 969 2794; x_wconf 79' lang='grc' dir='ltr'>κάτεισινο</span> 
     </span>
    </p>
   </div>
   <div class='ocr_carea' id='block_1_104' title="bbox 183 2813 970 2848">
    <p class='ocr_par' dir='ltr' id='par_1_104' title="bbox 183 2813 970 2848">
     <span class='ocr_line' id='line_1_104' title="bbox 183 2813 970 2848; baseline 0 -9"><span class='ocrx_word' id='word_1_789' title='bbox 183 2814 244 2839; x_wconf 82' lang='grc' dir='ltr'>ὅθεν</span> <span class='ocrx_word' id='word_1_790' title='bbox 257 2813 318 2840; x_wconf 79' lang='grc' dir='ltr'>ὅσον</span> <span class='ocrx_word' id='word_1_791' title='bbox 332 2814 365 2841; x_wconf 78' lang='grc' dir='ltr'>ἂν</span> <span class='ocrx_word' id='word_1_792' title='bbox 383 2814 483 2848; x_wconf 79' lang='grc' dir='ltr'>μᾶλλον</span> <span class='ocrx_word' id='word_1_793' title='bbox 492 2813 523 2839; x_wconf 84' lang='grc' dir='ltr'><strong>τὺ</strong></span> <span class='ocrx_word' id='word_1_794' title='bbox 538 2813 652 2848; x_wconf 82' lang='grc' dir='ltr'>θυμικόν</span> <span class='ocrx_word' id='word_1_795' title='bbox 669 2822 698 2839; x_wconf 80' lang='grc' dir='ltr'><strong>τε</strong></span> <span class='ocrx_word' id='word_1_796' title='bbox 712 2814 759 2840; x_wconf 77' lang='grc' dir='ltr'>καὶ</span> <span class='ocrx_word' id='word_1_797' title='bbox 773 2813 970 2848; x_wconf 67' lang='grc' dir='ltr'>ἐπιθυμητικὸν</span> 
     </span>
    </p>
   </div>
   <div class='ocr_carea' id='block_1_105' title="bbox 185 2858 970 2894">
    <p class='ocr_par' dir='ltr' id='par_1_105' title="bbox 185 2858 970 2894">
     <span class='ocr_line' id='line_1_105' title="bbox 185 2858 970 2894; baseline 0.001 -10"><span class='ocrx_word' id='word_1_798' title='bbox 185 2858 279 2885; x_wconf 81' lang='grc' dir='ltr'>ἆνετόν</span> <span class='ocrx_word' id='word_1_799' title='bbox 308 2860 393 2891; x_wconf 75' lang='grc' dir='ltr'>ἐστιν,</span> <span class='ocrx_word' id='word_1_800' title='bbox 420 2860 547 2886; x_wconf 81' lang='grc' dir='ltr'>τοσοῦτον</span> <span class='ocrx_word' id='word_1_801' title='bbox 567 2860 613 2886; x_wconf 77' lang='grc' dir='ltr'>καὶ</span> <span class='ocrx_word' id='word_1_802' title='bbox 636 2859 671 2886; x_wconf 87' lang='grc' dir='ltr'>τὰ</span> <span class='ocrx_word' id='word_1_803' title='bbox 686 2859 758 2894; x_wconf 75' lang='grc' dir='ltr'>πάθη</span> <span class='ocrx_word' id='word_1_804' title='bbox 771 2859 897 2893; x_wconf 76' lang='grc' dir='ltr'>σκαίρειο</span> <span class='ocrx_word' id='word_1_805' title='bbox 924 2860 970 2885; x_wconf 71' lang='grc' dir='ltr'>καὶ</span> 
     </span>
    </p>
   </div>
   <div class='ocr_carea' id='block_1_106' title="bbox 187 2905 971 2942">
    <p class='ocr_par' dir='ltr' id='par_1_106' title="bbox 187 2905 971 2942">
     <span class='ocr_line' id='line_1_106' title="bbox 187 2905 971 2942; baseline 0.003 -12"><span class='ocrx_word' id='word_1_806' title='bbox 187 2905 248 2931; x_wconf 72' lang='grc' dir='ltr'>ὅσον</span> <span class='ocrx_word' id='word_1_807' title='bbox 263 2905 295 2933; x_wconf 81' lang='grc' dir='ltr'>ἂν</span> <span class='ocrx_word' id='word_1_808' title='bbox 309 2905 409 2942; x_wconf 82' lang='grc' dir='ltr'>μᾶλλον</span> <span class='ocrx_word' id='word_1_809' title='bbox 425 2905 535 2941; x_wconf 81' lang='grc' dir='ltr'>σκαίρῃ,</span> <span class='ocrx_word' id='word_1_810' title='bbox 550 2905 675 2932; x_wconf 78' lang='grc' dir='ltr'>τοσοῦτον</span> <span class='ocrx_word' id='word_1_811' title='bbox 687 2905 732 2932; x_wconf 78' lang='grc' dir='ltr'>καὶ</span> <span class='ocrx_word' id='word_1_812' title='bbox 745 2905 890 2939; x_wconf 77' lang='grc' dir='ltr'>ἐπαύξεται</span> <span class='ocrx_word' id='word_1_813' title='bbox 903 2914 909 2920; x_wconf 93' lang='grc'><strong>·</strong></span> <span class='ocrx_word' id='word_1_814' title='bbox 925 2906 971 2932; x_wconf 82' lang='grc' dir='ltr'>καὶ</span> 
     </span>
    </p>
   </div>
   <div class='ocr_carea' id='block_1_107' title="bbox 1022 2308 1809 2343">
    <p class='ocr_par' dir='ltr' id='par_1_107' title="bbox 1022 2308 1809 2343">
     <span class='ocr_line' id='line_1_107' title="bbox 1022 2308 1809 2343; baseline 0 -9"><span class='ocrx_word' id='word_1_815' title='bbox 1022 2316 1084 2342; x_wconf 87' lang='lat' dir='ltr'><strong>pars</strong></span> <span class='ocrx_word' id='word_1_816' title='bbox 1105 2308 1246 2334; x_wconf 82' lang='lat' dir='ltr'><strong>rationalis</strong></span> <span class='ocrx_word' id='word_1_817' title='bbox 1267 2308 1394 2334; x_wconf 81' lang='lat' dir='ltr'><strong>iraseibili</strong></span> <span class='ocrx_word' id='word_1_818' title='bbox 1413 2313 1438 2335; x_wconf 79' lang='lat' dir='ltr'><strong>et</strong></span> <span class='ocrx_word' id='word_1_819' title='bbox 1457 2308 1660 2343; x_wconf 80' lang='lat' dir='ltr'><strong>concupiscibili</strong></span> <span class='ocrx_word' id='word_1_820' title='bbox 1686 2309 1809 2335; x_wconf 88' lang='lat' dir='ltr'><strong>domina-</strong></span> 
     </span>
    </p>
   </div>
   <div class='ocr_carea' id='block_1_108' title="bbox 1022 2353 1807 2389">
    <p class='ocr_par' dir='ltr' id='par_1_108' title="bbox 1022 2353 1807 2389">
     <span class='ocr_line' id='line_1_108' title="bbox 1022 2353 1807 2389; baseline 0 -9"><span class='ocrx_word' id='word_1_821' title='bbox 1022 2358 1074 2380; x_wconf 88' lang='lat' dir='ltr'><strong>tur.</strong></span> <span class='ocrx_word' id='word_1_822' title='bbox 1100 2353 1163 2380; x_wconf 79' lang='lat' dir='ltr'><strong>ltein</strong></span> <span class='ocrx_word' id='word_1_823' title='bbox 1179 2353 1211 2379; x_wconf 89' lang='lat' dir='ltr'><strong>ad</strong></span> <span class='ocrx_word' id='word_1_824' title='bbox 1235 2354 1384 2387; x_wconf 68' lang='lat' dir='ltr'><strong>angelicam</strong></span> <span class='ocrx_word' id='word_1_825' title='bbox 1405 2360 1530 2381; x_wconf 87' lang='lat' dir='ltr'><strong>naturam</strong></span> <span class='ocrx_word' id='word_1_826' title='bbox 1548 2355 1634 2389; x_wconf 68' lang='lat' dir='ltr'><strong>magis</strong></span> <span class='ocrx_word' id='word_1_827' title='bbox 1650 2354 1764 2386; x_wconf 82' lang='lat' dir='ltr'><strong>accedit,</strong></span> <span class='ocrx_word' id='word_1_828' title='bbox 1778 2359 1807 2381; x_wconf 76' lang='lat' dir='ltr'><strong>ct</strong></span> 
     </span>
    </p>
   </div>
   <div class='ocr_carea' id='block_1_109' title="bbox 1022 2399 1810 2434">
    <p class='ocr_par' dir='ltr' id='par_1_109' title="bbox 1022 2399 1810 2434">
     <span class='ocr_line' id='line_1_109' title="bbox 1022 2399 1810 2434; baseline 0.003 -10"><span class='ocrx_word' id='word_1_829' title='bbox 1022 2399 1054 2425; x_wconf 87' lang='lat' dir='ltr'><strong>ad</strong></span> <span class='ocrx_word' id='word_1_830' title='bbox 1080 2399 1296 2432; x_wconf 85' lang='lat' dir='ltr'><strong>supernaturalia</strong></span> <span class='ocrx_word' id='word_1_831' title='bbox 1319 2399 1469 2432; x_wconf 71' lang='lat' dir='ltr'><strong>extollitur,</strong></span> <span class='ocrx_word' id='word_1_832' title='bbox 1495 2408 1558 2426; x_wconf 88' lang='lat' dir='ltr'><strong>cum</strong></span> <span class='ocrx_word' id='word_1_833' title='bbox 1574 2401 1671 2427; x_wconf 66' lang='lat' dir='ltr'><strong>animae</strong></span> <span class='ocrx_word' id='word_1_834' title='bbox 1691 2407 1754 2434; x_wconf 83' lang='lat' dir='ltr'><strong>pars</strong></span> <span class='ocrx_word' id='word_1_835' title='bbox 1773 2400 1810 2426; x_wconf 93' lang='lat' dir='ltr'><strong>ir-</strong></span> 
     </span>
    </p>
   </div>
   <div class='ocr_carea' id='block_1_110' title="bbox 1022 2444 1813 2479">
    <p class='ocr_par' dir='ltr' id='par_1_110' title="bbox 1022 2444 1813 2479">
     <span class='ocr_line' id='line_1_110' title="bbox 1022 2444 1813 2479; baseline 0.001 -9"><span class='ocrx_word' id='word_1_836' title='bbox 1022 2444 1162 2470; x_wconf 79' lang='lat' dir='ltr'><strong>rationalis</strong></span> <span class='ocrx_word' id='word_1_837' title='bbox 1179 2444 1323 2470; x_wconf 76' lang='lat' dir='ltr'><strong>cohibetur</strong></span> <span class='ocrx_word' id='word_1_838' title='bbox 1339 2449 1365 2471; x_wconf 88' lang='lat' dir='ltr'><strong>et</strong></span> <span class='ocrx_word' id='word_1_839' title='bbox 1382 2445 1580 2479; x_wconf 86' lang='lat' dir='ltr'><strong>comprimitur.</strong></span> <span class='ocrx_word' id='word_1_840' title='bbox 1594 2446 1708 2478; x_wconf 82' lang='lat' dir='ltr'><strong>Quando</strong></span> <span class='ocrx_word' id='word_1_841' title='bbox 1719 2451 1813 2472; x_wconf 79' lang='lat' dir='ltr'><strong>autem</strong></span> 
     </span>
    </p>
   </div>
   <div class='ocr_carea' id='block_1_111' title="bbox 1023 2490 1810 2526">
    <p class='ocr_par' dir='ltr' id='par_1_111' title="bbox 1023 2490 1810 2526">
     <span class='ocr_line' id='line_1_111' title="bbox 1023 2490 1810 2526; baseline 0 -10"><span class='ocrx_word' id='word_1_842' title='bbox 1023 2490 1192 2516; x_wconf 83' lang='lat' dir='ltr'><strong>contrarium</strong></span> <span class='ocrx_word' id='word_1_843' title='bbox 1222 2490 1249 2516; x_wconf 89' lang='lat' dir='ltr'><strong>in</strong></span> <span class='ocrx_word' id='word_1_844' title='bbox 1271 2490 1380 2517; x_wconf 81' lang='lat' dir='ltr'><strong>homine</strong></span> <span class='ocrx_word' id='word_1_845' title='bbox 1408 2491 1537 2522; x_wconf 83' lang='lat' dir='ltr'><strong>cernitur,</strong></span> <span class='ocrx_word' id='word_1_846' title='bbox 1556 2496 1582 2518; x_wconf 86' lang='lat' dir='ltr'><strong>ct</strong></span> <span class='ocrx_word' id='word_1_847' title='bbox 1604 2491 1744 2526; x_wconf 86' lang='lat' dir='ltr'><strong>passiones</strong></span> <span class='ocrx_word' id='word_1_848' title='bbox 1765 2499 1810 2517; x_wconf 85' lang='lat' dir='ltr'><strong>ra-</strong></span> 
     </span>
    </p>
   </div>
   <div class='ocr_carea' id='block_1_112' title="bbox 1022 2535 1810 2571">
    <p class='ocr_par' dir='ltr' id='par_1_112' title="bbox 1022 2535 1810 2571">
     <span class='ocr_line' id='line_1_112' title="bbox 1022 2535 1810 2571; baseline -0.001 -9"><span class='ocrx_word' id='word_1_849' title='bbox 1022 2535 1091 2562; x_wconf 84' lang='lat' dir='ltr'><strong>tioni</strong></span> <span class='ocrx_word' id='word_1_850' title='bbox 1118 2536 1275 2568; x_wconf 74' lang='lat' dir='ltr'><strong>prmvalent,</strong></span> <span class='ocrx_word' id='word_1_851' title='bbox 1303 2536 1425 2570; x_wconf 83' lang='lat' dir='ltr'><strong>ratioque</strong></span> <span class='ocrx_word' id='word_1_852' title='bbox 1455 2536 1608 2563; x_wconf 79' lang='lat' dir='ltr'><strong>succumbit</strong></span> <span class='ocrx_word' id='word_1_853' title='bbox 1631 2537 1701 2571; x_wconf 83' lang='lat' dir='ltr'><strong>(hoc</strong></span> <span class='ocrx_word' id='word_1_854' title='bbox 1720 2541 1810 2563; x_wconf 83' lang='lat' dir='ltr'><strong>autem</strong></span> 
     </span>
    </p>
   </div>
   <div class='ocr_carea' id='block_1_113' title="bbox 1022 2580 1811 2616">
    <p class='ocr_par' dir='ltr' id='par_1_113' title="bbox 1022 2580 1811 2616">
     <span class='ocr_line' id='line_1_113' title="bbox 1022 2580 1811 2616; baseline 0 -9"><span class='ocrx_word' id='word_1_855' title='bbox 1022 2580 1121 2607; x_wconf 82' lang='lat' dir='ltr'><strong>accidit</strong></span> <span class='ocrx_word' id='word_1_856' title='bbox 1139 2581 1295 2607; x_wconf 74' lang='lat' dir='ltr'><strong>hominibus</strong></span> <span class='ocrx_word' id='word_1_857' title='bbox 1313 2582 1452 2608; x_wconf 71' lang='lat' dir='ltr'><strong>lnxnrimo</strong></span> <span class='ocrx_word' id='word_1_858' title='bbox 1469 2582 1636 2616; x_wconf 84' lang='lat' dir='ltr'><strong>immanith</strong></span> <span class='ocrx_word' id='word_1_859' title='bbox 1650 2583 1710 2608; x_wconf 71' lang='lat' dir='ltr'><strong>vitat</strong></span> <span class='ocrx_word' id='word_1_860' title='bbox 1730 2590 1811 2615; x_wconf 75' lang='lat' dir='ltr'><strong>gene-</strong></span> 
     </span>
    </p>
   </div>
   <div class='ocr_carea' id='block_1_114' title="bbox 1023 2625 1810 2658">
    <p class='ocr_par' dir='ltr' id='par_1_114' title="bbox 1023 2625 1810 2658">
     <span class='ocr_line' id='line_1_114' title="bbox 1023 2625 1810 2658; baseline -0.001 -6"><span class='ocrx_word' id='word_1_861' title='bbox 1023 2633 1051 2652; x_wconf 87' lang='lat' dir='ltr'><strong>re</strong></span> <span class='ocrx_word' id='word_1_862' title='bbox 1078 2625 1240 2658; x_wconf 77' lang='lat' dir='ltr'><strong>utentibus),</strong></span> <span class='ocrx_word' id='word_1_863' title='bbox 1259 2631 1366 2653; x_wconf 87' lang='lat' dir='ltr'><strong>constat</strong></span> <span class='ocrx_word' id='word_1_864' title='bbox 1390 2627 1528 2653; x_wconf 84' lang='lat' dir='ltr'><strong>hominem</strong></span> <span class='ocrx_word' id='word_1_865' title='bbox 1548 2627 1681 2654; x_wconf 84' lang='lat' dir='ltr'><strong>deteriora</strong></span> <span class='ocrx_word' id='word_1_866' title='bbox 1709 2627 1810 2652; x_wconf 79' lang='lat' dir='ltr'><strong>facien-</strong></span> 
     </span>
    </p>
   </div>
   <div class='ocr_carea' id='block_1_115' title="bbox 1023 2671 1809 2708">
    <p class='ocr_par' dir='ltr' id='par_1_115' title="bbox 1023 2671 1809 2708">
     <span class='ocr_line' id='line_1_115' title="bbox 1023 2671 1809 2708; baseline -0.001 -10"><span class='ocrx_word' id='word_1_867' title='bbox 1023 2677 1088 2704; x_wconf 82' lang='lat' dir='ltr'><strong>tem,</strong></span> <span class='ocrx_word' id='word_1_868' title='bbox 1105 2680 1120 2698; x_wconf 85' lang='lat' dir='ltr'><strong>a</strong></span> <span class='ocrx_word' id='word_1_869' title='bbox 1136 2671 1306 2698; x_wconf 78' lang='lat' dir='ltr'><strong>naturalibus</strong></span> <span class='ocrx_word' id='word_1_870' title='bbox 1331 2673 1369 2699; x_wconf 80' lang='lat' dir='ltr'><strong>vel</strong></span> <span class='ocrx_word' id='word_1_871' title='bbox 1390 2674 1471 2700; x_wconf 79' lang='lat' dir='ltr'><strong>etiam</strong></span> <span class='ocrx_word' id='word_1_872' title='bbox 1493 2673 1759 2708; x_wconf 82' lang='lat' dir='ltr'><strong>supernaturalibus,</strong></span> <span class='ocrx_word' id='word_1_873' title='bbox 1776 2672 1809 2697; x_wconf 86' lang='lat' dir='ltr'><strong>ad</strong></span> 
     </span>
    </p>
   </div>
   <div class='ocr_carea' id='block_1_116' title="bbox 1022 2712 1810 2752">
    <p class='ocr_par' dir='ltr' id='par_1_116' title="bbox 1022 2712 1810 2752">
     <span class='ocr_line' id='line_1_116' title="bbox 1022 2712 1810 2752; baseline -0.005 -7"><span class='ocrx_word' id='word_1_874' title='bbox 1022 2712 1130 2752; x_wconf 36' lang='lat' dir='ltr'><strong>ett-quae</strong></span> <span class='ocrx_word' id='word_1_875' title='bbox 1149 2725 1244 2745; x_wconf 86' lang='lat' dir='ltr'><strong>contra</strong></span> <span class='ocrx_word' id='word_1_876' title='bbox 1263 2724 1388 2745; x_wconf 86' lang='lat' dir='ltr'><strong>naturam</strong></span> <span class='ocrx_word' id='word_1_877' title='bbox 1405 2723 1471 2746; x_wconf 87' lang='lat' dir='ltr'><strong>sunt</strong></span> <span class='ocrx_word' id='word_1_878' title='bbox 1496 2719 1622 2752; x_wconf 59' lang='lat' dir='ltr'><strong>migrare.</strong></span> <span class='ocrx_word' id='word_1_879' title='bbox 1637 2718 1810 2750; x_wconf 82' lang='lat' dir='ltr'><strong>Quapropter</strong></span> 
     </span>
    </p>
   </div>
   <div class='ocr_carea' id='block_1_117' title="bbox 1022 2764 1806 2799">
    <p class='ocr_par' dir='ltr' id='par_1_117' title="bbox 1022 2764 1806 2799">
     <span class='ocr_line' id='line_1_117' title="bbox 1022 2764 1806 2799; baseline -0.003 -9"><span class='ocrx_word' id='word_1_880' title='bbox 1022 2773 1077 2798; x_wconf 86' lang='lat' dir='ltr'><strong>quo</strong></span> <span class='ocrx_word' id='word_1_881' title='bbox 1094 2765 1179 2799; x_wconf 79' lang='lat' dir='ltr'><strong>magis</strong></span> <span class='ocrx_word' id='word_1_882' title='bbox 1191 2765 1327 2791; x_wconf 76' lang='lat' dir='ltr'><strong>irascihile</strong></span> <span class='ocrx_word' id='word_1_883' title='bbox 1343 2769 1370 2792; x_wconf 87' lang='lat' dir='ltr'><strong>et</strong></span> <span class='ocrx_word' id='word_1_884' title='bbox 1384 2764 1596 2799; x_wconf 82' lang='lat' dir='ltr'><strong>concupiscibile</strong></span> <span class='ocrx_word' id='word_1_885' title='bbox 1612 2764 1688 2790; x_wconf 82' lang='lat' dir='ltr'><strong>freno</strong></span> <span class='ocrx_word' id='word_1_886' title='bbox 1701 2768 1806 2794; x_wconf 77' lang='lat' dir='ltr'><strong>carent,</strong></span> 
     </span>
    </p>
   </div>
   <div class='ocr_carea' id='block_1_118' title="bbox 1023 2808 1808 2844">
    <p class='ocr_par' dir='ltr' id='par_1_118' title="bbox 1023 2808 1808 2844">
     <span class='ocr_line' id='line_1_118' title="bbox 1023 2808 1808 2844; baseline -0.004 -8"><span class='ocrx_word' id='word_1_887' title='bbox 1023 2814 1098 2836; x_wconf 85' lang='lat' dir='ltr'><strong>tanto</strong></span> <span class='ocrx_word' id='word_1_888' title='bbox 1116 2809 1202 2843; x_wconf 76' lang='lat' dir='ltr'><strong>magis</strong></span> <span class='ocrx_word' id='word_1_889' title='bbox 1227 2809 1367 2844; x_wconf 83' lang='lat' dir='ltr'><strong>passiones</strong></span> <span class='ocrx_word' id='word_1_890' title='bbox 1391 2810 1536 2842; x_wconf 75' lang='lat' dir='ltr'><strong>txsiliunt;</strong></span> <span class='ocrx_word' id='word_1_891' title='bbox 1551 2813 1577 2835; x_wconf 87' lang='lat' dir='ltr'><strong>et</strong></span> <span class='ocrx_word' id='word_1_892' title='bbox 1592 2816 1645 2839; x_wconf 80' lang='lat' dir='ltr'><strong>quo</strong></span> <span class='ocrx_word' id='word_1_893' title='bbox 1665 2808 1752 2842; x_wconf 74' lang='lat' dir='ltr'><strong>magis</strong></span> <span class='ocrx_word' id='word_1_894' title='bbox 1768 2808 1808 2834; x_wconf 65' lang='lat' dir='ltr'><strong>hae</strong></span> 
     </span>
    </p>
   </div>
   <div class='ocr_carea' id='block_1_119' title="bbox 1022 2854 1807 2891">
    <p class='ocr_par' dir='ltr' id='par_1_119' title="bbox 1022 2854 1807 2891">
     <span class='ocr_line' id='line_1_119' title="bbox 1022 2854 1807 2891; baseline -0.004 -7"><span class='ocrx_word' id='word_1_895' title='bbox 1022 2857 1161 2887; x_wconf 81' lang='lat' dir='ltr'><strong>exsiliunt,</strong></span> <span class='ocrx_word' id='word_1_896' title='bbox 1183 2864 1214 2883; x_wconf 79' lang='lat' dir='ltr'><strong>ro</strong></span> <span class='ocrx_word' id='word_1_897' title='bbox 1239 2856 1299 2891; x_wconf 79' lang='lat' dir='ltr'><strong>plus</strong></span> <span class='ocrx_word' id='word_1_898' title='bbox 1319 2860 1466 2890; x_wconf 77' lang='lat' dir='ltr'><strong>augentur;</strong></span> <span class='ocrx_word' id='word_1_899' title='bbox 1489 2859 1514 2882; x_wconf 87' lang='lat' dir='ltr'><strong>et</strong></span> <span class='ocrx_word' id='word_1_900' title='bbox 1529 2863 1584 2890; x_wconf 79' lang='grc' dir='ltr'>ιιιιο</span> <span class='ocrx_word' id='word_1_901' title='bbox 1601 2854 1687 2889; x_wconf 81' lang='lat' dir='ltr'><strong>magis</strong></span> <span class='ocrx_word' id='word_1_902' title='bbox 1704 2862 1807 2889; x_wconf 71' lang='lat' dir='ltr'><strong>angen-</strong></span> 
     </span>
    </p>
   </div>
   <div class='ocr_carea' id='block_1_120' title="bbox 1024 2901 1808 2937">
    <p class='ocr_par' dir='ltr' id='par_1_120' title="bbox 1024 2901 1808 2937">
     <span class='ocr_line' id='line_1_120' title="bbox 1024 2901 1808 2937; baseline -0.004 -6"><span class='ocrx_word' id='word_1_903' title='bbox 1024 2909 1077 2935; x_wconf 88' lang='lat' dir='ltr'><strong>tur,</strong></span> <span class='ocrx_word' id='word_1_904' title='bbox 1099 2908 1174 2930; x_wconf 79' lang='lat' dir='ltr'><strong>tanto</strong></span> <span class='ocrx_word' id='word_1_905' title='bbox 1201 2903 1261 2937; x_wconf 87' lang='lat' dir='ltr'><strong>plus</strong></span> <span class='ocrx_word' id='word_1_906' title='bbox 1285 2902 1365 2929; x_wconf 90' lang='lat' dir='ltr'><strong>homo</strong></span> <span class='ocrx_word' id='word_1_907' title='bbox 1388 2901 1590 2928; x_wconf 85' lang='lat' dir='ltr'><strong>irrationalibus</strong></span> <span class='ocrx_word' id='word_1_908' title='bbox 1620 2901 1708 2929; x_wconf 87' lang='lat' dir='ltr'><strong>brutis</strong></span> <span class='ocrx_word' id='word_1_909' title='bbox 1732 2909 1808 2928; x_wconf 81' lang='lat' dir='ltr'><strong>rom-</strong></span> 
     </span>
    </p>
   </div>
  </div>
