2083 3155
278 195 327 226 831

908 191 932 222 Ν
936 192 1056 222 ICET/E
1080 192 1282 223 BYZANTINI

1855 191 1908 222 832

280 253 418 284 municat;
441 251 512 285 quod
527 250 590 277 dum
617 249 691 282 facit,
711 249 743 276 ad
767 248 912 275 hclluinam
935 249 1068 276 conditio-

1126 250 1179 276 iaov
1193 249 1225 275 ἂν
1238 248 1400 282 ὲπαύξηται,
1412 248 1539 274 τοσοῦτον
1552 249 1566 275 ὁ
1581 247 1722 283 ἅνθρωπος
1734 249 1788 279 τοῖς
1801 248 1908 282 ἀλόγοις

280 306 341 326 nem
355 297 476 325 festinat.
494 296 638 330 Propterea
651 300 679 322 et
692 294 864 330 propheticus
881 301 971 321 sermo
994 294 1072 321 volu-

281 349 382 372 tantem
399 351 428 371 se
440 343 466 369 in
484 341 656 377 passiouibus
673 341 822 374 hominem,
841 341 974 376 jumentis
993 341 1072 368 simi-

281 390 332 417 lem
363 396 425 416 cssc
450 388 560 415 deﬁnit:
580 389 664 414 Homo
682 396 740 413 cum
752 387 779 413 in
803 388 902 413 honore
919 391 997 419 esset,
1018 395 1071 414 non

281 435 426 466 intellexit;
441 439 609 467 comparatus
629 438 668 459 est
686 433 812 468 jumentis
829 432 1024 467 insipientibus,
1045 439 1070 461 et

280 481 374 508 similis
394 481 481 515 factus
501 484 539 507 est
564 480 618 506 illis
632 479 665 506 ‘9.

315 569 342 597 8.
359 569 495 603 Quoniam
517 569 608 602 itaque
631 572 720 595 vestra
743 567 809 595 ﬁdes
825 567 952 602 proponit
971 572 998 594 et
1013 567 1071 601 lnge

281 616 369 644 sancit
394 616 620 650 intemperantem
640 614 734 645 vitam,
751 618 778 640 et
802 614 961 648 passionum
982 614 1070 640 incre-

283 667 404 689 mentum
419 662 511 696 potius
525 665 607 694 atque
629 660 793 691 dominium,
807 667 887 693 quam
908 660 1030 690 rationis,
1045 664 1071 686 et

283 708 316 734 ad
343 707 479 735 deteriora
504 707 610 734 inhiare
630 707 754 734 homines
777 706 906 740 impellit;
922 706 973 733 hoc
991 705 1071 732 uimi-

283 762 343 780 rutu
359 754 480 787 estquod
499 753 628 784 diximus,
646 760 660 779 a
681 752 852 778 naturalibus
865 756 891 778 et
907 756 1070 786 supernatu—

284 799 389 825 ralibus
418 798 450 825 ad
476 798 521 824 illa
545 805 605 831 qum
633 801 736 823 natura:
764 797 942 823 adversantur
969 801 1072 830 pertra-

284 844 349 870 here
361 853 368 870 :
382 848 424 870 est
446 849 535 870 autem
552 842 622 877 apud
636 849 685 870 nos
701 843 727 869 lll
743 842 878 873 confesso,
893 842 970 868 ﬁdem
986 842 1069 873 illam,

283 889 363 923 cujus
378 894 478 915 statuta
497 888 684 922 hujuscemodi
710 894 784 920 sunt,
798 889 907 915 noxiam
932 892 991 915 eese
1007 896 1070 922 pra-

283 942 450 968 vamque,ac
465 935 600 961 neminem
615 942 662 968 per
679 934 750 961 illam
768 935 801 961 ad
818 934 901 961 Deum
921 935 1070 962 accedere:

284 987 350 1014 ergo
376 979 564 1011 concluditur,
586 979 665 1006 tidem
694 985 822 1013 vestram,
839 987 855 1006 ο
872 979 1011 1011 Saraceni,
1035 984 1072 1006 te-

285 1025 382 1052 nebras
399 1025 489 1059 potius
504 1025 647 1052 dicendam
670 1032 750 1059 quam
773 1025 870 1056 lucem,
887 1032 919 1052 ac
936 1026 1071 1052 neminem

285 1078 333 1105 per
354 1071 438 1104 ipsam
463 1071 495 1097 ad
512 1071 596 1097 Deum
621 1071 759 1098 accedere.
781 1070 859 1103 Quod
882 1071 904 1098 si
922 1071 956 1098 ita
971 1075 1023 1101 est,
1039 1079 1073 1098 ne

285 1124 300 1143 a
316 1117 370 1144 Deo
385 1116 493 1151 quidem
509 1117 569 1144 data
586 1118 651 1144 fuit:
667 1121 750 1151 tuque
773 1121 874 1144 temere
893 1116 927 1143 de
945 1117 996 1144 hac
1011 1116 1072 1145 falsi

285 1163 404 1190 nominis
420 1163 471 1190 ﬁde
487 1163 537 1195 vel,
553 1168 582 1190 ut
604 1163 694 1190 verius
716 1163 816 1195 dicam,
832 1163 1001 1195 inﬁdelitate,
1015 1163 1073 1198 glu-

286 1208 367 1236 riaris
388 1213 415 1236 et
439 1209 579 1236 extolleris
595 1208 729 1243 nobisque
749 1209 917 1242 obloqueris.
937 1209 1072 1241 Quoniam

285 1262 351 1282 vero
384 1259 475 1282 nostra
509 1255 575 1282 tldes
597 1255 764 1282 contrarium
790 1259 888 1282 vestrae
904 1255 1072 1289 praescribit;

286 1307 349 1327 nam
379 1305 467 1327 vestra
497 1301 645 1331 luxuriam,
664 1305 756 1327 nostra
785 1300 963 1335 pudicitiam;
984 1305 1072 1328 vestra

286 1345 443 1380 ingluviem,
462 1349 554 1372 nostra
572 1346 799 1380 temperantiam;
819 1351 909 1372 vestra
925 1346 1072 1378 luxuriam,

287 1397 380 1419 nostra
394 1391 604 1426 ingenuitatem;
617 1400 649 1419 en
665 1393 878 1419 demonstratum
891 1392 941 1421 fuit
956 1398 1073 1421 vestram

286 1444 348 1464 esse
371 1445 481 1471 pravam
504 1441 531 1463 ct
551 1438 672 1469 noxiam,
689 1445 777 1472 neque
800 1437 856 1465 Deo
871 1438 1073 1471 conciliantem,

287 1488 429 1518 propterea
445 1484 517 1518 quod
544 1483 633 1511 brutis
656 1484 747 1518 potius
773 1484 976 1512 communicare
999 1484 1073 1512 facit.

287 1529 463 1564 Exploratum
477 1534 518 1556 est.
534 1529 636 1563 itaque,
646 1534 770 1557 nostram
789 1530 888 1557 bonam
904 1538 964 1558 esse
980 1535 1007 1558 et
1021 1531 1074 1558 uti-

287 1575 352 1608 lem,
370 1581 397 1602 et
415 1575 459 1602 Dei
481 1583 530 1602 nos
552 1575 700 1602 familiares
716 1576 888 1608 ellicientem,
907 1577 971 1611 quia
987 1577 1076 1604 homi-

289 1628 338 1648 nes
365 1621 398 1648 ad
429 1622 586 1656 angelorum
607 1622 789 1649 conditionem
816 1623 938 1650 extollit:
961 1623 1076 1658 ideoque

288 1673 436 1700 possumus
462 1666 629 1693 conﬁdenter
658 1667 760 1697 dicere,
782 1666 883 1693 nullam
906 1675 967 1694 esse
996 1667 1074 1695 ﬁdem

290 1717 386 1746 prazter
412 1716 533 1739 nostram
555 1713 601 1747 qui
626 1712 775 1740 Christiani
799 1721 906 1745 smnus,
931 1713 1009 1748 cujus
1027 1721 1078 1748 ope

289 1762 378 1791 potest
403 1758 539 1792 quispiam
566 1758 621 1785 Deo
644 1758 839 1792 propinquare,
857 1767 1006 1794 verumque
1029 1759 1078 1786 bo-

290 1811 355 1829 num
370 1804 542 1837 participare.
552 1803 641 1838 Atque
650 1804 781 1831 hactenus
790 1805 822 1832 de
831 1808 919 1831 vestra
932 1809 1079 1839 nostraque

292 1848 344 1875 [ide
360 1849 426 1875 satis
444 1848 545 1876 dictutn
573 1849 618 1876 sit.

325 1894 352 1921 9.
373 1893 456 1920 Paulo
489 1899 579 1921 autem
611 1902 782 1928 progressus,
811 1894 957 1922 ostendere
984 1895 1078 1922 niteris

291 1939 427 1966 hominem
444 1947 614 1974 nequaquam
629 1940 660 1966 ad
678 1940 721 1966 Dei
738 1940 882 1974 imaginem
902 1948 934 1967 ac
953 1941 1080 1967 similitu—

290 1985 381 2011 dinem
406 1984 490 2012 fuisse
507 1990 645 2017 creatum;
659 1985 696 2012 uti
714 1993 765 2012 nos
789 1985 889 2021 Moysis
915 1986 1034 2013 historia:
1053 1991 1080 2013 et

290 2029 372 2055 rebus
387 2029 452 2063 ipsis
467 2029 618 2061 credentes,
632 2029 664 2056 ad
680 2034 705 2056 te
720 2030 892 2064 scripsimus.
909 2030 998 2062 Quare
1017 2039 1078 2057 cum

290 2075 414 2108 specioso
430 2079 558 2109 praetextu
573 2076 614 2102 sic
635 2075 736 2102 videris
754 2076 875 2102 scribere
893 2084 899 2101 ε
915 2085 924 2101 ‹
945 2075 1016 2102 Deus
1037 2077 1080 2102 in-

290 2121 452 2147 enarrabilis
488 2126 540 2152 est,
566 2120 755 2152 indciinibilis,
784 2121 1078 2155 iucomprchensibilis.

291 2167 403 2200 Semper
419 2167 492 2193 enim
519 2166 570 2193 fuit
589 2167 669 2198 Deus,
698 2175 833 2201 nemoque
862 2167 960 2194 similis
985 2167 1009 2194 ei
1027 2173 1079 2194 est.

290 2210 357 2238 Nam
372 2211 502 2239 celsitudo
515 2211 575 2246 ejus
590 2212 695 2239 inﬁnita
711 2218 764 2244 est,
781 2212 860 2247 isque
875 2212 979 2246 plasma
997 2220 1078 2240 suum

1122 294 1201 326 ζώοις
1216 295 1405 320 ἐπικοινωνεῖ·
1431 294 1478 320 καὶ
1497 293 1577 320 τοῦτο
1602 294 1687 320 ποιῶν
1707 293 1818 320 σπεύδει
1840 295 1908 320 ἀπο-

1121 341 1302 376 κτηνωθῆναι.
1330 340 1379 367 Διά
1396 348 1437 366 τοι
1452 339 1530 366 τοῦτο
1548 341 1593 366 καὶ
1609 341 1623 366 ό
1648 340 1816 374 προφητικδς
1831 340 1910 374 λόγος

1121 387 1166 414 τον
1180 388 1209 413 ὲν
1233 387 1288 418 τοῖς
1313 385 1412 412 πάθεσι
1436 385 1645 420 κυλινδούμενον
1673 385 1827 420 ἄνθρωπον,
1859 386 1911 420 ἀφ-

1121 433 1298 468 ωμοιωμένον
1308 433 1363 463 τοῖς
1371 432 1498 467 κτήνεσιν
1511 428 1562 457 ὧδε
1575 430 1765 464 ἀποφαίνεται·
1784 431 1912 464 Ἀνθρω-

1121 488 1178 512 πος
1193 479 1227 506 ὲν
1239 478 1307 514 τιμῇ
1320 479 1362 505 ὢν
1378 480 1413 505 οὺ
1425 478 1542 511 συνῆκε
1552 486 1560 493 ⁸
1579 476 1834 511 παρασυνεόλήθη
1848 477 1911 510 τοῖς

1121 525 1247 558 κτήνεσι
1260 525 1323 558 τοῖς
1334 524 1483 557 ἀνοήτοις,
1509 524 1557 550 καὶ
1574 523 1706 557 ὡμοιώθη
1720 523 1833 556 αὐτοῖς.

1156 570 1191 605 η’.
1214 571 1290 597 Ἐπεὶ
1302 569 1349 597 οὖν
1372 571 1389 604 ὴ
1406 570 1528 604 ὑμετέρα
1547 569 1638 600 πίστις
1653 569 1852 602 ἐπαγγέλλεται
1866 569 1912 595 καὶ

1121 615 1370 651 πρισθεσπίζειτδν
1381 615 1530 641 ἀκόλαστον
1548 614 1614 648 βίον,
1628 615 1674 640 καὶ
1689 614 1743 640 τῶν
1756 614 1850 640 παθῶν
1863 614 1913 648 τὴν

1121 663 1234 697 αῦξησιν
1251 663 1298 689 καὶ
1308 662 1499 696 ἐπικράτειαν,
1517 661 1590 695 ἢπερ
1607 660 1654 686 τοῦ
1671 659 1761 693 λόγου,
1785 661 1831 686 καὶ
1844 659 1912 694 προς

1120 711 1154 736 τὰ
1170 710 1254 745 χεξρω
1270 709 1413 743 κεχηνέναι
1427 707 1490 738 τοὺς
1503 706 1663 740 ἀνθρώπους
1676 705 1822 740 προσωθεῖ,
1835 704 1913 731 τοῦτο

1121 755 1149 782 δέ
1165 756 1223 782 ἐστι
1233 754 1262 781 τὺ
1276 755 1307 780 ἐκ
1322 753 1376 780 τῶν
1392 754 1464 779 κατὰ
1485 752 1566 787 φύσιν
1590 751 1637 777 καὶ
1659 750 1807 786 ὑπερςυῶν
1819 751 1864 776 ἐπὶ
1879 751 1914 776 τὰ

1122 801 1196 836 παρὰ
1212 800 1294 836 φύσιν
1311 800 1373 830 τοὺς
1388 798 1548 833 ἀνθρώπους
1561 798 1721 831 κατασπᾷν·
1739 796 1914 831 ὡμολόγηται

1121 848 1149 874 δὲ
1163 848 1229 882 ἡμῖν
1243 847 1284 873 ὅτι
1297 844 1330 882 ἧς
1344 846 1377 873 τὰ
1393 844 1578 879 θεσπιζόμενα
1602 843 1714 870 τοιαῦτα
1740 843 1912 874 καθίσταται,

1124 891 1243 927 βλαϐερά
1251 892 1309 917 ἐστι
1327 892 1374 917 καὶ
1385 890 1563 926 δύσχρηστος,
1576 890 1624 915 καὶ
1633 888 1719 919 οὐδεὶς
1729 887 1763 914 δι’
1781 887 1866 921 αὐτῆς
1876 888 1915 913 οἰ-

1123 939 1244 966 κειοῦται
1253 937 1312 972 Θεῷ
1321 945 1328 952 ’
1348 937 1494 970 συνάγεται
1509 935 1563 970 ἄρα
1579 935 1620 961 ’ότι
1633 935 1650 969 ἠ
1664 933 1784 969 ὑμετέρα
1795 932 1850 959 τῶν
1863 933 1914 959 Σα-

1125 985 1251 1021 ρακηνῶν
1264 984 1364 1016 πίστις,
1383 983 1478 1013 σκότος
1495 982 1595 1017 μᾶλλον
1609 981 1680 1016 ἥπερ
1691 980 1759 1014 φῶς,
1769 980 1816 1006 καὶ
1828 979 1915 1011 οὐδεὶς

1123 1031 1156 1057 δι’
1173 1030 1258 1064 αὐτῆς
1269 1030 1308 1065 τῷ
1322 1029 1381 1063 Θεῷ
1395 1027 1558 1055 οἰκειοῦται·
1576 1028 1600 1053 εἰ
1617 1027 1646 1053 δὲ
1659 1026 1749 1058 τοῦτο,
1766 1026 1827 1053 οὐδὲ
1839 1026 1916 1061 παρὰ

1124 1075 1192 1102 Θεοῦ
1207 1075 1325 1107 δέδοται,
1356 1074 1403 1100 καὶ
1429 1073 1518 1108 μάτην
1543 1072 1590 1099 ἐπὶ
1608 1073 1657 1108 τὴν
1676 1072 1853 1107 ψευδώνυμον
1868 1072 1914 1098 πί-

1125 1131 1193 1155 στιν,
1218 1121 1373 1157 μᾶλλονδὲ,
1401 1121 1425 1146 εἰ
1448 1119 1502 1154 χρὴ
1529 1118 1646 1154 τάληθὲς
1671 1119 1768 1150 εἰπεῖν,
1785 1117 1916 1144 ἀπιστίαν

1125 1166 1232 1200 ἔπαυχῇ
1245 1166 1292 1191 καὶ⁸
1303 1164 1406 1199 ὲπαίρῃ
1420 1164 1466 1190 καὶ
1485 1163 1559 1197 ἡμᾶς
1578 1162 1733 1198 προσ-καλῇ.
1761 1162 1870 1196 Ἐπειδὴ
1887 1161 1918 1188 δὲ

1125 1212 1172 1238 καὶ
1185 1213 1201 1246 ἡ
1218 1211 1339 1246 ἡμετέρα
1350 1211 1451 1241 πίστις,
1460 1210 1490 1235 τὸ
1502 1209 1623 1235 ἐναντίον
1633 1208 1919 1244 τῆςὺμετέραςὲπαγ-

1125 1257 1260 1292 γέλλεται,
1277 1256 1369 1289 ἐκείνη
1390 1256 1439 1290 μὲν
1452 1255 1609 1285 ἀκολασίαν,
1633 1253 1702 1290 αῦτη
1715 1254 1894 1289 σωφροσύνην
1908 1262 1917 1269 ”

1126 1304 1217 1338 ἐκείνη
1227 1300 1459 1337 γαστριμαργίαν,
1469 1300 1537 1335 αῦτη
1552 1300 1716 1335 ἐγκράτειαν
1729 1309 1735 1314 ·
1750 1300 1840 1334 ἐκείνη
1850 1301 1920 1325 ἀσω-

1124 1350 1195 1381 τίαν,
1203 1348 1270 1382 αὕτη
1283 1347 1500 1382 ἐλευθεριότητα,
1508 1345 1640 1372 δέδεικται
1647 1345 1674 1372 δὲ
1682 1345 1774 1380 ἐκείνη
1784 1345 1920 1380 ἄχρηστος

1125 1396 1172 1421 καὶ
1181 1394 1300 1429 βλαϐερὰ
1317 1394 1362 1420 καὶ
1378 1392 1408 1418 οὐ
1424 1391 1483 1426 Θεῷ
1507 1391 1656 1422 οἰκειοῦσα,
1674 1391 1719 1417 διὰ
1733 1391 1764 1417 τὺ
1788 1392 1844 1422 τοῖς
1858 1390 1921 1416 ἁλό-

1125 1449 1184 1475 γοις
1199 1440 1300 1474 μᾶλλον
1319 1439 1456 1466 κοινωνεῖν
1475 1437 1734 1472 παρασκευάζουσα,
1750 1437 1866 1471 φανερὸν
1878 1437 1921 1463 ὅτι

1126 1487 1142 1521 ὴ
1155 1487 1277 1522 ἡμετέρα
1293 1485 1443 1521 εὔχρηστος
1452 1485 1499 1511 καὶ
1512 1484 1650 1518 ὠφέλιμος
1663 1483 1709 1509 καὶ
1725 1483 1786 1517 Θεῷ
1804 1482 1921 1508 οἰκειοῦ-

1127 1542 1172 1566 σα,
1187 1533 1231 1559 διὰ
1245 1533 1275 1558 τὸ
1286 1532 1348 1563 τοὺς
1359 1531 1520 1566 ἀνθρώπους
1535 1529 1637 1565 μᾶλλον
1653 1530 1708 1560 τοῖς
1722 1528 1850 1562 ἀγγέλοις
1863 1529 1922 1554 ἐπι-

1128 1580 1273 1607 συνάπτειν
1287 1586 1294 1593 ”
1310 1578 1350 1604 διδ
1367 1577 1466 1612 μᾶλλον
1493 1577 1560 1611 ἡμῖν
1576 1576 1649 1602 ἐστιν
1666 1575 1809 1610 ἀραρότως
1836 1574 1922 1609 φθέγ-

1129 1626 1225 1660 γεσθαι
1236 1644 1242 1655 .
1259 1625 1300 1650 ὅτι
1321 1625 1370 1650 οὐκ
1386 1623 1443 1649 ἔστι
1455 1623 1547 1653 πίστις
1562 1622 1637 1657 παρὰ
1652 1622 1701 1656 τὴν
1717 1621 1854 1656 ἡμετέραν
1867 1620 1923 1647 τῶν

1130 1670 1311 1705 Χριστιανῶν,
1324 1669 1357 1696 δι’
1374 1666 1407 1704 ἧς
1418 1668 1531 1695 δύναταί
1546 1676 1588 1698 τις
1601 1666 1660 1702 Θεῷ
1674 1666 1858 1701 οἰκειωθῆναι,
1874 1666 1922 1692 καὶ

1129 1717 1182 1742 τῶν
1198 1706 1288 1742 καλῶν
1311 1716 1340 1742 ὲν
1365 1714 1498 1750 μετουσίᾳ
1518 1712 1658 1748 γενέσθαι.
1692 1713 1747 1739 Καὶ
1766 1711 1852 1739 ταῦτα
1873 1712 1924 1746 μὲν

1131 1762 1194 1797 περὶ
1211 1770 1241 1788 τε
1254 1761 1304 1796 τῆς
1322 1761 1457 1796 ὑμετέρας
1475 1760 1522 1786 καὶ
1549 1759 1686 1794 ἡμετέρας
1709 1759 1827 1789 πίστεως
1854 1759 1924 1785 ἀπο-

1131 1808 1260 1844 χρώντως
1271 1804 1320 1835 ὦδε
1333 1807 1464 1842 λελέχθω.

1166 1894 1199 1922 0'.
1215 1893 1396 1930 Παρακατιὼν
1411 1893 1440 1920 δὲ
1457 1893 1556 1929 μικρὸν
1568 1893 1699 1928 πειρᾶσαι
1719 1892 1805 1925 δεῖξαι
1821 1891 1867 1918 τὸν
1876 1891 1924 1918 ἄν·

1130 1941 1240 1977 θρωπον
1256 1941 1294 1976 μὴ
1307 1941 1367 1967 κατ’
1381 1939 1473 1966 εἰκόνα
1487 1939 1554 1965 Θεοῦ
1569 1939 1616 1965 καὶ
1630 1938 1760 1974 ὁμοίωσιν
1773 1937 1925 1963 διαπεπλᾶ-

1131 1988 1203 2018 σοαι,
1221 1986 1257 2018 ὡς
1273 1988 1353 2021 ἡμεῖς
1368 1987 1401 2021 τῇ
1417 1985 1488 2012 κατὰ
1504 1985 1624 2012 Μωῦσέα
1646 1984 1753 2019 ἱστορίᾳ
1766 1984 1813 2010 καὶ
1826 1984 1923 2015 αὐτοῖς

1130 2035 1185 2065 τοῖς
1205 2033 1350 2067 πράγμασι
1366 2031 1522 2066 πειθόμενοι
1538 2031 1606 2065 πρὸς
1625 2031 1653 2057 σὲ
1675 2031 1869 2065 γεγράφαμεν·
1883 2030 1925 2056 διὸ

1130 2080 1178 2106 καὶ
1192 2080 1251 2114 μετ’
1267 2079 1379 2112 εὐλόγου
1394 2079 1484 2108 αἰτίας
1509 2078 1599 2108 δοκεῖς
1612 2076 1729 2112 γράφειν
1744 2075 1830 2107 οὕτως
1844 2085 1850 2091 ι
1871 2085 1880 2101 ι
1893 2076 1923 2101 '0

1130 2125 1196 2155 Θεδς
1211 2123 1405 2158 ἀνεκδιήγητός
1425 2124 1484 2150 ἐστι
1506 2123 1553 2149 καὶ
1571 2122 1765 2157 ἀπεριόριστος
1779 2122 1826 2148 καὶ
1856 2123 1922 2148 ἀπε-

1132 2169 1276 2204 ρίληπτος·
1306 2168 1350 2194 ἀεὶ
1371 2168 1427 2202 γὰρ
1441 2165 1476 2202 ἦν
1488 2168 1502 2192 ὁ
1521 2167 1596 2198 Θεὸς,
1613 2167 1659 2192 καὶ
1678 2166 1769 2201 ὅμοιος
1785 2165 1859 2200 αὺτῷ
1872 2165 1924 2191 οὐκ

1130 2214 1164 2252 ἦν
1175 2225 1181 2231 ·
1195 2216 1225 2242 τὸ
1239 2216 1294 2251 γὰρ
1306 2215 1372 2250 nec;
1386 2214 1468 2241 αὐτοῦ
1486 2214 1611 2249 ἀόριστόν
1624 2214 1698 2239 ἐστιν
1710 2220 1717 2228 '
1734 2213 1764 2244 ὃς
1778 2212 1878 2238 ἔπλασε
1893 2212 1924 2238 τὸ

291 2255 355 2284 fecit
373 2257 474 2291 absque
490 2257 543 2283 ulla
560 2257 602 2284 sui
621 2257 810 2284 similitudine.
831 2267 839 2282 ι
857 2257 893 2284 Ex
909 2265 964 2292 quo
978 2257 1074 2284 videris

1130 2262 1243 2296 πλάσμα
1271 2261 1353 2288 αὑτοῦ
1371 2261 1455 2296 χωρὶς
1470 2261 1520 2294 τῆς
1544 2260 1704 2295 ὁμοιότητος
1727 2259 1776 2292 τῆς
1793 2258 1860 2293 πρὸς
1873 2258 1924 2284 αῦ-

291 2303 464 2336 concluderc,
481 2304 619 2331 hominem
637 2304 707 2330 haud
720 2303 804 2331 fuisse
817 2309 939 2330 creatum
957 2303 989 2330 ad
1007 2304 1076 2330 ima-

290 2349 379 2383 ginem
403 2357 434 2376 ac
458 2349 663 2377 similitudinem
690 2350 749 2377 Dei.
778 2349 844 2377 Nam
866 2350 929 2384 quia
948 2350 1017 2377 Deus
1034 2351 1075 2376 in-

291 2395 543 2429 comprehensibilis
559 2400 600 2423 est
615 2401 641 2422 et
655 2396 800 2423 invisibilis
811 2400 838 2423 et
861 2396 970 2426 similia.
988 2397 1077 2422 nulla-

291 2447 343 2474 que
363 2448 405 2466 res
429 2440 453 2466 ei
479 2440 671 2474 comparabilis
699 2446 761 2472 est,
789 2445 862 2475 patet
882 2450 914 2467 ne
939 2441 1075 2468 hominem

291 2486 412 2518 quidem,
433 2487 561 2519 quoniam
585 2485 655 2512 inter
673 2494 715 2513 res
732 2486 897 2513 exsistentes
913 2491 965 2519 est,
984 2487 1016 2514 ad
1033 2487 1079 2514 Dei

291 2530 436 2565 imaginem
450 2539 482 2558 ac
493 2531 698 2558 similitudinem
715 2531 828 2558 iactum.
845 2531 906 2559 llzec
920 2537 985 2559 sunt
1000 2532 1080 2559 verba

293 2576 410 2603 hominis
425 2577 478 2603 Deo
492 2577 576 2610 legem
593 2577 740 2603 statuentis
751 2577 866 2611 ejusque
878 2577 1077 2608 crcationibus.

292 2622 359 2648 nihil
386 2627 473 2649 tamen
492 2631 583 2650 verum
599 2624 724 2651 dicentis.
739 2623 863 2651 Profecto
881 2625 902 2651 si
931 2633 992 2658 nos,
1013 2625 1077 2652 dum

292 2667 430 2695 hominem
453 2669 487 2696 ad
520 2669 565 2696 Dei
592 2670 734 2703 imaginem
757 2679 788 2697 ac
810 2671 1019 2698 similitudinem
1037 2670 1079 2697 fa-

290 2718 365 2740 cturn
389 2714 565 2747 aﬁirmamus,
585 2715 745 2742 substantiae
766 2716 973 2743 similitudinem
1003 2715 1078 2742 dice-

291 2769 393 2793 remus,
413 2769 473 2796 qua:
492 2767 519 2789 et
549 2762 715 2795 indiﬁ'erens,
735 2764 790 2789 imo
814 2765 908 2790 eadem
939 2771 1001 2791 cum
1025 2763 1079 2790 Deo

290 2811 381 2839 esset,
402 2812 430 2835 et
447 2816 509 2835 mox
537 2807 621 2836 Deum
642 2810 833 2837 conﬁteremur
855 2811 1077 2844 iueuarrabilem,

326 2893 348 2909 δ’
362 2894 432 2922 Psal.
454 2904 545 2930 sum,
566 2897 608 2924 i3.

1129 2309 1174 2334 τόν
1185 2316 1193 2324 ’
1214 2317 1223 2333 ι
1240 2308 1277 2338 ὡς
1291 2306 1414 2333 ὲντεῦθεν
1433 2306 1520 2338 δοκεῖς
1537 2305 1675 2339 συνάγειν,
1693 2305 1736 2331 ὅτι
1750 2305 1763 2330 6
1778 2303 1924 2338 ἄνθρωπος

1129 2353 1160 2380 οὐ
1176 2353 1328 2379 πέπλασται
1346 2352 1406 2378 κατ’
1422 2352 1513 2378 είκόνα
1540 2350 1608 2377 Θεοῦ
1624 2350 1672 2376 καὶ
1686 2349 1826 2384 ὁμοίωσιν.
1847 2349 1925 2375 Ἐπεὶ

1131 2398 1184 2432 γὰρ
1201 2399 1214 2424 ό
1235 2398 1301 2428 Θεὸς
1313 2396 1498 2432 ἀπερίληπτός
1522 2397 1580 2422 ἐστι
1596 2396 1642 2422 καὶ
1654 2396 1769 2430 ἀόρατος
1787 2395 1834 2420 καὶ
1848 2394 1925 2428 asp-.-

1133 2451 1194 2474 στος
1209 2443 1299 2468 καὶτὰ
1316 2441 1504 2476 παραπλήσια,
1520 2441 1567 2467 κα)⁴
1582 2440 1658 2466 οὐδὲν
1671 2441 1724 2466 τῶν
1740 2440 1824 2466 ὄντων
1835 2439 1924 2465 ἔοικεν

1131 2489 1215 2522 αὐτῷ,
1230 2488 1308 2523 δῆλον
1324 2489 1364 2514 ὅτι
1379 2488 1440 2514 οὐδὲ
1453 2487 1467 2513 ὁ
1493 2487 1645 2522 ἄνθρωπος,
1672 2486 1764 2520 ἐπειδὴ
1780 2486 1826 2512 καὶ
1842 2485 1926 2516 αὑτός

1131 2545 1158 2562 τι
1170 2535 1224 2561 τῶν
1239 2535 1323 2560 οντων
1343 2534 1432 2561 ἐστίν·
1462 2535 1485 2560 εἰ
1508 2534 1536 2560 δὲ
1554 2532 1644 2563 τοῦτο,
1670 2533 1730 2559 κατ’
1747 2533 1840 2558 εἰκόνα
1855 2531 1923 2558 Θεοῦ

1133 2582 1180 2608 καὶ
1199 2581 1328 2616 ὁμοίωσιν
1347 2581 1378 2606 οὺ
1405 2580 1561 2614 γεγένηται.
1593 2579 1685 2605 Ταῦτα
1716 2577 1924 2611 νομοθετοῦντός

1133 2628 1206 2653 ἐστιν
1218 2627 1265 2653 ἐπὶ
1280 2626 1346 2652 Θεοῦ
1361 2625 1408 2652 καὶ
1424 2625 1478 2651 τῶν
1493 2623 1575 2651 αὐτοῦ
1592 2624 1762 2657 κτισμάτων,
1779 2623 1809 2649 τὸ
1825 2622 1923 2657 ἀληθὲς

1132 2673 1161 2699 δὲ
1173 2672 1297 2706 οὐδαμῶς
1307 2671 1444 2705 λέγοντος.
1460 2670 1506 2697 Διὸ
1529 2671 1553 2696 εἰ
1569 2670 1619 2703 μὲν
1634 2669 1679 2695 τὸν
1696 2669 1840 2703 ἄνθρωπον
1863 2667 1923 2693 κατ’

1133 2717 1225 2744 εἰκόνα
1241 2717 1308 2744 Θεοῦ
1322 2717 1368 2743 καὶ
1379 2717 1508 2751 ὁμοίωσιν
1517 2716 1600 2750 ἡμεῖς
1610 2714 1733 2748 λέγοντες
1748 2712 1923 2747 γεγενῆσθαι,

1134 2765 1184 2798 τὴν
1199 2764 1258 2791 κατ’
1278 2763 1372 2790 οὐσίαν
1386 2762 1515 2798 ὁμοίωσιν
1526 2761 1667 2795 ἐλέγομεν,
1681 2760 1742 2795 ἥτις
1754 2759 1784 2785 τὸ
1801 2757 1924 2793 ἀπαράλ-

1132 2810 1231 2837 λακτον
1246 2809 1293 2836 καὶ
1310 2807 1407 2835 ταυτὸν
1435 2808 1484 2842 τῆς
1498 2806 1594 2838 οὐσίας
1610 2805 1678 2841 πρὸς
1698 2805 1743 2832 τὸν
1757 2803 1824 2831 Θεὸν
1849 2802 1923 2838 ἔχει’
