2083 3155
180 161 234 192 1’33

740 162 957 193 REFUTATIO
987 162 1069 192 MOH
1077 162 1229 192 AMEDIS.

1755 162 1806 194 ὧι

180 217 241 244 εἶτα
258 217 305 243 τὸν
321 217 388 243 Θεὸν
404 217 600 253 ὁμολογοῦντες
619 217 814 253 ἀνεκδιήγητον
831 220 878 245 καὶ
903 219 971 244 ἀπε-

1024 218 1204 249 indeliuitnm.
1238 217 1538 251 incomprehensibilem
1570 220 1597 244 et
1630 216 1807 249 immensum,

183 263 316 297 ριόριστον
333 263 380 289 καὶ
395 263 588 297 ἀκατάληπτον
608 263 654 289 καὶ
667 263 792 298 ἄπειρον,
821 264 867 290 καὶ
892 264 967 290 οὐδὲν

163 328 167 332 .
179 309 234 335 τῶν
244 308 329 334 ὄντων
342 317 369 334 τι
384 308 514 340 τοιοῦτον,
528 309 598 344 τάχα
614 309 646 335 ἂν
663 309 702 339 είς
716 309 828 339 ἑαυτοὺς
840 310 968 343 περιεπί-

180 353 292 388 πτομεν,
308 354 355 379 καὶ
367 351 440 388 εἶχεν
452 353 561 387 εῠλογον
576 354 606 380 τὸ
631 355 704 389 παρὰ
720 354 766 380 σοῦ
785 354 965 389 γραφόμενον.

186 400 262 425 Ἐπεὶ
281 399 308 425 δὲ
322 400 352 425 οὐ
373 399 421 433 τὴν
436 400 497 425 κατ’
513 399 607 426 οὐσίαν
624 399 754 434 ὁμοίωσιν
777 401 806 426 ὲν
822 400 861 434 τῷ
878 400 968 433 λέγειν

181 446 251 480 ἡμᾶς
266 448 312 471 τὸν
333 445 456 471 ἄνοωπον
483 445 543 471 κατ’
561 446 654 472 εἰκόνα
674 446 742 472 Θεοῦ
769 446 816 472 καὶ
839 446 968 480 ὁμοίωσιν

179 490 342 525 γεγενῆσθαι
374 491 596 525 ἐκλαμϐάνομεν,
628 491 695 518 ἀλλά
714 491 762 526 τὴν
782 492 811 517 τὸ
835 492 967 525 ἀνάλογον

179 536 292 570 ἔχουσαν
310 536 377 571 πρὸς
395 536 472 566 Θεὸν,
489 537 505 570 ἢ
521 537 568 562 καὶ
582 537 628 562 ἐπὶ
642 537 696 562 τῶν
712 537 869 571 κτισμάτων
885 536 967 571 εὕρη-

179 589 235 613 ται,
259 582 334 607 οὐδὲν
346 582 459 613 ἀπεικὸς
480 582 583 608 ἔνεστιν
601 584 672 617 ἡμᾶς
688 583 815 617 γράφειν,
833 583 874 608 ὃτι
889 583 902 608 ὁ
920 583 967 608 ἄν·

180 627 288 661 θρωπος
299 628 359 653 κατ’
372 628 464 653 εἰκόνα
475 628 542 654 Θεοῦ
555 629 602 655 καὶ
610 629 738 662 ὁμοίωσιν
752 629 905 654 πέπλασται
915 628 966 663 (5).

180 673 265 700 Τοῦτο
277 674 330 708 γὰρ
346 674 393 699 καὶ
408 674 495 700 πείθει
509 675 582 708 ἡμᾶς
601 675 741 708 ὁμολογεῖν
760 675 776 708 ἡ
797 675 868 700 κατά
885 675 968 700 Μωῡ⁸

181 717 230 743 σέα
242 718 290 751 τῆς
305 718 439 751 γενέσεως
457 718 504 744 τοῦ
529 719 633 754 κόσμου
650 719 755 753 ἱστορία
766 727 773 734 ⁸
789 719 829 745 διὸ
851 720 911 745 κατ’
929 720 968 745 εἱ-

180 764 246 789 κόνα
262 764 311 798 μέν
328 769 428 798 φαμεν,
448 765 519 791 κατὰ
534 765 563 790 τὸ
578 765 706 799 ἀρκτικον
725 764 774 800 [ita
793 764 863 800 catt]
878 774 907 791 τε
922 765 968 791 καὶ

142 845 146 849 “
180 808 362 840 αὐτεξούσιον.
383 810 442 836 Ἔτι
459 819 490 843 γε
517 810 569 845 μὴν
583 811 611 836 ὲν
625 810 662 845 τῷ
677 811 812 845 ἀνθρώπῳ
826 811 883 837 ἐστι
908 811 968 842 νοῦς

1019 272 1080 291 clllll
1109 264 1180 291 nulla
1213 271 1256 291 res
1285 264 1419 290 exsistens
1443 264 1504 291 talis
1530 264 1575 295 sit,
1594 263 1729 290 nobismet
1755 264 1807 298 ipsi

1019 308 1280 338 contradiceremus.
1296 313 1322 334 et
1342 309 1413 342 quod
1429 313 1456 334 tu
1476 308 1575 335 scribis
1592 308 1729 335 videretur
1743 316 1808 343 pro-

1018 354 1118 381 babile.
1147 354 1226 380 Nunc
1251 354 1314 387 quia
1344 361 1395 380 non
1423 354 1582 380 substantiae
1602 346 1806 380 similitudinem

1019 399 1205 433 intelligimus,
1225 407 1285 426 eum
1313 399 1450 425 hominem
1482 399 1514 425 ad
1543 399 1588 425 Dei
1609 399 1755 433 imaginem
1776 406 1808 425 ac

1019 443 1224 471 similitudinem
1253 443 1353 469 factmn
1380 443 1507 474 dicimus.
1533 444 1578 469 sed
1607 444 1696 476 politis
1715 444 1809 469 analo-

1019 490 1092 524 giam
1104 497 1167 522 erga
1183 489 1279 520 Deum,
1294 497 1354 522 quin
1367 490 1447 515 etiam
1465 489 1491 515 in
1507 489 1640 515 creaturis
1653 489 1807 520 invenitur,

1019 534 1087 560 nihil
1103 534 1233 560 absonum
1254 538 1307 564 est,
1326 541 1375 560 nos
1395 534 1514 560 scribere
1535 534 1671 560 hominem
1691 534 1723 560 ad
1741 534 1809 560 ima-

1018 580 1107 614 ginem
1140 579 1186 606 Dei
1224 588 1258 607 ac
1292 579 1499 606 similitudinem
1533 579 1617 606 fuisse
1650 579 1807 605 formatum.

1019 626 1095 652 llanc
1121 626 1193 652 enim
1214 625 1413 652 confessionem
1438 625 1516 651 nobis
1543 625 1638 651 suadet
1654 624 1809 659 Moysishi-

1020 672 1103 698 Storia
1119 672 1152 698 de
1168 672 1260 698 mttndi
1280 671 1382 705 genesi.
1402 671 1462 696 Ideo
1474 670 1507 697 ad
1522 671 1666 703 imaginem
1680 671 1808 702 dicimus,

1019 717 1170 743 secundum
1192 717 1302 742 liberam
1333 715 1502 741 voluntatem
1526 715 1717 741 etarbitrintn.
1736 714 1808 741 Prae-

1020 768 1092 788 terea
1118 763 1143 788 in
1171 762 1280 788 ltomine
1309 766 1350 788 est
1380 769 1466 792 mens,
1489 761 1609 790 verbum.
1629 768 1660 786 ac
1686 760 1809 794 spiritus.

1019 807 1095 834 Mens
1116 808 1236 841 quidem,
1254 807 1329 834 verbi
1351 807 1434 832 nostri
1454 807 1586 840 genitrix:
1604 806 1714 833 verbum
1735 813 1810 832 men-

181 853 227 880 καὶ
253 853 330 887 λόγος
347 855 395 881 καὶ
410 856 534 890 πνεῦμα·
560 857 606 882 καὶ
621 857 634 881 6
663 856 713 890 μὲν
739 856 811 887 νοῦς,
830 857 968 892 γεννήτωρ

1022 854 1054 880 tis
1083 855 1226 889 genimcn:
1245 860 1271 880 et
1293 854 1405 888 spiritus
1435 861 1482 887 per
1516 853 1628 879 verbum
1662 852 1808 887 profertur.

181 898 240 924 ἐστὶ
250 899 296 925 τοῦ
320 900 348 925 ἐν
371 900 436 934 ἡμῖν
452 900 548 934 λόγου·
569 902 582 927 ὁ
609 900 636 927 δὲ
657 901 745 934 λόγος,
771 900 895 935 γέννημὰ
910 902 968 927 ἐστι

180 944 257 976 νοός·
272 945 318 971 καὶ
344 946 374 972 τὸ
397 946 505 981 πνεῦμα
519 947 563 973 διὰ
579 947 625 973 τοῦ
646 944 724 981 λόγου
753 947 893 974 ἐκδεδοται.
915 948 970 974 Καὶ

133 1010 139 1015 .
180 990 274 1025 ὥσπερ
289 991 349 1026 δίχα
365 991 444 1026 λόγου
463 993 524 1024 νοῦς
541 994 637 1026 ἄλογος
654 994 703 1019 οὐκ
717 994 800 1025 ἐστιν,
812 993 883 1020 οὕτω
898 994 943 1020 καὶ
956 994 970 1019 ὁ

180 1036 260 1070 λόγος
273 1037 334 1071 δίχα
352 1038 411 1068 νοὸς
423 1039 502 1070 ἄνους
516 1039 564 1073 οὐχ
588 1038 713 1074 εὓρηται,
726 1038 782 1065 ἀλλ⁸
795 1039 853 1074 ἅμα
869 1048 970 1065 συνυπ-

181 1083 270 1118 άρχει,
287 1084 332 1109 καὶ
357 1084 388 1109 οὐ
408 1084 568 1118 προτερεύει
588 1085 701 1120 οᾱιτερος
719 1085 832 1119 θατέρου
844 1095 851 1101 ·
870 1085 969 1120 ὁμοίως

180 1127 209 1154 δὲ
223 1129 269 1154 καὶ
280 1129 294 1154 ὁ
309 1129 396 1162 λόγος,
414 1129 478 1155 ἄνευ
495 1130 650 1164 πνεύματος
665 1131 715 1157 οὐκ
729 1131 844 1163 ἔνεστιν,
865 1131 925 1157 οὐδὲ
940 1131 970 1157 τὺ

182 1174 292 1208 πνεῦμα
308 1176 338 1201 τὸ
354 1176 394 1207 εἰς
414 1177 506 1211 φωνὴν
527 1177 729 1212 ὲκτυπούμενον
747 1177 811 1203 ἄνευ
827 1177 915 1211 λόγου.

219 1230 246 1257 ι’.
273 1232 350 1258 Ἐπεὶ
374 1230 450 1268 οὖνὴ
477 1233 638 1267 ὐπεροὺσιος
668 1234 714 1260 καὶ
740 1234 865 1265 ἀκτιστος
880 1234 969 1266 οὐσία,

180 1277 241 1312 ἥτις
252 1278 324 1304 ἐστὶν
336 1279 350 1304 ὁ
359 1278 435 1309 Θεὸς,
449 1280 477 1305 ἐν
493 1280 581 1314 τρισὶν
597 1280 761 1306 ὑποστάσεσι
774 1280 927 1314 θεωρεῖται,
942 1280 971 1306 ἐν

181 1332 211 1350 τε
225 1324 263 1358 τῷ
283 1325 368 1359 Πατρὶ
385 1325 432 1351 καὶ
447 1325 485 1359 τῷ
494 1325 551 1360 Υἱῴ
568 1326 615 1351 καὶ
630 1326 668 1360 τῷ
683 1326 820 1359 Πνεύματι
834 1327 872 1361 τῷ
889 1326 968 1360 ἁγίῳ,

180 1368 219 1399 ὡς
231 1369 296 1404 ἡμῖν
307 1370 493 1397 ἀποδέδεικται
505 1371 551 1397 καὶ
563 1371 652 1402 καλῶς
670 1371 837 1404 πιστεύεται,
848 1372 971 1406 ἀναλογεῖ

183 1414 232 1449 μὲν
250 1415 263 1440 ὁ
278 1415 339 1441 καθ’
354 1417 427 1451 ἡμᾶς
444 1417 516 1449 νοῦς,
534 1419 674 1452 γεννήτωρ
691 1417 728 1444 ὢν
742 1417 787 1444 τοῦ
803 1419 831 1443 ὲν
848 1418 913 1452 ἡμῖν
927 1417 970 1443 λό-

181 1469 242 1493 γου,
261 1461 298 1495 τῷ
310 1461 370 1496 Θεῷ
389 1462 435 1488 καὶ
455 1463 542 1497 Πατρὶ
558 1463 596 1497 τῷ
609 1463 701 1494 ἁῖδὶως
719 1464 766 1489 καὶ
784 1463 906 1497 ἁχρόνως
925 1462 970 1489 sitv

1024 899 1055 925 Et
1071 899 1300 933 quemadmodum
1316 899 1389 925 nulla
1412 906 1487 925 mens
1511 898 1809 930 irrationalisexsistit,

1021 944 1047 970 id
1072 949 1123 976 est,
1151 945 1253 978 absque
1277 945 1378 976 verbo;
1397 944 1432 971 ita
1457 953 1490 971 ne
1507 945 1617 970 verbum
1642 944 1749 977 quidem
1772 943 1811 969 ir-

1023 991 1153 1017 rationale
1172 992 1266 1022 ullum,
1284 992 1307 1017 id
1331 996 1382 1022 est,
1406 991 1464 1017 sine
1481 995 1579 1021 mente,
1597 991 1748 1017 invenitur:
1763 990 1810 1016 sed

1022 1043 1074 1062 una
1091 1036 1272 1068 coexsistunt,
1284 1044 1370 1070 neque
1386 1036 1499 1062 alterum
1515 1036 1592 1062 alteri
1608 1035 1753 1061 antecedit.
1764 1034 1809 1061 Sic

1020 1083 1101 1109 etiam
1128 1083 1238 1109 verbum
1260 1090 1320 1108 sine
1348 1082 1446 1116 spiritu
1468 1088 1521 1108 non
1534 1086 1595 1113 est,
1611 1089 1699 1115 neque
1729 1081 1811 1115 spiri-

1022 1133 1076 1161 tus,
1091 1128 1136 1162 qui
1155 1136 1220 1154 rnce
1238 1128 1410 1162 exprimitur,
1422 1127 1481 1154 sine
1496 1127 1578 1154 verbo
1593 1131 1645 1154 est.

1059 1241 1101 1268 10.
1118 1240 1251 1273 Quoniam
1265 1241 1354 1275 itaque
1371 1239 1643 1275 supersubstanlialis
1656 1245 1681 1266 et
1691 1239 1810 1267 increata

1022 1287 1186 1317 subst-intra.
1208 1287 1362 1320 rujusntodi
1383 1287 1452 1313 Deus
1469 1292 1521 1318 est,
1537 1287 1562 1313 in
1578 1286 1703 1320 persoais
1722 1286 1809 1312 tribus

1021 1335 1174 1366 spectatur.
1203 1330 1282 1358 Patre
1308 1331 1444 1362 videlicet,
1462 1330 1550 1362 Filio,
1576 1335 1603 1356 et
1631 1329 1733 1363 Spiritu
1748 1335 1811 1355 san-

1021 1380 1076 1407 cto,
1103 1380 1131 1401 nt
1151 1376 1207 1409 jam
1235 1383 1284 1401 nos
1301 1375 1551 1402 demonstravimus
1577 1378 1705 1407 recteque
1722 1373 1812 1400 credi-

1021 1430 1082 1448 mus
1099 1430 1106 1454 ;
1122 1426 1214 1448 nostra
1230 1421 1340 1455 quidem
1361 1429 1449 1454 mens,
1473 1421 1549 1447 verbi
1570 1420 1643 1454 quod
1663 1420 1732 1445 intra
1761 1425 1812 1445 nos

1021 1471 1062 1494 est
1080 1460 1195 1502 genitrix
1209 1487 1216 1499 ,
1239 1467 1390 1502 analogiam
1420 1467 1502 1494 habet
1521 1466 1554 1493 ad
1582 1466 1666 1493 Deum
1691 1464 1811 1496 Patrem,

182 1505 280 1531 ἑαυτοῦ
300 1506 361 1532 Υἱον
380 1507 559 1541 γεννήσαντι·
575 1509 588 1534 ὁ
601 1508 628 1534 δὲ
645 1508 722 1542 λόγος
737 1509 751 1534 ὁ
769 1508 797 1534 ὲν
815 1509 889 1543 ἡμῖν,
909 1506 970 1542 γέν-

1022 1513 1068 1548 qui
1084 1513 1310 1545 scmuiterualiter
1323 1518 1348 1540 et
1370 1512 1585 1547 intemporaliter
1604 1511 1701 1537 Filium
1728 1517 1809 1536 stium

182 1557 256 1585 νημα
275 1551 312 1578 ὢν
336 1552 381 1578 τοῦ
402 1553 430 1578 ὲν
440 1553 506 1587 ἡμῖν
522 1554 591 1586 νοὸς,
606 1554 733 1588 ἀναλογεῖ
746 1554 784 1589 τῷ
799 1554 830 1579 ἐκ
840 1553 885 1580 τοῦ
902 1553 968 1579 Θεοῦ

182 1596 323 1631 (ipsud-riu;
340 1598 386 1624 xai
397 1599 510 1631 ἀπαθῶς
529 1599 684 1634 γεννηθέντι
700 1599 755 1635 Υῐῴ
767 1600 815 1626 καὶ
829 1599 888 1634 Θεῷ
903 1599 970 1635 ἀλη-

183 1641 248 1676 οινῷ
258 1642 315 1668 ὄντι
325 1651 331 1657 ·
352 1643 380 1669 τὸ
395 1644 422 1670 δὲ
435 1645 462 1670 ἐν
473 1646 540 1679 ἡμῖν
554 1645 674 1680 Πνεῦμα,
684 1646 722 1681 τῷ
736 1646 874 1679 Πνεύματι
889 1645 969 1680 ἁγίῳ,

183 1687 220 1721 τῷ
240 1688 272 1713 ἐκ
291 1688 395 1724 lla-:96;
413 1689 462 1724 μὲν
476 1690 697 1725 ἐκπορευομένῳ,
713 1692 760 1718 καὶ
783 1691 817 1717 δι’
835 1691 900 1717 Υῐδν
914 1692 970 1722 τοῖς

183 1731 258 1759 οὖσιν
285 1735 440 1769 ἐκχεομένῳ
461 1736 507 1761 καὶ
526 1735 719 1771 διαδιδομένῳο
744 1738 791 1764 καὶ
806 1736 878 1763 κατὰ
892 1735 971 1762 τοῦτο

184 1778 264 1805 πάλιν
281 1778 388 1812 λέγεται
401 1780 414 1806 ὁ
429 1781 572 1816 ἄνθρωπος
586 1782 646 1808 κατ’
661 1782 753 1808 εἰκόνα
769 1782 836 1809 Θεοῦ
865 1782 971 1808 πεπλᾶσ
1002 1777 1005 1781 ’

185 1824 263 1851 σθαι·
289 1825 351 1851 καθ’
363 1826 491 1865 ὁμοίωσιν
512 1827 538 1853 δὲ
555 1827 635 1853 πάλιν
658 1828 746 1862 φαμὲν
769 1828 815 1854 τὸν
829 1827 971 1862 ἄνθρωπον

185 1868 251 1895 Θεοῦ
276 1871 450 1905 γεγενῆσθαι,
470 1871 514 1897 διὰ
542 1872 591 1906 τὴν
611 1872 664 1898 τῶν
686 1872 792 1906 ἀρετῶν
820 1872 970 1903 τελείωσιν,

185 1915 232 1941 καὶ
251 1916 303 1941 τῶν
320 1917 430 1951 ἀγαθῶν
456 1918 504 1952 τὴν
526 1919 687 1952 μετουσίαν·
705 1918 799 1953 ἐπειδὴ
815 1918 903 1944 πάντα
921 1918 972 1943 ὅσα

185 1960 301 1995 πρώτως
316 1962 362 1988 καὶ
371 1963 497 1994 ἀναιτίως
511 1963 702 1998 ὴδημιουργὺς
716 1964 799 1996 αἰτία,
817 1964 884 1998 ὅπερ
898 1963 972 1989 ἐστὶν

184 2005 199 2030 ὁ
215 2004 292 2036 Θεὸς,
307 2006 393 2032 ταῦτα
409 2006 543 2041 δευτέρως
562 2009 609 2033 καὶ
625 2007 763 2041 μεθεχτῶς
780 2009 827 2033 καὶ
844 2008 973 2038 αἰτιατώς

184 2050 199 2076 ὁ
217 2050 376 2085 ἄνθρωπος·
403 2050 459 2078 οἷόν
482 2054 539 2079 ἐστι
559 2054 589 2079 τὸ
606 2053 712 2088 πρῶτον
726 2054 772 2079 καὶ
799 2052 972 2088 ὑπερούσιον,

186 2094 254 2130 ζωὴ,
273 2096 340 2128 φῶς,
355 2097 446 2129 σοφὸς,
470 2097 593 2129 δυνατὸς,
611 2097 723 2131 ἀγαθὸς,
737 2099 833 2132 πρᾶος,
851 2098 953 2129 δίκαιος
965 2105 972 2113 ·

185 2139 259 2166 ἔστιν
274 2142 319 2167 καὶ
334 2138 410 2173 οὗτος
427 2143 519 2177 σοφὸς,
543 2144 590 2169 καὶ
605 2143 679 2179 ζωὴ,
709 2144 755 2169 καὶ
779 2143 900 2175 δυνατὸς,
927 2143 974 2169 καὶ

1020 1559 1122 1593 genuit.
1137 1558 1256 1585 Verbum
1276 1563 1385 1589 autem,
1403 1557 1475 1591 quod
1505 1557 1576 1583 intra
1602 1564 1650 1583 nos
1668 1560 1720 1586 est,
1745 1561 1812 1580 ana-

1019 1603 1117 1638 logiam
1134 1605 1213 1631 habet
1227 1604 1259 1630 ad
1277 1604 1362 1635 illutn,
1379 1604 1423 1637 qui
1443 1611 1475 1629 ex
1493 1602 1548 1629 Deo
1566 1602 1646 1629 Patre
1665 1601 1725 1628 sine
1738 1601 1811 1627 fluxit

1020 1654 1046 1677 et
1061 1648 1186 1683 passione
1201 1652 1345 1683 generatus
1362 1648 1412 1675 fuit
1441 1647 1527 1674 l-‘ilius
1551 1647 1620 1674 Deus
1644 1655 1733 1674 verus.
1748 1647 1812 1681 Spi-

1021 1694 1090 1721 ritus
1104 1693 1220 1727 denique
1237 1697 1328 1719 noster
1341 1692 1495 1726 analogiam
1520 1692 1601 1719 habet
1627 1692 1659 1718 ad
1685 1698 1812 1720 sanctum

1022 1740 1164 1776 Spiritum,
1181 1739 1255 1774 quia
1280 1739 1360 1765 Patre
1385 1738 1517 1773 procedit,
1535 1742 1561 1765 et
1590 1746 1637 1772 per
1661 1737 1760 1765 Filium
1787 1743 1813 1766 in

1021 1790 1160 1812 creaturas
1173 1786 1319 1811 «(inluditur
1345 1793 1377 1812 ac
1395 1785 1539 1812 diribetur.
1559 1784 1714 1811 Secundum
1738 1785 1812 1817 inec,

1022 1831 1144 1863 inquam,
1168 1830 1249 1855 homo
1277 1829 1376 1855 dicitur
1389 1830 1422 1855 ad
1439 1829 1584 1864 imaginem
1600 1830 1646 1856 Dei
1661 1830 1808 1857 formatus.

1021 1875 1061 1902 Ad
1083 1874 1286 1902 similitudinem
1315 1880 1446 1908 prieterea
1470 1875 1586 1901 dicimus
1603 1875 1648 1901 Dei
1670 1876 1809 1902 hominem

1022 1921 1122 1948 factum
1158 1926 1267 1955 propter
1293 1921 1422 1947 virtutum
1442 1921 1610 1953 exercitium,
1630 1925 1656 1947 et
1681 1921 1814 1948 bonorum

1023 1967 1255 2000 participationem
1270 1975 1276 1992 ε
1298 1966 1360 2001 quia
1377 1975 1435 2000 qu.'e
1461 1967 1588 2000 primitus
1604 1971 1630 1992 ct
1648 1974 1699 1992 non
1716 1974 1814 1993 causa-

1024 2012 1084 2039 liter
1111 2012 1190 2038 habet
1211 2019 1294 2038 causa
1324 2012 1452 2043 creatrix,
1479 2012 1503 2038 id
1530 2016 1581 2042 est,
1609 2011 1689 2041 Deus,
1718 2012 1813 2038 eadem

1026 2057 1145 2086 secundo
1178 2061 1204 2082 ct
1232 2057 1363 2091 partiario
1389 2062 1415 2083 et
1441 2057 1584 2087 causaliter
1617 2057 1697 2083 habet
1721 2057 1814 2084 homo.

1025 2102 1125 2137 Nempe
1144 2103 1213 2129 Deus
1233 2102 1416 2137 primigenius
1432 2107 1473 2129 est
1488 2107 1514 2129 et
1530 2103 1814 2136 supersubstantialis,

1024 2148 1099 2180 vita,
1116 2148 1174 2181 lux,
1203 2147 1323 2182 sapiens,
1346 2153 1454 2182 potens,
1482 2148 1582 2180 bontts,
1616 2149 1699 2181 mitis,
1714 2149 1815 2183 justus.

186 2187 298 2220 ἀγαθὸς,
315 2188 362 2214 καὶ
380 2189 477 2223 πρᾶος,
503 2190 549 2216 καὶ
575 2190 678 2222 δίκαιος
693 2191 706 2216 ὁ
729 2190 885 2225 ἄνθρωπος·
905 2190 971 2216 ἀλλὰ

1025 2195 1072 2221 Est
1107 2202 1171 2220 vero
1193 2194 1316 2221 etltomo
1345 2194 1464 2227 sapiens.
1490 2193 1558 2223 vita.
1589 2198 1695 2227 potens,
1710 2195 1816 2231 bonus,

187 2232 266 2266 φύσει
285 2233 334 2267 μὲν
347 2234 360 2260 ὁ
375 2234 440 2265 Θεὸς
456 2235 502 2260 καὶ
520 2234 665 2266 οὺσιωδῶς,
691 2235 764 2261 Θέσει
781 2235 808 2261 δὲ
824 2236 870 2261 καὶ
885 2235 975 2270 χάριτι

187 2279 233 2304 καὶ
249 2279 420 2311 ἐπουσιωδὼς
446 2281 460 2306 ό
485 2280 638 2316 ἅνθρωπος.
656 2282 686 2307 Εἰ
709 2282 737 2307 δὲ
755 2282 844 2312 τοῦτο,
861 2282 975 2313 εἰκότως

186 2324 249 2350 καθ’
265 2326 393 2358 ὁμοίωσιν
415 2326 462 2352 τοῦ
485 2327 552 2352 ΘΞυῦ
577 2327 741 2361 γεγενῆσθαι
770 2328 815 2353 τὸν
832 2327 976 2362 ἄνθρωπόν

187 2379 217 2405 φ,
229 2380 289 2405 μεν,
300 2372 330 2397 τὸ
341 2372 370 2404 ἐξ
384 2372 559 2404 ἀνακλάσεως
574 2373 623 2408 [ita
639 2373 721 2409 cod.],
740 2373 852 2408 ἔσχατον
870 2375 977 2408 ἀπήχη-

189 2425 226 2451 μα
240 2418 366 2451 φέροντα.
379 2418 432 2444 Καὶ
445 2418 516 2445 οὓτω
532 2418 611 2446 πάλιν
621 2419 722 2454 ἠλίθιον
735 2420 850 2454 ἀνέφανε
864 2420 893 2446 τὸ
902 2419 977 2454 παρὰ

188 2463 235 2489 σοῦ
248 2464 363 2498 γραφέν.

224 2556 268 2579 ια’.
284 2553 463 2580 Μεταὸαίνων
482 2553 510 2580 δὲ
528 2554 571 2580 ἐπ’
584 2554 649 2581 ἀλλο
668 2554 722 2580 τῶν
739 2554 804 2589 παρ’
820 2553 897 2588 ἡμῶν
912 2562 977 2589 γρα-

187 2599 301 2633 φέντων,
323 2601 369 2626 καὶ
381 2599 461 2626 τοῦτο
480 2600 650 2635 πειρώμενος
665 2601 797 2635 ἀναιρεῖν,
814 2600 895 2627 πάλιν
908 2600 977 2635 γρά-

188 2653 261 2679 φεις·
284 2655 293 2671 ι
308 2646 470 2682 Θεωροῠμεν
485 2647 519 2674 τὰ
536 2647 593 2682 εἴδη
610 2647 665 2673 τῶν
687 2647 789 2681 θηριων
810 2647 851 2673 ὃτι
870 2648 884 2674 ὀ
897 2648 973 2682 ἰσχυ-

189 2691 299 2727 ρότερος
310 2693 490 2720 ἐπανίσταται
515 2694 585 2720 κατὰ
600 2693 647 2720 τοῦ
665 2692 874 2728 ἀσθενεστέρου,
895 2694 942 2720 καὶ
960 2695 974 2720 ό

223 2792 262 2827 (5)
280 2792 319 2820 De
338 2793 449 2820 homine
468 2792 501 2820 ad
514 2792 658 2826 imaginem
671 2791 717 2818 Dei
733 2791 850 2819 formato
872 2792 978 2819 infinita

188 2835 273 2863 prope
287 2828 415 2855 dixerunt
429 2829 455 2854 in
472 2827 677 2854 commentariis
698 2829 755 2855 suis
768 2826 864 2863 Patres
887 2827 977 2863 Eeele‘

190 2862 248 2895 ιω,
258 2867 285 2890 et
301 2863 410 2898 quidem
430 2863 564 2898 praecipue
582 2863 745 2890 Anastasius
769 2862 886 2890 Sinaita.
909 2862 977 2896 Qui-

1026 2239 1109 2268 mitis.
1124 2238 1215 2272 justus
1231 2247 1239 2271 ;
1256 2238 1302 2264 sed
1330 2238 1489 2264 naturaliter
1504 2237 1613 2271 quidem
1635 2245 1666 2264 ac
1690 2237 1819 2264 substan-

1028 2284 1127 2310 tialiter
1140 2284 1201 2310 talis
1220 2288 1260 2310 est
1275 2284 1346 2310 Deus
1360 2291 1367 2315 ;
1382 2282 1529 2317 adoptione
1552 2287 1653 2314 autent,
1670 2287 1696 2309 et
1717 2285 1816 2318 gratia,

1026 2335 1052 2355 et
1070 2337 1123 2355 tton
1140 2328 1330 2360 essentialiter,
1352 2328 1441 2354 homo.
1459 2327 1526 2360 Quae
1543 2335 1604 2354 cum
1619 2328 1654 2353 ita
1678 2328 1739 2360 siut,
1759 2336 1817 2355 ine-

1027 2375 1147 2401 ritonos
1175 2374 1291 2401 dicimus
1320 2374 1455 2400 hominem
1475 2374 1508 2400 ad
1541 2373 1745 2400 similitudinem
1772 2374 1818 2401 Dei

1028 2420 1141 2452 factum,
1161 2420 1197 2447 ita
1221 2425 1248 2446 ut
1265 2425 1386 2446 extrema
1403 2420 1485 2446 veluti
1518 2420 1734 2454 reprrcussionis
1749 2421 1819 2447 echo

1028 2465 1075 2492 sit.
1097 2465 1186 2499 Atque
1202 2466 1238 2492 ila
1254 2466 1344 2492 denuo
1361 2465 1437 2492 futile
1450 2466 1668 2492 demonstratmn
1682 2470 1724 2492 est
1749 2465 1820 2493 scri-

1027 2516 1102 2546 ptum
1116 2516 1204 2537 tuum.

1065 2557 1108 2583 H.
1125 2556 1225 2583 Deinde
1244 2561 1282 2586 tu.
1298 2557 1336 2583 ad
1347 2556 1431 2583 aliunt
1451 2556 1535 2584 libelli
1552 2557 1604 2584 mei
1621 2557 1709 2584 lacum
1727 2561 1818 2584 trans-

1028 2603 1098 2633 iens,
1122 2609 1239 2637 euntque
1261 2602 1439 2636 pessumdare
1456 2604 1564 2635 nitens,
1587 2611 1682 2630 rursus
1699 2602 1816 2629 scribis:

1034 2658 1042 2674 I
1059 2649 1204 2676 Cernimus
1220 2649 1245 2675 in
1262 2648 1380 2676 ferarum
1403 2649 1554 2684 speciebus,
1567 2649 1705 2676 fortiorem
1727 2648 1817 2675 insur-

1028 2703 1092 2730 gere
1120 2699 1215 2722 contra
1239 2694 1415 2722 infirmiorem
1433 2715 1441 2728 ,
1466 2695 1595 2730 majorem
1624 2694 1753 2721 adversus
1766 2692 1818 2718 mi-

1037 2794 1088 2822 bus
1120 2801 1192 2821 nunc
1215 2794 1363 2829 praeclarus
1392 2799 1419 2823 et
1447 2798 1594 2829 peracutus
1609 2790 1749 2827 theologus
1766 2797 1817 2818 no-

1033 2835 1088 2857 ster
1107 2830 1212 2857 accedit
1230 2828 1350 2858 Nicetas.
