2083 3155
285 158 340 191 835

285 223 392 248 norem.
408 216 541 250 potiorem
557 215 691 249 adversus
706 215 880 244 deteriorem.
903 215 935 242 Et
958 215 1010 242 illa:
1028 215 1077 242 has

286 269 474 297 sa'penumero
503 261 555 289 sibi
577 261 709 296 pabulum
734 262 835 289 faciunt
856 270 862 288 :
883 261 1019 289 interdum
1048 266 1076 289 et

286 307 417 339 lacerant,
454 308 586 343 zelotypia
609 308 725 343 quadam
744 315 776 334 ex
792 308 911 343 ipsarum
939 308 1076 335 cubilibus

287 353 421 388 pellendi,
442 363 451 379 ι
469 358 495 380 et
514 355 630 388 reliqua.
657 354 713 380 Hoc
736 353 796 381 loco
822 354 949 388 ignorare
975 353 1076 381 videris

286 399 425 432 quomodo
444 404 608 433 argumenta
630 400 745 434 proferri
760 404 895 434 oporteat,
918 399 958 426 vel
985 406 1075 426 secus.

284 444 352 470 Nam
368 445 390 471 si
407 446 478 479 quod
498 453 548 471 nos
565 445 725 479 scripsimus
737 445 770 472 de
783 445 858 471 omni
869 444 991 474 animali.
1008 451 1076 478 qua-

286 494 364 516 tenus
377 489 542 524 homogcnea
556 495 620 517 sunt
631 491 672 517 vel
687 490 875 524 heterogcnra.
890 490 914 516 id
931 497 983 516 una
994 489 1075 516 etiam

286 535 442 562 conversari
457 540 484 562 et
509 537 669 570 congregari
697 536 758 563 illas
782 535 929 562 aﬂirmaret
942 555 949 567 ,
965 538 1077 569 propter

286 586 409 607 mutuam
430 582 680 613 mansuetudinem,
710 586 737 608 et
759 581 953 608 conservandae
979 580 1076 607 salutis

286 633 378 652 curam
395 634 403 658 ;
423 632 450 652 tu
465 634 527 653 vero
545 627 570 653 in
595 627 736 654 nonnullis
752 626 916 653 animalibus
933 626 1005 652 haud
1023 625 1077 652 tale

284 678 347 698 csse
364 672 525 704 observasti,
543 672 598 699 imo
612 676 640 699 et
663 673 844 704 contrarium,
863 679 960 705 nempe
979 671 1076 698 adver-

285 715 340 742 sari
354 722 382 743 et
397 724 491 745 mutuo
507 718 632 749 lacerari,
654 724 681 745 et
696 719 769 752 quod
784 718 902 746 debilius
918 722 960 745 est
980 726 994 744 a
1008 718 1076 744 vali-

285 765 361 792 diore
392 766 528 799 opprimi,
555 769 581 791 et
611 764 732 791 deterius
756 773 769 790 τι
791 765 911 799 potiore,
929 772 990 799 qua:
1006 769 1033 791 tu
1048 764 1075 791 in

285 811 387 843 scripto
411 815 456 836 tuo
478 810 606 844 posuisti,
638 811 720 836 Vt‘ittti
748 810 775 836 Iit
796 818 810 836 a
833 810 932 842 leone,
958 817 1033 842 urso,
1050 815 1076 836 et

285 855 421 882 similibus
444 863 452 888 ;
475 863 570 889 posses
614 856 739 890 equidem
766 864 921 884 sermonem
951 861 1074 883 nostrum

285 901 393 929 fortiter
408 901 550 935 perimere.
570 902 624 929 Sed
637 902 701 936 quia
727 902 801 936 quod
831 902 994 936 scripsimus
1020 910 1074 928 non

285 949 319 975 de
335 948 407 975 omni
428 949 579 976 irrationali
610 949 723 975 animali
748 949 878 983 loquitur,
911 948 993 975 stulte
1007 948 1076 977 ,bIa—

285 999 370 1026 teras,
387 994 458 1022 male
486 995 632 1022 confictam
659 995 753 1021 drama
781 994 924 1025 inducens.
942 999 968 1020 et
997 994 1076 1028 quasi

285 1044 448 1074 personatus
473 1048 568 1074 agens.
585 1040 653 1073 Quis
671 1041 746 1067 enim
763 1040 805 1067 vel
831 1040 944 1067 minima
971 1040 1076 1074 perspi-

273 1087 359 1114 'racia
375 1087 504 1121 prazditus
520 1087 638 1122 ignorat,
666 1095 720 1113 non
736 1087 826 1114 omnia
853 1086 1013 1113 animalium
1031 1095 1078 1121 ge-

285 1137 349 1158 nera
365 1132 526 1158 naturaliter
542 1140 604 1159 esse
618 1137 777 1166 comparata
792 1137 821 1159 ut
838 1137 1037 1166 congregemur
1049 1136 1077 1159 et

285 1178 413 1204 socialem
433 1178 514 1205 vitam
531 1179 691 1205 sectentur?
707 1178 830 1213 Namque
843 1179 1002 1205 animalium
1024 1179 1076 1205 alia

285 1227 349 1249 sunt
364 1222 485 1257 solivaga
497 1243 504 1255 ,
522 1223 574 1251 alia
590 1223 710 1258 gregalia
725 1232 732 1256 ;
752 1231 902 1258 rursusque
925 1225 1075 1259 gregalinm

286 1267 340 1294 alia
356 1268 407 1295 sub
421 1268 603 1302 gubernatore
618 1270 789 1302 ordnautur,
808 1270 861 1296 alia
891 1278 981 1298 secus.
998 1271 1078 1298 Utra-

284 1320 338 1348 que
355 1321 419 1341 vero
435 1314 492 1341 hmc
514 1315 611 1350 partim
631 1319 696 1341 sunt
711 1315 812 1346 civilia,
836 1316 933 1350 partim
953 1317 1076 1349 minime,

282 1361 353 1387 sicut
364 1360 484 1394 ipsorum
501 1358 677 1396 physiologia:
695 1365 777 1396 atque
790 1361 911 1388 historiae
924 1363 1033 1390 docent.
1049 1363 1077 1390 Si

282 1412 347 1439 rng
364 1405 415 1432 alia
430 1412 493 1433 sunt
510 1407 638 1442 solivaga,
662 1407 713 1433 alia
731 1407 864 1440 minime;
883 1413 988 1435 constat
1000 1416 1077 1436 com-

283 1456 406 1484 paratum
423 1459 483 1480 esse
496 1459 510 1478 a
526 1457 621 1479 natura
639 1457 667 1480 ut
688 1453 786 1488 partim
801 1459 1002 1489 congregemur
1013 1463 1075 1483 cum

284 1497 461 1530 homogcneis
488 1496 567 1527 suis.
591 1498 688 1531 partim
708 1505 798 1524 secus.
823 1498 901 1531 Quod
919 1499 941 1525 si
958 1499 995 1526 ita
1023 1505 1076 1533 est,

282 1548 364 1567 nemo
391 1549 458 1568 sana
494 1546 582 1568 mente
599 1542 715 1576 pollens,
736 1547 783 1569 aut
809 1547 886 1578 putat
903 1547 951 1570 aut
970 1545 1075 1577 scribit,

282 1587 375 1614 omnia
392 1588 520 1614 animalia
535 1588 605 1614 inter
626 1596 656 1615 se
668 1588 828 1624 congregari
847 1589 934 1616 solere
948 1594 975 1616 et
996 1590 1078 1619 simul

283 1633 384 1660 vivere.
402 1632 440 1660 Ne
471 1642 520 1661 nos
555 1634 665 1668 quidem
689 1634 782 1669 itaque
811 1635 863 1662 hoc
876 1635 1006 1663 diximus.
1025 1636 1078 1665 Sed

283 1680 347 1713 quia
363 1679 479 1706 maxime
498 1681 606 1714 propria
628 1684 692 1707 nota
707 1685 734 1707 et
757 1680 978 1708 characteristica
1006 1682 1078 1711 inest

284 1725 394 1751 :urimali
411 1726 546 1760 praeipnc
564 1726 670 1759 sociali,
696 1726 871 1754 ratiocinium
889 1732 916 1754 et
933 1727 1078 1761 prudentia

282 1775 311 1798 et
325 1778 386 1798 cum
404 1772 508 1799 ratione
529 1773 674 1807 judicium,
703 1777 845 1807 propterea
861 1781 987 1801 sermone
997 1780 1078 1802 cxte-

284 1817 356 1844 riore
371 1818 473 1853 indiget
497 1819 589 1852 homo,
606 1825 635 1846 ut
658 1827 757 1846 arcane
786 1821 920 1854 repositas
931 1820 1077 1855 cogitatio-

285 1871 333 1891 nes
348 1864 374 1890 in
398 1868 538 1892 externam
568 1866 655 1893 lucem
678 1866 788 1899 educat,
801 1871 828 1893 et
855 1874 916 1893 cum
944 1867 1077 1901 proximis

282 1911 477 1937 communicet.
491 1910 551 1943 Quo
570 1910 609 1944 Iit,
630 1916 659 1939 ut
686 1912 846 1940 naturaliter
863 1903 898 1940 sit
925 1913 1000 1940 cicur
1017 1913 1079 1940 ani-

283 1957 347 1989 mal,
365 1961 391 1983 et
404 1957 527 1991 apprime
544 1958 654 1985 sociale.
673 1958 786 1985 Czetenis
807 1966 871 1986 vero
888 1959 996 1986 cunctis
1016 1959 1078 1986 ani-

284 2002 403 2031 malibus
419 2002 551 2030 sodalitas
562 2008 588 2030 et
603 2004 736 2030 naturalis
746 2005 926 2030 mansuetudo
941 2003 1078 2038 principa-

281 2048 342 2074 iitor
366 2055 419 2074 non
445 2048 536 2075 inest:
558 2048 604 2074 sed
623 2053 713 2075 tamen
739 2048 764 2075 in
786 2049 925 2076 nonnullis
956 2050 1077 2077 cernitur

279 2094 461 2121 conversandi
478 2099 504 2121 et
514 2094 597 2121 simul
619 2095 725 2122 vivendi
753 2100 834 2129 atque
853 2095 1074 2122 commnnirandi

281 2139 412 2166 etodium.
432 2139 484 2167 Sed
501 2141 585 2168 multo
602 2141 688 2174 magis
704 2140 755 2167 hoc
771 2141 841 2167 inter
862 2141 987 2168 homines
1009 2148 1076 2168 con-

280 2186 406 2213 stitutum
421 2192 472 2213 est.
488 2186 556 2213 Nam
574 2187 596 2213 si
613 2187 685 2221 quod
711 2186 801 2213 minus
813 2193 874 2214 esse
901 2187 1017 2219 videtur,
1034 2192 1075 2214 ta-

280 2241 341 2260 men
364 2238 405 2261 est
421 2254 428 2266 ,
453 2234 539 2260 multo
558 2234 645 2268 magis
672 2233 743 2268 quod
762 2233 879 2268 amplius
893 2238 954 2260 est:
971 2238 1073 2267 quanto

281 2280 384 2306 scilicet
399 2279 607 2307 convenientius
623 2279 772 2315 utiliusque
791 2284 834 2307 cst
857 2279 1013 2306 conversari
1039 2280 1078 2306 si-

280 2326 391 2360 mulque
408 2326 498 2353 viri-re
509 2333 571 2352 cum
592 2327 762 2360 Iromogeneo
783 2332 833 2353 suo
850 2325 1000 2358 hominem,
1016 2325 1075 2352 ani-

281 2372 335 2400 mal
354 2372 485 2399 nimirum
505 2372 640 2407 praecipue
661 2372 764 2400 sociale
778 2392 785 2404 ,
804 2377 831 2399 et
856 2377 950 2406 suapte
977 2378 1075 2399 natura

279 2418 438 2445 οἰκῆι-,1100
460 2419 533 2446 enim
549 2423 576 2446 et
592 2427 643 2447 nos
660 2426 714 2453 prae
728 2418 815 2446 oculis
831 2418 961 2446 habentes
973 2439 980 2451 ,
998 2418 1075 2446 vobis

279 2466 453 2498 srripsimns.

317 2511 361 2538 12.
388 2511 480 2538 Denuo
506 2509 685 2546 progrediens
715 2510 749 2536 ad
768 2509 851 2536 alium
874 2509 967 2544 scripti
990 2509 1075 2537 nostri

281 2559 510 2592 locum,cumque
524 2556 849 2588 refutareconnitens,ita
860 2556 979 2583 scribis:
993 2566 1001 2581 ι
1016 2555 1076 2584 Cae-

280 2606 355 2632 dium
371 2605 431 2632 aliae
458 2605 538 2632 licita:
553 2608 628 2636 sunt,
651 2603 713 2631 alia:
738 2602 850 2629 illicitm.
880 2602 1005 2630 lllieitum
1024 2606 1074 2634 est,

279 2657 362 2687 prout
379 2658 474 2686 reapse
502 2658 517 2678 a
544 2649 599 2678 Deo
614 2654 733 2682 velatur,
746 2649 872 2676 occidere
891 2648 997 2675 ﬁdelem
1017 2649 1074 2682 pri-

279 2703 341 2724 vato
360 2697 517 2732 proposito:
531 2697 681 2731 legitimum
707 2700 797 2723 autem
813 2700 855 2722 est
872 2694 997 2721 occidere
1011 2702 1073 2721 eum

279 2745 325 2780 qui
342 2745 460 2771 dandum
477 2747 572 2771 censet
587 2743 641 2770 Deo
657 2742 790 2774 sodalem,
807 2741 921 2768 ethunc
946 2741 1004 2775 pari
1024 2748 1072 2774 po-

280 2791 362 2819 tentia
378 2791 519 2825 praeditum
536 2789 695 2824 contingit.)
710 2787 772 2815 Ilaec
784 2787 848 2815 dum
868 2786 979 2819 scribis,
992 2786 1073 2828 indo-

905 158 1053 189 NICETIE
1072 158 1274 189 BYZANTINI

1894 158 1926 189 36

1090 215 1115 245 Α
1132 214 1233 248 μείζων
1249 214 1319 241 κατὰ
1345 213 1392 240 τοῦ
1422 212 1582 244 ἐλάσσονος.
1598 212 1646 239 καὶ
1666 213 1680 239 ό
1697 213 1831 247 κρείττων
1856 215 1927 242 κατὰ

1129 261 1176 288 τοῦ
1191 261 1325 296 χείρονος,
1342 260 1389 286 κα)¹
1413 259 1548 290 πολλάκις
1564 260 1682 287 ποιεῖται
1708 259 1811 295 τροφὴν
1823 260 1906 288 αὐτοῦ
1917 269 1925 276 ·

1129 307 1203 335 ἔστιν
1230 307 1273 333 ὅτε
1289 306 1335 333 καὶ
1351 304 1506 340 διαφθείρει
1521 305 1613 337 αὐτὸν,
1641 305 1793 339 ἀντιζηλὼν
1805 305 1852 333 τοῦ
1865 306 1927 333 διω-

1129 352 1227 387 χθῆναι
1239 351 1322 380 αὐτὸν
1341 352 1395 378 ἀπὸ
1409 351 1458 384 τῆς
1471 349 1567 384 κοίτης
1583 349 1683 381 αὑτοῦ,
1704 358 1713 375 ι
1730 351 1778 376 καὶ
1791 351 1826 377 τὰ
1851 350 1926 385 ἑξῆς.

1136 396 1269 424 Ἐνταῦθα
1285 397 1374 428 δοκεῖς
1387 395 1556 430 ἠγνοηκέναι
1569 395 1618 425 τὰς
1633 395 1799 427 ἀποδείξεις,
1818 395 1875 426 πῶς
1887 395 1929 422 δεῖ

1130 443 1273 476 προάγειν,
1288 442 1338 469 καὶ¹
1362 441 1421 473 πῶς
1435 442 1465 467 οὑ
1485 441 1537 468 δεῖ.
1560 440 1590 466 Εἰ
1605 440 1655 475 μὲν
1667 441 1721 474 γὰρ
1734 440 1766 466 τὸ
1781 440 1846 474 παρ’
1861 441 1927 475 ἡμῖν

1130 489 1235 523 γραφὲν
1252 489 1315 523 περὶ
1330 488 1430 520 παντὸς
1445 488 1543 522 ἀλόγου
1560 486 1641 519 ζώου,
1659 487 1728 522 πρός
1740 495 1770 512 τε
1783 486 1813 512 τὸ
1828 487 1928 521 ὁμογε-

1130 533 1174 564 νὲς
1194 533 1210 568 ἢ
1230 533 1277 561 καὶ
1291 534 1460 569 ἑτερογενὲς,
1475 533 1505 559 τὸ
1520 532 1712 564 συναλίζεσθαῑ
1734 541 1763 558 τε
1785 533 1833 559 καὶ
1848 533 1926 558 ἐνοῦ-

1132 580 1194 606 σοαι
1212 579 1379 613 ὑπισχνεῖτο,
1405 579 1451 605 διὰ
1468 579 1518 614 τὴν
1543 578 1612 614 πρὸς
1638 577 1740 613 ἄλληλα
1756 579 1925 612 ἡμερότητα,

1130 626 1168 656 ὼς
1188 625 1334 660 φειδᾶμενα
1348 626 1396 660 τῆς
1410 625 1516 652 ἑαυτῶν
1534 625 1672 659 σωτηρίας
1684 633 1691 639 ·
1707 621 1766 650 εἶτα
1780 625 1825 650 ὲπί
1844 633 1925 650 τινων

1131 671 1208 704 ζώων
1223 672 1302 699 τοῦτο
1318 671 1406 706 εὑρὼν
1419 672 1450 699 σὺ
1472 672 1509 707 μὴ
1525 671 1722 706 θεωρούμενον,
1739 670 1840 705 μᾶλλον
1852 670 1881 696 δὲ
1895 670 1926 696 τὸ

1130 718 1254 745 ἐναντίον
1270 718 1300 744 τὸ
1325 718 1523 744 ἐπανίστασθαι
1541 718 1588 745 καὶ
1604 717 1773 752 διαφθείρειν
1787 718 1833 743 καὶ
1855 717 1924 742 ἀπο-

1130 765 1240 792 διώκειν
1255 764 1300 791 τὸν
1321 764 1494 799 ἰσχυρότερον
1509 764 1556 790 τὸν
1583 763 1791 797 ἀσθενέστερον,
1817 762 1864 789 καὶ
1879 762 1925 788 τὸν

1130 811 1274 846 κρείττονα
1294 811 1340 837 τὸν
1362 810 1481 845 χείρονα,
1510 809 1527 836 ἂ
1550 810 1596 836 καὶ
1616 810 1645 835 ὲν
1670 808 1709 843 τῷ
1724 808 1762 843 σῷ
1780 808 1924 843 γράμματι

1131 857 1300 892 παρετίθεις,
1319 853 1374 883 οἷον
1387 855 1483 883 λέοντά
1499 864 1571 890 φημι
1587 856 1634 881 καὶ
1658 854 1742 890 ἄρκον
1762 855 1808 880 καὶ
1823 854 1856 881 τὰ
1872 862 1925 880 πα-

1091 897 1114 925 Β
1129 902 1267 936 ραπλήσια
1285 911 1290 916 ·
1308 900 1381 937 εἶχες
1401 901 1434 928 ἂν
1458 900 1590 935 γενναίως
1617 900 1664 927 τὸν
1690 900 1825 935 ἡμέτερον
1843 898 1922 932 λόγον

1127 949 1259 983 ἀναιρεῖν.
1277 948 1353 975 Ἐπεὶ
1365 949 1394 975 δὲ
1408 948 1438 974 τὸ
1455 948 1521 983 παρ’
1537 948 1603 982 ἡμῖν
1616 946 1722 982 γραφὲν
1737 947 1766 973 οὐ
1783 946 1846 981 περὶ
1857 955 1926 972 παν-

1127 993 1171 1026 τὸς
1185 995 1282 1028 ἀλόγου
1300 995 1370 1026 ζώου
1389 994 1468 1021 τοῦτο
1481 994 1693 1028 ἐπαγγέλλεται,
1705 993 1766 1019 ·κειὶ
1780 992 1923 1028 ματαιολο-

1128 1041 1195 1073 γείς,
1221 1040 1252 1067 ab
1272 1041 1462 1067 κακόπλαστον
1482 1041 1600 1074 εἰσάγων
1626 1040 1718 1074 δρᾶμα
1735 1040 1782 1066 καὶ
1808 1039 1924 1072 ὐποκρι-

1127 1085 1239 1120 νόμενος
1249 1094 1256 1101 ·
1272 1085 1334 1113 τίνα
1347 1086 1400 1121 γὰρ
1413 1086 1460 1112 καὶ
1474 1085 1528 1112 τῶν
1541 1087 1628 1120 μικρὰ
1641 1085 1756 1120 συνορᾷν
1768 1084 1925 1118 δυναμένων

1127 1131 1251 1166 λέληθεν,
1270 1132 1310 1158 ὅτι
1331 1132 1380 1167 οὺχ
1399 1132 1508 1159 ᾶπαντα
1527 1131 1560 1158 τὰ
1575 1131 1632 1165 εἴδη
1651 1131 1705 1158 τῶν
1722 1130 1800 1163 ζώων
1815 1129 1925 1156 συναλι-

1127 1177 1221 1209 ζεσθαι
1235 1177 1282 1204 καὶ
1295 1178 1500 1204 συνδιαιτᾶσθαι
1515 1178 1582 1212 πρὸς
1601 1177 1702 1211 ἄλληλα
1718 1177 1824 1210 πέφυκε
1838 1185 1845 1208 ς
1863 1175 1925 1202 Τῶν

1127 1223 1182 1258 γὰρ
1199 1223 1276 1256 ζώων
1289 1224 1322 1250 τὰ
1338 1224 1387 1259 μέν
1400 1226 1454 1251 εισι
1473 1224 1617 1258 μοναδικὰ,
1635 1223 1668 1250 τὰ
1682 1223 1710 1250 δὲ
1725 1223 1850 1257 ἀγελαῖα,
1877 1222 1925 1248 καὶ

1127 1269 1182 1295 τῶν
1197 1269 1332 1303 ἀγελαίων
1349 1270 1384 1296 τὰ
1399 1271 1449 1305 μὲν
1464 1269 1509 1304 ὑφ’
1533 1270 1651 1304 ἡγεμόνι
1667 1270 1822 1300 τάττονται,
1847 1269 1883 1295 τὰ
1895 1269 1924 1294 δὲ
1938 1281 1945 1287 ·

1128 1314 1168 1341 οὖ.
1180 1315 1335 1351 Ἐκατέρων
1348 1315 1377 1342 δὲ
1390 1315 1494 1342 τούτων
1510 1316 1544 1342 τὰ
1560 1316 1609 1350 μέν
1625 1316 1678 1341 εἱσι
1693 1315 1829 1346 πολιτικὰ,
1850 1315 1885 1340 τὰ
1897 1314 1925 1340 δὲ

1126 1361 1157 1388 οὒ
1169 1369 1175 1375 “
1194 1362 1232 1393 ὠς
1245 1359 1276 1388 αἱ
1288 1363 1353 1397 περὶ
1368 1362 1458 1389 αὐτῶν
1474 1362 1644 1396 φυσιολογίαι
1659 1363 1705 1389 καὶ
1718 1362 1834 1397 ἱστορίαι
1849 1361 1905 1387 ὲκδι
1917 1375 1925 1380 -

1127 1408 1285 1434 δάσκουσιν.
1302 1408 1333 1434 Ei
1349 1406 1396 1435 οὖν
1421 1408 1456 1435 τὰ
1472 1409 1521 1444 μέν
1537 1409 1590 1434 εἱσι
1608 1408 1751 1443 μοναδικὰ,
1763 1407 1795 1434 τὰ
1814 1407 1866 1443 [δὲ]
1881 1406 1923 1439 οὓ,

1128 1455 1244 1490 φανερὸν
1256 1455 1296 1482 ὅτι
1308 1454 1342 1481 τὰ
1360 1455 1410 1490 μὲν
1427 1455 1617 1487 συναλίζεσθαι
1634 1454 1704 1489 μετὰ
1717 1453 1771 1480 τῶν
1785 1454 1926 1488 ὁμηγενΪν

1128 1501 1245 1534 πέφυκε,
1265 1500 1300 1526 τὰ
1308 1500 1336 1526 δὲ
1354 1500 1401 1536 μή.
1428 1499 1459 1527 EE
1474 1500 1502 1527 δὲ
1514 1501 1593 1527 τοῦτο
1607 1500 1694 1532 οὕτως
1711 1500 1778 1534 ἔχει,
1794 1499 1880 1530 οὐδεὶς
1892 1498 1926 1525 ἂν

1129 1547 1309 1582 ἀδιάπτροφον
1328 1547 1414 1582 φρένα
1427 1547 1509 1582 ἔχων,
1529 1545 1591 1573 οὔτε
1605 1547 1662 1572 νοεῖ
1675 1545 1737 1572 οὔτε
1761 1546 1861 1580 γράφει
1882 1545 1924 1577 τὸ,

1129 1592 1223 1619 Πάντα
1238 1592 1273 1619 τὰ
1301 1592 1359 1625 ζῶα
1385 1592 1441 1628 ἔχει
1461 1593 1491 1619 τὸ
1520 1591 1710 1624 συναλίζεσθαι
1730 1593 1798 1626 πρὸς
1821 1591 1926 1625 ἄλληλα

1130 1639 1177 1664 καὶ
1204 1639 1426 1666 συνδιαιτᾶσθαιο
1451 1639 1513 1666 ὅθεν
1539 1639 1600 1666 οὐδὲ
1624 1639 1719 1674 ἡμεῖς·
1744 1638 1801 1665 ἀλλ’
1830 1637 1926 1672 ἐπειδὴ
1958 1632 1963 1637 ’”

1131 1684 1276 1711 ἰδιαίτατον
1289 1684 1434 1720 γνώρισμα
1448 1686 1493 1711 καὶ
1507 1684 1758 1721 χαρακτηριστικὸν
1777 1684 1867 1710 ἔνεστι
1877 1684 1926 1710 τοῦ

1130 1730 1232 1765 κυρίως
1248 1731 1408 1757 κοινωνικοῦ
1434 1731 1518 1764 (mou,
1534 1732 1548 1758 ὃ
1562 1739 1592 1757 τε
1611 1731 1689 1765 λόγος
1703 1731 1750 1758 καὶ
1765 1731 1781 1764 ὴ
1796 1731 1927 1764 φρινησις

1129 1777 1176 1803 καὶ
1189 1777 1205 1810 ἡ
1223 1777 1292 1811 μετὰ
1305 1777 1385 1810 λόγου
1403 1777 1505 1810 κρίσις,
1519 1777 1564 1804 διά
1576 1784 1616 1803 τοι
1630 1775 1709 1803 τοῦτο
1727 1776 1774 1802 καὶ
1786 1775 1866 1809 λόγου
1878 1774 1926 1801 τοῦ

1129 1821 1229 1854 ἔξωθεν
1252 1822 1349 1856 ἐδεήθη
1365 1823 1379 1849 ὁ
1395 1823 1555 1857 ἄνθρωπος,
1574 1822 1612 1852 ὡς
1626 1822 1660 1849 ἂν
1677 1821 1712 1849 τὰ
1730 1822 1760 1847 ἐν
1777 1821 1853 1856 βάθει
1868 1821 1926 1849 κεί-

1129 1875 1201 1901 μενα
1219 1867 1344 1901 νοήματα
1364 1868 1404 1899 εἰς
1429 1867 1486 1901 φῶς
1504 1867 1603 1901 ἔξωθεν
1619 1863 1720 1902 ἄγηται
1738 1867 1786 1893 καὶ
1801 1868 1856 1898 τοῖς
1873 1867 1925 1893 πέ-

1129 1913 1178 1945 λας
1203 1914 1392 1948 κοινοποιῆται
1407 1922 1415 1930 ν
1443 1913 1504 1940 ὅθεν
1521 1915 1567 1940 καὶ
1587 1914 1667 1948 φύσει
1686 1914 1792 1949 ἥμερον
1816 1913 1886 1946 ζῶον
1910 1914 1926 1940 ὁ

1128 1959 1290 1994 ἄνθρωπος,
1319 1961 1366 1986 καὶ
1401 1962 1557 1988 κοινωνικὴν
1583 1961 1652 1993 ζῶον
1680 1961 1783 1996 κυρίως
1807 1961 1928 1987 ἐνταῦθά

1129 2005 1308 2034 “mximis
1325 2007 1380 2036 τοῖς
1392 2005 1501 2039 ἀλόγοις
1518 2005 1597 2036 ζώοις
1617 2005 1704 2032 ἅπασι
1716 2005 1746 2031 τό
1761 2013 1789 2032 τε
1804 2013 1927 2031 κοινωνι-

1129 2051 1176 2078 κὸν
1199 2052 1247 2078 καὶ
1260 2051 1341 2085 φύσει
1357 2052 1461 2086 ἥμερον
1479 2053 1581 2087 κυρίως
1594 2052 1646 2078 οὐχ
1670 2052 1775 2078 ἔνεστιν
1787 2060 1793 2067 ·
1810 2051 1925 2086 εὓρηται

1127 2096 1156 2125 δὲ
1174 2097 1211 2128 ὡς
1232 2097 1278 2124 ἐπί
1293 2106 1376 2124 τινων
1392 2097 1445 2124 τῶν
1469 2098 1575 2131 ἀλόγων
1590 2097 1668 2130 ζώων
1685 2096 1765 2124 τοῦτο
1783 2097 1926 2128 συναλίζε-

1129 2143 1191 2170 σθαι
1217 2145 1263 2171 καὶ
1280 2144 1483 2171 συ·.διαιτ5ισ¹)αι
1507 2145 1552 2171 καὶ
1568 2144 1782 2171 κοινοποιείσθαι
1795 2152 1803 2160 ·
1832 2144 1924 2178 πολλῷ

1131 2190 1231 2224 μᾶλλον
1247 2191 1293 2217 καὶ
1308 2190 1354 2216 ἐπὶ
1369 2190 1424 2217 τῶν
1438 2190 1591 2225 ἀνθρώπων
1606 2190 1686 2216 τοῦτο
1698 2190 1808 2225 θεμιτὸν
1820 2191 1853 2217 ἂν
1865 2191 1920 2225 εἴη.

1089 2238 1111 2265 D
1125 2236 1157 2262 Εἰ
1173 2236 1227 2271 γὰρ
1250 2236 1280 2262 τὸ
1302 2233 1382 2271 ἧττον
1410 2235 1505 2263 δοκοῦν
1522 2236 1656 2271 ὑπάρχειν
1678 2236 1807 2270 ὑπάρχει,
1831 2236 1921 2271 πολλῷ

1127 2281 1228 2315 μᾶλλον
1245 2281 1292 2309 καὶ
1304 2282 1334 2308 τὺ
1351 2282 1451 2316 μᾶλλον
1461 2290 1468 2296 ο
1489 2282 1557 2317 ὅπερ
1573 2282 1711 2316 προσῆκόν
1725 2282 1784 2308 ἐστι
1798 2281 1921 2316 καὶμᾶλ-

1125 2327 1171 2354 λον
1183 2327 1285 2362 ὀφείλει
1303 2327 1333 2353 τὸ
1350 2327 1542 2359 συναλίζεσθαι
1563 2328 1610 2354 καὶ
1631 2327 1835 2354 συνδιαιτᾶσθαι
1851 2327 1919 2360 πρὸς

1125 2373 1155 2399 τὸ
1165 2374 1293 2408 ὁμογενὲς
1300 2373 1346 2400 τὸν
1359 2373 1501 2407 ἄνθρωπον
1515 2374 1551 2405 ὡς
1565 2373 1722 2401 κοινωνικὸν
1735 2373 1805 2405 ζῶον
1817 2375 1920 2407 κ.ιρ’ως

1126 2420 1174 2446 καὶ
1185 2420 1288 2455 ἥμερον
1305 2419 1395 2454 φύσει.
1411 2419 1458 2452 Εἰς
1479 2419 1559 2447 τοῦτο
1574 2420 1628 2456 γὰρ
1641 2420 1688 2446 καὶ
1702 2421 1781 2455 ἡμεῖς
1794 2419 1920 2455 ἀφορῶν-

1129 2474 1174 2497 τες
1188 2466 1257 2501 πρὸς
1268 2466 1340 2500 ὑμᾶς
1349 2466 1542 2502 γεγράφαμεν.

1169 2510 1213 2545 ιβ’.
1232 2511 1287 2537 Καὶ
1302 2511 1383 2538 πάλιν
1396 2512 1423 2538 δὲ
1443 2512 1613 2547 μεταϐαίνων
1627 2513 1668 2546 ἐφ’
1681 2512 1774 2547 ἓτερον
1786 2512 1839 2538 τῶν
1857 2512 1924 2547 παρ’

1131 2559 1197 2593 ἡμῖν
1227 2559 1399 2593 γραφέντων,
1416 2559 1464 2585 καὶ
1494 2559 1574 2585 τοῦτο
1605 2559 1736 2590 ὡσαύτως
1752 2558 1924 2594 πειρώμενος

1130 2604 1337 2635 ἁνασκευάζειν,
1356 2604 1472 2639 γράφεις
1482 2601 1534 2631 ὧδε
1549 2612 1556 2619 ·
1573 2614 1582 2630 ι
1593 2605 1654 2631 Τῶν
1665 2605 1753 2638 φόνων
1767 2606 1791 2631 οξ
1807 2605 1857 2639 μέν
1871 2606 1924 2630 εισι

1131 2648 1247 2683 θεμιτοὶ,
1264 2650 1287 2676 oi.
1307 2649 1335 2676 δὲ
1349 2649 1490 2684 ἁθέμιτοι·
1507 2651 1555 2677 καὶ
1572 2650 1704 2684 ἀθέμιτόν
1717 2651 1802 2681 ἐστιν,
1819 2650 1833 2676 ὃ
1855 2651 1925 2676 ἁπο-

1129 2695 1282 2731 τέτραπτιιι
1306 2696 1384 2732 παρὰ
1399 2697 1479 2729 Θεοῦ,
1496 2697 1526 2724 τὸ
1542 2698 1674 2732 φονεύειν·
1690 2697 1788 2724 πιστὸν
1817 2697 1851 2731 τῇ
1869 2696 1925 2731 ἰδία

1128 2741 1290 2776 προαιρέσει
1304 2750 1311 2757 ο
1333 2742 1444 2778 ἔννομον
1461 2743 1488 2769 δὲ
1504 2744 1551 2770 καὶ
1566 2744 1687 2779 θεμιτὸν,
1708 2743 1739 2770 τὸ
1757 2743 1882 2778 φονεύειν
1895 2743 1925 2769 τὸ

1127 2787 1272 2819 διξάζοντα
1287 2788 1468 2822 συγκοινωνὸν
1480 2789 1527 2817 τοῦ
1533 2789 1602 2816 Θεοῦ
1615 2789 1653 2826 (6)
1663 2789 1709 2818 καὶ
1716 2789 1924 2818 ἀναπλάττοντα

316 2879 355 2914 (6)
369 2879 430 2907 Sur.
447 2879 513 2914 VIII,
532 2879 566 2906 IX
582 2884 608 2907 et
622 2879 696 2907 alibi.
713 2878 814 2906 Confer
828 2884 901 2906 retro
921 2879 974 2906 col.
993 2878 1044 2906 685
1067 2883 1093 2906 et
1109 2879 1171 2911 76I,
1188 2887 1250 2906 cum
1266 2880 1454 2907 annotatione.
