2083 3155
301 186 1914 202 mm

678 201 1914 211 ———--—————~-——-———————————_—_____—._'a

920 277 1006 298 ΛΝΝΟ
1029 276 1143 298 001011κί
1173 277 1304 298 DCCCSC.

359 377 1159 468 THEOGNOSTUS
1231 378 1858 469 MONACHUS.

946 538 1271 594 NOTITIA.

525 648 667 680 (Hmcnus,
684 649 716 673 De
732 647 823 674 Gra'cis
839 646 999 679 scriptoribus
1011 645 1169 672 historiarum
1182 646 1379 678 Byzantium-tun,
1392 648 1490 680 Lipsiae,
1500 648 1574 679 1677,
1587 648 1672 680 in-l“).

1087 732 1123 740 _

330 802 352 829 l.
371 801 563 836 Theognostus
593 799 754 832 monachus,
781 798 917 825 exarchus
943 797 1273 833 Constantinopo'itanus.
1295 798 1321 825 id
1349 803 1402 831 est,
1437 799 1600 834 patriarcha:
1625 799 1922 838 Constantinopolitani

293 846 398 882 legatus
411 845 529 880 (qualem
552 848 678 871 auctores
691 842 780 870 Latini
798 841 966 869 recentiores
981 842 1145 870 risitatorem
1170 843 1336 875 nominant),
1353 851 1414 870 cum
1445 843 1565 878 lgnatius
1587 844 1921 880 Constantiuopolitanum

294 889 521 924 patriarchatum,
539 895 620 923 quem
641 887 674 914 ab
694 893 767 913 anno
782 885 883 914 Christi
900 885 952 913 847
967 893 1015 920 per
1031 894 1118 914 annos
1131 886 1187 914 fere
1203 887 1347 914 duodecim
1374 892 1506 922 gessorat,
1522 895 1595 915 anno
1609 888 1710 916 Christi
1725 890 1777 917 858
1791 890 1818 918 in
1844 892 1920 919 exsi-

293 932 360 959 lium
377 932 412 958 ab
431 932 596 966 imperatore
611 930 742 957 Michaele
754 928 860 964 pulsus,
880 928 979 956 Photio
991 931 1136 963 cessisset;
1156 929 1303 965 lgnatianis
1319 929 1481 961 Photianos.
1496 930 1637 959 Photianis
1656 931 1811 967 lguatianos
1828 942 1922 968 perse-

293 975 453 1010 quentibus,
470 974 503 1002 ad
523 973 727 1008 componendas
743 973 806 1000 lites
821 972 855 999 A.
873 971 905 999 C.
922 972 972 999 86l
989 973 1125 1000 celebrata
1155 973 1282 1008 synodus
1307 973 1612 1008 Contantinopolitana,
1639 977 1822 1010 praesentibus
1840 976 1922 1005 Nico-

291 1019 327 1046 lai
342 1019 350 1045 l
368 1018 484 1045 Romani
499 1017 636 1053 pontiticis
653 1016 758 1052 legatis,
781 1015 1002 1051 patriarchatum
1017 1016 1121 1051 lgnatio
1138 1017 1278 1050 demptum
1295 1016 1393 1044 Photio
1408 1017 1631 1052 adjudicarisset,
1650 1019 1677 1046 id
1698 1027 1752 1046 non
1775 1020 1919 1048 ferendum

291 1068 380 1096 ratus,
396 1062 442 1097 qui
463 1070 522 1089 cum
537 1061 689 1102 lgnatianis
705 1060 850 1092 sentiebat,
866 1059 935 1087 clam
951 1060 1003 1087 sub
1018 1060 1112 1088 habitu
1129 1060 1200 1088 civili
1213 1061 1327 1088 Romam
1342 1061 1490 1096 profectus,
1512 1070 1563 1097 ope
1587 1062 1707 1092 Nicolai.
1732 1069 1787 1091 tum
1805 1064 1920 1100 lgnatto.

291 1111 348 1133 tum
372 1106 454 1133 etiam
473 1105 523 1132 sibi
538 1104 681 1132 consulere
695 1104 784 1131 modis
801 1103 930 1131 omnibus
944 1108 1070 1142 conatur.
1089 1104 1228 1140 Stylianus
1246 1104 1478 1133 Neocaesariensis
1495 1106 1521 1132 in
1537 1107 1634 1134 litteris
1654 1107 1687 1134 ad
1705 1108 1875 1142 Stephanum
1897 1109 1918 1136 V

290 1149 443 1177 Romanum
463 1149 631 1183 pontiﬁretn,
648 1156 712 1176 cum
740 1148 893 1180 retulisset,
913 1148 941 1175 in
973 1139 1093 1176 concilio
1110 1139 1420 1183 Constantinopolitano
1438 1150 1656 1184 patriarehatum
1674 1152 1709 1178 ab
1729 1139 1795 1185 ipsis
1818 1153 1919 1188 legatis

291 1192 424 1220 Romanis
442 1192 540 1220 l‘hotEo
563 1192 754 1219 conﬁrmatum
771 1199 778 1218 :
799 1191 897 1217 Ὁπότε
922 1191 969 1218 καὶ
989 1191 1062 1226 ζήλῳ
1081 1199 1113 1218 κιε

1097 1192 1203 1227 κινηθεὶς
1220 1193 1234 1218 ὁ
1253 1192 1369 1227 μοναχὸς
1395 1192 1569 1226 Θεόγνωστος
1590 1195 1605 1220 ὀ
1629 1194 1858 1230 ἀρχιμανδριτης,
1871 1197 1919 1224 καὶ

290 1237 335 1265 διὰ
349 1236 486 1272 κοσμικῆς
505 1236 602 1270 στολῆς
617 1235 756 1270 λαθραίως
783 1235 831 1261 καὶ
847 1234 929 1266 αὐτὸς
945 1236 985 1266 εἰς
1004 1234 1113 1270 Ῥώμην
1139 1235 1279 1270 ἐπιδημεῖ,
1308 1236 1356 1262 καὶ
1372 1235 1406 1262 τὰ
1435 1237 1508 1262 κατὰ
1520 1236 1568 1263 τοῦ
1587 1237 1718 1271 Ἰγνατιου
1733 1239 1856 1266 διδάσκει
1872 1241 1919 1267 τὸν

288 1280 440 1315 ἁγιώτατον
452 1280 547 1308 πάπαν
563 1280 712 1306 Νικόλαον·
730 1279 797 1306 Tum
816 1279 897 1305 etiam
930 1279 984 1305 zelo
1008 1287 1109 1305 contmo

1096 1284 1154 1306 olus
1180 1280 1327 1306 monachus
1353 1279 1534 1315 Theognostus
1560 1282 1784 1311 archimandrites
1804 1289 1830 1311 et
1847 1285 1918 1312 civili

287 1325 378 1352 habitu
392 1324 461 1351 clam
476 1329 500 1351 et
519 1324 573 1358 ipse
590 1323 702 1350 Romam
719 1323 881 1357 properavit,
897 1327 921 1349 et
943 1331 1053 1349 causam
1073 1322 1175 1357 lgnatii
1186 1323 1306 1357 exposuit
1322 1323 1490 1350 sanctissimo
1508 1332 1582 1358 papae
1599 1324 1725 1354 Nicolao.

323 1369 354 1396 ll.
369 1367 464 1395 Romae
486 1375 549 1396 cum
567 1367 678 1399 viveret,
692 1368 726 1393 ab
742 1367 907 1402 imperatore
937 1366 1076 1399 Michaele,
1098 1367 1170 1393 sicut
1185 1367 1255 1393 inter
1276 1366 1489 1394 calumniatores
1505 1368 1683 1402 referebatur,
1709 1371 1756 1404 qui
1786 1370 1916 1400 Photium

285 1415 312 1439 et
332 1411 480 1440 Photianos
493 1411 520 1439 in
539 1411 689 1439 Occidente
713 1411 847 1445 ligmeutis
869 1409 1058 1442 traducebaut,
1087 1410 1123 1437 ita
1150 1410 1419 1445 Constantinopolim
1450 1412 1483 1438 ad
1499 1412 1631 1444 tribunal,
1653 1414 1700 1440 sed
1717 1415 1916 1450 nequidquam,

285 1457 432 1485 eitahatur.
461 1457 514 1485 Pro
548 1455 725 1491 Theognosto
760 1454 890 1482 Nicolaus
909 1454 1042 1489 pontifex,
1070 1455 1184 1489 ipsemet
1200 1454 1366 1489 lgnatianus.
1386 1455 1500 1490 epistola
1516 1456 1532 1482 8
1548 1457 1654 1492 (quam,
1678 1463 1711 1486 ut
1734 1467 1769 1486 ex
1799 1454 1916 1495 cpistola

288 1503 306 1530 9
322 1502 411 1538 colligi
427 1506 527 1537 potest,
545 1502 576 1528 Δ.
588 1500 619 1527 C.
635 1500 699 1533 865,
715 1499 865 1527 indictione
876 1499 934 1526 Xlll
951 1498 1071 1534 scripsit)
1085 1499 1243 1534 imperatori
1253 1499 1376 1527 Michaeli
1392 1501 1573 1535 respondebat
1590 1511 1597 1529 :
1614 1502 1701 1530 Porro
1715 1505 1825 1540 scripsit
1837 1506 1912 1534 nobis

283 1547 424 1582 imperium
439 1550 555 1573 oestrum
579 1550 608 1571 ut
622 1544 828 1579 Theognostum,
857 1544 906 1579 qui
919 1552 935 1570 a
947 1543 1032 1578 fratre
1063 1547 1088 1570 et
1119 1544 1271 1578 coepiscopo
1293 1549 1383 1571 nostra
1404 1544 1509 1580 Ignatio
1525 1554 1604 1581 super
1618 1548 1912 1584 quasdamprovincias

284 1590 447 1617 emam/ratus
464 1585 569 1628 pondus
582 1588 715 1622 accepisse
736 1588 915 1622 dignoscitur,
930 1595 976 1614 nec
990 1595 1040 1613 non
1051 1590 1076 1613 et
1089 1586 1157 1614 alios
1176 1588 1319 1615 monachos
1343 1588 1405 1620 sibi.
1425 1593 1551 1624 tanquam
1564 1596 1656 1618 ucstra:
1672 1592 1829 1627 Augustalis
1842 1594 1915 1629 inju-

283 1636 397 1662 riatorcs
418 1629 589 1662 Excellentitc
603 1634 777 1661 destinemus.
794 1631 830 1658 In
846 1640 897 1667 quo
913 1640 972 1658 cum
986 1636 1073 1658 tamen
1091 1631 1143 1665 ipsi
1169 1631 1340 1666 injurialores
1362 1633 1441 1659 vestri
1456 1641 1507 1660 non
1529 1634 1640 1668 fuerint,
1661 1636 1725 1670 quid
1751 1637 1837 1671 aliud,
1861 1639 1915 1666 nisi

282 1683 311 1704 ut
326 1683 426 1713 quanta
441 1685 519 1712 pana
539 1681 563 1704 et
578 1676 676 1712 quibus
695 1676 835 1703 tormentis
846 1675 1026 1709 subjiciuntur
1042 1674 1070 1701 lti
1084 1675 1128 1709 qui
1145 1682 1179 1702 ea:
1193 1680 1269 1708 parte
1279 1675 1382 1710 Ignatii
1397 1681 1469 1709 sunt,
1484 1683 1508 1704 et
1527 1680 1598 1712 apud
1613 1687 1656 1706 vos
1669 1680 1696 1707 in
1712 1680 1814 1708 ditione
1826 1687 1914 1710 vestra

280 1722 449 1752 consistunt,
464 1720 592 1755 liquidius
621 1727 805 1754 agnoscamus.
819 1718 933 1751 Quando
948 1719 975 1745 hi
990 1726 1042 1745 non
1054 1718 1143 1753 utique
1160 1718 1194 1744 ad
1208 1719 1311 1752 epulas,
1328 1727 1379 1746 non
1393 1720 1428 1746 ad
1444 1721 1546 1755 infulas
1560 1722 1674 1756 alicujus
1690 1724 1799 1751 honoris
1825 1729 1914 1760 perci—

278 1765 393 1798 piendas
408 1765 526 1799 profecto
545 1769 712 1799 queruntur,
728 1763 772 1790 sed
784 1764 872 1797 potius
891 1764 925 1790 ad
938 1762 1110 1797 puniendum,
1127 1770 1191 1796 quos
1202 1762 1272 1796 forte
1291 1770 1337 1789 nec
1353 1763 1465 1796 vittissis,
1489 1772 1535 1791 nec
1550 1766 1626 1800 cujus
1640 1768 1720 1794 moris
1731 1769 1795 1801 siut,
1807 1771 1913 1804 penitus

281 1808 438 1843 (ignovistis.
457 1808 573 1843 Denique
586 1808 694 1843 quidam
706 1815 797 1834 eorum
816 1807 848 1834 ab
870 1807 977 1833 ineunte
995 1810 1072 1833 a’tate
1089 1805 1179 1833 Roma
1191 1806 1288 1833 divinis
1305 1806 1436 1841 obsequiis
1453 1808 1578 1842 [anmlati
1593 1815 1666 1842 sunt,
1686 1816 1710 1838 et
1734 1821 1785 1839 non
1808 1813 1911 1847 iustum

281 1851 414 1880 credimus
428 1851 582 1886 hujusmodi
597 1851 735 1878 tormentis
755 1851 812 1885 fore
833 1850 994 1878 subdemlos.
1015 1849 1207 1884 Tlteognostum
1222 1856 1312 1877 autent
1327 1851 1422 1877 nonde
1438 1851 1509 1879 vobis
1524 1853 1645 1885 sinistra,
1663 1855 1709 1881 sed
1721 1857 1811 1890 potius
1831 1864 1911 1892 grata

279 1895 426 1930 pradicare
439 1899 580 1922 testamur.
597 1893 777 1927 Quamobrem
803 1903 865 1929 ergo
881 1902 941 1921 eum
970 1894 1098 1928 qttwratis
1110 1894 1274 1929 ignoramus.
1291 1895 1343 1921 nisi
1354 1895 1434 1929 forte,
1449 1897 1511 1931 quia
1526 1897 1603 1924 illinc
1629 1899 1750 1934 fugatus,
1774 1901 1816 1927 hic
1838 1904 1910 1936 apud

275 1947 327 1966 nos
341 1939 467 1974 requiem,
478 1938 702 1974 quemadmodum
717 1938 851 1965 innumeri
868 1937 1028 1969 Christiani,
1045 1937 1241 1973 aliquantulum
1256 1939 1362 1972 reperit.

316 1982 360 2010 ΙΙΙ.
377 1983 445 2010 Eam
461 1990 526 2010 vero
542 1981 734 2017 Theognostus
752 1982 822 2016 apud
839 1981 980 2008 Romanos
998 1980 1085 2007 inibat
1099 1988 1138 2015 gr:

1099 1980 1228 2015 gratiam,
1245 1985 1275 2007 ut
1294 1981 1328 2008 ab
1345 1981 1379 2008 iis
1393 1981 1611 2020 ἀρχιμανδρίτης
1640 1985 1689 2021 τῆς
1720 1987 1909 2024 πρεσϐυτέρας

284 2030 408 2066 Ῥώμης,
430 2029 653 2057 archintandrites
665 2030 759 2057 veteris
776 2029 879 2061 Romte,
895 2028 920 2055 id
937 2032 989 2061 est,
1009 2027 1153 2062 prmfectus
1181 2028 1410 2056 monasteriorum
1431 2031 1531 2058 Veteris
1552 2030 1657 2064 Ronue.
1679 2036 1907 2068 constitueretur,

274 2075 326 2110 qui
347 2081 426 2102 nova:
452 2073 560 2106 Romae.
589 2073 616 2101 id
629 2077 672 2101 est
687 2073 972 2107 Constantinopoleos,
995 2071 1132 2098 exarchus
1149 2072 1299 2099 exstiterat.
1327 2072 1410 2101 Docet
1434 2074 1486 2102 hoc
1518 2075 1613 2104 titulus
1636 2085 1717 2111 quem
1740 2078 1907 2114 Theoguosti

277 2118 399 2146 narratio
418 2118 559 2153 praelium
581 2117 659 2152 gerit,
676 2117 690 2152 δ
706 2115 762 2143 Vlll
782 2116 808 2143 in
830 2116 949 2143 medium
962 2115 1125 2142 alTercudus.

312 2161 356 2189 IV.
369 2161 490 2197 Ignatius
499 2161 534 2188 ab
547 2161 714 2195 imperatore
723 2160 833 2190 Basilio,
846 2159 985 2186 Michaelis
997 2165 1169 2190 successore,
1181 2158 1305 2186 l‘hotium
1329 2160 1475 2196 relegante,
1499 2163 1717 2197 patrtarchatum
1748 2166 1908 2196 Constanti-

272 2206 466 2241 nopolitanum
482 2205 514 2233 Α.
525 2204 616 2233 (1.867
633 2204 792 2239 recipiebat.
802 2202 1057 2238 'l‘heognostus,qui
1071 2210 1118 2237 per
1133 2211 1220 2230 annos
1236 2209 1338 2238 srptem
1350 2205 1481 2233 hactenus
1494 2207 1588 2235 Romae
1597 2216 1793 2243 commoratus,
1802 2213 1907 2240 exsulis

274 2250 372 2284 Igtlalii
385 2257 498 2277 causam
517 2249 590 2284 apud
609 2247 751 2276 Nicolaum
779 2248 789 2275 l
814 2252 842 2275 ct
864 2247 1013 2274 Adrianum
1030 2246 1053 2272 ll
1068 2247 1210 2281 pontifices
1227 2247 1376 2282 Romanos,
1396 2251 1486 2277 nervis
1500 2252 1627 2280 omnibus
1640 2257 1784 2288 cgerat,A.
1808 2256 1838 2284 Ο.
1853 2257 1906 2284 868

268 2294 543 2329 Constantinopolim
560 2294 758 2326 revertebatur,
773 2291 806 2319 ad
823 2291 952 2319 Basilium
976 2290 1169 2325 imperatorem
1193 2295 1220 2318 et
1235 2291 1368 2326 lgnatium
1398 2294 1581 2328 patriarchatn
1611 2297 1726 2330 litteras,
1759 2299 1785 2326 in
1804 2301 1905 2334 quibus

274 2339 384 2373 utrique
397 2339 529 2373 majorem
544 2339 570 2365 in
589 2339 698 2365 modum
713 2337 969 2366 commemlabatur,
991 2335 1025 2361 ab
1038 2334 1158 2361 Adriano
1173 2335 1289 2370 scriptas
1306 2336 1432 2365 alierens.
1450 2338 1598 2373 Adrianus,
1613 2343 1735 2376 partibus
1757 2344 1904 2379 lgnatianis

268 2383 410 2414 addictus,
429 2384 457 2410 iu
476 2383 592 2417 epistola
607 2383 710 2418 Lquam
728 2381 761 2409 ad
774 2382 968 2416 imperatorem
987 2379 1127 2422 Basilium.
1145 2377 1295 2406 lndictione
1312 2380 1458 2409 Iliaicndis
1473 2384 1588 2418 Augusti
1603 2386 1711 2421 scripsit
1727 2377 1902 2422 (Anastasius

273 2426 504 2454 Bthliotltccarius
523 2427 550 2453 itt
566 2427 642 2453 Actis
662 2426 770 2453 cont-illi
787 2421 1132 2458 ConstantinopolitaniiV
1153 2422 1256 2449 Latinis
1273 2424 1382 2451 actione
1400 2426 1458 2459 vn),
1477 2434 1655 2461 repraesentat
1670 2437 1677 2455 :
1697 2421 1839 2466 Postquam
1852 2442 1903 2460 au-

255 2474 323 2496 .vtem
343 2471 522 2505 cognouimus,
538 2470 607 2504 quod
623 2471 772 2496 misericors
802 2469 870 2496 Deus
893 2468 1031 2502 imperium
1056 2471 1168 2492 vestrum
1186 2467 1266 2493 simul
1284 2472 1307 2494 et
1326 2468 1449 2502 a/fertnnt
1465 2471 1500 2497 ad
1520 2471 1568 2498 hoc
1588 2475 1713 2508 erexerit,
1729 2480 1757 2501 ut
1779 2476 1898 2510 dispersu

267 2518 418 2548 congregat,
435 2519 459 2540 et
476 2522 534 2548 qtae
562 2514 713 2540 ceciderunt
732 2514 817 2547 erigat
843 2518 866 2539 et
888 2512 1007 2538 contrita
1021 2511 1161 2543 resalutat,-
1182 2512 1345 2546 fulucialitur
1360 2521 1510 2548 possumus,
1532 2516 1586 2543 Duo
1615 2520 1729 2553 gratias,
1760 2520 1897 2555 deposcere

259 2563 298 2584 -ιιι
313 2557 331 2584 ii
344 2557 493 2592 quiabjerti
509 2564 581 2591 sunt,
599 2558 631 2584 ab
647 2557 755 2591 imperio
771 2562 856 2584 restro
873 2557 1045 2590 recipiantur,
1062 2560 1087 2581 et
1111 2555 1130 2581 ii
1155 2555 1200 2590 qui
1225 2556 1350 2590 dispersi,
1376 2565 1575 2593 rom/regentur.
1600 2561 1767 2597 Quapropter
1779 2566 1896 2598 pruden-

266 2601 401 2628 tissimum
431 2602 516 2628 uirum
546 2601 739 2636 Tltcognostum
763 2600 1024 2628 hunorabilissimum
1047 2599 1191 2626 crare/tum
1229 2605 1322 2627 rustra:
1348 2601 1454 2635 ﬁducia:
1485 2605 1644 2633 remittentes
1668 2610 1899 2641 commendamus:

265 2645 311 2680 qui
341 2645 484 2680 legatione,
520 2653 576 2671 tam
598 2653 647 2679 pro
669 2645 754 2679 fratre
777 2650 802 2671 et
824 2643 1009 2670 comministro
1038 2649 1130 2669 nostro
1160 2642 1279 2677 Ignatio.
1296 2652 1375 2678 quam
1391 2654 1441 2680 pro
1458 2649 1560 2675 cwleris
1585 2651 1772 2679 contribulatis
1788 2652 1897 2687 functus

264 2697 308 2723 per
341 2690 506 2724 scptcnnium
532 2689 602 2723 apud
616 2689 744 2724 principis
774 2688 955 2722 apostolorum
986 2687 1079 2714 limina
1102 2691 1130 2712 ut
1161 2687 1313 2720 peregrinus
1343 2693 1367 2714 et
1380 2690 1469 2717 incola
1497 2692 1573 2725 vixit,
1604 2698 1630 2720 et
1666 2703 1757 2722 eorum
1793 2699 1897 2731 confes-

266 2732 385 2758 siunibus
413 2735 568 2759 memoriam
590 2739 703 2759 restrain
725 2733 828 2758 assidi-
860 2731 1073 2762 commendavit,-
1097 2735 1121 2757 et
1139 2740 1154 2757 a
1174 2731 1218 2757 die
1246 2732 1373 2759 adventus
1399 2742 1442 2760 sui
1475 2743 1557 2770 usque
1579 2738 1614 2763 ad
1645 2746 1762 2772 prmsens
1788 2743 1896 2776 pietatis

264 2781 357 2803 uestra:
381 2777 515 2811 pra’conia
530 2785 653 2808 narrare,
671 2782 695 2803 ιιι
711 2776 836 2803 [ζει-ιρδὶιιν
857 2776 1029 2810 manifestare
1042 2774 1162 2806 vulnera,
1189 2781 1214 2801 et
1231 2775 1325 2802 horum
1346 2778 1476 2805 medelam
1501 2781 1604 2815 exigere
1623 2791 1675 2810 non
1687 2774 1798 2814 destitii.
1817 2787 1894 2813 Nunc

263 2827 323 2853 ergo
337 2821 462 2854 quoniam
480 2825 504 2847 ct
521 2821 569 2847 iste
583 2829 650 2846 unus
665 2828 697 2846 ea:
708 2820 764 2846 illis
784 2825 834 2851 est,
852 2820 908 2854 qui,
925 2824 1065 2854 postquam
1081 2818 1157 2852 lupus
1177 2818 1264 2862 factus
1284 2825 1321 2846 cst
1338 2826 1439 2855 pastor,
1458 2825 1586 2852 continuo
1606 2826 1719 2861 dispersi
1743 2835 1768 2856 et
1784 2837 1799 2856 ιι
1823 2831 1894 2858 nobis

262 2865 305 2889 Diu
321 2865 410 2891 omnia
428 2865 575 2901 regentibus
590 2865 743 2899 congregati
760 2869 832 2895 sunt,
851 2869 984 2892 revocetur
1001 2868 1026 2890 ct
1040 2863 1246 2897 ipsa,-petimus,
1261 2868 1285 2890 et
1296 2864 1322 2890 in
1336 2865 1448 2892 mandra
1459 2867 1578 2900 ﬁdelium
1592 2871 1710 2898 omnium
1726 2881 1742 2899 a
1754 2872 1892 2901 clementia
