2083 3155
201 166 260 199 845
669 167 947 199 THEOGNOSTUS
962 168 1179 200 MONACIIUS.
1191 181 1225 187 —
1237 169 1403 200 NOTITIA.
1781 168 1846 199 846-

200 217 288 239 uestra
303 210 414 244 locetur,
441 215 467 239 et
481 212 551 239 inter
567 212 688 240 lwtantes
699 214 757 247 pios
773 214 843 248 ﬁlios
854 219 962 248 paterno
977 214 1072 248 a/fcctu
1091 219 1149 248 post
1175 214 1258 249 longa:
1275 214 1438 248 captivitatis
1457 212 1627 240 reversionem
1646 216 1834 241 eonuumerari

200 262 350 290 mereatur;
371 263 395 285 et
408 258 438 286 ob
451 267 567 286 amorem
586 259 642 292 Dei,
655 265 678 286 et
687 265 865 294 protectorum
888 265 1033 288 vestrorum
1049 261 1197 294 principum
1211 259 1389 294 apostolorum
1405 259 1542 290 honorem,
1560 266 1577 284 o
1589 264 1700 292 quorum
1713 256 1837 290 regimine

200 302 388 336 proﬁciscitur,
413 303 623 330 mansuetudinis
640 308 730 331 vestris
745 304 848 331 auxilio
864 305 972 336 sentiat,
1001 309 1025 331 et
1042 310 1100 338 post
1113 303 1290 331 turbatiouem
1317 303 1495 332 serenitatem,
1509 305 1533 328 et
1546 306 1603 336 post
1618 298 1703 327 multo
1726 299 1838 326 adversa

199 350 298 379 optate
320 346 504 380 prosperitatis
527 347 659 381 eﬁ'ectum.
681 353 808 382 quatenus
840 356 886 382 per
904 353 1077 382 patronorum
1097 353 1241 375 uestrorum
1267 348 1476 378 intercessiones,
1500 346 1649 381 principum
1672 341 1790 371 uidelicet
1821 351 1839 369 ιι

199 398 310 424 quarunt
324 390 383 416 sede
398 391 551 423 remittitur,
576 396 600 417 et
609 399 719 426 quorum
743 392 920 426 principatum
932 400 979 426 pro
989 392 1106 419 Ecclesia
1131 398 1228 424 uestro,
1243 401 1302 427 qua:
1319 392 1393 420 ualde
1409 392 1533 426 ﬂuctuat,
1556 390 1597 418 die
1612 397 1643 416 ac
1670 392 1743 416 nocte
1757 388 1840 415 inter-

199 433 298 467 pellare
308 441 354 468 per
377 433 462 460 multa
471 435 604 462 curricula
615 443 667 461 non
683 436 803 462 cessavit.
824 445 834 461 ι
853 435 881 462 In
894 435 1007 469 cpistola
1020 436 1126 471 Qquaru
1142 437 1176 463 aJ
1202 436 1334 471 lgnatium
1347 435 1530 470 patriurcbam
1548 433 1696 461 indictione
1709 440 1729 463 I.
1741 431 1838 459 Kalen-

200 475 243 503 dis
252 475 506 510 Augusti,scripsit,
514 476 687 511 (Anastasius
697 477 809 511 ibidem)
818 477 927 504 exhibet
942 487 948 504 :
960 477 1095 506 Prwterea
1107 488 1272 506 communem
1283 479 1368 513 ﬁlium
1381 478 1583 514 Theognostum,
1593 475 1840 504 reuerendissimum

200 519 344 546 exarchum
358 525 382 547 et
395 520 520 547 dilectum
541 521 624 552 nobis,
636 529 693 548 ecce
708 521 742 547 ad
754 529 798 548 vos
825 521 1031 554 transmisimus,
1047 521 1132 556 quieo;
1142 522 1356 556 persequentibus
1373 519 1576 548 wrnulatoribus
1590 519 1644 546 tuis
1656 518 1732 545 illim:
1751 516 1838 544 nudus

199 562 399 598 salvatus,quiu
415 568 440 591 et
455 569 558 591 ntutato
573 564 664 591 habitu
677 565 720 591 via:
731 564 781 591 huc
791 565 954 600 pertingens,
968 565 1177 592 vitamlucratus
1193 570 1243 598 est,
1254 565 1348 592 deinde
1359 565 1430 600 apud
1440 563 1581 591 memorias
1595 562 1774 598 apostolorum
1793 567 1840 595 per

200 615 295 643 septem
314 609 367 644 fere
387 619 517 637 annorum
538 611 683 644 curricula,
711 616 739 638 ut
763 612 856 646 hospes
875 616 899 638 et
913 613 1013 638 aduena
1025 612 1187 644 demoratus,
1201 621 1253 639 non
1271 617 1374 640 tantum
1394 612 1531 647 propriam
1548 611 1695 642 miseriam,
1709 612 1840 643 quantum

200 654 352 680 sanctitatis
372 659 424 681 tua:
436 662 587 689 pressuram
601 660 625 681 et
641 655 946 690 Constantinopolitano:
958 655 1082 683 Ecclesia:
1095 656 1264 683 calamitates
1276 664 1339 691 pene
1351 658 1515 683 incessanter
1527 655 1640 689 deﬂebat
1659 661 1667 680 .‘
1683 654 1721 680 ita
1733 657 1760 679 ut
1787 659 1840 679 non

201 696 287 724 solum
296 702 372 723 antea
389 697 442 728 iant
455 698 556 724 dictum
570 698 730 725 decessorem
752 707 836 725 meum
846 698 996 734 (Nicolaum
1009 700 1028 734 ι)
1042 699 1087 725 sed
1108 704 1133 726 et
1149 707 1188 726 me
1198 704 1289 733 postea
1311 703 1385 726 nocte
1397 707 1427 725 ac
1439 698 1481 725 die
1505 698 1684 732 intleficienter
1694 697 1801 730 erigere,
1815 700 1841 722 et

200 748 248 774 pro
264 745 336 767 statu
349 745 429 768 tanta:
443 740 568 768 Ecclesia
582 747 606 768 et
620 743 750 769 erectione
776 748 861 770 uestra
875 743 974 770 crebris
992 743 1148 769 suasionum
1168 743 1283 770 stimulis
1297 743 1383 770 latera
1399 748 1547 777 percutere,
1573 746 1598 768 et
1617 740 1841 776 quemadmodum

201 783 310 818 angelus
323 785 455 818 quondam
467 794 474 812 :
487 784 581 820 Surge,
593 785 774 821 Pctre,accipe
785 786 967 821 fortitudinem
980 789 1014 813 ad
1022 787 1165 814 saloandus
1176 792 1275 822 gentes,
1284 795 1329 820 per
1339 787 1458 821 singulos
1469 787 1525 813 dies
1538 785 1613 813 nobis
1626 786 1711 812 dicere
1720 792 1770 810 non
1781 791 1839 810 ces-

201 831 272 854 saret
279 836 412 863 quousque
426 829 558 861 auditum,
573 829 624 856 Deo
631 834 786 864 prwstante,
798 831 922 865 suscepit.
933 832 1002 866 quod
1020 831 1143 857 ardenter
1156 832 1182 858 in
1197 838 1301 866 pectore
1313 839 1413 865 semper
1426 831 1573 864 baiulabat.
1587 830 1647 864 Qua
1661 830 1692 856 de
1708 837 1743 859 re.
1756 827 1842 862 [ram

201 871 531 902 dilectissime.sanctitati
546 878 596 900 tuto
614 873 683 900 hunc
694 874 916 905 corrtmendantes.
932 882 1053 908 rogamus
1065 879 1090 902 et
1102 875 1284 909 deprecamur,
1305 879 1434 910 quatenus
1448 875 1519 900 circa
1544 882 1571 901 se
1597 873 1694 900 sentiat
1721 870 1840 906 beneficii

203 915 241 941 tui
253 915 430 949 propositum;
441 920 466 942 et
481 917 547 943 sicut
563 922 654 944 vestra:
665 917 751 952 [actus
761 922 798 944 est
811 919 1018 945 corumunicator
1028 919 1170 953 passionis,
1188 919 1227 945 ita
1242 924 1266 946 et
1278 918 1466 945 consolationis
1492 927 1499 944 :
1530 926 1582 945 non
1601 923 1691 944 autem
1706 920 1734 942 ut
1757 915 1841 950 fami-

201 958 277 984 liaris
290 963 379 985 noster
393 960 490 993 factus,
504 961 550 986 sed
564 965 587 986 et
599 965 626 987 ut
643 969 659 987 a
673 961 732 987 sede
740 961 868 995 principis
883 962 1062 996 apostolorum
1078 967 1224 997 susceptus,
1239 963 1283 989 hic
1296 962 1370 989 debet
1389 963 1421 988 ob
1437 969 1554 988 artiorem
1565 961 1631 996 ejus,
1650 967 1701 986 nou
1720 958 1841 994 qualem-

201 1009 302 1036 cunque
316 1001 343 1029 in
352 1008 491 1036 conspectu
500 1004 650 1031 sanctitatis
662 1009 754 1032 oestro:
765 997 884 1040 gratiam
900 1006 1024 1033 invenire.

239 1044 271 1072 ν.
290 1047 370 1074 Anno
385 1046 490 1075 Christi
506 1048 558 1076 869
572 1048 764 1083 Theognostus
787 1050 979 1083 patriarchalis
1005 1051 1174 1086 hegumenus
1198 1050 1302 1086 legatos
1324 1050 1436 1078 Adriani
1462 1049 1481 1077 II
1496 1044 1610 1076 Romani
1634 1046 1780 1083 pontiﬁcis,
1805 1046 1839 1074 ad

201 1091 348 1118 concilium
369 1092 607 1128 Consrantinopoli
624 1094 816 1121 celebrandum
831 1093 939 1125 missos,
968 1094 1151 1122 Sillambriam
1170 1095 1309 1130 ingressos
1325 1094 1493 1129 excipiebat;
1513 1094 1559 1128 qui
1574 1090 1839 1126 Constantinopolim

202 1133 349 1162 indictione
364 1143 406 1165 ut.
425 1136 469 1163 die
488 1145 520 1163 ιν
539 1137 717 1172 Septembris,
730 1138 763 1165 Α.
780 1137 812 1164 (1.
830 1138 892 1170 869,
911 1144 1100 1173 pervenerunt.
1111 1137 1293 1165 Continuator
1305 1137 1442 1165 Anastasii
1458 1138 1491 1164 de
1506 1137 1639 1164 Romanis
1653 1135 1840 1170 porttihcibuso

203 1178 230 1204 in
246 1179 366 1206 Adriano
380 1180 401 1207 ll
420 1189 426 1207 :
447 1180 593 1207 Multorum
626 1181 796 1217 anfractuum
812 1181 955 1208 laboriosos
979 1183 1106 1209 circuitus
1125 1182 1219 1217 (legati
1240 1181 1385 1216 Pontiﬁcii)
1404 1185 1582 1216 penetrantes,
1607 1180 1713 1206 tandem
1732 1178 1838 1206 Christo

203 1222 327 1255 prceduce
355 1223 571 1251 Thessalonicam
591 1226 696 1251 ueniunt
713 1225 741 1251 in
772 1233 823 1259 quo
844 1224 962 1252 Basilius
984 1226 1129 1260 imperator
1141 1225 1315 1252 Eustachium
1328 1225 1495 1259 spatharium
1512 1223 1687 1251 candidatum
1709 1230 1768 1249 cum
1783 1229 1840 1248 sua:

204 1265 375 1294 salutationis
383 1267 465 1302 oﬁicio
481 1273 582 1295 sancta:
600 1268 727 1295 Romano:
739 1268 835 1302 legatis
850 1268 976 1296 Ecclesice
990 1269 1092 1296 obuiam
1105 1269 1259 1296 destinauit.
1275 1269 1327 1302 Qui
1337 1277 1382 1296 eos
1399 1268 1543 1295 admodum
1558 1267 1701 1300 honoriﬁce
1716 1274 1763 1301 per
1774 1274 1839 1292 con~

205 1310 280 1344 tigna
303 1311 407 1338 itineris
427 1311 486 1338 loca
510 1312 644 1343 ducentes,
670 1312 858 1339 Sitiambriarn
878 1318 1060 1347 pervenerunt.
1079 1312 1129 1340 Ubi
1145 1321 1160 1339 a
1174 1313 1293 1340 Sisinnio
1310 1312 1443 1347 imperiali
1460 1311 1678 1347 protaspatltario
1693 1315 1718 1337 et
1753 1309 1840 1336 Thea-

205 1358 296 1388 gnosto
303 1355 477 1388 patriam/tali
490 1356 643 1390 hegumeno.
657 1356 701 1390 qui
715 1355 804 1383 Roma:
818 1356 888 1391 apud
903 1357 1099 1384 sanctissimum
1116 1365 1211 1391 papam
1225 1356 1369 1384 Nicolaum
1380 1364 1428 1390 pro
1438 1355 1598 1383 restituendo
1611 1354 1718 1389 Ignatio
1731 1352 1839 1380 sedulus

205 1396 361 1424 intercessor
380 1400 527 1431 exstiterat,
544 1407 602 1426 cum
619 1399 654 1427 40
671 1400 743 1434 equis
766 1400 797 1426 de
815 1400 922 1426 stabulo
942 1400 1073 1434 imperiali
1085 1405 1109 1428 et
1137 1401 1216 1427 totius
1242 1408 1337 1427 mensw
1351 1404 1474 1435 argenteo
1493 1404 1638 1434 apparatu,
1665 1396 1838 1432 olﬁcialibus—

205 1450 264 1477 que,
278 1443 324 1478 qui
335 1443 385 1470 sibi
396 1444 430 1470 ad
445 1452 547 1471 onmem
565 1445 668 1471 trbitum
686 1444 894 1479 famularentur,
912 1449 974 1471 sunt
991 1445 1100 1478 excepti.
1113 1444 1154 1471 Ad
1169 1449 1286 1471 castrum
1303 1448 1390 1470 autent
1404 1443 1557 1475 rotundum,
1576 1443 1604 1469 in
1619 1450 1669 1477 quo
1680 1445 1718 1468 est
1729 1440 1841 1468 ecclesia

205 1485 282 1513 inira:
295 1487 486 1522 magnitudinis
501 1487 530 1515 S.
545 1488 722 1523 Euangelista:
730 1488 843 1515 Joannis
859 1488 959 1515 nomini
972 1488 1072 1520 dicata,
1089 1489 1178 1523 favore
1197 1487 1352 1523 Augustali,
1372 1487 1488 1514 Sabbato
1498 1486 1664 1513 mansionem
1680 1485 1841 1519 suscipiunt.

207 1528 242 1556 Et
260 1529 408 1564 Dontiuica,
429 1540 487 1567 qua:
501 1533 595 1567 quinta
611 1532 713 1559 decima
729 1533 783 1559 dies
803 1532 949 1568 Septembri
964 1536 1031 1564 erat,
1058 1532 1203 1558 indictione
1219 1531 1309 1563 tertia,
1333 1531 1450 1566 sirtgulos
1462 1538 1540 1565 equos
1557 1537 1616 1557 cum
1652 1528 1724 1556 sellis
1747 1529 1836 1555 aureis

207 1572 342 1600 devotione
367 1574 542 1609 imperatoria
559 1576 705 1607 capientes,
725 1576 824 1604 oboiati
856 1577 975 1603 omnibus
993 1576 1102 1606 scholis,
1120 1575 1238 1602 videlicet
1265 1575 1474 1609 spat/rariorum,
1495 1574 1710 1605 candidatorum,
1738 1577 1838 1599 strate-

207 1624 312 1651 gorunr,
330 1618 518 1646 mandatorum
549 1626 756 1655 cmterorumque
788 1619 977 1647 Palatinarum
1003 1620 1138 1651 ordinum,
1154 1618 1326 1654 omnibusque
1343 1618 1499 1645 clericorum
1514 1617 1670 1653 planetariis
1700 1615 1838 1644 ordinibus

208 1664 244 1691 ad
257 1670 358 1699 portant
370 1674 479 1692 auream
492 1667 607 1695 veniunt.

247 1719 289 1747 νι.
310 1719 376 1748 Post
396 1721 543 1748 concilium
566 1720 912 1757 Constantinopolitanum,
937 1721 971 1748 Α.
987 1722 1018 1748 C.
1037 1721 1090 1748 870
1113 1721 1230 1754 ﬁnitum,
1259 1720 1333 1755 quod
1360 1727 1472 1754 prorsus
1494 1720 1527 1745 ad
1549 1717 1662 1744 Adriani
1683 1716 1706 1743 ll
1727 1716 1841 1745 Romani

209 1764 348 1799 pontiﬁcis
361 1770 491 1797 mentem,
509 1765 722 1800 patriarchatum
745 1764 1079 1799 Constantiuopolilanum
1103 1766 1241 1793 ademerat
1259 1764 1367 1796 Photio,
1385 1763 1594 1791 continuaverat
1611 1761 1727 1796 lgrtatio,
1750 1760 1842 1788 Theo-

208 1813 322 1843 gnostus
341 1808 412 1843 apud
427 1808 742 1843 Constautiuopolilanos
762 1809 920 1836 monasterii
938 1809 1031 1836 Fontis
1046 1809 1224 1843 hegumenus,
1251 1808 1278 1835 id
1289 1813 1330 1835 est
1342 1807 1438 1838 abbas,
1454 1811 1481 1834 et
1497 1805 1625 1833 Ecclesiae
1644 1803 1747 1840 Magna:
1763 1805 1844 1839 (qui-

209 1851 260 1879 bus
271 1852 409 1880 vocabulis
421 1853 550 1888 templum
558 1851 664 1880 Sancta:
673 1852 779 1887 Sophim
786 1853 855 1880 solet
865 1853 1001 1887 denotari)
1012 1853 1205 1887 scenophylax,
1224 1852 1248 1879 id
1261 1857 1326 1891 est“
1340 1858 1466 1879 vasorum
1481 1854 1586 1883 custos,
1609 1856 1656 1883 per
1671 1856 1702 1876 se
1725 1847 1840 1876 Romam
1855 1848 1862 1856 '

209 1895 308 1929 iturus,
318 1895 510 1931 imperatorum
520 1896 951 1930 Basilii,Constantini,Leoniset
959 1897 1119 1931 patriarcha:
1128 1897 1224 1931 lgnatii
1233 1896 1335 1924 litteras
1345 1895 1378 1923 ad
1390 1895 1538 1922 Adrianum
1548 1893 1722 1928 perferendas
1731 1893 1846 1927 accipie-

210 1940 269 1967 bat:
281 1940 366 1974 ipsius
377 1940 467 1975 (cujus
478 1940 591 1968 arbitrio
603 1941 723 1968 Graecam
735 1940 881 1967 Ecclesiam
894 1940 1013 1974 lgnatius
1021 1945 1047 1968 et
1059 1940 1203 1974 lgnatiani,
1215 1940 1313 1974 partim
1327 1938 1470 1966 acerrimis
1482 1938 1510 1964 in
1520 1937 1646 1965 Photium
1656 1940 1682 1963 et
1693 1935 1843 1963 Photianos

211 1984 291 2017 odiis,
313 1984 410 2018 partim
426 1984 531 2018 magnis
548 1985 574 2011 in
590 1985 725 2019 integrum
743 1984 925 2012 restitutionis
941 1984 1081 2011 beneﬁciis
1097 1984 1220 2016 adducti,
1233 1985 1303 2010 intra
1319 1983 1466 2011 concilium
1481 1989 1497 2008 α
1519 1981 1588 2009 solis
1605 1979 1755 2015 lgnatianis
1769 1979 1844 2006 cole-

212 2027 333 2061 bratum,
350 2027 376 2054 in
391 2029 474 2056 robus
488 2029 631 2063 principuis
647 2028 851 2063 subjecerant,)
867 2028 900 2055 ad
916 2028 995 2055 utiles
1007 2027 1146 2059 Ecclesiis,
1168 2032 1224 2055 tu."
1242 2028 1358 2054 lectores
1374 2027 1508 2061 plurimos
1528 2032 1598 2059 quos
1619 2023 1734 2051 Photius
1754 2023 1844 2050 sacris

161 2096 167 2102 ,
213 2070 379 2104 initiaverat,
398 2071 424 2098 in
446 2071 542 2099 oﬂiciis
558 2073 616 2099 suis
636 2072 776 2104 tolerutos,
804 2071 954 2105 majoribus
977 2071 1160 2106 dignitatibus
1184 2070 1356 2102 mactandos,
1384 2074 1441 2097 tum
1464 2069 1608 2104 episcopos
1635 2066 1784 2094 nonnullos
1808 2066 1844 2094 ob

213 2115 436 2142 communionem
451 2123 511 2142 cum
527 2115 623 2142 Photio
638 2117 753 2146 cultam,
768 2115 929 2142 muneribus
947 2115 1005 2141 suis
1021 2115 1143 2145 orbatos,
1161 2114 1297 2149 pri0ribus
1321 2113 1433 2141 sedibus
1455 2111 1650 2142 restituendos,
1671 2117 1838 2138 consensum

215 2161 424 2194 impetraturus.
444 2161 629 2195 Imperatores
645 2161 669 2188 in
687 2160 783 2188 litteris
800 2161 831 2187 ad
845 2160 1008 2192 Adrianum,
1021 2167 1091 2195 quas
1107 2158 1269 2185 Anastasius
1280 2156 1509 2184 liibliothecarius
1522 2154 1597 2182 Actis
1607 2154 1844 2188 Constantinopo-

215 2204 291 2231 litani
312 2204 421 2232 concilii
446 2204 551 2232 Latinis
564 2205 707 2239 subjunxit
722 2215 728 2232 :
750 2204 912 2232 Litterarum
927 2206 1051 2241 gerulum
1062 2204 1211 2237 expeditum
1230 2203 1265 2229 ad
1285 2203 1452 2237 peregrinam
1468 2201 1671 2241 profectionem,
1686 2204 1711 2226 et
1728 2207 1842 2233 magun-

214 2248 316 2274 nintum
336 2247 370 2274 ad
384 2248 515 2274 ntalorurn
530 2249 700 2275 tolerantiam
716 2249 849 2275 consecuti
867 2257 969 2277 sumus.
986 2249 1014 2275 id
1027 2249 1111 2283 ipsum
1136 2247 1251 2282 optabile
1274 2247 1412 2273 habentem
1437 2246 1550 2280 principi
1574 2240 1759 2278 apostolorum
1783 2247 1845 2269 ante

215 2292 375 2325 promissum
395 2301 478 2319 causa
495 2293 621 2320 reddendi
634 2299 732 2325 votum,
748 2294 918 2327 eumderuque
933 2298 1025 2320 vestro:
1039 2297 1157 2327 paternte
1171 2282 1315 2318 sanctitati
1331 2291 1557 2321 commendamus,
1570 2296 1648 2321 super
1669 2288 1718 2314 hoc
1744 2294 1846 2321 quoque

215 2335 327 2362 multant
339 2337 557 2371 tranquillitatem
573 2343 685 2364 uestram
699 2343 844 2370 roqantenr.
867 2337 939 2363 Idem
966 2342 1054 2363 autent
1069 2341 1105 2362 est
1123 2336 1164 2361 hic
1183 2335 1371 2368 T/reognostrts,
1386 2341 1461 2368 quem
1476 2337 1501 2359 et
1517 2340 1560 2359 vos
1588 2331 1651 2358 bene
1676 2331 1771 2362 nostis,
1794 2330 1846 2356 Deo

215 2380 338 2407 amabilis
354 2381 511 2415 hegnmenus
542 2381 765 2416 superlaudabitis
789 2381 834 2408 Dei
850 2381 942 2407 matris
960 2380 1039 2415 Prges
1056 2379 1104 2414 (id
1119 2385 1158 2406 est
1174 2378 1268 2405 Fontis
1280 2379 1288 2411 )
1300 2382 1324 2404 et
1339 2385 1464 2404 vasorum
1480 2380 1570 2403 custos
1586 2375 1689 2409 Magna:
1704 2374 1840 2400 Ecclesiw.

215 2423 268 2451 Per
286 2424 370 2458 ipsum
388 2433 459 2458 ergo,
475 2433 532 2459 qua:
543 2426 627 2451 nostri
641 2425 764 2452 desiderii
777 2430 847 2456 sunt,
863 2430 1006 2459 opportune
1021 2423 1164 2458 adimplere
1192 2422 1386 2457 conspeximus.
1417 2417 1518 2447 Ibidem
1535 2424 1596 2455 post
1611 2427 1698 2454 pauca
1713 2427 1720 2445 :
1738 2417 1848 2451 Specio-

217 2467 251 2494 lt's
270 2472 358 2494 autem
378 2467 457 2494 Pater
473 2473 561 2495 noster
575 2474 598 2495 et
612 2477 713 2504 magna:
728 2469 843 2495 ciuitatis
864 2470 1019 2502 patriarcha
1044 2467 1186 2501 postularit
1214 2475 1230 2492 a
1249 2466 1325 2492 nobis
1350 2466 1465 2492 scribere
1494 2464 1640 2491 Sanctitati
1665 2469 1717 2489 tute
1744 2462 1776 2488 de
1803 2462 1844 2487 Iris

218 2510 370 2543 lectoribus,
387 2512 432 2546 qui
449 2519 465 2537 a
482 2511 575 2538 Photio
598 2513 711 2545 promoti
727 2517 798 2544 sunt,
820 2513 909 2538 multis
926 2517 950 2538 et
964 2510 1198 2538 innumerabilibus
1221 2508 1407 2537 assistentibus
1430 2509 1468 2535 eis
1490 2509 1517 2534 in
1541 2507 1652 2534 diversis
1682 2505 1848 2540 provinciis;

218 2553 325 2589 insuper
340 2560 427 2581 autent
441 2560 465 2582 et
481 2556 513 2581 de
528 2555 615 2582 Paulo
629 2556 843 2582 rererendissinto
858 2555 1067 2588 triltiiotltecario,
1085 2555 1160 2581 verbo
1176 2559 1199 2581 et
1219 2554 1272 2580 vita
1283 2553 1456 2588 pra'fulgido,
1469 2561 1500 2579 ac
1516 2552 1651 2578 Theodoro
1666 2550 1845 2584 ntctropolita,

217 2598 263 2633 qui
281 2604 305 2625 ct
325 2599 380 2633 ipsc
392 2600 469 2626 nimis
485 2599 608 2626 Ecclesin-
625 2600 699 2627 utilis
711 2604 759 2631 est,
775 2605 902 2634 quatenus
917 2599 1077 2634 dispensatio
1095 2599 1145 2633 fiat
1168 2607 1183 2625 a
1204 2597 1353 2624 Sanctitate
1385 2596 1476 2623 Vestra
1500 2604 1578 2630 super
1592 2595 1667 2630 ipsis,
1688 2593 1848 2629 quibusdam

219 2642 323 2675 quidem
338 2642 373 2668 ad
387 2651 510 2670 ascensus
528 2643 640 2678 majores
659 2651 797 2669 sacrorum
809 2643 950 2677 graduum.
965 2643 1128 2681 quibusdam
1144 2650 1202 2668 vero
1220 2642 1254 2667 ad
1277 2640 1451 2675 receptionern
1475 2639 1578 2667 sedium
1593 2646 1703 2666 suarum
1720 2645 1730 2668 ;
1746 2637 1780 2663 ad
1796 2639 1845 2662 hoc

219 2687 375 2722 nguntibus
389 2686 437 2713 Dei
449 2688 617 2714 imitatricem
635 2688 757 2714 virtutem
770 2691 842 2712 tuam
863 2694 871 2717 ;
886 2688 978 2713 horum
995 2687 1102 2721 quidem
1125 2686 1330 2717 ntultitudiucnt,
1352 2687 1367 2711 Ιι
1380 2684 1430 2718 tjus
1443 2692 1500 2711 uero
1517 2683 1620 2710 labores
1635 2686 1659 2708 et
1674 2688 1722 2715 pro
1733 2680 1843 2706 veritate

219 2731 340 2764 sudores,
355 2732 428 2759 illius
444 2737 532 2759 autem
549 2732 632 2766 culpet
649 2732 885 2766 reprehensionem,
899 2735 923 2757 et
944 2730 1014 2763 quod
1036 2738 1068 2757 ea:
1081 2730 1209 2757 canonica
1227 2729 1261 2755 sit
1275 2737 1369 2755 manus
1387 2728 1556 2762 inpositione
1565 2729 1703 2761 promotus
1728 2723 1849 2749 conside-

219 2782 322 2805 tantem
338 2786 347 2805 ι
361 2787 409 2812 pro
422 2778 463 2804 Itis
476 2784 500 2804 et
518 2778 655 2811 imperium
675 2781 795 2803 nostrum
810 2776 915 2810 ﬂagitat
939 2775 1067 2809 pietatem
1083 2780 1157 2800 tuam
1180 2773 1385 2806 dispensandum
1407 2771 1508 2802 aliquid
1523 2771 1583 2796 hinc
1598 2767 1751 2795 humanius.
1771 2766 1849 2800 Igna-

222 2823 277 2849 tius
295 2822 320 2849 in
337 2823 434 2849 litteris
449 2822 481 2848 ad
504 2822 665 2852 Adrianum,
683 2821 782 2848 ibidem
804 2819 977 2846 cxsmutibus
994 2828 1001 2846 ε
1026 2818 1126 2844 Nastra
1143 2817 1281 2842 humilitas
1297 2824 1396 2842 memor
1418 2815 1559 2841 cnaritatis
1581 2817 1682 2842 restrw,
1711 2818 1742 2837 ac
1771 2818 1847 2836 arua-

222 2866 295 2899 bilis,
311 2874 386 2900 quem
397 2866 467 2892 circa
480 2874 526 2892 nos
537 2865 622 2897 habet,
635 2865 756 2898 a/feclus,
769 2871 792 2891 et
804 2864 838 2890 ad
848 2863 895 2889 hoc
909 2863 994 2897 ipsum
1005 2863 1165 2889 voluntatem
1177 2865 1200 2888 et
1217 2860 1414 2887 rnrdicatianem
1429 2858 1534 2890 habens,
1552 2856 1648 2883 invenit
1664 2860 1851 2889 procurantem
