2083 3155
242 165 295 198 81⁵1
824 161 1062 192 THEOGNOSTI
1084 160 1255 191 MONACIII
1829 159 1887 192 858'

247 228 276 250 ut
299 221 449 249 mitteretur
465 218 490 246 in
509 225 588 250 tuam,
611 227 670 254 quis
683 222 722 245 est
746 219 779 245 ad
810 219 899 253 magni
928 218 1042 246 nominis
1070 218 1191 251 Romam,
1222 219 1350 246 orationis
1380 226 1473 250 causa,
1499 218 1621 245 intimum
1650 217 1734 252 [ilium
1760 222 1880 244 nostrum

243 264 489 293 reserendissimum
509 263 629 289 abbatem
650 261 752 294 Fontis,
775 267 800 289 et
818 262 1028 297 scevophylacem
1050 262 1156 298 Magnis
1182 262 1326 296 Ecclesia,
1348 263 1485 290 dominam
1517 262 1722 298 Thcognostum,
1739 267 1763 289 et
1781 262 1881 288 idcirco

245 309 328 344 magis
341 308 489 337 studuimus
503 306 646 340 adimplere
661 306 821 333 desiderium
837 311 962 336 vestrum.
978 315 1053 342 quem
1065 311 1089 334 et
1103 307 1223 333 misimus
1240 314 1298 333 cum
1320 307 1446 341 pra'scnti
1464 307 1574 341 epistola
1596 311 1687 333 nostra
1709 306 1879 333 visitaturum

244 358 269 381 et
290 352 481 382 salutaturum,
499 358 530 376 ac
550 350 725 376 adoraturum
743 350 891 384 fraternam
916 350 1091 378 Sanctitatem
1116 349 1235 377 Vestram
1254 351 1463 382 ;nuntiaturum
1481 351 1564 377 etiam
1584 355 1608 377 et
1632 359 1648 377 a
1672 349 1781 377 Christo
1806 350 1880 376 nobis

245 395 373 423 donatam
388 394 598 422 incolumitatem
610 394 639 420 in
654 394 704 420 hac
722 394 774 421 vita
801 393 892 420 multis
902 395 1071 426 passionibus
1086 398 1111 420 et
1130 393 1344 421 tribulationibus
1359 393 1447 428 plena,
1473 394 1695 428 quemadmodum
1721 394 1775 428 ipse
1799 393 1882 420 voluit

245 445 269 467 et
287 440 436 475 judicavit,
459 439 504 473 qui
518 439 607 465 omnia
622 438 753 472 sapienter
773 443 797 465 et
819 444 992 473 congruenter
1015 440 1161 473 dispensat,
1181 443 1205 466 et
1222 443 1283 466 ante
1306 439 1332 465 in
1357 444 1402 465 tua
1416 439 1597 473 piissintorum
1615 445 1638 466 et
1657 439 1758 466 Christi
1779 439 1881 464 amico-

246 492 303 510 rum
329 491 361 510 ac
377 491 393 510 a
413 482 467 510 Deo
489 482 705 518 gubernatorum,
722 486 799 517 atque
822 482 948 509 divinitus
965 483 1128 509 munitorum
1147 483 1336 517 imperatorum
1351 487 1501 509 nostrorum
1516 483 1717 517 prosperitatem
1733 488 1757 508 et
1771 487 1882 515 tropa-tt,

246 531 268 553 et
291 527 319 553 in
331 526 424 553 melius
440 527 471 553 de
487 526 529 553 die
545 526 573 552 in
590 526 658 552 diem
679 533 766 552 rerum
790 525 902 552 Romani
920 525 1023 559 imperii
1040 527 1250 558 translationem,
1270 532 1298 553 ut
1316 532 1340 553 et
1358 535 1403 553 vos
1426 526 1600 561 gaudentibus
1618 527 1694 553 nobis
1715 525 1883 560 congratule-

247 571 311 598 oliui
328 578 373 604 per
385 574 504 597 mutuam
521 570 599 596 unius
617 569 734 604 corporis
757 568 931 596 membrorum
946 569 1140 604 coel/‘ectionem
1162 575 1187 597 et
1211 570 1429 605 compassionem,
1448 575 1472 597 et
1492 571 1587 597 iterum
1611 570 1657 596 Dei
1673 570 1733 596 boui
1755 570 1843 605 gratia
1858 575 1882 596 et

249 615 442 648 cooperatione,
474 614 509 640 ad
547 613 754 640 mediocritatem
794 613 926 640 maturius
968 618 1168 646 remeaturum,
1191 618 1216 641 et
1246 613 1313 641 bona
1342 614 1436 641 nuntia
1478 613 1672 640 amabilissima
1698 613 1761 640 vitae
1789 618 1884 640 vestra:

251 658 401 685 allaturum
428 657 463 684 nd
487 657 635 684 Ecclesium
673 661 802 683 nostram.
843 656 943 684 Ibidem
980 661 1042 691 post
1080 665 1186 692 pauca:
1213 656 1291 690 Quod
1315 662 1404 684 autem
1432 658 1607 684 sanctissimis
1632 658 1743 684 vicarii:
1766 661 1885 691 paterna:

246 702 399 729 sanctitatis
414 706 506 728 vestrae
518 701 621 735 ad/mcl
632 699 881 735 Constantinopoli,
897 707 953 735 quo
967 701 999 728 ad
1012 701 1157 728 concilium
1173 705 1306 728 venerant
1318 702 1326 736 )
1337 701 1509 736 prtesentibus
1521 701 1665 736 perfectum
1677 709 1728 727 non
1743 706 1780 728 est
1799 707 1881 734 neque

248 745 329 779 ﬁnem
346 745 458 780 accepit,
479 752 604 780 rogamus
617 752 687 770 nunc
701 744 840 771 terminari
855 749 880 771 et
898 745 1002 779 disponi
1014 743 1138 779 perfecte,
1153 752 1184 770 ac
1199 744 1299 779 integre
1318 744 1399 771 scribi
1415 745 1449 771 ad
1462 744 1641 771 humilitatem
1656 749 1775 770 nostram
1790 744 1822 770 de
1841 743 1884 769 hil

248 789 400 822 lectoribus,
423 789 467 824 qui
495 789 564 815 tonsi
588 792 650 815 sunt
664 796 679 814 a
692 787 801 819 Photio,
817 795 912 814 manus
934 788 1175 823 impositione:qui
1196 796 1255 815 cum
1272 789 1326 816 sint
1348 796 1412 823 pene
1431 788 1637 815 innumerabilis
1654 788 1839 815 multitudinis
1855 787 1883 814 in

249 833 381 860 universis
401 833 550 867 regionibus
570 836 594 859 et
609 831 761 858 civitatibus
778 830 915 864 Ecclesitv,
931 831 1069 866 postulant
1083 840 1116 859 ea:
1132 833 1287 860 necessitate
1302 832 1417 859 aliorum
1431 833 1489 867 fieri
1501 832 1696 859 sacerdotalem
1710 837 1861 866 provectum
1876 840 1884 859 :

249 881 280 904 ut
303 885 493 912 cognoscamus
514 876 596 903 etiam
616 880 640 902 et
661 883 740 910 super
763 875 813 902 hac
836 883 864 902 rc
885 881 997 902 vestram
1018 875 1180 903 voluntatem
1199 882 1278 912 atque
1294 877 1428 904 decretum
1446 876 1592 903 certissime
1612 881 1636 903 et
1657 876 1884 911 manifestissime,

249 925 339 947 utrum
353 921 406 947 sint
427 920 501 955 digni
517 919 664 954 promoveri
678 919 714 946 ad
731 919 844 951 majores
860 919 1002 946 sacerdotii
1018 919 1127 954 gradus,
1144 928 1233 946 annon
1254 920 1307 947 sint
1324 927 1332 946 :
1355 919 1465 947 dubium
1491 921 1561 946 enim
1582 921 1630 947 hoc
1653 924 1757 947 tantum
1772 919 1880 946 dimise-

250 968 352 992 scrunt.
370 964 403 990 Et
432 964 519 990 adhuc
546 962 711 998 postulamus
724 963 807 989 etiam
822 962 854 990 de
877 963 972 989 intimo
990 962 1046 993 ﬁlio
1068 967 1158 990 nostro
1171 967 1196 990 et
1211 963 1360 998 fortissimo
1372 964 1493 991 veritatis
1506 964 1642 999 agonista,
1660 963 1748 991 Paulo
1764 963 1886 990 videlicet

251 1007 455 1043 cltarlopttylace
472 1012 511 1039 ut,
539 1008 562 1034 si
578 1011 617 1034 est
641 1007 776 1042 possibilis
798 1007 827 1034 in
850 1014 909 1033 eum
931 1006 1137 1039 dispensationis
1162 1007 1252 1042 aliqua
1275 1008 1356 1039 ratio,
1386 1008 1496 1042 recipiat
1522 1008 1681 1044 dignitatem
1706 1007 1885 1042 episcopatus,

252 1052 475 1088 quemadmodum
489 1055 513 1078 et
526 1055 605 1078 antea
623 1051 650 1078 in
664 1050 760 1082 Litteris
777 1051 874 1078 nostris
891 1050 1101 1085 efﬂagitavimus.
1121 1051 1219 1079 Deinde
1232 1059 1334 1086 quoque
1346 1059 1424 1086 super
1439 1050 1586 1084 Theodoro,
1599 1051 1646 1086 qui
1661 1059 1677 1078 a
1694 1050 1768 1078 nobis
1781 1051 1887 1085 quidem

252 1101 420 1124 consecratus
428 1100 466 1123 est
480 1095 646 1130 ntetropolita
662 1093 761 1128 Cariae,
779 1095 893 1122 multum
906 1100 994 1122 autem
1014 1094 1143 1122 laboravit
1162 1100 1187 1122 et
1202 1095 1314 1130 afﬂictus
1325 1100 1364 1122 est
1380 1095 1412 1122 ab
1425 1096 1502 1123 initio
1513 1095 1622 1130 injuste:
1636 1103 1667 1122 ac
1683 1095 1780 1130 iniqua:
1794 1094 1880 1129 dejec-

253 1141 332 1168 tionis
351 1144 460 1172 nostraa,
477 1140 505 1167 in
520 1140 671 1167 novissimis
696 1147 754 1166 vero
770 1147 830 1166 cum
847 1140 943 1166 misero
963 1139 1060 1166 Photio
1075 1139 1239 1171 conveniens,
1255 1135 1363 1173 propter
1377 1139 1435 1174 ejus
1460 1139 1589 1166 immensa
1605 1143 1747 1171 tormenta,
1763 1146 1821 1173 qua:
1835 1137 1886 1165 sibi

252 1184 433 1211 resistentibus
449 1183 589 1218 inferebat,
605 1183 733 1210 consensit
748 1188 772 1209 et
788 1191 867 1218 usque
883 1182 917 1209 ad
931 1183 1053 1210 ultimum
1067 1183 1155 1217 ipsius.
1183 1183 1251 1209 diem
1273 1184 1443 1218 reptenitens,
1480 1183 1653 1210 nihilominus
1689 1190 1782 1208 rursus
1809 1181 1888 1208 corde

251 1228 367 1255 contrito
397 1231 422 1254 et
447 1228 541 1262 spiritu
562 1227 723 1253 humilitatis
748 1226 850 1253 veniam
872 1227 1007 1260 expetivit.
1032 1227 1230 1254 Prohibuerunt
1250 1227 1320 1254 enim
1342 1235 1402 1254 eum
1418 1228 1568 1255 sacerdotio
1584 1227 1661 1262 fungi
1680 1234 1786 1262 quoquo
1810 1225 1887 1252 modo

251 1271 416 1299 sanctissimi
432 1271 525 1298 vicarii
541 1270 678 1297 Almitatis
691 1275 792 1301 vestrm.
808 1275 832 1297 et
847 1271 916 1305 quod
932 1271 1116 1305 subscripserit
1131 1271 1158 1297 in
1169 1278 1228 1297 eam
1242 1279 1300 1306 qua:
1313 1271 1386 1306 facta
1399 1276 1437 1298 cst
1453 1271 1681 1306 abinfelicissimo
1692 1269 1794 1301 I’holio,
1811 1269 1887 1305 quasi

252 1316 380 1349 depositio
400 1315 546 1342 beatissimi
562 1319 587 1341 et
601 1314 695 1349 optimi
710 1313 799 1341 Patris
812 1315 896 1341 nostri
912 1314 1021 1341 Nicolai
1032 1313 1175 1341 decessoris
1188 1314 1345 1342 Sanctitatis
1361 1319 1423 1342 (ure.
1440 1314 1503 1342 Hiec
1519 1319 1591 1346 sunt,
1606 1315 1638 1341 de
1651 1314 1747 1349 quibus
1760 1321 1885 1348 rogamus

253 1358 429 1386 Sanctitatem
445 1363 569 1391 vestram,
588 1363 616 1385 ut
631 1358 654 1384 si
666 1358 788 1392 possibile
803 1358 848 1390 sit,
867 1363 961 1385 utatur
971 1358 1045 1385 verbo
1054 1359 1261 1393 dispensationis
1275 1364 1299 1387 et
1313 1359 1503 1387 misericordia:
1526 1360 1554 1386 in
1576 1359 1628 1391 his,
1649 1365 1708 1384 cum
1726 1357 1781 1384 alia
1797 1356 1887 1384 omnia

253 1403 381 1437 optimum
393 1407 418 1430 et
437 1403 604 1430 commodum
621 1401 701 1437 ﬁnem
717 1409 748 1428 ac
764 1402 966 1436 dispositionem
980 1402 1152 1437 susceperint.

289 1458 347 1485 VII.
364 1458 418 1485 Sed
442 1457 541 1485 horum
563 1465 625 1492 qua:
640 1457 1006 1492 Constantinopolitauorum
1029 1459 1207 1493 imperatores
1221 1478 1228 1491 ,
1244 1465 1304 1484 cum
1323 1457 1478 1492 patriarcha
1498 1457 1564 1485 satis
1580 1457 1709 1484 humilem
1730 1456 1756 1484 in
1775 1455 1885 1483 modum

253 1502 426 1537 expetebant,
457 1501 525 1529 nihil
552 1501 716 1528 auctoritate
732 1509 781 1529 sua
794 1522 801 1534 ,
830 1501 899 1528 nihil
915 1502 1041 1536 precibus
1063 1502 1120 1530 suis
1141 1501 1333 1536 Tbcognostus
1351 1501 1385 1528 ab
1404 1501 1526 1528 Adriano
1550 1501 1691 1528 Photianis
1711 1500 1886 1535 implacabili,

253 1546 563 1580 Conslanlinopolilanis
577 1545 748 1578 inexorabili,
765 1545 915 1572 obtinebat.
927 1545 954 1572 ld
969 1553 1019 1573 nos
1034 1545 1170 1573 Adrianus
1182 1546 1209 1572 in
1225 1546 1324 1573 litteris
1343 1548 1376 1572 ad
1393 1544 1758 1577 Basilium,COnstantinum
1775 1549 1801 1571 et
1819 1544 1888 1571 Leo-

254 1598 329 1623 nem,
354 1590 533 1623 imperatores
555 1588 884 1624 Constanlinopolitanos,
896 1589 1043 1617 indictione
1059 1597 1092 1621 ν,
1108 1589 1152 1616 die
1170 1589 1202 1616 10
1221 1588 1382 1617 Novembris
1394 1609 1401 1622 ,
1417 1596 1441 1616 a.
1461 1596 1486 1616 c.
1508 1588 1571 1622 871,
1589 1588 1709 1623 scriptis,
1730 1595 1797 1622 quas
1813 1587 1889 1614 Actis

252 1633 363 1661 concilii
373 1631 668 1666 Conslantinopolitani
678 1631 712 1659 Ν
726 1631 831 1659 Latinis
843 1632 948 1659 additas
962 1632 1123 1667 reperimus,
1138 1632 1236 1659 docet:
1254 1632 1391 1665 Quamvis,
1407 1632 1444 1659 ait
1459 1632 1536 1663 ibid.,
1554 1631 1638 1658 multa
1651 1632 1780 1658 instantia
1794 1636 1818 1658 et
1831 1639 1888 1658 cer-

256 1682 344 1704 tamen
355 1676 404 1704 viri
419 1676 618 1710 prudentissimi
626 1680 650 1702 et
661 1675 853 1710 religiosissimi
865 1676 1000 1710 hegumeni
1016 1685 1046 1703 ac
1062 1685 1199 1704 sacrorum
1214 1685 1338 1704 vasorum
1362 1678 1479 1705 custodis
1492 1677 1661 1712 Theognosti,
1674 1676 1720 1711 qui
1733 1676 1764 1704 de
1781 1676 1888 1710 pietatis

254 1724 348 1748 vestra:
361 1719 501 1746 virtutibus
514 1723 537 1745 et
549 1718 723 1753 probabilium
738 1726 841 1745 morum
851 1719 1010 1754 insignibus,
1023 1725 1047 1746 et
1060 1725 1216 1755 tropeeorum
1233 1721 1372 1756 triumphis
1390 1741 1398 1754 ,
1411 1726 1489 1756 atque
1504 1721 1535 1748 de
1545 1721 1729 1755 beneficiorum
1743 1726 1888 1748 vestrorum

255 1764 297 1798 pie
314 1763 365 1789 sibi
382 1762 561 1797 priestitorum
576 1761 747 1788 multitudine
765 1770 811 1788 nos
823 1762 967 1796 plurimum
987 1763 1113 1791 relatione
1132 1773 1181 1791 sua
1198 1764 1355 1799 lwtiﬁcavit,
1374 1769 1398 1791 et
1417 1765 1533 1799 qualiter
1554 1764 1645 1791 diebus
1663 1764 1758 1791 vestris
1773 1771 1887 1798 superno

231 1839 238 1845 _
256 1807 365 1835 brachio
379 1810 456 1840 atque
467 1805 556 1832 studio
569 1810 594 1832 et
609 1805 731 1837 solertia.
744 1810 831 1833 vestra
843 1806 1034 1834 Christianitas
1042 1813 1219 1844 prosperetur,
1230 1816 1368 1838 enarrans,
1385 1807 1420 1834 ad
1432 1807 1602 1834 nmltimodas
1618 1807 1711 1834 laudes
1721 1806 1750 1834 S.
1763 1806 1888 1833 Trinitati

255 1849 402 1878 reddendas
414 1870 422 1881 ,
438 1853 463 1876 et
479 1849 582 1884 gratias
595 1848 741 1876 alacriores
761 1849 881 1877 exhibuit
903 1851 938 1876 ad
951 1851 1087 1884 postulata
1111 1852 1236 1878 divinitus
1253 1851 1395 1878 muniendo
1408 1851 1520 1886 imperio
1534 1856 1618 1878 vestro
1641 1851 1817 1884 concedenda,
1837 1858 1885 1878 nos

255 1902 339 1929 supra
353 1893 460 1920 modum
472 1893 661 1927 efllagitaverit,
675 1898 699 1920 et
721 1892 791 1919 ultra
808 1901 888 1928 quam
903 1894 956 1921 dici
970 1896 1063 1928 possit,
1076 1896 1154 1922 solito
1167 1901 1191 1922 et
1208 1897 1294 1930 prisco
1310 1904 1391 1928 more,
1409 1905 1443 1923 ac
1456 1904 1504 1931 pro
1519 1895 1707 1922 ecclesiasticis
1724 1895 1887 1921 utilitatibus

257 1937 405 1972 frequenter
420 1936 536 1970 impenso
548 1936 644 1962 crebris
654 1937 863 1970 suggestionibus
874 1938 1068 1972 investigaverit
1081 1946 1090 1969 ;
1101 1947 1178 1972 super
1187 1939 1279 1973 quibus
1289 1943 1385 1971 tamen,
1397 1945 1504 1974 propter
1514 1939 1573 1973 jam
1591 1939 1756 1973 designatum
1768 1945 1882 1964 causam

257 1982 322 2016 (non
336 1987 397 2007 esse
410 1979 527 2015 partium
543 1979 648 2007 Nicolai
665 1979 673 2005 l
690 1979 806 2007 Romani
823 1981 971 2016 pontiﬁcis,
987 1987 1044 2009 tum
1064 1982 1145 2009 etiam
1158 1989 1209 2009 suo
1231 1981 1315 2008 semel
1332 1982 1405 2009 edito
1420 1983 1544 2014 decreto,
1563 1981 1714 2009 Pbotianos
1735 1980 1887 2017 damnanti,

255 2023 426 2052 contrarium
443 2022 591 2058 quidquam
605 2023 764 2059 admittere)
783 2032 829 2051 nec
843 2033 959 2052 annuere
973 2033 1124 2060 possumus,
1140 2033 1185 2053 nec
1200 2025 1345 2060 quidquam
1365 2030 1460 2061 praeter
1473 2026 1511 2059 id,
1526 2026 1595 2061 quod
1605 2026 1665 2061 jam
1678 2024 1888 2060 euangelizatum

258 2072 307 2102 est,
320 2067 376 2095 ullo
391 2067 468 2094 modo
484 2067 605 2101 deﬁnire.

587 2129 754 2150 TIIEDGNOSTI
776 2131 892 2151 IONACHI
909 2132 1019 2152 SCRIPTA
1032 2133 1065 2153 DE
1077 2133 1160 2153 REBUS
1175 2133 1558 2153 CONSTANTINOPOLITANORUII.

292 2177 361 2206 Vlll.
375 2176 471 2213 lgnatii
483 2177 778 2213 Constantinopolitani
794 2179 969 2215 patriarchas,
980 2181 1025 2208 cui
1043 2182 1106 2210 sede
1122 2190 1169 2211 sua
1185 2183 1291 2217 dejecto
1305 2183 1454 2217 imperator
1469 2181 1584 2209 Michael
1598 2181 1727 2209 Photium
1740 2189 1888 2209 successo-

257 2230 315 2251 rem
331 2222 415 2253 dedit,
430 2229 540 2249 causam
557 2221 690 2249 historico
711 2223 802 2250 libello
829 2229 1015 2259 reprazseutat,
1028 2225 1079 2261 cujl

1066 2225 1106 2260 ius
1122 2226 1263 2261 inscriptio
1281 2235 1287 2254 :
1317 2225 1444 2257 Λίϐε).).ος
1457 2226 1593 2261 περιέχων
1606 2226 1695 2252 πάντα
1710 2225 1744 2252 τὰ
1759 2225 1830 2252 κατὰ
1843 2225 1888 2252 τὸν

257 2268 346 2304 μέγαν
366 2267 506 2301 Ἰγνάτιον,
520 2267 657 2302 πεμφθεὶς
670 2267 738 2303 πρὸς
751 2268 885 2296 Νικόλαον
897 2271 991 2297 πὰπαν
1007 2269 1127 2306 Ῥώμης,
1137 2271 1393 2307 προσωποποιηθεὶς
1404 2270 1456 2296 ὑπὸ
1466 2270 1643 2304 Θεογνώστου
1656 2268 1773 2304 μονοιχοῦ
1785 2270 1889 2304 καὶάρ-

257 2310 432 2347 χιμανδρίτου
440 2310 490 2346 τῆς
505 2311 695 2346 πρεσϐυτέρας
713 2311 835 2348 Ῥώμης,
856 2313 904 2339 καὶ
916 2313 1031 2348 ἐξάρχου
1048 2314 1370 2346 Κωνσταντινουπόλεως,
1385 2314 1424 2345 εἰς
1446 2313 1532 2348 δυομα
1553 2313 1686 2347 Ίγνατίου
1710 2312 1758 2339 τοῦ
1790 2321 1888 2348 πατρις

256 2355 356 2390 άρχοψ
373 2353 490 2381 Libellus
504 2355 640 2382 continens
655 2360 738 2382 totam
756 2357 844 2391 magni
860 2356 961 2392 Iguutii
977 2366 1095 2390 causam,
1113 2359 1207 2385 missus
1226 2360 1260 2384 ad
1277 2357 1418 2384 Nicolaum
1435 2366 1531 2392 papam
1549 2357 1708 2388 Romanum,
1721 2357 1887 2391 conscriptus

258 2405 277 2424 ιι
289 2397 447 2432 Thcognosto
455 2398 581 2424 monacho
590 2402 613 2425 et
622 2399 832 2427 archimandrita
843 2402 935 2428 veteris
944 2401 1046 2434 Roma’,
1057 2407 1081 2429 et
1090 2402 1203 2429 exarcho
1213 2401 1485 2435 Constantinopoleos.
1496 2402 1599 2428 nomine
1609 2400 1709 2435 lgnatii
1717 2400 1885 2433 patriarchae.

293 2440 340 2467 1X.
355 2441 435 2468 Hunc
455 2440 585 2473 libellum,
602 2442 737 2475 miserias,
755 2451 824 2477 quas
837 2443 957 2479 Ignatius
968 2445 995 2471 in
1015 2445 1112 2473 exsilio
1128 2453 1225 2480 passus
1237 2449 1305 2478 erat,
1324 2445 1434 2472 Nicolao
1447 2444 1456 2471 l
1469 2444 1588 2479 pontiﬁci
1604 2443 1728 2471 Romano
1741 2451 1887 2472 recensen-

260 2490 325 2518 tem,
339 2484 446 2512 orditur
459 2485 493 2512 ab
507 2485 591 2512 initiis
618 2486 715 2518 exsilii,
733 2487 805 2522 quod
822 2488 940 2523 lgnatius
958 2496 984 2516 a.
998 2489 1029 2516 (Ξ.
1046 2490 1097 2517 858
1115 2489 1209 2523 subiit,
1224 2489 1353 2516 terminat
1372 2488 1399 2515 in
1413 2487 1489 2516 Actis
1504 2487 1802 2523 Constantinopolitani
1818 2496 1886 2515 con-

260 2528 325 2560 cilii,
345 2528 416 2562 quod
432 2528 565 2563 lgliatium
580 2529 736 2563 damnavit,
755 2539 779 2558 a.
795 2539 820 2559 c.
836 2531 897 2559 86L

295 2569 328 2598 X.
354 2571 458 2600 Prodiit
479 2571 572 2600 Graece
594 2576 621 2600 et
640 2572 754 2608 Latine,
770 2575 916 2610 interprete
940 2576 1065 2604 Maltlmo
1079 2576 1196 2609 Radcro,
1217 2576 1323 2604 concilii
1340 2575 1635 2611 Conslantinopolilani
1661 2584 1686 2603 Iv
1700 2598 1708 2610 ,
1723 2576 1797 2612 quod
1815 2576 1887 2603 inter

255 2616 425 2643 (ecumenica
440 2615 509 2643 solet
523 2620 648 2644 octavum
665 2619 819 2652 nominari,
840 2619 915 2647 Actis
929 2619 1030 2648 Graecis
1058 2621 1215 2656 priemissus
1227 2641 1234 2655 ,
1250 2620 1435 2648 Couciliorum
1467 2625 1533 2648 tom.
1553 2621 1606 2654 VL,
1629 2620 1741 2649 Parisiis
1762 2620 1842 2653 1656,
1859 2620 1886 2647 in

258 2659 309 2687 101.
324 2668 331 2693 ;
349 2665 422 2688 tonio
441 2659 509 2692 Vlll,
526 2660 604 2696 ibid.,
625 2661 704 2694 1671,
719 2662 744 2689 in
760 2663 807 2691 fol.
