  <div class='ocr_page' id='page_1' title='image "/cluster/home/n/w/nwhite01/storage/ocr_20150623/105/njp.32101077772893/486.png"; bbox 0 0 2083 3155; ppageno 0'>
   <div class='ocr_carea' id='block_1_1' title="bbox 200 195 254 228">
    <p class='ocr_par' dir='ltr' id='par_1_1' title="bbox 200 195 254 228">
     <span class='ocr_line' id='line_1_1' title="bbox 200 195 254 228; baseline 0 0"><span class='ocrx_word' id='word_1_1' title='bbox 200 195 254 228; x_wconf 67' lang='grc'><strong>849</strong></span> 
     </span>
    </p>
   </div>
   <div class='ocr_carea' id='block_1_2' title="bbox 210 268 907 284">
    <p class='ocr_par' dir='ltr' id='par_1_2' title="bbox 210 268 907 284">
     <span class='ocr_line' id='line_1_2' title="bbox 210 268 907 284; baseline -0.011 0"><span class='ocrx_word' id='word_1_2' title='bbox 210 268 907 284; x_wconf 71' lang='lat'><strong>_________._____——-:=</strong></span> 
     </span>
    </p>
   </div>
   <div class='ocr_carea' id='block_1_3' title="bbox 711 194 1308 225">
    <p class='ocr_par' dir='ltr' id='par_1_3' title="bbox 711 194 1308 225">
     <span class='ocr_line' id='line_1_3' title="bbox 711 194 1308 225; baseline 0 -1"><span class='ocrx_word' id='word_1_3' title='bbox 711 195 912 225; x_wconf 75' lang='lat' dir='ltr'><strong>ENCOMIUM</strong></span> <span class='ocrx_word' id='word_1_4' title='bbox 932 195 973 224; x_wconf 86' lang='lat' dir='ltr'><strong>IN</strong></span> <span class='ocrx_word' id='word_1_5' title='bbox 988 194 1116 225; x_wconf 81' lang='lat' dir='ltr'><strong>OMNES</strong></span> <span class='ocrx_word' id='word_1_6' title='bbox 1135 195 1308 225; x_wconf 79' lang='lat' dir='ltr'><strong>SANCTOS.</strong></span> 
     </span>
    </p>
   </div>
   <div class='ocr_carea' id='block_1_4' title="bbox 1768 191 1824 224">
    <p class='ocr_par' dir='ltr' id='par_1_4' title="bbox 1768 191 1824 224">
     <span class='ocr_line' id='line_1_4' title="bbox 1768 191 1824 224; baseline -0.036 0"><span class='ocrx_word' id='word_1_7' title='bbox 1768 191 1824 224; x_wconf 78' lang='lat'><strong>850</strong></span> 
     </span>
    </p>
   </div>
   <div class='ocr_carea' id='block_1_5' title="bbox 545 349 1492 411">
    <p class='ocr_par' dir='ltr' id='par_1_5' title="bbox 545 349 1492 411">
     <span class='ocr_line' id='line_1_5' title="bbox 545 349 1492 411; baseline -0.004 -1"><span class='ocrx_word' id='word_1_8' title='bbox 545 351 1056 411; x_wconf 88' lang='grc' dir='ltr'><strong>ΘΕΟΓΝΩΣΤΟΥ</strong></span> <span class='ocrx_word' id='word_1_9' title='bbox 1100 349 1492 409; x_wconf 83' lang='grc' dir='ltr'><strong>ΜΟΝΑΧΟΥ</strong></span> 
     </span>
    </p>
   </div>
   <div class='ocr_carea' id='block_1_6' title="bbox 442 458 1599 534">
    <p class='ocr_par' dir='ltr' id='par_1_6' title="bbox 442 458 1599 534">
     <span class='ocr_line' id='line_1_6' title="bbox 442 458 1599 534; baseline -0.005 -28"><span class='ocrx_word' id='word_1_10' title='bbox 442 462 735 508; x_wconf 83' lang='grc' dir='ltr'><strong>ΕΓΚΩΜΙΟΝ</strong></span> <span class='ocrx_word' id='word_1_11' title='bbox 779 461 866 505; x_wconf 91' lang='grc' dir='ltr'><strong>ΕΙΣ</strong></span> <span class='ocrx_word' id='word_1_12' title='bbox 908 461 1054 505; x_wconf 91' lang='grc' dir='ltr'><strong>ΤΟΥΣ</strong></span> <span class='ocrx_word' id='word_1_13' title='bbox 1089 458 1288 534; x_wconf 73' lang='grc' dir='ltr'><strong>ΑΓΙρΥΣ</strong></span> <span class='ocrx_word' id='word_1_14' title='bbox 1324 458 1599 502; x_wconf 80' lang='grc' dir='ltr'><strong>ΑΠΑΝΤΑΣ.</strong></span> 
     </span>
    </p>
   </div>
   <div class='ocr_carea' id='block_1_7' title="bbox 599 644 1428 704">
    <p class='ocr_par' dir='ltr' id='par_1_7' title="bbox 599 644 1428 704">
     <span class='ocr_line' id='line_1_7' title="bbox 599 644 1428 704; baseline -0.001 -1"><span class='ocrx_word' id='word_1_15' title='bbox 599 644 1059 704; x_wconf 87' lang='lat' dir='ltr'><strong>THEOGNOSTI</strong></span> <span class='ocrx_word' id='word_1_16' title='bbox 1099 644 1428 702; x_wconf 82' lang='lat' dir='ltr'><strong>MONACHI</strong></span> 
     </span>
    </p>
   </div>
   <div class='ocr_carea' id='block_1_8' title="bbox 527 765 1516 816">
    <p class='ocr_par' dir='ltr' id='par_1_8' title="bbox 527 765 1516 816">
     <span class='ocr_line' id='line_1_8' title="bbox 527 765 1516 816; baseline -0.005 -1"><span class='ocrx_word' id='word_1_17' title='bbox 527 768 849 816; x_wconf 86' lang='lat' dir='ltr'><strong>ENCOMIUM</strong></span> <span class='ocrx_word' id='word_1_18' title='bbox 887 768 951 812; x_wconf 87' lang='lat' dir='ltr'><strong>IN</strong></span> <span class='ocrx_word' id='word_1_19' title='bbox 998 766 1202 813; x_wconf 90' lang='lat' dir='ltr'><strong>OMNES</strong></span> <span class='ocrx_word' id='word_1_20' title='bbox 1237 765 1516 813; x_wconf 82' lang='lat' dir='ltr'><strong>SANCTOS.</strong></span> 
     </span>
    </p>
   </div>
   <div class='ocr_carea' id='block_1_9' title="bbox 766 864 1296 896">
    <p class='ocr_par' dir='ltr' id='par_1_9' title="bbox 766 864 1296 896">
     <span class='ocr_line' id='line_1_9' title="bbox 766 864 1296 896; baseline 0 -6"><span class='ocrx_word' id='word_1_21' title='bbox 766 865 878 896; x_wconf 76' lang='lat' dir='ltr'><strong>(Codices</strong></span> <span class='ocrx_word' id='word_1_22' title='bbox 891 864 1009 895; x_wconf 74' lang='lat' dir='ltr'><strong>Noniani,</strong></span> <span class='ocrx_word' id='word_1_23' title='bbox 1021 871 1045 896; x_wconf 88' lang='lat' dir='ltr'><strong>p.</strong></span> <span class='ocrx_word' id='word_1_24' title='bbox 1059 864 1112 895; x_wconf 72' lang='lat' dir='ltr'><strong>1H,</strong></span> <span class='ocrx_word' id='word_1_25' title='bbox 1124 864 1178 889; x_wconf 89' lang='lat' dir='ltr'><strong>cod.</strong></span> <span class='ocrx_word' id='word_1_26' title='bbox 1203 864 1254 895; x_wconf 76' lang='lat'><strong>72.)</strong></span> <span class='ocrx_word' id='word_1_27' title='bbox 1293 888 1296 890; x_wconf 86' lang='lat'>.</span> 
     </span>
    </p>
   </div>
   <div class='ocr_carea' id='block_1_10' title="bbox 234 1030 1021 1067">
    <p class='ocr_par' dir='ltr' id='par_1_10' title="bbox 234 1030 1021 1067">
     <span class='ocr_line' id='line_1_10' title="bbox 234 1030 1021 1067; baseline 0 -9"><span class='ocrx_word' id='word_1_28' title='bbox 234 1031 367 1067; x_wconf 72' lang='grc' dir='ltr'>Λαμπρὸν</span> <span class='ocrx_word' id='word_1_29' title='bbox 379 1031 411 1058; x_wconf 75' lang='grc' dir='ltr'>τὸ</span> <span class='ocrx_word' id='word_1_30' title='bbox 421 1030 470 1066; x_wconf 83' lang='grc' dir='ltr'>τῆς</span> <span class='ocrx_word' id='word_1_31' title='bbox 483 1030 579 1066; x_wconf 77' lang='grc' dir='ltr'>ἑορτῆς</span> <span class='ocrx_word' id='word_1_32' title='bbox 594 1031 681 1066; x_wconf 76' lang='grc' dir='ltr'>ὄμμα,</span> <span class='ocrx_word' id='word_1_33' title='bbox 699 1032 746 1058; x_wconf 70' lang='grc' dir='ltr'>καὶ</span> <span class='ocrx_word' id='word_1_34' title='bbox 761 1032 874 1067; x_wconf 64' lang='grc' dir='ltr'>φαιδρὸν</span> <span class='ocrx_word' id='word_1_35' title='bbox 888 1032 917 1058; x_wconf 74' lang='grc' dir='ltr'><strong>τὸ</strong></span> <span class='ocrx_word' id='word_1_36' title='bbox 933 1032 982 1066; x_wconf 82' lang='grc' dir='ltr'><strong>τῆς</strong></span> <span class='ocrx_word' id='word_1_37' title='bbox 999 1030 1021 1058; x_wconf 79' lang='grc' dir='ltr'>Α</span> 
     </span>
    </p>
   </div>
   <div class='ocr_carea' id='block_1_11' title="bbox 199 1076 984 1113">
    <p class='ocr_par' dir='ltr' id='par_1_11' title="bbox 199 1076 984 1113">
     <span class='ocr_line' id='line_1_11' title="bbox 199 1076 984 1113; baseline -0.001 -9"><span class='ocrx_word' id='word_1_38' title='bbox 199 1077 315 1111; x_wconf 80' lang='grc' dir='ltr'>ὲκλογῆς</span> <span class='ocrx_word' id='word_1_39' title='bbox 329 1076 421 1112; x_wconf 79' lang='grc' dir='ltr'>ᾆσμα·</span> <span class='ocrx_word' id='word_1_40' title='bbox 441 1077 542 1112; x_wconf 82' lang='grc' dir='ltr'>πρέπει</span> <span class='ocrx_word' id='word_1_41' title='bbox 563 1077 616 1113; x_wconf 81' lang='grc' dir='ltr'><strong>γὰρ</strong></span> <span class='ocrx_word' id='word_1_42' title='bbox 632 1078 697 1112; x_wconf 76' lang='grc' dir='ltr'>ἡμῖν</span> <span class='ocrx_word' id='word_1_43' title='bbox 713 1077 843 1113; x_wconf 76' lang='grc' dir='ltr'><strong>ᾀσμάτων</strong></span> <span class='ocrx_word' id='word_1_44' title='bbox 858 1077 984 1112; x_wconf 76' lang='grc' dir='ltr'>ἐκλογὴν,</span> 
     </span>
    </p>
   </div>
   <div class='ocr_carea' id='block_1_12' title="bbox 199 1121 985 1157">
    <p class='ocr_par' dir='ltr' id='par_1_12' title="bbox 199 1121 985 1157">
     <span class='ocr_line' id='line_1_12' title="bbox 199 1121 985 1157; baseline 0 -9"><span class='ocrx_word' id='word_1_45' title='bbox 199 1123 256 1153; x_wconf 83' lang='grc' dir='ltr'>τοῖς</span> <span class='ocrx_word' id='word_1_46' title='bbox 270 1122 323 1148; x_wconf 84' lang='grc' dir='ltr'>τῶν</span> <span class='ocrx_word' id='word_1_47' title='bbox 345 1122 474 1156; x_wconf 79' lang='grc' dir='ltr'><strong>ᾀσμάτων</strong></span> <span class='ocrx_word' id='word_1_48' title='bbox 487 1122 590 1157; x_wconf 83' lang='grc' dir='ltr'>κυρίοις</span> <span class='ocrx_word' id='word_1_49' title='bbox 604 1122 736 1156; x_wconf 80' lang='grc' dir='ltr'>ὲκφωνεῖν</span> <span class='ocrx_word' id='word_1_50' title='bbox 750 1122 798 1149; x_wconf 83' lang='grc' dir='ltr'>καὶ</span> <span class='ocrx_word' id='word_1_51' title='bbox 814 1121 985 1156; x_wconf 75' lang='grc' dir='ltr'>σεϐάσματα.</span> 
     </span>
    </p>
   </div>
   <div class='ocr_carea' id='block_1_13' title="bbox 207 1165 986 1203">
    <p class='ocr_par' dir='ltr' id='par_1_13' title="bbox 207 1165 986 1203">
     <span class='ocr_line' id='line_1_13' title="bbox 207 1165 986 1203; baseline 0 -9"><span class='ocrx_word' id='word_1_52' title='bbox 207 1168 280 1194; x_wconf 68' lang='lat' dir='ltr'><strong>‘AD.’</strong></span> <span class='ocrx_word' id='word_1_53' title='bbox 292 1165 370 1203; x_wconf 71' lang='grc' dir='ltr'>οἶμαι</span> <span class='ocrx_word' id='word_1_54' title='bbox 383 1168 548 1203; x_wconf 76' lang='grc' dir='ltr'>ἀρξάμενον,</span> <span class='ocrx_word' id='word_1_55' title='bbox 557 1168 698 1203; x_wconf 85' lang='grc' dir='ltr'>ναρκῶσαι</span> <span class='ocrx_word' id='word_1_56' title='bbox 712 1168 779 1203; x_wconf 76' lang='grc' dir='ltr'><strong>πρὸς</strong></span> <span class='ocrx_word' id='word_1_57' title='bbox 790 1169 840 1203; x_wconf 79' lang='grc' dir='ltr'>τὴν</span> <span class='ocrx_word' id='word_1_58' title='bbox 852 1167 929 1200; x_wconf 77' lang='grc' dir='ltr'>ἀξίαν</span> <span class='ocrx_word' id='word_1_59' title='bbox 940 1168 986 1194; x_wconf 83' lang='grc' dir='ltr'>τοῦ</span> 
     </span>
    </p>
   </div>
   <div class='ocr_carea' id='block_1_14' title="bbox 200 1213 988 1249">
    <p class='ocr_par' dir='ltr' id='par_1_14' title="bbox 200 1213 988 1249">
     <span class='ocr_line' id='line_1_14' title="bbox 200 1213 988 1249; baseline 0 -9"><span class='ocrx_word' id='word_1_60' title='bbox 200 1213 282 1248; x_wconf 66' lang='grc' dir='ltr'>λόγου</span> <span class='ocrx_word' id='word_1_61' title='bbox 299 1214 456 1249; x_wconf 73' lang='grc' dir='ltr'>προφοράνο</span> <span class='ocrx_word' id='word_1_62' title='bbox 472 1214 631 1249; x_wconf 64' lang='grc' dir='ltr'>ὑπερόιίνει</span> <span class='ocrx_word' id='word_1_63' title='bbox 649 1214 702 1249; x_wconf 84' lang='grc' dir='ltr'><strong>γὰρ</strong></span> <span class='ocrx_word' id='word_1_64' title='bbox 723 1215 797 1249; x_wconf 81' lang='grc' dir='ltr'>ἡμᾶς</span> <span class='ocrx_word' id='word_1_65' title='bbox 814 1214 864 1248; x_wconf 82' lang='grc' dir='ltr'><strong>τὴν</strong></span> <span class='ocrx_word' id='word_1_66' title='bbox 886 1214 988 1248; x_wconf 79' lang='grc' dir='ltr'>εὐφρα-</span> 
     </span>
    </p>
   </div>
   <div class='ocr_carea' id='block_1_15' title="bbox 202 1258 988 1294">
    <p class='ocr_par' dir='ltr' id='par_1_15' title="bbox 202 1258 988 1294">
     <span class='ocr_line' id='line_1_15' title="bbox 202 1258 988 1294; baseline -0.001 -8"><span class='ocrx_word' id='word_1_67' title='bbox 202 1260 272 1293; x_wconf 78' lang='grc' dir='ltr'>δίαν,</span> <span class='ocrx_word' id='word_1_68' title='bbox 292 1260 307 1293; x_wconf 85' lang='grc' dir='ltr'><strong>ἡ</strong></span> <span class='ocrx_word' id='word_1_69' title='bbox 322 1259 377 1286; x_wconf 82' lang='grc' dir='ltr'><strong>τῶν</strong></span> <span class='ocrx_word' id='word_1_70' title='bbox 393 1259 597 1294; x_wconf 77' lang='grc' dir='ltr'><strong>πεπραγμένων</strong></span> <span class='ocrx_word' id='word_1_71' title='bbox 611 1258 701 1286; x_wconf 80' lang='grc' dir='ltr'><strong>ἄθλων</strong></span> <span class='ocrx_word' id='word_1_72' title='bbox 723 1259 882 1285; x_wconf 74' lang='grc' dir='ltr'><strong>πολυτέλεια</strong></span> <span class='ocrx_word' id='word_1_73' title='bbox 893 1267 900 1274; x_wconf 94' lang='grc'><strong>·</strong></span> <span class='ocrx_word' id='word_1_74' title='bbox 916 1259 947 1284; x_wconf 84' lang='grc' dir='ltr'>τὸ</span> <span class='ocrx_word' id='word_1_75' title='bbox 959 1259 988 1285; x_wconf 84' lang='grc' dir='ltr'><strong>δὲ</strong></span> 
     </span>
    </p>
   </div>
   <div class='ocr_carea' id='block_1_16' title="bbox 202 1303 989 1340">
    <p class='ocr_par' dir='ltr' id='par_1_16' title="bbox 202 1303 989 1340">
     <span class='ocr_line' id='line_1_16' title="bbox 202 1303 989 1340; baseline -0.003 -8"><span class='ocrx_word' id='word_1_76' title='bbox 202 1305 368 1339; x_wconf 76' lang='grc' dir='ltr'>ὑπερδαῖνον</span> <span class='ocrx_word' id='word_1_77' title='bbox 382 1305 422 1336; x_wconf 76' lang='grc' dir='ltr'><strong>εἰς</strong></span> <span class='ocrx_word' id='word_1_78' title='bbox 445 1303 613 1340; x_wconf 70' lang='grc' dir='ltr'>ἐγχείρησιν,</span> <span class='ocrx_word' id='word_1_79' title='bbox 630 1304 845 1340; x_wconf 82' lang='grc' dir='ltr'>δυσχερεστέραν</span> <span class='ocrx_word' id='word_1_80' title='bbox 868 1303 925 1338; x_wconf 76' lang='grc' dir='ltr'>ἔχει</span> <span class='ocrx_word' id='word_1_81' title='bbox 940 1303 989 1337; x_wconf 79' lang='grc' dir='ltr'>τὴν</span> 
     </span>
    </p>
   </div>
   <div class='ocr_carea' id='block_1_17' title="bbox 203 1349 990 1385">
    <p class='ocr_par' dir='ltr' id='par_1_17' title="bbox 203 1349 990 1385">
     <span class='ocr_line' id='line_1_17' title="bbox 203 1349 990 1385; baseline -0.003 -8"><span class='ocrx_word' id='word_1_82' title='bbox 203 1350 251 1377; x_wconf 81' lang='grc' dir='ltr'>τοῦ</span> <span class='ocrx_word' id='word_1_83' title='bbox 264 1350 452 1385; x_wconf 80' lang='grc' dir='ltr'>σκοπουμένου</span> <span class='ocrx_word' id='word_1_84' title='bbox 467 1349 636 1384; x_wconf 85' lang='grc' dir='ltr'>κατόρθωσιν</span> <span class='ocrx_word' id='word_1_85' title='bbox 646 1357 653 1364; x_wconf 93' lang='grc'><strong>·</strong></span> <span class='ocrx_word' id='word_1_86' title='bbox 677 1349 736 1381; x_wconf 81' lang='grc' dir='ltr'>πῶς</span> <span class='ocrx_word' id='word_1_87' title='bbox 757 1349 811 1385; x_wconf 85' lang='grc' dir='ltr'>γὰρ</span> <span class='ocrx_word' id='word_1_88' title='bbox 831 1349 863 1376; x_wconf 85' lang='grc' dir='ltr'>ἂν</span> <span class='ocrx_word' id='word_1_89' title='bbox 879 1349 990 1384; x_wconf 75' lang='grc' dir='ltr'>ἐξερεύ-</span> 
     </span>
    </p>
   </div>
   <div class='ocr_carea' id='block_1_18' title="bbox 204 1394 991 1431">
    <p class='ocr_par' dir='ltr' id='par_1_18' title="bbox 204 1394 991 1431">
     <span class='ocr_line' id='line_1_18' title="bbox 204 1394 991 1431; baseline -0.001 -9"><span class='ocrx_word' id='word_1_90' title='bbox 204 1396 296 1430; x_wconf 78' lang='grc' dir='ltr'>ξωμαι</span> <span class='ocrx_word' id='word_1_91' title='bbox 312 1398 368 1427; x_wconf 76' lang='grc' dir='ltr'>τοῖς</span> <span class='ocrx_word' id='word_1_92' title='bbox 384 1396 502 1431; x_wconf 70' lang='grc' dir='ltr'>χείλεσιν</span> <span class='ocrx_word' id='word_1_93' title='bbox 518 1395 613 1430; x_wconf 81' lang='grc' dir='ltr'><strong>ὕμνον,</strong></span> <span class='ocrx_word' id='word_1_94' title='bbox 631 1395 791 1427; x_wconf 83' lang='grc' dir='ltr'>ἁδίστακτος</span> <span class='ocrx_word' id='word_1_95' title='bbox 817 1394 854 1421; x_wconf 82' lang='grc' dir='ltr'>ὢν</span> <span class='ocrx_word' id='word_1_96' title='bbox 879 1395 991 1422; x_wconf 82' lang='grc' dir='ltr'>δικαιω-</span> 
     </span>
    </p>
   </div>
   <div class='ocr_carea' id='block_1_19' title="bbox 206 1441 991 1477">
    <p class='ocr_par' dir='ltr' id='par_1_19' title="bbox 206 1441 991 1477">
     <span class='ocr_line' id='line_1_19' title="bbox 206 1441 991 1477; baseline 0 -10"><span class='ocrx_word' id='word_1_97' title='bbox 206 1441 299 1475; x_wconf 81' lang='grc' dir='ltr'>μάτων</span> <span class='ocrx_word' id='word_1_98' title='bbox 314 1441 392 1471; x_wconf 82' lang='grc' dir='ltr'><strong>Θεοῦ,</strong></span> <span class='ocrx_word' id='word_1_99' title='bbox 415 1441 538 1477; x_wconf 85' lang='grc' dir='ltr'><strong>ἀμύητος</strong></span> <span class='ocrx_word' id='word_1_100' title='bbox 566 1441 761 1476; x_wconf 81' lang='grc' dir='ltr'>βεϐαιωμάτων</span> <span class='ocrx_word' id='word_1_101' title='bbox 787 1441 924 1476; x_wconf 82' lang='grc' dir='ltr'>Χριστοῦ;</span> <span class='ocrx_word' id='word_1_102' title='bbox 939 1441 991 1467; x_wconf 82' lang='grc' dir='ltr'><strong>Γέ-</strong></span> 
     </span>
    </p>
   </div>
   <div class='ocr_carea' id='block_1_20' title="bbox 205 1486 992 1522">
    <p class='ocr_par' dir='ltr' id='par_1_20' title="bbox 205 1486 992 1522">
     <span class='ocr_line' id='line_1_20' title="bbox 205 1486 992 1522; baseline 0.001 -9"><span class='ocrx_word' id='word_1_103' title='bbox 205 1495 327 1521; x_wconf 75' lang='grc' dir='ltr'><strong>γραπται</strong></span> <span class='ocrx_word' id='word_1_104' title='bbox 343 1487 398 1522; x_wconf 79' lang='grc' dir='ltr'><strong>γάρ</strong></span> <span class='ocrx_word' id='word_1_105' title='bbox 409 1495 416 1502; x_wconf 90' lang='grc'>·</span> <span class='ocrx_word' id='word_1_106' title='bbox 426 1486 650 1521; x_wconf 76' lang='grc' dir='ltr'>Ἔξερεύξονται</span> <span class='ocrx_word' id='word_1_107' title='bbox 661 1487 696 1513; x_wconf 85' lang='grc' dir='ltr'>τὰ</span> <span class='ocrx_word' id='word_1_108' title='bbox 710 1487 797 1521; x_wconf 76' lang='grc' dir='ltr'>χείλη</span> <span class='ocrx_word' id='word_1_109' title='bbox 810 1496 869 1521; x_wconf 82' lang='grc' dir='ltr'><strong>μου</strong></span> <span class='ocrx_word' id='word_1_110' title='bbox 884 1487 992 1521; x_wconf 75' lang='grc' dir='ltr'>ὕμνον,</span> 
     </span>
    </p>
   </div>
   <div class='ocr_carea' id='block_1_21' title="bbox 206 1531 990 1568">
    <p class='ocr_par' dir='ltr' id='par_1_21' title="bbox 206 1531 990 1568">
     <span class='ocr_line' id='line_1_21' title="bbox 206 1531 990 1568; baseline 0.001 -10"><span class='ocrx_word' id='word_1_111' title='bbox 206 1532 279 1559; x_wconf 80' lang='grc' dir='ltr'>ὅταν</span> <span class='ocrx_word' id='word_1_112' title='bbox 305 1532 430 1568; x_wconf 79' lang='grc' dir='ltr'><strong>διδάξῃς</strong></span> <span class='ocrx_word' id='word_1_113' title='bbox 449 1541 488 1568; x_wconf 78' lang='grc' dir='ltr'><strong>με</strong></span> <span class='ocrx_word' id='word_1_114' title='bbox 503 1533 539 1560; x_wconf 86' lang='grc' dir='ltr'>τὰ</span> <span class='ocrx_word' id='word_1_115' title='bbox 554 1531 735 1566; x_wconf 78' lang='grc' dir='ltr'>δικαιώματά</span> <span class='ocrx_word' id='word_1_116' title='bbox 760 1540 829 1560; x_wconf 84' lang='grc' dir='ltr'>σου.</span> <span class='ocrx_word' id='word_1_117' title='bbox 849 1533 918 1560; x_wconf 79' lang='grc' dir='ltr'>Ἀλλ’</span> <span class='ocrx_word' id='word_1_118' title='bbox 934 1533 990 1560; x_wconf 81' lang='grc' dir='ltr'>ἐστι</span> 
     </span>
    </p>
   </div>
   <div class='ocr_carea' id='block_1_22' title="bbox 207 1578 986 1615">
    <p class='ocr_par' dir='ltr' id='par_1_22' title="bbox 207 1578 986 1615">
     <span class='ocr_line' id='line_1_22' title="bbox 207 1578 986 1615; baseline 0.001 -10"><span class='ocrx_word' id='word_1_119' title='bbox 207 1579 253 1606; x_wconf 71' lang='grc' dir='ltr'>καὶ</span> <span class='ocrx_word' id='word_1_120' title='bbox 268 1579 345 1612; x_wconf 80' lang='grc' dir='ltr'>λόγος</span> <span class='ocrx_word' id='word_1_121' title='bbox 365 1580 546 1615; x_wconf 80' lang='grc' dir='ltr'>πανεύπορος,</span> <span class='ocrx_word' id='word_1_122' title='bbox 560 1579 630 1613; x_wconf 84' lang='grc' dir='ltr'>ὑπὲρ</span> <span class='ocrx_word' id='word_1_123' title='bbox 644 1578 723 1613; x_wconf 80' lang='grc' dir='ltr'>λόγον</span> <span class='ocrx_word' id='word_1_124' title='bbox 737 1579 808 1614; x_wconf 75' lang='grc' dir='ltr'>ἔχων</span> <span class='ocrx_word' id='word_1_125' title='bbox 830 1579 876 1606; x_wconf 68' lang='grc' dir='ltr'><strong>τὸν</strong></span> <span class='ocrx_word' id='word_1_126' title='bbox 897 1579 986 1613; x_wconf 83' lang='grc' dir='ltr'>λόγον,</span> 
     </span>
    </p>
   </div>
   <div class='ocr_carea' id='block_1_23' title="bbox 208 1625 995 1662">
    <p class='ocr_par' dir='ltr' id='par_1_23' title="bbox 208 1625 995 1662">
     <span class='ocr_line' id='line_1_23' title="bbox 208 1625 995 1662; baseline 0.001 -10"><span class='ocrx_word' id='word_1_127' title='bbox 208 1625 344 1660; x_wconf 80' lang='grc' dir='ltr'>θησαυρὸν</span> <span class='ocrx_word' id='word_1_128' title='bbox 360 1625 429 1660; x_wconf 77' lang='grc' dir='ltr'>ἔχων</span> <span class='ocrx_word' id='word_1_129' title='bbox 442 1625 570 1661; x_wconf 74' lang='grc' dir='ltr'>χορηγὸν,</span> <span class='ocrx_word' id='word_1_130' title='bbox 597 1625 701 1656; x_wconf 75' lang='grc' dir='ltr'>ἑννοίας</span> <span class='ocrx_word' id='word_1_131' title='bbox 727 1625 860 1659; x_wconf 79' lang='grc' dir='ltr'>ιὺσεὸεἰς,</span> <span class='ocrx_word' id='word_1_132' title='bbox 880 1626 927 1653; x_wconf 78' lang='grc' dir='ltr'>καὶ</span> <span class='ocrx_word' id='word_1_133' title='bbox 944 1627 995 1662; x_wconf 77' lang='grc' dir='ltr'><strong>ρη-</strong></span> 
     </span>
    </p>
   </div>
   <div class='ocr_carea' id='block_1_24' title="bbox 210 1672 994 1708">
    <p class='ocr_par' dir='ltr' id='par_1_24' title="bbox 210 1672 994 1708">
     <span class='ocr_line' id='line_1_24' title="bbox 210 1672 994 1708; baseline -0.001 -9"><span class='ocrx_word' id='word_1_134' title='bbox 210 1672 304 1706; x_wconf 82' lang='grc' dir='ltr'>μάτων</span> <span class='ocrx_word' id='word_1_135' title='bbox 319 1672 399 1704; x_wconf 79' lang='grc' dir='ltr'>ἀξίαν</span> <span class='ocrx_word' id='word_1_136' title='bbox 411 1672 572 1707; x_wconf 69' lang='grc' dir='ltr'>εὐφραδίαν,</span> <span class='ocrx_word' id='word_1_137' title='bbox 588 1672 657 1707; x_wconf 75' lang='grc' dir='ltr'><strong>πρὸς</strong></span> <span class='ocrx_word' id='word_1_138' title='bbox 671 1672 700 1698; x_wconf 82' lang='grc' dir='ltr'>ὃν</span> <span class='ocrx_word' id='word_1_139' title='bbox 716 1672 931 1707; x_wconf 80' lang='grc' dir='ltr'>ἐπερειδόμενος,</span> <span class='ocrx_word' id='word_1_140' title='bbox 945 1673 994 1708; x_wconf 84' lang='grc' dir='ltr'><strong>ἄρ-</strong></span> 
     </span>
    </p>
   </div>
   <div class='ocr_carea' id='block_1_25' title="bbox 209 1713 994 1752">
    <p class='ocr_par' dir='ltr' id='par_1_25' title="bbox 209 1713 994 1752">
     <span class='ocr_line' id='line_1_25' title="bbox 209 1713 994 1752; baseline 0 -10"><span class='ocrx_word' id='word_1_141' title='bbox 209 1717 291 1750; x_wconf 76' lang='grc' dir='ltr'>ξομαι</span> <span class='ocrx_word' id='word_1_142' title='bbox 305 1717 395 1750; x_wconf 76' lang='grc' dir='ltr'>λέγειν</span> <span class='ocrx_word' id='word_1_143' title='bbox 418 1717 495 1750; x_wconf 84' lang='grc' dir='ltr'>λόγια</span> <span class='ocrx_word' id='word_1_144' title='bbox 516 1716 615 1751; x_wconf 74' lang='grc' dir='ltr'><strong>ἀληθῆ.</strong></span> <span class='ocrx_word' id='word_1_145' title='bbox 636 1716 762 1752; x_wconf 80' lang='grc' dir='ltr'>Ὀρθίους</span> <span class='ocrx_word' id='word_1_146' title='bbox 779 1713 825 1742; x_wconf 78' lang='grc' dir='ltr'><strong>οὖν</strong></span> <span class='ocrx_word' id='word_1_147' title='bbox 846 1715 895 1747; x_wconf 70' lang='grc' dir='ltr'>τὰς</span> <span class='ocrx_word' id='word_1_148' title='bbox 910 1716 994 1747; x_wconf 78' lang='grc' dir='ltr'>ἀκοὰς</span> 
     </span>
    </p>
   </div>
   <div class='ocr_carea' id='block_1_26' title="bbox 209 1760 997 1797">
    <p class='ocr_par' dir='ltr' id='par_1_26' title="bbox 209 1760 997 1797">
     <span class='ocr_line' id='line_1_26' title="bbox 209 1760 997 1797; baseline -0.003 -9"><span class='ocrx_word' id='word_1_149' title='bbox 209 1762 368 1796; x_wconf 79' lang='grc' dir='ltr'><strong>στήσαντες,</strong></span> <span class='ocrx_word' id='word_1_150' title='bbox 382 1762 530 1797; x_wconf 79' lang='grc' dir='ltr'>ἀγαπητοὶ,</span> <span class='ocrx_word' id='word_1_151' title='bbox 542 1761 592 1796; x_wconf 78' lang='grc' dir='ltr'>τὴν</span> <span class='ocrx_word' id='word_1_152' title='bbox 606 1760 654 1787; x_wconf 78' lang='grc' dir='ltr'>τοῦ</span> <span class='ocrx_word' id='word_1_153' title='bbox 668 1760 800 1796; x_wconf 74' lang='grc' dir='ltr'>παρόντος</span> <span class='ocrx_word' id='word_1_154' title='bbox 814 1760 997 1796; x_wconf 78' lang='grc' dir='ltr'>συγγράμμα-</span> 
     </span>
    </p>
   </div>
   <div class='ocr_carea' id='block_1_27' title="bbox 209 1805 998 1841">
    <p class='ocr_par' dir='ltr' id='par_1_27' title="bbox 209 1805 998 1841">
     <span class='ocr_line' id='line_1_27' title="bbox 209 1805 998 1841; baseline -0.001 -8"><span class='ocrx_word' id='word_1_155' title='bbox 209 1815 256 1838; x_wconf 85' lang='grc' dir='ltr'><strong>τος</strong></span> <span class='ocrx_word' id='word_1_156' title='bbox 264 1807 399 1841; x_wconf 76' lang='grc' dir='ltr'><strong>ἐπιμελῶς</strong></span> <span class='ocrx_word' id='word_1_157' title='bbox 413 1806 524 1839; x_wconf 73' lang='grc' dir='ltr'>δέξασθε</span> <span class='ocrx_word' id='word_1_158' title='bbox 537 1807 662 1841; x_wconf 85' lang='grc' dir='ltr'>διήγησιν</span> <span class='ocrx_word' id='word_1_159' title='bbox 673 1815 679 1822; x_wconf 89' lang='grc'>·</span> <span class='ocrx_word' id='word_1_160' title='bbox 693 1806 837 1833; x_wconf 63' lang='grc' dir='ltr'>ἐπίσταται</span> <span class='ocrx_word' id='word_1_161' title='bbox 852 1806 905 1841; x_wconf 85' lang='grc' dir='ltr'><strong>γὰρ</strong></span> <span class='ocrx_word' id='word_1_162' title='bbox 915 1807 931 1840; x_wconf 87' lang='grc' dir='ltr'>ὴ</span> <span class='ocrx_word' id='word_1_163' title='bbox 943 1805 998 1832; x_wconf 82' lang='grc' dir='ltr'>τῶν</span> 
     </span>
    </p>
   </div>
   <div class='ocr_carea' id='block_1_28' title="bbox 211 1849 998 1887">
    <p class='ocr_par' dir='ltr' id='par_1_28' title="bbox 211 1849 998 1887">
     <span class='ocr_line' id='line_1_28' title="bbox 211 1849 998 1887; baseline -0.001 -9"><span class='ocrx_word' id='word_1_164' title='bbox 211 1852 375 1887; x_wconf 83' lang='grc' dir='ltr'><strong>κρειττόνων</strong></span> <span class='ocrx_word' id='word_1_165' title='bbox 389 1852 532 1887; x_wconf 84' lang='grc' dir='ltr'>ἀκρόασις,</span> <span class='ocrx_word' id='word_1_166' title='bbox 548 1851 616 1887; x_wconf 80' lang='grc' dir='ltr'>πρὸς</span> <span class='ocrx_word' id='word_1_167' title='bbox 630 1851 680 1885; x_wconf 81' lang='grc' dir='ltr'>τὴν</span> <span class='ocrx_word' id='word_1_168' title='bbox 696 1851 751 1878; x_wconf 84' lang='grc' dir='ltr'><strong>τῶν</strong></span> <span class='ocrx_word' id='word_1_169' title='bbox 767 1849 898 1885; x_wconf 73' lang='grc' dir='ltr'>μειζόνων</span> <span class='ocrx_word' id='word_1_170' title='bbox 918 1851 998 1877; x_wconf 82' lang='grc' dir='ltr'>οἰκο-</span> 
     </span>
    </p>
   </div>
   <div class='ocr_carea' id='block_1_29' title="bbox 211 1896 954 1934">
    <p class='ocr_par' dir='ltr' id='par_1_29' title="bbox 211 1896 954 1934">
     <span class='ocr_line' id='line_1_29' title="bbox 211 1896 954 1934; baseline -0.003 -10"><span class='ocrx_word' id='word_1_171' title='bbox 211 1898 297 1934; x_wconf 79' lang='grc' dir='ltr'>δομὴν</span> <span class='ocrx_word' id='word_1_172' title='bbox 312 1898 389 1932; x_wconf 78' lang='grc' dir='ltr'>ἆγειν</span> <span class='ocrx_word' id='word_1_173' title='bbox 404 1899 467 1929; x_wconf 78' lang='grc' dir='ltr'>τοὺς</span> <span class='ocrx_word' id='word_1_174' title='bbox 479 1897 616 1932; x_wconf 76' lang='grc' dir='ltr'><strong>ἐπιμελῶς</strong></span> <span class='ocrx_word' id='word_1_175' title='bbox 627 1897 803 1929; x_wconf 72' lang='grc' dir='ltr'>ὲνωτίζεσθαι</span> <span class='ocrx_word' id='word_1_176' title='bbox 817 1896 954 1927; x_wconf 75' lang='grc' dir='ltr'>θέλοντας.</span> 
     </span>
    </p>
   </div>
   <div class='ocr_carea' id='block_1_30' title="bbox 249 1941 999 1978">
    <p class='ocr_par' dir='ltr' id='par_1_30' title="bbox 249 1941 999 1978">
     <span class='ocr_line' id='line_1_30' title="bbox 249 1941 999 1978; baseline -0.003 -8"><span class='ocrx_word' id='word_1_177' title='bbox 249 1943 414 1978; x_wconf 77' lang='grc' dir='ltr'>Πολύανδρος</span> <span class='ocrx_word' id='word_1_178' title='bbox 429 1944 445 1978; x_wconf 85' lang='grc' dir='ltr'>ἡ</span> <span class='ocrx_word' id='word_1_179' title='bbox 459 1943 513 1970; x_wconf 84' lang='grc' dir='ltr'><strong>τῶν</strong></span> <span class='ocrx_word' id='word_1_180' title='bbox 524 1942 638 1977; x_wconf 81' lang='grc' dir='ltr'>ἀγώνων</span> <span class='ocrx_word' id='word_1_181' title='bbox 655 1942 834 1977; x_wconf 69' lang='grc' dir='ltr'>ἀνδραγαθία.</span> <span class='ocrx_word' id='word_1_182' title='bbox 849 1944 896 1969; x_wconf 78' lang='grc' dir='ltr'>καὶ</span> <span class='ocrx_word' id='word_1_183' title='bbox 915 1941 999 1968; x_wconf 81' lang='grc' dir='ltr'>πολύ-</span> 
     </span>
    </p>
   </div>
   <div class='ocr_carea' id='block_1_31' title="bbox 212 1989 1000 2025">
    <p class='ocr_par' dir='ltr' id='par_1_31' title="bbox 212 1989 1000 2025">
     <span class='ocr_line' id='line_1_31' title="bbox 212 1989 1000 2025; baseline -0.001 -9"><span class='ocrx_word' id='word_1_184' title='bbox 212 1999 314 2025; x_wconf 83' lang='grc' dir='ltr'>τροπος</span> <span class='ocrx_word' id='word_1_185' title='bbox 325 1991 341 2025; x_wconf 81' lang='grc' dir='ltr'>ἡ</span> <span class='ocrx_word' id='word_1_186' title='bbox 353 1991 407 2016; x_wconf 83' lang='grc' dir='ltr'>τῶν</span> <span class='ocrx_word' id='word_1_187' title='bbox 417 1989 506 2017; x_wconf 77' lang='grc' dir='ltr'>ἄθλων</span> <span class='ocrx_word' id='word_1_188' title='bbox 518 1989 659 2024; x_wconf 81' lang='grc' dir='ltr'>προθυμία</span> <span class='ocrx_word' id='word_1_189' title='bbox 668 1997 674 2003; x_wconf 93' lang='grc'><strong><em>“</em></strong></span> <span class='ocrx_word' id='word_1_190' title='bbox 689 1989 719 2016; x_wconf 78' lang='grc' dir='ltr'>οὐ</span> <span class='ocrx_word' id='word_1_191' title='bbox 738 1989 794 2024; x_wconf 82' lang='grc' dir='ltr'><strong>γὰρ</strong></span> <span class='ocrx_word' id='word_1_192' title='bbox 809 1989 877 2025; x_wconf 79' lang='grc' dir='ltr'><strong>πρὸς</strong></span> <span class='ocrx_word' id='word_1_193' title='bbox 893 1989 940 2015; x_wconf 77' lang='grc' dir='ltr'>ἕνα</span> <span class='ocrx_word' id='word_1_194' title='bbox 953 1989 1000 2015; x_wconf 80' lang='grc' dir='ltr'><strong>καὶ</strong></span> 
     </span>
    </p>
   </div>
   <div class='ocr_carea' id='block_1_32' title="bbox 213 2035 1000 2071">
    <p class='ocr_par' dir='ltr' id='par_1_32' title="bbox 213 2035 1000 2071">
     <span class='ocr_line' id='line_1_32' title="bbox 213 2035 1000 2071; baseline -0.003 -8"><span class='ocrx_word' id='word_1_195' title='bbox 213 2036 260 2063; x_wconf 80' lang='grc' dir='ltr'><strong>δύο</strong></span> <span class='ocrx_word' id='word_1_196' title='bbox 275 2036 368 2071; x_wconf 80' lang='grc' dir='ltr'>ῆδὲκα</span> <span class='ocrx_word' id='word_1_197' title='bbox 382 2036 428 2062; x_wconf 79' lang='grc' dir='ltr'>τὸν</span> <span class='ocrx_word' id='word_1_198' title='bbox 440 2035 590 2070; x_wconf 75' lang='grc' dir='ltr'>ἁριθμὺν,ό</span> <span class='ocrx_word' id='word_1_199' title='bbox 605 2035 652 2062; x_wconf 76' lang='grc' dir='ltr'>τοῦ</span> <span class='ocrx_word' id='word_1_200' title='bbox 669 2035 808 2070; x_wconf 72' lang='grc' dir='ltr'>ἐγκωμίου</span> <span class='ocrx_word' id='word_1_201' title='bbox 825 2035 1000 2070; x_wconf 77' lang='grc' dir='ltr'>κηρύττεται,</span> 
     </span>
    </p>
   </div>
   <div class='ocr_carea' id='block_1_33' title="bbox 215 2079 1001 2116">
    <p class='ocr_par' dir='ltr' id='par_1_33' title="bbox 215 2079 1001 2116">
     <span class='ocr_line' id='line_1_33' title="bbox 215 2079 1001 2116; baseline -0.003 -8"><span class='ocrx_word' id='word_1_202' title='bbox 215 2081 284 2108; x_wconf 79' lang='grc' dir='ltr'>ἀλλὰ</span> <span class='ocrx_word' id='word_1_203' title='bbox 305 2081 372 2116; x_wconf 80' lang='grc' dir='ltr'>πρὸς</span> <span class='ocrx_word' id='word_1_204' title='bbox 405 2081 519 2116; x_wconf 80' lang='grc' dir='ltr'>ἄπειρον</span> <span class='ocrx_word' id='word_1_205' title='bbox 535 2079 636 2115; x_wconf 84' lang='grc' dir='ltr'>πλῆθος</span> <span class='ocrx_word' id='word_1_206' title='bbox 653 2080 748 2113; x_wconf 81' lang='grc' dir='ltr'>ἁγίων,</span> <span class='ocrx_word' id='word_1_207' title='bbox 780 2080 927 2116; x_wconf 81' lang='grc' dir='ltr'>μαρτύρων</span> <span class='ocrx_word' id='word_1_208' title='bbox 953 2081 1001 2107; x_wconf 75' lang='grc' dir='ltr'>καὶ</span> 
     </span>
    </p>
   </div>
   <div class='ocr_carea' id='block_1_34' title="bbox 214 2123 1001 2161">
    <p class='ocr_par' dir='ltr' id='par_1_34' title="bbox 214 2123 1001 2161">
     <span class='ocr_line' id='line_1_34' title="bbox 214 2123 1001 2161; baseline -0.001 -9"><span class='ocrx_word' id='word_1_209' title='bbox 214 2126 297 2152; x_wconf 82' lang='grc' dir='ltr'>ὁσίων</span> <span class='ocrx_word' id='word_1_210' title='bbox 309 2135 317 2142; x_wconf 70' lang='grc' dir='ltr'><strong>ο</strong></span> <span class='ocrx_word' id='word_1_211' title='bbox 330 2123 367 2152; x_wconf 82' lang='grc' dir='ltr'>ὧν</span> <span class='ocrx_word' id='word_1_212' title='bbox 381 2126 434 2160; x_wconf 82' lang='grc' dir='ltr'><strong>γὰρ</strong></span> <span class='ocrx_word' id='word_1_213' title='bbox 448 2125 532 2161; x_wconf 78' lang='grc' dir='ltr'>δῆμος</span> <span class='ocrx_word' id='word_1_214' title='bbox 547 2125 653 2161; x_wconf 83' lang='grc' dir='ltr'>ἀνδρῶν</span> <span class='ocrx_word' id='word_1_215' title='bbox 666 2125 817 2160; x_wconf 83' lang='grc' dir='ltr'>ἀριθμῆσαι</span> <span class='ocrx_word' id='word_1_216' title='bbox 831 2126 881 2152; x_wconf 85' lang='grc' dir='ltr'>οὐκ</span> <span class='ocrx_word' id='word_1_217' title='bbox 893 2125 1001 2160; x_wconf 75' lang='grc' dir='ltr'>ἐξίσχυ-</span> 
     </span>
    </p>
   </div>
   <div class='ocr_carea' id='block_1_35' title="bbox 217 2169 1003 2208">
    <p class='ocr_par' dir='ltr' id='par_1_35' title="bbox 217 2169 1003 2208">
     <span class='ocr_line' id='line_1_35' title="bbox 217 2169 1003 2208; baseline -0.001 -9"><span class='ocrx_word' id='word_1_218' title='bbox 217 2173 375 2205; x_wconf 76' lang='grc' dir='ltr'>σε,τοὺτους</span> <span class='ocrx_word' id='word_1_219' title='bbox 390 2169 430 2204; x_wconf 78' lang='grc' dir='ltr'><strong>εἷς</strong></span> <span class='ocrx_word' id='word_1_220' title='bbox 441 2172 487 2199; x_wconf 74' lang='grc' dir='ltr'>καὶ</span> <span class='ocrx_word' id='word_1_221' title='bbox 502 2172 582 2207; x_wconf 73' lang='grc' dir='ltr'>μόνος</span> <span class='ocrx_word' id='word_1_222' title='bbox 592 2171 777 2207; x_wconf 79' lang='grc' dir='ltr'>εὐαρίθμητον</span> <span class='ocrx_word' id='word_1_223' title='bbox 790 2172 846 2208; x_wconf 73' lang='grc' dir='ltr'>ἔχει</span> <span class='ocrx_word' id='word_1_224' title='bbox 861 2172 909 2207; x_wconf 78' lang='grc' dir='ltr'>τὴν</span> <span class='ocrx_word' id='word_1_225' title='bbox 923 2173 1003 2199; x_wconf 84' lang='grc' dir='ltr'>ποσό-</span> 
     </span>
    </p>
   </div>
   <div class='ocr_carea' id='block_1_36' title="bbox 215 2216 1004 2255">
    <p class='ocr_par' dir='ltr' id='par_1_36' title="bbox 215 2216 1004 2255">
     <span class='ocr_line' id='line_1_36' title="bbox 215 2216 1004 2255; baseline 0.001 -10"><span class='ocrx_word' id='word_1_226' title='bbox 215 2228 297 2254; x_wconf 74' lang='grc' dir='ltr'>τητα,</span> <span class='ocrx_word' id='word_1_227' title='bbox 315 2219 406 2250; x_wconf 75' lang='grc' dir='ltr'>καθὼς</span> <span class='ocrx_word' id='word_1_228' title='bbox 419 2219 501 2250; x_wconf 80' lang='grc' dir='ltr'>αὐτὸς</span> <span class='ocrx_word' id='word_1_229' title='bbox 513 2219 527 2245; x_wconf 82' lang='grc' dir='ltr'><strong>ὁ</strong></span> <span class='ocrx_word' id='word_1_230' title='bbox 541 2216 582 2250; x_wconf 75' lang='grc' dir='ltr'><strong>εἷς</strong></span> <span class='ocrx_word' id='word_1_231' title='bbox 599 2218 782 2253; x_wconf 74' lang='grc' dir='ltr'>ἐθριάμϐευσε</span> <span class='ocrx_word' id='word_1_232' title='bbox 794 2219 892 2253; x_wconf 79' lang='grc' dir='ltr'>λέγων·</span> <span class='ocrx_word' id='word_1_233' title='bbox 913 2219 1004 2255; x_wconf 61' lang='grc' dir='ltr'><strong>’Υέιῶν</strong></span> 
     </span>
    </p>
   </div>
   <div class='ocr_carea' id='block_1_37' title="bbox 216 2264 1002 2300">
    <p class='ocr_par' dir='ltr' id='par_1_37' title="bbox 216 2264 1002 2300">
     <span class='ocr_line' id='line_1_37' title="bbox 216 2264 1002 2300; baseline 0.001 -9"><span class='ocrx_word' id='word_1_234' title='bbox 216 2265 251 2291; x_wconf 73' lang='grc' dir='ltr'><em>δὲ</em></span> <span class='ocrx_word' id='word_1_235' title='bbox 265 2265 314 2291; x_wconf 80' lang='grc' dir='ltr'>καὶ</span> <span class='ocrx_word' id='word_1_236' title='bbox 329 2266 358 2292; x_wconf 79' lang='grc' dir='ltr'>αὶ</span> <span class='ocrx_word' id='word_1_237' title='bbox 373 2265 473 2299; x_wconf 73' lang='grc' dir='ltr'>τρίχες</span> <span class='ocrx_word' id='word_1_238' title='bbox 486 2264 542 2299; x_wconf 80' lang='grc' dir='ltr'><strong>τῆς</strong></span> <span class='ocrx_word' id='word_1_239' title='bbox 556 2264 692 2300; x_wconf 75' lang='grc' dir='ltr'>κεφαλῆς</span> <span class='ocrx_word' id='word_1_240' title='bbox 709 2264 804 2293; x_wconf 79' lang='grc' dir='ltr'>πᾶσαι</span> <span class='ocrx_word' id='word_1_241' title='bbox 815 2265 1002 2299; x_wconf 76' lang='grc' dir='ltr'>ἠρίθμηνται.</span> 
     </span>
    </p>
   </div>
   <div class='ocr_carea' id='block_1_38' title="bbox 224 2309 1004 2346">
    <p class='ocr_par' dir='ltr' id='par_1_38' title="bbox 224 2309 1004 2346">
     <span class='ocr_line' id='line_1_38' title="bbox 224 2309 1004 2346; baseline -0.001 -9"><span class='ocrx_word' id='word_1_242' title='bbox 224 2311 253 2337; x_wconf 87' lang='lat'><strong>&#39;0</strong></span> <span class='ocrx_word' id='word_1_243' title='bbox 268 2311 358 2338; x_wconf 83' lang='grc' dir='ltr'>τοίνυν</span> <span class='ocrx_word' id='word_1_244' title='bbox 367 2311 493 2345; x_wconf 78' lang='grc' dir='ltr'>ἀριθμεῖν</span> <span class='ocrx_word' id='word_1_245' title='bbox 506 2311 604 2346; x_wconf 79' lang='grc' dir='ltr'>τρίχας</span> <span class='ocrx_word' id='word_1_246' title='bbox 619 2310 766 2345; x_wconf 83' lang='grc' dir='ltr'>δυνάμενος</span> <span class='ocrx_word' id='word_1_247' title='bbox 783 2311 884 2342; x_wconf 81' lang='grc' dir='ltr'>παντὸς</span> <span class='ocrx_word' id='word_1_248' title='bbox 901 2309 1004 2345; x_wconf 80' lang='grc' dir='ltr'>ἀνθρώ-</span> 
     </span>
    </p>
   </div>
   <div class='ocr_carea' id='block_1_39' title="bbox 209 2356 1040 2401">
    <p class='ocr_par' dir='ltr' id='par_1_39' title="bbox 209 2356 1040 2401">
     <span class='ocr_line' id='line_1_39' title="bbox 209 2356 1040 2401; baseline -0.002 -17"><span class='ocrx_word' id='word_1_249' title='bbox 209 2366 283 2393; x_wconf 30' lang='grc' dir='ltr'>Ιπου,</span> <span class='ocrx_word' id='word_1_250' title='bbox 302 2357 332 2383; x_wconf 76' lang='grc' dir='ltr'>οὐ</span> <span class='ocrx_word' id='word_1_251' title='bbox 347 2357 448 2391; x_wconf 76' lang='grc' dir='ltr'>μᾶλλον</span> <span class='ocrx_word' id='word_1_252' title='bbox 464 2356 613 2392; x_wconf 73' lang='grc' dir='ltr'>ἀριθμήσει</span> <span class='ocrx_word' id='word_1_253' title='bbox 631 2356 685 2382; x_wconf 87' lang='grc' dir='ltr'>τῶν</span> <span class='ocrx_word' id='word_1_254' title='bbox 709 2357 739 2383; x_wconf 81' lang='grc' dir='ltr'>ὲν</span> <span class='ocrx_word' id='word_1_255' title='bbox 767 2356 819 2391; x_wconf 81' lang='grc' dir='ltr'><strong>ὅλῳ</strong></span> <span class='ocrx_word' id='word_1_256' title='bbox 845 2356 884 2392; x_wconf 80' lang='grc' dir='ltr'>τῷ</span> <span class='ocrx_word' id='word_1_257' title='bbox 908 2356 1004 2391; x_wconf 76' lang='grc' dir='ltr'>κόσμῳ</span> <span class='ocrx_word' id='word_1_258' title='bbox 1019 2372 1040 2401; x_wconf 75' lang='lat' dir='ltr'>c</span> 
     </span>
    </p>
   </div>
   <div class='ocr_carea' id='block_1_40' title="bbox 221 2401 1006 2439">
    <p class='ocr_par' dir='ltr' id='par_1_40' title="bbox 221 2401 1006 2439">
     <span class='ocr_line' id='line_1_40' title="bbox 221 2401 1006 2439; baseline -0.003 -9"><span class='ocrx_word' id='word_1_259' title='bbox 221 2403 368 2439; x_wconf 84' lang='grc' dir='ltr'>μαρτύρων</span> <span class='ocrx_word' id='word_1_260' title='bbox 393 2402 439 2429; x_wconf 74' lang='grc' dir='ltr'>καὶ</span> <span class='ocrx_word' id='word_1_261' title='bbox 454 2403 536 2429; x_wconf 75' lang='grc' dir='ltr'>ὁσίων</span> <span class='ocrx_word' id='word_1_262' title='bbox 550 2403 583 2429; x_wconf 70' lang='grc' dir='ltr'><strong>τὰ</strong></span> <span class='ocrx_word' id='word_1_263' title='bbox 602 2401 732 2437; x_wconf 61' lang='lat' dir='ltr'><strong>adipata;</strong></span> <span class='ocrx_word' id='word_1_264' title='bbox 754 2402 791 2429; x_wconf 86' lang='grc' dir='ltr'><strong>Οὐ</strong></span> <span class='ocrx_word' id='word_1_265' title='bbox 803 2402 857 2438; x_wconf 76' lang='grc' dir='ltr'><strong>γὰρ</strong></span> <span class='ocrx_word' id='word_1_266' title='bbox 873 2403 941 2437; x_wconf 82' lang='grc' dir='ltr'><strong>πρὸς</strong></span> <span class='ocrx_word' id='word_1_267' title='bbox 958 2402 1006 2428; x_wconf 71' lang='grc' dir='ltr'>ἕνα</span> 
     </span>
    </p>
   </div>
   <div class='ocr_carea' id='block_1_41' title="bbox 219 2447 1007 2482">
    <p class='ocr_par' dir='ltr' id='par_1_41' title="bbox 219 2447 1007 2482">
     <span class='ocr_line' id='line_1_41' title="bbox 219 2447 1007 2482; baseline 0 -7"><span class='ocrx_word' id='word_1_268' title='bbox 219 2450 301 2476; x_wconf 67' lang='grc' dir='ltr'>τὸτον</span> <span class='ocrx_word' id='word_1_269' title='bbox 316 2449 345 2474; x_wconf 79' lang='grc' dir='ltr'>τὸ</span> <span class='ocrx_word' id='word_1_270' title='bbox 359 2447 472 2482; x_wconf 74' lang='grc' dir='ltr'>πλῆθος,</span> <span class='ocrx_word' id='word_1_271' title='bbox 488 2447 556 2474; x_wconf 81' lang='grc' dir='ltr'>ἀλλὰ</span> <span class='ocrx_word' id='word_1_272' title='bbox 585 2448 632 2474; x_wconf 72' lang='grc' dir='ltr'><strong>καὶ</strong></span> <span class='ocrx_word' id='word_1_273' title='bbox 645 2447 705 2474; x_wconf 82' lang='grc' dir='ltr'>καθ’</span> <span class='ocrx_word' id='word_1_274' title='bbox 720 2447 835 2474; x_wconf 76' lang='grc' dir='ltr'>ἕκαστον</span> <span class='ocrx_word' id='word_1_275' title='bbox 860 2448 942 2474; x_wconf 85' lang='grc' dir='ltr'>τόπον</span> <span class='ocrx_word' id='word_1_276' title='bbox 972 2448 1007 2475; x_wconf 76' lang='grc' dir='ltr'><strong>τὰ</strong></span> 
     </span>
    </p>
   </div>
   <div class='ocr_carea' id='block_1_42' title="bbox 221 2493 1007 2529">
    <p class='ocr_par' dir='ltr' id='par_1_42' title="bbox 221 2493 1007 2529">
     <span class='ocr_line' id='line_1_42' title="bbox 221 2493 1007 2529; baseline -0.001 -9"><span class='ocrx_word' id='word_1_277' title='bbox 221 2494 323 2529; x_wconf 81' lang='grc' dir='ltr'>πλήθη.</span> <span class='ocrx_word' id='word_1_278' title='bbox 335 2494 441 2528; x_wconf 68' lang='grc' dir='ltr'>Ὥσπερ</span> <span class='ocrx_word' id='word_1_279' title='bbox 455 2493 509 2528; x_wconf 83' lang='grc' dir='ltr'><strong>γὰρ</strong></span> <span class='ocrx_word' id='word_1_280' title='bbox 525 2493 593 2519; x_wconf 82' lang='grc' dir='ltr'><strong>Θεοῦ</strong></span> <span class='ocrx_word' id='word_1_281' title='bbox 610 2493 639 2519; x_wconf 88' lang='grc' dir='ltr'>τὸ</span> <span class='ocrx_word' id='word_1_282' title='bbox 663 2493 816 2527; x_wconf 78' lang='grc' dir='ltr'>ὑπέρογκον</span> <span class='ocrx_word' id='word_1_283' title='bbox 834 2493 948 2528; x_wconf 81' lang='grc' dir='ltr'>μέγεθος</span> <span class='ocrx_word' id='word_1_284' title='bbox 961 2495 1007 2520; x_wconf 75' lang='grc' dir='ltr'><strong>καὶ</strong></span> 
     </span>
    </p>
   </div>
   <div class='ocr_carea' id='block_1_43' title="bbox 221 2537 1009 2574">
    <p class='ocr_par' dir='ltr' id='par_1_43' title="bbox 221 2537 1009 2574">
     <span class='ocr_line' id='line_1_43' title="bbox 221 2537 1009 2574; baseline 0 -8"><span class='ocrx_word' id='word_1_285' title='bbox 221 2541 251 2567; x_wconf 72' lang='grc' dir='ltr'>ὲν</span> <span class='ocrx_word' id='word_1_286' title='bbox 267 2542 323 2571; x_wconf 76' lang='grc' dir='ltr'>τοῖς</span> <span class='ocrx_word' id='word_1_287' title='bbox 336 2539 462 2574; x_wconf 77' lang='grc' dir='ltr'>ἀοράτοις</span> <span class='ocrx_word' id='word_1_288' title='bbox 473 2539 641 2573; x_wconf 78' lang='grc' dir='ltr'>ὲξήπλωται,</span> <span class='ocrx_word' id='word_1_289' title='bbox 655 2537 726 2565; x_wconf 67' lang='grc' dir='ltr'>οὕτω</span> <span class='ocrx_word' id='word_1_290' title='bbox 741 2539 787 2566; x_wconf 78' lang='grc' dir='ltr'>καὶ</span> <span class='ocrx_word' id='word_1_291' title='bbox 802 2540 815 2565; x_wconf 80' lang='grc' dir='ltr'>ὁ</span> <span class='ocrx_word' id='word_1_292' title='bbox 827 2539 876 2574; x_wconf 83' lang='grc' dir='ltr'>τῆς</span> <span class='ocrx_word' id='word_1_293' title='bbox 890 2539 1009 2571; x_wconf 86' lang='grc' dir='ltr'>πίστεως</span> 
     </span>
    </p>
   </div>
   <div class='ocr_carea' id='block_1_44' title="bbox 221 2585 1010 2621">
    <p class='ocr_par' dir='ltr' id='par_1_44' title="bbox 221 2585 1010 2621">
     <span class='ocr_line' id='line_1_44' title="bbox 221 2585 1010 2621; baseline -0.001 -8"><span class='ocrx_word' id='word_1_294' title='bbox 221 2586 304 2613; x_wconf 81' lang='grc' dir='ltr'>αὐτοῦ</span> <span class='ocrx_word' id='word_1_295' title='bbox 315 2586 494 2621; x_wconf 79' lang='grc' dir='ltr'>ψυχοδέσμιος</span> <span class='ocrx_word' id='word_1_296' title='bbox 513 2585 593 2620; x_wconf 79' lang='grc' dir='ltr'>ζῆλος</span> <span class='ocrx_word' id='word_1_297' title='bbox 610 2585 656 2611; x_wconf 81' lang='grc' dir='ltr'>καὶ</span> <span class='ocrx_word' id='word_1_298' title='bbox 673 2585 713 2616; x_wconf 87' lang='grc' dir='ltr'>είς</span> <span class='ocrx_word' id='word_1_299' title='bbox 728 2585 761 2611; x_wconf 83' lang='grc' dir='ltr'>τὰ</span> <span class='ocrx_word' id='word_1_300' title='bbox 785 2586 891 2620; x_wconf 78' lang='grc' dir='ltr'>πέρατα</span> <span class='ocrx_word' id='word_1_301' title='bbox 907 2586 956 2621; x_wconf 77' lang='grc' dir='ltr'><strong>τῆς</strong></span> <span class='ocrx_word' id='word_1_302' title='bbox 971 2587 1010 2612; x_wconf 82' lang='grc' dir='ltr'><strong>οξ-</strong></span> 
     </span>
    </p>
   </div>
   <div class='ocr_carea' id='block_1_45' title="bbox 222 2629 1008 2666">
    <p class='ocr_par' dir='ltr' id='par_1_45' title="bbox 222 2629 1008 2666">
     <span class='ocr_line' id='line_1_45' title="bbox 222 2629 1008 2666; baseline -0.004 -8"><span class='ocrx_word' id='word_1_303' title='bbox 222 2631 358 2666; x_wconf 77' lang='grc' dir='ltr'>κουμένης</span> <span class='ocrx_word' id='word_1_304' title='bbox 371 2631 528 2665; x_wconf 80' lang='grc' dir='ltr'>ἐκκέχυται.</span> <span class='ocrx_word' id='word_1_305' title='bbox 546 2630 591 2656; x_wconf 78' lang='grc' dir='ltr'><strong>Διὸ</strong></span> <span class='ocrx_word' id='word_1_306' title='bbox 608 2629 632 2656; x_wconf 81' lang='grc' dir='ltr'>εἰ</span> <span class='ocrx_word' id='word_1_307' title='bbox 645 2629 691 2656; x_wconf 69' lang='grc' dir='ltr'><strong>καὶ</strong></span> <span class='ocrx_word' id='word_1_308' title='bbox 709 2629 780 2655; x_wconf 73' lang='grc' dir='ltr'>κατὰ</span> <span class='ocrx_word' id='word_1_309' title='bbox 801 2630 883 2655; x_wconf 81' lang='grc' dir='ltr'>τόπον</span> <span class='ocrx_word' id='word_1_310' title='bbox 894 2630 924 2656; x_wconf 82' lang='grc' dir='ltr'>τὸ</span> <span class='ocrx_word' id='word_1_311' title='bbox 938 2629 1008 2656; x_wconf 77' lang='grc' dir='ltr'><strong>πλῆ-</strong></span> 
     </span>
    </p>
   </div>
   <div class='ocr_carea' id='block_1_46' title="bbox 223 2675 1009 2711">
    <p class='ocr_par' dir='ltr' id='par_1_46' title="bbox 223 2675 1009 2711">
     <span class='ocr_line' id='line_1_46' title="bbox 223 2675 1009 2711; baseline -0.004 -7"><span class='ocrx_word' id='word_1_312' title='bbox 223 2677 279 2709; x_wconf 78' lang='grc' dir='ltr'>θος,</span> <span class='ocrx_word' id='word_1_313' title='bbox 294 2677 350 2703; x_wconf 81' lang='grc' dir='ltr'>ἀλλ’</span> <span class='ocrx_word' id='word_1_314' title='bbox 365 2677 405 2708; x_wconf 81' lang='grc' dir='ltr'><strong>εἰς</strong></span> <span class='ocrx_word' id='word_1_315' title='bbox 420 2676 469 2703; x_wconf 71' lang='grc' dir='ltr'><strong>ἕνα.</strong></span> <span class='ocrx_word' id='word_1_316' title='bbox 482 2676 564 2702; x_wconf 76' lang='grc' dir='ltr'>τόπον</span> <span class='ocrx_word' id='word_1_317' title='bbox 579 2675 593 2701; x_wconf 79' lang='grc' dir='ltr'><strong>ὁ</strong></span> <span class='ocrx_word' id='word_1_318' title='bbox 606 2675 697 2707; x_wconf 81' lang='grc' dir='ltr'>πόθος.</span> <span class='ocrx_word' id='word_1_319' title='bbox 713 2675 767 2706; x_wconf 64' lang='lat' dir='ltr'><strong>Ub;</strong></span> <span class='ocrx_word' id='word_1_320' title='bbox 785 2676 838 2710; x_wconf 77' lang='grc' dir='ltr'><strong>γὰρ</strong></span> <span class='ocrx_word' id='word_1_321' title='bbox 860 2677 876 2710; x_wconf 84' lang='grc' dir='ltr'><strong>ἠ</strong></span> <span class='ocrx_word' id='word_1_322' title='bbox 904 2676 940 2711; x_wconf 87' lang='grc' dir='ltr'>γῆ</span> <span class='ocrx_word' id='word_1_323' title='bbox 964 2675 1009 2702; x_wconf 74' lang='grc' dir='ltr'>διὰ</span> 
     </span>
    </p>
   </div>
   <div class='ocr_carea' id='block_1_47' title="bbox 222 2719 1010 2755">
    <p class='ocr_par' dir='ltr' id='par_1_47' title="bbox 222 2719 1010 2755">
     <span class='ocr_line' id='line_1_47' title="bbox 222 2719 1010 2755; baseline -0.004 -6"><span class='ocrx_word' id='word_1_324' title='bbox 222 2722 272 2753; x_wconf 76' lang='grc' dir='ltr'>τὰς</span> <span class='ocrx_word' id='word_1_325' title='bbox 299 2722 440 2752; x_wconf 76' lang='grc' dir='ltr'>κατοικίας</span> <span class='ocrx_word' id='word_1_326' title='bbox 467 2720 594 2755; x_wconf 83' lang='grc' dir='ltr'>ὲχώριζε,</span> <span class='ocrx_word' id='word_1_327' title='bbox 616 2719 727 2751; x_wconf 81' lang='grc' dir='ltr'>τούτους</span> <span class='ocrx_word' id='word_1_328' title='bbox 752 2720 866 2755; x_wconf 72' lang='grc' dir='ltr'>οὐρανὸς</span> <span class='ocrx_word' id='word_1_329' title='bbox 892 2720 937 2747; x_wconf 78' lang='grc' dir='ltr'>διὰ</span> <span class='ocrx_word' id='word_1_330' title='bbox 960 2721 1010 2754; x_wconf 85' lang='grc' dir='ltr'><strong>τῆς</strong></span> 
     </span>
    </p>
   </div>
   <div class='ocr_carea' id='block_1_48' title="bbox 222 2765 1011 2804">
    <p class='ocr_par' dir='ltr' id='par_1_48' title="bbox 222 2765 1011 2804">
     <span class='ocr_line' id='line_1_48' title="bbox 222 2765 1011 2804; baseline -0.003 -10"><span class='ocrx_word' id='word_1_331' title='bbox 222 2768 351 2804; x_wconf 77' lang='grc' dir='ltr'>ὁμονοίας</span> <span class='ocrx_word' id='word_1_332' title='bbox 365 2766 524 2802; x_wconf 79' lang='grc' dir='ltr'>συνήθροιζε</span> <span class='ocrx_word' id='word_1_333' title='bbox 535 2775 541 2782; x_wconf 89' lang='grc'><strong>·</strong></span> <span class='ocrx_word' id='word_1_334' title='bbox 560 2766 607 2792; x_wconf 79' lang='grc' dir='ltr'>καὶ</span> <span class='ocrx_word' id='word_1_335' title='bbox 623 2765 727 2799; x_wconf 73' lang='grc' dir='ltr'>γίνεται</span> <span class='ocrx_word' id='word_1_336' title='bbox 751 2765 766 2791; x_wconf 83' lang='grc' dir='ltr'>ὁ</span> <span class='ocrx_word' id='word_1_337' title='bbox 790 2765 944 2799; x_wconf 75' lang='grc' dir='ltr'>σωματικὸς</span> <span class='ocrx_word' id='word_1_338' title='bbox 959 2774 1011 2801; x_wconf 83' lang='grc' dir='ltr'><strong>χω-</strong></span> 
     </span>
    </p>
   </div>
   <div class='ocr_carea' id='block_1_49' title="bbox 225 2811 1010 2850">
    <p class='ocr_par' dir='ltr' id='par_1_49' title="bbox 225 2811 1010 2850">
     <span class='ocr_line' id='line_1_49' title="bbox 225 2811 1010 2850; baseline -0.001 -10"><span class='ocrx_word' id='word_1_339' title='bbox 225 2814 333 2850; x_wconf 78' lang='grc' dir='ltr'>ρισμὸς,</span> <span class='ocrx_word' id='word_1_340' title='bbox 347 2813 532 2848; x_wconf 70' lang='grc' dir='ltr'>πνευματικὸς</span> <span class='ocrx_word' id='word_1_341' title='bbox 547 2812 709 2847; x_wconf 60' lang='grc' dir='ltr'>ἀθροισμόέ·</span> <span class='ocrx_word' id='word_1_342' title='bbox 728 2812 774 2838; x_wconf 77' lang='grc' dir='ltr'><strong>καὶ</strong></span> <span class='ocrx_word' id='word_1_343' title='bbox 790 2812 815 2838; x_wconf 81' lang='grc' dir='ltr'>οἰ</span> <span class='ocrx_word' id='word_1_344' title='bbox 827 2811 857 2838; x_wconf 80' lang='grc' dir='ltr'>τὸ</span> <span class='ocrx_word' id='word_1_345' title='bbox 873 2811 1010 2848; x_wconf 57' lang='grc' dir='ltr'>βραχύτα-</span> 
     </span>
    </p>
   </div>
   <div class='ocr_carea' id='block_1_50' title="bbox 265 2906 820 2941">
    <p class='ocr_par' dir='ltr' id='par_1_50' title="bbox 265 2906 820 2941">
     <span class='ocr_line' id='line_1_50' title="bbox 265 2906 820 2941; baseline 0.002 -8"><span class='ocrx_word' id='word_1_346' title='bbox 265 2906 272 2921; x_wconf 96' lang='grc'>¹</span> <span class='ocrx_word' id='word_1_347' title='bbox 295 2906 364 2933; x_wconf 81' lang='lat' dir='ltr'><strong>l‘sal.</strong></span> <span class='ocrx_word' id='word_1_348' title='bbox 383 2915 477 2940; x_wconf 78' lang='lat' dir='ltr'><strong>cxvnl,</strong></span> <span class='ocrx_word' id='word_1_349' title='bbox 493 2908 552 2936; x_wconf 83' lang='lat' dir='ltr'><strong>l7l.</strong></span> <span class='ocrx_word' id='word_1_350' title='bbox 591 2910 600 2925; x_wconf 85' lang='grc'>³</span> <span class='ocrx_word' id='word_1_351' title='bbox 620 2907 713 2935; x_wconf 74' lang='lat' dir='ltr'><strong>Matth.</strong></span> <span class='ocrx_word' id='word_1_352' title='bbox 733 2915 758 2941; x_wconf 85' lang='lat' dir='ltr'><strong>x,</strong></span> <span class='ocrx_word' id='word_1_353' title='bbox 776 2907 820 2935; x_wconf 77' lang='grc'><strong>50.</strong></span> 
     </span>
    </p>
   </div>
   <div class='ocr_carea' id='block_1_51' title="bbox 1071 1024 1834 1064">
    <p class='ocr_par' dir='ltr' id='par_1_51' title="bbox 1071 1024 1834 1064">
     <span class='ocr_line' id='line_1_51' title="bbox 1071 1024 1834 1064; baseline -0.008 -7"><span class='ocrx_word' id='word_1_354' title='bbox 1071 1029 1243 1064; x_wconf 75' lang='lat' dir='ltr'><strong>Magniﬁcum</strong></span> <span class='ocrx_word' id='word_1_355' title='bbox 1273 1028 1427 1057; x_wconf 73' lang='lat' dir='ltr'><strong>festivitatis</strong></span> <span class='ocrx_word' id='word_1_356' title='bbox 1455 1027 1654 1063; x_wconf 86' lang='lat' dir='ltr'><strong>spectaculum.</strong></span> <span class='ocrx_word' id='word_1_357' title='bbox 1691 1029 1718 1052; x_wconf 87' lang='lat' dir='ltr'><strong>et</strong></span> <span class='ocrx_word' id='word_1_358' title='bbox 1745 1024 1834 1052; x_wconf 79' lang='lat' dir='ltr'><strong>alacre</strong></span> 
     </span>
    </p>
   </div>
   <div class='ocr_carea' id='block_1_52' title="bbox 1035 1071 1834 1103">
    <p class='ocr_par' dir='ltr' id='par_1_52' title="bbox 1035 1071 1834 1103">
     <span class='ocr_line' id='line_1_52' title="bbox 1035 1071 1834 1103; baseline -0.008 0"><span class='ocrx_word' id='word_1_359' title='bbox 1035 1076 1177 1103; x_wconf 77' lang='lat' dir='ltr'><strong>electionis</strong></span> <span class='ocrx_word' id='word_1_360' title='bbox 1190 1076 1326 1103; x_wconf 85' lang='lat' dir='ltr'><strong>canticum</strong></span> <span class='ocrx_word' id='word_1_361' title='bbox 1343 1076 1350 1102; x_wconf 88' lang='lat'><strong>!</strong></span> <span class='ocrx_word' id='word_1_362' title='bbox 1371 1072 1500 1102; x_wconf 78' lang='lat' dir='ltr'><strong>convenit</strong></span> <span class='ocrx_word' id='word_1_363' title='bbox 1521 1073 1594 1101; x_wconf 89' lang='lat' dir='ltr'><strong>enim</strong></span> <span class='ocrx_word' id='word_1_364' title='bbox 1612 1072 1693 1099; x_wconf 88' lang='lat' dir='ltr'><strong>nobis</strong></span> <span class='ocrx_word' id='word_1_365' title='bbox 1709 1071 1834 1099; x_wconf 86' lang='lat' dir='ltr'><strong>cantico-</strong></span> 
     </span>
    </p>
   </div>
   <div class='ocr_carea' id='block_1_53' title="bbox 1036 1118 1834 1151">
    <p class='ocr_par' dir='ltr' id='par_1_53' title="bbox 1036 1118 1834 1151">
     <span class='ocr_line' id='line_1_53' title="bbox 1036 1118 1834 1151; baseline -0.008 -3"><span class='ocrx_word' id='word_1_366' title='bbox 1036 1129 1096 1148; x_wconf 85' lang='lat' dir='ltr'><strong>rum</strong></span> <span class='ocrx_word' id='word_1_367' title='bbox 1105 1121 1264 1148; x_wconf 86' lang='lat' dir='ltr'><strong>electionem</strong></span> <span class='ocrx_word' id='word_1_368' title='bbox 1275 1121 1354 1148; x_wconf 91' lang='lat' dir='ltr'><strong>nobis</strong></span> <span class='ocrx_word' id='word_1_369' title='bbox 1363 1120 1533 1148; x_wconf 82' lang='lat' dir='ltr'><strong>canticorum</strong></span> <span class='ocrx_word' id='word_1_370' title='bbox 1544 1118 1663 1145; x_wconf 85' lang='lat' dir='ltr'><strong>dominis</strong></span> <span class='ocrx_word' id='word_1_371' title='bbox 1673 1122 1834 1151; x_wconf 82' lang='lat' dir='ltr'><strong>expromere</strong></span> 
     </span>
    </p>
   </div>
   <div class='ocr_carea' id='block_1_54' title="bbox 1036 1163 1833 1199">
    <p class='ocr_par' dir='ltr' id='par_1_54' title="bbox 1036 1163 1833 1199">
     <span class='ocr_line' id='line_1_54' title="bbox 1036 1163 1833 1199; baseline -0.009 -4"><span class='ocrx_word' id='word_1_372' title='bbox 1036 1172 1064 1195; x_wconf 89' lang='lat' dir='ltr'><strong>et</strong></span> <span class='ocrx_word' id='word_1_373' title='bbox 1079 1167 1262 1195; x_wconf 76' lang='lat' dir='ltr'><strong>venerationis</strong></span> <span class='ocrx_word' id='word_1_374' title='bbox 1275 1167 1390 1194; x_wconf 90' lang='lat' dir='ltr'><strong>cultum.</strong></span> <span class='ocrx_word' id='word_1_375' title='bbox 1405 1165 1456 1193; x_wconf 85' lang='lat' dir='ltr'><strong>Sed</strong></span> <span class='ocrx_word' id='word_1_376' title='bbox 1474 1165 1546 1192; x_wconf 88' lang='lat' dir='ltr'><strong>hunc</strong></span> <span class='ocrx_word' id='word_1_377' title='bbox 1562 1164 1608 1199; x_wconf 91' lang='lat' dir='ltr'><strong>qui</strong></span> <span class='ocrx_word' id='word_1_378' title='bbox 1626 1163 1758 1198; x_wconf 74' lang='lat' dir='ltr'><strong>inceperit</strong></span> <span class='ocrx_word' id='word_1_379' title='bbox 1770 1169 1833 1189; x_wconf 89' lang='lat' dir='ltr'><strong>reor</strong></span> 
     </span>
    </p>
   </div>
   <div class='ocr_carea' id='block_1_55' title="bbox 1038 1210 1836 1249">
    <p class='ocr_par' dir='ltr' id='par_1_55' title="bbox 1038 1210 1836 1249">
     <span class='ocr_line' id='line_1_55' title="bbox 1038 1210 1836 1249; baseline -0.006 -8"><span class='ocrx_word' id='word_1_380' title='bbox 1038 1215 1072 1242; x_wconf 84' lang='lat' dir='ltr'><strong>ad</strong></span> <span class='ocrx_word' id='word_1_381' title='bbox 1084 1214 1192 1249; x_wconf 83' lang='lat' dir='ltr'><strong>dignam</strong></span> <span class='ocrx_word' id='word_1_382' title='bbox 1204 1214 1341 1242; x_wconf 82' lang='lat' dir='ltr'><strong>sermonis</strong></span> <span class='ocrx_word' id='word_1_383' title='bbox 1350 1213 1528 1248; x_wconf 78' lang='lat' dir='ltr'><strong>prolationem</strong></span> <span class='ocrx_word' id='word_1_384' title='bbox 1541 1217 1705 1247; x_wconf 89' lang='lat' dir='ltr'><strong>torpescere.</strong></span> <span class='ocrx_word' id='word_1_385' title='bbox 1718 1210 1836 1244; x_wconf 76' lang='lat' dir='ltr'><strong>Superat</strong></span> 
     </span>
    </p>
   </div>
   <div class='ocr_carea' id='block_1_56' title="bbox 1037 1256 1835 1294">
    <p class='ocr_par' dir='ltr' id='par_1_56' title="bbox 1037 1256 1835 1294">
     <span class='ocr_line' id='line_1_56' title="bbox 1037 1256 1835 1294; baseline -0.006 -7"><span class='ocrx_word' id='word_1_386' title='bbox 1037 1260 1110 1288; x_wconf 87' lang='lat' dir='ltr'><strong>enim</strong></span> <span class='ocrx_word' id='word_1_387' title='bbox 1131 1265 1251 1288; x_wconf 83' lang='lat' dir='ltr'><strong>nostram</strong></span> <span class='ocrx_word' id='word_1_388' title='bbox 1277 1260 1459 1294; x_wconf 85' lang='lat' dir='ltr'><strong>eloquentiam</strong></span> <span class='ocrx_word' id='word_1_389' title='bbox 1486 1264 1624 1294; x_wconf 85' lang='lat' dir='ltr'><strong>gestorum</strong></span> <span class='ocrx_word' id='word_1_390' title='bbox 1653 1256 1835 1285; x_wconf 91' lang='lat' dir='ltr'><strong>certaminum</strong></span> 
     </span>
    </p>
   </div>
   <div class='ocr_carea' id='block_1_57' title="bbox 1039 1301 1838 1341">
    <p class='ocr_par' dir='ltr' id='par_1_57' title="bbox 1039 1301 1838 1341">
     <span class='ocr_line' id='line_1_57' title="bbox 1039 1301 1838 1341; baseline -0.006 -8"><span class='ocrx_word' id='word_1_391' title='bbox 1039 1306 1199 1341; x_wconf 80' lang='lat' dir='ltr'><strong>magnitudo</strong></span> <span class='ocrx_word' id='word_1_392' title='bbox 1211 1315 1218 1339; x_wconf 86' lang='lat'><strong>;</strong></span> <span class='ocrx_word' id='word_1_393' title='bbox 1230 1306 1303 1341; x_wconf 90' lang='lat' dir='ltr'><strong>quod</strong></span> <span class='ocrx_word' id='word_1_394' title='bbox 1317 1310 1405 1333; x_wconf 85' lang='lat' dir='ltr'><strong>autem</strong></span> <span class='ocrx_word' id='word_1_395' title='bbox 1417 1305 1562 1333; x_wconf 81' lang='lat' dir='ltr'><strong>conamina</strong></span> <span class='ocrx_word' id='word_1_396' title='bbox 1576 1307 1688 1338; x_wconf 80' lang='lat' dir='ltr'><strong>superat</strong></span> <span class='ocrx_word' id='word_1_397' title='bbox 1699 1301 1822 1330; x_wconf 79' lang='lat' dir='ltr'><strong>diﬂieilio</strong></span> <span class='ocrx_word' id='word_1_398' title='bbox 1832 1317 1838 1321; x_wconf 89' lang='lat'><strong><em>-</em></strong></span> 
     </span>
    </p>
   </div>
   <div class='ocr_carea' id='block_1_58' title="bbox 1044 1350 1839 1387">
    <p class='ocr_par' dir='ltr' id='par_1_58' title="bbox 1044 1350 1839 1387">
     <span class='ocr_line' id='line_1_58' title="bbox 1044 1350 1839 1387; baseline -0.008 -7"><span class='ocrx_word' id='word_1_399' title='bbox 1044 1360 1101 1380; x_wconf 87' lang='lat' dir='ltr'><strong>rem</strong></span> <span class='ocrx_word' id='word_1_400' title='bbox 1120 1353 1201 1380; x_wconf 81' lang='lat' dir='ltr'><strong>habet</strong></span> <span class='ocrx_word' id='word_1_401' title='bbox 1215 1352 1347 1387; x_wconf 80' lang='lat' dir='ltr'><strong>propositi</strong></span> <span class='ocrx_word' id='word_1_402' title='bbox 1365 1351 1478 1379; x_wconf 79' lang='lat' dir='ltr'><strong>exitum.</strong></span> <span class='ocrx_word' id='word_1_403' title='bbox 1491 1351 1633 1384; x_wconf 87' lang='lat' dir='ltr'><strong>Quomodo</strong></span> <span class='ocrx_word' id='word_1_404' title='bbox 1645 1350 1718 1378; x_wconf 90' lang='lat' dir='ltr'><strong>enim</strong></span> <span class='ocrx_word' id='word_1_405' title='bbox 1729 1352 1839 1376; x_wconf 83' lang='lat' dir='ltr'><strong>eructa-</strong></span> 
     </span>
    </p>
   </div>
   <div class='ocr_carea' id='block_1_59' title="bbox 1041 1395 1840 1434">
    <p class='ocr_par' dir='ltr' id='par_1_59' title="bbox 1041 1395 1840 1434">
     <span class='ocr_line' id='line_1_59' title="bbox 1041 1395 1840 1434; baseline -0.008 -8"><span class='ocrx_word' id='word_1_406' title='bbox 1041 1399 1076 1426; x_wconf 91' lang='lat' dir='ltr'><strong>bo</strong></span> <span class='ocrx_word' id='word_1_407' title='bbox 1097 1399 1179 1427; x_wconf 86' lang='lat' dir='ltr'><strong>labiis</strong></span> <span class='ocrx_word' id='word_1_408' title='bbox 1203 1399 1346 1434; x_wconf 86' lang='lat' dir='ltr'><strong>hymnum,</strong></span> <span class='ocrx_word' id='word_1_409' title='bbox 1361 1397 1585 1432; x_wconf 77' lang='lat' dir='ltr'><strong>iustiﬁcationum</strong></span> <span class='ocrx_word' id='word_1_410' title='bbox 1607 1396 1654 1423; x_wconf 86' lang='lat' dir='ltr'><strong>Dei</strong></span> <span class='ocrx_word' id='word_1_411' title='bbox 1674 1395 1787 1426; x_wconf 88' lang='lat' dir='ltr'><strong>inscius,</strong></span> <span class='ocrx_word' id='word_1_412' title='bbox 1811 1398 1840 1421; x_wconf 87' lang='lat' dir='ltr'><strong>ct</strong></span> 
     </span>
    </p>
   </div>
   <div class='ocr_carea' id='block_1_60' title="bbox 1042 1441 1840 1480">
    <p class='ocr_par' dir='ltr' id='par_1_60' title="bbox 1042 1441 1840 1480">
     <span class='ocr_line' id='line_1_60' title="bbox 1042 1441 1840 1480; baseline -0.009 -6"><span class='ocrx_word' id='word_1_413' title='bbox 1042 1446 1199 1480; x_wconf 83' lang='lat' dir='ltr'><strong>inexpertus</strong></span> <span class='ocrx_word' id='word_1_414' title='bbox 1226 1443 1451 1472; x_wconf 79' lang='lat' dir='ltr'><strong>conﬁrmationes</strong></span> <span class='ocrx_word' id='word_1_415' title='bbox 1478 1442 1580 1470; x_wconf 80' lang='lat' dir='ltr'><strong>Christi</strong></span> <span class='ocrx_word' id='word_1_416' title='bbox 1601 1443 1612 1469; x_wconf 84' lang='lat' dir='ltr'><strong>‘i</strong></span> <span class='ocrx_word' id='word_1_417' title='bbox 1637 1441 1774 1476; x_wconf 83' lang='lat' dir='ltr'><strong>Scriptum</strong></span> <span class='ocrx_word' id='word_1_418' title='bbox 1797 1443 1840 1467; x_wconf 89' lang='lat' dir='ltr'><strong>est</strong></span> 
     </span>
    </p>
   </div>
   <div class='ocr_carea' id='block_1_61' title="bbox 1042 1486 1839 1524">
    <p class='ocr_par' dir='ltr' id='par_1_61' title="bbox 1042 1486 1839 1524">
     <span class='ocr_line' id='line_1_61' title="bbox 1042 1486 1839 1524; baseline -0.006 -7"><span class='ocrx_word' id='word_1_419' title='bbox 1042 1491 1114 1518; x_wconf 90' lang='lat' dir='ltr'><strong>enim</strong></span> <span class='ocrx_word' id='word_1_420' title='bbox 1127 1499 1134 1517; x_wconf 87' lang='lat'><strong>:</strong></span> <span class='ocrx_word' id='word_1_421' title='bbox 1149 1489 1317 1517; x_wconf 82' lang='lat' dir='ltr'><strong>Eructabunt</strong></span> <span class='ocrx_word' id='word_1_422' title='bbox 1331 1488 1404 1516; x_wconf 78' lang='lat' dir='ltr'><strong>labia</strong></span> <span class='ocrx_word' id='word_1_423' title='bbox 1418 1497 1474 1515; x_wconf 83' lang='lat' dir='ltr'><strong>mea</strong></span> <span class='ocrx_word' id='word_1_424' title='bbox 1490 1488 1628 1524; x_wconf 80' lang='lat' dir='ltr'><strong>hymnum,</strong></span> <span class='ocrx_word' id='word_1_425' title='bbox 1642 1495 1702 1514; x_wconf 82' lang='lat' dir='ltr'><strong>cum</strong></span> <span class='ocrx_word' id='word_1_426' title='bbox 1717 1486 1839 1513; x_wconf 74' lang='lat' dir='ltr'><strong>docueris</strong></span> 
     </span>
    </p>
   </div>
   <div class='ocr_carea' id='block_1_62' title="bbox 1043 1532 1840 1571">
    <p class='ocr_par' dir='ltr' id='par_1_62' title="bbox 1043 1532 1840 1571">
     <span class='ocr_line' id='line_1_62' title="bbox 1043 1532 1840 1571; baseline -0.006 -8"><span class='ocrx_word' id='word_1_427' title='bbox 1043 1544 1083 1563; x_wconf 79' lang='lat' dir='ltr'><strong>me</strong></span> <span class='ocrx_word' id='word_1_428' title='bbox 1103 1536 1309 1571; x_wconf 65' lang='lat' dir='ltr'><strong>justi/italiam:</strong></span> <span class='ocrx_word' id='word_1_429' title='bbox 1333 1535 1426 1562; x_wconf 79' lang='lat' dir='ltr'><strong>tuas‘.</strong></span> <span class='ocrx_word' id='word_1_430' title='bbox 1448 1534 1501 1562; x_wconf 89' lang='lat' dir='ltr'><strong>Sed</strong></span> <span class='ocrx_word' id='word_1_431' title='bbox 1532 1538 1574 1562; x_wconf 88' lang='lat' dir='ltr'><strong>est</strong></span> <span class='ocrx_word' id='word_1_432' title='bbox 1598 1541 1708 1569; x_wconf 90' lang='lat' dir='ltr'><strong>quoque</strong></span> <span class='ocrx_word' id='word_1_433' title='bbox 1729 1532 1840 1560; x_wconf 86' lang='lat' dir='ltr'><strong>verbum</strong></span> 
     </span>
    </p>
   </div>
   <div class='ocr_carea' id='block_1_63' title="bbox 1044 1578 1843 1616">
    <p class='ocr_par' dir='ltr' id='par_1_63' title="bbox 1044 1578 1843 1616">
     <span class='ocr_line' id='line_1_63' title="bbox 1044 1578 1843 1616; baseline -0.006 -7"><span class='ocrx_word' id='word_1_434' title='bbox 1044 1582 1321 1614; x_wconf 76' lang='lat' dir='ltr'><strong>abrmdantissimum,</strong></span> <span class='ocrx_word' id='word_1_435' title='bbox 1338 1589 1421 1616; x_wconf 80' lang='lat' dir='ltr'><strong>supra</strong></span> <span class='ocrx_word' id='word_1_436' title='bbox 1431 1581 1513 1609; x_wconf 83' lang='lat' dir='ltr'><strong>verba</strong></span> <span class='ocrx_word' id='word_1_437' title='bbox 1527 1581 1639 1608; x_wconf 85' lang='lat' dir='ltr'><strong>verbum</strong></span> <span class='ocrx_word' id='word_1_438' title='bbox 1655 1579 1769 1610; x_wconf 84' lang='lat' dir='ltr'><strong>habens,</strong></span> <span class='ocrx_word' id='word_1_439' title='bbox 1784 1578 1843 1605; x_wconf 88' lang='lat' dir='ltr'><strong>the-</strong></span> 
     </span>
    </p>
   </div>
   <div class='ocr_carea' id='block_1_64' title="bbox 1045 1625 1844 1663">
    <p class='ocr_par' dir='ltr' id='par_1_64' title="bbox 1045 1625 1844 1663">
     <span class='ocr_line' id='line_1_64' title="bbox 1045 1625 1844 1663; baseline -0.008 -7"><span class='ocrx_word' id='word_1_440' title='bbox 1045 1636 1157 1656; x_wconf 83' lang='lat' dir='ltr'><strong>snnrnm</strong></span> <span class='ocrx_word' id='word_1_441' title='bbox 1185 1628 1331 1663; x_wconf 81' lang='lat' dir='ltr'><strong>possidens</strong></span> <span class='ocrx_word' id='word_1_442' title='bbox 1359 1627 1512 1662; x_wconf 85' lang='lat' dir='ltr'><strong>copiosum,</strong></span> <span class='ocrx_word' id='word_1_443' title='bbox 1543 1627 1603 1662; x_wconf 84' lang='lat' dir='ltr'><strong>pias</strong></span> <span class='ocrx_word' id='word_1_444' title='bbox 1631 1625 1792 1657; x_wconf 85' lang='lat' dir='ltr'><strong>sententias,</strong></span> <span class='ocrx_word' id='word_1_445' title='bbox 1816 1629 1844 1651; x_wconf 80' lang='lat' dir='ltr'><strong>et</strong></span> 
     </span>
    </p>
   </div>
   <div class='ocr_carea' id='block_1_65' title="bbox 1046 1669 1843 1709">
    <p class='ocr_par' dir='ltr' id='par_1_65' title="bbox 1046 1669 1843 1709">
     <span class='ocr_line' id='line_1_65' title="bbox 1046 1669 1843 1709; baseline -0.006 -8"><span class='ocrx_word' id='word_1_446' title='bbox 1046 1675 1156 1709; x_wconf 78' lang='lat' dir='ltr'><strong>dignam</strong></span> <span class='ocrx_word' id='word_1_447' title='bbox 1180 1673 1255 1701; x_wconf 81' lang='lat' dir='ltr'><strong>vocis</strong></span> <span class='ocrx_word' id='word_1_448' title='bbox 1275 1673 1468 1708; x_wconf 79' lang='lat' dir='ltr'><strong>eloquentiam,</strong></span> <span class='ocrx_word' id='word_1_449' title='bbox 1498 1672 1542 1700; x_wconf 89' lang='lat' dir='ltr'><strong>cui</strong></span> <span class='ocrx_word' id='word_1_450' title='bbox 1569 1672 1699 1699; x_wconf 85' lang='lat' dir='ltr'><strong>insistens</strong></span> <span class='ocrx_word' id='word_1_451' title='bbox 1716 1669 1843 1705; x_wconf 79' lang='lat' dir='ltr'><strong>incipiam</strong></span> 
     </span>
    </p>
   </div>
   <div class='ocr_carea' id='block_1_66' title="bbox 1048 1715 1842 1754">
    <p class='ocr_par' dir='ltr' id='par_1_66' title="bbox 1048 1715 1842 1754">
     <span class='ocr_line' id='line_1_66' title="bbox 1048 1715 1842 1754; baseline -0.008 -7"><span class='ocrx_word' id='word_1_452' title='bbox 1048 1727 1127 1747; x_wconf 83' lang='lat' dir='ltr'><strong>veros</strong></span> <span class='ocrx_word' id='word_1_453' title='bbox 1139 1727 1281 1747; x_wconf 83' lang='lat' dir='ltr'><strong>sermones</strong></span> <span class='ocrx_word' id='word_1_454' title='bbox 1293 1718 1540 1754; x_wconf 82' lang='lat' dir='ltr'><strong>quui.-Matutinas</strong></span> <span class='ocrx_word' id='word_1_455' title='bbox 1549 1725 1613 1753; x_wconf 74' lang='lat' dir='ltr'><strong>ergo</strong></span> <span class='ocrx_word' id='word_1_456' title='bbox 1624 1724 1704 1744; x_wconf 80' lang='lat' dir='ltr'><strong>aures</strong></span> <span class='ocrx_word' id='word_1_457' title='bbox 1721 1715 1842 1749; x_wconf 67' lang='lat' dir='ltr'><strong>prmben-</strong></span> 
     </span>
    </p>
   </div>
   <div class='ocr_carea' id='block_1_67' title="bbox 1048 1761 1845 1800">
    <p class='ocr_par' dir='ltr' id='par_1_67' title="bbox 1048 1761 1845 1800">
     <span class='ocr_line' id='line_1_67' title="bbox 1048 1761 1845 1800; baseline -0.006 -8"><span class='ocrx_word' id='word_1_458' title='bbox 1048 1771 1098 1798; x_wconf 83' lang='lat' dir='ltr'><strong>tes,</strong></span> <span class='ocrx_word' id='word_1_459' title='bbox 1115 1765 1296 1797; x_wconf 83' lang='lat' dir='ltr'><strong>dilectissimi,</strong></span> <span class='ocrx_word' id='word_1_460' title='bbox 1319 1765 1461 1800; x_wconf 66' lang='lat' dir='ltr'><strong>prasentis</strong></span> <span class='ocrx_word' id='word_1_461' title='bbox 1478 1764 1571 1799; x_wconf 90' lang='lat' dir='ltr'><strong>scripti</strong></span> <span class='ocrx_word' id='word_1_462' title='bbox 1588 1767 1715 1791; x_wconf 82' lang='lat' dir='ltr'><strong>accurate</strong></span> <span class='ocrx_word' id='word_1_463' title='bbox 1731 1761 1845 1796; x_wconf 82' lang='lat' dir='ltr'><strong>accipite</strong></span> 
     </span>
    </p>
   </div>
   <div class='ocr_carea' id='block_1_68' title="bbox 1048 1807 1846 1842">
    <p class='ocr_par' dir='ltr' id='par_1_68' title="bbox 1048 1807 1846 1842">
     <span class='ocr_line' id='line_1_68' title="bbox 1048 1807 1846 1842; baseline -0.005 -5"><span class='ocrx_word' id='word_1_464' title='bbox 1048 1810 1235 1838; x_wconf 85' lang='lat' dir='ltr'><strong>recitationem</strong></span> <span class='ocrx_word' id='word_1_465' title='bbox 1250 1818 1257 1842; x_wconf 77' lang='grc' dir='ltr'>ς</span> <span class='ocrx_word' id='word_1_466' title='bbox 1274 1810 1326 1838; x_wconf 91' lang='lat' dir='ltr'><strong>scit</strong></span> <span class='ocrx_word' id='word_1_467' title='bbox 1341 1810 1414 1837; x_wconf 93' lang='lat' dir='ltr'><strong>enim</strong></span> <span class='ocrx_word' id='word_1_468' title='bbox 1429 1810 1574 1837; x_wconf 90' lang='lat' dir='ltr'><strong>meliorum</strong></span> <span class='ocrx_word' id='word_1_469' title='bbox 1592 1809 1696 1836; x_wconf 83' lang='lat' dir='ltr'><strong>auditio</strong></span> <span class='ocrx_word' id='word_1_470' title='bbox 1711 1808 1745 1835; x_wconf 87' lang='lat' dir='ltr'><strong>ad</strong></span> <span class='ocrx_word' id='word_1_471' title='bbox 1760 1807 1846 1841; x_wconf 82' lang='lat' dir='ltr'><strong>majo-</strong></span> 
     </span>
    </p>
   </div>
   <div class='ocr_carea' id='block_1_69' title="bbox 1047 1852 1846 1890">
    <p class='ocr_par' dir='ltr' id='par_1_69' title="bbox 1047 1852 1846 1890">
     <span class='ocr_line' id='line_1_69' title="bbox 1047 1852 1846 1890; baseline -0.005 -7"><span class='ocrx_word' id='word_1_472' title='bbox 1047 1863 1108 1883; x_wconf 89' lang='lat' dir='ltr'><strong>rum</strong></span> <span class='ocrx_word' id='word_1_473' title='bbox 1120 1855 1328 1883; x_wconf 68' lang='lat' dir='ltr'><strong>aedillcationem</strong></span> <span class='ocrx_word' id='word_1_474' title='bbox 1340 1856 1441 1884; x_wconf 88' lang='lat' dir='ltr'><strong>dueere</strong></span> <span class='ocrx_word' id='word_1_475' title='bbox 1456 1856 1507 1884; x_wconf 86' lang='lat' dir='ltr'><strong>hos</strong></span> <span class='ocrx_word' id='word_1_476' title='bbox 1523 1856 1569 1890; x_wconf 90' lang='lat' dir='ltr'><strong>qui</strong></span> <span class='ocrx_word' id='word_1_477' title='bbox 1582 1859 1684 1882; x_wconf 82' lang='lat' dir='ltr'><strong>attente</strong></span> <span class='ocrx_word' id='word_1_478' title='bbox 1697 1852 1846 1880; x_wconf 83' lang='lat' dir='ltr'><strong>auscultari</strong></span> 
     </span>
    </p>
   </div>
   <div class='ocr_carea' id='block_1_70' title="bbox 1049 1901 1158 1928">
    <p class='ocr_par' dir='ltr' id='par_1_70' title="bbox 1049 1901 1158 1928">
     <span class='ocr_line' id='line_1_70' title="bbox 1049 1901 1158 1928; baseline 0 0"><span class='ocrx_word' id='word_1_479' title='bbox 1049 1901 1158 1928; x_wconf 87' lang='lat' dir='ltr'><strong>volunt.</strong></span> 
     </span>
    </p>
   </div>
   <div class='ocr_carea' id='block_1_71' title="bbox 1085 1943 1848 1982">
    <p class='ocr_par' dir='ltr' id='par_1_71' title="bbox 1085 1943 1848 1982">
     <span class='ocr_line' id='line_1_71' title="bbox 1085 1943 1848 1982; baseline -0.005 -9"><span class='ocrx_word' id='word_1_480' title='bbox 1085 1947 1224 1981; x_wconf 85' lang='lat' dir='ltr'><strong>Multiplex</strong></span> <span class='ocrx_word' id='word_1_481' title='bbox 1245 1951 1287 1975; x_wconf 83' lang='lat' dir='ltr'><strong>est</strong></span> <span class='ocrx_word' id='word_1_482' title='bbox 1306 1954 1461 1982; x_wconf 83' lang='lat' dir='ltr'><strong>pugnarum</strong></span> <span class='ocrx_word' id='word_1_483' title='bbox 1479 1946 1585 1977; x_wconf 85' lang='lat' dir='ltr'><strong>virtus,</strong></span> <span class='ocrx_word' id='word_1_484' title='bbox 1600 1949 1627 1972; x_wconf 86' lang='lat' dir='ltr'><strong>et</strong></span> <span class='ocrx_word' id='word_1_485' title='bbox 1642 1943 1848 1972; x_wconf 81' lang='lat' dir='ltr'><strong>diversissimus</strong></span> 
     </span>
    </p>
   </div>
   <div class='ocr_carea' id='block_1_72' title="bbox 1050 1989 1848 2026">
    <p class='ocr_par' dir='ltr' id='par_1_72' title="bbox 1050 1989 1848 2026">
     <span class='ocr_line' id='line_1_72' title="bbox 1050 1989 1848 2026; baseline -0.006 -6"><span class='ocrx_word' id='word_1_486' title='bbox 1050 1993 1232 2021; x_wconf 89' lang='lat' dir='ltr'><strong>certaminum</strong></span> <span class='ocrx_word' id='word_1_487' title='bbox 1246 1993 1350 2026; x_wconf 82' lang='lat' dir='ltr'><strong>ardor;</strong></span> <span class='ocrx_word' id='word_1_488' title='bbox 1365 2001 1418 2020; x_wconf 91' lang='lat' dir='ltr'><strong>non</strong></span> <span class='ocrx_word' id='word_1_489' title='bbox 1436 1993 1509 2019; x_wconf 89' lang='lat' dir='ltr'><strong>enim</strong></span> <span class='ocrx_word' id='word_1_490' title='bbox 1530 1991 1557 2018; x_wconf 93' lang='lat' dir='ltr'><strong>in</strong></span> <span class='ocrx_word' id='word_1_491' title='bbox 1574 1998 1659 2018; x_wconf 90' lang='lat' dir='ltr'><strong>unum</strong></span> <span class='ocrx_word' id='word_1_492' title='bbox 1681 1989 1723 2017; x_wconf 85' lang='lat' dir='ltr'><strong>vel</strong></span> <span class='ocrx_word' id='word_1_493' title='bbox 1736 1989 1789 2016; x_wconf 91' lang='lat' dir='ltr'><strong>duo</strong></span> <span class='ocrx_word' id='word_1_494' title='bbox 1805 1989 1848 2016; x_wconf 69' lang='lat' dir='ltr'><strong>vel</strong></span> 
     </span>
    </p>
   </div>
   <div class='ocr_carea' id='block_1_73' title="bbox 1051 2033 1848 2071">
    <p class='ocr_par' dir='ltr' id='par_1_73' title="bbox 1051 2033 1848 2071">
     <span class='ocr_line' id='line_1_73' title="bbox 1051 2033 1848 2071; baseline -0.009 -5"><span class='ocrx_word' id='word_1_495' title='bbox 1051 2039 1144 2066; x_wconf 89' lang='lat' dir='ltr'><strong>decem</strong></span> <span class='ocrx_word' id='word_1_496' title='bbox 1163 2045 1288 2071; x_wconf 89' lang='lat' dir='ltr'><strong>numero,</strong></span> <span class='ocrx_word' id='word_1_497' title='bbox 1298 2037 1364 2065; x_wconf 94' lang='lat' dir='ltr'><strong>illud</strong></span> <span class='ocrx_word' id='word_1_498' title='bbox 1379 2037 1534 2065; x_wconf 85' lang='lat' dir='ltr'><strong>encomium</strong></span> <span class='ocrx_word' id='word_1_499' title='bbox 1547 2035 1744 2071; x_wconf 83' lang='lat' dir='ltr'><strong>proelamatur,</strong></span> <span class='ocrx_word' id='word_1_500' title='bbox 1760 2033 1807 2061; x_wconf 71' lang='lat' dir='ltr'><strong>Sed</strong></span> <span class='ocrx_word' id='word_1_501' title='bbox 1821 2034 1848 2060; x_wconf 88' lang='lat' dir='ltr'><strong>in</strong></span> 
     </span>
    </p>
   </div>
   <div class='ocr_carea' id='block_1_74' title="bbox 1052 2080 1850 2117">
    <p class='ocr_par' dir='ltr' id='par_1_74' title="bbox 1052 2080 1850 2117">
     <span class='ocr_line' id='line_1_74' title="bbox 1052 2080 1850 2117; baseline -0.006 -6"><span class='ocrx_word' id='word_1_502' title='bbox 1052 2085 1227 2112; x_wconf 85' lang='lat' dir='ltr'><strong>innumeram</strong></span> <span class='ocrx_word' id='word_1_503' title='bbox 1266 2088 1444 2116; x_wconf 77' lang='lat' dir='ltr'><strong>sanctorum,</strong></span> <span class='ocrx_word' id='word_1_504' title='bbox 1487 2086 1638 2117; x_wconf 80' lang='lat' dir='ltr'><strong>martyrum</strong></span> <span class='ocrx_word' id='word_1_505' title='bbox 1679 2084 1706 2107; x_wconf 89' lang='lat' dir='ltr'><strong>et</strong></span> <span class='ocrx_word' id='word_1_506' title='bbox 1742 2080 1850 2115; x_wconf 86' lang='lat' dir='ltr'><strong>piorum</strong></span> 
     </span>
    </p>
   </div>
   <div class='ocr_carea' id='block_1_75' title="bbox 1053 2126 1850 2163">
    <p class='ocr_par' dir='ltr' id='par_1_75' title="bbox 1053 2126 1850 2163">
     <span class='ocr_line' id='line_1_75' title="bbox 1053 2126 1850 2163; baseline -0.006 -5"><span class='ocrx_word' id='word_1_507' title='bbox 1053 2130 1266 2158; x_wconf 88' lang='lat' dir='ltr'><strong>multitudinem.</strong></span> <span class='ocrx_word' id='word_1_508' title='bbox 1288 2129 1363 2163; x_wconf 84' lang='lat' dir='ltr'><strong>Quos</strong></span> <span class='ocrx_word' id='word_1_509' title='bbox 1380 2129 1451 2156; x_wconf 89' lang='lat' dir='ltr'><strong>enim</strong></span> <span class='ocrx_word' id='word_1_510' title='bbox 1467 2129 1610 2156; x_wconf 89' lang='lat' dir='ltr'><strong>hominum</strong></span> <span class='ocrx_word' id='word_1_511' title='bbox 1634 2126 1712 2154; x_wconf 82' lang='lat' dir='ltr'><strong>turba</strong></span> <span class='ocrx_word' id='word_1_512' title='bbox 1727 2126 1850 2153; x_wconf 88' lang='lat' dir='ltr'><strong>dinume-</strong></span> 
     </span>
    </p>
   </div>
   <div class='ocr_carea' id='block_1_76' title="bbox 1054 2170 1851 2210">
    <p class='ocr_par' dir='ltr' id='par_1_76' title="bbox 1054 2170 1851 2210">
     <span class='ocr_line' id='line_1_76' title="bbox 1054 2170 1851 2210; baseline -0.009 -7"><span class='ocrx_word' id='word_1_513' title='bbox 1054 2184 1116 2204; x_wconf 87' lang='lat' dir='ltr'><strong>rare</strong></span> <span class='ocrx_word' id='word_1_514' title='bbox 1141 2183 1194 2203; x_wconf 91' lang='lat' dir='ltr'><strong>non</strong></span> <span class='ocrx_word' id='word_1_515' title='bbox 1217 2175 1316 2210; x_wconf 86' lang='lat' dir='ltr'><strong>potuit,</strong></span> <span class='ocrx_word' id='word_1_516' title='bbox 1333 2175 1432 2202; x_wconf 91' lang='lat' dir='ltr'><strong>horum</strong></span> <span class='ocrx_word' id='word_1_517' title='bbox 1456 2182 1529 2201; x_wconf 78' lang='lat' dir='ltr'><strong>unus</strong></span> <span class='ocrx_word' id='word_1_518' title='bbox 1549 2177 1576 2200; x_wconf 90' lang='lat' dir='ltr'><strong>et</strong></span> <span class='ocrx_word' id='word_1_519' title='bbox 1592 2172 1668 2200; x_wconf 87' lang='lat' dir='ltr'><strong>solus</strong></span> <span class='ocrx_word' id='word_1_520' title='bbox 1693 2171 1763 2198; x_wconf 87' lang='lat' dir='ltr'><strong>Deus</strong></span> <span class='ocrx_word' id='word_1_521' title='bbox 1781 2170 1851 2198; x_wconf 87' lang='lat' dir='ltr'><strong>bene</strong></span> 
     </span>
    </p>
   </div>
   <div class='ocr_carea' id='block_1_77' title="bbox 1053 2216 1852 2256">
    <p class='ocr_par' dir='ltr' id='par_1_77' title="bbox 1053 2216 1852 2256">
     <span class='ocr_line' id='line_1_77' title="bbox 1053 2216 1852 2256; baseline -0.008 -7"><span class='ocrx_word' id='word_1_522' title='bbox 1053 2223 1215 2250; x_wconf 82' lang='lat' dir='ltr'><strong>aestimatam</strong></span> <span class='ocrx_word' id='word_1_523' title='bbox 1225 2221 1301 2249; x_wconf 78' lang='lat' dir='ltr'><strong>novit</strong></span> <span class='ocrx_word' id='word_1_524' title='bbox 1312 2221 1502 2256; x_wconf 82' lang='lat' dir='ltr'><strong>quantitatem,</strong></span> <span class='ocrx_word' id='word_1_525' title='bbox 1516 2224 1546 2247; x_wconf 89' lang='lat' dir='ltr'><strong>ut</strong></span> <span class='ocrx_word' id='word_1_526' title='bbox 1561 2220 1618 2254; x_wconf 85' lang='lat' dir='ltr'><strong>ipse</strong></span> <span class='ocrx_word' id='word_1_527' title='bbox 1628 2218 1704 2246; x_wconf 82' lang='lat' dir='ltr'><strong>solus</strong></span> <span class='ocrx_word' id='word_1_528' title='bbox 1717 2216 1852 2251; x_wconf 85' lang='lat' dir='ltr'><strong>triumpho</strong></span> 
     </span>
    </p>
   </div>
   <div class='ocr_carea' id='block_1_78' title="bbox 1055 2265 1853 2303">
    <p class='ocr_par' dir='ltr' id='par_1_78' title="bbox 1055 2265 1853 2303">
     <span class='ocr_line' id='line_1_78' title="bbox 1055 2265 1853 2303; baseline -0.009 -7"><span class='ocrx_word' id='word_1_529' title='bbox 1055 2269 1193 2296; x_wconf 80' lang='lat' dir='ltr'><strong>decoravit</strong></span> <span class='ocrx_word' id='word_1_530' title='bbox 1203 2269 1249 2303; x_wconf 89' lang='lat' dir='ltr'><strong>qui</strong></span> <span class='ocrx_word' id='word_1_531' title='bbox 1265 2268 1328 2296; x_wconf 88' lang='lat' dir='ltr'><strong>dicit</strong></span> <span class='ocrx_word' id='word_1_532' title='bbox 1347 2277 1353 2296; x_wconf 92' lang='lat'><strong>:</strong></span> <span class='ocrx_word' id='word_1_533' title='bbox 1377 2267 1464 2294; x_wconf 75' lang='lat' dir='ltr'><strong>Vestri</strong></span> <span class='ocrx_word' id='word_1_534' title='bbox 1481 2266 1578 2301; x_wconf 74' lang='lat' dir='ltr'><strong>capitis</strong></span> <span class='ocrx_word' id='word_1_535' title='bbox 1597 2265 1687 2299; x_wconf 80' lang='lat' dir='ltr'><strong>capilli</strong></span> <span class='ocrx_word' id='word_1_536' title='bbox 1703 2271 1791 2291; x_wconf 69' lang='lat' dir='ltr'><strong>omnes</strong></span> <span class='ocrx_word' id='word_1_537' title='bbox 1807 2271 1853 2290; x_wconf 86' lang='lat' dir='ltr'><strong>nu.</strong></span> 
     </span>
    </p>
   </div>
   <div class='ocr_carea' id='block_1_79' title="bbox 1056 2313 1852 2348">
    <p class='ocr_par' dir='ltr' id='par_1_79' title="bbox 1056 2313 1852 2348">
     <span class='ocr_line' id='line_1_79' title="bbox 1056 2313 1852 2348; baseline -0.005 -8"><span class='ocrx_word' id='word_1_538' title='bbox 1056 2315 1151 2341; x_wconf 79' lang='lat' dir='ltr'><strong>merati</strong></span> <span class='ocrx_word' id='word_1_539' title='bbox 1167 2314 1260 2341; x_wconf 81' lang='lat' dir='ltr'><strong>sunt&#39;.</strong></span> <span class='ocrx_word' id='word_1_540' title='bbox 1282 2313 1332 2346; x_wconf 83' lang='lat' dir='ltr'><strong>Qui</strong></span> <span class='ocrx_word' id='word_1_541' title='bbox 1362 2313 1444 2348; x_wconf 72' lang='lat' dir='ltr'><strong>igitur</strong></span> <span class='ocrx_word' id='word_1_542' title='bbox 1465 2313 1577 2348; x_wconf 88' lang='lat' dir='ltr'><strong>capillos</strong></span> <span class='ocrx_word' id='word_1_543' title='bbox 1595 2318 1740 2338; x_wconf 85' lang='lat' dir='ltr'><strong>numerare</strong></span> <span class='ocrx_word' id='word_1_544' title='bbox 1764 2314 1852 2344; x_wconf 82' lang='lat' dir='ltr'><strong>potest</strong></span> 
     </span>
    </p>
   </div>
   <div class='ocr_carea' id='block_1_80' title="bbox 1056 2356 1854 2393">
    <p class='ocr_par' dir='ltr' id='par_1_80' title="bbox 1056 2356 1854 2393">
     <span class='ocr_line' id='line_1_80' title="bbox 1056 2356 1854 2393; baseline -0.008 -6"><span class='ocrx_word' id='word_1_545' title='bbox 1056 2360 1145 2387; x_wconf 88' lang='lat' dir='ltr'><strong>omnis</strong></span> <span class='ocrx_word' id='word_1_546' title='bbox 1157 2359 1286 2393; x_wconf 88' lang='lat' dir='ltr'><strong>hominis,</strong></span> <span class='ocrx_word' id='word_1_547' title='bbox 1301 2367 1392 2386; x_wconf 90' lang='lat' dir='ltr'><strong>nonne</strong></span> <span class='ocrx_word' id='word_1_548' title='bbox 1407 2358 1493 2393; x_wconf 80' lang='lat' dir='ltr'><strong>magis</strong></span> <span class='ocrx_word' id='word_1_549' title='bbox 1510 2357 1663 2385; x_wconf 87' lang='lat' dir='ltr'><strong>numerabit</strong></span> <span class='ocrx_word' id='word_1_550' title='bbox 1675 2364 1735 2391; x_wconf 58' lang='lat' dir='ltr'><strong>quae</strong></span> <span class='ocrx_word' id='word_1_551' title='bbox 1750 2356 1776 2382; x_wconf 91' lang='lat' dir='ltr'><strong>in</strong></span> <span class='ocrx_word' id='word_1_552' title='bbox 1795 2359 1854 2382; x_wconf 91' lang='lat' dir='ltr'><strong>toto</strong></span> 
     </span>
    </p>
   </div>
   <div class='ocr_carea' id='block_1_81' title="bbox 1058 2402 1852 2440">
    <p class='ocr_par' dir='ltr' id='par_1_81' title="bbox 1058 2402 1852 2440">
     <span class='ocr_line' id='line_1_81' title="bbox 1058 2402 1852 2440; baseline -0.006 -7"><span class='ocrx_word' id='word_1_553' title='bbox 1058 2405 1159 2433; x_wconf 89' lang='lat' dir='ltr'><strong>mundo</strong></span> <span class='ocrx_word' id='word_1_554' title='bbox 1173 2406 1308 2433; x_wconf 82' lang='lat' dir='ltr'><strong>exsistunt</strong></span> <span class='ocrx_word' id='word_1_555' title='bbox 1319 2410 1468 2440; x_wconf 80' lang='lat' dir='ltr'><strong>nmrtyrum</strong></span> <span class='ocrx_word' id='word_1_556' title='bbox 1486 2408 1513 2431; x_wconf 90' lang='lat' dir='ltr'><strong>et</strong></span> <span class='ocrx_word' id='word_1_557' title='bbox 1530 2403 1637 2439; x_wconf 86' lang='lat' dir='ltr'><strong>piorum</strong></span> <span class='ocrx_word' id='word_1_558' title='bbox 1654 2402 1852 2437; x_wconf 85' lang='lat' dir='ltr'><strong>corpora‘lnon</strong></span> 
     </span>
    </p>
   </div>
   <div class='ocr_carea' id='block_1_82' title="bbox 1058 2447 1853 2482">
    <p class='ocr_par' dir='ltr' id='par_1_82' title="bbox 1058 2447 1853 2482">
     <span class='ocr_line' id='line_1_82' title="bbox 1058 2447 1853 2482; baseline -0.006 -4"><span class='ocrx_word' id='word_1_559' title='bbox 1058 2451 1131 2478; x_wconf 89' lang='lat' dir='ltr'><strong>enim</strong></span> <span class='ocrx_word' id='word_1_560' title='bbox 1156 2451 1189 2477; x_wconf 86' lang='lat' dir='ltr'><strong>ad</strong></span> <span class='ocrx_word' id='word_1_561' title='bbox 1214 2458 1298 2478; x_wconf 92' lang='lat' dir='ltr'><strong>unum</strong></span> <span class='ocrx_word' id='word_1_562' title='bbox 1321 2451 1410 2478; x_wconf 85' lang='lat' dir='ltr'><strong>locum</strong></span> <span class='ocrx_word' id='word_1_563' title='bbox 1429 2449 1577 2477; x_wconf 89' lang='lat' dir='ltr'><strong>multitudo</strong></span> <span class='ocrx_word' id='word_1_564' title='bbox 1593 2449 1722 2479; x_wconf 70' lang='lat' dir='ltr'><strong>adhaeret,</strong></span> <span class='ocrx_word' id='word_1_565' title='bbox 1742 2447 1788 2474; x_wconf 86' lang='lat' dir='ltr'><strong>sed</strong></span> <span class='ocrx_word' id='word_1_566' title='bbox 1805 2454 1853 2482; x_wconf 85' lang='lat' dir='ltr'><strong>per</strong></span> 
     </span>
    </p>
   </div>
   <div class='ocr_carea' id='block_1_83' title="bbox 1059 2492 1853 2524">
    <p class='ocr_par' dir='ltr' id='par_1_83' title="bbox 1059 2492 1853 2524">
     <span class='ocr_line' id='line_1_83' title="bbox 1059 2492 1853 2524; baseline -0.005 -2"><span class='ocrx_word' id='word_1_567' title='bbox 1059 2497 1150 2524; x_wconf 75' lang='lat' dir='ltr'><strong>omnia</strong></span> <span class='ocrx_word' id='word_1_568' title='bbox 1171 2497 1229 2523; x_wconf 85' lang='lat' dir='ltr'><strong>loca</strong></span> <span class='ocrx_word' id='word_1_569' title='bbox 1251 2496 1440 2523; x_wconf 87' lang='lat' dir='ltr'><strong>multitudines</strong></span> <span class='ocrx_word' id='word_1_570' title='bbox 1460 2494 1661 2522; x_wconf 80' lang='lat' dir='ltr'><strong>dill&#39;unduntur.</strong></span> <span class='ocrx_word' id='word_1_571' title='bbox 1688 2493 1755 2520; x_wconf 71' lang='lat' dir='ltr'><strong>Nam</strong></span> <span class='ocrx_word' id='word_1_572' title='bbox 1781 2492 1853 2519; x_wconf 87' lang='lat' dir='ltr'><strong>sicut</strong></span> 
     </span>
    </p>
   </div>
   <div class='ocr_carea' id='block_1_84' title="bbox 1064 2538 1854 2569">
    <p class='ocr_par' dir='ltr' id='par_1_84' title="bbox 1064 2538 1854 2569">
     <span class='ocr_line' id='line_1_84' title="bbox 1064 2538 1854 2569; baseline -0.005 0"><span class='ocrx_word' id='word_1_573' title='bbox 1064 2542 1109 2569; x_wconf 88' lang='lat' dir='ltr'><strong>Dei</strong></span> <span class='ocrx_word' id='word_1_574' title='bbox 1119 2541 1289 2569; x_wconf 82' lang='lat' dir='ltr'><strong>immensitas</strong></span> <span class='ocrx_word' id='word_1_575' title='bbox 1300 2541 1376 2568; x_wconf 88' lang='lat' dir='ltr'><strong>velin</strong></span> <span class='ocrx_word' id='word_1_576' title='bbox 1387 2541 1455 2569; x_wconf 86' lang='lat' dir='ltr'><strong>locis</strong></span> <span class='ocrx_word' id='word_1_577' title='bbox 1474 2540 1659 2567; x_wconf 88' lang='lat' dir='ltr'><strong>invisibilibus</strong></span> <span class='ocrx_word' id='word_1_578' title='bbox 1678 2538 1835 2566; x_wconf 86' lang='lat' dir='ltr'><strong>extenditur</strong></span> <span class='ocrx_word' id='word_1_579' title='bbox 1846 2557 1854 2568; x_wconf 92' lang='lat'>.</span> 
     </span>
    </p>
   </div>
   <div class='ocr_carea' id='block_1_85' title="bbox 1062 2585 1854 2623">
    <p class='ocr_par' dir='ltr' id='par_1_85' title="bbox 1062 2585 1854 2623">
     <span class='ocr_line' id='line_1_85' title="bbox 1062 2585 1854 2623; baseline -0.006 -8"><span class='ocrx_word' id='word_1_580' title='bbox 1062 2589 1100 2615; x_wconf 86' lang='lat' dir='ltr'><strong>itu</strong></span> <span class='ocrx_word' id='word_1_581' title='bbox 1114 2595 1224 2623; x_wconf 86' lang='lat' dir='ltr'><strong>quoque</strong></span> <span class='ocrx_word' id='word_1_582' title='bbox 1242 2587 1302 2614; x_wconf 83' lang='lat' dir='ltr'><strong>ﬁdei</strong></span> <span class='ocrx_word' id='word_1_583' title='bbox 1317 2587 1378 2622; x_wconf 84' lang='lat' dir='ltr'><strong>ejus</strong></span> <span class='ocrx_word' id='word_1_584' title='bbox 1393 2587 1500 2614; x_wconf 81' lang='lat' dir='ltr'><strong>animas</strong></span> <span class='ocrx_word' id='word_1_585' title='bbox 1516 2586 1656 2621; x_wconf 82' lang='lat' dir='ltr'><strong>captivans</strong></span> <span class='ocrx_word' id='word_1_586' title='bbox 1672 2585 1746 2613; x_wconf 82' lang='lat' dir='ltr'><strong>zelus</strong></span> <span class='ocrx_word' id='word_1_587' title='bbox 1760 2585 1793 2611; x_wconf 85' lang='lat' dir='ltr'><strong>ad</strong></span> <span class='ocrx_word' id='word_1_588' title='bbox 1810 2591 1854 2611; x_wconf 90' lang='lat' dir='ltr'><strong>or-</strong></span> 
     </span>
    </p>
   </div>
   <div class='ocr_carea' id='block_1_86' title="bbox 1064 2630 1854 2665">
    <p class='ocr_par' dir='ltr' id='par_1_86' title="bbox 1064 2630 1854 2665">
     <span class='ocr_line' id='line_1_86' title="bbox 1064 2630 1854 2665; baseline -0.006 -4"><span class='ocrx_word' id='word_1_589' title='bbox 1064 2634 1108 2661; x_wconf 87' lang='lat' dir='ltr'><strong>bis</strong></span> <span class='ocrx_word' id='word_1_590' title='bbox 1128 2634 1248 2661; x_wconf 85' lang='lat' dir='ltr'><strong>nniversl</strong></span> <span class='ocrx_word' id='word_1_591' title='bbox 1263 2634 1394 2661; x_wconf 86' lang='lat' dir='ltr'><strong>terminos</strong></span> <span class='ocrx_word' id='word_1_592' title='bbox 1406 2633 1525 2660; x_wconf 81' lang='lat' dir='ltr'><strong>diﬂ&#39;usus</strong></span> <span class='ocrx_word' id='word_1_593' title='bbox 1540 2637 1591 2660; x_wconf 92' lang='lat' dir='ltr'><strong>est.</strong></span> <span class='ocrx_word' id='word_1_594' title='bbox 1609 2632 1700 2665; x_wconf 84' lang='lat' dir='ltr'><strong>Quare</strong></span> <span class='ocrx_word' id='word_1_595' title='bbox 1711 2631 1733 2658; x_wconf 85' lang='lat' dir='ltr'><strong>si</strong></span> <span class='ocrx_word' id='word_1_596' title='bbox 1746 2630 1854 2664; x_wconf 86' lang='lat' dir='ltr'><strong>quidem</strong></span> 
     </span>
    </p>
   </div>
   <div class='ocr_carea' id='block_1_87' title="bbox 1064 2676 1857 2712">
    <p class='ocr_par' dir='ltr' id='par_1_87' title="bbox 1064 2676 1857 2712">
     <span class='ocr_line' id='line_1_87' title="bbox 1064 2676 1857 2712; baseline -0.008 -5"><span class='ocrx_word' id='word_1_597' title='bbox 1064 2681 1090 2707; x_wconf 93' lang='lat' dir='ltr'><strong>in</strong></span> <span class='ocrx_word' id='word_1_598' title='bbox 1109 2687 1159 2708; x_wconf 91' lang='lat' dir='ltr'><strong>suo</strong></span> <span class='ocrx_word' id='word_1_599' title='bbox 1174 2680 1236 2707; x_wconf 92' lang='lat' dir='ltr'><strong>loco</strong></span> <span class='ocrx_word' id='word_1_600' title='bbox 1252 2680 1397 2707; x_wconf 89' lang='lat' dir='ltr'><strong>multitudo</strong></span> <span class='ocrx_word' id='word_1_601' title='bbox 1415 2684 1468 2712; x_wconf 88' lang='lat' dir='ltr'><strong>est,</strong></span> <span class='ocrx_word' id='word_1_602' title='bbox 1485 2679 1533 2707; x_wconf 88' lang='lat' dir='ltr'><strong>sed</strong></span> <span class='ocrx_word' id='word_1_603' title='bbox 1549 2678 1582 2706; x_wconf 85' lang='lat' dir='ltr'><strong>ad</strong></span> <span class='ocrx_word' id='word_1_604' title='bbox 1597 2686 1681 2705; x_wconf 85' lang='lat' dir='ltr'><strong>lllllllll</strong></span> <span class='ocrx_word' id='word_1_605' title='bbox 1703 2676 1792 2703; x_wconf 92' lang='lat' dir='ltr'><strong>locum</strong></span> <span class='ocrx_word' id='word_1_606' title='bbox 1808 2683 1857 2702; x_wconf 87' lang='lat' dir='ltr'><strong>co-</strong></span> 
     </span>
    </p>
   </div>
   <div class='ocr_carea' id='block_1_88' title="bbox 1063 2720 1855 2760">
    <p class='ocr_par' dir='ltr' id='par_1_88' title="bbox 1063 2720 1855 2760">
     <span class='ocr_line' id='line_1_88' title="bbox 1063 2720 1855 2760; baseline -0.008 -8"><span class='ocrx_word' id='word_1_607' title='bbox 1063 2726 1198 2760; x_wconf 78' lang='lat' dir='ltr'><strong>gitamor.</strong></span> <span class='ocrx_word' id='word_1_608' title='bbox 1213 2725 1289 2758; x_wconf 84' lang='lat' dir='ltr'><strong>Quos</strong></span> <span class='ocrx_word' id='word_1_609' title='bbox 1309 2725 1382 2752; x_wconf 91' lang='lat' dir='ltr'><strong>enim</strong></span> <span class='ocrx_word' id='word_1_610' title='bbox 1399 2730 1470 2753; x_wconf 88' lang='lat' dir='ltr'><strong>terra</strong></span> <span class='ocrx_word' id='word_1_611' title='bbox 1482 2733 1529 2760; x_wconf 85' lang='lat' dir='ltr'><strong>per</strong></span> <span class='ocrx_word' id='word_1_612' title='bbox 1550 2723 1732 2751; x_wconf 81' lang='lat' dir='ltr'><strong>habitationes</strong></span> <span class='ocrx_word' id='word_1_613' title='bbox 1753 2720 1855 2750; x_wconf 82' lang='lat' dir='ltr'><strong>divisit.</strong></span> 
     </span>
    </p>
   </div>
   <div class='ocr_carea' id='block_1_89' title="bbox 1063 2766 1855 2805">
    <p class='ocr_par' dir='ltr' id='par_1_89' title="bbox 1063 2766 1855 2805">
     <span class='ocr_line' id='line_1_89' title="bbox 1063 2766 1855 2805; baseline -0.01 -7"><span class='ocrx_word' id='word_1_614' title='bbox 1063 2771 1112 2799; x_wconf 83' lang='lat' dir='ltr'><strong>hos</strong></span> <span class='ocrx_word' id='word_1_615' title='bbox 1125 2771 1223 2798; x_wconf 65' lang='lat' dir='ltr'><strong>coelum</strong></span> <span class='ocrx_word' id='word_1_616' title='bbox 1240 2779 1286 2805; x_wconf 88' lang='lat' dir='ltr'><strong>per</strong></span> <span class='ocrx_word' id='word_1_617' title='bbox 1302 2771 1433 2798; x_wconf 89' lang='lat' dir='ltr'><strong>mentium</strong></span> <span class='ocrx_word' id='word_1_618' title='bbox 1450 2771 1577 2797; x_wconf 88' lang='lat' dir='ltr'><strong>unionem</strong></span> <span class='ocrx_word' id='word_1_619' title='bbox 1590 2768 1731 2802; x_wconf 89' lang='lat' dir='ltr'><strong>conjunxit</strong></span> <span class='ocrx_word' id='word_1_620' title='bbox 1748 2775 1756 2799; x_wconf 82' lang='lat'><strong>;</strong></span> <span class='ocrx_word' id='word_1_621' title='bbox 1771 2766 1855 2800; x_wconf 80' lang='lat' dir='ltr'><strong>[itque</strong></span> 
     </span>
    </p>
   </div>
   <div class='ocr_carea' id='block_1_90' title="bbox 1063 2808 1854 2851">
    <p class='ocr_par' dir='ltr' id='par_1_90' title="bbox 1063 2808 1854 2851">
     <span class='ocr_line' id='line_1_90' title="bbox 1063 2808 1854 2851; baseline -0.011 -7"><span class='ocrx_word' id='word_1_622' title='bbox 1063 2816 1214 2851; x_wconf 78' lang='lat' dir='ltr'><strong>corporalis</strong></span> <span class='ocrx_word' id='word_1_623' title='bbox 1236 2815 1345 2848; x_wconf 77' lang='lat' dir='ltr'><strong>divisio,</strong></span> <span class='ocrx_word' id='word_1_624' title='bbox 1360 2815 1512 2851; x_wconf 82' lang='lat' dir='ltr'><strong>spiritualis</strong></span> <span class='ocrx_word' id='word_1_625' title='bbox 1536 2811 1713 2846; x_wconf 87' lang='lat' dir='ltr'><strong>conjnunctio</strong></span> <span class='ocrx_word' id='word_1_626' title='bbox 1731 2818 1738 2843; x_wconf 89' lang='lat'><strong>;</strong></span> <span class='ocrx_word' id='word_1_627' title='bbox 1757 2814 1796 2837; x_wconf 92' lang='lat' dir='ltr'><strong>et&#39;</strong></span> <span class='ocrx_word' id='word_1_628' title='bbox 1807 2808 1854 2844; x_wconf 84' lang='lat' dir='ltr'><strong>qui</strong></span> 
     </span>
    </p>
   </div>
  </div>
