2083 3155
254 173 303 207 851

856 174 1098 208 THEOGNOSTI
1120 175 1291 205 MONACIII

1834 174 1890 206 852

254 232 445 259 brevissimam
464 232 533 258 hanc
547 233 572 259 in
586 237 657 259 terra
674 233 755 259 vitam
771 237 925 268 separatam
940 234 1039 260 habent
1055 235 1067 262 Α

1120 241 1136 258 ην
1158 232 1207 267 ζῆν
1221 233 1266 259 ἐπὶ
1281 232 1332 267 γῆς
1346 231 1455 258 ἄπωθεν
1481 231 1688 266 κεχωρισμένον
1704 231 1824 266 ἔχοντες,
1841 233 1890 259 τοῦ

254 284 384 306 αξιοι-ηοω
403 279 430 306 in
462 279 539 306 uelis
556 279 639 306 vitam
656 280 830 314 conjunctam
853 281 1049 314 obtinuerunt,

255 332 286 351 se
301 325 418 352 invicem
432 325 556 352 videntes
573 330 599 353 et
620 326 671 353 sibi
692 327 871 362 gratulantes.
897 327 954 354 Non
977 328 1050 355 enim

255 369 310 397 fuit
320 370 374 398 illis
387 371 508 406 cupitum
523 371 642 399 breviter
654 373 788 407 separatis
800 373 902 404 vivere,
919 373 966 400 sed
979 373 1053 400 desi—

256 416 381 443 deratum
400 424 512 451 semper
524 417 678 451 conjunctis
695 418 797 449 vivere,
815 422 843 445 et
855 419 916 446 vitaz
930 419 1051 446 datorem

255 461 377 488 laudare.
398 460 477 489 Unde
492 462 526 490 ad
546 462 703 497 patiendum
720 463 859 496 destinati,
880 464 1008 499 periculis
1024 473 1055 493 se

255 508 376 542 objicere
409 516 464 536 non
497 509 553 544 pati
576 514 795 544 reputaverunt;
823 511 869 538 sed
899 511 1054 541 ‘levioribns

257 553 356 587 pugnis
365 552 469 585 aillicti,
480 553 669 581 vehementius
682 555 735 590 pati
752 555 849 582 iterum
859 560 932 583 tenta
939 562 1054 591 verunt;

257 599 285 626 in
306 598 407 634 qnibtts
426 599 489 626 licet
509 599 657 626 multorum
677 601 792 627 deorum
815 606 843 628 et
863 609 916 628 non
936 601 981 629 Dei
999 603 1056 630 cul-

257 643 444 678 toresjndices
458 645 645 673 misericordia
667 647 796 674 commoti
820 646 932 679 iuerint.
951 648 984 675 ad
998 649 1056 675 ille-

258 689 356 718 cebras
364 691 466 719 sanctis
478 692 645 726 praebendas,
662 693 769 727 injuriis
783 693 884 722 illicitis
896 695 1000 722 strenui
1018 696 1055 722 illi

259 735 311 762 llos
321 734 499 770 impetehanl,
510 737 542 764 ad
555 738 782 765 vehementiorem
794 739 820 765 in
831 740 1057 768 eondemnalione

260 781 330 808 iram
361 782 560 815 excitandam;
591 787 619 810 ιιι
647 792 696 818 per
724 785 850 812 acerbius
882 786 1056 821 supplicium,

262 827 476 861 splendidiorem
491 829 612 856 laetitiam
627 836 815 864 procurareul,
828 832 899 867 quod
913 840 1059 867 possumus

261 874 389 909 exemplo
404 874 552 902 illustrare.
571 875 648 902 Sicut
662 875 689 902 in
707 876 795 904 stadio
812 878 930 911 equestri
950 878 1057 911 auriga,

262 921 298 948 ob
310 921 493 949 remissiorem
509 922 633 957 bigarum
646 930 757 950 cursum
771 924 902 951 variabile
911 929 936 952 et
950 924 1059 953 diiiicile

261 967 426 995 certaminis
450 968 592 995 exordium
617 968 766 996 ostendens
780 989 787 1002 ,
807 970 929 997 victoritr
949 971 1058 998 tandem

262 1014 405 1048 praemium
422 1014 584 1048 adipiscitur
600 1023 609 1047 ;
625 1014 661 1041 ita
673 1015 774 1050 ubique
794 1019 931 1043 terrarum
945 1016 1061 1045 diﬂ'usus

264 1063 424 1087 sanctorum
442 1060 544 1087 chorus
559 1060 724 1095 multiplices
739 1069 844 1096 pugnas
864 1061 930 1097 Regi
945 1063 1061 1090 saacnlo-

264 1113 326 1132 rum
341 1106 439 1133 oll‘erre
464 1107 584 1141 gestivit,
609 1107 821 1142 splendidiorem
842 1108 906 1135 inde
925 1109 1062 1144 accipiens

265 1152 398 1179 lnetarum
412 1151 855 1185 retributionem,etillustrioretn
870 1153 931 1180 inde
944 1154 1063 1182 educens

266 1197 356 1225 laudis
373 1201 502 1224 aeternam
527 1199 699 1230 memoriam,
713 1205 818 1226 memor
830 1199 970 1233 apostolici
988 1200 1063 1227 verbi

266 1242 404 1269 dicentis:
431 1241 614 1278 Unusquisque
639 1243 773 1278 propriam
790 1244 933 1271 mercedem
955 1246 1065 1280 accipiet

267 1288 411 1315 secundum
423 1289 558 1322 proprium
575 1288 691 1316 laborem
702 1289 723 1316 ³.
743 1290 904 1317 Attraltehat
917 1291 990 1318 enim
1005 1291 1066 1326 illos

269 1333 330 1368 ejus
346 1341 423 1361 amor
441 1334 487 1369 qui
503 1335 609 1369 primus
625 1342 674 1369 pro
691 1334 744 1362 illis
759 1342 857 1368 passus
870 1340 922 1367 est,
936 1340 963 1363 et
979 1344 1066 1366 eum.

267 1380 343 1416 plum
357 1380 433 1407 dedit
446 1380 500 1408 illis
515 1384 597 1408 tanta:
612 1380 640 1408 in
653 1381 782 1416 patiendo
792 1381 963 1416 fortitudinis
974 1391 985 1415 ',
997 1383 1068 1410 sicut

268 1427 368 1454 bamus
387 1427 413 1454 in
430 1427 515 1454 maris
532 1427 661 1462 abyssum
678 1427 769 1462 jactus
784 1448 791 1458 .
807 1428 909 1463 piscem
927 1433 1066 1456 natantem

270 1473 304 1500 ad
323 1473 467 1507 piscatoris
500 1481 598 1501 manus
630 1473 750 1501 adducit.
776 1474 839 1501 lude
857 1475 960 1509 majora
983 1477 1069 1503 secuti

272 1518 460 1554 inferiorath
480 1524 640 1554 spernentes
661 1527 710 1555 pro
732 1521 958 1555 corruptibilibus
979 1521 1067 1553 ineor-

1104 279 1147 305 ἀεὶ
1159 279 1208 314 ζῇν
1227 279 1255 305 ἐν
1270 280 1393 314 οὐρανοῖς
1409 277 1638 313 συνηθροισμένον
1651 278 1813 312 ἐκτήσαντο,
1831 279 1894 306 ἑαυ-

1102 326 1166 356 τοὺς
1189 326 1308 360 ὁρῶντες
1333 325 1380 351 καὶ
1407 323 1597 358 ἀγαλλόμενοι.
1612 324 1650 350 Οὐ
1671 324 1727 359 γὰρ
1744 322 1778 359 ἦν
1801 325 1894 357 αὐτοῖς

1104 373 1283 408 ἐπιθυμητδν,
1297 372 1328 399 τὸ
1346 371 1414 408 πρὸς
1429 372 1515 407 βραχῦ
1534 371 1744 407 μεμερισμένως
1757 371 1817 406 ζῇν,
1827 371 1895 399 ἀλλὰ

1105 418 1222 454 ποθητὺν
1239 418 1268 444 τὸ
1282 418 1324 444 ἀεὶ
1337 417 1515 452 συνηγμένως
1543 416 1603 452 ζῇν,
1629 416 1678 443 καὶ
1702 415 1748 442 τὸν
1761 416 1896 450 ζωοδότην

1104 466 1190 492 αίνείν
1202 472 1208 479 ’
1226 464 1288 491 ὅθεν
1301 464 1349 491 καὶ
1364 463 1395 490 τδ
1407 461 1504 490 παθεῖν
1518 462 1688 497 ὁριζόμενοι,
1701 462 1731 488 τδ
1750 462 1786 496 μὴ
1799 462 1896 488 παθεῖν

1105 511 1270 539 κινδυνεύειν
1297 510 1468 544 ἐλογίζοντο·
1500 509 1568 535 ἀλλὰ
1595 509 1644 535 καὶ
1676 508 1706 534 τδ
1735 507 1896 543 πραοτέρως

1105 558 1196 585 ἀθλεῖν
1224 556 1399 591 ὀδυνώμενοι,
1434 555 1465 582 ἰδ
1495 555 1682 591 σφοδροτέρως
1706 555 1822 590 πάσχειν
1847 555 1896 581 ἀνι

1108 604 1247 630 επαὶοντο.
1269 603 1312 629 Ἐν
1339 600 1380 633 οἷς
1410 602 1435 628 εί
1462 602 1510 628 καὶ
1527 601 1656 634 πολλάκις
1680 602 1734 628 τῶν
1758 602 1897 628 πολυθέων

1107 649 1195 676 ἀθέων
1207 649 1309 684 κριτῶν
1325 648 1399 675 ἔλεον
1413 648 1675 683 ἐπικαμπτομένων,
1689 647 1732 674 διὰ
1745 648 1793 682 τὴν
1804 647 1897 674 δελεα-

1108 696 1203 731 στικὴν
1219 696 1274 722 τῶν
1291 696 1377 729 ἁγίων
1396 694 1555 726 κατάθεσιν,
1582 694 1694 729 ὕϐρεσιν
1719 693 1852 728 ἀθέσμοις
1873 693 1899 719 οι

1107 740 1307 772 γενναιόόουλοι
1322 739 1434 772 τούτους
1445 739 1603 772 ἐξέπλυνον,
1620 737 1688 774 πρὸς
1700 737 1892 772 θυμικωτέριν

1108 787 1193 822 ὀργὴν
1217 787 1272 813 τῶν
1294 786 1432 813 κολάσεων
1447 785 1642 820 διεγείροντες·
1666 783 1710 810 ἵνα
1731 783 1775 810 διὰ
1789 783 1839 817 τῆς
1854 791 1899 809 πι-

1110 833 1246 868 κροτέρας
1271 833 1417 868 τιμωρίας,
1442 831 1647 867 μεγαλιωτέραν
1662 830 1710 865 τὴν
1728 829 1845 864 θεωρίαν
1859 837 1902 856 κο-

1112 879 1260 914 μίσωνται·
1276 879 1313 910 ὡς
1329 877 1384 906 οἷόν
1402 879 1461 905 ἐστι
1474 878 1566 912 λέγειν
1579 877 1610 904 τὸ
1623 877 1792 912 ὑπόδειγμα·
1809 877 1902 902 Καθά-

1111 934 1164 960 περ
1180 927 1208 952 ἐν
1224 925 1323 960 σταδίῳ
1338 924 1443 959 ίππικῷ
1455 924 1579 959 ἡνίοχος,
1592 924 1626 958 τῇ
1642 922 1831 958 βραχυδρομίᾳ
1846 922 1901 948 τῶν

1112 971 1279 1006 ὑποδιφρίων
1294 971 1396 1002 ἵππων,
1413 969 1613 1004 ποικιλότεχνόν
1622 976 1652 995 τε
1667 968 1716 995 καὶ
1733 967 1903 1003 πολύμοχθον

1111 1019 1161 1053 τὴν
1185 1017 1232 1044 τοῦ
1259 1016 1365 1051 ἀγῶνος
1379 1015 1585 1051 ἐνδεικνύμενος
1603 1015 1739 1045 ἔνστασιν,
1753 1014 1784 1041 τὸ
1800 1014 1849 1048 τῆς
1864 1013 1904 1040 νί-

1115 1072 1168 1097 κης
1186 1062 1311 1097 βραϐεῖον
1327 1062 1429 1088 ἑλεῖται
1439 1070 1445 1077 ·
1460 1061 1531 1088 οὕτω
1545 1061 1592 1087 καὶ
1609 1061 1623 1088 ὁ
1643 1060 1758 1087 καθόλου
1773 1059 1905 1094 κοσμικδς

1113 1109 1168 1136 τῶν
1180 1109 1264 1144 ἁγίων
1273 1109 1353 1144 χορδς
1366 1107 1533 1139 πολυάθ).ους
1547 1107 1610 1139 τοὺς
1624 1106 1733 1141 ἀγῶνας
1745 1106 1784 1142 τῷ
1799 1105 1906 1141 βααιλεῖ

1114 1156 1169 1182 τῶν
1183 1154 1289 1182 αίώνων
1304 1154 1470 1190 προσφέρειν
1495 1152 1668 1179 κατέσπευσε
1678 1160 1685 1167 ·
1710 1151 1907 1186 λαμπροτέραν

1115 1201 1220 1228 ἐκεῖθεν
1233 1200 1412 1235 ἐκδεχόμενος
1426 1199 1475 1235 τὴν
1489 1199 1544 1225 τῶν
1557 1198 1683 1225 ἐπάθλων
1699 1197 1846 1229 ἀντίδοσιν,
1859 1197 1908 1223 καὶ

1117 1247 1299 1282 φαιδροτέραν
1317 1246 1392 1272 ἔνθεν
1406 1246 1555 1280 ἀφιέμενος
1569 1244 1619 1278 τῆς
1636 1243 1774 1279 εὐφημίας
1788 1243 1837 1278 τὴν
1854 1243 1908 1270 ἀεί-

1119 1301 1233 1328 μνησιν·
1250 1292 1395 1327 ἐνούμενος
1424 1293 1482 1327 (εἰς)
1505 1291 1536 1318 τὺ
1560 1291 1740 1317 ἀποστολικδν
1764 1290 1855 1323 λόγιον
1877 1289 1908 1316 τὸ

1118 1339 1240 1373 φάσκον
1269 1337 1421 1370 ’Ἕκαστος
1450 1337 1504 1363 τὸν·
1538 1336 1617 1363 Ῑδιον
1642 1336 1754 1370 μισθὸν
1777 1334 1909 1368 λήψεται

1119 1385 1193 1411 κατὰ
1208 1385 1262 1410 τὸν
1274 1383 1352 1409 [dior
1361 1383 1468 1409 κόπον.
1483 1379 1565 1408 Εἷλκε
1576 1382 1630 1416 γὰρ
1644 1381 1741 1412 αὐτοὺς
1754 1381 1769 1406 ὁ
1783 1380 1830 1406 τοῦ
1842 1389 1910 1415 προ-

1120 1430 1254 1462 παθόντος
1262 1430 1333 1464 ὺπέρ
1347 1429 1438 1456 αὐτῶν
1449 1428 1542 1461 πόθος,
1556 1429 1603 1455 καὶ
1617 1427 1806 1459 ὑποδείξαντος
1819 1427 1911 1453 αὐτῶν

1120 1476 1155 1502 τὰ
1174 1475 1228 1502 τῶν
1253 1475 1349 1502 παθῶν
1364 1475 1579 1510 καρτερήματα·
1608 1472 1734 1507 καθάπερ
1761 1472 1910 1506 ἄγκιστρον

1123 1522 1201 1559 ῥιφέν
1224 1522 1252 1548 ἐν
1277 1521 1412 1556 θαλαττίῳ
1429 1520 1512 1556 βυθῷ,
1542 1520 1618 1555 ίχθὺν
1641 1519 1791 1554 νηχόμενον
1814 1518 1911 1554 χερσὶν

272 1567 425 1600 ruptionem
447 1565 698 1600 appreltendebant.
723 1565 783 1593 Non
804 1566 877 1593 enim
903 1567 1000 1601 patria,
1024 1573 1067 1596 aut

1122 1569 1220 1600 ἁλιέως
1235 1568 1394 1602 ἐφέλκεται·
1410 1567 1486 1594 ἔνθεν
1513 1566 1559 1593 καὶ
1572 1567 1604 1600 τῇ
1620 1565 1766 1600 ἀκολουθίᾳ.
1785 1564 1832 1591 ’τοῦ
1857 1563 1914 1599 μεί-

272 1611 511 1646 consanguinilas,
526 1617 573 1638 aut
587 1611 743 1639 divitiarum
758 1612 895 1646 opulentia
906 1633 914 1645 ,
930 1618 977 1640 aut
990 1622 1069 1641 exer-

272 1657 378 1684 cituum
394 1661 591 1689 numerus,aut
604 1657 684 1691 regiae
692 1657 834 1691 potestatis
849 1658 1004 1693 d‘ignitasin
1014 1669 1073 1688 me-

274 1703 361 1729 moria
368 1702 471 1729 sanctis
480 1707 586 1729 versata
598 1707 670 1730 erat:
679 1703 926 1738 aspiciebanleuim
937 1707 1066 1740 patriam,

274 1746 374 1774 cmlnm
389 1755 397 1779 ;
414 1747 650 1782 consanguineos,
666 1748 778 1782 angelos
792 1757 799 1782 ;
814 1755 841 1776 et
855 1751 1073 1784 magnitudinem

275 1792 575 1826 gandiiinenarrahilis,
586 1797 613 1820 ct
622 1798 719 1822 cantus
729 1793 797 1822 festa
806 1796 942 1829 agentium
956 1796 982 1824 in
995 1798 1075 1832 spiri-

276 1843 316 1872 tu,
326 1843 354 1866 et
365 1847 458 1866 vocem
472 1839 568 1866 lmlitim
578 1843 733 1872 canentem,
744 1844 771 1867 et
781 1840 933 1869 divinitatis
945 1841 1067 1871 delicias.

1126 1615 1202 1647 ζονος
1213 1614 1268 1641 τῶν
1288 1614 1407 1649 ἡττόνων
1422 1612 1692 1647 καταφρονήσαντες,
1705 1611 1765 1638 ἀντὶ
1784 1609 1913 1645 φθαρτῶν

1124 1659 1282 1695 ἀφθαρσίαν
1303 1658 1544 1693 κατημόἡτευσαν.
1573 1656 1672 1683 Οὐκέτι
1687 1656 1742 1692 γὰρ
1759 1656 1871 1691 Μτρὶς,
1894 1656 1912 1690 ἢ

1124 1707 1282 1741 συγγένεια,
1311 1707 1327 1742 ἢ
1351 1705 1467 1732 πλούτου
1487 1703 1635 1738 διαψίλεια.
1657 1703 1674 1738 ἢ
1700 1703 1914 1738 στρατευμάτων

1124 1751 1281 1787 ὑπεροχὴ,ῆ
1294 1750 1412 1786 ἀρχικῆς
1425 1748 1586 1779 δυναστείας
1600 1747 1739 1783 προκοπὴ,
1750 1747 1789 1778 είς
1803 1747 1915 1781 μνήμην

1123 1798 1180 1825 τῶν
1194 1797 1280 1832 ἁγίων
1298 1796 1412 1831 ἐφέρετο
1422 1803 1430 1812 ·
1446 1794 1602 1822 ἀπέὸλεπον
1614 1794 1669 1828 γὰρ
1687 1792 1812 1827 πατρίδα,
1833 1793 1916 1827 οὐρα-

1130 1844 1175 1870 νόν
1187 1852 1194 1860 ·
1213 1844 1366 1877 συγγενεῖς,
1387 1841 1537 1875 ἀγγέλους·
1555 1839 1620 1866 ἔνθα
1637 1838 1749 1874 μέγεθος
1766 1839 1854 1872 χαρᾶς
1867 1839 1915 1865 ἅν-

276 1887 438 1922 εκλαλήτου,
455 1887 502 1914 καὶ
513 1885 579 1923 ἦχος
593 1888 777 1923 ἑορταζόντων
800 1888 829 1915 ὲν
851 1888 996 1924 πνεύματι,
1028 1893 1076 1920 καὶ
1093 1892 1169 1928 φωνὴ
1185 1891 1373 1926 ἀγαλλιάσεως
1387 1889 1497 1925 ᾄδουσα,
1523 1887 1571 1914 καὶ
1593 1887 1764 1922 λαμπηδὸνες
1778 1887 1915 1921 θεότητος,

312 1933 346 1960 Ει
375 1934 468 1961 videre
490 1939 550 1961 erat
565 1933 675 1968 jndices
697 1933 768 1961 inter
782 1938 809 1962 et
826 1934 974 1969 judicatos,
999 1937 1076 1964 dant-

277 1984 388 2008 natores
414 1979 484 2006 inter
504 1984 531 2006 ct
555 1979 708 2012 damnatos,
725 1980 877 2015 prodigium
894 1981 1035 2009 insolitum
1047 1986 1076 2010 et

278 2025 413 2061 stupenda
437 2025 584 2053 admodum
606 2033 664 2059 res;
678 2033 740 2053 cum
759 2025 798 2053 illi
814 2027 923 2061 quidem
948 2027 988 2055 ira
1013 2037 1076 2064 per-

279 2072 345 2100 moti
364 2075 391 2098 οι
403 2071 482 2106 quasi
503 2071 577 2098 irrisi
592 2071 689 2099 acerbe
703 2072 880 2106 castigantes,
892 2072 919 2100 lti
936 2081 1000 2100 vero
1016 2075 1076 2101 ani-

280 2126 325 2145 tuo
339 2118 410 2145 elato
423 2117 508 2144 variis
523 2117 665 2152 suppliciis
683 2118 770 2145 lretari
787 2118 986 2148 invenirentur.
1007 2120 1075 2148 Nam

280 2170 344 2197 pars
365 2163 540 2197 praemiorum
566 2162 593 2188 in
612 2162 722 2189 aeternis
739 2163 849 2191 saeculis
864 2164 988 2199 utrisque
1014 2165 1077 2192 data

281 2209 353 2240 iuit.
379 2209 532 2236 secundum
558 2216 715 2236 mensuram
744 2209 834 2242 illius,
861 2210 906 2244 qui
929 2210 1079 2246 unicuique

279 2255 359 2290 juxta
383 2255 594 2282 testitnationem
614 2255 726 2290 prandia
743 2255 858 2290 largitur
875 2255 1018 2290 Christus;
1035 2257 1078 2285 his

281 2302 393 2336 qttident
406 2302 543 2336 patientiae
557 2302 681 2329 levamen
699 2307 760 2337 post
775 2303 974 2338 suppliciorum
987 2304 1079 2332 illato-

283 2355 345 2375 rum
364 2347 570 2379 suﬂ‘ercntiam;
590 2348 644 2375 illis
661 2353 753 2375 autem
773 2348 897 2376 incussio
912 2350 1076 2377 accrbarum

285 2400 428 2428 pmnarum
451 2393 477 2419 in
501 2393 552 2419 hos
570 2393 616 2427 qui
643 2394 800 2422 crudelibus
818 2394 906 2429 pmnis
921 2395 1081 2427 aﬂ‘ecerunt,

284 2439 395 2467 incndis
411 2439 498 2466 instar
515 2447 652 2474 percussa:
668 2445 694 2467 et
706 2440 867 2474 castigantis
881 2448 930 2469 eos
947 2441 993 2476 qui
1007 2440 1081 2468 illam

285 2490 489 2521 percusserant.
510 2485 654 2518 Quomodo
681 2487 755 2513 enim
783 2487 860 2515 incus
881 2494 1021 2522 percussa.
1034 2494 1082 2514 ne-

286 2539 340 2566 qtte
356 2531 491 2557 maculam
517 2539 604 2565 neque
623 2539 717 2566 rugam
732 2532 889 2564 admittens,
907 2532 1081 2559 cruciatuum

287 2579 396 2606 dolores
411 2577 524 2604 remittit
539 2576 597 2604 suis
614 2577 824 2611 percussoribus
835 2585 882 2612 per
895 2577 1081 2604 membrorum

288 2622 501 2651 contritionetn?
520 2621 592 2656 quod
609 2622 635 2648 in
655 2622 740 2656 lignra
762 2622 814 2648 dici
831 2627 921 2656 potest
947 2629 993 2656 per
1006 2629 1083 2649 com-

290 2669 470 2703 parationem.
491 2666 557 2694 Nam
577 2667 661 2702 aliqui
688 2668 836 2694 celebrium
866 2672 1017 2703 martyrum
1035 2674 1083 2702 per

291 2715 382 2749 ignem
408 2721 505 2748 pugna:
535 2721 649 2741 cursum
678 2714 865 2748 perlicientes,
892 2714 918 2740 in
945 2714 1082 2740 caminum

294 2759 469 2787 vehementer
501 2759 641 2786 ardentem
679 2759 857 2793 prmcipitati.
883 2760 999 2786 choreas
1021 2767 1084 2785 cum

294 2807 396 2841 angelis
418 2806 568 2839 jubllantes
590 2806 703 2833 canticis
724 2805 912 2840 spiritualibns
937 2805 1085 2840 agmiothe-

334 2894 441 2922 alCor.
460 2896 542 2924 “1.5.

1167 1937 1220 1964 Καὶ
1247 1934 1281 1971 ἦν
1316 1935 1383 1970 ὁρᾷν
1418 1934 1501 1968 μέσον
1538 1932 1640 1968 κριτῶν
1664 1933 1711 1959 καὶ
1738 1933 1916 1968 κρινομένων,

1131 1983 1231 2018 μᾶλλον
1245 1982 1273 2008 δὲ
1290 1980 1459 2012 κολαζόντων
1486 1979 1535 2005 καὶ
1550 1978 1752 2013 κολαζομένων,
1766 1977 1859 2013 θαῦμα
1873 1978 1918 2011 ἐξ-

1131 2028 1218 2055 αίσιον
1230 2027 1277 2053 καὶ
1291 2025 1394 2061 θάμϐος
1412 2023 1579 2060 ὑπέρτερον·
1603 2023 1659 2049 τῶν
1675 2023 1725 2058 μὲν
1739 2023 1920 2058 θυμουμένων

1131 2073 1178 2100 καὶ
1195 2073 1233 2104 ὡς
1258 2071 1444 2106 παιζομένων,
1471 2069 1578 2103 πικρῶς
1603 2068 1806 2104 τιμωρούντων,
1823 2068 1877 2094 τῶν
1890 2068 1919 2094 δὲ

1130 2117 1364 2154 προθυμουμένων
1381 2116 1430 2143 καὶ
1451 2117 1511 2147 ταῖς
1527 2115 1663 2146 ποικίλαις
1679 2115 1825 2150 τιμωρίαις
1840 2116 1920 2140 ἐπεν-

1130 2166 1238 2201 τρυφᾷν
1253 2163 1452 2199 εὐρυνομένων.
1465 2161 1553 2197 Μερίς
1565 2161 1619 2196 γὰρ
1632 2161 1720 2188 ἄθλων
1731 2162 1760 2187 ἐν
1775 2162 1830 2192 τοῖς
1840 2161 1920 2187 aiebat

1132 2213 1188 2243 τοῖς
1201 2210 1366 2246 ἀμφοτέροις
1378 2209 1478 2236 ἐδίδοτο
1489 2228 1498 2238 .
1513 2208 1584 2235 κατὰ
1595 2208 1626 2234 τὸ
1642 2208 1741 2242 μέτρον
1755 2207 1802 2233 τοῦ
1817 2208 1921 2241 ἀγωνο-

1131 2257 1271 2288 θετοῦντος
1282 2257 1322 2282 ἐν).
1333 2256 1441 2290 ἑκάστῳ
1455 2255 1518 2286 τοὺς
1541 2254 1640 2285 ἄθλους
1666 2253 1735 2288 πρὸς
1760 2252 1921 2287 δοκιμασίαν

1130 2302 1250 2339 Χριστοῦ
1263 2310 1270 2316 ·
1299 2299 1339 2333 οἷς
1363 2302 1411 2337 μὲν
1433 2300 1572 2335 ὑπομονῆς
1588 2299 1744 2334 στερέωμα,
1761 2298 1830 2333 πρὸς
1856 2298 1922 2324 tim-

1131 2349 1212 2385 δοχὴν
1227 2348 1282 2376 τῶν
1293 2347 1504 2382 ἐπιφερομένων
1517 2345 1656 2372 κολάσεων
1667 2353 1674 2360 ⁸
1693 2343 1732 2376 οἷς
1743 2345 1771 2371 δὲ
1788 2345 1835 2370 καὶ
1848 2345 1922 2370 ἀντι⁴

1133 2394 1230 2430 πομπὴ
1256 2394 1311 2421 τῶν
1335 2392 1474 2428 ὀδυνηρῶν
1498 2392 1624 2427 βασὰνων
1646 2391 1694 2418 ἐπὶ
1716 2392 1779 2422 τοὺς
1804 2390 1922 2424 ἀφειδῶς

1136 2440 1340 2477 βασανίζοντας,
1358 2440 1436 2474 δίκην
1449 2440 1577 2474 ἄκμωνος
1588 2437 1771 2472 τυπτομένου,
1796 2438 1844 2463 καὶ
1859 2445 1924 2463 παι-

1133 2487 1259 2518 δεύοντος
1290 2487 1352 2517 τοὺς
1381 2485 1462 2513 αὐτὸν
1495 2484 1729 2515 κατατύπτοντας.
1768 2483 1830 2514 Πῶς
1869 2482 1924 2517 γὰρ

1134 2532 1232 2566 ἄκμων
1245 2532 1424 2565 τυπτόμενος,
1451 2531 1519 2564 μήτε
1541 2530 1634 2555 σπῖλον
1651 2530 1720 2564 μήτε
1749 2528 1843 2563 ῥυτίδα
1858 2528 1925 2554 ὐπο-

1137 2578 1234 2612 μένων,
1248 2577 1297 2608 τὰς
1317 2576 1371 2602 τῶν
1391 2575 1546 2610 ἀλγηδόνων
1566 2574 1662 2605 ὀδύνας
1686 2573 1854 2608 ἀντιπέμπει
1869 2573 1926 2603 τοῖς

1136 2621 1270 2647 τύπτουσι
1289 2620 1334 2647 διὰ
1358 2620 1409 2654 τῆς
1432 2619 1488 2646 τῶν
1513 2619 1602 2654 μελῶν
1619 2619 1760 2651 κλάσεως;
1774 2618 1864 2652 Ὅπερ
1879 2617 1926 2643 καὶ

1140 2666 1353 2702 σχηματολογεῖν
1367 2666 1436 2701 πρὸς
1450 2665 1663 2700 ἀντιπαράθεσιν
1675 2664 1759 2697 ἀξιον.
1779 2663 1857 2695 Τινὲς
1873 2663 1924 2698 γὰρ

1138 2712 1193 2739 τῶν
1210 2712 1412 2747 μεγαλοφώνων
1433 2711 1593 2746 μαρτύρων,
1609 2712 1654 2738 τὸν
1668 2710 1713 2737 διὰ
1728 2710 1813 2744 πυρὸς
1826 2710 1925 2744 δρόμον

1138 2758 1317 2790 ἀγωνιστικὸν
1330 2757 1482 2788 τελοῦντες,
1502 2757 1542 2788 είς
1562 2756 1676 2791 κάμινον
1701 2756 1809 2792 λαύρως
1826 2756 1927 2781 ἐκχαυ-

1139 2804 1232 2830 θείταν
1250 2803 1404 2839 βληθέντες,
1433 2803 1541 2839 χορείας
1562 2803 1620 2837 μετ’
1635 2802 1760 2837 ἀγγέλων
1774 2801 1926 2837 κροτήσαν-
