2083 3155
230 173 287 206 853

228 238 274 260 τες
292 229 397 264 ᾄσμασι
418 226 612 261 πνευματικοῖς
628 225 673 252 τὸν
686 225 858 260 ἀγωνοθέτην
871 224 1014 258 ἐδόξαζον·
1031 229 1054 256 Λ

229 274 277 302 καὶ
290 274 324 308 τῇ
347 272 446 308 aliing
468 272 517 307 τῆς
532 270 680 306 ὑπερορίου
701 270 801 305 φλογὸς
817 270 1018 306 δροσιζόμενοι,

229 320 276 352 τὰς
291 319 442 350 καυστικᾶς
468 317 608 354 ἐνεργείας
633 319 690 348 τοῖς
714 317 929 351 ὲξυπηρετοῦσιν
954 317 1020 343 ἀντ-

202 388 208 393 .
229 366 370 402 ἐπεμπον·
388 364 479 396 καθὼς
494 364 552 391 ἐστι
572 364 679 398 λέγειν·
699 365 751 390 Ἑν
767 363 828 396 τοῖς
846 362 945 397 ἔργοις
959 361 1020 389 τῶν

201 429 205 447 ξ
228 411 337 447 χειρῶν
347 411 440 438 αὑτοῦ
454 409 634 444 συνελήφθη
651 411 667 436 ὁ
681 409 866 444 ἁμαρτωλός.
887 408 978 435 ’Δλλοι
991 408 1018 434 δὲ

229 458 257 483 ἐν
287 456 386 492 σταδίῳ
412 457 575 492 κυνηγεσίου
599 456 668 492 πρὸς
696 455 779 490 βορὰν
796 455 898 490 θηρίων
916 464 1021 490 σπαρα-

229 503 350 539 χθέντες,
366 504 412 529 τὸν
429 503 509 537 φόόον
532 502 581 537 τῆς
608 502 839 538 προσδοκωμένης
864 501 1019 537 θηριοὸρω-

231 550 291 580 σίας
306 549 362 575 ἀντ’
378 549 483 580 οὐδενὸς
506 548 685 584 ἡγησάμενοι,
714 548 853 584 ἀτάραχον
882 548 927 573 τὸν
944 547 1020 581 λογι-

230 596 298 630 σμὸν
310 596 416 626 ἑαυτοῖς
432 595 597 630 κατήρτιζον
608 603 615 610 ·
631 595 741 628 ’ἐτοιμον
757 594 786 621 τὸ
799 594 895 621 παθεῖν
919 593 963 620 διὰ
988 594 1019 620 τὸ

228 643 278 678 ζῇν
293 643 352 678 μετ’
368 643 545 678 εὐχαριστίας
561 642 778 678 προϐαλλόμενοι
789 651 796 658 ·
813 642 838 668 οί
853 642 881 668 δὲ
893 641 1020 677 βλοσυροὶ

227 688 276 714 καλ⁵
297 687 437 715 ὰτίθασσοι
465 688 592 721 λυθέντες
618 689 715 724 θῆρες,
739 689 804 720 τοὺς
839 687 1020 723 κρινομένους

227 734 357 766 πολλάκις
373 735 514 767 ἐάσαντες,
539 736 585 762 καὶ
612 735 681 770 πρὸς
694 736 756 767 τοὺς
770 734 867 770 κριτὰς
882 733 1019 769 δρομαίως

227 781 414 815 χωρήσαντες,
428 782 483 812 τοῖς
495 771 584 807 ὀδοίῗσσι
599 782 787 816 σπαράγματα
800 781 856 811 τοῖς
871 778 1020 813 θεωμένοις

227 826 365 852 ἐδείκνυον
376 834 382 840 ·
395 826 432 857 ὡς
450 826 576 853 ἐντεῦθεν
588 826 720 862 καθολικῇ
736 825 881 862 συμφωνίᾳ
901 823 1020 859 μεγαλύ-

227 871 320 898 νεσθαι
333 872 378 898 τὸν
390 872 587 907 Θεόν.”Εώρων
601 873 656 907 γὰρ
669 873 731 904 τοὺς
746 872 832 906 Θῆρας
845 869 1019 903 ἐξουθενοῦν-

226 925 276 949 τας
303 917 398 949 θεούς·
425 919 474 945 καὶ
499 917 532 954 ἦν
565 919 667 945 ἰδέσθαι
695 916 928 953 ἀντιπεριπλοκὴν
962 915 1017 942 τῶν

226 964 422 998 πραττομένων
435 965 594 1000 παράδοξον,
606 964 703 999 κριτὰς
717 964 861 999 κρίνοντας
877 963 924 989 καὶ
940 961 1017 988 κολα-

226 1009 356 1045 ζομένους
368 1031 375 1042 ,
392 1011 447 1038 τῶν
462 1011 600 1038 κολάσεων
625 1010 836 1045 ἀνακτωμένους
847 1017 854 1024 ·
880 1009 950 1042 ὅπερ
970 1008 1018 1034 καὶ

226 1057 295 1091 πρὸς
311 1057 396 1092 ὕμνον
421 1058 605 1093 μεγαλαυχεῖν
631 1057 717 1090 ἄξιον.
733 1057 765 1083 Ὢ
780 1056 922 1091 δυνάμεως
943 1054 1013 1089 ὑπὲρ

1035 903 1056 930 Β

743 168 947 200 ENCOMIUM
963 168 1005 199 IN
1024 168 1154 199 OMNES
1174 166 1349 199 SANCTOS.

1811 169 1864 202 854

1069 229 1126 252 tam
1153 225 1348 252 collattdabant
1365 230 1392 252 et
1414 225 1507 253 cinere
1527 225 1631 253 externi
1647 225 1718 260 ignis
1747 228 1863 262 aspersi,

1070 276 1195 299 urentem
1210 271 1266 299 vim
1282 271 1343 306 ejus
1359 271 1494 300 ministris
1514 271 1706 306 remittebant;
1725 271 1797 300 sicut
1810 272 1866 300 dici

1070 322 1160 352 potest
1174 326 1181 344 :
1197 316 1230 344 In
1251 317 1372 352 operibus
1387 325 1513 344 manuum
1532 317 1589 352 ejus
1614 317 1814 351 comprehensus
1827 322 1866 345 ut

1070 363 1222 398 peccatar‘.
1253 363 1303 390 Alii
1322 368 1413 390 autem
1435 363 1462 391 in
1490 363 1578 391 stadio
1601 363 1726 391 venatico
1747 370 1796 399 per
1821 371 1866 390 ra-

1071 409 1143 437 biem
1156 408 1275 436 ferarum
1291 408 1414 441 lacerati,
1427 415 1530 436 metum
1541 408 1607 436 I‘cris
1622 416 1715 436 escam
1726 409 1866 445 praebendi

1071 462 1121 490 pro
1136 454 1222 482 nihilo
1238 459 1407 488 reputantes,
1421 454 1527 482 ﬁrmam
1546 455 1598 482 sibi
1615 454 1734 482 animam
1752 461 1866 490 compo-

1071 501 1181 534 nebant.
1197 502 1230 529 ad
1253 501 1412 537 patiendum
1437 507 1559 535 paratam
1574 509 1636 529 cum
1660 501 1809 536 gratiarum
1821 507 1868 528 ac-

1072 547 1145 574 tione
1167 552 1198 574 ut
1214 547 1296 574 vitam
1323 547 1490 582 attingerent
1506 550 1692 581 exponentes;
1709 545 1758 573 sed
1776 545 1868 573 horri-

1072 592 1140 619 biles
1170 596 1196 619 et
1222 599 1414 619 mansuescere
1449 591 1549 618 nescie
1576 591 1640 618 fera:
1669 590 1868 618 condemnatos

1071 646 1142 674 szepc
1156 638 1322 674 linquentes,
1334 644 1362 666 et
1372 638 1399 665 iu
1408 637 1516 673 judiccs
1528 638 1705 665 vehementer
1718 637 1866 670 irruentes,

1071 685 1198 712 dentibus
1210 685 1325 712 lacerata
1340 685 1463 712 membra
1478 684 1644 711 mirantibus
1667 683 1866 716 ostendebant;

1071 731 1107 757 ita
1122 736 1153 758 ut
1166 730 1229 758 inde
1244 731 1392 758 universali
1410 736 1546 758 concentu
1569 729 1655 758 Deum
1672 729 1864 765 magnillceut,

1071 776 1199 803 videbant
1211 776 1284 802 enim
1300 784 1315 803 a
1332 776 1398 803 ieris
1410 775 1478 811 ipsis
1488 775 1554 803 deos
1569 775 1720 803 contemni.
1731 773 1763 801 Et
1774 773 1867 802 videre

1070 828 1129 849 erat
1145 822 1298 849 mirandam
1316 826 1343 849 et
1359 821 1506 856 ancipitetn
1531 829 1624 849 rerum
1641 821 1864 852 conversionem,

1069 867 1176 902 judices
1192 867 1347 902 iudicantes
1362 871 1388 894 et
1406 867 1603 894 condemnatos
1620 866 1742 894 vicissim
1763 865 1866 901 suppli-

1071 913 1121 940 ciis
1140 912 1231 945 allici;
1257 912 1329 948 quod
1357 919 1405 947 per
1430 913 1569 939 canticum
1595 911 1717 939 exaltare
1741 911 1828 938 decet.
1845 910 1867 936 0

1071 960 1181 986 virtutis
1193 967 1275 994 supra
1284 959 1412 986 virtutem
1421 958 1581 986 exsistentis
1592 958 1718 993 potentiae
1726 956 1847 992 prodigia
1858 957 1866 983 ι

1072 1005 1094 1033 0
1111 1006 1290 1041 providentia:
1311 1012 1393 1040 super
1418 1010 1536 1032 mentem
1564 1003 1746 1040 prmridentis,
1762 1010 1868 1038 magnae

1070 1052 1170 1080 mentis
1191 1053 1225 1079 ad
1243 1052 1387 1079 utilitatem
1409 1051 1507 1078 collata
1520 1051 1609 1078 dona!

225 1105 341 1138 δύναμιν
381 1103 498 1139 ἐχούσης
528 1104 562 1131 τὰ
588 1104 638 1139 τῆς
666 1103 827 1135 δυναστείας
862 1101 1004 1137 θαύματαί
1019 1099 1043 1126 ὣ
1061 1099 1191 1136 προνοίας
1210 1099 1280 1136 ὑπὲρ
1301 1099 1406 1126 ἔννοιαν
1421 1097 1624 1133 προ-νοουμένης
1636 1096 1670 1124 τὰ
1684 1097 1733 1132 τῆς
1750 1095 1867 1131 μεγαλο-

226 1150 301 1182 νοίας
313 1150 381 1186 πρὸς
398 1151 429 1177 τὸ
440 1150 580 1186 συμφέρον
593 1151 743 1186 δωρήματα
756 1150 763 1175 l

260 1198 318 1226 Καὶ
347 1195 419 1224 οὗτοι
436 1197 485 1231 μὲν
498 1196 584 1228 οὕτως
602 1195 803 1232 προαιρετικῶς
825 1193 1015 1224 κολασθέντες,

226 1243 411 1280 ἑνεργητικῶς
425 1242 453 1268 δὲ
471 1241 657 1274 ἁθωωθέντες,
670 1241 824 1276 αὐτόματον
845 1240 894 1275 τῆς
919 1240 1017 1274 κοιμή-

227 1297 295 1320 σεως
309 1288 433 1320 ἐδέξαντο
446 1290 494 1323 τὴν
511 1287 662 1314 τελείωσιν·
687 1287 778 1321 ἕτεροι
799 1286 828 1312 δὲ
858 1286 909 1320 οὐχ
924 1284 996 1311 οὕτω
1007 1292 1014 1299 ·

227 1334 435 1369 προειρήκαμεν
452 1333 517 1368 γὰρ,
533 1332 682 1367 ἀγαπητοὶ,
708 1331 779 1358 κατὰ
803 1331 834 1357 τὸ
851 1331 950 1365 μέτρον
968 1328 1016 1356 τοῦ

226 1379 459 1414 ἀγωνοθετοῦντος
473 1380 536 1410 τοὺς
548 1379 646 1410 ἄθλους
660 1377 728 1413 πρὸς
743 1377 773 1404 τὸ
785 1377 927 1412 συμφέρων
949 1376 1017 1410 Χρι-

228 1424 303 1451 στοῦ.
323 1424 403 1450 Ἀλλᾶ
431 1423 506 1455 πῶςς
530 1423 715 1458 Ἐμπαιγμῶν
738 1422 785 1449 καὶ
813 1422 952 1457 μαστίγων
970 1421 1018 1447 καὶ

227 1471 350 1506 φυλακῆς
368 1471 466 1505 πεῖραν
480 1470 593 1496 ελαῦον⁸
610 1470 683 1497 ἄλλοι
706 1469 734 1495 δὲ
753 1468 939 1499 λιθαςθέντες,
955 1475 1019 1502 πρι-

227 1516 350 1548 σθέντες,
367 1516 529 1550 σφαγέντες.
546 1515 596 1550 τὴν
613 1514 741 1542 ἐντεῦθεν
767 1514 914 1541 κατέλιπον
933 1514 1018 1549 πρόσ-

227 1572 325 1599 καιρον
337 1563 440 1599 φθοράν
452 1571 459 1579 '
475 1563 522 1589 καὶ
534 1563 566 1589 οὐ
581 1562 647 1597 πῦρ,
675 1562 705 1588 οὐ
732 1561 818 1596 ξίφος,
836 1561 865 1588 οὐ
879 1561 960 1588 λίθων
978 1560 1019 1595 βο-

225 1611 284 1644 λαὶ,
297 1611 328 1637 οὺ
341 1610 465 1645 λέϐητες,
490 1610 520 1636 οὐ
537 1609 683 1644 ξυστῆρες,
702 1609 736 1635 οὑ-
750 1607 1014 1643 στραγγαλιστῆρες,
1030 1605 1051 1633 C

226 1657 277 1683 οὐκ
293 1655 361 1690 ἄλλη
377 1665 418 1687 τις
432 1655 549 1690 camps
569 1655 624 1682 τῶν
641 1654 779 1681 κολάσεων
803 1653 935 1689 τιμωρία,
956 1653 1020 1684 τοὺς

227 1701 409 1737 καρτερικοὺς
421 1701 530 1735 ἀγῶνας
539 1700 593 1727 τῶν
606 1700 737 1735 γενναίων
751 1700 837 1734 ἁγίων
848 1698 1018 1733 διέπρεψεν*

227 1748 286 1774 ἀλλ’
303 1749 332 1774 ἐν
349 1747 455 1779 τούτοις
470 1747 552 1773 πᾶσιν
567 1747 812 1782 ὑπερνικήσαντες,
829 1746 878 1772 καὶ
891 1746 937 1772 τὸν
950 1745 1020 1779 ἁγα-

229 1795 355 1829 πήσαντα
372 1794 495 1829 σφοδρῶς
511 1794 723 1829 ἀγαπήσαντες,
737 1794 885 1820 κατέλιπον
897 1794 964 1828 ἡμῖν
987 1792 1020 1819 τὰ

229 1841 409 1868 θεοσύλλεκτα
425 1841 550 1876 λείψανα.
566 1841 621 1867 Καὶ
634 1840 693 1872 πῶς
705 1840 903 1873 θεοσύλλεκτα;
920 1838 1020 1866 Μάιθω-

230 1896 295 1922 μεν,
310 1888 460 1923 ἀγαπητοί.
476 1887 564 1914 Ίίνῶν
587 1887 642 1922 γὰρ
660 1887 745 1921 ἁγίων
760 1886 830 1921 ξίφει
844 1886 1019 1921 ἀποτμηθέν-

227 1943 293 1965 των.
309 1934 344 1961 τὰ
361 1934 476 1968 σώματα
492 1934 530 1965 ὡς
552 1933 726 1968 βδελύγματα
740 1935 795 1965 τοῖς
807 1932 896 1963 ἀθέοις
913 1933 1020 1967 κριταῖς

228 1982 268 2013 εἰς
280 1980 437 2016 θηριοήθεις
450 1980 560 2011 τόπους,
579 1979 622 2006 ἐπ’
638 1980 754 2014 ἐδάφους
767 1979 891 2015 ῥιφέντα,
908 1978 965 2005 σῶα
977 1978 1019 2004 δι-

228 2027 420 2063 ε-ςυλάχθησαν
429 2034 436 2042 ο
450 2027 498 2053 καὶ
509 2027 540 2053 οὐ
553 2026 647 2061 θῆρες,
661 2026 711 2052 οὐκ
735 2025 799 2052 ἄλλο
810 2034 836 2052 τι
848 2025 903 2053 τῶν
919 2033 1020 2060 σαρκο-

229 2075 345 2108 ερωτεῖν
356 2073 490 2100 εἰωθότων
504 2072 593 2105 ζώων,
607 2071 711 2099 τούτων
727 2071 886 2106 ἐφάψασθαι
897 2070 1017 2105 ἴσχυσεν·

228 2120 286 2147 ἀλλ’
297 2120 367 2154 ὅπερ
381 2119 410 2151 ἐξ
423 2119 500 2150 ἔθους
514 2116 545 2145 τὸ
558 2118 674 2153 τρώγειν
689 2115 762 2153 εἶχον
775 2117 1018 2152 περισπούδαστον,

228 2167 308 2193 τοῦτο
321 2166 396 2201 παρὰ
412 2165 494 2200 φύσιν
511 2165 652 2197 ἐάσαντες,
673 2164 702 2190 τὸ
722 2164 856 2199 ἀσύνηθες
883 2162 942 2194 ἔθος
970 2163 1021 2197 τῆς

229 2211 433 2248 παραφυλακῆς
444 2211 499 2237 τῶν
513 2210 649 2245 σωμάτων
662 2209 815 2235 ἐδείκνυντο
826 2208 886 2235 -καὶ
899 2208 1020 2241 γίνονται

231 2259 257 2286 οι
282 2258 377 2294 πρώην
393 2257 588 2293 βροτοφθόροι,
607 2257 703 2283 ἔπειτα
720 2255 962 2290 σωματοφύλακες.
982 2254 1019 2279 Οὖ

232 2305 286 2339 γὰρ
300 2302 370 2340 ἦσαν
381 2304 459 2330 κοινὰ
471 2303 506 2330 τὰ
522 2303 637 2338 σώματα
654 2302 722 2338 πρὸς
735 2301 934 2337 θηριοϐρωσίαν
945 2301 1020 2332 ἄξια,

231 2350 289 2377 ἀλλ’
310 2350 428 2376 ἐκλεκτὰ
443 2350 482 2380 εἰς
498 2349 658 2383 εὐεργεσίαν
674 2348 796 2381 ἐξαίσια·
825 2348 894 2382 ὅπερ
908 2347 975 2373 πολὺ
991 2347 1022 2373 τὺ

231 2397 361 2431 διάφορον
390 2397 447 2427 τοῖς
471 2395 600 2429 ἀσφαλῶς
629 2394 816 2429 ἀκροωμένοις
843 2393 1021 2428 συνέστηκεν.

234 2443 310 2470 Ἐσθ“
325 2443 369 2470 ὅτε
385 2442 439 2477 γάρ
454 2450 516 2468 τινα
534 2440 647 2476 σώματα
665 2441 734 2475 μετὰ
749 2440 802 2467 τῶν
815 2440 950 2467 ἐκλεκτῶν
964 2439 1023 2474 ἅμα

233 2488 356 2524 ῥιφέντα,
387 2488 422 2514 τὰ
443 2487 493 2522 μὲν
515 2487 594 2520 ἀσινῆ
624 2485 834 2521 διετηρήθησανς,
855 2486 889 2512 τὰ
913 2485 941 2511 δὲ
959 2493 1023 2511 κατ-

233 2533 423 2570 εμειὼθησαν·
457 2533 544 2560 ἄλλων
577 2531 606 2558 δὲ
635 2531 720 2564 ἁγίων
747 2530 924 2566 μαρτυρικῶς
953 2530 1020 2564 πυρὶ

233 2580 401 2611 καυθέντων,
425 2579 439 2605 ὁ
461 2577 524 2613 χοῦς
536 2578 629 2613 ὥσπερ
642 2577 699 2611 φῶς
712 2578 768 2608 τοῖς
784 2576 888 2608 πιστῶς
901 2577 1021 2612 ἀρυομέ-

233 2633 290 2656 νοις
301 2624 464 2660 ὲξέλαμπεν’
482 2624 584 2658 ἑτέρων
609 2623 638 2649 δὲ
654 2622 735 2648 πάλιν
762 2622 950 2656 καταμεληδὸν
964 2621 1022 2648 δια-

233 2670 405 2706 τμηθέντων,
424 2671 469 2696 καὶ
483 2670 518 2695 τὰ
531 2669 598 2696 ὀστᾶ
608 2670 710 2695 τούτων
727 2668 763 2700 ὡς
785 2668 888 2703 μισητὰ
907 2669 964 2698 τοῖς
976 2676 1023 2693 κο-

235 2717 363 2748 λάζουσιν
379 2718 408 2742 ἐν
421 2717 555 2750 ποταμοῖς
569 2716 697 2750 ῥιφέντα,
714 2715 744 2740 οὐ
759 2714 799 2749 τῷ
815 2714 921 2749 φυσικῷ
935 2714 1022 2750 βαρή-

237 2771 302 2798 ματι
323 2762 392 2797 πρὶς
416 2762 447 2788 τὸ
477 2762 634 2796 κατωφερὲς
655 2760 701 2787 τοῦ
733 2760 832 2795 βάθους
857 2760 1023 2795 συνήρχοντο

235 2809 362 2845 βόλισμα,
381 2808 450 2834 ἀλλὰ
463 2810 495 2843 τῇ
514 2809 636 2843 ἁνωτέρςι
657 2808 718 2842 ὕψει
738 2807 792 2834 τῶν
815 2806 919 2833 ὑδάτων
942 2806 1021 2841 δίκην

267 2898 276 2914 ⁸
292 2898 364 2926 ιιωι.
380 2905 417 2929 tx,
437 2897 478 2925 l7.

1104 1189 1138 1217 Et
1153 1188 1181 1216 hi
1194 1188 1304 1224 quidem
1317 1188 1357 1216 sic
1378 1187 1531 1215 voluntarie
1548 1185 1681 1219 damnati,
1704 1186 1751 1214 sed
1775 1186 1867 1215 efﬁca-

1068 1235 1136 1262 citer
1151 1234 1282 1267 absoluti,
1299 1238 1478 1269 spontaneum
1505 1233 1682 1260 dormitiouis
1699 1238 1866 1268 acceperunt

1067 1279 1208 1314 requiem;
1235 1279 1281 1307 alii
1300 1287 1364 1306 tero
1383 1286 1438 1306 non
1467 1279 1519 1306 sic.
1535 1278 1660 1306 Diximus
1682 1279 1756 1306 enim
1773 1284 1864 1311 antea,

1066 1325 1288 1358 dilectissimi,de
1303 1333 1430 1353 mensura
1440 1325 1523 1357 illitts,
1538 1325 1583 1360 qui
1597 1325 1705 1360 praemia
1715 1325 1865 1352 secundum

1068 1373 1212 1400 utilitatem
1226 1373 1360 1407 cujusque
1373 1371 1487 1407 largitur
1503 1371 1641 1400 Christus.
1658 1371 1802 1405 Quomodo
1818 1380 1868 1399 ειυς

1069 1423 1122 1446 tem
1148 1418 1239 1446 istud?
1264 1418 1436 1451 irrisionum,
1471 1416 1659 1452 ﬂagellorum,
1684 1422 1712 1445 et
1734 1417 1867 1445 custodite

1070 1464 1259 1500 probationcnt
1275 1468 1454 1498 receperunt;
1480 1464 1524 1490 alii
1541 1471 1604 1490 \‘ero
1620 1463 1741 1498 lapidati,
1757 1464 1867 1496 resecti,

1072 1512 1147 1543 cmsi,
1163 1510 1342 1545 temporalem
1356 1510 1525 1544 reliquerunt
1540 1510 1744 1545 corruptionem
1756 1518 1763 1542 ;
1774 1514 1801 1537 et
1818 1517 1868 1537 ne-

1072 1566 1126 1593 que
1152 1558 1233 1593 ignis,
1252 1565 1341 1592 neque
1356 1557 1474 1593 gladius,
1503 1563 1592 1592 neque
1617 1555 1739 1592 lapidum
1765 1555 1867 1591 jactus,

1069 1612 1158 1640 neque
1171 1605 1282 1636 lebetes,
1298 1611 1387 1638 neque
1400 1603 1478 1630 ferrei
1504 1603 1608 1638 unguii,
1623 1609 1712 1638 neque
1739 1606 1869 1637 διε-εοεα-

1070 1651 1181 1683 latores,
1195 1658 1285 1685 neque
1297 1649 1371 1677 aliud
1386 1649 1523 1685 quoddam
1542 1649 1671 1676 acerbum
1681 1648 1869 1676 damnaLiOuis

1070 1696 1247 1731 supplicium,
1263 1703 1277 1723 a
1293 1696 1434 1731 generosis
1452 1694 1653 1722 certaminibus
1678 1698 1789 1722 sanctos
1807 1693 1869 1720 illus

1071 1743 1157 1770 fortes
1183 1743 1297 1775 avertit;
1315 1742 1362 1769 sed
1384 1742 1411 1768 in
1441 1741 1572 1769 erunibus
1600 1741 1642 1768 liis
1666 1740 1820 1771 vincentes,
1842 1744 1870 1767 ct

1071 1788 1144 1815 hunc
1161 1788 1208 1822 qui
1234 1787 1295 1814 illos
1320 1787 1422 1814 amavit
1449 1787 1770 1817 vehementeramantes,
1791 1783 1869 1811 nobis

1071 1835 1242 1869 reliquerunt
1263 1834 1378 1861 collecta
1396 1841 1411 1860 a
1427 1834 1482 1859 Uco
1496 1832 1669 1867 fragmenta;
1691 1835 1718 1858 et
1730 1830 1870 1866 quomodo

1071 1888 1086 1907 a
1105 1879 1160 1907 Deo
1174 1879 1309 1907 collecta?
1325 1879 1471 1906 Disramus
1490 1878 1528 1911 id,
1546 1877 1732 1905 dilectissimi.
1748 1877 1869 1910 Quibus-

1070 1927 1133 1954 dam
1145 1927 1218 1954 enim
1229 1926 1332 1954 sanctis
1347 1926 1438 1960 gladio
1452 1925 1541 1957 caesis,
1556 1931 1671 1959 corpora
1685 1923 1757 1950 \‘elut
1773 1924 1869 1950 sordes

1070 1973 1105 2000 ab
1127 1972 1218 2008 impiis
1241 1972 1380 2006 iudicibus
1409 1971 1435 1998 in
1463 1971 1531 1998 locis
1550 1970 1671 1997 ferarum
1695 1968 1814 1997 assuetis
1834 1968 1868 1995 ad

1074 2019 1162 2046 solum
1180 2018 1295 2053 dejecta,
1311 2026 1377 2045 sana
1396 2022 1557 2044 censet-Vala
1576 2020 1657 2048 sunt;
1681 2021 1769 2049 neque
1791 2013 1867 2046 ft‘l'ill,

1071 2072 1160 2099 neque
1175 2064 1248 2092 aliud
1259 2064 1395 2099 quoddam
1408 2062 1567 2090 animalium
1584 2069 1667 2089 eartte
1682 2060 1866 2092 vescentium,

1071 2113 1114 2140 his
1126 2112 1255 2139 accedere
1273 2110 1374 2146 potuit;
1389 2110 1436 2138 sed
1457 2109 1530 2145 quod
1548 2116 1564 2136 e
1581 2115 1659 2135 more
1677 2107 1758 2134 edere
1770 2106 1870 2141 jucun,

1070 2159 1131 2186 dius
1155 2158 1301 2190 habebant,
1314 2157 1365 2184 huc
1381 2161 1476 2184 contra
1498 2159 1625 2182 naturam
1638 2154 1807 2186 omittentes,
1822 2153 1868 2180 itt-

1071 2209 1179 2233 suctum
1195 2203 1329 2232 custodia:
1349 2210 1452 2230 morent
1472 2202 1636 2236 corporibus
1652 2200 1822 2235 prmhebant,
1840 2204 1868 2225 et

1072 2259 1133 2286 quae
1155 2254 1236 2278 antea
1259 2249 1417 2277 mortalium
1433 2255 1531 2275 carnes
1548 2247 1692 2279 vorabunt,
1707 2245 1786 2273 facta:
1803 2249 1869 2272 sunt

1037 2281 1058 2308 ί)
1073 2297 1172 2325 deinde
1195 2303 1341 2331 corporqu
1364 2295 1503 2322 custodes.
1521 2292 1581 2321 Non
1607 2293 1679 2320 enim
1711 2291 1869 2320 conuuuuia

1074 2347 1152 2371 erant
1167 2349 1280 2376 corpora
1298 2341 1331 2368 ad
1351 2340 1470 2367 ferarum
1485 2346 1576 2366 cscatn
1598 2337 1803 2367 convenientia,
1821 2335 1870 2363 sed

1075 2391 1133 2418 haec
1142 2389 1246 2423 abject-a
1257 2388 1342 2415 electa
1355 2390 1433 2414 erant
1443 2386 1476 2413 ad
1492 2385 1544 2412 hoc
1554 2384 1686 2411 cilicium.
1704 2383 1781 2417 Quod
1795 2385 1870 2411 tntil-

1074 2444 1128 2463 tatn
1140 2435 1241 2471 praebet
1252 2432 1431 2460 dill'erentiatn
1443 2432 1475 2459 ab
1487 2431 1527 2458 Itis
1542 2438 1602 2466 qua:
1612 2430 1693 2458 solito
1708 2430 1869 2460 audiuntur.

1076 2482 1178 2516 Nempe
1193 2480 1264 2516 quod
1281 2480 1406 2514 quaadam
1420 2485 1536 2512 corpora
1551 2485 1614 2505 eum
1627 2476 1670 2504 liis
1681 2476 1776 2504 electis
1787 2476 1871 2504 sintut

1075 2529 1210 2564 projecta,
1234 2527 1286 2554 alia
1310 2525 1419 2561 quidem
1444 2525 1550 2559 integra
1580 2528 1688 2551 servata
1711 2527 1795 2557 sunt,
1818 2523 1871 2550 alia

1075 2582 1141 2602 vero
1168 2573 1338 2602 comminuta
1363 2577 1439 2599 sunt.
1469 2571 1581 2598 Sanctis
1610 2576 1701 2598 autem
1725 2569 1788 2597 aliis
1809 2569 1872 2603 igne

1077 2620 1191 2651 exustis,
1200 2619 1271 2647 ciuis
1280 2623 1310 2645 ttt
1321 2618 1366 2645 lux
1382 2617 1542 2652 splendebat
1553 2615 1595 2643 his
1607 2616 1726 2650 quicum
1736 2614 1789 2642 ﬁde
1799 2614 1871 2640 [tuac

1078 2665 1251 2702 colligebant.
1262 2663 1376 2691 (lateris
1388 2663 1414 2690 in
1429 2662 1514 2690 frusta
1524 2662 1660 2692 dissectis,
1669 2667 1732 2688 ossa
1745 2663 1773 2686 ut
1787 2666 1871 2685 exosa

1080 2711 1230 2740 tortoribus
1246 2710 1272 2737 in
1293 2708 1391 2736 ﬂuvios
1404 2707 1539 2743 projecta,
1552 2714 1606 2734 non
1622 2703 1740 2733 naturali
1750 2703 1872 2738 pondere

1078 2758 1110 2785 ad
1129 2756 1258 2784 inferiora
1273 2754 1364 2790 abyssi
1379 2754 1550 2785 labebantur,
1569 2751 1616 2779 sed
1631 2749 1765 2784 superiori
1784 2756 1870 2783 aqua-

1083 2812 1141 2833 rum
1177 2803 1245 2830 facie
1278 2802 1385 2830 suberis
1415 2801 1501 2828 inStar
1533 2797 1703 2830 innatantia,
1731 2799 1760 2823 ut
1786 2795 1871 2829 stella}
