2083 3155
233 120 291 152 855

857 116 1097 147 THEOGNOSTI
1112 115 1285 146 MONACHI

1823 115 1876 148 856

238 178 394 210 radiantia,
422 177 466 205 his
499 177 546 212 qui
581 177 680 212 pietate
718 175 745 202 in
785 175 868 202 Deum
904 175 1032 209 colligere

1088 174 1188 209 φελλῶν
1206 173 1378 205 πλευστικῶς
1393 171 1605 205 ἐπιπολάζοντα,
1637 171 1732 206 ὥσπερ
1760 171 1875 206 ἀστέρες

239 221 384 251 studebant
398 221 577 256 apparebant,
591 220 717 248 similiter
733 221 760 246 in
778 219 845 246 mari
857 219 956 254 jacnlis
968 227 1032 247 sau-

239 268 309 295 ciata
325 267 437 295 alternis
456 267 587 294 fluctuum
601 266 713 294 orbibus
728 266 798 293 elata
810 266 874 292 etin
889 273 1032 293 arenosam

240 317 340 340 terram
354 314 465 346 emissa,
487 313 640 348 divinisque
656 312 840 338 indicantibus
856 311 985 346 prodigiis
999 311 1033 338 ab

240 358 397 392 hominibus
422 359 475 394 piis
490 359 612 392 inventa,
631 358 824 385 communibus
839 357 969 392 impensis
985 365 1032 391 pu-

239 405 325 432 blicos
337 406 456 432 honores
472 411 644 440 receperunt,
658 404 734 432 multi
749 412 860 440 quoque
880 403 1034 430 remotiori-

239 452 292 479 bus
308 451 619 487 temporibus,corporis
635 451 768 486 integrann
785 451 951 485 sepulturam
970 456 1032 477 cum

239 497 418 532 recepissent,
431 498 482 525 sul)
492 501 592 524 terrain
606 497 738 525 occultari
759 501 889 532 perpetuo
903 504 957 523 non
971 504 1034 523 sus-

240 543 391 576 tinuerunt,
400 542 445 570 sed
459 543 595 570 revelante
607 543 808 578 apparitionum
821 542 926 570 visione
944 542 1035 577 seipse

239 587 457 621 manifestantes,
474 589 500 615 in
528 590 693 617 catholicam
711 589 898 617 adorationem
920 596 1035 623 proces-

238 638 354 668 serunt,
387 635 635 669 thauinaturgicam
681 635 808 663 virtutem
843 635 1033 664 invocantibus

238 685 420 715 praestantes;
445 686 472 709 et
499 681 557 710 haec
583 681 728 717 multiplici
751 682 832 709 modo
860 682 1033 709 inventarum

238 731 398 754 sanctarum
416 728 593 763 reliquiarum
605 729 699 763 pallia,
716 729 749 756 ad
767 737 828 764 qua:
844 734 1032 762 accurrentcs,

238 772 394 799 animarum
433 777 460 800 et
496 780 646 808 corporum
669 774 840 802 sanationem
869 775 1032 803 invenimus.

239 818 308 845 Nam
326 818 430 846 debiles
447 824 557 851 curant,
577 825 692 854 mgrotos
721 824 831 853 sanant,
849 820 1033 847 dmmoniacos

1085 220 1327 253 ἁκτινοϐολοῦντα,
1339 221 1396 252 τοίς
1412 219 1547 251 θεοσεϐῶς
1566 218 1596 245 τὸ
1624 218 1763 251 συλλέγειν
1789 217 1877 244 ἐνδει-

1083 267 1230 301 κνυμένοις
1248 265 1444 301 κατεφαίνοντο
1457 274 1464 281 ·
1478 265 1611 297 ὡσαύτως
1624 265 1652 291 δὲ
1667 264 1714 291 καὶ
1736 265 1769 290 τὰ
1785 264 1814 290 ὲν
1829 264 1876 290 θα-

1083 312 1170 347 λάσσῃ
1183 311 1379 339 ἀκοντισθέντα
1389 312 1423 346 τῇ
1441 310 1636 345 ἀλλεπαλλήλῳ
1651 310 1724 345 φορᾷ
1749 309 1803 336 τῶν
1828 319 1878 336 κυ-

1085 361 1187 394 μάτων,
1202 358 1270 394 πρὸς
1287 358 1335 393 τὴν
1357 357 1578 393 ψιμμόστρωτον
1600 357 1655 392 γῆν¹
1668 356 1875 391 ἐκπεμφθέντα,

1083 404 1132 431 καὶ
1151 404 1234 436 θείοις
1255 404 1401 435 δεικτικοῖς
1418 403 1543 438 σημείοις
1560 403 1603 430 διὰ
1625 403 1752 439 χρηστῶν
1770 403 1876 438 ἀνδρῶν

1083 450 1239 485 εὑρεθέντα,
1258 450 1325 486 πρὸς
1354 449 1402 485 τὴν
1423 449 1516 483 κοινὴν
1533 449 1704 485 εὐεργεσίαν,
1727 448 1778 484 τὴν
1792 448 1878 483 δημο-

1084 497 1146 524 σίαν
1162 496 1257 524 ἔλαϐον
1268 496 1431 532 ἐμφάνειαν·
1442 495 1534 521 πολλοὶ
1549 496 1596 522 καὶ
1610 494 1678 531 πρδς
1688 495 1722 521 τὰ
1739 494 1877 530 βαθύτερα

1086 543 1170 578 μέρη,
1196 543 1335 578 ὁλόσωμον
1351 542 1400 578 τὴν
1415 542 1504 578 ταφὴν
1521 542 1674 576 εἰληφότες,
1699 542 1728 567 τδ
1755 540 1808 567 ὑπὸ
1824 540 1878 576 γῆν

1085 590 1273 617 καλύπτεσθαι
1287 588 1419 624 διηνεκῶς
1432 589 1482 615 οὐκ
1493 588 1640 623 ἠνέσχοντο
1650 595 1658 603 ⁸
1674 586 1743 614 ἀλλὰ
1759 587 1792 621 τῇ
1807 587 1877 612 ἀπο-

1085 636 1241 670 καλυπτικῇ
1258 635 1312 661 τῶν
1327 634 1449 670 ὁράσεων
1462 634 1563 669 Θεωρία
1576 632 1690 664 ἑαυτοὺς
1703 632 1876 667 φανερώσαν-

1084 689 1140 713 τες,
1154 681 1194 713 είς
1213 679 1360 716 καθολικὴν
1378 679 1516 715 προῆλθον
1543 678 1741 713 προσκύνησιν,
1769 677 1876 712 θαυμα-

1084 726 1232 762 τουργικὰς
1254 726 1383 761 δυνάμεις
1405 727 1462 758 τοῖς
1490 724 1651 760 ἐκζητοῦσιν
1678 723 1875 758 ἀπονέμοντες.

1086 772 1142 799 Καὶ
1157 771 1243 800 ταῦτα
1257 771 1310 798 τῶν
1328 771 1506 807 πολυτρόπως
1521 770 1688 806 εὑρεθέντων
1713 769 1799 803 ἁγίων
1822 768 1877 795 λει-

1086 819 1178 855 ψάνων
1194 819 1229 845 τὰ
1244 819 1388 854 σχήματα”
1415 819 1445 845 ὲν
1469 815 1509 848 οἷς
1541 816 1767 852 προστρέχοντες,
1782 814 1878 850 ψυχῶν

239 864 374 898 liberant,
396 864 519 899 leprosos
546 865 700 898 inundant,
720 865 747 893 in
768 866 820 893 ﬁde
836 865 901 893 Jesu
916 866 1033 900 Christi,

1088 866 1135 892 ml.
1154 865 1289 900 σωμάτων
1307 864 1430 899 ἰατρείαν
1451 863 1626 898 εὑρίσκομεν.
1652 863 1707 888 Καὶ
1720 861 1775 896 γὰρ
1794 860 1875 887 ἀσθε-

238 912 296 938 veri
317 910 365 938 Dei
391 912 489 944 nostri,
503 919 556 939 una
573 919 634 939 cum
658 917 793 940 coarterno
818 913 878 947 ejus
902 913 993 946 Patre,
1008 918 1036 941 et

1088 911 1201 942 νοῦντας
1218 909 1411 946 θεραπεύουσι,
1437 909 1582 941 νοσοῦντας
1606 907 1765 944 ῥωννύουσι,
1782 907 1879 942 δαιμο-

239 956 348 983 νινὶιίεο
363 956 482 992 Spiritu,
496 958 538 985 cui
551 958 636 994 gloria
651 963 677 986 et
691 960 810 993 potentia
828 959 855 985 iu
871 959 969 986 sa-cula
985 967 1036 986 saa-

1088 957 1204 994 νιῶντας
1230 956 1416 991 ἐλευθεροῦσι,
1445 955 1565 990 λεπροὺς
1588 954 1761 990 καθαίρουσι,
1786 952 1878 979 πίστει

239 1002 378 1030 culorum.
389 1004 487 1030 Amen.

1095 1003 1182 1039 Ἰησοῦ
1199 1003 1332 1039 Χριστοῦ,
1350 1002 1398 1030 τοῦ
1412 1003 1540 1039 ἅληοινοῦ
1557 1001 1625 1028 Θεοῦ
1648 1001 1738 1037 ἡμῶν,
1765 999 1824 1035 ἅμα
1838 999 1878 1034 τῷ

241 1049 399 1084 συνανάρχῳ
410 1049 491 1076 αὑτοῦ
505 1050 561 1076 Πατ
567 1051 602 1085 pi,
613 1050 660 1077 καὶ
671 1050 709 1086 τῷ
717 1050 842 1086 ζωοποιῷ
851 1051 998 1086 Πνεύματι·
1007 1047 1053 1086 ᾧή
1066 1050 1129 1084 δόξα
1142 1050 1189 1076 καὶ
1201 1050 1231 1076 τὸ
1241 1050 1341 1086 κράτος
1348 1051 1387 1081 εἰς
1401 1050 1463 1081 τοὺς
1474 1048 1575 1081 αἰῶνας
1584 1048 1638 1076 τῶν
1653 1048 1770 1075 αίὼνων.
1779 1046 1877 1082 Ἀμήν.

248 1146 1866 1165 —————_———————.———————_

331 1218 719 1266 THEOGNOSTI
767 1204 1061 1266 LIBELLUS
1086 1221 1160 1266 AD
1198 1220 1561 1268 NICOLAUMI
1605 1221 1796 1266 PAPAM

851 1308 890 1338 IN
906 1307 1024 1338 CAUSA
1051 1308 1197 1339 IGNATH
1213 1309 1269 1340 ΟΡ.

585 1384 667 1416 (Apud
681 1384 766 1414 illam,
789 1383 880 1410 Concil.
893 1388 951 1410 bom.
963 1384 1026 1415 XVI,

1101 1385 1156 1416 293,
1169 1386 1237 1411 inter
1246 1386 1306 1411 Acta
1317 1385 1416 1411 concilii
1426 1386 1473 1412 (ΣΡ.
1485 1386 1541 1417 ιη).

1035 1450 1074 1458 .-

244 1499 363 1538 ιιὶὺθίίιιε
381 1502 413 1529 de
432 1506 487 1529 tota
507 1502 595 1538 magni
611 1501 711 1538 Ignatt'i
724 1513 804 1532 causa
821 1505 918 1531 missus
936 1506 970 1532 ad
985 1504 1036 1532 Νί-

1088 1504 1235 1535 Λίϐελλος
1262 1502 1409 1536 περιέχων
1431 1501 1530 1538 πάντα
1548 1501 1584 1528 τὰ
1601 1501 1686 1538 ,κατὰ
1713 1501 1768 1538 τον
1784 1501 1884 1536 μέγαν

278 1536 384 1575 column
400 1544 496 1575 pgpam
516 1536 676 1570 Ruinannm,
691 1538 791 1574 lgmuii
806 1541 966 1575 patriarcha:
988 1549 1037 1567 no-

278 1573 350 1598 mine
372 1580 388 1598 a
411 1571 574 1607 Theoynosto
614 1571 740 1601 monacho
757 1580 791 1602 ἐι
806 1571 810 1575 ’
824 1576 1038 1602 archinmndritu

278 1607 371 1667 velerit;
404 1607 510 1642 Romae,
535 1612 560 1635 et
594 1610 708 1636 exercito
744 1610 1038 1646 Constantinopolitano

279 1649 350 1667 ϐίΊἸΠ
366 1649 408 1667 us.

279 1649 408 1675 scriptus.

280 1717 402 1752 lgnatius
419 1718 562 1753 tyrannide
575 1726 734 1754 oppressus,
747 1720 895 1755 multisque
908 1721 1038 1749 mrumnis

245 1763 430 1796 conﬂictatus,
449 1769 477 1791 et
500 1765 547 1799 qui
573 1773 679 1792 mecum
706 1765 826 1793 infelicia
845 1771 965 1800 tempora
989 1775 1037 1794 ex-

245 1811 313 1844 νοηί
335 1815 410 1844 sunt,
427 1812 630 1846 metropolitani
648 1813 740 1841 decem
758 1819 785 1841 et
805 1815 960 1849 quindecim
981 1817 1038 1850 epi-

245 1856 333 1891 scopi,
346 1857 603 1885 cmucbiarcharum
616 1858 728 1894 insuper
749 1867 782 1887 ac
805 1861 1038 1895 presbyterorum,

245 1903 505 1939 monachorumque
540 1904 647 1932 infinita
672 1905 839 1939 multitudo,
865 1907 1040 1935 sanctissimo

247 1949 361 1976 domino
386 1954 482 1976 nostro
504 1954 531 1977 et
556 1950 716 1978 beatissimo
736 1952 855 1986 praesidi,
879 1958 1039 1981 cunctarum

245 1993 351 2021 sediuni
365 1993 539 2028 patriarcha),
555 1995 642 2022 sancti
664 1996 736 2024 Petri
760 1998 891 2032 principis
905 1999 1041 2032 apostolo-

245 2045 307 2065 rum
323 2039 489 2072 successori,
509 2041 681 2068 mcumenico
701 2049 768 2076 papa
789 2041 913 2074 Nicolao,
934 2044 1041 2078 episco-

247 2083 344 2118 pisqne
357 2083 429 2111 illius
440 2085 634 2117 sanctissimis,
649 2090 675 2113 et
691 2087 900 2120 sapientissimae
912 2088 1041 2116 Ecclesia:

245 2128 376 2156 [tentante
393 2130 530 2157 universa
547 2131 574 2157 in
593 2131 710 2158 Domino
729 2131 857 2159 salutem.

1129 1538 1285 1573 ἰγ-νάτιον,
1295 1537 1439 1572 πεμφθεὶς
1447 1537 1522 1570 πρὸς
1532 1537 1690 1573 Νικόλαον.
1700 1536 1805 1563 πὰπιιν
1812 1537 1882 1564 Ῥὡ‹

1120 1571 1189 1608 μής.
1208 1572 1488 1608 πρυσωποποιηθεις
1504 1572 1562 1608 ὑπὸ
1580 1571 1773 1608 Θεογνώσζου
1785 1581 1881 1608 μονῳ-

1124 1606 1180 1644 χοῡ
1193 1608 1242 1635 καὶ
1256 1607 1487 1644 ἁρχιμᾳνδρίτου
1504 1606 1560 1641 τῆς
1586 1607 1790 1644 πρεσϐυτέρας
1813 1607 1882 1644 Ῥῴ-

1121 1642 1193 1678 λὶης,
1225 1644 1274 1669 καὶ
1300 1642 1431 1677 ἐξάρχου
1456 1643 1813 1675 Κωνσταντινουπόλεως,
1836 1643 1882 1676 εις

1125 1679 1220 1713 ὄνομα
1240 1678 1381 1713 Ἰγνατίου
1401 1677 1454 1704 τοῦ
1472 1677 1668 1711 πατριάρχου.

1131 1725 1261 1760 Ἰγνάτιος
1282 1726 1296 1751 ό
1321 1723 1512 1759 τυραννηῦεὶς,
1527 1724 1575 1750 καὶ
1595 1723 1704 1754 πολλοῖς
1718 1725 1882 1758 πειρασμοῖς

1091 1770 1323 1808 προσωμιληκὼς,
1340 1772 1387 1797 καὶ
1401 1771 1426 1797 οί
1448 1771 1497 1797 σὺν
1512 1770 1573 1805 ἐμοὶ
1593 1769 1696 1797 τούτων
1709 1770 1765 1796 τῶν
1777 1770 1883 1806 καιρῶν

1090 1819 1187 1853 πεῖραν
1200 1816 1339 1849 λαϐόντες,
1354 1815 1419 1842 δέκα
1436 1814 1644 1850 μητροπολὴαι,
1658 1815 1724 1841 δέκα
1747 1815 1815 1850 πρὸς
1826 1816 1882 1846 τοῖς

1090 1865 1109 1889 ε’
1136 1862 1291 1894 ἐπίσκοποι,
1315 1861 1474 1896 ἡγουμένων
1500 1869 1530 1886 τε
1558 1861 1606 1886 καὶ
1624 1860 1820 1896 πρεσϐυτέρων
1834 1861 1883 1887 καὶ

1091 1908 1192 1943 ἑτέρων
1209 1907 1334 1943 μοναχῶν
1350 1906 1452 1940 πλῆθος
1472 1907 1596 1941 ἄπειρον,
1610 1906 1649 1942 τῷ
1664 1906 1782 1942 δεσπότῃ
1804 1907 1883 1942 ἡμῶν

1089 1953 1128 1989 τῷ
1145 1952 1292 1988 ἁγιωτάτῳ
1307 1953 1354 1979 καὶ
1366 1952 1570 1987 μακαριωτάτῳ
1587 1952 1711 1988 προέδρῳ
1725 1954 1772 1978 καὶ
1786 1960 1884 1987 πατρι-

1090 2000 1164 2035 άρχῃ
1173 2000 1283 2026 πάντων
1295 1998 1349 2025 τῶν
1371 1998 1484 2034 ορόνων,
1505 1998 1552 2024 καὶ
1566 1997 1613 2024 τοῦ
1627 1998 1776 2033 κορυιραίου
1793 1997 1883 2025 διαδό-

1091 2055 1141 2081 χῳ,
1167 2045 1214 2072 καὶ
1236 2043 1419 2080 οίκουμενικῷ
1435 2044 1563 2079 Νικολάῳ
1586 2044 1677 2079 πάπξι,
1700 2044 1819 2075 καὶτοῖς
1836 2044 1884 2070 ὑπ’

1090 2092 1172 2119 αὑτὸν
1187 2092 1349 2126 ἁγιωτάτοις
1363 2091 1533 2123 ἐπισκόποις,
1547 2092 1594 2118 καὶ
1609 2092 1683 2127 πάσῃ
1694 2093 1726 2126 τῇ
1739 2091 1883 2127 σοφωτάτῃ

1089 2138 1145 2166 τῶν
1165 2138 1308 2173 Ῥωμαίων
1328 2138 1476 2174 Ἐκκλησίᾳ
1494 2139 1522 2164 ὲν
1541 2139 1635 2173 Κυρίῳ
1652 2138 1769 2174 χαίρειν.

283 2174 352 2207 Quis
370 2175 444 2202 dabit
465 2176 546 2210 capiti
566 2184 646 2209 meo,
667 2182 697 2204 ut
708 2182 751 2205 est
776 2178 803 2205 in
819 2178 904 2206 sacris
918 2178 1036 2210 Litteris.

1128 2184 1175 2216 Τίς
1189 2185 1271 2211 δώσει
1292 2185 1326 2219 τῇ
1342 2184 1447 2219 κεφαλῇ
1465 2193 1515 2219 μου
1531 2183 1613 2218 ὕδωρ,
1637 2185 1708 2211 κατὰ
1725 2185 1755 2210 τὸ
1775 2184 1883 2218 Λόγιον,

247 2227 358 2254 aquam,
370 2225 397 2247 et
413 2221 500 2248 oculis
522 2222 591 2249 meis
611 2221 715 2250 fontem
732 2222 914 2258 lacrymaruin
928 2232 936 2257 ;
952 2229 979 2251 et
992 2224 1036 2252 de-

1088 2232 1204 2262 καὶτοῖς
1219 2230 1370 2265 ὀφθαλμοῖς
1385 2239 1435 2265 μου
1452 2230 1544 2265 πηγὴν
1557 2230 1683 2266 δακρύων
1696 2239 1703 2263 ;
1726 2231 1774 2257 καὶ
1797 2231 1884 2258 κλαύ-

247 2265 360 2300 plorabo
384 2267 455 2293 mala
479 2274 541 2301 qua:
562 2268 722 2296 acciderunt
745 2269 823 2301 mihi,
839 2273 866 2297 et
885 2277 981 2297 eorum
994 2272 1036 2306 qui

1089 2285 1173 2312 σομαι
1186 2277 1221 2303 τὰ
1237 2277 1430 2312 συμϐεϐηκότα
1449 2285 1494 2312 μοι
1513 2277 1597 2308 κακὰ,
1615 2277 1661 2303 καὶ
1676 2277 1726 2312 τὴν
1746 2277 1802 2303 τῶν
1821 2277 1885 2303 διω-

247 2322 290 2341 me
298 2319 512 2350 persequuntur,
521 2316 693 2344 barbaricam
706 2317 921 2345 immanitatem?
930 2317 1036 2353 Frigort

1088 2323 1190 2349 κόντων
1208 2331 1241 2358 με
1258 2322 1406 2358 βαρῆἀρων
1433 2323 1578 2358 ἀπήνειαν.
1612 2322 1656 2348 Ἐν
1669 2322 1750 2357 ψύχει
1768 2322 1825 2357 γάρ
1849 2330 1884 2357 με

247 2359 320 2386 enim
337 2365 363 2387 et
378 2361 512 2395 nuditate,
526 2362 651 2396 fameque
668 2367 695 2390 et
711 2364 841 2391 extremis
856 2365 936 2391 malis
950 2364 1039 2391 omni-

247 2405 298 2433 bus
315 2405 406 2434 infesti
420 2415 462 2434 me
473 2407 564 2435 hostes
577 2413 604 2435 et
617 2407 750 2436 alastores
762 2409 943 2444 exagitarunt.
953 2409 1039 2443 Quin-

248 2452 337 2479 decim
353 2452 426 2487 ipsos
442 2453 500 2482 dies
517 2453 652 2481 acerrimo
666 2454 776 2490 frigore,
793 2455 908 2490 locoque
927 2457 1040 2491 gelidis-

249 2496 330 2529 simo,
354 2498 491 2532 ergastulo
515 2506 558 2526 me
581 2500 689 2526 occulto
710 2500 938 2536 tenebricosoque
961 2502 1043 2529 rebus

249 2542 410 2570 destitutum
426 2544 556 2573 omnibus
579 2545 762 2579 incluserunt,
785 2547 955 2582 vinculisque
975 2555 1042 2575 con-

248 2589 428 2624 strinxerunt,
444 2591 521 2619 itaut
533 2592 566 2620 ad
583 2600 625 2620 uie
636 2593 711 2621 adire
725 2594 827 2621 nemini
841 2594 944 2622 visendi
956 2602 1040 2622 causa

249 2635 354 2669 liceret,
374 2637 470 2664 morbo
481 2637 538 2673 jam
555 2639 623 2666 alias
639 2640 714 2674 gravi
730 2640 899 2667 laborantem
916 2648 922 2667 :
941 2641 1040 2667 crude-

248 2682 301 2709 lem
318 2682 428 2718 insuper
443 2684 469 2710 in
487 2684 598 2712 modum
611 2686 779 2719 ceciderunt,
796 2693 946 2721 omnesque
965 2691 1040 2714 artus

1092 2369 1138 2395 καὶ
1153 2369 1304 2404 γυμνότητι
1319 2369 1367 2395 καὶ⁹
1381 2368 1453 2404 λιμῷ
1467 2369 1514 2396 καὶ
1529 2369 1666 2400 παντοίοις
1684 2368 1775 2400 ἄλλοις
1789 2370 1886 2401 κακοῖς

1092 2414 1225 2450 ὲξήτασαν
1236 2415 1260 2441 οι
1278 2415 1439 2450 ἀλάστορες.
1455 2415 1609 2441 Δεκαπέντε
1628 2415 1736 2450 ἡμέρας
1754 2415 1783 2441 ἐν
1800 2423 1886 2442 κατα-

1091 2460 1171 2495 ψύχῳ
1187 2461 1234 2487 καὶ
1249 2461 1325 2496 τόπῳ
1340 2462 1386 2488 καὶ
1395 2462 1493 2496 χρόνῳ,
1506 2461 1536 2487 ἐν
1548 2470 1601 2488 τινι
1615 2462 1680 2496 παρ’
1692 2462 1784 2493 αὐτοῖς
1799 2462 1885 2496 ἀπορ-

1093 2507 1169 2542 ρήτῳ
1185 2508 1449 2541 ὲγκατακλείσαντες
1472 2509 1602 2544 δωματίῳ
1625 2509 1763 2535 ἁδάπανόν
1785 2517 1815 2535 τε
1837 2509 1886 2535 καὶ

1092 2553 1324 2589 ἀνεπισκόπητον,
1361 2555 1601 2590 κατεδέσμευσαν,
1634 2555 1681 2581 καὶ
1703 2555 1790 2581 ταῦτα
1815 2555 1886 2590 νόσῳ

1093 2597 1191 2634 βαρείᾳ
1209 2599 1493 2635 προκατειλημμένον,
1510 2600 1662 2633 αἱκίξοντές
1678 2609 1708 2627 τε
1720 2600 1826 2632 δεινῶς.
1838 2601 1887 2627 καὶ

1092 2644 1147 2670 πᾶν
1164 2644 1244 2678 μέλος
1263 2645 1429 2678 συνθλῶντες
1447 2647 1567 2682 ῥάϐδοις.
1583 2647 1666 2674 Ὂθεν
1681 2646 1710 2672 δὲ
1724 2646 1812 2674 ταῦτὰ
1841 2655 1887 2681 μοι

1093 2690 1290 2726 συνεκύρησεν,
1305 2691 1361 2718 ίδοὺ
1380 2692 1479 2727 γράφω
1492 2700 1500 2707 ·

249 2738 324 2760 lucos
341 2733 499 2762 verberibus
510 2733 675 2762 afﬂixerunt.
691 2735 809 2762 Causam
824 2743 916 2770 porro,
934 2743 967 2762 cx
979 2743 1032 2770 qua
1053 2736 1111 2764 [nec
1125 2738 1151 2764 in
1167 2746 1211 2765 me
1225 2739 1295 2766 mala
1313 2739 1510 2773 redundarnnt,
1526 2747 1589 2767 erce
1601 2740 1656 2775 jam
1672 2744 1753 2767 totam
1768 2747 1846 2774 expox
1858 2747 1886 2767 ο.

285 2778 419 2807 Versabar
438 2781 465 2808 in
488 2782 614 2816 palaestra
637 2786 664 2809 ct
688 2781 759 2808 lucta
783 2790 846 2809 cum
869 2782 1041 2816 imperatoris

250 2826 382 2854 avunculo
404 2828 577 2856 tvrannidem
590 2828 742 2856 lcxcrccntc
768 2826 853 2855 Barda
866 2848 873 2861 ,
889 2836 970 2864 quem
991 2837 1041 2865 ego

1131 2785 1311 2821 Προῦπῆρχον
1324 2787 1352 2813 ἐν
1369 2787 1441 2822 πάλῃ
1460 2787 1507 2814 καὶ
1523 2788 1596 2822 μάχῃ
1621 2787 1688 2822 πρὸς
1713 2787 1758 2814 τὸν
1772 2787 1818 2813 τοῦ
1837 2786 1886 2821 βα-

1097 2831 1192 2864 σιλέως
1207 2832 1278 2860 οεῖον
1305 2833 1411 2866 Βάρδαν
1438 2834 1481 2861 τὸν
1502 2835 1717 2869 τυραννήσαντα,
1735 2833 1782 2860 καὶ
1797 2833 1887 2860 παίων
