2083 3155
179 165 231 199 857

708 161 894 193 LIBELLUS
908 161 957 191 AD
971 159 1167 191 NICOLAUM
1182 160 1195 190 Ι
1215 161 1349 192 ΡΑΡᾹΜ.

1765 161 1821 194 8ἷ8

179 225 234 255 τοῖς
249 222 296 250 τοῦ
313 222 472 258 Πνεύματος
487 223 576 257 λόγοις
603 221 652 248 οὔκ
675 220 835 255 ἐπαυόμην·
859 219 971 245 ἀντετυ-

1025 218 1114 254 gladio
1130 218 1253 252 spiritus,
1267 226 1315 246 seu
1334 218 1418 246 verbo
1436 218 1482 246 Dei
1499 218 1660 247 everberare
1672 217 1729 246 non
1746 220 1819 247 desi-

179 269 289 303 πτόμην
301 268 328 294 δὲ
343 269 404 299 ταῖς
415 267 541 298 ἀπειλαῖς
556 267 604 294 καὶ
616 265 787 296 ἐπιϐουλαῖς.

221 313 251 340 ’11
270 313 298 340 δὲ
313 313 398 344 αἰτία,
413 313 454 340 ὅτι
467 313 584 348 ἥλεγχον
600 312 693 339 τοῦτον
709 311 753 338 διὰ
766 310 817 345 τὴν
835 309 971 344 Ἡρωδια-

179 357 231 393 κὴν
245 357 433 394 χαμαιτυπίαν
445 365 452 372 ·
483 357 530 384 καὶ
559 356 596 391 μὴ
612 355 775 390 πειθόμενον
793 354 845 386 ἔξω
871 354 975 389 ἐθέμην

179 404 230 438 τῆς
243 402 418 437 Έκκλησίας.
434 403 496 429 Ἐπὶ
504 401 609 433 τούτοις
621 402 635 428 ό
643 400 753 436 κρατῶν
765 400 831 426 ποτὲ
844 399 892 434 μὲν
900 399 976 425 ἐδυσ-

180 450 250 476 ώπει
268 457 312 484 με,
329 449 394 475 ποτὲ
407 449 430 475 δ’
445 448 552 483 ἠπείλει
568 448 601 474 τὰ
615 447 701 479 δεινὰ,
727 446 752 472 εἰ
777 445 814 481 μὴ
835 445 975 480 πεισθείην

180 495 307 528 δέξασθαι
331 495 377 522 τὸν
395 495 466 521 Θεῖον
485 493 580 521 αὑτοῦ.
611 493 654 524 Ὧς
680 493 708 519 δὲ
724 493 811 527 τούτῳ
826 491 949 522 πεισθεὶς
961 492 976 518 ὁ

181 541 290 575 κρατῶν
313 540 450 576 ἠϐουλήθη
467 541 516 574 τήν
533 548 563 565 τε
594 538 701 574 μητέρα
727 538 775 564 καὶ
792 538 840 568 τὰς
858 536 975 571 ἀδελφὰς

181 586 373 621 ἑξοστρακίσαι
389 586 443 612 τῶν
459 585 615 620 βασιλείων,
631 583 805 619 ἐγκελεύεταί
822 591 867 617 μοι
883 584 975 619 κεῖραι

180 620 282 664 αὺτάςγί
298 631 370 666 Ἐγὼ
380 631 401 658 δ’
413 631 463 658 οὐκ
480 630 639 666 ἐπειθόμην,
658 629 703 656 διὰ
721 629 753 656 τὸ
768 629 822 655 τῶν
837 628 974 662 γυναικῶν

181 678 245 713 περὶ
263 677 312 713 τὴν
324 677 427 712 κουρὰν
443 677 582 704 ἀκούσιον.
610 676 660 702 Διά
672 675 759 702 ταῦτα
772 674 838 709 γοῦν
863 675 910 701 καὶ
924 674 975 709 τῆς

187 722 351 757 Ἐκκλησίας
372 723 528 758 ἀπηλάθην,
558 720 619 749 εἶτα
653 720 699 749 καὶ
730 720 897 756 ὲτυπτήθην,
926 721 974 748 καὶ

181 768 342 804 ἑξωρίσθην,
358 769 404 795 καὶ
418 769 538 803 δέδεμαι,
553 769 600 795 καὶ
613 768 776 802 κέκλεισμαι
790 766 844 800 πρὸ
856 766 905 800 τῆς
919 766 975 792 τῶν

180 815 241 841 καθ’
252 815 324 849 ὑμᾶς
334 814 436 850 κριτῶν
450 815 588 850 ὲνδημίας.
605 815 658 842 Καὶ
672 815 696 840 οἱ
709 815 757 840 σὺν
772 814 834 848 ἐμοὶ
845 813 872 838 δὲ
885 812 974 839 ταυτα

179 860 354 886 πεπόνθασιν.
371 861 405 887 Al.
430 861 458 887 δὲ
473 861 538 896 παρ’
558 861 636 894 ἡμῶν
649 859 769 886 δοθεῖσαι
785 860 842 890 τοῖς
856 859 970 886 ἐπισκό-

180 914 242 936 ποις
264 905 399 941 ἔγγραφοι
427 907 546 938 πίστεις,
573 906 659 941 ἦγουν
687 905 840 936 ἐπιστολαὶ.
869 905 912 932 διὰ
925 904 972 931 τοῦ

180 951 366 986 πρεσϐυτέρου
383 953 550 987 Λαυρεντίου
567 952 614 978 καὶ
632 951 687 978 τῶν
700 951 748 978 δύο
761 950 973 985 Στεφάνων,τοῦ

178 1004 208 1023 τε
224 996 399 1023 ὑποδιακόνου
419 998 466 1024 καὶ
482 997 529 1023 τοῦ
556 996 662 1029 λαῖκοῦ,
687 996 733 1028 οὒς
747 996 795 1022 καὶ
808 995 972 1032 ὲνωρκώσα-

181 1050 243 1077 μεν,
258 1043 320 1074 ταῖς
332 1044 410 1079 χερσὶ
427 1044 477 1078 τῆς
497 1044 546 1078 σῆς
566 1043 710 1078 ἁγιότητος
728 1042 813 1074 αὐτὰς
838 1041 972 1078 ἀποδοθῆ-

179 1096 233 1120 ναι,
245 1088 382 1123 ἄπρακτοι
399 1089 599 1124 μεμενήκασιν.

221 1133 264 1165 Ὠς
275 1133 304 1160 δὲ
316 1134 489 1168 παραστῆναι
505 1132 691 1168 ἔκελευόμεθσ.
703 1138 742 1163 εις
754 1132 785 1159 τὸ
799 1132 973 1167 Καῖαφαῖκδν

179 1179 267 1205 ἐκεῖνο
279 1180 432 1214 κριτήριον,
446 1180 603 1215 ὲκράξαμεν
616 1180 662 1206 ἐπὶ
675 1180 725 1213 τῆς
740 1180 818 1215 ὑμῶν
830 1181 973 1215 ἁγιότητος

179 1223 395 1258 προκαλούμενοι
409 1224 548 1260 κριθῆναι.
577 1224 647 1251 Ἀλλ’
662 1225 749 1257 οὐδεὶς
764 1222 799 1259 ἦν
815 1226 829 1251 ὁ
853 1224 971 1252 ἀκούων.

179 1269 257 1297 Μετὰ
267 1269 346 1296 τοῦτο
358 1270 522 1306 μετάκλητοι
533 1270 615 1297 πάλιν
625 1270 764 1306 γενόμενοι
775 1271 972 1306 ἠρωτήσαμιν-

180 1316 243 1347 Πῶς
256 1315 380 1342 κελεύετε
392 1317 478 1352 ἡμᾶς,
493 1325 515 1343 ω
526 1317 658 1352 Πατέρες,
677 1317 744 1352 πρὸς
760 1317 832 1351 ὑμᾶς
850 1325 972 1352 παραγε-

181 1360 290 1394 νέσθαις
306 1360 342 1392 ὡς
360 1361 494 1396 μοναχοὺς
506 1362 554 1388 καὶ
568 1362 743 1395 καταδίκους,
759 1363 775 1397 ἢ
789 1362 827 1393 ὡς
841 1362 971 1398 κριθησο-

182 1407 298 1441 μένους;
316 1407 370 1434 Καὶ
397 1407 576 1443 ἀντέπεμψαν
591 1409 668 1443 ἡμῖν,
694 1409 736 1435 ὅτι
757 1408 800 1439 Ὠς
815 1408 875 1434 ἐστὶ
891 1407 971 1440 ἄξιοι.

187 1451 374 1488 Ἔφορέσαμεν
399 1452 446 1480 οὖν
471 1453 520 1484 τὰς
536 1454 675 1488 ἱερατικὰς
699 1453 806 1486 στολὰς,
826 1454 872 1480 καὶ
888 1452 974 1485 οὕτως

182 1497 338 1533 ἐχωροῦμεν
354 1498 421 1533 πρὸς
438 1498 468 1525 τὺ
481 1499 631 1535 συνέδριον,
659 1499 674 1534 ἥ
696 1499 796 1534 μᾶλλον
823 1500 910 1525 εἰπεῖν
925 1499 974 1534 λῃ-

181 1544 301 1579 στήριον.
328 1544 382 1570 Καὶ
397 1544 434 1576 ὡς
457 1545 571 1580 πλησίον
586 1545 738 1580 γεγόναμεν
748 1566 756 1579 ,
773 1545 884 1580 πέμψας
903 1546 916 1572 ὁ
926 1545 974 1572 τύ-

182 1597 280 1625 ραννος
290 1589 336 1616 ἐπὶ
355 1590 404 1625 τῆς
419 1590 569 1626 λεωφόρου,
585 1591 634 1626 τὴν
650 1591 726 1626 ἱερὰν
742 1590 854 1618 ἀποδύει
866 1590 973 1625 στολήν.

181 1634 249 1665 Εἶτα
260 1636 298 1668 ὡς
318 1636 391 1664 ἔνδον
403 1637 449 1664 τοῦ
461 1637 513 1664 νεὼ
525 1637 744 1672 συνωῧίσθημεν,
764 1636 975 1663 ἀποστέλλονται

184 1683 252 1720 πρὸς
262 1684 336 1720 ἡμᾶς
347 1684 372 1710 oi
386 1684 588 1720 προρῤηϐέντες
596 1685 671 1720 τρεῖς
685 1684 740 1710 τῶν
756 1683 858 1718 κριτῶν
871 1682 975 1717 ὑπηρέ-

184 1738 240 1763 ται,
258 1731 272 1756 ὅ
288 1738 316 1757 τε
328 1730 494 1765 Λαυρέντιος
511 1731 558 1757 καὶ
575 1731 600 1757 ot
613 1730 661 1757 δύο
678 1730 819 1763 Στέφανοι,
841 1730 888 1755 καὶ
899 1726 976 1755 εἷπον

183 1777 252 1811 πρός
269 1783 303 1811 με
315 1783 322 1792 ⁸
341 1775 373 1802 Τί
389 1776 431 1803 ὅτι
448 1776 673 1812 κατεγνωσμένος
700 1775 746 1802 ἐπὶ
768 1774 915 1806 τοσαύταις
932 1775 976 1801 at-

181 1821 255 1852 τίαις
270 1821 318 1848 καὶ
331 1821 533 1857 καθῃρημένος,
560 1821 610 1856 τὴν
632 1821 709 1856 ἱερὰν
731 1819 884 1856 ἐτόλμησας
898 1827 976 1855 περι-

183 1866 313 1894 ϐαλέσθαι
331 1867 446 1902 στολήν;
479 1867 703 1898 Ἀποσπάσαντες
730 1865 776 1893 οὖν
801 1874 834 1901 με
862 1865 914 1891 τῶν
928 1864 976 1891 σὺν

185 1913 248 1947 ἐμοὶ
275 1912 332 1948 βίᾳ,
348 1913 428 1947 μόνον
444 1912 483 1948 τῷ
506 1912 652 1947 κρατοῦντι
677 1913 854 1948 παρέστησαν
866 1918 874 1926 ο
904 1910 950 1937 καὶ
962 1911 976 1936 ὁ

183 1958 293 1992 κρατῶν
310 1957 390 1990 εὐθὺς
401 1957 495 1994 ὕϐρεσι
510 1958 604 1984 πλύνει
617 1967 662 1993 με.
681 1956 764 1992 Ἐμοῦ
781 1956 809 1983 δὲ
823 1955 976 1991 φιλανθρω-

184 2004 305 2039 ποτέρας
318 2003 368 2035 τὰς
396 2003 490 2039 ὕϐρεις
507 2004 560 2031 τῶν
575 2004 699 2039 βασάνων
726 2002 859 2034 εἰπόντος,
879 2001 976 2036 μικρὸν

185 2050 341 2076 κατέπαυσε
355 2050 401 2076 τὸν
419 2049 514 2085 Ουμὺν,
524 2050 572 2076 καὶ
587 2051 626 2082 εἰς
640 2048 826 2083 ξυλόσκαμνον
843 2046 976 2082 καθεσθῆ-

185 2094 230 2120 ναί
248 2102 281 2129 με
296 2094 438 2121 ἐκέλευσε·
465 2095 512 2121 καὶ
537 2094 661 2128 διαλόγου
695 2094 796 2129 μεταξὺ
822 2092 975 2128 γεγονότος,

191 2139 359 2167 Ῥαδίουλδον
385 2139 589 2175 [Ῥαδοὼιλδον]
616 2139 661 2166 καὶ
695 2139 831 2174 Ζαχαρίαν
863 2138 976 2173 ἐζήτουν

185 2184 406 2220 προσαγορεῦσαι
427 2185 490 2216 τοὺς
514 2184 714 2220 τοποτηρητάς.
744 2184 799 2210 Καὶ
823 2183 976 2214 ὲνδοΟέντος

187 2239 244 2266 μοι,
260 2229 472 2265 προσηγόρευσα
483 2238 490 2246 ·
516 2229 561 2261 οὓς
575 2230 623 2256 καὶ
641 2229 748 2264 ⁴ὴρὸμην
764 2228 813 2263 τὴν
831 2228 976 2263 ἐπιδημίας

185 2277 236 2311 τῆς
253 2276 328 2310 σφῶν
338 2276 438 2302 αἰτίαν.
457 2276 488 2302 Οἱ
504 2275 531 2301 δὲ
558 2274 650 2301 εἶπον·
672 2274 864 2310 Τοποτηρηταί
893 2276 976 2310 ἐσμεν

187 2322 322 2349 Νικολάου
337 2322 415 2349 πάπα
434 2321 553 2357 Ῥώμης,
564 2322 611 2348 καὶ
625 2321 821 2355 ἀπεστάλημεν
837 2322 928 2356 κρῖναι
943 2321 977 2347 τὰ

187 2368 258 2395 κατὰ
274 2367 314 2395 σέ.
334 2367 418 2394 Πάλιν
433 2368 550 2402 ἠρόμην,
573 2367 597 2393 εξ
611 2367 728 2401 γράμμα
752 2374 795 2401 μοι
811 2365 976 2400 κεκομίκασι

186 2414 238 2449 τῆς
254 2413 407 2449 ἁγιωσύνης
434 2422 492 2440 σου.
517 2414 548 2439 Οἱ
564 2412 592 2439 δὲ
616 2411 704 2445 εἷπον,
726 2412 764 2448 μὴ
783 2411 866 2446 ἔχειν,
890 2411 934 2437 διὰ
949 2412 977 2436 τι

189 2459 258 2496 μηδὲ
275 2459 343 2494 πρὸς
357 2460 531 2495 πατριάρχην
544 2458 680 2494 ἔρχεσθαι,
702 2457 770 2484 ἀλλὰ
785 2457 853 2492 πρὸς
865 2457 909 2482 τὸν
926 2457 978 2482 ὑπὸ

187 2505 238 2540 τῆς
265 2504 367 2536 οἰκείας
395 2504 502 2531 συνόδου
532 2503 739 2539 καθαιρεθέντα,
767 2502 825 2534 καὶ,
854 2501 976 2535 ’Ἑτοιμοί

188 2551 272 2586 ἐσμεν
287 2550 323 2577 τὰ
351 2550 423 2577 κατὰ
440 2550 553 2581 κανόνας
579 2549 765 2585 πράττειν.-
777 2546 892 2579 Οὐκοῦν,
909 2547 977 2582 ἔφην

188 2596 256 2630 ἐγὼ,
276 2596 405 2632 πρότερον
420 2597 453 2622 ἐκ
469 2596 552 2631 μέσου
568 2596 613 2622 τὸν
630 2594 724 2630 μοιχὸν
739 2594 871 2629 ποιήσατε
883 2600 891 2607 ·
907 2594 931 2619 εἰ
948 2593 977 2619 δὲ

190 2642 230 2677 μὴ
257 2642 335 2668 τοῦτο
360 2641 484 2674 δύνασθε,
511 2641 572 2668 οὐδὲ
599 2640 690 2676 κριταί
707 2641 777 2666 ὲστε.
810 2639 923 2665 Ἐκεῖνοι
949 2639 977 2665 δὲ

188 2687 343 2722 ἁντὲςησαν
358 2687 453 2720 πάλιν,
467 2686 600 2719 δείξαντες,
617 2688 650 2722 τῇ
666 2686 738 2721 χειρὶ
753 2685 798 2712 τὸν
812 2683 976 2720 κρατοῦντα·

190 2722 269 2760 σῦτω
285 2732 355 2760 θέλει
368 2733 482 2764 ἐκεῖνος.
507 2733 568 2759 Ἐπὶ
592 2732 696 2763 τούτοις
716 2731 784 2765 πρὸς
805 2731 977 2766 παράκλησιν

191 2779 341 2814 μετέπεσον
365 2780 391 2806 οι
413 2780 478 2815 περὶ
502 2779 687 2815 τὸνβασιλέα,
712 2778 759 2804 καὶ
783 2777 832 2813 τὴν
846 2777 977 2809 ἀπύταξιν

189 2823 310 2860 ἐξῄτουν,
329 2824 395 2851 ποτὲ
411 2824 461 2859 μὲν
476 2823 683 2860 παραινοῦντες,
703 2823 768 2849 ποτὲ
791 2823 818 2849 δὲ
834 2823 881 2849 καὶ
896 2824 977 2850 ἀπει-

191 2869 296 2902 λοῦντες
309 2879 314 2884 ·
331 2870 386 2897 ἁλλ’
399 2870 447 2897 οὐκ
463 2869 570 2897 ἔπειθόν
587 2878 631 2901 με.
651 2869 751 2901 Διὸ-καὶ
765 2868 832 2904 πρὸς
847 2869 909 2900 τοὺς
924 2877 976 2904 μη-

1028 265 1141 297 nebam;
1158 266 1203 299 qui
1220 269 1314 292 contra
1327 272 1370 292 me
1387 265 1470 292 minis
1487 265 1650 300 insidiisque
1664 266 1817 301 appetebat.

1061 311 1260 345 Argumentum
1273 316 1300 338 et
1317 318 1402 338 causa
1415 311 1638 346 reprehensionis
1653 317 1712 340 erat
1730 312 1818 340 Hero-

1026 355 1137 382 dianum
1157 355 1184 383 in
1202 355 1288 382 Barda
1309 356 1465 390 exemplum
1479 361 1505 384 et
1525 356 1656 384 incestus.
1670 357 1737 384 Eum
1753 365 1818 384 con—

1026 405 1172 433 tumacem,
1188 408 1276 436 neque
1299 401 1505 436 resipiscentem
1532 401 1567 428 ab
1585 401 1702 429 ecclesia
1724 402 1816 437 rejeci.

1026 446 1129 473 Deinde
1141 447 1290 480 imperator
1305 447 1363 482 ipse
1386 447 1468 474 modo
1484 455 1532 482 pro
1547 447 1593 474 illo
1609 447 1817 482 deprecabatur,

1026 490 1109 517 modo
1121 491 1253 518 atrociter
1277 491 1443 523 minabatur,
1460 491 1512 518 nisi
1534 492 1699 519 avunculum
1716 492 1741 518 in
1756 499 1819 527 gra-

1027 536 1092 562 tiam
1115 535 1275 570 reciperem.
1291 536 1439 570 Postquam
1461 544 1526 563 vero
1550 537 1684 571 impulsus
1699 544 1714 564 a
1731 536 1818 564 llarda

1026 580 1122 607 statuit
1137 584 1252 608 matrem
1269 589 1331 608 cum
1345 581 1489 608 sororibus
1503 589 1519 607 a
1533 581 1631 616 palatio
1644 581 1817 614 submovere,

1027 626 1154 660 praecepit
1170 626 1236 653 mihi
1253 631 1282 654 ut
1297 626 1358 654 illas
1377 628 1559 660 attenderem,
1575 635 1644 663 quas
1659 635 1709 662 ego
1721 627 1819 656 invitas

1026 672 1178 699 tondendas
1202 680 1256 700 non
1283 673 1449 701 existimavi.
1470 674 1526 701 llas
1545 681 1612 708 ergo
1635 674 1670 701 ob
1690 681 1788 702 causas
1803 682 1818 702 ιι

1026 718 1124 746 throno
1138 720 1300 747 deturbatus
1317 727 1390 752 sum,
1407 725 1435 747 et
1456 721 1580 754 pulsatus
1593 724 1675 755 atque
1689 720 1817 748 elimina-

1027 768 1082 798 tus,
1097 770 1125 792 et
1136 766 1163 792 in
1179 765 1305 793 custodia
1324 766 1507 800 vinculisque,
1523 774 1585 793 eum
1601 767 1634 794 iis
1650 767 1697 802 qui
1711 775 1817 795 mecum

1026 809 1102 837 fuere
1131 815 1341 845 senserunlque,
1365 811 1458 838 eadem
1483 811 1581 845 passis,
1604 811 1731 839 detentus
1755 817 1820 839 ante

1024 855 1148 890 judicum
1170 861 1326 883 vestrorum
1351 856 1510 884 adventum.
1528 858 1596 884 Cum
1611 861 1701 884 autem
1719 858 1752 884 ad
1771 865 1819 885 vos

991 893 1010 921 Β
1024 902 1139 936 litteras,
1158 902 1258 937 quibus
1285 903 1428 937 episcopos
1451 907 1552 930 statum
1574 910 1666 930 rerum
1694 903 1818 930 omnium

1023 947 1204 980 docebanius,
1224 956 1272 982 per
1287 948 1465 975 Laurentium
1488 948 1679 983 presbyterum
1697 952 1725 975 et
1749 949 1819 976 duos

1025 992 1179 1028 Stcphanos
1196 993 1367 1021 dedissemus
1388 994 1516 1029 (quorum
1531 995 1600 1021 alter
1615 993 1813 1026 subdiaconus,

1023 1039 1090 1067 alter
1099 1039 1205 1075 laicus).
1217 1039 1277 1067 illos
1285 1039 1366 1067 etiam
1381 1045 1553 1066 sacramento
1561 1039 1711 1074 adegimus,
1723 1040 1761 1066 uti
1771 1047 1819 1067 eas

1023 1083 1074 1119 ipsi
1089 1091 1172 1111 manu
1185 1091 1233 1113 sua
1245 1088 1296 1111 tua:
1305 1084 1441 1112 sanctitati
1454 1085 1635 1120 porrigerent,
1650 1084 1717 1111 nihil
1727 1092 1817 1119 egere.

1057 1128 1112 1157 Nos
1136 1137 1201 1156 vero
1226 1133 1256 1156 ut
1279 1129 1348 1164 jussi
1369 1138 1465 1157 sumus
1487 1130 1520 1157 ad
1541 1130 1660 1158 tribunal
1676 1129 1819 1165 Caiphano

1023 1182 1078 1201 non
1102 1174 1229 1202 absimile
1251 1181 1423 1209 c0mparere,
1437 1173 1472 1201 ad
1493 1174 1648 1201 sanctitatis
1662 1178 1758 1202 vestra:
1773 1173 1818 1208 ju-

1022 1219 1123 1247 dicium
1139 1226 1238 1255 magno
1253 1220 1372 1247 clamore
1387 1219 1611 1254 provocavimus.
1626 1219 1680 1246 Sed
1696 1227 1749 1246 non
1759 1225 1820 1247 erat.

1022 1263 1070 1299 qui
1087 1271 1137 1291 nos
1159 1264 1275 1291 audiret.
1288 1263 1388 1291 Deinde
1406 1272 1515 1291 rursum
1539 1264 1615 1291 citati
1639 1258 1816 1298 rogai‘imus:

1022 1308 1165 1342 Quomodo
1180 1316 1240 1340 nos,
1254 1316 1271 1336 ο
1286 1309 1391 1341 Patres,
1406 1308 1508 1343 junctis
1530 1308 1706 1343 comparere?
1717 1312 1746 1335 ut
1760 1315 1819 1336 mo-

1023 1356 1125 1382 nachos
1138 1359 1164 1382 et
1176 1354 1331 1388 damnatos,
1349 1362 1383 1381 an
1396 1358 1425 1381 ut
1439 1354 1627 1389 judicandos?
1644 1353 1696 1387 Qui
1716 1361 1819 1381 renun-

1024 1401 1128 1428 tiarunt
1141 1409 1148 1428 :
1164 1399 1280 1428 Perinde
1292 1405 1322 1428 ut
1334 1400 1407 1436 digni
1423 1401 1502 1429 estis.
1518 1399 1602 1428 Sacro
1617 1400 1703 1434 igitur
1717 1405 1817 1428 ornatu

1024 1446 1111 1474 induti
1125 1447 1158 1474 ad
1175 1447 1333 1480 concilium,
1351 1447 1405 1474 imo
1424 1447 1610 1479 latrocinium,
1624 1446 1793 1482 perreximus
1807 1454 1816 1474 ι

1023 1500 1142 1527 cumque
1164 1492 1220 1528 jam
1250 1500 1333 1528 prope
1352 1492 1525 1525 abessemus,
1542 1493 1670 1520 submisit
1685 1498 1818 1529 tyrannus

1026 1539 1053 1565 in
1069 1538 1205 1573 publicam
1218 1538 1302 1570 viam,
1316 1538 1362 1574 qui
1376 1539 1462 1566 sacris
1478 1546 1528 1566 nos
1541 1539 1661 1566 vestibus
1675 1544 1815 1566 exuerent.

1027 1582 1150 1618 Cumque
1170 1582 1226 1617 jam
1251 1583 1284 1610 ad
1309 1583 1439 1618 templum
1460 1583 1578 1618 protrusi
1601 1591 1741 1616 essemus,
1761 1588 1817 1612 tres

1027 1628 1148 1664 praedicti
1162 1629 1285 1664 judicum
1303 1629 1431 1663 viatores,
1448 1629 1611 1658 Laurentius
1626 1635 1653 1657 et
1668 1633 1722 1657 duo
1736 1630 1816 1658 Sthe-

1027 1673 1109 1708 pliani
1126 1674 1160 1701 ad
1176 1682 1225 1701 nos
1241 1674 1396 1707 mittuntur,
1415 1675 1461 1710 qui
1488 1675 1520 1702 ad
1546 1683 1611 1703 me:
1630 1675 1699 1709 Quid
1715 1681 1754 1709 tu,
1775 1677 1818 1704 in-

1027 1719 1136 1754 quiunt,
1154 1724 1193 1747 tot
1210 1720 1245 1747 ob
1259 1720 1374 1748 crimina
1390 1721 1536 1748 damnatus
1556 1726 1817 1757 exauctoratusque,

1027 1772 1132 1792 Sacram
1152 1772 1240 1793 tamen
1264 1767 1361 1794 stolam
1386 1773 1471 1794 ausus
1489 1774 1519 1794 es
1535 1766 1668 1795 induere?
1687 1766 1758 1802 Ergo
1774 1776 1818 1796 me

1026 1819 1074 1846 per
1098 1811 1151 1837 vim
1176 1819 1191 1838 ιι
1212 1812 1279 1839 meis
1303 1811 1426 1839 avulsum
1451 1813 1540 1840 solum
1564 1813 1598 1840 ad
1626 1814 1817 1849 imperatorem

1027 1857 1138 1888 sistunt,
1157 1857 1204 1892 qui
1227 1864 1270 1884 me
1302 1858 1476 1885 contumeliis
1492 1859 1629 1894 extemplo
1646 1864 1751 1888 onerat.
1766 1859 1819 1888 Re-

1027 1902 1176 1936 spondente
1197 1910 1280 1937 porro
1298 1911 1358 1935 me,
1375 1904 1498 1931 convicia
1525 1905 1606 1938 paulo
1627 1905 1736 1933 mitiora
1757 1914 1818 1934 esse

1027 1948 1180 1980 tormentis,
1204 1949 1342 1983 paululum
1366 1950 1496 1984 repressit
1524 1949 1661 1982 furorem,
1680 1951 1818 1986 jussitque

1027 1995 1053 2022 in
1070 1995 1158 2030 ligneo
1172 2003 1284 2022 scamno
1299 2004 1340 2023 mc
1355 1996 1458 2023 Sedere.
1471 1996 1578 2023 Interim
1600 2005 1661 2024 cum
1678 1997 1758 2023 verba
1775 1997 1818 2024 ul-

1028 2045 1070 2067 tro
1087 2041 1210 2075 citroque
1228 2041 1322 2068 tierent
1339 2061 1346 2074 ,
1366 2043 1458 2077 rogavi
1475 2047 1504 2069 ut
1522 2042 1710 2070 liliodoaldum
1726 2047 1753 2070 et
1769 2042 1819 2069 Za-

1027 2086 1149 2113 chariam
1165 2086 1267 2121 legatos
1280 2092 1342 2114 tuos
1356 2087 1451 2114 liceret
1464 2088 1530 2114 milii
1542 2088 1673 2120 salutare,
1690 2087 1818 2124 factaque

1028 2137 1160 2167 potestate
1183 2141 1231 2160 eos
1254 2134 1441 2167 consalutavi,
1463 2139 1544 2169 atque
1570 2135 1748 2169 interrogavi,
1770 2136 1816 2169 qui

1028 2177 1164 2207 adessent.
1190 2179 1299 2216 Legati,
1328 2180 1470 2215 inquiunt,
1496 2189 1591 2208 sumus
1619 2180 1721 2208 Nicolai
1740 2189 1824 2216 papte‘

994 2239 1014 2266 η
1030 2217 1164 2258 Romani,
1190 2234 1280 2253 causa:
1309 2231 1362 2253 tute
1390 2227 1589 2261 cognoscenda:
1612 2227 1697 2262 gratia
1727 2227 1815 2255 missi.

1029 2271 1164 2304 Quaerenti
1183 2279 1310 2304 rursum,
1332 2279 1366 2298 an
1387 2279 1401 2298 a
1418 2272 1562 2299 sanctitate
1585 2277 1629 2299 tua
1653 2273 1757 2300 litteras
1782 2273 1816 2300 ad

1028 2326 1070 2344 me
1090 2318 1231 2351 baberent,
1257 2317 1467 2352 responderunt,
1498 2318 1587 2345 nullas
1604 2325 1633 2346 se
1650 2318 1767 2351 habere;
1784 2327 1825 2346 eo-

1027 2364 1109 2398 quod,
1128 2364 1252 2396 aiebant,
1279 2371 1332 2391 non
1355 2364 1389 2390 ad
1414 2364 1608 2398 patriarclnam,
1631 2364 1677 2392 scd
1699 2364 1732 2391 ad
1754 2372 1816 2392 cum

1027 2411 1072 2445 qui
1086 2411 1110 2436 in
1125 2409 1282 2445 provinciali
1299 2409 1415 2437 concilio
1440 2418 1491 2437 suo
1510 2409 1656 2437 damnatus
1670 2415 1752 2443 esset,
1768 2419 1816 2439 νου

1028 2455 1160 2487 nit-emus,
1184 2455 1270 2490 parati
1293 2455 1384 2482 omnia
1407 2463 1440 2482 ex
1460 2463 1595 2483 canonum
1617 2457 1733 2484 decretis
1751 2457 1818 2484 deli-

1028 2501 1096 2528 nire.
1120 2500 1202 2536 Ergo,
1225 2501 1348 2535 inquam,
1376 2501 1451 2536 prius
1474 2501 1628 2529 adulterum
1654 2507 1815 2531 removete:

1028 2546 1100 2581 quod
1115 2547 1136 2573 si
1149 2547 1236 2573 facere
1251 2554 1305 2573 non
1324 2548 1450 2581 potestis.
1466 2555 1501 2575 ne
1521 2548 1627 2581 iudices
1656 2548 1766 2583 quidem
1784 2556 1817 2576 e-

1028 2592 1088 2619 stis.
1103 2592 1154 2624 Qui
1174 2601 1256 2620 manu
1281 2593 1473 2628 imperatorem
1490 2594 1642 2622 iudicantes
1656 2603 1663 2622 :
1680 2595 1717 2622 lla
1733 2595 1819 2630 impc-

1029 2644 1082 2670 ral,
1099 2639 1237 2674 inquiunt,
1255 2639 1309 2666 ille.
1326 2639 1428 2667 Deinde
1445 2641 1556 2675 palatini
1579 2641 1612 2668 ad
1633 2648 1675 2668 mc
1692 2641 1823 2668 conversi-

1028 2684 1184 2716 IIOrtantur,
1199 2685 1366 2720 exiguntque
1389 2693 1461 2713 nunc
1479 2686 1658 2718 consulendo,
1676 2693 1749 2712 nllltc
1763 2685 1816 2712 mi-

1029 2730 1153 2762 nitando,
1168 2731 1367 2759 abdicationem
1385 2740 1391 2758 :
1409 2732 1455 2759 sed
1475 2732 1587 2759 frustra.
1613 2731 1684 2765 Ergo
1697 2731 1730 2758 ad
1757 2739 1818 2759 me5

1029 2777 1208 2812 tropolitanos
1221 2778 1304 2810 versi,
1318 2777 1387 2805 alios
1402 2778 1462 2805 aliis
1477 2777 1622 2805 calumniis
1641 2782 1669 2803 ct
1682 2776 1816 2804 crimina-

1029 2823 1152 2850 tionibus
1162 2823 1401 2855 insertantur,cur
1414 2823 1527 2853 scilicet.
1537 2822 1642 2857 quijam
1652 2821 1822 2855 depositioni:

1029 2877 1097 2898 mea:
1105 2871 1382 2906 nonzrepugnossent,
1394 2877 1466 2896 nunc
1476 2869 1566 2896 denuo
1580 2876 1623 2895 me
1633 2868 1821 2904 patriarcltanr
