2083 3155
171 159 227 193 865

624 161 796 192 ANONYMI
817 161 904 192 VITA
926 162 956 193 S.
978 163 1133 194 NICULAI
1156 164 1337 195 STUDITJE.

1743 163 1796 194 866

171 216 294 253 μτικῶς
305 217 319 243 6
331 217 403 252 παρὰ
412 217 466 243 τῶν
477 216 583 243 πολλῶν
596 217 776 253 ἔξηχούμενος
787 217 956 252 καθέστηκεν

1009 219 1072 246 inde
1088 220 1223 246 connnodi
1241 219 1363 251 accedet,
1378 226 1535 254 quanquam
1555 217 1713 246 narratione
1727 225 1796 253 pra:-

169 265 280 294 ἐπαινος
295 273 302 280 ·
323 264 512 298 εὐφραίνονται
525 263 552 289 δὲ
570 265 594 290 at
618 263 688 297 λαοὶ,
704 265 735 291 τὸ
751 265 782 291 ἐκ
807 266 856 299 τῆς
871 264 956 299 ἀκοῆς

167 312 200 345 τῇ
212 310 284 345 ψυχῇ
293 309 523 344 παραπέμποντες
535 309 640 343 ὄφελος.
652 309 760 345 Μνήμῃ
769 310 824 344 γὰρ
838 311 956 337 δικαίου

168 356 429 391 εὐφρανθήσονται
444 355 512 382 λαοὶ
541 356 652 382 πολλοί
677 357 732 391 (1)·
763 346 956 391 καίμάλιστα

168 403 249 437 ἡμεῖς
268 403 281 428 6
295 402 413 437 Χριστοῦ
431 401 514 433 λαό;¹”
533 403 550 437 ὴ
566 403 632 436 ἁγία
647 403 765 437 ποίμνηι
786 403 811 429 οί
837 402 955 437 φιλοπά-

170 456 248 482 τορες
262 447 342 482 ὁμοῦ,
364 448 412 474 καὶ
431 448 548 482 φιλόθεοι
575 447 803 483 χρηματίζοντες,
824 449 872 474 καὶ
895 449 956 475 καθ’

170 493 290 526 ἑκάστην
305 492 409 528 ταύτης
424 493 474 527 τῆς
490 493 651 524 πανδαισίας
667 493 715 528 τὴν
729 493 909 528 εὐφροσύνην,
921 495 955 529 τῇ

169 547 199 566 τε
221 539 402 574 παρεδρεύσει
425 539 479 565 τῶν
507 539 619 573 τάφων,
644 539 691 566 καὶ
721 540 754 574 τῇ
782 540 875 575 ἐπαφῇ
902 540 957 566 τῶν

170 585 251 620 ἱερῶν
264 585 311 612 καὶ
331 586 524 619 πνευματικῶν
541 585 711 619 ίυδαλμάτων
721 585 954 617 ὲπαπολαύοντες,

168 629 210 663 οἷς
224 631 331 666 ἀπόχρη
349 631 396 657 καὶ
412 631 493 665 μόνον
507 631 575 667 προς
601 632 702 666 ἀρετῆς
726 631 831 665 εἰκόνα,
851 632 956 664 τούτοις

168 677 224 703 τῶν
238 677 325 704 ἄλλων
340 678 412 712 ἡμᾶς
425 677 632 711 ὲναϐρύνεσθαι.

210 723 279 750 Ἀλλ’
295 723 415 758 ἡγείσθω
428 723 550 758 Χριστὸς
564 723 578 748 6
593 723 660 754 Θεὸς
676 719 755 750 ό”τοῦ
782 722 889 758 Πατρδς
904 723 956 750 Λό-

170 778 229 804 γος,
248 770 294 796 καὶ
316 768 384 795 Θεοῦ
408 769 489 803 σοφία
516 769 564 795 καὶ
586 768 711 804 δύναμις,
743 770 792 804 τῆς
816 768 957 804 ὲμπαθοῦς

170 816 187 850 ἡ
192 815 249 850 μῶν
263 815 381 847 διανοίας
395 815 425 841 τὸ
435 815 632 847 ἀναπεπτωκύς
643 824 672 842 τε
684 816 730 842 καὶ
747 815 868 851 ῥᾴθυμον
885 816 957 850 διορ-

171 861 312 896 θούμενος,
325 861 371 888 καὶ
386 861 465 895 λόγον
479 862 507 887 ὲν
530 861 632 894 ἀνοίξει
649 861 814 896 προτεινὲτω
833 861 879 887 τοῦ
893 861 955 887 στό-

170 915 266 943 ματος,
282 906 329 933 καὶ
343 906 392 941 τὴν
410 907 489 942 χεῖρα
503 907 571 941 πρὸς
584 906 632 941 τὴν
644 907 761 941 γραφῖδα
777 907 886 933 κινείτω
900 906 954 934 τῶν

169 951 217 979 τοῦ
231 953 338 988 Πατρδς
352 953 516 988 διηγήσεων,
531 953 582 987 τὴν
593 953 715 987 εἰρεσίαν
727 953 774 979 τοῦ
790 953 872 987 λόγου
886 962 954 981 παν-

169 997 283 1033 ταχόθεν
299 998 337 1029 ὡς
357 998 435 1032 λόγος
450 998 740 1033 προσλαμϐανόμενος.

194 1039 298 1075 λοῦιος,
312 1042 356 1069 ἴνα
369 1042 467 1078 μικρὸν
480 1043 514 1077 τῇ
526 1041 719 1078 ἐκθρεψαμένῃ
734 1041 829 1068 τοῦτον
843 1041 955 1075 πατρίδι

169 1088 438 1124 προσδιατρίψωμεν,
454 1088 504 1122 ἔφυ
518 1088 568 1123 μὲν
579 1087 625 1114 οὖν
638 1089 669 1114 ἐκ
685 1088 734 1124 τῆς
761 1087 815 1114 τῶν
836 1087 954 1123 Κρητῶν

167 1134 366 1169 εὺκλεεστάτης
378 1135 470 1169 νήσου,
488 1133 550 1160 τότε
567 1135 599 1169 τῇ
616 1134 736 1169 Χριστοῦ
763 1134 956 1168 πυκαζομένης

168 1179 311 1215 ἐλευθερίᾳ
323 1187 330 1194 ·
345 1180 425 1216 ῥώμῃ
441 1184 471 1206 τε
488 1179 592 1211 λοιπὸν,
611 1180 658 1206 καὶ
671 1180 784 1214 μεγέθει
797 1180 955 1214 κτισμάτων

168 1224 315 1260 αὐχούσης,
328 1225 353 1251 εί
369 1225 462 1252 καὶτὰ
474 1225 521 1252 νῦν
545 1225 582 1261 (2)
600 1225 644 1252 ἐπ’
658 1225 726 1261 αὐτῇ
745 1226 778 1252 τὰ
801 1225 884 1252 παλαι
903 1234 955 1260 μυ-

169 1270 241 1305 σαρὰ
260 1271 309 1306 τῆς
322 1271 414 1307 ’Δγαρ
428 1271 611 1306 ἁμϐλώματα,
636 1272 683 1298 καὶ
695 1272 709 1298 6
731 1272 781 1307 τῆς
808 1272 956 1306 παιδίσκης

169 1316 216 1343 τοῦ
235 1316 348 1353 Ἰσμαὴλ
359 1318 544 1353 πονηρότατος
555 1318 642 1351 γόνος,
657 1317 706 1353 τὴν
727 1319 758 1344 ἐκ
784 1317 831 1345 τοῦ
861 1318 955 1345 Ἰσαὰκ

169 1363 210 1395 εἰς
224 1364 342 1399 Χριστοῦ
363 1364 447 1391 τύπον
463 1364 649 1400 προελθοῦσαν
667 1365 786 1400 ποίμνην
799 1365 954 1396 νεόλεκτον,

169 1410 185 1436 6
199 1412 250 1444 τῆς
276 1411 421 1446 μαστιγίας
437 1410 493 1447 [ίσ.
526 1411 683 1447 μαστιγίου]
700 1412 809 1446 οἰκέτης
825 1412 954 1446 κατεδου-

169 1455 285 1489 λώσατο,
315 1458 372 1488 τοῖς
399 1457 492 1489 ὅπλοις
514 1457 569 1484 τῶν
594 1458 737 1492 ἡμετέρων
759 1458 864 1490 κακῶν,
894 1457 954 1484 καθ’

168 1502 247 1536 ἡμῶν
260 1502 505 1538 στρατευσάμενος.
534 1503 572 1538 Τῇ
594 1503 648 1538 γὰρ
665 1503 791 1538 ἀθετήσει
810 1503 863 1530 τῶν
882 1504 956 1530 ἐντο-

1009 267 1082 294 clare
1095 268 1259 302 composita,
1268 266 1388 294 laudatio
1399 267 1458 300 ejus
1476 266 1546 300 apud
1563 266 1653 300 plures
1666 270 1776 292 resonet
1788 273 1796 292 :

1009 320 1104 340 verum
1123 313 1214 348 populi
1230 313 1353 339 laetitiam
1377 311 1527 344 habebunt,
1544 311 1579 338 ab
1601 319 1668 338 aure
1684 310 1717 337 ad
1734 310 1796 337 ani-

983 360 985 364 '
1009 366 1084 385 mum
1112 358 1267 386 derivantes
1293 358 1366 392 quod
1394 357 1459 384 utile
1488 361 1530 384 est
1551 366 1558 384 :
1577 357 1704 383 Memoria
1727 356 1796 383 enim

1003 402 1072 435 justi
1093 401 1254 429 lwlabuntur
1271 401 1361 436 populi
1385 401 1462 428 mulli
1481 400 1489 415 ¹
1509 407 1634 435 :nosque
1654 400 1681 426 in
1698 400 1796 434 primis

1008 449 1111 477 Christi
1132 449 1266 484 populus;
1280 453 1393 476 sanctus
1410 455 1475 482 grex
1493 457 1499 475 :
1524 447 1572 482 qui
1586 452 1613 474 et
1625 445 1716 473 Patris
1734 445 1797 472 Dei-

1008 503 1061 530 que
1084 496 1186 530 pariter
1203 499 1327 522 amantes
1341 501 1448 526 sumus,
1462 494 1564 528 quique
1581 492 1704 528 quotidie
1724 499 1792 519 con-

1008 541 1073 568 vivii
1094 541 1176 576 hujus
1197 541 1370 568 dulcedinem
1406 540 1584 575 percipimus,
1613 539 1645 566 ad
1668 539 1796 573 sepulcra

1008 587 1124 619 assidui,
1138 594 1336 621 sacrorumque
1346 593 1378 613 ac
1393 585 1559 620 spiritalium
1580 585 1791 612 simulacrorum

1008 633 1235 663 contrectatione.
1250 632 1350 667 quibus
1362 631 1404 658 vel
1417 631 1442 658 id
1458 631 1546 658 solum
1559 630 1592 657 ad
1606 629 1715 657 virtutis
1726 629 1796 656 ima-

1009 680 1110 714 ginem,
1127 686 1182 713 prae
1197 678 1268 710 aliis,
1283 677 1358 706 hisce
1375 677 1495 712 gloriari,
1509 676 1616 703 suﬂicit.

1045 725 1144 752 Verum
1163 725 1243 752 nobis
1257 732 1360 758 auspex
1373 724 1409 751 sit
1422 724 1547 751 Christus
1559 723 1639 754 Deus,
1661 729 1694 750 ac
1706 721 1797 749 Patris

1007 771 1138 803 Verbum,
1159 770 1261 805 Deique
1279 770 1413 804 sapientia
1424 773 1451 796 et
1471 768 1571 800 virttis,
1591 767 1694 796 atiecta:
1716 775 1794 794 men-

1009 816 1044 844 tis
1060 820 1163 844 nostra;
1174 816 1311 851 pigritiam
1339 823 1371 843 ac
1387 815 1531 850 segnitiem
1556 814 1696 848 corrigens
1713 822 1720 846 ;
1734 820 1794 840 ser-

1009 870 1172 898 monemque
1185 862 1334 897 pra'tcndat
1345 862 1372 889 in
1387 861 1444 889 oris
1459 860 1618 895 apertione’
1634 866 1666 887 ac
1679 866 1790 886 manqu

1010 917 1132 942 movens,
1149 909 1182 936 ad
1202 913 1341 944 gestorum
1368 908 1459 935 Patris
1473 906 1644 935 scribendam
1661 905 1796 932 narratio-

1010 964 1082 988 nem,
1101 955 1235 983 sermonis
1259 955 1442 989 undeqnaque
1462 951 1633 984 moderandi,
1665 955 1795 985 tanquam

1009 1010 1101 1030 sermo
1131 1002 1198 1037 ipse,
1215 1009 1309 1029 curam
1328 1000 1470 1036 suscipiat.

1062 1048 1108 1074 Vir
1132 1048 1237 1078 iste,ut
1264 1054 1360 1081 parum
1375 1042 1442 1081 quid
1468 1052 1607 1073 moremur
1632 1043 1659 1070 in
1687 1042 1786 1078 patriaI

1009 1102 1070 1130 qua:
1088 1094 1223 1125 educavit,
1237 1092 1288 1120 fuit
1312 1091 1424 1128 quidem
1445 1091 1578 1119 oriundus
1592 1090 1670 1118 Creta
1694 1088 1792 1116 claris-

1009 1142 1078 1168 sima
1093 1140 1195 1172 insula,
1206 1139 1307 1166 Christi
1323 1144 1388 1166 tunc
1400 1137 1526 1165 libertate
1543 1137 1621 1166 fulta,
1637 1135 1797 1169 viribusque

1010 1187 1140 1221 deinceps
1156 1193 1189 1212 ac
1212 1184 1390 1212 aediﬁciorum
1418 1183 1605 1218 magnitudine.
1632 1181 1767 1215 gloriante
1786 1187 1793 1206 :

1011 1240 1167 1268 quanquam
1201 1231 1227 1258 in
1240 1238 1271 1258 ea
1296 1228 1570 1262 nunc,exseerand:e
1599 1227 1664 1254 olim
1693 1225 1792 1261 Agaris

1010 1278 1128 1309 abortio,
1147 1276 1325 1310 lsmaelisque
1339 1275 1446 1302 ancilla
1471 1274 1518 1300 ﬁlii
1535 1280 1622 1308 genus
1643 1271 1794 1306 pessimum

1011 1324 1038 1351 in
1052 1323 1155 1351 Christi
1176 1323 1290 1358 figuram
1305 1329 1338 1350 ex
1353 1321 1426 1348 Isaac
1443 1325 1533 1347 ortum
1550 1325 1627 1346 nova:
1651 1316 1795 1344 electionis

1010 1377 1142 1406 gregem:
1167 1375 1275 1401 servus,
1298 1368 1421 1402 inquam,
1448 1364 1589 1400 ﬂagrionis
1617 1363 1717 1398 proles,
1744 1369 1795 1388 no-

1009 1421 1130 1444 strorum
1147 1415 1280 1443 scelerum
1298 1414 1325 1440 in
1342 1421 1391 1440 nos
1406 1412 1490 1439 armis
1503 1415 1592 1442 utens,
1609 1410 1635 1436 in
1651 1407 1794 1443 capthita-

1011 1468 1063 1490 tem
1076 1460 1254 1496 redegit/Dei
1278 1459 1412 1494 siquidem
1428 1457 1618 1484 mandatorum
1635 1454 1793 1483 violatione,

1009 1509 1120 1537 caeleste
1135 1516 1149 1534 a
1168 1507 1247 1534 nobis
1271 1505 1402 1532 auxilium
1420 1503 1593 1538 repellentes,
1608 1501 1794 1535 voluptatum-

168 1548 222 1574 λῶν
233 1568 241 1580 ,
255 1549 305 1584 τὴν
317 1549 421 1576 ἄνωθεν
439 1548 524 1584 ῥοπὴν
542 1550 730 1584 ἀπωσάμενοι,
750 1550 797 1576 καὶ
810 1552 842 1585 τῇ
860 1551 954 1586 ἐπιμι-

1009 1563 1062 1591 que
1094 1553 1233 1585 mistione,
1259 1552 1343 1579 animi
1372 1550 1566 1587 ingenuitatem
1599 1548 1790 1576 immutantes,

169 1593 213 1629 ξίᾳ
223 1594 279 1621 τῶν
291 1595 391 1630 ἡδονῶν
403 1595 434 1621 τὺ
449 1595 560 1629 εὐγενὲς
572 1597 622 1630 τῆς
636 1596 726 1630 ψυχῆς
748 1595 956 1629 ἀλλοιώσαντες,

169 1640 371 1677 παρεδόθημεν,
381 1642 538 1677 Γραφικῶς¹
550 1644 648 1674 εἰπεῖν,
663 1643 706 1669 ἐπ’
721 1642 792 1670 ἔθνει
819 1642 954 1679 ἀσυνέτῳ,

169 1687 202 1721 τῇ
218 1686 341 1722 ἀλλήλων
351 1688 534 1723 αίματοχυσίςι
549 1688 806 1724 καταδουλούμενοι.

208 1733 268 1759 Ὶνα
281 1732 310 1759 δὲ
335 1733 395 1759 καθ’
423 1733 519 1768 εἱρμὸν
533 1735 547 1760 6
570 1733 648 1767 λόγος
678 1734 833 1770 προϐαίνων
856 1735 912 1770 ἔχοι
926 1735 956 1762 τὸ

169 1779 315 1812 χρήσιμον,
331 1778 441 1812 ἀγέσθω
465 1779 556 1805 τοίνυν
580 1779 620 1810 εἰς
636 1779 719 1814 μέσον
747 1781 761 1807 ὁ
786 1780 893 1815 πρῶτος
906 1781 957 1815 τῆς

169 1823 311 1855 εὐσεϐείας
327 1825 430 1860 ταύτης
445 1825 637 1860 διειλημμένος
652 1826 714 1857 τοὺς
730 1825 838 1859 οἴακας,
854 1827 932 1858 Τῖτος
943 1828 957 1853 6

170 1869 258 1904 μέγας
273 1870 433 1902 ἀπόστολος,
452 1872 499 1897 καὶ
525 1871 674 1898 δεικνυέτω
685 1871 711 1897 τί
736 1871 804 1906 πρὸς
821 1872 912 1904 αὑτὸν,
927 1872 958 1898 τὸ

133 1916 137 1919 “
170 1915 267 1947 σκεῦος
292 1916 342 1951 τῆς
366 1916 482 1951 ἐκλογῆς
508 1917 573 1952 περὶ
607 1917 661 1943 τῶν
684 1915 774 1951 ἀὐτῆς
805 1919 956 1953 οἰκητόρων

169 1960 290 1994 διέξεισι,
305 1961 399 1988 τυπῶν
413 1962 452 1997 τῷ
462 1962 533 1997 λόγῳ
554 1962 599 1989 τὸν
615 1963 697 1998 νόμον
720 1963 768 1989 τοῦ
788 1963 955 1997 Πνεύματος.

176 2006 287 2042 Ἐπειδὴ
316 2007 370 2042 γὰρ
387 2007 460 2043 ἐώρα
473 2008 508 2034 δι’
531 2008 667 2043 ἀκρασίας
685 2008 823 2043 ὲπιμόνως
848 2009 958 2040 τούτους

1012 1590 1105 1626 traditi
1126 1604 1231 1628 sumus,
1251 1601 1280 1623 ut
1301 1595 1392 1623 verbis
1423 1593 1573 1628 Scriptura:
1592 1596 1664 1622 utar,
1679 1590 1707 1617 in
1727 1597 1796 1625 gen-

1011 1649 1066 1673 tem
1096 1643 1270 1678 insipientem
1292 1642 1322 1675 ³,
1339 1646 1434 1669 mutua
1456 1639 1620 1674 sanguinum
1647 1636 1794 1668 ell'usione,

1009 1690 1089 1718 fracti
1104 1697 1136 1716 ac
1153 1688 1270 1716 subacti.

1047 1735 1083 1764 Ut
1108 1740 1198 1762 autem
1223 1734 1310 1761 oratio
1326 1732 1395 1761 serie
1409 1733 1526 1768 quadam
1553 1730 1705 1766 procedens
1719 1735 1796 1756 com-

1011 1782 1122 1809 modum
1145 1780 1260 1811 habeat,
1278 1780 1304 1806 in
1328 1779 1447 1806 medium
1473 1778 1650 1811 producatur,
1666 1774 1713 1810 qui
1737 1773 1795 1808 pri-

1013 1835 1074 1855 mus
1088 1827 1148 1860 ejus
1162 1825 1258 1852 insubc
1273 1825 1380 1860 pietatis
1395 1823 1577 1860 gubernacula
1596 1821 1728 1855 suscepit,
1740 1827 1797 1846 ma-

1012 1882 1082 1908 gnus
1097 1872 1202 1900 scilicet
1217 1871 1295 1898 Titus
1307 1871 1459 1905 apostolus,
1475 1877 1506 1897 ac
1519 1869 1582 1904 quid
1593 1868 1627 1895 ad
1647 1868 1735 1902 ipsum
1749 1873 1796 1892 vas

1010 1918 1152 1945 electionis
1175 1916 1208 1944 de
1222 1917 1282 1951 ejus
1297 1915 1395 1943 incolis
1417 1915 1561 1947 edisserat,
1574 1913 1721 1947 designans
1739 1919 1796 1938 scr-

1012 1971 1093 1991 mone
1115 1963 1228 1997 spiritus
1246 1963 1343 1997 legem,
1366 1961 1502 1989 ostendat.
1523 1960 1590 1987 Nam
1609 1959 1672 1994 quia
1689 1966 1736 1993 per
1755 1957 1797 1984 in-

1012 2010 1224 2044 temperantiam
1241 2009 1268 2035 in
1284 2008 1359 2036 omni
1373 2007 1550 2043 pervicaciter
1565 2005 1630 2033 vitio
1652 2004 1796 2032 insanien-

206 2083 220 2119 '_
235 2084 316 2113 Prov.
327 2093 366 2118 ιι,
382 2086 426 2113 10.
464 2088 474 2103 ¹
490 2087 558 2122 Eph.
573 2095 610 2120 vt,
621 2087 665 2115 i9.
705 2087 802 2115 'Dcut.
813 2095 899 2122 xxxn,
917 2088 948 2115 2|

1010 2096 1058 2115 im.
1074 2096 1100 2120 x,
1118 2088 1162 2116 19.

749 2154 873 2182 FRANC.
887 2155 1079 2186 COMBEFISII
1098 2153 1217 2183 NOTAE.

208 2213 247 2247 (I)
268 2211 356 2238 Etiam
374 2211 497 2247 Andreas
514 2210 639 2239 Cretens.
657 2211 685 2238 in
698 2211 760 2238 Tito
772 2219 831 2238 eam
847 2217 958 2240 scnten-
975 2214 997 2241 D
1011 2217 1128 2245 constat,
1147 2219 1208 2238 eum
1238 2219 1251 2238 a
1279 2210 1365 2246 prima
1380 2210 1432 2247 _i|ia
1459 2213 1637 2247 occupatione
1665 2209 1724 2247 sub_
1743 2209 1794 2247 liii-

170 2246 241 2275 tiain'
252 2247 321 2274 citat
330 2255 362 2282 ex
374 2246 528 2282 Salomone,
545 2255 625 2280 quam
640 2250 667 2274 et
679 2247 704 2273 in
715 2247 828 2273 Nicolao
842 2247 957 2282 Myrensi

170 2282 270 2317 repetit
296 2290 303 2308 :
321 2281 588 2317 A’nymptagopévou
603 2281 708 2307 δικαίου
723 2281 959 2317 εὐφρανθήσονται

172 2315 289 2344 οἷ’λαοί·
316 2315 451 2342 Laudibus
463 2316 532 2350 justi
554 2316 714 2343 lwlabuntur
729 2315 827 2351 populi.
850 2315 877 2343 in
900 2318 960 2343 loco

172 2353 234 2380 libri
258 2351 337 2378 Prov.
360 2358 440 2384 quem
464 2352 578 2385 ascripsi
595 2359 682 2386 marg.
710 2353 790 2386 patilo
811 2351 890 2378 aliter
905 2357 958 2383 est,

173 2388 203 2413 ὲν
227 2387 340 2420 ἀγαθοῖς
360 2385 471 2421 δικαίων
496 2385 660 2420 κατώρθωσε
686 2387 702 2421 ἡ
727 2386 814 2417 πόλις,
833 2387 860 2412 in
885 2387 959 2414 bonis

169 2422 317 2457 justorum.
345 2420 471 2457 pra‘clarc
500 2421 592 2457 habuit
617 2421 734 2457 Vcivilas;
768 2421 814 2457 ubi
843 2421 958 2453 Tiu-od.,

173 2455 409 2491 εὐφρανθήσονται
427 2455 530 2492 πόλεις,
548 2455 710 2482 ίαιιαίηιηιαν
726 2456 845 2483 civitates
858 2464 867 2482 :
883 2457 957 2492 Sytn.

174 2491 396 2526 ἀγαλλιὰσονται,
416 2491 606 2523 exsultabant;
626 2492 697 2525 quod
719 2498 815 2525 parum
836 2491 921 2519 abest.

209 2526 248 2561 (Ξ)
276 2525 378 2553 lndicat
402 2531 508 2561 auctor,
533 2534 583 2553 suo
616 2526 705 2553 adhuc
731 2531 851 2560 tempore
875 2527 960 2553 fuisse

173 2561 282 2589 Cretam
300 2561 415 2587 ditionis
430 2560 640 2596 saracenorum,
654 2568 809 2595 quanquam
824 2561 960 2596 signilirat

174 2597 320 2630 scripsisse
343 2596 388 2622 diu
413 2602 428 2622 a
449 2594 551 2622 Nicolai
583 2594 668 2627 obitu,
694 2595 771 2628 enjus
794 2594 958 2623 i’ere‘mcdia

173 2636 254 2658 aetate
266 2630 347 2658 Tui-ci
362 2631 476 2657 insulam
491 2636 635 2664 ceperunt;
652 2638 748 2664 nempe
764 2630 815 2657 sub
827 2630 959 2658 Michacle

174 2666 318 2700 Theophili
340 2671 426 2700 patre.
449 2664 567 2692 Proinde
594 2665 735 2700 seripserit
753 2670 816 2692 ante
836 2670 958 2700 tempora

173 2700 320 2735 Nicephori
333 2700 439 2730 Phocea.
454 2708 468 2726 ιι
485 2708 539 2733 quo
554 2708 585 2727 ac
598 2708 727 2734 germano
746 2700 805 2734 ejus
816 2700 906 2727 Leone
918 2708 959 2727 rc-

174 2740 303 2770 cuperala
323 2735 382 2766 fuit.
404 2736 442 2762 uti
461 2735 547 2769 liquet
566 2743 601 2770 rex
627 2735 696 2762 actis
718 2735 747 2761 δ.
767 2735 876 2762 Niconis
898 2743 958 2762 mo-

175 2769 255 2797 nachi
273 2770 391 2799 hrmcni.
406 2770 484 2803 cujus
501 2769 693 2803 praedicatione
704 2770 769 2797 lides
783 2770 808 2796 iu
820 2777 851 2796 ea
869 2771 956 2797 insula

176 2806 326 2832 instaurata
351 2805 413 2831 fuit.
434 2805 510 2836 Quod
533 2810 625 2831 autem
651 2805 748 2831 Baron.
775 2813 838 2831 ann.
860 2805 907 2832 9ϋὶ
926 2813 957 2831 ex

175 2839 302 2873 Curoml.
320 2841 403 2866 refert.
418 2840 501 2866 fuisse
514 2840 591 2866 abiis
607 2844 804 2873 recuperatam,
819 2845 958 2874 postquam

176 2876 252 2902 armis
265 2876 347 2908 ferme
361 2875 536 2910 quadraginta
548 2875 633 2908 [μενοι
649 2880 784 2909 occupata,
796 2876 956 2902 mendosum

1012 2248 1107 2275 cluat-le
1127 2248 1160 2274 ad
1176 2247 1360 2281 Nicephorum
1380 2245 1499 2281 Phocatn
1515 2245 1645 2271 ﬂuxerint.
1661 2245 1724 2272 anni
1739 2245 1795 2271 cir-

1011 2283 1079 2309 citer
1107 2286 1216 2310 centum
1246 2279 1436 2316 quadraginta.
1465 2279 1524 2306 Non
1549 2285 1590 2306 est.
1618 2281 1793 2316 adimanum

1011 2317 1138 2352 pra-fatus
1157 2315 1398 2350 Curnpalates,'ut
1417 2316 1452 2352 ita
1471 2315 1613 2352 scripsisse
1632 2315 1730 2352 sciam,
1747 2319 1795 2341 aut

1011 2349 1084 2378 certe
1102 2349 1237 2386 scriptum
1253 2351 1441 2385 reprtescntari
1459 2350 1529 2384 apud
1550 2357 1620 2381 eum,
1642 2349 1712 2384 quod
1739 2357 1793 2386 non

1011 2388 1089 2414 aliter
1105 2385 1245 2417 acciderit,
1264 2393 1344 2419 quam
1369 2389 1472 2411 mutato
1495 2393 1542 2412 seu
1568 2385 1674 2411 sublato
1697 2385 1793 2418 majori

1010 2429 1137 2453 numero,
1155 2427 1184 2448 ut
1209 2422 1310 2455 passim
1335 2420 1361 2446 in
1388 2420 1447 2447 istis
1469 2421 1549 2447 solet.
1567 2419 1600 2446 Ut
1618 2427 1650 2455 ne
1666 2424 1793 2454 typogra-

1011 2457 1120 2491 phirum
1138 2454 1258 2483 errorem
1275 2456 1300 2481 in
1315 2455 1443 2486 Baronio,
1457 2462 1491 2491 ac
1504 2459 1603 2482 nostra:
1619 2454 1793 2491 Coloniensis

1009 2489 1135 2518 editionis
1155 2496 1257 2526 putem,
1277 2490 1351 2522 facit,
1366 2490 1437 2524 quod
1448 2490 1573 2526 _idipsum
1596 2490 1654 2523 lego
1678 2490 1704 2515 in
1719 2489 1794 2523 t'jllS‘

1009 2527 1070 2552 dem
1104 2524 1221 2559 ulrtiquc
1255 2525 1406 2552 hrt'viatorc
1446 2524 1605 2559 Spondano,
1645 2529 1793 2559 nostroque

1011 2561 1133 2588 Bzovio:
1157 2561 1295 2594 mirorque
1319 2560 1359 2587 sic
1385 2568 1480 2587 omnes
1502 2561 1552 2587 ista
1576 2560 1718 2589 devorare.
1742 2567 1792 2586 nec

1009 2597 1073 2630 qtlid
1105 2596 1224 2630 scrupuli
1250 2602 1280 2621 ea
1305 2594 1474 2629 Curopalatm
1500 2596 1661 2630 auctoritas
1677 2596 1790 2630 ingerat,

1009 2628 1126 2664 aperire.
1146 2628 1327 2658 consentiunt
1339 2634 1399 2657 acta
1417 2630 1445 2656 S.
1464 2629 1576 2657 Niconis
1592 2631 1626 2655 ‘27
1642 2628 1789 2655 Novembr.

1010 2667 1109 2699 quibus
1122 2665 1326 2693 habeturi‘uisse
1339 2670 1401 2700 tunc
1413 2665 1492 2695 [idem
1511 2673 1577 2700 pene
1589 2665 1749 2700 exstinctam
1764 2663 1790 2688 in

1009 2698 1040 2728 ea
1066 2701 1163 2732 insula,
1189 2708 1204 2726 a
1226 2700 1355 2727 diuturna
1377 2698 1574 2727 Saracenorum
1599 2698 1790 2733 occupatione,

1009 2744 1070 2763 cum
1099 2743 1147 2763 eos
1174 2734 1288 2762 Romani
1317 2735 1378 2761 inde
1406 2736 1577 2769 expulerunt.
1605 2732 1790 2769 Quadraginta

1009 2776 1099 2798 autent
1124 2778 1256 2796 aunormn
1283 2767 1523 2804 occupatithaud
1547 2773 1619 2795 tanta
1638 2767 1724 2794 videri
1741 2774 1790 2804 po-

1011 2811 1071 2836 test.
1089 2813 1149 2840 quae
1164 2813 1195 2831 ne
1213 2806 1244 2830 ad
1258 2801 1369 2832 ultimos
1385 2805 1493 2839 quidem
1509 2803 1609 2830 Nicolai
1624 2801 1789 2840 annosnpri-

1010 2837 1122 2876 mosque
1135 2839 1224 2866 Basilii
1237 2837 1409 2876 imperatoris
1422 2840 1586 2873 pervenerit,
1601 2837 1686 2864 tnulto
1698 2837 1788 2864 minus

1010 2876 1041 2902 ad
1059 2881 1179 2909 lcnqzora
1195 2875 1298 2909 pra-lati
1311 2875 1463 2908 Nicephori.
