2077 3157
212 912 222 922 ,
263 884 355 920 btur,
377 894 536 922 comparare
563 886 707 921 oportebat
730 893 738 912 :

253 194 302 225 871

975 182 1147 216 ΛΝΟΝῩΜΙ

1825 177 1879 210 872

255 257 286 278 nt
301 258 335 278 ne
347 257 400 285 qua
414 248 477 276 inde
494 245 639 275 monachis
656 244 781 273 molestia
806 245 891 272 lierct.
909 244 1038 271 l'roficie-

1102 242 1184 278 μυχῶν
1211 241 1337 276 κηδεμὼν
1359 239 1598 276 προμηθούμενος.
1618 238 1774 274 Προὲκοπτε
1787 239 1878 266 τοίνυν

256 298 303 326 bat
316 305 380 331 ergo
403 296 548 330 sapientia,
574 299 664 324 relate,
689 300 720 320 ac
743 293 830 328 gratia
849 292 871 320 ⁸.
890 293 1040 326 :eqnalinm

257 344 337 370 ludos
354 343 466 369 omnino
480 347 609 367 aversans
624 348 631 366 :
644 340 742 374 quippe
755 339 801 374 qui
815 347 830 366 a
846 346 930 374 puero
947 339 1043 366 admo-

258 391 323 417 dum
344 388 452 423 ingenio
469 387 565 413 dexter
589 393 672 421 atque
690 385 799 412 sobrius
815 389 896 412 esset.
915 384 1041 419 Superna

258 442 377 468 namque
402 433 641 468 providentia,cui
665 432 794 459 mortales
822 431 939 458 diversis
964 430 1044 457 donis

257 480 386 508 coronari
397 480 506 514 placuit,
519 480 658 514 propriam
673 479 771 512 cuique
799 477 916 504 indolem
944 483 1045 510 cogna-

257 531 314 554 tam
336 526 391 554 fere
416 526 522 558 indidit,
552 530 582 552 nt
606 525 727 552 videntes
749 524 853 559 possint
879 523 1045 553 discernere,

255 571 404 607 siquidem,
422 575 449 598 ut
471 571 508 597 ait
523 571 632 605 quidam
665 569 778 604 Sapiens
796 577 803 595 ε
820 567 949 600 Amictus,
974 559 1051 601 gres-1

255 625 364 653 susque,
382 625 414 644 ac
429 618 498 644 risus
513 617 574 649 viri,
591 616 623 643 de
639 616 687 642 illo
703 616 879 642 annuntiant.

293 705 364 739 Quia
378 712 443 732 vero
454 711 504 740 pro
519 704 608 731 aetatis
628 703 734 730 ratione
750 701 913 736 provehens,
932 700 1049 734 ingenue

260 751 406 778 admodum
427 758 459 777 ac
487 750 609 778 studiose
624 749 783 782 disciplinas
799 747 924 782 praevias,
941 754 973 773 ac
990 745 1050 780 qni-

263 798 315 824 hus
333 797 367 824 ad
388 797 488 831 majora
508 796 599 823 aditus
614 798 795 830 perstruatur,
813 793 958 823 didicerat,
977 791 1050 825 jam-

266 852 319 879 que
347 843 474 877 deinceps
497 841 622 876 pingendi
646 840 789 867 scientiant
806 847 858 873 qua
880 843 955 865 recte
976 837 1047 864 scri-

768 885 839 911 hanc
869 882 1049 910 nihilominus

260 935 369 962 abunde
388 934 503 968 adjecit,
520 933 683 960 utilissimus
707 931 820 958 eﬂ‘cctus
848 929 938 957 scriba
969 929 1048 955 velox

262 984 365 1006 natttrae
380 979 529 1011 celeritate,
543 985 598 1012 qtta
613 977 731 1004 maxime
750 976 842 1010 plures
856 978 1046 1008 comparatum

263 1025 373 1056 habent,
389 1031 446 1050 rem
461 1023 595 1058 ejusmodi
610 1030 672 1049 cum
692 1022 770 1048 laude
789 1024 928 1055 praestare.
945 1020 1049 1052 Quam-

261 1071 356 1098 obrem
378 1078 435 1098 sua:
456 1070 484 1096 in
500 1069 611 1096 Christo
630 1067 850 1095 coavcrsationis
880 1074 933 1092 non
953 1066 1049 1100 paucis

261 1118 336 1145 brevi
363 1116 579 1151 experimentum
614 1115 751 1149 pra‘bens,
778 1113 908 1140 omnibus
932 1112 1050 1139 admira-

263 1163 330 1190 tioni
355 1162 530 1195 habebatur;
558 1160 752 1195 communique
783 1159 939 1194 przeposito,
964 1157 1049 1185 animi

261 1207 369 1236 sulcum
386 1205 574 1234 mandatorum
595 1209 687 1231 aratro
712 1203 835 1239 quotidie
859 1203 999 1230 scindente
1017 1209 1050 1229 ac

260 1253 410 1283 excolente,
424 1251 532 1278 virtutis
554 1250 716 1284 multiplicis
745 1249 852 1276 fructus
878 1247 1045 1282 proferebat.

262 1300 379 1331 Primus,
401 1303 487 1325 emtas
499 1297 590 1324 omnis
609 1296 766 1330 tequalium,
782 1295 905 1322 divinum
921 1293 966 1320 Dei
983 1297 1052 1320 tem-

262 1345 347 1380 plum,
366 1344 392 1371 iu
410 1351 464 1378 quo
484 1343 629 1370 stationem
646 1341 793 1372 habebant,
815 1339 1023 1375 ingrediebatur
1039 1347 1047 1372 ;

261 1390 441 1424 omniumque
475 1387 643 1415 novissimus
671 1387 718 1414 illo
744 1387 837 1414 exibat
866 1394 873 1412 :
902 1392 935 1412 ac
964 1384 1051 1412 sacris

263 1435 373 1461 Patrum
389 1432 593 1460 narrationibus
611 1436 713 1459 attente
724 1438 817 1458 aurem
836 1430 984 1463 inclinans,
1003 1437 1052 1457 eo-

264 1488 378 1516 rumque
389 1480 458 1508 vitas
473 1488 521 1515 per
531 1480 589 1507 dies
606 1479 729 1514 singulos
741 1487 865 1511 versans,
880 1478 912 1505 ad
929 1477 1051 1505 melioris

263 1527 407 1554 scientiam
446 1525 619 1559 provehens,
653 1525 783 1558 deinceps
835 1523 1049 1551 illuminabatur.

1096 290 1186 326 σοφίᾳ.
1214 289 1262 314 καὶ
1278 288 1382 323 ἡλικίᾳ,
1399 287 1446 313 καὶ
1463 286 1570 321 χάριτι,
1594 285 1676 311 πάντι
1702 285 1750 315 τὰς
1775 286 1806 311 ἐκ
1825 287 1880 311 τῶν

1095 333 1223 369 ὁμοειδῶν
1251 332 1374 363 παιδειὲις
1399 330 1678 364 ἐναποστρεφόμενος.
1695 327 1752 356 Ἶιν
1776 330 1831 365 γὰρ
1847 331 1880 357 ἐκ

1096 380 1189 411 παιδὸς
1202 380 1262 406 λίαν
1280 379 1421 413 ὲντρεχὴς,
1438 378 1485 404 καὶ
1500 377 1641 412 νηφάλιος.
1663 376 1696 403 Ἡ
1709 377 1764 411 γὰρ
1777 376 1881 403 ἀνωθεν

1095 428 1128 461 τῇ
1147 425 1263 461 διαφορᾷ
1288 425 1342 452 τῶν
1365 424 1546 459 χαρισμάτων
1567 422 1800 457 στεφηφορεῑσθαι
1818 421 1881 453 τοὺς

1098 472 1209 508 βροτοὺς
1233 472 1404 507 εὐδοκήσασα
1428 471 1554 506 πρόνοια,
1574 470 1675 496 οἰκεῖον
1700 467 1765 504 ἦθος
1786 468 1824 500 ὡς
1847 468 1883 494 τὰ

1097 518 1183 545 πολλὰ
1195 518 1324 552 συγγενὲς
1337 518 1403 553 ἡμῖν
1416 517 1484 552 πρὸς
1495 517 1544 551 τὴν
1559 516 1613 542 τῶν
1627 516 1754 551 ὁρώντων
1767 515 1884 548 διάγνω-

1099 572 1140 589 σιν
1154 563 1324 597 ἐδωρήσατο·
1341 563 1421 597 εἴπερ
1431 562 1460 593 ὃς
1476 570 1517 593 τις
1532 561 1584 596 ἔφη
1599 561 1679 594 σοφός
1691 568 1699 575 ·
1719 559 1817 592 Στολὴ
1833 558 1883 585 καὶ

1095 608 1191 643 βῆμα,
1207 608 1257 635 καὶ
1278 609 1373 643 γέλως
1388 607 1509 641 ἀνδρὸς,
1525 607 1561 633 τὰ
1586 606 1652 640 περὶ
1668 605 1762 632 αὑτοῦ
1789 605 1881 639 arar

1099 655 1273 688 τέλλουσιν.
1446 672 1454 679 .

1141 701 1217 727 Ἐπεὶ
1229 700 1257 726 δὲ
1274 700 1333 727 καθ’
1352 699 1458 734 ἡλικίαν
1478 697 1644 734 προϐαίνων,
1663 696 1712 728 τὰς
1737 697 1885 729 εἰσαγωγι-

1100 746 1152 777 xit;
1167 746 1300 781 μαθήσεις
1315 746 1421 779 εὐφυῶς
1441 745 1509 778 ἄγαν
1523 744 1572 770 καὶ
1591 743 1744 777 φιλοπόνως
1763 743 1883 777 ἐξήσκη-

1101 802 1156 825 σεν,
1173 794 1257 829 ἐχρῆν
1276 794 1304 819 δὲ
1322 792 1424 824 λοιπδν,
1443 792 1490 818 καὶ
1510 789 1710 825 γραμματικῆς
1727 788 1789 815 ὅσον
1815 787 1885 822 πρὸς

1100 840 1130 866 τὸ
1146 840 1263 875 γράφειν
1285 839 1372 875 ὀρθῶς
1385 839 1434 874 τὴν
1454 837 1610 872 ἐπιστήμην
1635 834 1817 872 πορίσασθαιο
1837 834 1885 861 καὶ

1103 885 1205 921 μέντοι,
1233 886 1280 913 καὶ
1303 886 1405 921 ταύτην
1426 883 1604 920 προσείληφε,
1625 881 1802 917 ταχυγράφος
1822 881 1886 906 ἀπο-

1101 932 1212 967 φανθεὶς
1227 931 1436 967 χρησιμώτατος
1450 930 1572 965 ὠκύτητι
1592 930 1711 964 φύσεως,
1728 928 1762 954 δι’
1777 925 1811 962 ἧς
1835 927 1887 962 μά⁴

1099 977 1177 1005 λιστα
1190 979 1245 1009 τοῖς
1258 977 1364 1009 πολλοῖς
1375 977 1410 1003 τὰ
1419 976 1533 1004 τοιαῦτα
1550 974 1750 1012 κατορθοῦσθαι
1760 974 1885 1008 πεφύκα-

1100 1032 1152 1050 σιν.
1169 1023 1250 1051 Ὂθεν
1267 1024 1295 1050 ἐν
1308 1023 1391 1058 ὀλίγῳ
1402 1024 1501 1058 πεῖραν
1519 1023 1576 1054 τοῖς
1595 1019 1703 1053 πολλοῖς
1719 1021 1767 1056 τῆς
1790 1019 1885 1051 αὑτοῦ,

1100 1069 1129 1096 ὲν
1143 1069 1253 1104 Χριστῷ
1281 1069 1455 1104 ἀνα-στροφῆς
1482 1067 1689 1103 παρεχόμενος,
1713 1065 1886 1101 ἐθαυμάζετο

1102 1115 1150 1150 μὲν
1169 1115 1221 1141 ὑπὸ
1242 1115 1366 1141 πάντων·
1391 1115 1468 1150 παρὰ
1481 1113 1508 1140 δὲ
1522 1113 1561 1148 τῷ
1585 1112 1667 1147 κοινῷ
1683 1112 1827 1147 καθηγητῇ
1847 1110 1886 1145 τῷ

1100 1161 1207 1196 ἀρότρῳ
1214 1161 1268 1187 τῶν
1284 1160 1397 1187 ἐντολῶν
1404 1160 1549 1196 ὡσημέραι
1558 1161 1608 1194 τὴν
1618 1160 1668 1194 τῆς
1680 1158 1768 1194 ψυχῆς
1779 1157 1886 1184 αὔλακα

1100 1207 1316 1242 γεωργούμενος,
1331 1206 1515 1242 ἐκαρποφόρει
1531 1206 1581 1241 τὴν
1604 1205 1714 1240 ἀρετὴν.
1735 1204 1888 1234 πολυειδεῖς

1100 1253 1164 1284 τοὺς
1187 1253 1311 1288 καρποὺς
1340 1251 1571 1286 προϐαλλόμενος.
1602 1250 1659 1286 Πρὸ
1693 1249 1803 1276 πάντων
1832 1247 1889 1274 τῶν

1101 1298 1250 1334 ὁμηλίκων,
1270 1298 1299 1324 ἐν
1326 1293 1403 1332 ᾧπερ
1434 1295 1575 1332 ηὐλίζοντο
1603 1294 1643 1331 τῷ
1666 1294 1730 1330 θείῳ
1753 1293 1810 1328 ναῷ
1839 1292 1889 1319 τοῦ

1101 1344 1169 1371 Θεοῦ
1193 1343 1393 1378 εἰσερχόμενος,
1416 1343 1464 1369 καὶ
1481 1341 1597 1373 ὕστατος
1620 1341 1730 1367 πάντων
1750 1341 1887 1375 hiemps-J-

1101 1390 1198 1426 όμενος
1208 1397 1215 1404 ·
1227 1389 1275 1424 τήν
1288 1397 1318 1415 τε
1333 1388 1417 1424 ἀκοὴν
1432 1387 1575 1424 προτεχῶς
1591 1387 1743 1414 ὑποκλίνων
1760 1387 1819 1417 ταῖς
1833 1385 1888 1411 τῶν

1102 1437 1230 1472 Πατέρων
1248 1436 1333 1470 ἱεραῖς
1356 1435 1510 1470 διηγήσεσι,
1537 1433 1586 1460 καλ⁸
1613 1433 1715 1460 τούτων
1735 1433 1798 1464 τοὺς
1814 1431 1889 1466 βίους

1102 1482 1247 1510 ἀνελίττων
1263 1482 1404 1513 ἑκάστοτε,
1421 1480 1568 1514 ὲφωτὶζετο
1583 1478 1677 1506 λοιπδν
1697 1479 1765 1513 πρὸς
1780 1478 1829 1512 τὴν
1841 1477 1889 1503 τοῦ

1103 1528 1256 1564 κρείττονος
1281 1526 1448 1562 ἀναγόμενος
1473 1525 1589 1561 εἴδησιν.
1619 1525 1665 1556 Ὦς
1683 1524 1737 1559 γὰρ
1747 1523 1833 1550 αἴτιον
1848 1522 1889 1557 τῷ

264 1570 307 1598 Uti
324 1572 397 1597 enlm
419 1570 542 1605 irrigatio
566 1570 692 1596 arborem
717 1569 914 1603 abundansque
936 1568 1050 1595 materia

1103 1573 1178 1608 φυτῷ
1212 1574 1229 1608 ἡ
1250 1573 1355 1607 ἀρδεία,
1387 1571 1435 1599 καὶ
1459 1571 1498 1606 τῷ
1522 1572 1591 1606 πυρὶ
1618 1570 1686 1605 πρὸς
1709 1569 1857 1596 ὑπόστασιν
1872 1569 1889 1602 ἠ

263 1618 352 1652 ignem
376 1617 529 1644 consistere
561 1615 636 1646 facit.
658 1615 700 1642 sic
723 1622 798 1647 sane,
813 1622 866 1649 qua
891 1614 998 1641 tandem
1024 1613 1052 1640 id

263 1662 370 1689 latione
385 1662 537 1696 acceperis,
553 1661 765 1695 gubernantium
786 1667 864 1692 cura,
878 1659 1052 1695 sequentium

262 1712 305 1735 est
319 1707 437 1733 auctrix.

298 1751 359 1779 Jam
380 1757 472 1779 autem
488 1751 523 1778 ab
547 1751 662 1778 imberbi
687 1750 714 1778 in
732 1750 820 1777 virum
841 1755 946 1782 auctus,
965 1756 1053 1785 exque

264 1796 423 1832 imperfecta
442 1801 522 1824 aetate
548 1796 692 1831 perfectam
710 1802 864 1827 assecutus,
882 1796 972 1824 carnis
990 1804 1054 1823 sett-

264 1851 326 1871 sum
343 1843 505 1870 militantem
525 1844 657 1870 adversus
680 1843 794 1877 spiritus
810 1843 895 1877 legem
919 1841 1054 1869 festinans

264 1890 422 1921 destruere,
444 1889 638 1916 vestimentum
663 1888 758 1915 salutis
780 1888 836 1915 illic
860 1888 992 1915 detonsus
1011 1887 1054 1914 iu-

264 1936 334 1968 duit,
349 1940 464 1962 ornante
479 1934 606 1962 manibus
620 1934 678 1961 suis
696 1938 792 1961 sancto
817 1933 898 1961 Patre
912 1939 1008 1961 nostro
1021 1940 1053 1960 ac

264 1981 422 2009 confessorc
439 1980 598 2012 Theodoro,
630 1980 753 2014 angelico
781 1979 979 2007 monachorum
1005 1978 1053 2007 ha-

265 2027 336 2055 bitu.

303 2114 388 2143 Plane
401 2115 474 2142 enim
492 2123 541 2150 par
555 2119 625 2148 erat,
642 2120 672 2143 ut
688 2123 750 2143 cum
767 2115 848 2143 ambo
864 2117 948 2143 multa
963 2120 1056 2144 essent

266 2162 354 2190 acturi
371 2169 421 2197 pro
445 2162 542 2188 aimula
568 2163 684 2197 vivaque
711 2162 867 2190 intemerati
888 2162 989 2190 Christi
1006 2162 1055 2190 Dei

268 2208 354 2235 nostri
377 2207 568 2240 similitudine,
590 2208 663 2235 velut
679 2207 749 2235 alius
764 2208 876 2243 quidam
893 2208 1054 2236 Timotheus

1098 1619 1218 1654 ’ἀφθονία
1229 1618 1279 1653 τῆς
1293 1617 1371 1653 ὕλης,
1388 1617 1476 1649 οὕτως
1492 1617 1631 1652 ὁποτέρως
1647 1616 1680 1643 ἂν
1704 1615 1797 1647 λάϐοις
1812 1615 1889 1641 αἰτία

1101 1666 1156 1692 τῶν
1171 1665 1323 1699 ἑπομένων,
1335 1665 1353 1699 ἡ
1366 1663 1421 1690 τῶν
1434 1662 1630 1698 κυὸερνώντων
1645 1661 1816 1696 καθέστηκεν
1830 1661 1892 1687 ἐπι-η

1104 1709 1209 1745 μέλεια.

1139 1754 1209 1789 Ἤδη
1224 1753 1252 1780 δὲ
1269 1753 1337 1788 πρδς
1359 1752 1459 1788 ἄνδρας
1475 1751 1504 1785 ἐξ
1519 1751 1652 1786 ἀγενείων
1667 1751 1762 1783 τελῶν,
1779 1752 1826 1777 καὶ
1841 1751 1893 1784 τῆς

1103 1799 1214 1831 ἀτελοῦς
1240 1799 1350 1834 ήλικίας
1374 1798 1404 1824 τὸ
1415 1797 1518 1824 τέλειον
1543 1797 1777 1833 προσλαῦόμενος.
1796 1797 1844 1823 καὶ
1861 1797 1894 1823 τὸ

1103 1845 1230 1881 φρόνημα
1254 1844 1303 1879 τῆς
1324 1843 1426 1879 σαρκὺς
1439 1843 1470 1870 τὺ
1492 1843 1771 1879 ἀντιστρατευόμενον
1786 1842 1832 1868 τὸν
1847 1842 1892 1868 νό-

1105 1900 1155 1926 μον
1169 1890 1216 1917 τοῦ
1233 1890 1390 1926 πνεύματος
1407 1889 1573 1916 καταϐαλεῖν
1589 1889 1778 1923 ἐπειγόμενος,
1795 1889 1824 1914 τδ
1841 1887 1892 1922 τῆς

1104 1936 1240 1972 σωτηρίας
1268 1937 1375 1971 ἱμάτιον
1403 1935 1480 1962 ἐνθεν
1504 1935 1673 1970 ἀποκαροεὶς
1696 1934 1891 1966 ὲνδιδύσκεται,

1104 1983 1150 2010 ὑπ’
1169 1983 1259 2010 αὐτῶν
1280 1982 1336 2009 ¹τῶν
1350 1982 1450 2018 χειρῶν
1464 1981 1512 2008 τοῦ
1529 1982 1603 2008 ὁσίου
1620 1981 1726 2016 Πατρὺς
1739 1980 1830 2015 ήμῶν,
1845 1981 1893 2006 καὶ

1104 2028 1269 2064 ὸμολογητοῦ
1292 2027 1431 2063 Θεοδώρου
1461 2027 1501 2062 τῷ
1518 2027 1659 2062 ἀγγελικῷ
1685 2027 1740 2053 τῶν
1767 2025 1893 2061 μοναχῶν

1105 2073 1327 2109 κατακοσμηθεὶς
1341 2073 1531 2108 ἀμφιάσματι.

1142 2120 1217 2147 Ἔδει
1241 2121 1295 2155 γὰρ
1316 2119 1380 2151 τοὺς
1408 2119 1502 2154 ἄμφω,
1529 2118 1613 2145 πολλὰ
1640 2119 1726 2145 τελεῖν
1747 2117 1894 2152 μέλλοντες

1105 2166 1176 2201 ὑπὲρ
1187 2167 1236 2200 τῆς
1253 2166 1392 2201 ἐμφεροῦς
1413 2165 1604 2200 παναχράντου
1622 2164 1741 2199 Χριστοῦ
1757 2164 1804 2190 τοῦ
1823 2164 1894 2190 θεοῦ

1105 2212 1184 2248 ήμῶν
1200 2211 1365 2247 ὁμοιώσεως,
1392 2212 1429 2243 ὼς
1442 2211 1522 2238 ἄλλον
1536 2211 1596 2237 τινὰ
1620 2211 1689 2237 κατὰ
1707 2210 1811 2237 Παῦλον
1827 2211 1894 2236 ἀνι-

267 2253 295 2280 in
309 2260 411 2280 morem
427 2252 516 2286 Pauli,
543 2253 704 2280 admirando
721 2254 784 2281 huic
804 2254 887 2289 pugili
908 2262 1051 2290 regenera-

1105 2257 1268 2292 γεννηθῆναι
1298 2257 1385 2292 τούτῳ
1409 2257 1447 2292 τῷ
1471 2256 1616 2292 θαυμασίῳ
1643 2256 1733 2292 πύκτῃ
1750 2256 1893 2291 Τιμόθεον.

267 2303 353 2332 retur,
365 2307 421 2334 quo
434 2299 474 2326 sic
500 2307 547 2334 per
566 2307 625 2332 eos,
642 2300 681 2326 uti
697 2307 743 2335 per
766 2301 903 2335 praafatos,
933 2305 1056 2328 curreret

268 2345 444 2380 l‘lvangelium
467 2350 602 2372 nostrum.
623 2344 657 2372 Se
680 2346 753 2373 enirn
778 2350 864 2373 tutum
892 2347 988 2374 beatus
1013 2346 1057 2374 hic

267 2390 328 2425 ejus
343 2391 453 2417 tradens
469 2391 614 2423 voluntati,
632 2391 705 2418 velut
722 2392 803 2419 homo
822 2397 889 2424 erat,
906 2392 978 2426 quod
996 2400 1057 2427 spc-

267 2435 361 2462 ctabat
377 2435 409 2462 ad
427 2436 515 2469 ipsntn
526 2455 533 2467 ,
550 2436 689 2463 voluntate
705 2444 812 2470 carens,
832 2439 927 2472 procul
949 2445 981 2466 ac
996 2438 1058 2465 lon-

267 2481 380 2517 giSsime
405 2489 418 2508 ιι
437 2482 546 2516 propria
570 2481 658 2509 factus
682 2483 832 2510 voluntate.
851 2483 907 2511 Nec
932 2492 996 2511 vero
1021 2484 1054 2511 ad

267 2533 332 2553 eum
349 2531 464 2558 tantutn,
480 2526 544 2561 quin
562 2530 589 2553 et
608 2527 640 2553 ad
659 2527 728 2554 alios
745 2527 873 2563 deinceps
892 2536 989 2561 parvos
1007 2536 1055 2563 pa-

268 2572 335 2600 riter
348 2580 380 2600 ac
395 2580 518 2605 magnos,
533 2574 657 2600 eamdem
675 2573 857 2601 obedientiam
874 2574 928 2601 leni
950 2575 1054 2607 animo,

267 2618 383 2654 ejusque
398 2627 479 2646 sensu
495 2622 649 2651 contracto,
668 2619 797 2654 praet-lare
816 2619 989 2652 ostendebat;
1005 2628 1054 2647 ceu

267 2664 394 2700 qntedam
418 2666 452 2692 ad
468 2672 564 2692 omnes
589 2665 717 2694 inanimis
733 2668 833 2700 statua,
849 2666 942 2693 divino
960 2668 1056 2695 timore

269 2711 359 2744 fixus;
376 2711 504 2747 inersque
518 2711 552 2738 ad
575 2711 599 2737 id
614 2719 695 2739 omne
710 2713 783 2747 quod
802 2712 946 2740 insolentia
965 2721 996 2740 ac
1011 2721 1056 2740 ze-

271 2758 328 2789 lus,
353 2757 497 2792 furorque,
519 2765 551 2784 ac
576 2757 617 2784 ira
636 2761 663 2784 et
687 2758 780 2785 odium
807 2759 930 2786 videatur
948 2767 956 2786 :
973 2759 1009 2786 ita
1031 2764 1060 2786 ut

271 2803 380 2831 sodales
409 2804 559 2832 monachos
580 2807 693 2839 stupore
712 2804 839 2839 alliceret,
856 2805 902 2841 qui
926 2805 983 2834 suis
1004 2806 1062 2841 ipse

306 2881 395 2909 ‘Luc.
412 2891 442 2915 Il,
455 2883 499 2910 5‘2.
539 2884 549 2900 ⁷
569 2883 657 2911 Eetlc.
677 2883 791 2919 XXX,;97.

1106 2303 1138 2329 ἶν’
1148 2302 1225 2332 ⁶οὕτω
1240 2302 1274 2329 δι’
1284 2303 1449 2337 ἀμφοτέρων
1462 2302 1522 2329 κατ’
1534 2302 1664 2333 ἐκείνους,
1681 2302 1728 2328 καὶ
1743 2298 1794 2328 ὦδε
1809 2300 1893 2336 τρέχῃ

1105 2350 1135 2375 τὸ
1151 2348 1212 2375 καθ’
1227 2349 1301 2383 ἡμᾶς
1325 2348 1501 2382 Εὑαγγέλιον.
1521 2347 1601 2374 Ὀλον
1625 2348 1678 2382 γὰρ
1697 2348 1792 2374 ἑαυτὸν
1817 2347 1893 2374 ἐκδε-

1103 2393 1198 2425 δωκὼς
1213 2394 1305 2420 οὑτοσὶ
1320 2394 1333 2419 ὁ
1351 2393 1493 2425 πανόλϐιος
1505 2393 1544 2427 τῷ
1559 2393 1663 2419 ἐκείνου
1680 2394 1824 2428 θελήματι,
1842 2402 1892 2419 κα-

1107 2439 1196 2474 θάπερ
1221 2448 1264 2470 τις
1289 2439 1419 2474 ἀθέλητος
1449 2439 1591 2475 ἄνθρωπος
1605 2436 1640 2473 ἦν
1656 2440 1686 2466 τό
1703 2448 1735 2473 γε
1760 2441 1799 2471 εἱς
1814 2439 1896 2466 αὐτὸν

1108 2483 1184 2520 ἦχον,
1208 2486 1303 2521 πόρῤω
1329 2485 1377 2512 καὶ
1395 2486 1504 2520 μακρὰν
1528 2486 1582 2512 τῶν
1608 2487 1718 2513 οἰκείων
1733 2487 1897 2521 θελημάτιυν

1109 2531 1260 2566 γινόμενος.
1285 2532 1321 2558 Οὐ
1345 2532 1413 2567 πρὸς
1436 2532 1517 2558 αὑτὸν
1534 2532 1572 2564 δὲ,
1599 2532 1666 2559 ἀλλὰ
1682 2533 1729 2559 καὶ
1751 2532 1820 2567 πρὸς
1833 2533 1897 2564 ⁴ιοὺς

1109 2577 1207 2611 ἑφεξῆς
1228 2576 1342 2612 μικρούς
1361 2585 1391 2602 τε
1409 2577 1455 2603 ni.
1475 2577 1622 2611 μεγάλους,
1637 2578 1686 2613 τὴν
1703 2578 1787 2613 αὐτὴν
1802 2578 1896 2604 εὐπεί-

1110 2623 1184 2650 θειαν
1201 2623 1249 2649 καὶ
1267 2623 1391 2658 ὑπακοὴν
1406 2623 1501 2658 πράως
1517 2624 1586 2658 μετὰ
1601 2624 1647 2658 τῆς
1663 2624 1709 2650 τοῦ
1724 2624 1899 2660 φρονήματος

1111 2669 1241 2703 συστολῆς
1255 2668 1444 2695 ἐπεδείκνυεν·
1458 2666 1514 2695 οἷόν
1528 2677 1568 2700 τις
1581 2669 1682 2704 ἄψυχος
1696 2670 1805 2705 ἀνδριὰς
1821 2671 1900 2704 ἐστη-

1110 2714 1231 2749 λιυμένος
1248 2715 1286 2750 τῷ
1307 2714 1371 2750 θείῳ
1384 2715 1458 2749 φόὸῖρ
1474 2715 1542 2750 πρὸς
1558 2715 1682 2747 ἅπαντας
1693 2723 1700 2732 ’
1716 2716 1856 2751 ἄπρακτος
1870 2715 1900 2742 εξ

1112 2760 1248 2795 διαμένων
1274 2761 1342 2796 πρὸς
1361 2762 1415 2787 πᾶν
1440 2761 1454 2787 ὃ
1470 2761 1623 2796 περπερεία
1643 2763 1690 2788 καὶ
1710 2762 1800 2796 ζῆλος,
1815 2763 1899 2796 θυμός

1114 2815 1143 2833 τε
1165 2807 1212 2834 καὶ
1226 2807 1306 2842 ὀργὴ,
1323 2808 1370 2834 καὶ
1386 2806 1533 2843 ἀπέχθεια·
1550 2809 1586 2840 ὡς
1606 2809 1653 2835 καὶ
1668 2809 1729 2840 τοὺς
1748 2816 1900 2836 συνασκου-
