2077 3157
286 180 340 212 ωδ

1005 175 1178 207 ΛΝΟΝΥΜΙ

1863 181 1915 213 κτδ

283 241 446 269 subveretur
472 245 610 274 unquam,
640 245 691 265 suo
721 237 778 272 ipse
806 235 908 271 judicio
927 233 960 262 ad
982 234 1068 262 omnia

1127 233 1249 260 κίνδυνον
1264 233 1399 268 ὑφορᾶται
1414 241 1489 260 ποτε·
1502 233 1540 269 τῷ
1553 233 1774 269 κρίματιὲαυτοῦ
1789 236 1828 267 εὶς
1843 238 1915 264 iam;

284 286 439 322 praesidenti
454 285 579 313 devotus.

318 332 387 365 Quis
399 338 464 358 vero
477 330 609 357 exhibere
618 328 706 364 p05sit
716 333 833 363 quantos
847 328 882 356 ab
895 327 964 355 inito
979 335 1071 355 sacer-

282 379 358 406 dotio
378 384 479 412 agones
503 375 664 404 desudarit?
690 374 804 410 Magnus
820 373 923 401 Paulus
942 374 1007 401 olim
1022 373 1072 401 de-

281 423 404 460 scripsit,
428 422 529 457 quibus
558 420 717 448 Pontitlcem
741 428 883 456 magnum,
908 420 956 455 qui
987 419 1073 447 caelos

281 469 467 506 penetravit”,
483 475 610 496 sermone
624 467 747 503 depinxit
759 475 791 495 ac
805 467 955 502 designavit
967 475 976 500 ;
989 473 1072 502 quem

282 517 306 545 is
326 517 431 551 utique,
448 519 581 550 quantum
595 521 643 549 per
656 514 806 541 humanam
818 513 992 548 fragilitatem
1006 520 1073 540 con-

281 563 398 595 ceditur,
414 561 566 589 imitatione
583 560 729 595 expressit.
748 559 803 588 Nec
814 560 841 587 id
852 560 964 592 mirum,
984 559 1072 594 siqui-

281 611 342 637 dem
366 609 454 636 factus
476 611 535 636 erat
551 607 618 634 deus
642 607 798 642 adoptione,
816 613 848 634 ac
868 613 916 641 per
942 606 1071 641 gratiam,

281 655 414 683 Altissimi
430 654 512 681 filius.

316 700 425 728 Muralis
446 706 528 734 porro
545 697 761 726 conversationis
793 705 826 725 ac
854 697 916 724 vitae
943 697 1073 725 studiosa:

280 747 403 779 cumulo,
421 754 472 773 nec
493 752 609 780 operum
627 744 664 771 illi
681 744 844 771 communio
861 751 923 770 cum
940 743 1072 771 fratribus

279 793 373 820 deerat
387 800 394 818 :
409 791 475 826 quin
490 790 619 817 manibus
629 789 780 821 laborabat,
796 789 953 824 optimeque
966 793 995 815 ut
1010 789 1089 824 quis,

280 839 351 866 alius
367 837 458 864 ductis
472 835 581 866 litteris,
598 835 683 861 libros
704 834 905 866 conscribebat,
923 833 990 860 nihil
1008 839 1073 868 puto

279 884 380 912 minori
396 883 527 918 praeditus
555 888 683 908 manuum
703 880 854 911 celeritate,
882 887 965 914 quam
992 880 1071 907 Asael

280 931 325 957 ille
343 930 439 964 pedum
454 932 512 954 erat
525 927 558 954 '°.
580 925 665 960 Cujus
678 926 717 953 rei
733 930 895 961 argumento
912 929 993 957 sunt,
1008 933 1070 954 cum

280 975 342 1002 libri
359 973 474 1004 exarati,
488 977 544 999 tum
558 971 618 1006 ejus
633 971 737 1006 reliqua
750 977 843 1005 opera.

315 1020 436 1054 Denique
462 1025 523 1045 cum
552 1017 593 1044 sic
622 1017 692 1044 bene
720 1016 840 1051 Spiritus
866 1016 962 1051 gratiis
994 1016 1072 1044 dives

279 1070 382 1101 ageret,
393 1065 468 1092 venit
480 1063 513 1090 ad
525 1070 587 1090 eum
598 1061 676 1089 Titus
687 1069 834 1101 germanus
843 1062 903 1096 ejus
916 1062 1068 1089 secundum

279 1100 400 1143 carnem,
413 1111 494 1138 homo
507 1117 602 1144 vagus,
617 1114 722 1143 captam
739 1100 865 1143 patriam,
880 1115 912 1136 ac
926 1113 1069 1143 parentum

279 1159 306 1186 in
321 1166 352 1186 ea
368 1157 552 1185 detentionem
565 1154 968 1189 circumducens;plenamque
984 1154 1068 1187 luctu,

279 1205 359 1233 facta:
372 1204 465 1234 cadis,
481 1202 516 1230 ab
537 1201 693 1237 agrestibus
715 1200 806 1235 porcis
820 1220 827 1233 ,
851 1200 944 1235 impiis
964 1200 1071 1228 scilicet

278 1250 431 1281 lsnlaelitis.
452 1248 594 1276 hominum
610 1247 643 1274 ad
660 1245 706 1273 Dei
722 1247 869 1281 imaginem
885 1245 1069 1278 conditorum,

279 1296 438 1332 tragoediam
468 1293 560 1322 multis
583 1292 713 1327 lacrymis
742 1299 868 1319 narrans.
897 1291 1070 1326 Quapropter

278 1343 359 1370 finem
380 1346 446 1369 tunc
469 1339 597 1374 deinceps
624 1339 740 1373 accepit,
768 1338 840 1372 quod
856 1338 901 1365 diu
919 1342 998 1365 antea
1015 1337 1069 1365 So-

278 1389 379 1424 phouia
403 1387 535 1423 propheta
559 1393 641 1420 super
659 1392 719 1412 eam
737 1384 819 1411 futuri
836 1384 957 1418 praesciis
982 1384 1069 1411 oculis

278 1435 366 1462 fuerat
382 1433 547 1462 celebratum
563 1440 569 1459 :
591 1431 636 1458 Va:
653 1431 737 1463 enim,
756 1430 853 1465 inquit.
872 1430 917 1465 qui
943 1430 1068 1457 habitatis

279 1480 427 1516 funiculum
442 1479 524 1506 maris
535 1499 542 1510 ,
558 1477 665 1504 aduente
682 1476 847 1504 Cretensium
864 1485 873 1503 .'
894 1476 999 1503 uerbum
1017 1475 1069 1502 Do-

279 1527 344 1554 mini
356 1534 434 1561 super
448 1533 491 1552 vos
507 1529 549 1552 :et
558 1524 666 1559 perdam
682 1531 726 1550 vos
740 1524 772 1549 de
783 1522 945 1549 habitatione
955 1521 1068 1548 “.—Et

278 1574 327 1601 erit
343 1573 422 1600 Creta
435 1579 535 1606 pascua
550 1577 667 1606 gregum,
683 1574 707 1596 et
725 1569 792 1596 ovile
806 1569 935 1603 pecudum
948 1569 978 1594 ¹².
997 1567 1070 1595 Sane

280 1620 391 1656 quidem
407 1619 527 1646 vibratur
547 1616 654 1652 gladius
670 1616 769 1643 nimbis
787 1615 982 1645 teutationum.
998 1615 1072 1642 mul-

281 1668 370 1700 tisque
387 1665 473 1692 modis
497 1671 578 1691 arcus
595 1662 675 1690 nobis
691 1662 871 1689 correctionis
893 1661 1023 1694 tenditur,
1040 1669 1072 1688 ac

280 1712 380 1746 quibus
395 1709 539 1737 conversio
563 1717 577 1735 a
602 1712 714 1743 peccato
735 1711 914 1742 proponatur.
932 1706 961 1733 Si
978 1711 1070 1734 autem

281 1757 348 1784 nihil
369 1756 432 1783 inde
460 1755 586 1782 meliores
601 1753 690 1781 eﬂ‘ecti
710 1753 817 1788 pejores
839 1752 992 1784 evadimus,
1015 1757 1071 1778 tum

281 1804 390 1830 demum
408 1801 556 1829 clementer
575 1803 670 1828 inissa.
689 1806 798 1835 gravem
824 1798 903 1826 nobis
921 1805 971 1833 pro
989 1798 1070 1825 bene-

283 1849 344 1875 [icio
368 1853 482 1875 mortem
504 1851 676 1881 operantur:
705 1844 839 1880 siquidem
865 1844 936 1870 calix
964 1843 1069 1870 Domini

280 1896 332 1923 ι)ιηί
346 1895 410 1922 meri
425 1893 517 1928 plenus
536 1899 573 1921 est
595 1892 713 1919 mitto".
737 1891 873 1919 Caeterum
891 1891 931 1917 vir
944 1890 989 1917 hic
1009 1897 1069 1916 ma-

280 1949 350 1976 gnus
365 1941 474 1968 fratrem
496 1940 641 1975 recipiens,
669 1938 809 1973 proboque
829 1937 946 1965 consilio
964 1937 991 1963 in
1007 1944 1068 1963 mo-

280 1987 397 2014 naclnnn
413 1985 553 2014 detonderi
569 1985 699 2017 suadens,
712 1984 838 2013 eumdem
849 1991 944 2011 secum
955 1990 1067 2010 cursum

1124 279 1163 315 τῷ
1178 279 1374 314 καοώηγοῦντι
1391 279 1597 315 ἀνατιθέμενος.

1160 327 1216 353 Καὶ
1233 326 1275 358 τίς
1304 326 1337 353 ἂν
1363 325 1458 353 τούτου
1471 327 1521 362 τὴν
1538 327 1607 361 μετὰ
1627 327 1676 363 τὴν
1697 327 1847 364 ἱερωσύνην
1861 329 1916 355 τιῖν

1124 372 1240 407 ἀγώνων
1267 372 1434 408 παραστήσῃ
1460 373 1622 409 ἀκρίὸιιαν;
1651 374 1757 406 Παῦλος
1784 375 1799 401 ὁ
1829 376 1916 410 μέγας

1124 418 1268 454 aspalathi»;
1294 420 1482 456 ἀνεγράψατο,
1510 421 1540 446 ὲν
1568 418 1609 452 οἷς
1637 420 1683 447 τὸν
1709 421 1841 456 ἀρχιερέα
1869 422 1916 448 τθιν

1125 465 1214 499 μέγαν
1233 464 1279 492 τὸν
1296 465 1473 499 διεληλυθότα
1485 465 1548 496 τοὺς
1563 466 1695 500 οὐρανοὺς
1713 467 1916 502 διαζωγραφῶν

1124 511 1162 548 τῷ
1178 512 1250 547 λόγῳ
1270 513 1482 548 ὑπεσημήνατο·
1501 513 1531 539 δν
1546 513 1608 539 καθ’
1621 513 1683 540 ὅσον
1699 510 1756 540 οἷόν
1770 522 1800 540 τε
1816 516 1849 549 τῇ
1867 515 1916 541 ἀν-

1125 559 1249 595 θρωπίνῃ
1271 559 1352 593 φύσει
1373 560 1581 595 ἀπεμιμήσατο.
1612 560 1667 586 Καὶ
1692 561 1723 587 οὐ
1745 560 1914 595 θαυμαστὸν,

1124 607 1204 641 εἰπερ
1219 606 1293 632 θέσει
1309 606 1379 639 θεὸς,
1394 607 1441 634 καὶ
1457 607 1528 634 κατὰ
1546 607 1628 642 χάριν
1650 607 1707 639 υἱὸς
1723 607 1853 641 Ὑψίστου
1867 616 1916 643 γε-

1124 653 1248 686 γένηται.

1161 699 1214 725 Καὶ
1235 697 1299 731 γοῦν
1325 697 1393 734 πρὸς
1419 699 1452 734 τῇ
1475 698 1628 734 ὲμπράκτῳ
1656 699 1781 734 πολιτεία
1812 708 1842 726 τε
1868 700 1916 726 καὶ

1123 744 1257 779 διαγωγῇ.
1284 744 1344 770 οὐδὲ,
1371 744 1422 779 τῆς
1450 745 1483 770 ὲκ
1510 744 1564 771 τῶν
1579 744 1668 780 ἔργων
1692 746 1837 777 κοινωνίας
1859 747 1915 778 τοῖς

1124 791 1249 825 ἀδελφοῖς
1266 791 1365 826 ἐπίσης
1383 791 1606 824 ἀπελιμπάνετοθ
1631 791 1690 818 ἀλλ’
1707 789 1742 827 ἦν
1759 793 1820 824 ταῖς
1837 792 1917 826 χερσὶ

1125 837 1240 868 κοπιῶν,
1268 838 1315 863 καὶ
1340 837 1450 868 δέλτους
1467 839 1567 872 ἀριστα
1584 837 1865 874 συρμεογραφῶνζε),
1890 837 1915 864 ει

1124 882 1171 908 καί
1185 891 1227 913 τις
1239 882 1330 914 ἄλλος,
1341 879 1432 916 οἶμαι,
1449 883 1480 916 τῇ
1496 881 1617 916 ὠκύτητι
1634 882 1800 917 χειρῶν,τὶν
1816 882 1916 918 Ἀσαὴλ

1087 913 1110 942 Β
1124 928 1227 954 ἐκεῖνον
1243 928 1290 954 ἐπὶ
1305 913 1339 963 τῇ
1354 913 1407 954 τιῖιν
1425 913 1514 954 ποδων
1527 913 1712 963 ἐξισούμενος.
1733 928 1787 955 Καὶ
1809 913 1916 964 μαρτυ-

1085 1592 1106 1621 (Ξ

1125 973 1219 1009 ροῦσιν
1233 974 1264 1000 αἴ
1278 982 1307 999 τε
1325 973 1420 1008 βίϐλοι,
1435 973 1483 1000 καὶ
1497 973 1531 1000 τὰ
1544 974 1650 1000 ἐκείνου
1668 974 1825 1009 πονήματα.

1166 1020 1275 1055 Ἀμέλει
1290 1019 1381 1052 καλῶς
1395 1019 1475 1046 αὑτὸν
1494 1020 1553 1051 ταῖς
1569 1020 1617 1046 τοῦ
1633 1020 1791 1055 Πνεύματος
1806 1020 1916 1054 διευυη-

1124 1066 1254 1101 νούμενον
1278 1067 1389 1102 χάρισι,
1417 1066 1549 1093 κατέλαϐε
1577 1067 1657 1098 Τῖτος
1678 1067 1693 1093 ὸ
1724 1067 1795 1093 κατὰ.
1825 1067 1915 1101 σάρκα

1123 1113 1234 1148 γνήσιος
1249 1112 1362 1147 ἁδελφὸς
1384 1111 1478 1144 αὑτοῦ,
1492 1111 1632 1147 πλανήτης
1646 1111 1846 1146 περιαγόμενος
1865 1110 1914 1145 τὴν

1123 1159 1173 1194 τῆς
1185 1159 1312 1193 πατρίδος
1323 1158 1435 1189 ἅλωσιν,
1449 1159 1496 1184 καὶ
1508 1158 1558 1193 τὴν
1573 1158 1628 1184 τῶν
1641 1158 1813 1193 γεννητόρων
1825 1158 1914 1183 ἐκεῖσε

1124 1205 1304 1239 κατάσχεσιν·
1321 1204 1369 1230 καὶ
1390 1204 1439 1238 τῆς
1462 1204 1522 1230 κατ’
1538 1204 1629 1230 εἰκόνα
1649 1202 1718 1229 Θεοῦ
1739 1202 1914 1233 πολυπαθοῦς

1123 1249 1277 1285 τραγῳδίας
1309 1248 1378 1284 Heg.
1405 1249 1454 1284 τὴν
1489 1248 1633 1283 πολυπαθῆ
1661 1247 1833 1284 τραγῳδίαν]
1860 1247 1914 1274 ὑπὸ

1123 1296 1177 1322 τῶν
1203 1295 1309 1331 ἀγρίων
1344 1295 1417 1321 συῶν
1439 1295 1590 1330 γενομένης
1613 1294 1720 1329 σφαγῆς
1749 1294 1802 1320 τῶν
1825 1293 1914 1320 ἀθέων

1130 1341 1321 1377 Ἰσμαηλιτῶν,
1346 1341 1416 1376 μετὰ
1430 1340 1537 1368 πολλῶν
1553 1340 1609 1367 τῶν
1623 1340 1751 1376 δακρύων
1768 1340 1913 1374 ἐκδιηγού-

1125 1396 1205 1422 μενος
1219 1387 1268 1422 (9).
1293 1387 1348 1413 Καὶ
1371 1387 1458 1423 πέρας
1474 1387 1549 1414 ἔνθεν
1572 1386 1680 1422 εἰλήφει
1695 1385 1799 1417 λοιπὸν.
1814 1385 1845 1412 τὸ
1861 1384 1914 1411 ὑπὸ

1123 1434 1170 1461 τοῦ
1187 1433 1328 1469 προφήτου
1344 1433 1473 1467 Σοφονίου
1493 1433 1635 1469 πόρρωθεν
1650 1432 1694 1459 ἐπ’
1712 1432 1781 1467 αὐτῇ
1796 1432 1914 1467 προὸλε-

1125 1483 1232 1514 πτικοῖς
1246 1483 1301 1513 τοῖς
1316 1482 1422 1518 ὄμμασι
1443 1482 1628 1517 κλεῖζόμινον.
1648 1482 1718 1508 οὐαί
1735 1481 1801 1516 γὰρ,
1817 1481 1911 1516 φησὶν,

1123 1530 1150 1556 οἱ
1173 1528 1384 1561 κατοικοῦντες
1414 1529 1447 1554 τὸ
1473 1528 1639 1562 σχοίνισμα
1667 1527 1722 1561 τῆς
1741 1527 1912 1559 θαλάσσης,

1123 1574 1259 1609 πάροικοι
1284 1573 1423 1609 Κρητῶν·
1439 1575 1531 1609 λόγος
1554 1574 1665 1608 Κυρίου
1682 1574 1728 1608 ἐφ’
1754 1573 1845 1608 ὑμᾶς·
1864 1572 1914 1600 καὶ

1122 1619 1226 1647 ἀπολῶ
1240 1619 1317 1654 ὑμᾶς
1327 1620 1361 1646 ἐκ
1375 1620 1538 1652 κατοικίας.
1552 1619 1606 1646 Καὶ
1618 1619 1704 1647 ἐσται
1720 1619 1820 1653 Κρήτη
1835 1619 1913 1653 νομὴ

1123 1666 1279 1699 ποιμνίων,
1297 1665 1346 1692 καὶ
1361 1664 1480 1699 μάν-δρα
1497 1665 1659 1699 προϐάτων.
1686 1665 1846 1692 Στιλὸοῦται
1864 1665 1914 1700 μὲν

1122 1711 1177 1746 γὰρ
1199 1712 1214 1745 ἡ
1233 1710 1357 1745 μάχαιρα
1371 1712 1429 1740 ταῖς
1450 1711 1544 1744 νιτάσι
1561 1710 1616 1736 τῶν
1633 1710 1806 1745 πειρασμῶν,
1823 1710 1870 1736 καὶ
1884 1710 1915 1736 τὸ

1122 1755 1199 1788 τόξον
1212 1755 1262 1788 τῆς
1281 1755 1404 1786 παιδείας
1417 1756 1484 1791 ἡμῖν
1501 1755 1678 1790 πολυτρόπως
1692 1756 1851 1788 ἐντείνεται,
1863 1756 1914 1789 τὴν

1123 1802 1156 1828 ὲκ
1170 1801 1219 1836 τῆς
1243 1801 1382 1837 ἁμαρτίας
1406 1803 1576 1838 ἐπιστροφὴν
1593 1803 1812 1838 προσαλλέμενα.
1828 1803 1914 1828 Ὅταν

1124 1848 1153 1874 δὲ
1171 1847 1208 1883 μὴ
1234 1847 1427 1882 summatm;
1451 1849 1483 1875 ἐκ
1507 1848 1611 1876 τούτων
1629 1848 1737 1884 χείρους
1753 1848 1913 1884 γινώμεθα,

1123 1894 1185 1920 τότε
1213 1892 1412 1929 φιλανθρώπως
1440 1895 1620 1929 στελὶόμενα.
1649 1895 1735 1921 δεινὸν
1764 1895 1810 1921 τὸυ
1845 1895 1914 1929 προς

1124 1938 1285 1973 εὐεργεσίαν
1309 1939 1374 1974 ἡμῖν
1391 1941 1607 1975 κατεργάζονται
1631 1941 1757 1967 θάνατον.
1782 1941 1913 1976 Ἐπείπερ

1121 1985 1156 2012 τὸ
1187 1984 1333 2020 ποτήριον
1363 1986 1489 2020 Κυρίου,
1520 1986 1606 2013 οἴνου
1634 1987 1767 2021 ἀκράτου
1800 1987 1915 2021 πλῆρες

315 2078 325 2093 ⁸
343 2076 425 2105 Hebr.
442 2084 479 2109 tv,
497 2076 541 2103 lt.
582 2076 603 2092 ιο
620 2076 639 2102 ll
656 2076 722 2111 Reg.
740 2084 769 2109 ιι,
787 2076 829 2104 l8.
871 2076 891 2092 “
912 2075 1036 2111 Sophon.
1052 2083 1082 2107 tt.
1100 2075 1127 2102 5.
1167 2076 1189 2092 ¹¹
1205 2075 1278 2103 Psal.
1291 2084 1341 2110 vn,
1357 2076 1401 2104 i3.
1443 2077 1466 2093 "
1482 2075 1556 2105 Psal.
1573 2085 1664 2110 Lniv,
1680 2078 1707 2105 9.

852 2150 977 2178 FRANC.
993 2150 1187 2179 COMBEFISII
1211 2151 1326 2180 ΝΟΤᾸΕ.

315 2223 354 2284 $3?

281 2256 361 2286 bendi
379 2257 451 2284 illius
467 2256 608 2290 temporis,
625 2263 678 2290 qua
694 2256 793 2291 passim
809 2256 894 2283 libros
911 2256 1065 2284 uncialibus

280 2293 378 2321 litteris
405 2291 564 2323 exarabant,
591 2299 708 2326 quorum
733 2291 817 2326 aliqui
844 2291 994 2318 etiamnum
1021 2292 1064 2319 bi-

279 2329 430 2356 bliothecas
441 2331 550 2353 ornant.

317 2364 355 2397 (9)
370 2362 419 2389 Vix
449 2361 550 2395 alioqui
569 2361 626 2397 rapi
644 2361 732 2397 potuit
749 2365 824 2397 tanta
844 2360 933 2387 insula
951 2369 966 2387 a
982 2360 1065 2388 Sara-

281 2396 367 2427 cenis,
388 2398 414 2424 in
434 2404 516 2431 quam
532 2404 564 2423 ex
584 2396 713 2431 llispania
731 2396 866 2422 coloniam
888 2396 1063 2427 deducerent,

281 2435 345 2469 quin
364 2433 473 2467 plurimi
486 2437 649 2469 necarentur
659 2439 692 2458 ex
708 2431 864 2469 indigenis:
881 2431 1016 2469 litieraque
1031 2439 1063 2459 ex

282 2466 342 2496 istis
354 2466 473 2494 meretur
484 2468 555 2501 quod
570 2467 709 2494 Cedrenus
724 2467 865 2502 narratﬁde
879 2466 981 2502 Cyrillo
995 2466 1064 2493 Gor-

281 2509 351 2539 tyme
367 2503 497 2539 episcopo
514 2501 565 2539 sub
581 2509 613 2528 ea
635 2501 891 2539 imasione_ai]_‘ccto
906 2502 1063 2539 martyrio:

280 2536 437 2573 quanquam
452 2537 587 2564 Baronitts
602 2538 698 2567 elevat.
714 2536 786 2570 quod
805 2536 986 2570 Mcnologiuin
1005 2537 1065 2573 alii,-

280 2572 333 2608 que
362 2574 511 2607 scriptores
540 2572 619 2605 longe
643 2577 706 2608 ante
733 2579 764 2598 ea
792 2572 1064 2608 letnporauacﬂsub

279 2606 396 2636 ethnicis
412 2606 623 2642 imperatoribus
641 2606 767 2642 allectum
787 2607 916 2641 martyrio
931 2606 1061 2642 Cyrillum

279 2645 400 2672 Gortinm
413 2641 572 2677 episcopum
592 2642 716 2669 habeam.
736 2641 803 2668 Nam
820 2641 883 2676 quid
901 2647 971 2668 velat
991 2642 1062 2668 alte-

281 2688 340 2707 rulu
357 2676 488 2714 Cyrillum
509 2679 533 2703 iu
550 2676 739 2714 caHInctropoli
758 2677 933 2714 postmodum
945 2677 1060 2714 sedisse,

279 2720 365 2750 atque
381 2712 406 2740 in
429 2720 491 2750 cum
507 2712 673 2750 peculiar-ius
688 2720 736 2750 (cu
748 2712 935 2750 ecclesiastici
953 2712 1061 2750 ordinis

299 2747 441 2782 riucipem,
463 2748 564 2775 Christi
586 2748 678 2775 hostes
703 2747 909 2774 Mahumetanos
933 2747 1061 2774 saxvisse?

299 2758 441 2782 rlltt‘lpem,
463 2758 564 2775 υιΙΙἸδιΙ
586 2758 678 2775 ιιυδιυδ
703 2758 909 2774 ﬂlalllllllctilllus
933 2758 1060 2774 SELZVISSCI

278 2758 348 2811 Rum
361 2785 434 2811 enim
448 2790 518 2810 unus
530 2783 623 2810 Roma:
636 2782 703 2810 sedit
715 2781 873 2817 Gregorius,
889 2783 969 2816 idque
982 2790 1061 2809 sanc-

280 2820 344 2847 tus?
378 2827 449 2847 unus
465 2818 660 2854 Hierosolymis
674 2817 811 2845 Joannes?
825 2825 895 2854 unus
908 2817 1060 2844 Antiochiae

278 2855 457 2888 Anastasius?
473 2852 597 2882 Saevitia!
608 2852 861 2880 Mahunietanorum
877 2852 1058 2886 Hispanorum

279 2889 307 2917 in
326 2889 498 2917 Christianus
522 2889 662 2924 religionis
689 2895 772 2916 causa
797 2891 959 2922 argumento
983 2892 1057 2921 sunt,

366 2222 446 2249 Vx-lut
467 2221 547 2256 longo
559 2220 710 2247 litterarum
723 2221 867 2257 ductupro
878 2221 1065 2257 rationerscri-
1083 2224 1105 2250 ι)
1121 2227 1177 2249 tum
1204 2222 1334 2257 martyria
1359 2221 1410 2248 sub
1437 2221 1491 2248 illis
1510 2222 1537 2248 in
1559 2220 1690 2256 Hispania
1709 2221 1856 2253 celebrata,
1879 2230 1911 2250 ac

1120 2257 1249 2285 Ecclesia;
1271 2257 1370 2284 tabulis
1395 2257 1509 2284 diversis
1533 2257 1630 2284 diebus
1655 2257 1827 2287 consignata,
1852 2263 1909 2285 tum

1118 2292 1191 2328 quod
1209 2293 1306 2328 legitur
1330 2293 1357 2318 in
1373 2292 1442 2319 actis
1466 2291 1496 2319 S.
1513 2292 1636 2321 Niconis.
1655 2292 1716 2328 novi
1728 2291 1909 2328 igretonsium

1118 2326 1245 2363 apostoli,
1264 2327 1347 2355 fuisse
1363 2335 1430 2363 pene
1446 2328 1608 2363 exstinctam
1629 2327 1708 2353 [idem
1723 2326 1909 2355 Christianam

1119 2362 1146 2390 in
1167 2371 1197 2390 ea
1219 2363 1318 2394 insula,
1343 2369 1392 2397 per
1411 2362 1522 2397 longum
1545 2362 1610 2388 illud
1630 2367 1747 2396 tempus,
1769 2370 1824 2396 quo
1848 2370 1908 2389 eam

1119 2397 1223 2433 praefati
1248 2398 1376 2425 Saraceni
1396 2401 1549 2424 tenuerant.
1570 2397 1732 2433 Quanquam
1745 2398 1910 2433 Δ(εηὶιιιγιοιι-

1119 2431 1183 2468 gum
1207 2433 1294 2467 reipsa
1313 2432 1448 2464 videatur,
1466 2432 1596 2468 nimirum
1619 2432 1668 2459 l00
1684 2431 1796 2468 circiter
1809 2432 1844 2458 ΔΟ
1858 2441 1910 2459 an-

1119 2467 1227 2498 norum,
1247 2468 1318 2494 haud
1336 2472 1425 2494 tamen
1449 2467 1517 2494 adeo
1533 2467 1642 2500 longum
1657 2471 1709 2498 est,
1728 2472 1757 2494 ut
1773 2467 1798 2494 id
1817 2468 1908 2494 solutn

1118 2504 1184 2530 Salis
1201 2503 1350 2538 putandum
1364 2502 1399 2529 sit
1412 2502 1445 2529 ad
1461 2507 1563 2529 tantam
1576 2502 1798 2538 Christianorum
1813 2503 1907 2530 immi-

1118 2540 1276 2569 nutionem.
1295 2545 1326 2564 ac
1346 2537 1397 2564 nisi
1414 2539 1456 2564 vis
1479 2537 1654 2564 adhiberi-tur
1671 2537 1703 2563 ad
1728 2538 1806 2564 fidem
1823 2539 1909 2565 abne-

1117 2574 1232 2607 gandam
1251 2583 1256 2599 2
1274 2580 1336 2600 cum
1358 2572 1462 2600 Grmcia
1485 2573 1519 2599 ab
1533 2572 1628 2598 eodem
1654 2573 1750 2599 saltent
1771 2579 1906 2600 annorum

1117 2616 1231 2634 numero
1250 2607 1401 2634 Turcarum
1419 2607 1531 2634 ditionis
1548 2607 1634 2639 facta,
1655 2607 1829 2634 Christianos
1844 2615 1908 2641 per-

1117 2645 1208 2677 plures
1225 2644 1356 2670 hactenus
1376 2643 1474 2669 habeat
1488 2651 1495 2669 :
1513 2643 1620 2668 tametsi
1638 2649 1688 2668 nec
1704 2641 1803 2669 Turca:
1817 2644 1905 2677 aequis

1116 2680 1183 2705 satis
1200 2677 1404 2705 conditionibus
1421 2677 1539 2704 habeant
1558 2677 1744 2705 Christianos.
1767 2678 1907 2711 variisque

1115 2719 1142 2740 et
1159 2713 1209 2747 ipsi
1228 2713 1334 2740 artibus
1352 2712 1529 2740 Christanum
1546 2717 1634 2746 genus
1657 2712 1795 2744 abolcant,
1812 2713 1907 2739 subdi-

1115 2752 1212 2782 tosque
1236 2748 1351 2783 populos
1367 2748 1393 2774 in
1416 2754 1493 2775 suam
1512 2754 1614 2774 sectam
1639 2748 1808 2783 pet-trahant,
1827 2747 1907 2781 cujus

1115 2784 1197 2810 etiam
1212 2783 1359 2810 dilatandis:
1374 2790 1456 2810 causa
1470 2783 1600 2817 pleraque
1613 2790 1662 2809 sua
1678 2782 1749 2809 bella
1764 2788 1905 2817 pugnant:

1116 2819 1180 2845 dum
1199 2826 1248 2846 nos
1272 2818 1382 2845 interim
1404 2817 1562 2846 domesticis
1585 2821 1696 2846 nosmet
1711 2819 1854 2853 perdimus
1873 2825 1906 2846 ac

1115 2855 1195 2882 fidem
1215 2853 1390 2882 catholicam.
