2077 3157
190 180 243 212 885

737 188 825 217 VITA
845 188 875 217 S.
896 187 1049 218 NICOLAI
1069 188 1256 220 STUDthE.

1761 190 1814 222 8°6

189 236 239 272 τῆς
261 235 413 270 ἀναγκαίας
434 236 518 273 αὐτῆς
532 238 702 276 ἀπεστέρουν
719 241 823 277 τροφῆς
839 241 965 276 βδελυττό

1028 243 1100 271 saria
1116 251 1226 279 quoque
1238 251 1312 277 esca,
1325 245 1487 273 exsecrandi
1503 244 1639 276 homines,
1655 243 1812 279 privabant,

191 291 278 317 μενοι,
294 283 349 310 ’διὰ
365 283 410 310 δύο
425 284 440 319 ἢ
458 285 504 311 καὶ
516 286 654 321 τεττάρων
667 287 779 323 ἡμερῶν
793 287 850 314 ἔσο*
870 288 914 315 ὅτε
929 288 975 314 καὶ

189 327 278 362 διόλης
292 327 342 362 τῆς
354 329 510 364 ἑϐδομάδος,
529 331 606 365 μόλις
618 332 701 367 ἀρτου
716 333 801 369 βραχύ
813 343 839 360 τι
850 334 976 369 λείψανον

189 374 407 410 ὲπιρῤίπτοντες,
431 377 479 403 καὶ
499 377 565 404 αὐτό
588 378 618 404 τὸ
635 378 706 414 ὕδωρ
725 379 837 411 τούτους
858 380 975 414 ἀφυστε-

190 419 301 456 ροῦντες
313 421 338 447 οι
361 421 483 450 δείλαιοι.
501 423 557 450 Καὶ
572 424 622 451 οὐκ
639 425 713 452 ἔστιν
725 425 763 457 ὡς
775 425 883 461 ἀληθῶς
904 426 975 462 λόγῳ
991 446 998 449 η

189 465 390 493 καθυποϐαλεῖν
402 467 432 494 τὸ
445 469 494 503 τῆς
508 469 566 504 βίας
579 470 744 506 ἀπόρρητον.
758 470 821 507 Ἆρ’
832 469 879 499 οὖν
893 473 974 508 ἠλάτ-

189 519 288 538 τωνται
300 511 350 547 μὲν
361 513 462 548 ἥκιστα
477 515 530 541 τῶν
542 515 684 550 δογμάτων
698 517 753 552 (17)
768 518 812 545 διὰ
826 518 913 545 ταῦτα
925 519 974 554 τὴν

188 557 324 591 ἔνστασιν,
351 559 367 594 ἢ
391 561 448 592 τοῖς
475 560 564 595 ἀγῶσι
588 562 617 588 δὲ
635 562 729 597 μειοῦν
745 564 795 599 τὴν
817 565 974 600 παρρησίαν

187 603 301 638 ὑφέντες
328 605 489 640 ὲφάνησαν;
511 607 661 642 Οὐμενοῠν.
688 609 788 636 Σκόπει
810 610 839 636 δὲ
854 610 904 644 τὴν
923 611 973 637 ἀν-

189 650 267 684 δρίαν
284 650 411 678 ἐντεῦθεν
423 673 430 684 ,
449 653 495 679 καὶ
518 653 564 680 τὸν
589 654 707 689 φθόγγον
723 655 769 682 τοῦ
791 656 973 691 κηρύγματος

186 695 308 730 μείζονα.

220 788 304 815 Οὔπω
320 789 374 824 γὰρ
388 789 437 825 τὴν
453 791 518 824 ὑγιᾶ
531 790 585 817 τῶν
599 793 764 827 τραυμάτων
779 793 860 829 οὐλὴν
882 794 972 827 καλῶς

185 834 343 869 εὗραμένων
369 835 473 862 τούτων
488 836 543 863 τῶν
561 837 711 872 σωμάτων,
738 839 832 874 ἕτερος
854 841 973 876 πονηρὸς

183 879 230 907 τοῦ
245 880 392 913 δυσσεϐοῦς
418 881 550 916 βασιλέως
567 883 776 919 δυσσεϐέστερος
792 886 908 920 ἄγγελος
923 895 968 921 φο-

182 926 246 959 νῶν,
262 927 309 953 καὶ
324 927 507 962 σεσοϐημένος
523 928 677 963 ἐφίσταται,
694 930 796 965 βιϐλίον
813 932 872 966 μετ’
887 932 971 959 αὐτοῦ

183 973 433 1008 συνεπιφερόμενος
444 981 451 989 ⁸
465 975 513 1002 καὶ
524 974 574 1010 τῆς
588 976 700 1011 εἱρκτῆς
714 976 836 1004 καθελὼν
849 978 879 1004 τὸ
891 979 971 1014 περί-

183 1025 312 1053 φραγμα,
334 1018 404 1053 μετὰ
431 1019 498 1053 βοῆς
520 1020 639 1047 ἀτάκτου
664 1023 728 1053 τοὺς
751 1022 897 1057 θεοφόρους
927 1024 971 1055 ἐξ·

184 1063 273 1098 ίπησι
285 1072 292 1079 ·
310 1064 357 1091 καὶ
369 1064 418 1099 τὴν
430 1066 494 1101 παρ’
508 1065 597 1092 αὐτῶν
612 1066 693 1100 δῆθεν
707 1068 838 1102 κατάντοῦ
854 1069 971 1101 ἄνακτος

182 1109 366 1144 κρατηθεῖσαν
381 1110 443 1146 [Ieg.
469 1112 635 1148 γραφεῖσαν]
648 1114 794 1149 ἐπιστολὴν
805 1116 865 1142 ταῖν
878 1117 970 1151 χεροῖν

181 1155 303 1190 κρατῶν,
319 1155 495 1183 ὑπεδείκνυεν
508 1165 515 1172 ⁶
535 1157 636 1192 πηνίκα
651 1158 678 1185 δὲ
695 1159 806 1195 ταύτην,
822 1161 869 1188 καὶ
883 1162 969 1195 ὅπως,

181 1201 274 1237 [la/1:.
291 1203 360 1238 πρὸς
371 1203 460 1240 τινας]
475 1204 522 1231 καὶ
538 1205 583 1232 ὑπ’
596 1206 688 1233 αὐτῶν
711 1208 843 1242 σταλῆναι
858 1210 969 1243 τούτους

180 1248 299 1281 ἕξειπεῖν
316 1249 450 1281 ἐϐιάζετο.

217 1294 314 1328 Ἀθρει
340 1295 484 1329 τοιγαροῦν
509 1295 565 1322 τῶν
593 1297 729 1330 γεννάδων
755 1299 845 1334 πάλην
871 1300 968 1336 ἑτέραν

179 1339 226 1366 καὶ
244 1339 377 1375 κάματον.
408 1340 454 1372 Ὦς
469 1341 525 1376 γὰρ
547 1343 596 1368 καὶ
612 1343 816 1378 σκεδασθῆναι,
838 1346 968 1383 καὶπρὸς

179 1385 269 1412 αὐτῶν
285 1386 471 1421 ἀποσταλῆναι
486 1387 599 1422 ταύτην,
625 1389 672 1416 καὶ
694 1389 755 1416 ὅτου
770 1391 850 1426 χάριν
869 1392 968 1428 διωμο-

178 1429 310 1464 λόγηντο·
335 1431 494 1464 ἀλλοιωθεὶς
507 1433 522 1460 ὁ
536 1434 709 1469 παμμίαρος,
734 1436 841 1463 κελεύει
865 1446 967 1473 παρευ-

179 1477 226 1508 θὺς
255 1477 300 1503 τὸν
326 1478 459 1513 καρτερὸν
483 1479 532 1514 τῆς
552 1479 714 1515 Ἐκκλησίας
740 1481 898 1517 ἀδάμαντα,
921 1484 967 1511 τὸν

179 1523 267 1556 μέγαν
282 1524 310 1550 ὲν
326 1523 444 1558 πρώτοις
460 1525 637 1559 ἀφιματῶσαι
655 1526 798 1554 Νικόλαον.
813 1528 926 1564 Ἀνδρες
937 1530 965 1556 δὲ

179 1568 272 1594 τούτου
299 1568 354 1604 [ῐσ.
370 1569 477 1606 τοῦτον]
500 1570 562 1597 κατ’
585 1571 669 1606 ἄμφω
687 1571 726 1598 τὼ
743 1574 816 1608 χεῖρε
834 1575 964 1610 ἀπεωρή-
979 1585 1000 1615 c

179 1621 284 1646 σαντες,
307 1615 429 1649 ἀνηλεῶς
443 1617 500 1647 τοῖς
516 1616 672 1652 βουνεύροις
697 1618 845 1654 κατῄκιζον
864 1619 964 1655 ἕτεροι.

179 1660 275 1695 Ἕῤῥει
289 1661 317 1687 δὲ
330 1661 399 1695 πρὸς
414 1662 466 1695 γῆν
488 1662 519 1689 τὸ
534 1660 604 1698 αἷμα
617 1663 665 1690 τοῦ
690 1665 838 1700 μάρτυρος,
855 1666 902 1692 καὶ¹
922 1666 967 1700 ἐφ’

178 1707 273 1738 ἱκανὰς
287 1707 335 1738 τὰς
356 1707 432 1743 ὧρας
447 1708 616 1743 τυπτόμενον
629 1710 743 1736 ἄναυδον
759 1711 936 1746 καταορήσας
951 1713 966 1738 ὀ

179 1753 286 1788 μιαρὸς,
301 1754 481 1789 ὲκθηριωθεὶς
494 1755 544 1790 τὴν
553 1754 642 1790 ψυχ-ὴν
656 1756 670 1781 ὁ
681 1756 865 1792 ταλαίπωρος,
880 1766 966 1793 προσ-

176 1797 271 1825 τάσσει
293 1799 396 1833 γυμνδν
419 1798 491 1825 οὕτω
529 1800 576 1826 καὶ
604 1801 780 1835 πεφυρμένον
795 1801 834 1836 τῷ
858 1801 965 1837 αἵματι,

176 1845 281 1881 αἴθριον
309 1845 378 1880 πρὸς
406 1845 445 1880 τῷ
464 1845 545 1880 κρύει
571 1846 743 1881 παρεαοέντα
775 1846 963 1879 τεθνήξεσθαι.

175 1889 230 1917 Ἦν
242 1891 297 1926 γὰρ
311 1891 451 1926 χειμέριος
464 1893 477 1917 ὁ
488 1892 668 1926 καιρδςοκατά
681 1892 778 1927 τρίτην
792 1892 838 1919 τοῦ
849 1893 966 1920 ὲνεστῶυ

176 1947 221 1969 τος
235 1938 329 1973 μηνὸς,
344 1938 388 1964 ὅτε
400 1939 456 1969 τοῖς
472 1938 560 1971 ἁγίοις
575 1937 653 1964 τοῦτο
669 1938 822 1966 συνέϐαινε.

212 1984 266 2011 Καὶ
294 1983 395 2015 aream;
423 1983 565 2017 σφαδάζων
580 1983 619 2019 τῷ
643 1983 732 2019 θυμῷ,
762 1985 829 2019 πρὸς
853 1985 899 2011 τὸν
915 1986 965 2020 τῆς

176 2028 317 2060 εὐσεϐείας
339 2028 434 2054 στύλον
449 2027 587 2063 Θεόδωρον
605 2028 710 2064 μέτεισι
725 2036 732 2043 ·
747 2029 874 2056 κάκεῖνον
887 2029 965 2065 διαρ-

177 2074 232 2106 κῶς
257 2073 410 2107 καταξάνας
436 2074 497 2105 ταῖς
525 2073 646 2109 μάστιξι,
672 2074 898 2110 ἀνθυποστρέψας
925 2076 965 2107 είς

176 2117 254 2150 αὖθις
280 2119 348 2154 πρὸς
363 2119 409 2146 τὸν
439 2120 525 2154 μέγαν
550 2120 694 2150 Νικόλαον,
723 2119 793 2146 ἔπεα
817 2120 840 2147 δ’
866 2121 965 2153 ἐπίσης

176 2165 316 2199 νιφάδεσσι
332 2166 483 2200 χειμερίοις
495 2166 555 2196 ταῖς
569 2165 623 2192 τῶν
636 2165 725 2199 λόγων
742 2166 834 2192 ἀκτῖσι
849 2166 964 2200 βάλλων,

176 2211 225 2245 τῆς
244 2211 381 2246 πατρικῆς
406 2210 524 2245 στοργῆς
550 2211 752 2246 ἀποστρακίσαι
780 2211 963 2247 πειρώμενος.

182 2254 213 2281 Ὀ
226 2254 253 2281 δὲ
268 2254 352 2289 ἔφεπε
366 2255 481 2282 κλονέων
496 2255 541 2282 τὸν
556 2255 694 2291 ἀλιτήριον
708 2256 915 2292 ἀπωθούμενος.

219 2347 289 2374 Ἀλλ’
305 2349 319 2375 ὁ
340 2347 391 2382 μὲν
413 2347 452 2379 ῶς
466 2348 550 2379 ἀσπὶς
572 2347 619 2374 τοῦ
638 2348 726 2384 θυμοῦ
741 2349 787 2375 τὸν
807 2348 846 2376 ἱὸν
863 2349 964 2383 τεθηγ-

180 2392 260 2427 μένον
284 2391 376 2428 φέρων
389 2392 445 2424 τοῖς
461 2391 574 2426 χείλεσι,
587 2391 694 2419 κελεύει
709 2393 804 2419 τούτου
825 2393 874 2420 καὶ
886 2394 922 2421 τά
935 2402 965 2420 τε

179 2437 233 2464 τῶν
261 2438 422 2473 βραχιόνων.
448 2438 496 2464 καὶ
518 2437 573 2464 τῶν
597 2437 706 2464 ὠλενῶν
728 2440 788 2470 ταῖς
805 2438 965 2474 λεγομέναις

179 2483 274 2519 ῥέκαις
288 2483 344 2518 (18)
361 2481 438 2515 αὖθις
454 2483 643 2518 μαστίζεσθαι.
667 2484 747 2511 Ἀλλά
767 2485 821 2520 μὴν
846 2487 895 2512 καὶ
916 2486 966 2513 κά-

1027 289 1152 323 alterais,
1168 290 1344 324 quaternisve
1366 291 1473 321 diebus,
1497 290 1662 325 quandoque
1679 298 1727 325 per
1747 290 1813 317 heb-

1026 334 1172 362 domadam
1189 340 1284 367 totam,
1302 336 1344 363 vix
1355 336 1454 364 modici
1474 337 1552 371 panis
1568 336 1684 364 frustum
1702 336 1812 371 aliquod

1026 380 1219 415 projieientes;
1234 382 1303 417 quin
1319 386 1346 410 et
1365 382 1453 417 ipsam
1469 390 1569 417 aquam
1592 382 1699 410 scelesti
1722 382 1812 410 homi-

1026 434 1075 453 nes
1091 426 1131 454 eis
1147 427 1327 463 denegabant.
1350 429 1388 456 Ac
1404 436 1470 455 sane
1487 428 1576 463 major
1601 432 1654 461 est,
1677 436 1759 463 quam
1783 433 1814 455 ut

1028 479 1154 500 sermone
1183 473 1300 507 exprimi
1326 474 1424 509 possit,
1444 474 1576 502 immensa
1600 474 1646 501 illa
1663 474 1737 502 illata
1760 475 1812 502 vis.

1027 517 1097 546 Num
1112 526 1177 554 ergo
1191 519 1226 546 ob
1236 527 1295 547 eam
1314 521 1484 548 Vexatiouem
1502 521 1572 548 haud
1583 521 1693 556 quidem
1707 528 1813 556 pugna-

1025 570 1083 590 cem
1099 563 1254 598 dogtuatum
1266 565 1447 592 consuntiam
1460 565 1611 593 amiserunt
1623 574 1631 598 ;
1643 566 1696 593 visi
1715 570 1806 592 tamen

1025 614 1090 635 sunt
1106 610 1302 638 certaminibus
1329 610 1459 645 impares,
1489 611 1614 639 minuere
1637 610 1742 646 aliquid
1772 610 1812 637 di-

1024 654 1102 682 cendi
1123 655 1276 683 libertatis?
1304 656 1532 692 Haudquaquam.
1559 656 1628 684 Vide
1655 657 1727 684 cnim
1752 664 1812 684 am-

1024 701 1137 736 pliorem
1151 702 1215 730 hinc
1231 701 1431 735 'ortitudinem,
1446 710 1478 730 ac
1494 711 1593 731 sonum
1606 703 1810 738 pradicationis

1024 747 1155 780 majorem
1160 767 1166 774 .

1059 790 1126 819 Cum
1138 793 1209 819 enim
1228 792 1341 820 necdum
1359 801 1453 821 eorum
1479 800 1595 828 corpora
1619 793 1688 820 bene
1699 800 1781 820 sanas
1796 799 1811 819 a

1023 838 1161 872 prioribus
1176 839 1261 873 plagis
1286 839 1429 867 cicatrices
1443 839 1585 872 haberent,
1597 846 1631 866 en
1656 839 1704 866 tibi
1721 839 1811 866 malus

1024 883 1094 911 alius
1122 884 1198 918 impii
1234 884 1407 919 imperatoris
1437 885 1535 918 impius
1571 885 1659 919 magis
1687 885 1809 917 nuntius,

1024 929 1110 956 caedes
1128 929 1246 963 spirans,
1262 937 1294 957 ac
1313 930 1414 958 furoris
1436 934 1521 958 uestro
1547 929 1665 965 quodam
1692 929 1811 965 agitatus

1022 973 1143 1005 advenit,
1173 981 1226 1001 una
1252 982 1347 1001 secum
1376 974 1476 1002 librum
1503 973 1641 1007 inferens,
1661 978 1810 1008 apertoque

1022 1020 1141 1047 carceris
1152 1020 1224 1046 ostio
1238 1020 1347 1048 divinos
1363 1020 1437 1047 viros
1454 1019 1595 1047 incondito
1610 1020 1731 1047 clamore
1746 1019 1809 1047 inde

1021 1065 1121 1097 educit,
1133 1072 1166 1092 ac
1179 1070 1335 1093 monstrans
1349 1065 1504 1098 epistolam,
1526 1072 1609 1100 quam
1624 1065 1752 1092 manibus
1766 1069 1807 1092 te-

1021 1115 1109 1143 neret,
1126 1110 1160 1137 ab
1173 1111 1213 1137 eis
1230 1110 1361 1139 adversus
1376 1111 1570 1145 imperatorem
1597 1110 1740 1144 scriptam,
1766 1117 1810 1137 co-

1020 1156 1099 1190 gebat
1126 1156 1244 1189 edicere,
1269 1157 1389 1193 quando,
1402 1165 1435 1185 ac
1456 1156 1605 1192 quomodo,
1629 1159 1658 1184 et
1674 1156 1709 1183 ad
1739 1163 1809 1191 quos

1020 1202 1169 1230 misissent.

1056 1293 1122 1321 Vide
1138 1302 1203 1329 ergo
1229 1294 1340 1322 fortium
1367 1295 1489 1330 pugilum
1517 1302 1636 1330 pugnam
1663 1294 1745 1322 aliam
1775 1302 1808 1322 ac

1019 1344 1166 1367 certamen.
1183 1338 1217 1367 Ut
1228 1339 1298 1367 enim
1314 1340 1363 1368 abs
1375 1348 1404 1367 se
1418 1341 1609 1375 compositam,
1625 1341 1805 1375 missamque,

1018 1393 1051 1412 ac
1067 1386 1146 1420 cujus
1161 1393 1245 1413 causa
1263 1385 1363 1413 factum
1376 1386 1423 1416 sit.
1437 1386 1556 1414 confessi
1573 1385 1699 1418 fuissent,
1720 1386 1747 1413 in
1764 1386 1807 1413 fu-

1018 1438 1107 1458 rorem
1123 1439 1273 1459 conversus
1289 1433 1477 1460 exsecrantlus
1493 1432 1585 1464 homo.
1602 1433 1698 1460 fortem
1729 1433 1805 1460 illum

1018 1477 1148 1505 Ecclesiae
1159 1478 1343 1510 adamantem,
1359 1486 1488 1513 magnum
1506 1479 1533 1506 in
1549 1479 1646 1513 primis
1662 1478 1806 1507 Nicolaum

1017 1524 1158 1551 confesti‘u
1176 1524 1273 1551 nudari
1298 1525 1385 1559 jubet.
1411 1524 1483 1552 Viris
1505 1529 1594 1552 autem
1611 1525 1755 1552 sublimem
1771 1526 1805 1552 ab

1017 1575 1133 1604 utraque
1150 1577 1232 1596 manu
1252 1570 1421 1603 tenentibus,
1444 1571 1489 1598 alii
1505 1571 1566 1598 dire
1591 1571 1694 1598 laureis
1717 1571 1806 1598 caede-

1018 1617 1092 1644 bant.
1108 1616 1193 1643 Porro
1204 1616 1339 1644 defluebat
1357 1617 1384 1643 iu
1401 1620 1500 1644 terram
1518 1617 1629 1653 sanguis
1653 1617 1781 1652 martyris
1795 1624 1804 1644 :

1016 1654 1166 1695 vidensque
1183 1661 1314 1689 scelestus
1329 1661 1363 1688 ad
1379 1661 1491 1695 longum
1507 1662 1575 1689 satis
1590 1665 1699 1696 tempus
1716 1668 1803 1696 vapu-

1017 1707 1116 1734 lantem
1133 1707 1193 1733 sine
1208 1713 1284 1738 voce,
1306 1706 1398 1733 animo
1419 1711 1599 1741 exasperatus
1623 1706 1803 1736 miserabilis.

1015 1752 1092 1787 jubet
1107 1753 1147 1780 sic
1164 1753 1266 1780 nudum
1288 1760 1321 1779 ac
1337 1752 1472 1786 sanguine
1500 1753 1730 1780 commaculatum
1752 1752 1805 1780 sub

1016 1799 1061 1825 dio
1075 1798 1176 1833 frigore
1187 1799 1340 1825 necandum
1356 1799 1485 1833 relinqui.
1504 1798 1570 1826 Erat
1583 1799 1721 1834 siquidem
1737 1803 1804 1826 tunc

1018 1844 1168 1879 hybernum
1189 1848 1306 1878 tempus,
1331 1844 1409 1871 tertia
1427 1844 1557 1871 nimirum
1583 1845 1727 1879 praesentis
1749 1843 1802 1870 Fe-

1016 1890 1119 1917 bruarii
1132 1890 1245 1922 mensis,
1261 1898 1322 1917 cum
1337 1890 1388 1917 hoc
1402 1890 1500 1917 accidit
1513 1890 1626 1918 sanctis.

1052 1980 1112 2008 Mox
1129 1978 1204 2014 vero,
1222 1981 1260 2008 ira
1277 1980 1381 2013 furens,
1396 1980 1524 2008 Ecclesia;
1540 1981 1695 2008 columnam
1712 1981 1804 2008 Theo-

1015 2027 1113 2053 dorum
1126 2026 1194 2058 adit,
1209 2033 1326 2060 eumque
1339 2033 1448 2053 rursum
1466 2026 1557 2053 multis
1573 2026 1733 2054 verberibus
1748 2034 1803 2054 caa-

1016 2073 1095 2104 dens,
1111 2072 1182 2099 redit
1199 2071 1320 2099 vicissim
1341 2072 1374 2099 ad
1389 2080 1516 2107 magnum
1531 2071 1685 2102 Nicolaum,
1701 2072 1802 2099 multa-

1009 2125 1081 2154 (que,
1098 2117 1183 2144 instar
1197 2117 1353 2144 hiemalium
1367 2117 1532 2148 nimborum,
1542 2117 1805 2151 sermonumjaculis

1016 2163 1128 2190 mittens
1143 2162 1276 2195 carmina,
1292 2163 1443 2190 conabatur
1455 2162 1613 2190 abstrahere
1635 2170 1650 2189 a
1666 2163 1767 2197 pietate
1777 2163 1804 2190 in

1016 2209 1136 2237 Patrem.
1155 2208 1179 2236 ls
1196 2215 1286 2236 autem
1301 2216 1364 2236 eum
1379 2209 1529 2236 observans
1561 2208 1721 2244 fovensque,
1740 2216 1804 2243 pes-

976 2258 1004 2288 D
1017 2256 1117 2283 simum
1132 2255 1271 2282 hominem
1285 2255 1319 2282 ab
1335 2254 1424 2282 cilicio
1441 2259 1590 2286 vetantem,
1610 2255 1637 2281 in
1657 2262 1687 2282 se
1703 2261 1805 2289 provo-

1017 2302 1106 2330 cabat.

1052 2346 1209 2378 Enimvero,
1228 2346 1272 2373 ille
1288 2345 1411 2380 quidem,
1429 2345 1517 2373 instar
1533 2345 1647 2380 aspidls,
1665 2345 1713 2373 ira:
1735 2353 1807 2380 prte-

1017 2399 1081 2420 sens
1095 2398 1229 2419 venenum
1246 2391 1325 2418 labiis
1353 2391 1505 2425 repositum
1532 2391 1634 2424 ferens,
1651 2391 1730 2425 jubet
1744 2390 1809 2426 ejus

1018 2446 1080 2466 cum
1099 2438 1211 2465 brachia
1226 2442 1283 2464 tum
1301 2437 1381 2464 ulnas
1395 2437 1494 2464 iterum
1507 2437 1621 2473 flagellis
1633 2444 1695 2472 quae
1707 2437 1807 2466 thecas

1017 2485 1123 2516 dicunt,
1145 2484 1223 2518 caedi,
1251 2483 1300 2512 sed
1316 2488 1344 2511 et
1357 2484 1392 2512 ab
1405 2489 1522 2519 utraque
1542 2491 1625 2512 manu
1645 2484 1808 2512 carnivorus

757 2573 881 2602 FRANC.
898 2573 1093 2601 COMBEFISII
1104 2572 1221 2600 ΝΟΤΕ.

213 2645 270 2678 (l7)
299 2644 436 2672 Subnotat
460 2644 522 2672 illos
548 2644 708 2679 praepositos
723 2651 755 2672 ea
779 2644 887 2672 tandem
909 2645 960 2672 ab-

178 2681 276 2708 ductos
292 2688 306 2707 a
322 2680 424 2712 Leone,
449 2685 478 2707 ut
494 2680 572 2707 fidem
590 2679 641 2714 ipsi
660 2679 818 2712 retinerent,
840 2679 888 2706 sed
905 2687 961 2707 non

178 2715 370 2750 praedicarent,
392 2719 439 2742 aut
455 2715 514 2751 ejus
529 2714 757 2751 pravumidogm‘a
772 2719 962 2751 coarguerent,

178 2749 214 2778 de
228 2751 327 2784 quibus
345 2751 437 2777 multis
457 2749 558 2778 Baroh.
574 2757 608 2777 ex
631 2749 761 2776 Michaele
777 2754 804 2776 et
819 2749 880 2777 aliis
895 2758 961 2777 ann.

179 2783 243 2819 814,
259 2786 359 2820 quibus
372 2793 471 2820 magno
487 2793 593 2820 semper
612 2784 704 2812 animo
722 2784 820 2812 restitit
835 2783 964 2812 Theo-lo-

179 2828 239 2853 rus,
262 2828 358 2848 omnes
379 2820 468 2847 modis
484 2820 614 2847 omnibus
630 2827 783 2854 provocans
800 2820 833 2847 ad
850 2820 963 2847 liberam

183 2856 243 2883 fidei
258 2856 473 2887 confessionem,
487 2863 519 2882 ac
534 2855 657 2882 haeresim
673 2855 761 2890 palam
784 2855 963 2890 arguendam.

216 2890 272 2927 (18)
288 2891 374 2918 Antea
392 2890 558 2925 βουνεύροις,
577 2898 624 2918 seu
641 2891 718 2918 nexis
732 2890 841 2918 bubulis
856 2898 889 2918 ac
904 2895 965 2918 tau-

1015 2645 1070 2672 reis
1095 2644 1180 2672 semel
1203 2647 1231 2670 et
1256 2643 1354 2670 iterum
1375 2651 1461 2671 caesos
1475 2643 1563 2670 dixit:
1582 2643 1625 2671 hic
1643 2647 1733 2669 autem
1746 2646 1800 2667 no-

1014 2687 1082 2716 vum
1102 2686 1189 2716 genus
1213 2678 1310 2713 flagelli
1332 2679 1444 2716 indicat.
1464 2678 1544 2716 Velit_
1563 2678 1643 2716 forte
1659 2678 1804 2716 virgas"?

1015 2710 1263 2743 ramis'arborutn,‘
1273 2714 1466 2741 accommodas
1494 2713 1562 2741 satis
1589 2711 1725 2739 caedendis
1749 2710 1804 2737 illis

1017 2750 1156 2784 partibus;
1179 2749 1314 2784 siquidem
1343 2748 1454 2784 ρακίδες
1481 2753 1545 2775 sunt
1573 2747 1653 2777 rami,
1682 2745 1803 2780 frutices,

1015 2783 1171 2820 ὀρόδαμνοι.
1195 2783 1232 2811 Ut
1249 2783 1465 2820 autem;allinem
1484 2784 1675 2820 velimuseam
1693 2787 1800 2820 vocem,

1016 2814 1077 2847 voci
1099 2814 1192 2854 ’ῥέκος.
1221 2826 1303 2853 quam
1331 2818 1483 2854 Hesychius
1498 2814 1799 2854 exponitucingaulum,

1017 2849 1250 2891 possit'ilagellurn
1265 2862 1299 2882 ex
1313 2849 1523 2891 lorisintelligi:
1540 2849 1573 2879 de
1586 2851 1686 2891 quibus
1698 2849 1800 2891 ’Galon.

1016 2886 1041 2918 ὲ.
1061 2890 1096 2918 ἀς
1116 2886 1202 2916 Ενὶιηι
1222 2888 1280 2916 (om
1302 2889 1373 2923 apud
1400 2886 1506 2921 vetere},
1528 2886 1651 2921 corrigit:
1672 2892 1703 2913 ea:
1730 2886 1802 2912 coria
