2077 3157
210 150 259 183 291

930 147 1103 177 ΑΝΟΝΥΜΙ

1787 143 1840 176 892

209 214 267 237 ιοιο
281 215 395 242 corpore
409 214 456 234 eos
470 206 596 241 stigmata
611 204 677 232 Iesu
691 203 932 236 circumferentes,
947 204 995 230 ho-

1064 206 1149 235 κεῖνος
1166 204 1268 239 ποιμὴν
1284 204 1312 230 ὲν
1328 203 1382 238 ὅλῳ
1403 202 1442 237 τῷ
1457 201 1565 237 σώματι
1587 201 1699 233 τούτους
1718 201 1766 228 τοῦ
1786 202 1839 237 Ἰη-

210 262 277 281 norc
294 252 520 288 prosequebatur,
538 250 709 285 habebatque
725 250 904 282 venerationi,
923 258 955 278 ae
969 249 996 276 in

210 299 333 326 omnium
345 301 500 330 conspectu.
513 303 576 323 cum
593 300 699 330 tempus
714 295 831 328 tttlisset,
840 304 996 323 sermonum

211 344 343 371 consertis
357 342 486 377 symbolis
500 341 659 369 exornabat.
675 341 803 368 Facessat
816 345 887 368 mota
906 343 999 368 adver-

211 397 259 415 sus
281 388 349 415 istos
367 386 486 417 invidia,
506 393 674 420 manumque
690 385 729 413 ori
749 386 890 414 dementes
910 386 999 421 impo-

211 437 287 463 nant.
314 432 360 466 qui
383 439 433 458 sua
456 431 507 465 ipsi
536 431 667 465 nequitia,
691 431 766 458 orbis
786 431 831 458 illa
855 431 999 458 luminaria

211 478 326 505 invicem
339 477 452 504 adversa
464 476 559 504 ell'reni
580 477 711 504 hactenus
725 484 773 504 ore
786 477 998 504 calumniantur.

247 567 382 595 Cancrum
404 567 526 602 pontifex
540 587 547 599 ,
565 570 614 594 hos
639 567 709 594 bene
727 567 902 594 consulentes
922 574 1001 594 assu-

213 622 300 646 mens,
316 621 369 641 una
387 621 449 640 cum
468 613 611 648 praecipuis
628 613 825 647 metropolitis,
837 620 926 647 opera:
939 621 998 647 pre~

215 661 281 686 tium
298 660 435 686 duxerunt
448 664 475 686 ut
492 666 584 686 coram
601 659 791 693 imperatorem
807 659 925 690 adirent,
942 666 1002 692 spe-

215 711 306 733 rantes
322 705 379 732 fore
396 709 425 731 ut
439 705 615 739 subingressa
642 705 668 730 in
685 703 835 731 Ecclesiam
853 704 982 732 scandala
993 726 1000 736 ,

214 759 246 778 ac
268 759 385 785 nequam
411 750 571 782 haereticos,
593 749 752 783 dejicerent.
770 750 810 777 Ac
825 757 889 777 vero
915 750 1001 776 virum

215 797 361 830 quemdam
392 797 418 822 in
455 795 587 831 dignitate
617 796 797 822 constitutum
830 800 1002 830 sequestrum

215 842 392 872 adhibentes.
408 841 523 876 ingressi
547 845 612 867 sunt
631 840 664 867 ad
686 841 895 875 imperatorem,
923 841 1004 875 eique

217 895 266 921 pro
282 887 428 917 omnibus,
450 892 479 913 ut
498 885 612 920 quisque
627 885 746 917 valebat,
761 886 864 920 gratias
880 890 1002 921 agentes,

217 940 278 959 cum
294 933 350 966 jam
367 931 529 959 Theodorus
551 939 705 958 sermonem
730 931 764 958 de
783 931 909 958 Ecclesiae
929 932 1004 959 sanis

218 978 354 1012 dogmatis
369 977 578 1012 proposuisset:
599 977 716 1012 jusseral
746 977 819 1004 enim
850 985 865 1004 a
891 977 1004 1004 victoria

219 1022 369 1057 appellatus
383 1022 553 1056 Nicephorus
567 1021 732 1056 patriarcha,
747 1025 776 1048 ut
791 1022 814 1048 is
830 1021 908 1048 ﬁdem
923 1029 1006 1055 expo-

219 1071 296 1095 neret
313 1076 319 1095 :
336 1068 478 1102 perculsus
494 1068 643 1102 imperator
655 1067 716 1101 ejus
728 1067 829 1099 verbis,
845 1067 1005 1102 uoleusque,

221 1118 251 1141 ut
267 1121 323 1140 rem
338 1113 426 1140 dicam
439 1133 446 1146 ,
468 1114 534 1140 dare
557 1113 719 1141 solutionem
742 1113 888 1146 Ecclesia),
906 1115 1007 1149 quippe

220 1160 267 1194 qui
282 1160 356 1187 velut
375 1160 570 1194 antesignanus
587 1160 831 1187 lconomachorum
846 1181 853 1192 ,
871 1160 1008 1194 ejusdem-

220 1213 273 1239 que
288 1213 320 1232 ac
337 1205 374 1231 illi
387 1206 530 1233 sententia;
541 1210 623 1238 esset,
647 1205 696 1237 Tu,
719 1205 807 1240 inquit
831 1206 865 1233 ad
885 1206 1006 1233 divinum

220 1251 407 1284 Theodorum,
416 1251 444 1278 in
454 1259 524 1278 more
533 1252 648 1286 positum
659 1250 738 1277 habes
748 1252 857 1285 sceptris
871 1252 1008 1278 resistere:

221 1297 295 1324 velut
310 1297 496 1332 improperans
508 1297 616 1332 plenam
635 1297 708 1324 illam
721 1297 854 1325 libertatis
867 1298 1011 1332 reprehen-

221 1342 344 1374 sionem,
366 1350 446 1377 quam
476 1342 630 1370 communis
654 1342 698 1369 illa
723 1342 854 1370 Ecclesiae
879 1342 935 1375 fax,
960 1350 1010 1370 reu

221 1387 337 1415 Pltinees
349 1389 492 1416 aemulator
502 1409 510 1421 ,
526 1389 577 1415 sub
590 1388 696 1415 duohus
712 1389 922 1423 imperatoribus
937 1388 1009 1416 Con-

222 1435 342 1461 stantino
358 1441 391 1461 ac
407 1434 560 1469 Nicephoro
573 1434 691 1462 fecisset.
709 1433 781 1461 Sane
795 1436 868 1461 enim
881 1435 915 1462 ob
927 1435 1011 1462 animi

222 1480 318 1507 oculos
337 1485 488 1508 versanlem
513 1481 646 1513 habebat,
663 1489 745 1516 quatit
764 1480 786 1508 is
803 1489 913 1516 quoque
931 1481 1012 1508 mise-

1050 250 1097 276 σοῦ
1108 250 1143 276 τὰ
1157 250 1294 284 στίγματα
1309 249 1518 284 περιφέροντας,
1531 249 1644 282 ἐτιμᾶτο
1658 247 1705 274 καὶ
1719 243 1840 280 ἐσέϐετο,

1050 296 1098 322 καὶ
1114 296 1160 322 ἐπὶ
1174 296 1240 322 πᾶσι
1256 296 1318 322 καθ’
1335 294 1409 330 ὥραν
1424 296 1480 325 τοῖς
1499 295 1532 321 ὲκ
1547 293 1601 320 τῶν
1628 294 1715 327 λόγων
1735 294 1842 328 ἐράνοις

1050 342 1203 378 ἐγέραιρεν.
1235 341 1353 377 Ἐῥρέτω
1372 340 1469 374 φθόνος
1491 341 1505 366 ό
1530 340 1601 366 κατὰ
1626 340 1729 366 τούτων
1751 339 1844 366 κινού-

1052 397 1132 424 μενος
1148 388 1215 422 (21),
1229 388 1274 413 καὶ
1286 388 1366 422 χεῖρα
1374 386 1420 412 ἐπὶ
1432 386 1520 420 στόμα
1533 385 1562 412 τὸ
1575 385 1680 411 ἑαυτῶν
1691 385 1842 411 τιθέτωσαν

1050 434 1074 460 οἱ
1089 432 1269 468 ὲμὸρόντητοι
1282 452 1289 462 ,
1304 432 1329 458 οἱ
1346 433 1378 466 τῇ
1396 431 1471 466 σφῶν
1485 431 1571 465 κακίᾳ
1584 451 1592 462 ,
1608 431 1671 462 τοὺς
1684 431 1735 464 τῆς
1750 432 1842 457 οἰκου-

1053 479 1136 513 μένης
1152 477 1313 512 φωστῆρας,
1330 477 1389 503 κατ’
1408 476 1530 511 ἀλλήλων
1554 476 1635 511 μέχρι
1651 476 1698 503 τοῦ
1716 475 1763 502 νῦν
1778 476 1844 503 ἀθυ-

1053 524 1247 559 ροττομοῦντες
1263 522 1477 550 ἐνδιαϐάλλουσι.

1088 574 1161 608 Πλὴν
1178 573 1233 608 (22)
1250 573 1342 604 καλοῖς
1360 571 1523 607 συμϐούλοις
1537 570 1599 606 [leg].
1613 569 1712 599 καλοὺς
1726 567 1844 603 συμϐού-

1052 619 1113 650 λους
1126 616 1250 653 τούτους]
1265 618 1278 643 ὁ
1289 616 1434 651 ἀρχιερεὺς
1445 615 1494 642 σὺν
1504 616 1562 646 τοῖς
1572 614 1667 647 λογάσι
1677 612 1780 643 τούτοις
1792 611 1845 637 τῶν

1055 664 1261 699 μητροπολιτῶν
1284 661 1522 697 προσλαϐόμενος,
1548 660 1587 690 εἰς
1613 659 1677 685 θέαν
1704 658 1750 684 τοῦ
1775 666 1844 692 κρα-

1051 709 1161 740 τοῦντος
1179 708 1264 735 ἐλθεῖν
1280 707 1466 742 ὑπειλήφασι,
1482 705 1516 732 τὰ
1538 703 1752 739 παρεισελθόντα
1770 702 1845 728 κῶλα

1053 757 1086 791 τῇ
1108 754 1256 789 Ἐκκλησία
1269 753 1395 780 καθελεῖν
1416 751 1662 788 προσδοκήσαντες.
1679 749 1734 776 Καὶ
1749 747 1781 783 δὴ
1792 748 1845 774 τῶν

1054 802 1083 827 ἐν
1097 800 1168 826 τέλει
1186 799 1239 826 τινὶ
1255 799 1352 833 μεσίτῃ
1371 797 1542 833 χρησάμενοι
1554 816 1560 827 ,
1577 795 1645 830 πρὸς
1667 795 1714 820 τὸν
1735 793 1847 828 βασιλέα

1054 845 1262 880 εἰσεληλύθεσαν
1273 863 1281 876 ,
1296 845 1343 871 καὶ
1360 844 1424 878 περὶ
1443 842 1553 869 πάντων
1577 841 1626 875 τὴν
1649 839 1827 875 εὐχαριστίαν
1838 859 1845 871 ,

1042 892 1091 923 ιὼς
1103 889 1159 926 εἶχε
1171 891 1313 924 δυνάμεως
1327 890 1442 921 ἕκαστος
1453 888 1544 915 αὐτῶν
1554 886 1594 922 τῷ
1608 886 1712 921 βασιλεῖ
1725 886 1847 919 ἀφοσιω-

1056 939 1183 973 σάμενος.
1199 936 1247 963 τοῦ
1265 937 1383 971 μεγάλου
1399 934 1540 969 Θεοδώρου
1560 933 1606 959 τὸν
1622 932 1700 965 λόγον
1717 932 1766 966 ἢδη
1784 930 1849 965 περὶ

1055 983 1109 1010 τῶν
1127 983 1176 1017 τῆς
1191 981 1354 1016 Ἐκκλησίας
1365 980 1507 1015 δογμάτων
1527 978 1733 1013 προτείναντος·
1753 975 1848 1002 τοῦτον

1056 1031 1109 1065 γὰρ
1125 1028 1293 1063 εἰσηγεῖσθαι
1307 1027 1342 1054 τὰ,
1355 1027 1420 1062 περὶ
1435 1026 1553 1056 πίστεως
1569 1025 1583 1050 ό
1601 1025 1649 1058 τῆς
1665 1022 1743 1057 νίκης
1762 1020 1851 1055 φερώ-

1057 1084 1142 1110 νυμος
1161 1073 1350 1109 προετρέψατο
1361 1080 1369 1089 '
1392 1068 1623 1106 χαταϐροντήθεὶς
1643 1070 1656 1095 ὁ
1673 1068 1740 1101 ἄναξ
1754 1067 1848 1094 τούτου

1057 1122 1112 1152 τοῖς
1128 1120 1243 1155 ῥήμασι,
1258 1119 1315 1150 καὶ,
1335 1117 1367 1144 ἵν’
1383 1118 1461 1145 εἴπω,
1481 1115 1557 1142 λύσιν
1574 1116 1607 1150 τῇ
1627 1113 1776 1148 Ἐκκλησία
1797 1120 1850 1137 πα-

1060 1166 1169 1201 ρασχεῖν
1198 1164 1235 1198 μὴ
1255 1163 1438 1197 βουλόμενος·
1459 1161 1574 1196 ἐπείπερ
1598 1160 1635 1190 ὡς
1657 1158 1777 1193 ἀρχηγὸς
1802 1157 1850 1184 καὶ

1058 1207 1182 1243 (SI/65050;
1192 1207 1245 1233 τῶν
1260 1207 1450 1241 Εικονομάχων
1463 1205 1593 1240 ἐτύγχανε
1605 1212 1611 1219 ·
1627 1204 1678 1236 Σὺ,
1690 1203 1766 1237 φησὶ,
1782 1202 1850 1234 πρὸς

1059 1253 1104 1280 τὸν
1124 1253 1252 1287 θεοφόρον
1263 1251 1417 1286 Θεόδωρον,
1440 1250 1475 1283 ἐξ
1496 1251 1583 1282 ἔθους
1603 1250 1682 1284 ἔχεις
1699 1248 1761 1280 τοῖς
1775 1248 1851 1281 σκή-

1060 1306 1163 1332 πτροις
1173 1298 1382 1330 ἀνθίστασθαι,
1394 1297 1432 1328 ὡς
1443 1295 1642 1331 ὀνειδισάμενός
1655 1303 1712 1326 πως
1723 1295 1771 1328 τῆς
1781 1294 1851 1329 παῤ-

1062 1346 1159 1382 ρησίας
1172 1346 1218 1372 τὸν
1232 1345 1352 1380 ἔλεγχον,
1368 1344 1398 1371 ὃν
1413 1344 1460 1371 ἐπὶ
1476 1341 1683 1370 Κωνσταντίνου
1700 1342 1746 1367 καὶ
1763 1340 1849 1374 Νικη-

1061 1393 1145 1426 φόρου
1157 1392 1215 1418 τοῖν
1225 1391 1297 1418 δυοῖν
1312 1390 1456 1425 βασιλέοιν,
1473 1389 1543 1416 κατὰ
1553 1389 1599 1415 τὸν
1613 1387 1737 1423 ζηλωτὴν
1747 1385 1849 1417 Φινεὲς,

1061 1439 1076 1465 ὁ
1092 1438 1180 1469 κοινὸς
1188 1436 1264 1468 οὗτος
1274 1437 1325 1472 τῆς
1340 1436 1504 1470 Ἐκκλησίας
1519 1436 1622 1470 πυρσὸς
1638 1433 1849 1468 κατειργάσατο.

1063 1484 1116 1511 Ναὶ
1137 1483 1191 1519 γὰρ
1207 1484 1253 1510 ἀπ’
1270 1483 1395 1514 ἐναντίας
1416 1480 1490 1517 εἷχε,
1507 1481 1554 1507 καὶ
1568 1481 1614 1507 τὸν
1633 1479 1672 1515 τῷ
1690 1479 1786 1506 ἄνακτι
1803 1478 1852 1504 Νι-

222 1527 337 1554 rabilem
353 1532 468 1554 mortem
490 1526 644 1560 Nicephoro
663 1527 821 1561 imperatori
835 1528 871 1553 ob
889 1527 979 1554 aliene
996 1534 1010 1554 a

1064 1529 1177 1564 κηφόρῳ
1188 1529 1232 1556 διὰ
1244 1529 1293 1563 τὴν
1306 1528 1355 1563 τῆς
1370 1525 1558 1562 μοιχοζευξίας
1571 1525 1713 1559 ἀλόγιστον
1727 1524 1852 1550 ἔνστασιν

224 1572 329 1599 ratione
343 1572 598 1607 contentiosiusque
617 1571 745 1600 defensae
760 1572 925 1599 adulterinas
941 1580 1011 1608 nup-

225 1618 286 1650 tias,
299 1618 398 1653 spiritu
415 1618 574 1653 pmpltetico
591 1618 762 1652 praedixisset
778 1627 785 1644 :
804 1624 932 1652 metuque
952 1625 1013 1652 per-

224 1670 339 1695 cussus,
355 1663 508 1698 siquidem,
528 1663 633 1698 inquit,
649 1663 731 1690 etiam
749 1663 842 1690 hostes
859 1663 909 1690 viri
928 1663 1013 1690 virtu-

226 1711 280 1734 tctn
296 1713 470 1741 reverentur;
486 1707 562 1736 ltisce
577 1716 639 1736 eum
656 1708 747 1736 verbis
763 1707 884 1735 modeste
900 1708 1014 1744 repelle-

1065 1576 1094 1601 ἐν
1109 1574 1262 1610 Βουλγαρῑᾳ
1276 1572 1499 1608 προφητευθὲντα
1509 1572 1643 1598 οἴκτιστον
1656 1570 1770 1597 θάνατον
1782 1567 1850 1604 (25)·

1065 1621 1112 1647 καὶ
1136 1620 1211 1655 φόϐῳ
1235 1620 1416 1655 βαλλόμενος,
1433 1618 1548 1652 ἐπείπερ
1570 1616 1667 1652 ἀνδρὸς
1684 1614 1785 1650 ἀρετὴν
1810 1615 1853 1640 αι-

1065 1665 1183 1698 δοῦνται,
1200 1666 1281 1700 φησὶ,
1297 1665 1347 1691 καὶ
1365 1664 1502 1699 πολέμιοι·
1517 1663 1622 1694 τούτοις
1645 1661 1761 1696 μετρίως
1775 1659 1853 1694 ἠφίει

1066 1711 1121 1741 τοῖς
1139 1711 1252 1745 ῥήμασι.
1277 1709 1386 1744 Ἀμέλει
1405 1708 1473 1745 μετὰ
1490 1708 1619 1743 πλείστης
1637 1707 1677 1734 ὅτι
1691 1706 1740 1740 τῆς
1757 1706 1844 1741 εὐφρο

825 1787 949 1816 FRANC.
961 1788 1155 1817 COMBEFISII
1169 1789 1286 1818 NOTAE.

262 1870 319 1905 (2|)
342 1868 432 1897 Minus
446 1870 610 1904 quandoque
626 1874 792 1897 convenerat
808 1870 878 1896 inter
895 1869 947 1896 SS.
963 1868 1011 1905 Ni-

228 1906 412 1940 Cephorumiet
434 1905 619 1936 Theodorum,
643 1906 788 1932 occasione
813 1905 941 1938 receptia
963 1904 1013 1931 Ni-

228 1939 347 1975 cephoro
375 1939 488 1972 Josephi
520 1941 671 1975 presbyteri
701 1945 728 1967 et
755 1940 905 1972 (economi,
931 1947 1013 1974 quem

229 1975 258 2002 S.
273 1974 405 2001 Tarasius
418 1975 477 2008 ejus
491 1974 620 2001 decessor
628 1975 787 2007 amnt-isset,
802 1975 838 2002 ob
854 1975 1013 2002 benedictus

229 2011 400 2037 incestuosas
418 2010 590 2037 Constantini
610 2011 729 2044 nuptias,
746 2018 801 2044 qua
820 2010 854 2037 de
876 2017 904 2037 re
921 2010 1014 2037 multis

229 2046 329 2072 Baron.
351 2053 415 2071 anu.
442 2045 494 2072 806
520 2053 552 2072 ac
576 2045 715 2079 deincvps.
749 2045 850 2072 Verum
867 2050 946 2072 erant
961 2045 1014 2078 iam

230 2081 277 2107 illa
302 2080 395 2106 omnia
427 2081 516 2114 sopita
548 2087 563 2106 a
595 2081 686 2114 printo
715 2080 857 2107 Michaelis
886 2080 1013 2113 imperio,

230 2115 341 2149 quando
370 2115 534 2142 Theodorus
557 2123 588 2142 ac
602 2115 699 2149 reliqui
718 2116 890 2143 conl‘eswres
903 2115 1015 2149 praefato

229 2150 385 2182 Nicaphoro
405 2151 655 2181 communicat-unt,
676 2151 814 2177 adnitente
839 2150 934 2177 eodem
962 2150 1014 2176 iui-

230 2189 372 2225 peratore,
384 2186 429 2225 ubi
443 2185 608 2225 patriarcha"
618 2185 802 2225 emenda-sset,
816 2185 839 2212 si
854 2185 1016 2225 quid_antea

233 2220 304 2247 ineo
321 2220 430 2253 negotio
441 2225 581 2255 peccatum
596 2220 685 2247 fuerat
700 2229 707 2246 :
724 2221 909 2254 deincepsque
921 2220 1016 2254 juncta

232 2263 265 2281 ac
290 2255 427 2289 praecipue
443 2256 605 2282 cohertante
633 2255 790 2287 Theodoro,
821 2255 879 2289 ipse
906 2262 1018 2289 quoque

232 2289 401 2324 Nicephorius
422 2298 483 2317 cum
501 2291 596 2318 iisdem
612 2292 755 2318 conleSsor
767 2290 830 2318 fuit.
846 2297 916 2324 quos
927 2295 1016 2324 spreta

233 2325 293 2359 ejus
322 2327 481 2352 communio
498 2325 669 2353 confessores
692 2327 768 2360 prius
799 2325 909 2353 fecerat.
926 2325 954 2351 S.
970 2324 1018 2350 Ni—

233 2360 345 2394 cephori
377 2360 503 2395 purgatio
536 2360 598 2392 fuit,
633 2361 702 2388 facta
725 2361 811 2388 fuisse
844 2360 1019 2394 imperatoris

233 2395 363 2430 violentia
383 2403 556 2430 quaecunque
571 2396 746 2427 accidissent,
761 2400 791 2422 ut
805 2396 844 2422 ait
858 2395 1019 2430 Theodorus

234 2430 261 2456 in
278 2429 338 2456 Vita
359 2430 387 2456 S.
412 2429 542 2458 Platonis.
566 2431 686 2458 Excusat
715 2431 813 2458 Baron.
830 2431 893 2464 quia
911 2438 926 2456 e
941 2429 1018 2456 laicis

234 2470 346 2499 repente
367 2469 478 2493 evectus
501 2466 527 2493 iu
555 2466 659 2497 sedem.
681 2466 772 2493 titinius
795 2467 878 2493 sciret
896 2473 956 2499 qua:
976 2473 1020 2492 es-

234 2505 294 2536 sent
308 2500 379 2534 juris
394 2501 573 2536 ecclesiastici
592 2501 656 2529 :sed
669 2502 757 2535 major
771 2501 829 2536 ejus
842 2501 928 2535 ipsius
941 2500 1018 2536 ﬁdes,

234 2535 380 2572 ipsumque
410 2535 565 2572 referentis,
581 2537 670 2572 magni
691 2537 838 2572 Theodori,
866 2543 949 2571 quant
983 2535 1017 2561 ita

234 2570 384 2598 divinantis
409 2570 530 2599 Baronii.
549 2571 610 2599 Fuit
628 2570 693 2606 ergo
717 2572 743 2598 in
764 2572 792 2598 ὃ.
812 2570 965 2606 Nicephoro
980 2571 1019 2597 si-

234 2611 316 2633 nente
333 2614 362 2633 se
391 2606 500 2639 abduci,
530 2612 560 2634 ut
585 2607 621 2634 ita
649 2607 760 2642 indigno
789 2606 1017 2642 communicaret,

235 2642 366 2668 mundani
379 2642 482 2676 aliquid
497 2642 614 2673 timoris,
630 2647 660 2669 ut
682 2640 769 2676 neque
785 2642 812 2668 in
827 2642 873 2668 illo
889 2640 1018 2672 defuerit,

233 2684 336 2709 vespere
351 2682 374 2704 et
393 2685 469 2704 mane
482 2679 536 2704 dies
550 2686 628 2703 unus.
646 2677 733 2710 Quam
749 2677 923 2712 postmodum
942 2681 1018 2712 arcto

234 2712 376 2739 socio-tatis
389 2713 499 2739 vinculo
508 2713 597 2747 juncti
610 2711 720 2744 fuerint,
737 2711 769 2738 ac
778 2720 807 2738 se
819 2717 914 2738 mutuo
925 2711 1018 2738 obser-

238 2747 337 2778 varint,
355 2747 439 2782 liquet
455 2756 488 2775 ex
505 2749 538 2775 iis
555 2755 614 2781 qua:
631 2748 726 2774 scribit
738 2747 855 2774 Michael
871 2747 933 2774 istis
952 2753 1020 2774 con-

237 2787 376 2817 sentanea,
394 2783 543 2817 recitatque
559 2782 658 2809 Baron.
677 2789 750 2809 anno
762 2782 824 2809 8%.

272 2816 328 2850 (:42)
346 2818 444 2844 liadrm
461 2815 557 2845 recitat
577 2818 688 2845 Michael
717 2818 744 2844 in
758 2817 818 2843 Vita
837 2815 987 2847 Theodori,
1004 2823 1019 2843 a

236 2848 353 2879 Baronio
366 2853 467 2881 relatus
485 2862 550 2881 ann.
567 2854 629 2886 82l,
649 2861 675 2880 n.
691 2854 736 2886 59,
754 2853 823 2880 hanc
842 2857 947 2881 tantum
964 2851 1017 2879 cir-

1068 1873 1263 1900 cumstantiam
1282 1872 1378 1905 silens,
1396 1879 1458 1899 cum
1474 1869 1570 1906 primis
1581 1870 1731 1901 ,‘l‘heodoro
1742 1869 1852 1906 glorio-

1069 1914 1139 1938 sam,
1154 1913 1183 1934 ut
1194 1908 1218 1934 ei
1233 1908 1387 1942 patriarcha
1401 1904 1491 1942 partes
1506 1906 1674 1933 commiserit
1688 1904 1853 1942 explicanda:

1070 1942 1130 1969 lidei
1152 1941 1263 1969 nomine
1279 1943 1363 1969 totius
1387 1941 1458 1969 sacri
1477 1946 1600 1972 senatus.
1617 1948 1709 1968 coram
1734 1941 1853 1973 impera-

1069 1981 1127 2004 tore
1140 1986 1146 2004 :
1162 1977 1241 2011 cujus
1255 1977 1337 2004 etiam
1347 1977 1514 2011 explicanda
1530 1984 1561 2003 ac
1576 1975 1751 2011 defendenda:
1762 1979 1854 2011 partes

1068 2010 1214 2047 praecipua!
1231 2014 1373 2039 eluxerunt
1384 2010 1479 2039 coram
1503 2011 1594 2038 Leone
1609 2010 1748 2047 Michaelis
1760 2010 1854 2036 deces-

1069 2045 1142 2077 Sorc.
1155 2045 1200 2074 ἰιιί
1219 2053 1314 2074 auctor
1326 2048 1453 2080 superius
1467 2054 1527 2073 cum
1547 2047 1606 2080 ipso
1619 2045 1761 2072 Michaele.

1104 2082 1159 2116 (25)
1189 2082 1288 2109 Narrat
1312 2079 1427 2109 Michael
1445 2079 1578 2116 pluribus.
1604 2088 1663 2107 eam
1684 2080 1734 2106 viri
1764 2079 1852 2116 sancti

1068 2118 1251 2152 prophetiam,
1268 2123 1333 2145 tunc
1349 2115 1451 2144 editam
1467 2126 1473 2143 :
1489 2124 1550 2143 cum
1570 2116 1741 2149 Nicephorus
1757 2115 1854 2152 adver-

1069 2149 1265 2188 sus'Bulgaros
1290 2160 1414 2188 movens.
1427 2186 1433 2188 _
1445 2152 1533 2178 modis
1552 2152 1682 2178 omnibus
1711 2149 1853 2188 satagebat

1069 2186 1216 2223 adjungere
1242 2188 1304 2223 rsibi
1342 2186 1536 2223 'l'heodornm‘,
1560 2193 1593 2213 ac
1618 2186 1852 2223 coutprnbatorem

1071 2221 1170 2249 habere
1195 2222 1264 2249 male
1279 2224 1313 2250 ab
1321 2229 1354 2249 eo
1365 2226 1504 2255 gestorum
1515 2221 1541 2247 in
1558 2222 1668 2255 negotio
1683 2221 1852 2255 nuptiarum.

1069 2256 1162 2284 Rel'ert
1177 2258 1276 2284 Baron.
1294 2266 1340 2285 an.
1355 2254 1417 2288 87H,
1434 2265 1490 2292 quo
1503 2254 1771 2293 etiamNict-phorus
1788 2254 1855 2293 vivis

1070 2297 1212 2326 exemptus
1234 2298 1286 2325 est,
1318 2290 1473 2327 peremptus
1504 2299 1518 2318 a
1544 2291 1688 2325 Bulgaria,
1716 2290 1750 2317 ad
1778 2290 1855 2319 cuius

1071 2327 1189 2354 maxime
1204 2328 1304 2354 eadem
1333 2333 1457 2362 spectare
1483 2327 1623 2357 videatur,
1651 2333 1739 2362 quant
1759 2331 1856 2362 auclor

1071 2362 1214 2390 historiam
1241 2370 1302 2390 mox
1329 2359 1510 2390 enarrandam
1526 2362 1643 2388 assumit
1660 2359 1693 2388 de
1720 2359 1856 2398 Cypriane

1071 2401 1136 2424 tunc
1152 2398 1248 2430 milite,
1275 2402 1367 2431 postea
1388 2405 1456 2433 vero
1476 2397 1622 2428 monacho,
1653 2403 1715 2433 cum
1738 2393 1770 2433 se
1809 2393 1855 2433 Dei

1070 2433 1218 2460 clementia
1232 2442 1244 2458 a
1264 2429 1420 2460 miseranda
1443 2432 1487 2459 illa
1503 2436 1594 2466 strage
1609 2439 1640 2458 ac
1653 2431 1726 2458 czcdc
1738 2429 1855 2466 Romani

1070 2468 1206 2495 exercitus
1217 2475 1232 2495 a
1249 2467 1441 2503 Bulgaris,y_ob
1459 2464 1594 2503 servatam
1606 2467 1773 2495 castitatem,
1791 2464 1857 2503 libet

1071 2508 1160 2529 ratum
1179 2501 1366 2530 intellexisset.
1384 2501 1453 2528 Num
1468 2503 1491 2529 is
1507 2503 1564 2536 ipse
1577 2501 1731 2536 Cyprianus
1746 2504 1793 2530 sit.
1808 2501 1854 2536 qui

1071 2538 1098 2564 in
1126 2538 1186 2564 Vita
1212 2537 1240 2566 S.
1270 2538 1376 2572 Ignatii.
1398 2537 1457 2572 ejus
1487 2533 1577 2573 solius
1594 2533 1793 2573 potiitur,_cutn
1811 2533 1857 2573 ille

1072 2577 1177 2609 ututan
1193 2571 1546 2609 habituaul'ugitcustodes
1563 2572 1660 2603 latens,
1677 2571 1727 2598 etsi
1743 2571 1857 2609 omnino

1071 2607 1207 2635 allirmare
1227 2616 1280 2643 non
1302 2603 1415 2643 possim,
1444 2608 1522 2640 longe
1554 2612 1643 2633 tamen
1671 2613 1736 2632 vero
1766 2603 1857 2643 simile

1071 2644 1202 2679 arbitror.
1216 2642 1293 2670 Haud
1302 2639 1412 2678 'quippe
1420 2643 1491 2669 alius
1500 2643 1558 2679 viro
1569 2647 1664 2679 sancto
1677 2649 1709 2668 ac
1721 2639 1857 2679 monacho

1071 2679 1164 2705 socius
1187 2678 1268 2706 fuerit
1292 2674 1386 2713 quan-i-
1405 2678 1556 2705 monachus
1581 2687 1588 2704 :
1616 2677 1695 2711 isque
1708 2674 1856 2713 “grandior

1071 2717 1148 2744 natu,
1165 2713 1255 2747 qualis
1270 2710 1331 2740 erat
1343 2714 1388 2740 ille
1401 2713 1555 2747 Cyprianus
1571 2720 1585 2739 a
1603 2710 1691 2748 morte
1708 2710 1855 2748 Nicepltori

1072 2743 1198 2775 sanctius
1211 2750 1272 2776 vitae
1286 2756 1371 2783 genus
1391 2743 1543 2783 professus,
1559 2755 1591 2774 ac
1608 2743 1858 2783 discipulusNit‘o-

1070 2783 1118 2814 lai,
1141 2791 1222 2818 quem
1245 2781 1317 2810 nulla
1339 2784 1380 2810 vis
1393 2781 1596 2818 persecutionis
1610 2782 1643 2809 ad
1672 2781 1854 2810 defectionem

1071 2819 1105 2846 ab
1117 2818 1221 2854 lgnatio
1234 2819 1374 2854 impellere
1390 2819 1488 2854 potuit.
