2077 3157
179 162 234 194 893

729 167 817 198 VlTA
838 168 868 198 S.
888 168 1042 199 NICOLAI
1060 168 1243 198 STUDszE.

1750 169 1803 201 894

181 220 263 255 σύνης
276 220 316 255 τῷ
335 220 400 255 ιερῷ
411 220 465 247 τῶν
482 222 610 258 [πατέρων
627 222 714 258 θιάσῳ
730 225 744 250 ὁ
764 224 830 257 ἄναξ
846 226 964 260 ὁμηρευ-

1017 226 1070 252 bat.
1098 225 1228 259 Denique.
1246 224 1291 252 ubi
1310 223 1459 259 imperator
1481 223 1671 252 lubentissime
1693 233 1802 253 sacrum

179 267 312 300 σάμενος,
338 266 392 293 τῶν
419 267 574 303 ὀρθοτόμων
599 269 742 304 δογμάτων
771 271 882 303 κενοὺς,
908 271 963 298 τῶν

178 313 334 348 ἀνακτόρων
350 313 497 349 ἐξέπεμψε.

219 403 503 439 Ἀλλ’ἐῳαρμοζόντως
519 402 570 432 ὦδε
587 406 625 442 τῷ
636 406 707 442 λόγῳ
722 408 877 442 γενόμενος,
892 407 962 442 ψυχ-

176 449 328 487 ωφελέςιτι
344 451 502 485 προσθεῖναι
525 451 557 486 δὴ
579 452 675 487 ἔκρινα
706 453 745 487 τῷ
770 453 940 487 συντάγματι
954 474 960 485 ,

176 496 244 528 ὅπερ
256 495 285 521 ὲν
301 495 464 531 Βουλγαρίᾳ,
475 496 513 528 ὡς
523 497 552 524 ὲν
567 499 624 529 τοῖς
638 497 792 533 ἔμπροσθεν
806 499 901 534 ἔφθην,
916 498 963 524 ἐπὶ

175 540 222 566 τοῦ
240 541 357 571 ἄνακτος
376 542 533 577 Νικηφόρου
550 543 610 569 τότε
626 544 762 578 πραχθὲν,
779 544 814 571 τὰ
835 544 882 570 νῦν
904 544 962 571 δια-

176 585 280 620 γράψαι
304 586 497 621 κεκὲλευσμαι,
525 588 589 622 παρ’
612 588 694 615 αὐτοῦ
715 589 762 615 τοῦ
785 590 831 615 τὸν
853 589 963 622 ἀνάξιον

176 631 225 664 ἐμὲ
241 632 449 666 ἀποκείραντος,
464 633 509 659 καὶ
521 633 627 668 χρόνοις
639 633 745 664 πολλοῖς
754 633 803 669 τὴν
816 634 877 661 καθ’
890 635 962 669 ἡμᾶς

178 677 261 711 μονὴν
278 676 449 709 διιθύνοντος,
467 678 513 704 καὶ
527 678 618 704 κοινοῦ
633 679 681 713 τῆς
703 679 804 713 ἀρετῆς
820 679 963 714 είσηγήτο-

178 729 233 755 ρος,
255 721 302 748 καὶ
316 722 346 748 ὲν
368 724 526 757 μοναχικοῖς
545 723 742 758 ἀριστεύμασιν
756 722 882 755 αὔξοντος
897 725 963 759 ἡμῖν

176 767 208 793 τὸ
237 767 386 802 ἐγκώμιον.
425 768 579 795 Ἀνατόλιον
609 767 659 795 οἷδ’
687 769 728 795 ὅτι
753 769 800 795 τὸν
826 769 963 804 ἡμέτερον

177 813 294 847 ποιμένα
307 813 408 844 πάντες
419 813 577 846 ἐπίστασθε,
590 814 618 845 ὃς
633 814 682 849 τὴν
691 814 862 849 ψυχοτρόφον
873 822 962 850 παρα-

175 858 315 893 τιθέμενος
326 859 585 894 τράπεζαν,οὑτωσί
595 867 652 890 πως
667 859 803 886 ποιεῖσθαι
820 860 869 893 τῆς
881 867 964 886 meu-

178 905 295 938 ματικῆς
310 904 468 936 πανδαισίας
479 904 528 940 τὴν
539 904 709 940 εὐφροσύνην
722 905 875 940 ἁπήρξατο.

211 994 359 1030 Μαθητὴς.
379 995 446 1031 φησὶ
459 1015 466 1028 ,
486 995 563 1022 τοῦδε
586 995 634 1022 τοῦ
656 995 729 1022 ὁσίου
755 994 862 1030 Πατρδς
885 995 965 1029 ἡμῶν

176 1040 311 1067 Νικολάου
325 1040 481 1075 Κυπριανὸς
491 1039 620 1075 τοῦνομα,
633 1040 662 1072 ἐξ
674 1040 750 1072 ἔθους
763 1039 818 1074 εἶχε
832 1041 891 1066 κατ’
906 1040 964 1072 ἔτος

175 1085 222 1111 τοῦ
240 1086 425 1120 παρασάλλειν
447 1087 515 1122 πρός
538 1095 599 1113 τινα
615 1086 731 1122 γέροντα
755 1088 826 1114 κατὰ
848 1086 897 1121 τὴν
913 1087 964 1120 τῆς

176 1132 284 1167 ἀτρώας
298 1132 450 1167 ὑπουργίαν
464 1132 625 1167 ποιούμενον
637 1133 687 1168 τὴν
700 1133 809 1167 οἴκησιν
818 1139 826 1147 ⁰
841 1127 919 1163 ἇξξαν
934 1140 964 1158 τε

176 1179 223 1206 τοῦ
246 1179 339 1213 γήρως
363 1179 413 1214 τὴν
443 1179 582 1205 πολιτείαν
607 1179 750 1212 ίσάγγελον
775 1177 903 1213 φέροντα,
927 1177 965 1208 ὡς

177 1224 330 1259 προϐαίνων
349 1226 363 1251 ὁ
380 1225 457 1258 λόγος
476 1224 577 1257 διδάξει
598 1225 628 1251 τὸ
644 1225 789 1260 χρήσιμον·
814 1224 843 1255 ὃς
867 1224 918 1258 τὴν
935 1223 964 1256 ἐξ

176 1269 264 1304 αὐτῆς
289 1271 451 1305 νηπιότητος
478 1271 588 1305 χρονίαν
615 1270 707 1305 σχέσιν
732 1269 778 1296 τοῦ
805 1268 964 1303 Κυπριανοῦ

177 1314 246 1350 πρὸς
261 1315 358 1341 ἑαυτὸν
373 1316 387 1341 ὸ
408 1315 498 1350 γέρων
513 1315 662 1349 ἀγάμενος,
679 1314 774 1349 ὥσπερ
790 1313 851 1340 τινὰ
864 1312 965 1348 κλῆρον

176 1361 207 1387 τὸ
228 1360 258 1393 ἐξ
281 1362 381 1387 οἰκείου
409 1360 466 1396 βίου
488 1360 632 1395 ἀγώνισμα
649 1359 729 1386 τοῦτο
747 1359 787 1394 τῷ
808 1360 861 1394 νέῳ
879 1367 963 1385 κατα-

177 1405 284 1432 λέλοιπε
298 1406 328 1432 τὺ
339 1405 478 1440 διήγημα⁶
488 1403 677 1440 κοινοποιήσας
693 1405 760 1432 πᾶσι
769 1405 804 1432 δι’
817 1403 900 1431 αὐτοῦ
914 1403 965 1438 τὴν

176 1451 321 1486 ὠφέλειαν.

213 1498 311 1531 Ἔλεγε
330 1498 402 1533 γάρ’
419 1497 457 1528 ὡς
471 1497 512 1524 ὅτι
530 1506 539 1522 ι
565 1496 636 1528 Νέης
655 1496 798 1531 ὑπάρχων,
816 1496 846 1522 ἐν
862 1496 895 1530 τῇ
911 1494 965 1522 τῶν

1017 270 1128 297 Patrum
1143 274 1268 297 senatum
1288 270 1443 297 securitatis
1460 275 1632 297 sacramento
1648 271 1782 298 firmasset
1793 291 1802 302 ,

1016 318 1089 351 quod
1107 321 1212 351 spectat
1229 317 1262 344 ad
1276 322 1349 343 recta
1365 316 1507 351 dogmata,
1524 316 1599 343 omni
1617 317 1803 344 satisfactione

1018 369 1117 389 vacuos
1127 383 1134 394 ,
1147 369 1162 389 e
1177 361 1278 396 palatio
1289 361 1371 395 jussit
1383 361 1467 388 abire.

1051 409 1178 443 Congrue
1192 411 1293 438 autem,
1310 414 1342 433 ex
1356 414 1411 440 quo
1427 406 1481 433 huc
1491 412 1618 432 sermone
1632 404 1802 436 devenimus,

1016 453 1118 488 aliquid
1130 453 1285 480 animorum
1296 451 1378 478 saluti
1389 450 1570 482 conducibile,
1584 450 1709 484 praasemi
1727 449 1802 483 operi

1016 499 1199 533 adjiciendum
1220 497 1329 531 putavi,
1351 502 1455 531 gestum
1478 496 1544 522 illud
1570 495 1596 522 id
1622 495 1753 529 temporis
1775 495 1802 521 in

1015 545 1142 580 Bulgaria
1161 544 1212 572 sub
1229 543 1380 577 Nicephoro
1397 543 1571 577 imperatore,
1588 541 1627 568 uti
1641 541 1698 576 jam
1715 542 1742 567 in
1758 548 1805 567 su-

1016 592 1170 628 perioribus
1181 590 1237 618 dixi
1250 600 1256 619 :
1270 590 1396 625 quodque
1411 589 1435 616 is
1448 588 1530 615 modo
1540 587 1622 622 jussit
1635 587 1803 619 describere,

1016 638 1062 673 qui
1080 637 1221 671 indignum
1239 643 1283 662 me
1299 635 1325 662 in
1343 634 1508 661 monachum
1531 633 1666 664 attondit,
1686 637 1766 666 atque
1787 638 1803 658 a

1017 684 1108 711 multis
1123 683 1203 710 annis
1224 681 1416 708 monasterium
1438 683 1561 706 nostrum
1574 699 1581 710 ,
1598 677 1706 705 virtutis
1727 685 1803 704 com-
1836 687 1839 690 ι

1017 730 1108 757 munis
1130 728 1242 760 doctor,
1264 727 1397 761 gubernat
1413 733 1445 752 ac
1465 724 1549 760 regit;
1572 724 1674 758 quique
1696 722 1723 749 in
1745 730 1805 749 mo-

1017 775 1129 803 nasticis
1146 773 1314 801 facinoribus
1331 771 1486 799 en‘comium
1508 769 1589 796 nobis
1608 773 1737 796 aucturus
1758 775 1805 794 ve-

1016 822 1066 849 nit.
1082 821 1146 848 Scio
1161 826 1241 846 nosse
1256 826 1302 846 vos
1316 824 1412 844 omnes
1431 820 1567 851 pastorem
1586 820 1709 841 nostrum
1726 813 1803 841 Ana-

1018 867 1124 895 tolium.
1141 866 1166 894 Is
1190 865 1293 892 alenda:
1319 864 1416 890 animae
1438 869 1561 889 mensam
1593 867 1750 895 apponens,
1777 859 1804 886 in

980 902 1000 929 Β
1016 912 1089 938 hunc
1103 910 1159 938 fere
1175 909 1286 936 modum
1305 906 1436 943 spiritalis
1447 906 1565 934 convivii
1582 905 1703 933 laetitiam
1729 904 1805 931 incc-

1016 958 1065 991 pit.

1051 1001 1179 1035 Quidam,
1198 999 1299 1035 inquit,
1315 998 1402 1026 sancti
1420 997 1501 1032 hujus
1520 997 1610 1024 Patris
1625 996 1711 1023 nostri
1727 995 1806 1022 Nico-

1015 1048 1051 1075 lai
1066 1046 1228 1081 discipulus,
1243 1045 1398 1081 Cyprianus
1411 1044 1534 1075 nomine,
1551 1043 1578 1069 in
1595 1049 1671 1069 more
1686 1041 1805 1076 positum

1016 1093 1143 1124 habebat,
1165 1091 1353 1126 utquotannis
1373 1097 1465 1118 senem
1488 1089 1631 1124 quemdam
1650 1095 1699 1122 pro
1718 1086 1806 1114 exsilii

1016 1138 1122 1165 ratione
1133 1136 1302 1164 domicilium
1314 1135 1471 1166 habentem,
1485 1133 1654 1168 dignamque
1667 1135 1808 1159 senectute

1015 1183 1098 1210 vitam
1127 1181 1257 1217 angelicae
1285 1180 1402 1208 similem
1427 1178 1634 1213 praeferentem.
1659 1177 1698 1203 uti
1716 1184 1808 1203 sermo

1015 1234 1145 1263 processu
1157 1226 1301 1254 commode
1313 1226 1447 1252 docturus
1463 1228 1515 1256 est,
1529 1223 1627 1251 adiret.
1646 1221 1746 1249 Videns
1761 1221 1807 1248 ille

1017 1273 1175 1307 miransque
1201 1272 1342 1306 antiquam
1368 1278 1384 1298 a
1410 1278 1494 1305 puero
1508 1270 1635 1305 Cypriani
1657 1269 1690 1296 ad
1714 1269 1805 1303 ipsum

1016 1318 1197 1350 affectionem,
1212 1325 1262 1345 ceu
1276 1316 1422 1352 quamdam
1438 1315 1610 1343 haereditario
1621 1315 1681 1349 jure
1697 1320 1806 1348 posses-

1016 1366 1133 1398 sionem,
1145 1366 1248 1392 hancce
1264 1365 1332 1400 gesti
1347 1364 1380 1391 ab
1392 1371 1424 1390 eo
1435 1362 1594 1390 certaminis
1607 1360 1804 1389 narrationem,

1015 1410 1180 1438 adolesrenti
1199 1409 1327 1444 reliquit,
1341 1408 1476 1435 universis
1489 1415 1537 1442 per
1552 1407 1639 1438 illum,
1654 1405 1726 1440 quod
1741 1404 1806 1431 illud

1016 1457 1083 1484 utile
1094 1456 1185 1489 habet,
1198 1455 1416 1483 communicaris.

1052 1502 1164 1530 Dicebat
1184 1502 1256 1528 enim
1283 1509 1290 1527 :
1311 1511 1320 1527 ι
1338 1500 1456 1528 Juvenili
1478 1499 1568 1526 adhuc
1589 1502 1681 1527 aetate,
1699 1496 1808 1524 schola-

177 1543 326 1579 σχολαρίων
346 1543 475 1578 στρατείᾳ
491 1542 725 1577 κατεληλεγμένος
741 1541 898 1576 ἐτύγχανον·
917 1541 964 1568 καὶ

1019 1549 1123 1576 riorum
1142 1548 1243 1582 agmini
1264 1547 1400 1581 ascriptus
1411 1553 1497 1573 erant.
1507 1545 1630 1578 Cumque
1639 1542 1810 1577 Niccpirorus

175 1589 223 1615 τοῦ
238 1590 354 1621 ἄνακτος
367 1589 525 1624 Νικηφόρου
538 1589 690 1624 πανστρατὶ
703 1589 776 1616 κατὰ
788 1588 842 1615 τῶν
854 1587 966 1614 Σκυθῶν

176 1636 378 1670 ἐξορμήσαντος
391 1655 399 1667 ,
415 1635 510 1669 ἔτυχεν
528 1635 578 1669 ἐμὲ
595 1635 639 1661 διὰ.
659 1643 720 1661 τινα
745 1634 874 1670 βιωτικὴν
889 1642 966 1670 περι-

177 1682 288 1708 πέτειαν
300 1679 345 1707 οἷα
362 1681 393 1716 δὴ
408 1681 551 1716 συμϐαίνει
566 1681 783 1716 καταλειφθῆναι
801 1681 968 1716 μονώτατον,

177 1727 223 1753 καὶ
244 1726 357 1754 ὄπισθεν
383 1727 430 1753 τοῦ
447 1726 563 1762 στρατοῦ
583 1726 836 1755 κατακολουθοῦντα
853 1726 969 1762 trapetis-

178 1772 250 1799 σθαι.
271 1773 327 1798 Καὶ
341 1772 370 1798 ἐν
382 1781 436 1799 τινι
456 1773 549 1807 χωρίῳ
561 1772 630 1808 πρὸς
643 1772 677 1799 τὰ
691 1772 810 1808 Θρᾳκῷα
836 1772 907 1807 μέρη
920 1773 969 1807 τῆς

176 1818 294 1853 ἑσπέρας
312 1818 520 1853 καταλαϐούσης
535 1819 584 1853 τὴν
603 1819 689 1853 μονὴν
708 1819 820 1854 ποιῆσαι
838 1818 967 1854 βουλόμε-

177 1873 232 1898 νος,
250 1864 402 1900 ὑπεδέχθην
417 1865 493 1900 παρά
507 1873 560 1891 τινι
574 1865 685 1898 γυναικὶ
697 1864 758 1892 λίαν
769 1865 878 1900 εὐπόρῳ
890 1863 969 1900 οὔσῃ,

178 1911 224 1936 καὶ
241 1910 364 1945 εἰωθυίᾳ,
378 1910 415 1942 ὡς
429 1908 520 1944 οἴμαι,
538 1908 737 1944 φιλοξενεῐσθαι
749 1910 813 1941 τοὺς
829 1910 971 1945 παραδὰλ-

177 1956 284 1987 ).οντας.
299 1955 332 1983 "H
348 1956 396 1982 καὶ
406 1955 521 1991 δαψιλήν
535 1964 579 1990 μοι
592 1955 742 1990 προσθεῖσα
755 1955 805 1990 τὴν
818 1955 968 1989 τράπεζαν,

179 2002 225 2029 καὶ
255 2003 304 2029 σὺν
332 2001 466 2037 θυμηδείᾳ
498 2002 582 2037 πολλῇ
609 2002 641 2028 τὺ
664 2001 772 2028 δεῖπνον
791 2001 968 2031 ἐκτείνουσα,

178 2048 282 2074 ἐδείκνυ
295 2048 345 2083 τὴν
360 2049 426 2083 πρός
444 2057 478 2082 με
496 2048 698 2084 φιλοφροσύνην
712 2048 871 2082 ἀκόρεστον.
889 2047 970 2074 Ὅθεν

178 2094 226 2121 καὶ
247 2094 316 2129 μετὰ
335 2095 384 2129 τὴν
401 2095 511 2126 ἑστίαν,
533 2096 575 2128 ἐφ’
589 2094 696 2130 ὑψηλῆς
712 2094 857 2130 στρωμνῆς
869 2094 970 2121 καθευ-

177 2140 258 2174 δῆσαί
276 2148 310 2174 με
328 2140 564 2175 παρασκευάσασα
575 2160 583 2173 ,
599 2139 700 2174 πολλήν
718 2147 763 2174 μοι
777 2139 827 2174 τὴν
847 2139 970 2166 ἀνάπαυ-

177 2186 225 2212 λαν
238 2186 384 2221 ἐχαρίσατο
396 2207 404 2219 ,
417 2187 509 2213 τέλεον
523 2187 567 2213 τὸν
582 2186 615 2212 ὲκ
630 2186 680 2219 τῆς
704 2185 858 2220 ὁδοιπορίας
875 2183 968 2212 διαλύ-

177 2240 246 2258 σασα
258 2231 391 2266 κάματον.

214 2286 223 2302 ι
246 2277 317 2304 ⁹Αλλ’
338 2278 352 2304 ὁ
373 2277 416 2304 ἀεὶ
433 2279 490 2309 τοῖς
512 2278 624 2312 ἀγαθοῖς
649 2277 803 2312 βασκαίνων
825 2276 966 2309 διάϐολος,

176 2322 226 2349 οὐκ
240 2323 315 2350 εἴασε
331 2323 382 2350 κάν
397 2323 466 2358 τῷδε
479 2324 519 2358 τῷ
542 2324 638 2358 ἀγαθῷ
655 2323 790 2359 προϐῆναι
803 2322 949 2350 ἀνεύθυνον
959 2330 967 2338 ⁵

178 2369 299 2405 πονηρὰν
320 2370 349 2396 δὲ
368 2371 402 2406 τῇ
421 2370 532 2404 γυναικὶ
554 2369 604 2410 τὴν
626 2370 724 2404 ἡδονὴν
746 2369 928 2405 ὑπενσπείρας
954 2370 969 2396 ὁ

179 2415 304 2449 μάταιος,
318 2415 386 2451 πρὸς
399 2416 527 2451 μυσαρὰν
541 2415 615 2450 μίξιν
627 2415 676 2450 τῆς
689 2415 757 2450 πρός
772 2423 806 2450 με
822 2415 967 2446 συνουσίας

177 2462 338 2496 κατήπειγε.
353 2463 408 2489 Καὶ
422 2463 562 2489 ἀναστᾶσα
573 2462 622 2497 τῆς
638 2461 732 2496 κλίνης
745 2459 837 2497 ἧσπερ
852 2461 967 2487 ἐκάθευ-

177 2506 231 2538 δεν,
260 2504 407 2542 ἐπέρχεται
435 2507 529 2534 λοιπὸν
559 2507 723 2542 κοιμωμένῳ
751 2515 807 2541 μοι⁷
834 2508 890 2538 τοῖς
916 2507 966 2540 τῆς

176 2553 307 2588 αἰσχύνης
323 2553 422 2587 λόγοις,
438 2554 506 2589 πρὸς
525 2553 556 2580 τὸ
577 2553 706 2588 ἀθέμιτον
724 2552 894 2588 ἐφελκομένη
915 2554 964 2588 τῆς

179 2597 287 2631 μίξεως.
309 2597 381 2632 Ἐγὼ
394 2598 422 2625 δὲ
436 2598 539 2633 ταύτην
551 2597 588 2628 ὡς
601 2595 655 2624 οἷόν
669 2606 698 2624 τε
712 2595 745 2632 ἢν
760 2596 962 2631 ἀνωθούμενος,

1019 1593 1167 1627 imperator
1192 1592 1322 1618 universo
1352 1590 1476 1617 exercitu
1504 1589 1650 1616 comitante
1675 1588 1808 1614 adversus

1019 1639 1134 1674 Scythas
1148 1638 1287 1668 movisset.
1303 1636 1429 1671 contigit,
1445 1641 1475 1663 ut
1489 1643 1554 1662 casu
1571 1633 1699 1669 quodam,
1713 1632 1810 1667 quales

1019 1683 1147 1711 humanis
1162 1682 1245 1710 rebus
1260 1681 1494 1712 solentaccidere,
1507 1680 1583 1707 solus
1595 1679 1708 1706 omnino
1724 1677 1808 1704 relin-

1019 1737 1128 1764 querer,
1139 1733 1254 1764 postque
1265 1728 1414 1755 exercitum
1428 1734 1545 1761 sequens
1558 1726 1672 1752 abirem.
1685 1723 1809 1757 Quodam

1018 1781 1109 1802 autem
1123 1775 1196 1806 loco,
1210 1774 1283 1801 circa
1299 1777 1390 1808 partes
1402 1772 1536 1805 Thraciae,
1555 1779 1617 1798 cum
1634 1777 1746 1804 vesper
1763 1776 1810 1795 oc-
1838 1772 1842 1777 ‘

1019 1825 1161 1855 cupasset,
1177 1824 1339 1855 pernoctare
1358 1819 1469 1850 volens,
1494 1822 1639 1851 susceptus
1663 1823 1722 1842 sum
1738 1814 1810 1849 apud

1019 1867 1148 1894 feminam
1170 1866 1247 1892 valde
1265 1865 1445 1899 opulentam,
1463 1868 1545 1898 atque
1566 1867 1594 1889 ut
1616 1861 1745 1888 existimo
1765 1860 1809 1887 cui

1020 1912 1105 1940 moris
1120 1916 1193 1939 esset
1213 1910 1332 1945 hospitio
1346 1910 1480 1937 adeuntes
1497 1909 1634 1943 excipere.
1652 1907 1697 1934 Illa
1710 1926 1718 1938 .
1746 1906 1808 1932 lau-

1020 1961 1073 1984 tam
1089 1964 1212 1984 mensam
1225 1963 1377 1990 apponens,
1389 1954 1531 1989 multaque
1543 1953 1628 1980 animi
1638 1951 1811 1987 jucunditate

1019 2010 1125 2030 coenam
1143 2001 1296 2036 porrigens,
1313 2000 1497 2028 insatiabilem
1517 1998 1663 2033 quamdam
1683 1996 1810 2030 benigni-

1020 2053 1103 2076 tatem
1119 2048 1146 2074 in
1160 2054 1203 2074 me
1216 2046 1374 2074 exhibebat.
1392 2045 1469 2072 Unde
1482 2044 1565 2072 etiam
1582 2049 1642 2079 post
1656 2050 1763 2070 cceuam
1780 2049 1811 2068 ac

1019 2095 1126 2129 epulas,
1137 2092 1248 2121 sublimi
1260 2097 1346 2120 strato
1361 2091 1482 2119 dormire
1493 2097 1604 2122 curans,
1615 2089 1730 2116 multam
1744 2088 1809 2114 mihi

1020 2141 1155 2175 requiem,
1173 2140 1223 2166 vite
1242 2146 1351 2166 onmem
1377 2137 1564 2172 fatigationem
1585 2135 1754 2167 dissolvens,
1770 2134 1811 2160 in<

1018 2187 1112 2215 dulsit.

1063 2287 1071 2303 ι
1091 2277 1204 2309 Verum,
1221 2276 1269 2311 qui
1291 2282 1400 2310 semper
1424 2274 1528 2301 invidet
1548 2272 1689 2304 diabolus,
1708 2278 1758 2298 nec
1782 2269 1810 2296 in

1021 2324 1073 2352 hoc
1089 2324 1159 2351 bono
1174 2322 1235 2350 sine
1249 2321 1365 2349 crimine
1380 2320 1527 2355 procedere
1541 2319 1605 2347 sivit
1621 2327 1628 2346 :
1642 2318 1706 2353 quin
1719 2316 1812 2352 potius

1019 2371 1118 2398 malam
1143 2369 1251 2396 feminae
1269 2369 1434 2402 voluptatem
1450 2366 1551 2394 stttitus
1568 2365 1763 2395 subiuserens,
1782 2367 1812 2390 ut

1019 2424 1126 2444 mecum
1153 2414 1226 2450 turpi
1253 2413 1453 2442 consuetudine
1479 2412 1658 2444 misceretur,
1686 2409 1810 2444 urgebat.

1018 2462 1194 2496 Surgensque
1207 2461 1288 2492 lecto,
1309 2467 1363 2494 quo
1381 2457 1552 2490 dormiebat,
1569 2464 1658 2484 meum
1675 2455 1807 2489 deinceps

1019 2507 1181 2535 dormientis
1196 2506 1274 2541 petit,
1289 2504 1491 2538 verborumque
1511 2502 1682 2537 turpitudine
1705 2501 1738 2528 ad
1755 2500 1809 2527 illi-

1018 2552 1101 2579 citum
1112 2551 1287 2579 concubitum
1303 2549 1410 2576 trahere
1425 2548 1536 2583 satagit.
1551 2547 1606 2581 Ego
1618 2551 1708 2573 autem
1725 2551 1806 2579 quain

1017 2602 1138 2632 poteram
1151 2601 1170 2624 ‘a
1186 2604 1229 2624 me
1247 2596 1380 2631 repellens
1394 2594 1475 2622 :Jure
1490 2594 1599 2626 merito,
1616 2593 1734 2624 aiebam,
1749 2597 1809 2616 mu-

755 2665 876 2695 FRANC.
891 2666 1087 2694 COMBEFISH
1109 2665 1223 2694 NOTAE.

215 2725 271 2760 (9.4)
288 2725 314 2752 Η
330 2730 435 2752 tantum
451 2725 628 2753 obtinuerunt
646 2725 751 2756 Patres,
767 2730 796 2753 ut
820 2725 959 2760 deinceps,

178 2761 204 2788 i.l
221 2761 294 2795 quod
314 2761 424 2791 vellent,
444 2762 586 2793 sentirent,
610 2769 642 2787 ac
658 2761 801 2795 imagines,
829 2760 910 2787 modo
928 2769 961 2788 ne

179 2798 252 2824 intra
269 2797 375 2827 urbem,
398 2797 556 2831 erigerent:
580 2797 617 2822 uti
635 2796 716 2822 etiam
734 2796 817 2822 refert
832 2795 959 2825 Michael,

178 2837 206 2858 t-t
225 2837 321 2857 auctor
336 2832 403 2864 ipse,
417 2835 478 2865 post
490 2836 628 2858 narratam
641 2831 728 2858 obiter
741 2831 874 2858 visionem
886 2831 959 2858 illam

179 2871 296 2896 ostensa:
308 2871 409 2895 mutua:
420 2866 506 2894 cladis
523 2866 709 2895 Boruanorum
729 2871 755 2894 et
769 2865 958 2902 Bulgarorum,

1015 2725 1055 2752 sic
1073 2725 1144 2752 velut
1175 2724 1229 2751 Deo
1244 2724 1367 2758 utrisque
1393 2723 1564 2758 propinante,
1591 2721 1708 2755 aliisque
1733 2721 1802 2749 alios

1016 2761 1181 2792 ulciscente,
1207 2767 1238 2786 ac
1275 2757 1429 2793 Nicepboro
1445 2757 1616 2793 praedictam
1649 2760 1764 2793 mortem
1789 2766 1804 2784 a

1015 2794 1161 2822 Theodoro
1175 2791 1330 2826 inierente;
1344 2791 1490 2828 ipsumque
1501 2797 1695 2826 spectatorem,
1705 2791 1738 2828 Vin
1753 2800 1805 2819 sua

1015 2830 1181 2864 peculiarius
1206 2835 1308 2862 castra,
1328 2827 1363 2856 ac
1377 2828 1503 2855 monachi
1517 2832 1617 2855 statqu
1634 2827 1801 2861 angelicum,

1014 2865 1205 2902 compelleutc.
