2077 3157
245 143 298 174 8θῆ

967 145 1016 175 ΛΝ
1020 145 1069 176 ΟΝ
1074 145 1142 176 ΥΜῘ

1821 148 1874 178 89“)

247 198 306 232 her,
324 198 432 225 tametsi
447 198 547 225 bellum
571 199 783 235 haudquaquam
805 200 831 227 iu
858 200 1039 228 barbarorum

1104 201 1213 234 ιίκαιον,
1230 201 1333 236 ἔλεγον,
1350 198 1372 228 ὦ
1388 203 1486 236 γύναι,
1503 202 1527 228 εἰ
1545 205 1592 229 καὶ
1610 203 1647 238 μὴ
1660 203 1707 229 ἐπὶ
1730 203 1810 237 ξυροῦ
1830 205 1884 230 τῶν

249 244 382 271 novacula
397 244 513 280 positum
531 250 622 277 esset,
640 246 793 273 castitatem
814 247 918 282 legibus
935 247 1037 275 divinis

249 294 411 323 praeceptam
436 291 578 324 oportebat
600 291 757 318 inviolatam
777 300 895 320 servare.
918 293 965 320 Sin
988 302 1037 320 au-

251 338 304 360 tem
322 334 381 360 belli
402 339 540 361 armatura
561 335 669 370 justitia
684 341 743 369 est;
758 337 895 372 siquidem
921 339 957 365 ita
989 347 1037 366 vo-

250 378 362 412 luptatis
377 380 467 413 gladio
480 380 591 408 saucius
608 390 695 409 meam
711 383 769 417 ipse
782 384 865 410 miser
877 384 1040 419 jugulavevo

251 424 369 450 animam
381 445 388 455 .
411 426 458 459 qui
481 426 513 453 ad
533 434 651 461 pugnam
669 435 729 454 cum
748 429 826 456 hoste
844 430 1039 457 conserendam

251 469 386 502 prolicisci
403 471 517 504 possint,
533 473 579 506 qui
598 472 655 507 jam
675 473 732 507 ipse
750 479 812 501 ante
830 475 951 513 praelium
971 483 1042 502 mor-

252 518 314 540 tuus
333 516 487 543 exsistam?
513 517 559 544 llla
591 526 672 552 porro
698 526 840 547 sermones
855 521 1041 555 hujuscemodi

252 559 380 593 audiens,
399 569 461 588 cum
480 563 620 597 paululum
639 565 815 596 recessisset.
832 565 864 591 ad
890 574 932 593 tne
948 575 1044 594 rursus

252 604 336 635 venit.
364 606 459 632 iisdem
483 608 572 635 verbis
604 609 636 634 ad
666 616 787 635 amorum
813 611 963 644 pellit-iens.
985 612 1045 646 Ipse

235 651 430 679 .nihilominus
449 654 570 681 secundo
591 663 701 690 quoque
726 657 862 690 repulsam
887 657 959 684 illam
984 666 1045 684 ver-

254 695 296 721 bis
326 697 357 722 ad
391 698 546 725 castitatem
583 702 795 734 provocantihus
825 703 982 736 irrigabam.
1015 703 1048 731 Ut

254 745 344 768 autem
369 743 449 769 tertio
468 744 548 770 etiam
570 745 716 772 instantem
743 747 812 779 vidi.
841 753 923 782 atque
948 749 980 775 ad
1008 749 1048 775 iu-

255 784 325 813 ferni
341 788 507 821 profundum
519 790 659 817 detrahere
670 799 712 818 me
722 792 888 826 cupientem,
903 799 958 820 tum
969 794 1049 821 velte-

257 834 377 861 nteutius
395 834 556 868 infremens,
574 837 688 872 ipsaque
700 839 766 864 hora
782 846 843 865 meo
857 839 946 873 ipsius
961 841 1049 875 gladio

1094 245 1242 281 βαρϐάρων
1262 247 1385 282 ὑπῆρχεν
1402 248 1415 273 ὁ
1432 247 1561 282 πόλεμος,
1577 247 1627 281 τήν
1651 255 1683 280 γε
1708 247 1884 282 σωφροσύνην

1089 291 1142 317 ἔδει
1157 291 1228 318 κατὰ
1237 292 1300 323 τοὺς
1313 291 1360 318 τοῦ
1373 291 1439 318 Θεοῦ
1453 293 1552 327 νόμους
1567 291 1784 326 διαφυλάξασθαι
1795 293 1885 327 ἄτρω-

1089 346 1146 364 τον.
1163 338 1192 363 Εἰ
1207 337 1235 363 δὲ
1251 337 1299 364 καὶ
1313 338 1382 364 ὅπλα
1396 338 1515 372 πολέμου
1530 338 1700 372 δικαιοσύνη,
1714 339 1793 373 εἴπερ
1808 339 1885 364 ἔνθεν

1091 381 1273 416 “nemost,-
1285 382 1323 417 τῷ
1339 382 1410 416 ξίφει
1424 384 1472 417 τῆς
1488 383 1585 417 ἡδονῆς
1599 383 1649 417 τὴν
1664 383 1782 417 ἐμαυτοῦ
1797 383 1886 417 ψυχὴν

1092 426 1259 459 κατασφάξαι)
1270 428 1284 453 ὁ
1297 426 1431 458 δείλαιος,
1450 427 1509 457 πῶς
1533 427 1600 462 πρὸς
1616 426 1666 461 τὴν
1687 426 1742 452 τῶν
1759 428 1887 454 ἐναντίων

1094 472 1182 506 πάλην
1203 472 1393 508 πορεύσομαι,
1416 473 1496 503 αὐτὸς
1514 472 1609 507 νεκρὸς
1626 473 1675 507 ἤδη
1700 472 1748 499 καὶ
1770 474 1822 507 προ
1839 473 1886 500 τοῦ

1094 517 1213 552 πολέμου
1226 518 1385 552 γενόμενος;
1404 518 1436 544 Ἦ
1447 518 1474 544 δὲ
1487 517 1589 544 τούτων
1596 517 1709 553 ᾑσθείσα
1721 518 1776 544 τῶν
1787 518 1886 551 λόγων,

1095 563 1143 589 καὶ
1157 562 1253 598 μικρὸν
1269 564 1481 598 ἀναχωρήσασα,
1496 561 1573 594 αὖθις
1589 563 1671 589 πάλιν
1684 564 1828 596 ἐφίσταταί
1844 573 1888 598 μοι

1095 610 1150 640 τοῖς
1166 609 1309 644 προτέροις
1325 610 1416 643 λόγοις
1431 609 1476 635 τὸν
1495 610 1586 644 ἔρωτα
1602 610 1795 642 ὺποκνίζουσα.
1819 610 1889 636 Ἀλλ’

1096 655 1195 689 ὁμοίως
1211 654 1314 689 ταύτην
1339 655 1387 681 καὶ
1407 655 1488 681 πάλιν
1507 655 1744 688 ἀποσεισάμενος,
1761 657 1816 686 τοῖς
1839 655 1891 688 τῆς

1098 700 1207 734 ἁγνείας
1239 701 1404 736 κατήρδευον
1436 702 1567 735 ῥήμασιν.
1601 701 1644 731 Ὠς
1673 701 1701 727 δὲ
1726 701 1774 728 καὶ
1799 701 1891 735 τρίτον

1098 746 1247 773 ἐπιστᾶσαν
1259 767 1266 779 ,
1282 747 1330 772 καὶ
1351 746 1420 781 προς
1439 747 1573 780 πέταυρον
1589 746 1653 781 ᾷδου
1679 745 1832 780 κατασῦραι
1857 754 1891 779 με

1101 792 1265 828 βουλομένην
1289 793 1417 827 ἑώρακα,
1444 793 1506 818 τότε
1535 792 1658 827 σφοδρῶς
1681 791 1892 827 ἐπεμδριμησά-

1103 846 1199 872 μενος,
1216 838 1263 864 καὶ
1284 839 1317 873 τῇ
1342 837 1466 873 μαχαίρᾳ
1485 846 1535 872 μου
1560 838 1620 864 κατ’
1642 838 1727 873 αὐτὴν
1747 838 1796 873 τὴν
1817 837 1893 873 ὥραν

256 879 481 907 consciscendam
495 882 725 910 illicomminatus
737 890 861 912 mortem.
877 885 939 911 inde
951 893 1047 913 exsur-

1104 883 1225 916 γενέσθαι
1249 884 1295 910 τὸν
1314 883 1430 910 θάνατον
1455 884 1726 918 ὲπαπειλησάμενος,
1746 883 1893 915 διαναστὰς

258 930 334 956 gens,
352 933 382 951 ac
399 927 586 954 conscendens
601 937 714 963 equum,
729 930 836 957 concito
853 939 935 958 cursu
953 940 1050 967 propn-

258 974 340 996 sztum
357 971 408 998 iter
426 974 599 1008 peragebant.

298 1024 307 1041 t
330 1015 398 1043 Tum
416 1018 472 1051 illa,
490 1019 548 1046 fore
561 1022 705 1055 suspicans
719 1027 746 1049 ut
765 1022 854 1050 fabula
871 1031 918 1058 per
933 1032 975 1051 me
992 1024 1051 1051 vul-

258 1065 379 1095 garetur,
395 1063 427 1089 ad
441 1071 533 1091 uocem
549 1072 686 1100 quzeruns,
721 1072 782 1101 post
802 1076 844 1094 me
865 1076 958 1097 servos
985 1077 1051 1096 suos

258 1108 359 1139 t'tnisil,
376 1109 475 1143 jubens
489 1112 601 1138 omnino
619 1113 717 1140 occidi.
738 1113 783 1141 Dei
801 1120 890 1141 tamen
918 1116 1050 1143 immensa

258 1154 402 1181 clementia
433 1155 467 1182 ab
489 1156 586 1183 horum
604 1159 716 1192 quaesita
743 1167 820 1191 nece.
850 1161 886 1186 uti
920 1161 954 1187 ab
980 1161 1051 1188 illius

259 1199 357 1227 anima;
373 1201 489 1228 exitiosa
503 1202 614 1237 injuria.
635 1205 762 1231 Clit‘lllt‘lll
775 1205 910 1239 liberavit,
929 1207 1052 1240 miraque

259 1246 375 1277 quadam
397 1247 519 1280 ratione,
545 1254 617 1275 recta
637 1256 684 1283 per
714 1249 793 1276 alium
819 1250 889 1277 viam
922 1251 1050 1278 incedere

260 1290 333 1318 fecit.

298 1345 307 1362 ι
325 1336 392 1364 Cum
409 1343 497 1365 autent
515 1339 585 1366 haud
601 1340 635 1367 ita
648 1341 752 1375 pridem
768 1342 900 1376 Bulgaria;
912 1343 977 1370 lines
988 1343 1052 1371 atti-

261 1382 374 1416 gissent,
403 1383 530 1418 intraque
559 1393 618 1418 eos,
651 1387 726 1413 nullo
753 1388 807 1414 alio
827 1389 934 1416 itineris
952 1390 1052 1417 comite

261 1429 497 1463 singularissimus
526 1432 577 1458 iter
605 1433 742 1464 haberem,
772 1440 854 1469 atque
881 1435 915 1462 ad
932 1441 1050 1462 montem

261 1475 406 1508 quemdam
425 1476 639 1511 cogitationibus
660 1478 796 1506 distentus
815 1480 952 1510 animum.
987 1489 1048 1515 pro-

261 1522 322 1555 pius
336 1523 513 1550 accessissent
532 1532 538 1549 :
559 1524 596 1550 ita
608 1532 670 1551 vero
683 1525 735 1551 sub
748 1525 833 1559 ipsam
859 1526 929 1554 lianc
946 1528 1050 1562 horam,

262 1574 336 1593 cram
356 1575 449 1595 revera
479 1569 600 1595 divinam
632 1570 840 1603 inspectionem.
868 1577 949 1607 atquc
981 1583 1051 1608 eam,

262 1621 323 1647 qua:
337 1613 404 1640 mitti
435 1615 649 1648 supervenisset.
679 1617 880 1649 calamitatem,
909 1623 984 1646 totus
1014 1621 1054 1646 la-

263 1660 365 1694 ctymis
380 1659 517 1694 perfusus,
537 1669 643 1688 tnecum
670 1664 763 1689 animo
787 1668 916 1697 reputans
933 1674 939 1692 :
959 1673 1053 1693 voucm

264 1706 410 1738 quamdam
438 1707 555 1741 desuper
569 1715 583 1733 a
603 1709 704 1734 Inutilis
720 1710 863 1737 cacumine
887 1719 929 1737 me
953 1719 1054 1739 vocan-

263 1757 317 1777 tem
346 1751 448 1779 audivi.
467 1753 552 1780 Porro
572 1758 643 1781 metu
668 1756 821 1788 perculsus,
841 1764 873 1783 eo
893 1759 966 1791 quod
996 1758 1054 1785 sitt-

264 1797 461 1831 gularissimus
489 1806 590 1831 essent,
616 1807 744 1835 aegreque
769 1803 920 1831 anhelitum
947 1805 1054 1832 ducens

266 1850 298 1869 ac
313 1847 446 1874 tremens,
462 1844 494 1870 ad
512 1852 573 1871 eum
589 1845 634 1878 qui
651 1846 767 1872 vocabat
794 1846 889 1874 faciem
913 1849 1054 1882 converti;

266 1889 406 1924 ﬁgensque
419 1890 526 1921 oculos.
556 1898 656 1917 novum
671 1898 754 1925 supra
771 1897 895 1919 naturam
913 1899 1056 1928 spectacu-

266 1936 321 1962 lum
337 1937 460 1970 perspexi
478 1945 485 1963 :
503 1937 645 1968 ttitnirum,
664 1938 789 1972 giganlea
805 1944 909 1967 statura
931 1941 1000 1968 albis
1014 1941 1056 1968 in-

265 1983 361 2009 dutum
377 1990 470 2009 senem
489 1983 587 2014 virum.
612 1983 692 2018 cujus
711 1985 873 2012 vestimenta
889 1987 955 2014 solis
971 1987 1057 2014 instar

265 2029 442 2064 refulgerent.
471 2029 496 2056 ls
524 2037 636 2056 manttut
661 2031 836 2064 protendens,
855 2032 932 2065 jubet
952 2033 1008 2059 cito
1024 2033 1056 2060 ad

266 2084 329 2102 eum
347 2076 504 2103 ascendam.
527 2076 561 2102 At
588 2084 639 2110 ego
658 2076 774 2110 depulso
795 2078 887 2104 statim
901 2078 1057 2106 timiditatis

268 2122 397 2154 pondere,
413 2122 567 2156 gaudioqne
589 2123 765 2154 commixtus,
779 2124 812 2150 ad
830 2131 892 2150 cum
921 2125 1056 2158 ascendo,

269 2170 464 2203 inventumque
485 2171 623 2195 sedentem
646 2169 672 2195 in
699 2174 780 2199 terra.
806 2178 908 2204 pronus
933 2171 1054 2197 adoravi.

1101 929 1206 955 ἐκεῖθεν
1222 930 1269 956 καὶ
1284 929 1381 961 ἐπιϐάς
1403 938 1454 964 μου
1468 930 1506 964 τῷ
1522 930 1608 965 ἵππῳ,
1623 930 1705 965 τάχος
1719 930 1767 965 τὴν
1781 939 1892 966 προκει-

1103 975 1188 1010 μένην
1205 976 1297 1011 τρὶὗον
1313 976 1430 1011 διήνυον.

1140 1031 1150 1047 ι
1167 1021 1234 1048 Τότε
1248 1022 1275 1048 δὲ
1287 1023 1377 1057 ἐκείνη
1387 1022 1605 1057 θριαμϐευθῆναι
1613 1023 1678 1058 παρ’
1686 1023 1753 1058 ἐμοῦ
1762 1023 1792 1050 τὸ
1802 1023 1894 1059 δρᾶμα

1101 1067 1315 1097 ὑποτοπάσασα.
1330 1067 1494 1098 ὀπισθόπους
1519 1067 1588 1102 πρός
1607 1077 1642 1102 με
1666 1068 1803 1100 φωνοῦσα.
1831 1069 1895 1099 τοὺς

1102 1111 1212 1142 δούλους
1226 1111 1310 1145 αὐτῆς
1324 1111 1511 1143 ἐξαπέστειλε,
1524 1112 1773 1147 παρακαλεσαμένη
1786 1112 1895 1144 πάντως

1102 1157 1148 1183 τοῦ
1175 1157 1330 1183 θανατῶσαι
1359 1166 1404 1191 με.
1428 1157 1494 1188 Θεὸς
1511 1157 1539 1183 δὲ
1558 1157 1821 1193 φιλανθρωπευθεὶς,
1843 1159 1893 1193 τῆς

1103 1203 1268 1237 θνητοφόρου
1296 1202 1411 1233 τούτων,
1435 1202 1471 1234 ὠς
1487 1203 1535 1229 καὶ
1562 1203 1612 1238 τῆς
1635 1204 1742 1238 ἐκείνης
1762 1212 1794 1238 με
1809 1204 1894 1238 ψυχο-

1104 1248 1204 1284 φθὸρολ)
1219 1249 1321 1283 suam
1334 1248 1474 1284 ἀπήλλαξε
1492 1257 1499 1264 ·
1517 1249 1564 1275 καὶ
1581 1249 1615 1276 δι’
1635 1249 1720 1284 ἄλλης
1736 1250 1894 1284 παραδόξως

1103 1293 1288 1327 εὐθυπορῆσαι
1302 1294 1463 1327 πεποίηκεν.

1142 1348 1151 1364 ι
1172 1339 1216 1370 Ὠς
1230 1339 1259 1365 δὲ
1271 1339 1326 1365 τῶν
1337 1339 1388 1373 τῆς
1402 1338 1571 1374 Βουλγαρίας
1581 1339 1662 1374 ὁρίων
1670 1340 1701 1366 οὐ
1712 1339 1769 1374 μετ’
1784 1340 1814 1366 οὗ
1827 1339 1894 1366 πετλῦ

1104 1384 1309 1418 καθαψάμενος,
1337 1384 1384 1411 κα)⁸
1407 1384 1480 1410 ἔνδον
1493 1384 1596 1410 τούτων
1615 1384 1692 1414 ἐκτὸς
1704 1383 1813 1410 οἰασοῦν
1830 1392 1895 1409 συν-

1104 1431 1178 1462 οδίας
1204 1431 1359 1466 μονώτατος
1379 1430 1490 1461 ὥδευον,
1509 1430 1551 1456 ἐπ’
1567 1430 1646 1465 ὅρους
1670 1429 1728 1465 [με]
1744 1439 1816 1461 τινος
1853 1431 1895 1457 ὲν-

1104 1476 1218 1512 ασχολου
1224 1477 1296 1511 μένῳ
1303 1477 1362 1507 τοῖς
1369 1477 1509 1510 λογισμοῖς
1517 1475 1700 1510 πλησιάσαντι
1710 1475 1772 1512 [let].
1782 1476 1895 1510 ὲνασχο-

1104 1522 1233 1557 λούμενος
1250 1521 1416 1557 πλησιάσας]
1432 1530 1440 1537 ⁸
1471 1521 1515 1548 ναὶ
1545 1522 1599 1556 γὰρ
1619 1521 1651 1556 δὴ
1669 1521 1729 1547 κατ’
1750 1521 1834 1556 αὐτὴν
1847 1521 1896 1556 τὴν

1105 1569 1179 1603 ὥραν
1190 1569 1265 1603 ἥμην
1281 1568 1387 1603 ἀληθῶς
1401 1569 1416 1594 ὁ
1426 1568 1511 1599 τάλας
1524 1568 1573 1602 τὴν
1585 1567 1632 1594 τοῦ
1650 1567 1717 1593 Θεοῦ
1732 1568 1896 1601 ἐπισκοπὴν,

1106 1617 1153 1643 καὶ
1170 1616 1220 1651 τὴν
1236 1615 1405 1642 ἐπελθοῦσάν
1423 1624 1468 1650 μοι
1484 1615 1629 1650 συμφορὰν
1656 1614 1896 1648 ἀναλογιζόμενος,

1105 1663 1164 1694 ὅλος
1186 1662 1389 1696 συγκεχυμένος
1405 1663 1461 1692 τοῖς
1475 1662 1608 1695 δάκρυσιν
1623 1668 1629 1674 ·
1647 1660 1771 1696 ᾐσθόμην
1791 1659 1898 1694 ἁθρόως

1107 1708 1200 1743 cpt-wit];
1207 1716 1279 1738 τινος
1291 1707 1394 1734 ἄνωθεν
1407 1707 1462 1733 ἀπὸ
1472 1708 1522 1742 τῆς
1536 1707 1692 1742 ἀκρωρείας
1705 1706 1841 1740 καλούσης
1852 1714 1896 1740 με.

1105 1753 1182 1788 Φόϐῳ
1198 1753 1226 1780 δὲ
1252 1753 1380 1788 βληθεὶς,
1404 1753 1464 1780 ἐπεί
1490 1761 1544 1788 περ
1572 1753 1695 1787 ὑπῆρχον
1722 1751 1874 1786 μονώτατος
1890 1758 1897 1765 ·

1107 1800 1265 1835 ἀσθμαίνων
1283 1808 1313 1826 τε
1329 1800 1376 1826 καὶ
1392 1799 1549 1833 ὑπότρομος
1564 1798 1633 1834 πρὸς
1651 1799 1697 1824 τὸν
1716 1797 1849 1824 καλοῦντα
1868 1796 1900 1823 τὸ

1108 1846 1254 1881 πρόσωπον
1280 1844 1526 1880 ἁνθυπέστρεφον“
1556 1844 1603 1870 καὶ
1632 1843 1816 1878 προσερείσας
1841 1844 1897 1873 τοῖς

1107 1892 1223 1927 ὄμμασι,
1241 1891 1317 1924 ξένον
1337 1890 1484 1918 κατενόουν
1496 1892 1499 1896 ’
1511 1890 1582 1925 ὑπὲρ
1611 1891 1660 1924 τὴν
1685 1889 1766 1923 φύσιν
1783 1887 1852 1915 εἶναι
1870 1889 1900 1914 τὸ

1110 1939 1201 1973 θέαμα
1214 1947 1221 1954 ”
1252 1939 1336 1973 ἄνδρα
1361 1937 1528 1972 λευκοφὸρον
1545 1937 1703 1970 γιγαειτοιῖον
1727 1935 1776 1970 τὴν
1792 1935 1899 1969 ἡλικίαν

1107 1985 1154 2011 καὶ
1171 1984 1286 2020 γηραιόν
1297 1991 1304 1998 '
1320 1993 1351 2010 ου
1365 1983 1400 2010 τὰ
1417 1984 1512 2018 ἱμάτια
1537 1982 1701 2008 ἀπέστιλδον
1720 1981 1758 2012 ὡς
1772 1982 1786 2007 ό
1800 1981 1874 2015 ἥλιος
1890 1988 1899 1996 ·

1107 2032 1156 2065 τὴν
1171 2031 1252 2065 χεῖρα
1266 2039 1296 2056 τε
1312 2029 1497 2065 προτείνοντα,
1518 2029 1566 2055 καὶ
1580 2029 1625 2054 διὰ
1635 2028 1734 2062 τάχους
1761 2027 1798 2058 ὡς
1818 2027 1900 2053 αὑτὸν

1108 2076 1230 2103 ἀνελθεῖν
1262 2075 1532 2112 παρακελευόμενον.
1556 2075 1627 2108 Ἐγὼ
1652 2074 1679 2099 δὲ
1695 2072 1832 2107 παρευθϋς
1851 2072 1901 2106 τῆς

1108 2122 1209 2153 δειλίας
1218 2122 1248 2148 τὸ
1262 2121 1344 2156 ἄχθος
1359 2122 1590 2154 ὲπαπωσάμενος,
1602 2121 1690 2154 χαρᾶς
1704 2128 1734 2145 τε
1745 2118 1900 2154 σύμμικτος

1109 2169 1265 2203 γενόμενος,
1281 2168 1373 2202 ἄνειμι
1389 2175 1395 2181 ·
1411 2166 1459 2193 καὶ
1475 2167 1542 2200 πρὸς
1554 2166 1607 2200 γῆν
1622 2165 1710 2200 εὑρὼν
1724 2165 1899 2199 ἐφεζόμενον,

268 2215 337 2241 Tum
363 2215 408 2242 illc
424 2215 544 2249 gratiose
571 2215 750 2249 imprecatus.
769 2216 852 2249 jussit
876 2221 905 2242 ut
931 2225 1051 2252 surgens

1110 2213 1215 2248 πρηνὴς
1229 2212 1359 2248 γεγονὼς,
1374 2212 1580 2248 προσεκύνησα.
1594 2213 1642 2243 Ὃς
1658 2211 1808 2245 χαριέντως
1820 2212 1901 2236 ὲπευ-

269 2267 360 2289 rcctus
379 2261 412 2289 ab
422 2262 482 2296 ejus
495 2262 597 2289 dextris
615 2265 727 2289 starem.
744 2262 829 2289 Porro
844 2263 960 2290 habebat
977 2265 1057 2298 pedes

267 2316 281 2335 δ
294 2317 308 2335 c
327 2309 532 2343 quodammodo
548 2308 574 2334 in
593 2308 652 2334 solo
670 2308 821 2342 explicatos
840 2316 847 2334 ι
869 2317 950 2336 manu
966 2314 1056 2336 autem

267 2361 393 2386 campum
412 2353 497 2380 monti
530 2353 682 2388 subjectum
702 2354 811 2387 plenum
837 2355 997 2389 corporibus
1018 2355 1058 2381 vi-

268 2399 387 2427 dendum
408 2399 539 2430 ostendit.
554 2403 711 2434 stantesque
728 2399 753 2426 in
772 2407 805 2426 co
820 2401 987 2433 exercituum
1003 2392 1060 2427 tur-

268 2454 327 2473 mas
344 2453 396 2472 una
409 2453 471 2473 cum
497 2446 659 2480 imperatore
675 2453 682 2472 :
698 2453 730 2472 ac
752 2453 815 2472 nunt
832 2446 1058 2480 alienigenarum.

268 2497 417 2527 nostraque
442 2497 530 2519 castra
551 2492 665 2519 SCOl‘Sllll
682 2499 888 2526 cognoscerem,
915 2497 1059 2527 perconta-

269 2540 360 2566 batur.

309 2641 318 2658 t
333 2632 402 2659 Cum
420 2636 508 2658 autent
535 2630 591 2658 haec
604 2638 653 2665 ego
673 2631 760 2664 palatn
780 2629 925 2658 confessus
954 2638 1041 2658 esscin
1054 2652 1061 2663 ,

271 2681 349 2712 Vide,
365 2679 463 2714 inquit,
486 2677 518 2704 ad
537 2686 589 2709 mc,
618 2677 684 2704 nihil
703 2683 838 2705 metuens.
864 2676 950 2704 Porro
970 2683 1061 2704 autem

270 2729 334 2753 dum
345 2726 392 2758 illi,
408 2726 440 2752 ad
452 2724 645 2752 \‘indtcatnlam
659 2723 776 2758 quisque
790 2732 866 2750 suam
876 2725 973 2755 aciem,
986 2732 1010 2750 at
1020 2732 1062 2750 ma

272 2772 411 2798 \‘tbrantes
451 2771 673 2800 instruerentur,
713 2770 839 2796 dextrum
879 2771 922 2796 hic
959 2770 1057 2804 pedum

272 2818 386 2844 alterum
411 2817 523 2844 elevans
540 2815 653 2844 sinistro
669 2816 877 2850 superimponit.
895 2816 963 2843 Tum
985 2816 1063 2843 νεὼ-ο

272 2868 393 2891 nostram
410 2863 495 2891 aciem
520 2862 606 2891 multa
623 2862 647 2889 vi
673 2861 893 2890 adversariorum
915 2862 1001 2889 aciem
1022 2862 1063 2889 ιιι-

1110 2261 1237 2295 ξάμενος,
1250 2260 1395 2286 ἐκέλευσεν
1411 2258 1567 2285 ἀναστάντα
1595 2257 1691 2292 στῆναί
1708 2266 1740 2291 με
1762 2256 1830 2291 πρὸς
1845 2257 1902 2287 τοῖς

1109 2307 1204 2340 δεξιοῖς
1217 2305 1299 2333 αὑτοῦ
1315 2306 1437 2341 μέρεσιν.
1453 2302 1517 2339 Εἶχε
1532 2304 1560 2330 δὲ
1573 2305 1636 2335 τοὺς
1654 2303 1737 2334 πόδας
1753 2302 1825 2330 οὕτω
1841 2311 1900 2334 πως

1110 2352 1322 2387 ὲφηπλωμένους
1337 2351 1406 2387 πρὸς
1419 2351 1552 2385 τοῦδαφος
1562 2358 1569 2365 ·
1584 2351 1615 2385 τῇ
1636 2358 1666 2375 τε
1682 2349 1754 2384 χειρὶ
1780 2349 1809 2375 τὸ
1835 2348 1903 2374 ύποο

1112 2400 1188 2425 κάτω
1199 2407 1232 2433 με
1248 2398 1295 2424 τοῦ
1310 2398 1390 2432 ὅρους
1406 2397 1498 2424 πεδίον
1514 2396 1616 2431 πλῆρες
1627 2397 1763 2430 σωμάτων
1780 2395 1903 2429 ὑπάρχον

1111 2445 1258 2480 καταθρεῖν
1273 2444 1441 2476 ὑπεδείκνυε,
1457 2443 1503 2469 καὶ
1517 2443 1565 2476 τὴν
1577 2443 1604 2468 ὲν
1615 2441 1690 2476 αὐτῷ
1705 2441 1759 2467 τῶν
1771 2449 1904 2475 στρατευ-

1113 2493 1206 2529 μάτων
1223 2491 1422 2526 καθεστηκυῖαν
1441 2489 1547 2525 πληθὺν
1563 2489 1612 2515 σὺν
1623 2488 1661 2523 τῷ
1682 2488 1795 2513 ἄνακτι’
1808 2487 1858 2517 τάς
1874 2495 1903 2512 τε

1111 2539 1165 2565 τῶν
1180 2537 1338 2572 ἀλλοφύλων
1350 2557 1357 2568 ,
1374 2535 1482 2566 καὶτὰς
1500 2535 1638 2570 ἡμετέρας
1657 2533 1832 2569 παρεμϐολὰς
1851 2533 1904 2568 ἰδίᾳ

1113 2585 1257 2618 γινώσκειν
1269 2591 1302 2618 με
1317 2583 1409 2617 ἤρετο.

1151 2640 1160 2656 ι
1185 2629 1267 2664 Ἐμοῦ
1281 2629 1310 2655 δὲ
1323 2628 1410 2655 ταῦτα
1420 2627 1512 2659 σαφῶς
1525 2626 1806 2662 καθομολογήσαντος·
1820 2626 1902 2661 Ὅρα,

1114 2676 1181 2712 φησὶ
1211 2675 1278 2710 πρός
1293 2683 1337 2710 με,
1358 2673 1396 2708 μὴ
1415 2672 1613 2706 δεδιττόμενος.
1632 2671 1687 2698 Καὶ
1702 2672 1739 2702 ὡς
1752 2672 1820 2706 πρὸς
1832 2672 1904 2705 ἄμυ-

1113 2732 1161 2750 ναν
1174 2723 1272 2749 ἐκεῖνοι
1289 2721 1338 2755 τῆς
1363 2719 1487 2754 ἀλλήλων
1513 2718 1603 2752 μάχης
1620 2719 1674 2749 τοῖς
1689 2718 1784 2748 ὅπλοις
1797 2716 1851 2753 [ῑσ.
1869 2717 1903 2743 τά

1113 2767 1194 2804 ὅπλα]
1211 2766 1400 2802 κραδαίνοντες
1416 2764 1639 2799 παρετάσσοντο,
1655 2763 1701 2789 τὸν
1716 2763 1802 2796 δεξιὸν
1826 2759 1904 2794 οὗτος

1114 2815 1170 2842 τοῖν
1187 2814 1278 2840 ποδοῖν
1293 2813 1339 2839 τὸν
1350 2812 1444 2846 ἓτερον
1456 2810 1604 2844 κουφίσας,
1618 2810 1714 2836 ἐπάνω
1729 2810 1776 2836 τοῦ
1797 2811 1899 2844 ἀριστερ

1118 2861 1163 2888 om)
1180 2859 1329 2895 ἐπιτίθησι.
1350 2858 1418 2885 Τότε
1444 2855 1540 2892 θεωρῶ
1568 2856 1619 2892 τὴν
1635 2856 1774 2891 ἡμετέραν
1797 2863 1904 2890 παρεμν
