2077 3157
165 190 218 220 897

730 189 819 219 VITA
839 188 872 218 S.
892 187 1045 218 NICOLM
1063 188 1238 219 STUDlT-‘E

1742 186 1795 217 898

167 246 247 281 ϐολὴν
264 245 322 280 μετ’
351 245 441 280 ἰσχύος
458 245 558 278 πολλῆς
586 245 653 280 πρὸς
669 246 718 280 τὴν
744 245 800 271 τῶν
824 245 955 272 ἐναντίων

1014 245 1165 277 vadentem,
1185 253 1300 279 ramquc
1318 249 1402 271 tatam
1431 247 1661 278 perrumpi-utet".
1677 242 1799 278 Cumque

166 291 366 326 ὲφαλλομένην,
388 291 435 317 καὶ
449 291 539 317 πᾶσαν
560 290 645 325 αὐτὴν
665 291 874 317 διακόπτουσαν.
901 290 955 316 Καὶ

165 336 197 370 δὴ
213 336 329 372 φροῦδον
347 337 401 362 τῶν
418 336 530 362 Σκυθῶν
550 336 795 370 διαφθειρομένων,
819 337 866 362 καὶ
882 336 955 361 νῶτα

168 381 320 416 μελλόντων
341 381 442 408 διδόναι
466 382 522 411 τοῖς
545 382 636 407 αὺτῶν
661 380 715 416 [Ian
740 380 851 416 αὐτοὺς]
870 389 956 407 κατα-

167 428 342 461 σφάττοιισιν.
365 426 444 457 Αὖθις
468 424 544 457 οὗτος
565 427 618 453 τῶν
640 427 727 453 ποδῶν
751 426 797 452 τὸν
812 426 956 461 ἀριστερὸν

166 473 309 507 κουφίσας,
325 473 418 499 ἐπάνω
439 472 485 498 τοῦ
496 472 583 505 δεξιοῦ
608 472 701 498 λοιπὸν
718 472 869 498 ἐπιτίθεται
884 480 891 486 ·
910 473 957 497 καὶ

167 520 361 551 ἐξαναστάντες
378 518 454 544 ἔνθεν
470 519 493 544 oi
516 518 660 553 βάρσαροι,
679 518 804 549 ἐλεεινῶς
821 520 874 549 τοῖς
890 519 958 553 ἡμε-

167 565 257 598 τέροις
271 563 412 588 ἐπέκειντο
429 564 594 593 κταίνοντες.
617 562 687 596 Ἐγὼ
700 563 728 588 δὲ
742 562 835 598 ῶσπερ
847 563 958 597 ἐξεστη-

168 609 235 639 κὼς,
261 609 308 633 καὶ
325 608 428 643 ἀχανὴς
445 607 565 641 γεγονὼς
580 608 620 643 τῷ
635 609 780 643 παραδόξῳ
793 609 880 643 τούτῳ
895 608 958 635 θεα-

169 663 246 688 ματι,
264 654 381 688 ίστάμην
395 652 560 679 ἀποσκοπῶν
575 653 609 679 τὰ
618 653 767 688 τελούμενα
783 661 791 668 '
801 654 848 681 καὶ
863 654 957 680 τούτου

168 699 219 734 μὲν
233 699 285 724 τῶν
302 698 390 724 ποδῶν
403 697 451 733 τὴν
463 697 622 732 ὑπαλλαγὴν
638 698 684 724 καὶ
700 699 838 730 ἐπίὸασιν,
866 700 958 726 κάκεί-

168 753 220 770 ιων
235 745 263 770 δὲ
276 744 321 769 τὸν
337 743 466 778 ὀδυνηρὸν
479 744 507 769 ἐν
523 743 646 778 μαχαίρᾳ
657 744 821 778 πικρότατον
833 745 957 772 θάνατον.

169 789 223 815 Κατ
244 789 315 814 οὓτω
327 789 409 823 μέχρι
435 788 539 823 δυσμὰς
560 788 636 823 ἡλίου
662 789 775 824 τοιούτῳ
795 791 887 824 τρόπῳ
913 791 959 817 καὶ

169 834 300 868 σχήματι,
315 835 375 860 κατ’
397 834 481 868 ἄμφω
498 835 554 860 τοῖν
570 835 662 861 ποδοῖν
678 835 727 869 τὴν
752 836 831 871 νίκην
851 837 959 872 ἑκάστῳ

170 881 249 915 μέρει
273 879 469 915 βραϐεύοντος”
489 880 525 911 ὡς
544 881 704 914 ἐφαρμόσας
716 880 840 913 τούτους,
861 882 959 916 ἐπίσης

169 926 275 952 κεῖσθαι
298 926 335 961 τῷ
356 926 442 960 λοιπῷ
467 927 655 960 παρεσκεύασε
675 927 791 961 σώματι,
808 928 857 962 τῆς
879 928 960 963 ἀλλή-

168 1026 212 1044 ιον
230 1018 354 1044 διέλυσαν
369 1018 433 1044 πόλε
438 1026 498 1052 μον.

207 1073 216 1088 ι
238 1064 306 1089 Τότε
325 1063 472 1094 διαναστὰς
495 1061 573 1095 οὗτος
595 1064 642 1090 καὶ
679 1064 826 1099 γενόμενος
860 1064 959 1100 ὄρϐιος,

169 1110 251 1144 ἣρετο
270 1109 336 1144 πρός
354 1117 398 1143 με,
418 1109 473 1135 τῶν
487 1110 673 1136 πεπτωκότων
699 1111 730 1136 τὸ
745 1110 849 1145 πλῆθος
864 1112 888 1138 εἰ
914 1111 956 1138 δυ-

169 1154 270 1189 ναίμην
283 1154 541 1189 ἁπαριθμὴσασοαι,
567 1155 613 1180 καὶ
640 1156 665 1181 εί
692 1156 770 1187 κενός
799 1165 850 1182 που
877 1156 960 1187 τόπος

172 1199 418 1232 ἐγκαταλέλειπται
434 1201 531 1234 νεκροῦ
548 1200 678 1235 ὑπάρχων
692 1201 804 1236 ἄμοιρος
824 1202 960 1236 σώματος,

177 1245 261 1279 Ἐμοῦ
278 1245 306 1272 δὲ
322 1246 372 1279 τὴν
384 1246 534 1280 ἀδυναμίαν
550 1247 747 1281 προτείνοντος,
761 1248 896 1274 καὶτόπον
908 1249 961 1274 οὐδ’

170 1291 238 1322 ὅλως
255 1299 289 1326 με
315 1291 435 1326 καθορᾷ-θ
461 1291 555 1325 σαφῶς
578 1291 843 1327 διομολογήσαντος,
865 1293 963 1328 μικρὸν

171 1336 236 1362 δέτι
265 1335 366 1369 πεδίον,
391 1336 453 1362 ὅσον
482 1337 592 1362 εἰκάσαι
619 1337 697 1363 τοῦτο
713 1338 806 1373 κοίτην
821 1338 890 1372 βοὸς.
909 1338 963 1365 τῶν

171 1382 351 1416 ἐσφαγμένων
380 1384 463 1416 μέσον
491 1382 669 1414 ὑπονοοῦντος
684 1401 691 1414 ,
716 1383 763 1408 καὶ
787 1383 854 1417 πρὸς
882 1383 963 1410 αὐτὸν

171 1426 465 1458 δακτυλοδεικτοῦντος,
478 1428 558 1458 αὐτὸς
571 1428 738 1462 ἁπεκρίνατο
751 1435 757 1442 ·
776 1428 858 1462 Ὁρᾷς
875 1429 961 1459 τοῦτο,

172 1472 250 1506 φησὶ,
263 1472 292 1498 τὸ
307 1471 427 1505 πραεθὲν
442 1471 540 1506 θνητοῦ
556 1473 679 1506 ὑπάρχον
691 1473 804 1507 ἄμοιρον
817 1473 942 1506 σώματος
955 1481 962 1504 ;

172 1519 229 1550 σὸν,
242 1519 288 1544 καὶ
305 1518 355 1544 οὐκ
370 1518 451 1546 ἄλλον
475 1518 654 1552 καθέστηκεν.
687 1519 731 1544 Ἐν
751 1519 825 1552 αύτῷ
844 1519 898 1553 γὰρ
916 1519 964 1545 σὶιν

170 1566 226 1596 τοῖς
238 1565 342 1596 λοιποῖς
354 1564 531 1599 τεθνήξεσθαι
549 1565 672 1599 ἔμελλες,
692 1565 775 1600 βορὰν
785 1567 842 1596 τοῖς
860 1566 964 1600 ὀρνέοις

1009 291 1116 326 Srytlue
1145 291 1252 324 pt‘llitus
1279 290 1432 321 interirent,
1463 294 1610 322 essentque
1639 287 1799 314 necantiltus

1010 337 1114 364 \‘ersuri
1131 342 1204 370 tergit
1224 345 1230 363 :
1246 344 1278 362 en
1297 343 1394 363 rursus
1415 335 1459 362 ille
1473 335 1566 369 pedem
1584 334 1726 361 sinistrum
1743 333 1799 360 cle-

1009 390 1095 412 vans.
1125 389 1207 416 supra
1241 383 1366 408 dextrum
1397 381 1528 414 deinceps
1555 380 1648 414 ponit;
1688 384 1801 413 tumque

1009 433 1190 463 exsurgentes
1217 427 1336 459 bat-lari,
1363 427 1559 454 miserabiliter
1572 431 1680 452 nostros
1697 426 1802 452 interti-

1009 475 1106 502 ciendo
1119 474 1262 510 urgebant.
1281 474 1336 508 Ego
1355 479 1446 500 autent
1467 481 1537 500 novo
1554 474 1605 499 huc
1626 479 1658 498 ac
1683 472 1801 498 mirabili

1011 521 1166 555 spectaculo
1183 520 1256 546 Vt‘ltll
1278 519 1449 554 stupefactus
1467 527 1498 546 ac
1524 519 1666 548 attonitus.
1694 517 1800 544 stahatn

1011 571 1153 600 aspectans
1180 574 1241 600 qua:
1265 567 1456 600 gerebantur:
1475 565 1616 594 nimirum,
1645 568 1702 589 tum
1727 563 1800 588 illam

1012 612 1094 647 hujus
1122 613 1366 639 commutationem
1401 611 1511 646 pedum,
1541 610 1731 643 alternamque
1760 609 1801 635 vi-

1012 659 1103 686 cissim
1122 659 1358 693 inequitationem,
1377 663 1433 684 tutu
1456 657 1583 684 acerbam
1610 663 1642 682 ac
1661 654 1803 681 amari~si-

1013 711 1084 730 mam
1111 703 1220 730 illorum
1240 705 1360 730 credente
1379 703 1468 738 gladio
1494 709 1599 729 necem.
1619 701 1744 735 Cumque
1764 700 1804 726 sic

1012 750 1044 776 ad
1062 758 1148 783 usque
1166 750 1232 777 solis
1251 757 1378 776 occasum
1391 748 1682 782 hujusmodicorporis
1698 746 1803 778 habitu,

1013 796 1165 830 pedumque
1189 796 1407 822 commutatione
1437 795 1534 828 cuique
1560 793 1630 828 parti
1659 792 1801 819 victoriam

1011 842 1189 873 sanciret;ut
1212 849 1260 868 eos
1285 845 1392 875 aptans.
1421 840 1531 874 perinde
1557 844 1639 874 atque
1669 838 1803 871 reliquum

1012 894 1112 919 corpus
1130 886 1227 920 aequali
1252 886 1306 913 situ
1329 886 1505 920 composuit,
1528 884 1545 911 ii
1572 891 1681 919 quoque
1708 889 1805 917 pugnte

977 938 997 965 Β
1013 937 1115 959 tnutuaa
1141 932 1223 958 tinent
1251 932 1439 966 imponentes,
1468 929 1589 957 tetribile
1613 928 1678 956 illud
1702 927 1804 955 bellum

168 972 222 997 λων
244 973 333 1007 μάχης
345 971 393 998 καὶ
409 969 482 998 οὗτοι
496 973 678 1006 παυσάμενοι,
693 973 739 998 τὸν
754 973 869 1008 φοϐερὸν
883 975 960 1000 ὲκεῖ-
982 991 983 994 η

1012 978 1207 1006 dissolverant.

1050 1079 1059 1095 ‹
1079 1069 1154 1096 Tunc
1166 1070 1209 1097 ille
1227 1077 1351 1104 surgens,
1369 1075 1500 1103 stansque
1518 1073 1607 1095 rectus
1624 1074 1656 1094 cx
1681 1073 1724 1093 me
1736 1074 1807 1101 qua:-

1012 1115 1097 1148 rebat,
1117 1124 1182 1143 num
1199 1124 1292 1143 eorum
1320 1117 1365 1151 qtti
1391 1115 1556 1142 cecidissent
1573 1121 1707 1141 summam
1736 1113 1807 1140 inire

1012 1169 1121 1196 possem
1133 1183 1140 1195 ,
1155 1170 1186 1189 ac
1201 1170 1266 1189 num
1283 1163 1359 1189 locus
1373 1162 1474 1197 aliquis
1486 1161 1597 1188 relictus
1607 1165 1678 1187 esset
1690 1167 1806 1191 vacuus,

1013 1208 1115 1234 mortui
1129 1209 1254 1242 corporis
1270 1215 1367 1242 expers
1384 1206 1542 1235 exsistens?
1556 1205 1597 1233 Me
1611 1201 1701 1233 alitem
1717 1205 1807 1239 impo-

1014 1254 1124 1280 tentiam
1138 1254 1332 1288 praetendente,
1358 1262 1389 1281 ac
1407 1254 1495 1288 palam
1513 1252 1669 1283 conﬁtente,
1697 1251 1803 1278 nullum

1016 1307 1060 1326 me
1078 1301 1212 1333 t-jusntodi
1230 1300 1317 1327 lorum
1334 1299 1505 1334 touspicere,
1538 1303 1634 1333 putare
1648 1302 1740 1324 tamen
1755 1295 1806 1323 soli

1013 1344 1077 1376 quid
1100 1346 1229 1380 exiguum
1260 1351 1381 1377 exstare,
1400 1349 1532 1379 quantum
1550 1347 1639 1371 strato
1655 1342 1732 1370 bovis
1749 1349 1807 1368 cur-

1014 1390 1070 1424 pnri
1089 1390 1155 1417 satis
1170 1391 1310 1423 videatur,
1324 1391 1511 1425 jugulaturum
1529 1389 1663 1421 medium,
1686 1388 1806 1415 intento-

1015 1440 1068 1467 que
1085 1434 1111 1460 in
1129 1434 1194 1461 illud
1213 1435 1298 1469 digito
1312 1455 1319 1466 ,
1348 1439 1535 1465 monstrante,
1567 1432 1710 1468 respondit
1738 1431 1782 1459 ille
1797 1440 1804 1457 :

1015 1478 1097 1506 Vides
1125 1481 1243 1514 spatium
1266 1481 1332 1506 illud
1354 1488 1455 1515 expers
1483 1480 1607 1515 corporis
1626 1479 1726 1506 mortui
1743 1477 1808 1504 reli-

1016 1525 1110 1553 ctum?
1136 1531 1212 1552 tuum
1252 1527 1364 1559 utique,
1395 1527 1552 1560 nulliusque
1584 1529 1715 1560 przeterea
1746 1523 1806 1550 luit.

1016 1570 1120 1605 Quippe
1137 1571 1162 1597 in
1180 1571 1225 1597 illn
1245 1571 1396 1598 moriturus
1408 1579 1471 1598 cum
1497 1571 1558 1598 aliis
1573 1578 1646 1603 eras,
1668 1569 1695 1596 in
1713 1575 1806 1596 escam

173 1610 402 1645 παραδιδόμενος·
416 1611 474 1637 ἀλλ’
487 1611 581 1646 ἐπειδή
596 1619 642 1637 σου
658 1611 687 1636 τὸ
703 1611 783 1645 σῶμα.
798 1611 962 1646 διεφύλαξας

1016 1617 1163 1644 tradendus
1179 1617 1240 1643 mali
1266 1617 1434 1644 volucribus.
1450 1616 1518 1650 Quia
1536 1622 1627 1643 tamen
1645 1621 1720 1642 tuum
1746 1622 1807 1642 cor-

172 1656 300 1691 ἄφθορον,
317 1658 363 1682 καὶ
379 1656 461 1683 πάθει
484 1656 614 1691 αἰσχύνης
630 1657 679 1691 τὴν
703 1655 794 1691 ψυχὴν
821 1656 872 1683 οὐκ
900 1657 963 1691 ὲμό-

173 1701 254 1733 λυνας
269 1711 275 1717 ·
292 1702 338 1728 τοῦ
360 1703 440 1737 χάριν
451 1703 500 1737 τῆς
516 1702 635 1737 φοϐερᾶς
659 1703 704 1728 καὶ
716 1701 868 1737 φρικώδους
878 1703 963 1736 ἀνάγ-

173 1756 224 1781 κης
239 1749 308 1782 μετὰ
326 1747 426 1774 καὶτοῦ
442 1747 541 1783 πικροῦ
557 1756 587 1774 σε
605 1748 720 1774 θανάτου
734 1750 748 1774 ὁ
765 1748 830 1780 θεὸς
847 1749 964 1783 ἠλευθέ-

174 1803 254 1828 ρωσε.
273 1794 327 1820 Καὶ
350 1786 438 1820 ταῦτα
454 1794 533 1826 λέξας
545 1814 552 1824 ,
569 1794 677 1830 ἀφανὴς
702 1794 798 1821 ἐκτῶν
813 1795 888 1830 ὲμῶν
903 1795 965 1829 ἐγέ-

173 1848 233 1866 νετο
244 1840 403 1874 ὀφθαλμῶν.

211 1894 220 1909 ι
239 1885 306 1911 Τότε
328 1886 397 1919 μετὰ
409 1886 510 1920 φρίκης
534 1885 634 1920 πολλῆς
658 1885 713 1920 ἐγὼ
734 1886 781 1912 καὶ
809 1886 966 1917 ἐκστάσεως

175 1931 320 1962 ὑποκλίνας
333 1932 382 1966 τὴν
398 1931 518 1967 κεφαλὴν
543 1932 582 1967 τῷ
598 1932 673 1966 φόϐῳ
698 1932 876 1966 κλονούμενος
887 1952 895 1963 ,
919 1932 966 1958 καὶ

175 1977 367 2011 προσκυνήσας
397 1977 426 2002 τὸ
442 1977 519 2010 ἆγιον
543 1976 650 2010 ἔδαφος,
680 1978 708 2003 ὲν
734 1973 810 2011 ᾧπερ
835 1977 859 2002 οί
887 1975 966 2006 πόδες

173 2022 268 2048 τούτου
283 2021 469 2057 προσήγγιζον
481 2029 488 2036 ·
505 2021 553 2047 τοῦ
570 2022 650 2056 ὅρους
665 2021 785 2055 ἀπάρας,
798 2022 844 2047 καὶ
856 2020 889 2046 δι’
903 2019 967 2054 ὅλης

173 2068 222 2102 τῆς
238 2068 334 2098 νυκτὸς
350 2068 399 2102 τὴν
427 2068 538 2102 πορείαν
558 2067 625 2102 πρὸς
645 2067 768 2093 τούπίσω
797 2066 966 2100 ποιούμενος,

176 2113 210 2139 δι’
223 2113 322 2146 ὀλίγων
348 2113 461 2147 ἡμερῶν
489 2114 523 2139 τὰ
538 2112 655 2139 ἐνταῦθα
676 2111 842 2144 κατέλαϐον,
855 2111 914 2146 Θεῷ
929 2111 968 2146 τῷ

177 2160 308 2186 σεσωκότι
323 2159 366 2185 διὰ
393 2159 470 2185 τοῦδε
485 2158 532 2185 τοῦ
550 2160 702 2193 σχήματος,
719 2159 744 2184 εί
759 2157 807 2184 καὶ
832 2157 941 2190 ἀνάξιος
954 2157 969 2182 ό

175 2205 301 2236 τιπεινὺς
314 2225 321 2237 ,
336 2205 478 2231 δουλεῦσαι
495 2205 672 2240 προθέμενος.

214 2261 224 2276 ‹
246 2252 301 2278 Καὶ
317 2252 350 2277 σὺ
364 2249 422 2282 οὖν,
436 2251 531 2277 τέκνον
547 2249 700 2285 Κυπριανὲ,
711 2248 873 2284 πειρασμῶν
888 2249 968 2283 ὲπερ-

1016 1667 1067 1694 pus
1084 1659 1200 1685 servas‘Ii
1217 1659 1417 1693 incorruptum,
1436 1667 1485 1686 nec
1507 1658 1580 1692 turpi
1603 1658 1729 1692 passione
1748 1657 1808 1683 ani-

1016 1711 1089 1730 ttutm
1108 1704 1229 1738 polluisti
1245 1722 1253 1735 ,
1282 1703 1384 1731 idcirco
1401 1708 1425 1730 te
1443 1703 1514 1731 Deus
1529 1711 1542 1730 a
1562 1703 1677 1730 terribili
1694 1703 1808 1729 horren-

1019 1750 1109 1784 daque
1127 1750 1290 1777 nrcessitate
1314 1757 1346 1776 ac
1371 1757 1464 1776 amara
1493 1755 1591 1781 mortr,
1606 1750 1755 1776 clementer
1775 1749 1807 1775 li-

1018 1796 1135 1822 beravit.
1152 1795 1187 1822 lis
1200 1803 1264 1822 vero
1273 1795 1364 1828 dictis,
1375 1795 1409 1822 ab
1424 1795 1512 1822 oculis
1534 1796 1601 1822 meis
1617 1795 1738 1822 evanuit.

1055 1894 1064 1910 ‹
1080 1885 1148 1912 Tum
1168 1892 1229 1920 ego,
1249 1885 1363 1912 horrore
1379 1885 1464 1912 multo
1483 1893 1515 1913 ac
1541 1890 1653 1921 stupore
1669 1886 1809 1920 paululum

1017 1930 1154 1958 inclinans
1169 1935 1261 1964 caput,
1288 1935 1359 1958 metu
1387 1932 1514 1965 agitatus,
1541 1932 1715 1966 adoransque
1744 1940 1809 1959 sau-

1017 1982 1090 2004 ctunt
1106 1977 1207 2008 solum,
1231 1977 1256 2003 in
1275 1984 1330 2011 quo
1346 1977 1428 2011 pedes
1445 1978 1506 2011 ejus
1521 1979 1674 2010 stetissent,
1694 1980 1810 2004 descen-

1016 2019 1083 2045 dens
1095 2026 1110 2045 e
1125 2023 1226 2050 monte,
1243 2023 1385 2052 totamque
1409 2024 1516 2046 noctem
1539 2019 1591 2047 iter
1609 2025 1682 2046 retro
1696 2019 1809 2051 faciens,

1018 2064 1113 2099 paucis
1130 2065 1185 2091 huc
1204 2065 1301 2092 diebus
1317 2065 1426 2098 adverti,
1444 2066 1538 2092 animo
1566 2067 1744 2093 constitutum
1761 2066 1811 2093 ha-

1019 2111 1146 2142 bens,ut
1176 2110 1287 2137 humilis
1310 2111 1390 2144 ipse,
1418 2118 1575 2145 quanquam
1593 2112 1730 2146 indignus,
1756 2111 1814 2138 Deo

1018 2156 1064 2190 qui
1081 2156 1186 2183 salvum
1202 2157 1348 2189 ctTecisst-t,
1375 2157 1459 2184 hocce
1476 2157 1568 2184 habitu
1590 2163 1734 2193 suscepto,
1752 2166 1812 2186 ser-

1019 2210 1115 2229 \‘ll‘Cm.

1059 2255 1068 2272 ι
1089 2247 1128 2273 Tu
1144 2253 1210 2281 ergo
1224 2254 1345 2281 quoque,
1363 2246 1399 2273 ﬁli
1413 2247 1565 2282 Cypriane,
1585 2256 1646 2275 cum
1664 2249 1711 2276 tibi
1725 2255 1814 2277 trnta-

177 2298 300 2332 χομὲνων
314 2305 367 2327 σοι,
383 2298 420 2331 μὴ
435 2281 620 2330 σκυθρώπαξέ
632 2304 638 2311 ·
652 2295 710 2322 ἀλλ’
725 2281 856 2330 ἀνδρείως
868 2281 963 2330 ἐγκαρ-

1025 2292 1114 2319 tiones
1144 2293 1364 2327 supervenerint,
1394 2293 1448 2319 noli
1467 2294 1569 2320 tristari
1589 2301 1596 2321 :
1620 2296 1685 2330 quin
1721 2296 1812 2330 potius

177 2342 276 2376 τεριῖλν,
298 2343 343 2367 καὶ
358 2342 388 2367 τὺ
405 2341 455 2375 τῆς
470 2341 649 2376 σωφροσύνης
665 2341 708 2366 ἀεὶ
725 2340 807 2366 καλὸν
821 2339 969 2374 μνηστευό-

180 2395 270 2421 μενος,
283 2386 353 2418 ἕξεις
372 2387 416 2412 τὸν
434 2386 500 2412 Θεὸν
518 2385 674 2421 σύμμαχον,
689 2385 718 2416 ὃς
733 2386 764 2411 οὐ
780 2385 889 2420 παρορᾷ
906 2386 969 2415 τοὺς

178 2434 218 2463 εἰς
243 2433 324 2459 αὑτὸν
348 2432 517 2464 ἐλπίζοντας.
537 2441 546 2457 ι
574 2432 664 2466 Ἦμᾶς
687 2432 715 2458 δὲ
739 2431 842 2462 λοιπὸν,
869 2431 894 2456 εἰ
923 2431 970 2456 καὶ

179 2479 458 2513 παρεκὸατικὼτερόν
487 2486 546 2509 πως
559 2497 566 2510 ,
586 2477 725 2512 ὠφέλιμον
748 2474 832 2502 οὖσαν
853 2477 904 2510 τὴν
928 2476 969 2502 δι-

179 2525 296 2559 ήγησιν,
313 2521 364 2550 ὦδε
382 2526 550 2559 περάναντες
564 2544 572 2556 ,
591 2524 659 2558 πρὸς
682 2523 746 2553 τοὺς
763 2522 870 2554 κοινοὺς
890 2521 970 2557 ἡμῶν

179 2570 304 2606 Ιιατέρας
321 2571 367 2597 τὸν
378 2571 501 2606 κάλαμον
512 2571 668 2605 τρέπωμεν.

217 2616 269 2643 Τοῦ
287 2617 341 2652 γὰρ
354 2617 491 2652 Καίσαρος
507 2616 626 2651 Μιχαὴλ,
643 2615 681 2647 ὡς
697 2615 726 2641 ὲν
740 2616 795 2644 τοῖς
810 2614 930 2646 ἀνώπιν,
947 2615 971 2640 εί

182 2663 228 2689 καὶ
252 2663 349 2697 μικρὸν
367 2662 559 2695 ὑπεξελθόντες
589 2662 759 2697 εἰρήκαμεν,
785 2660 821 2695 μὴ
841 2659 971 2695 ἑλομένου

183 2708 327 2743 σύμμαχον
341 2709 412 2743 ἔχειν
429 2708 460 2734 τὸ
471 2709 570 2743 κράτος
586 2707 635 2742 τῆς
657 2706 774 2737 πίστεως
790 2714 797 2720 ⁸
813 2704 928 2731 τοῦνεκα
943 2705 972 2731 δὲ

181 2754 214 2780 δι’
231 2755 374 2790 ἀγροικίαν
389 2755 492 2789 πολλὴν
504 2755 632 2789 ὠσὰνπερ
648 2753 769 2788 βούλοιτο
794 2753 908 2783 ἕκαστος
927 2751 972 2777 δο-

185 2799 276 2832 ξάζειν
292 2800 469 2831 θεσπεπαντος
486 2799 544 2835 (25)
558 2807 565 2814 ·
583 2799 620 2834 μὴ
644 2798 744 2830 ἐξεῖναι
767 2797 794 2824 δὲ
817 2797 886 2827 ὅλως
908 2797 972 2828 τοὺς

1024 2337 1140 2364 viriliter
1154 2339 1304 2370 sustinens,
1321 2346 1353 2365 ac
1363 2339 1498 2366 castitatis
1512 2340 1611 2366 bonum
1629 2347 1736 2374 semper
1755 2349 1814 2367 am-

1020 2383 1097 2410 biens
1109 2389 1295 2418 appetensque
1308 2404 1314 2416 ,
1334 2383 1418 2410 Deum
1443 2385 1594 2418 adjutoi-etn
1614 2385 1757 2413 habiturus
1770 2394 1814 2417 es,

1020 2431 1066 2465 qui
1083 2438 1137 2456 non
1154 2430 1270 2466 despicit
1285 2435 1428 2464 sperantes
1446 2430 1472 2456 in
1500 2431 1602 2464 ipsum.
1622 2440 1630 2456 ι
1649 2431 1704 2458 Nos
1720 2439 1812 2459 autem

1021 2476 1065 2503 hic
1078 2475 1207 2510 deinceps
1225 2477 1410 2502 narrationem
1419 2476 1526 2509 ejusmo
1539 2476 1566 2506 5i,
1578 2477 1628 2503 etsi
1641 2477 1814 2512 (Iigrt'ssionc

1021 2521 1165 2553 fusiorem,
1176 2521 1269 2548 utilem
1282 2525 1371 2547 tamen
1385 2522 1663 2553 linirntes,calamutn
1673 2529 1813 2550 vertamus

1024 2567 1057 2594 ad
1070 2567 1257 2594 communium
1277 2567 1388 2594 Patrum
1411 2574 1567 2595 nostrorum
1587 2569 1741 2596 historiam.

1059 2612 1127 2640 Cum
1147 2613 1240 2647 itaque
1262 2613 1356 2639 Cmsar
1370 2613 1494 2645 Michael,
1520 2615 1557 2640 uti
1579 2615 1635 2649 jam
1665 2623 1748 2650 supra
1772 2615 1812 2641 di-

1023 2663 1095 2686 ctum
1110 2664 1163 2691 est,
1183 2666 1338 2693 quanquam
1359 2660 1485 2686 nonnihil
1502 2668 1516 2687 a
1543 2662 1683 2696 proposito
1699 2662 1813 2688 diverti-

1024 2713 1097 2737 mus,
1116 2706 1176 2732 ﬁdei
1194 2705 1278 2732 robur
1294 2705 1321 2732 in
1340 2706 1474 2733 auxilium
1491 2706 1593 2734 habere
1607 2707 1766 2740 respuisscl,
1783 2714 1816 2733 ac

1025 2756 1169 2786 propterea
1181 2759 1228 2786 per
1243 2758 1378 2778 summam
1397 2753 1514 2787 agrestis
1526 2752 1610 2779 animi
1626 2752 1816 2785 stoliditatem,

1026 2805 1163 2831 quemque
1183 2804 1231 2832 pro
1245 2798 1322 2824 libito
1335 2805 1386 2825 suo
1410 2799 1511 2826 sentire
1525 2799 1661 2826 sanxisset
1677 2807 1685 2825 :
1702 2799 1817 2825 omnino

765 2841 889 2870 FBANC.
909 2842 1106 2870 COMBEFISII
1119 2843 1233 2870 NOT/E.

219 2891 276 2928 (25)
308 2892 438 2920 \‘idcatur
468 2892 579 2920 Michael
612 2892 706 2920 mitius
736 2891 801 2926 quid
830 2891 938 2924 dicere;
958 2891 1088 2919 nimirum
1113 2893 1269 2927 prohibitus
1294 2897 1401 2921 tantum
1426 2899 1519 2921 sacras
1541 2891 1675 2928 imagines
1695 2893 1722 2921 in
1747 2893 1817 2922 urbe
