2077 3157
194 175 243 208 901

760 176 849 207 VITA
869 177 900 208 S.
918 176 1073 208 NICOLAI
1091 178 1276 209 STUDlTA’E.

1771 183 1826 213 90:!

195 233 256 259 κατ’
275 231 372 266 ἐκείνῳ
386 231 424 266 τῷ
436 231 524 268 καιρῷ
539 231 585 258 δύο
597 233 744 268 φωστῆρας
766 232 805 264 ὡς
824 234 899 268 ἡμᾶς
916 234 983 260 ἁνα-

1038 234 1106 262 siam
1131 243 1206 263 sana:
1230 235 1362 263 doctrinm
1382 235 1534 270 fulgoribus
1551 236 1731 271 illustrantia,
1757 247 1826 274 quos

194 278 346 310 τείλαντας,
362 278 408 304 καὶ
423 277 472 313 τὴν
484 278 531 304 τοῦ
544 278 661 313 Χριστοῦ
680 279 842 315 Ἐκκλησίαν
854 281 914 310 ταῖς
931 279 986 305 τῶν

195 325 339 359 δογμάτων
360 325 452 350 ἀκτῖσι
480 324 777 361 καταπυρσεύσαντας,
803 326 868 355 τοὺς
893 326 986 360 θεοφο-

198 379 260 405 ρους
278 370 403 405 Πατέρας
420 370 481 396 καθ’
498 371 572 405 ἡμᾶς
598 372 826 406 χρηματίζοντας,
849 372 986 407 Θεόδωρόν

195 417 225 444 τέ
243 426 314 452 φημι
337 418 383 444 καὶ
397 417 537 452 Θεοφάνην
555 418 618 449 τοὺς
634 418 816 452 αὺταδέλςρους
831 418 880 453 τὴν
895 419 985 452 φύσιν,

196 464 276 499 ειπερ
287 463 319 499 δὴ
335 463 381 490 καὶ
393 463 442 498 τὴν
455 463 547 490 πίστιν
557 464 720 499 ὁμαίμονας,
740 465 831 490 οὐτοσὶ
842 466 856 491 ὁ
870 467 926 497 τοῖς
938 465 984 501 Ερ-

197 519 254 544 γοις
271 510 338 536 Θεὸν
364 510 453 544 φιλεῖν
479 510 698 545 ἐξαρνούμενος,
730 513 777 538 καὶ
811 511 986 547 παρωνύμως

196 557 325 592 Θεόφιλος
349 557 621 592 προσαγορευόμενος
633 576 640 588 ,
658 557 702 583 διὰ
722 558 752 583 τὸ
769 559 932 592 προσκυνεῖν
957 558 986 583 ὲν

196 602 285 628 εἰκοσι
306 602 436 637 Χριστὸν,
459 603 506 628 καὶ
517 603 612 628 τοῦτον
633 602 815 635 σεδάζεσθαι,
846 603 986 638 κρατήσας

196 647 309 680 αὐτοὺς,
342 647 413 681 μετὰ
441 647 542 679 πολλὰς
564 648 613 679 τὰς
634 647 784 682 βασάνους,
809 648 912 675 τούτων
938 648 986 680 τὰς

196 693 274 727 ὃψεις
285 692 424 724 δυσσεϐῶς
442 692 600 727 ἐνεκόλαψε,
613 693 661 719 καὶ
677 693 751 725 ξένον
766 693 804 728 τῷ
815 694 910 729 κόσμῳ
929 702 986 720 κοι-

197 739 242 765 νὶν
253 738 408 774 ἀνθρώποις
421 739 597 773 προύτέοεικε
610 738 733 774 θέατρον.

233 785 300 811 Τότε
322 785 354 820 δὴ
369 786 416 811 καὶ
432 785 478 812 τὸν
500 785 635 820 ἡμέτερον
649 786 758 820 Πατέρα
772 785 906 812 Νικόλαον
918 805 926 817 ,
943 784 988 811 διὰ

196 831 246 867 τὴν
262 826 466 866 ὲτιικρατοῦσαν
483 831 664 866 σκοτόμαιναν
678 832 728 866 τῆς
744 832 892 867 αἱρέσεως,
904 831 987 858 τόπον

196 879 228 904 ὲκ
245 878 329 904 τόπου
354 878 596 913 κατατρυχόμενον
609 897 616 910 ,
635 879 705 913 γυνή
723 887 765 909 τις
784 878 898 914 εὐσεϐὴς
921 887 986 905 κατ-

196 922 350 958 αθρήσασα,
365 922 412 949 καὶ
429 923 467 953 ὡς
479 922 548 957 ἄλλη
566 923 737 958 Σουναμίτης
755 922 827 949 κατὰ
842 923 887 949 τὸν
898 923 985 957 μέγαν

204 968 358 995 Ἐλισσαῖον
375 968 565 1003 ξεναγωγῆσαι
578 967 673 995 τοῦτον
684 968 832 1003 θελήσασα,
846 968 876 995 οὐ
890 970 985 1004 πόρρω

196 1014 243 1040 τοῦ
258 1014 355 1045 ἄστεος
367 1014 434 1049 πρὸς
451 1013 485 1040 τὰ
501 1013 621 1049 Θρᾳκῷα
635 1014 707 1049 μέρη
726 1014 828 1049 ἦσυχον
846 1014 916 1041 πάνυ
939 1023 986 1041 κε-

196 1060 320 1095 κτημένη
337 1059 501 1094 προάστειον
514 1079 522 1091 ,
539 1060 672 1094 προσάγει
697 1059 777 1086 τοῦτο
799 1058 846 1085 τοῦ
868 1059 985 1094 Χριστοῦ

196 1105 235 1140 τῷ
248 1107 403 1141 θεράποντι,
419 1106 591 1141 φιρωνύμως
606 1106 823 1141 ἐφαρμοσαμένη
844 1107 876 1140 τῇ
891 1106 985 1141 κλήσει

196 1151 235 1187 τῷ
251 1152 394 1187 πράγματι
413 1151 467 1188 [Ισ.
482 1152 513 1178 τὸ
532 1152 671 1188 πρᾶγμα].
699 1152 745 1178 ml.
772 1151 873 1187 μεστὴν
895 1152 986 1183 ἐλέους

196 1197 282 1232 αὐτῷ,
293 1198 379 1232 δῶρον
392 1198 429 1230 ὼς
447 1199 530 1233 μέγα,
551 1199 601 1232 τὴν
611 1198 739 1233 εἰρήνην,
766 1197 862 1233 ὥσπερ
883 1197 914 1232 δὴ
939 1199 987 1225 καὶ

196 1244 310 1279 Εἰρήνη,
329 1244 399 1279 μετὰ
419 1246 467 1270 καὶ
486 1243 533 1270 τοῦ
551 1245 692 1279 κτήματος
718 1244 914 1279 ὲμπαράξασα.
931 1245 987 1270 Κά-

197 1292 271 1316 κείσε
283 1290 372 1316 τοίνυν
389 1289 519 1325 διέτριϐε,
535 1290 583 1320 τὰς
601 1291 656 1316 τῶν
673 1290 821 1325 αἱρετικῶν
837 1290 921 1322 λαϐὰς
934 1291 987 1324 ὑφ-

196 1335 345 1369 ορὺμενος.
362 1332 418 1361 Εἶθ’
432 1335 545 1369 ὕστερον
562 1335 638 1362 τοῦτο
651 1337 684 1370 τῇ
700 1335 798 1362 ἑαυτοῦ
816 1337 884 1370 μονῇ
903 1343 987 1370 προσ‹

197 1379 330 1414 εκύρωσε,
345 1381 394 1415 τὴν
421 1381 581 1415 ἐπωνυμίαν
596 1381 678 1416 φέρον
692 1381 741 1415 τῆς
754 1381 858 1415 Φίρμου
871 1381 985 1412 πόλεως.

232 1425 363 1460 Θεοφίλου
389 1425 417 1452 δὲ
450 1425 672 1460 τελευτήσαντος,
707 1427 754 1452 καὶ
778 1425 916 1460 δυστυχῶς
948 1425 987 1460 τῷ

196 1471 293 1507 τύμϐῳ
303 1472 448 1505 καταξίαν,
461 1472 498 1504 ὡς
508 1470 596 1507 οἶμαι,
608 1474 834 1508 συμπεριγραφὲν
847 1472 930 1507 αὐτῷ,
941 1473 987 1498 καὶ

195 1518 226 1544 τὰ
244 1518 293 1553 τῆς
306 1518 449 1554 αἱρέσεως,
468 1518 515 1544 καὶ
537 1518 678 1554 Θεοδώρας
690 1519 737 1553 τῆς
761 1518 844 1545 αὐτοῦ
866 1519 987 1554 φιλοχρί-

198 1573 262 1590 στου
280 1564 409 1591 συνεύνου
425 1565 473 1591 σὺν
493 1564 532 1599 τῷ
560 1564 610 1600 υἱῷ
636 1565 746 1599 Μιχαὴλ
770 1565 867 1600 κομιδῇ
882 1565 934 1600 νέῳ
953 1565 987 1591 τὰ

196 1611 250 1636 τῶν
262 1609 406 1645 Ῥωμαίων
412 1610 602 1646 κατασχούσης
610 1611 745 1646 βασίλεια,
754 1611 801 1638 καὶ
815 1611 917 1638 Ἰαννοῦ
929 1611 985 1647 (27)

195 1655 399 1686 τοῦδυσσεὸοὖς
410 1676 417 1688 ,
431 1656 574 1692 προοίμιον
587 1657 637 1691 τῆς
653 1657 764 1683 αἰωνίου
780 1657 857 1691 δίκης
874 1658 922 1692 τὴν
942 1658 986 1683 ὲν-

196 1701 283 1728 ταῦθα
301 1701 356 1727 τῶν
380 1701 461 1728 θείων
484 1702 703 1736 κληρωσαμένου
729 1703 909 1733 ἀπόπτωσιν,
940 1702 987 1728 καὶ

196 1745 328 1772 Ιῖεθοδίου
345 1745 392 1772 τοῦ
417 1745 535 1780 μεγάλου
558 1746 608 1780 τῆς
631 1746 837 1781 ἀρχιερωσύνης
864 1748 986 1781 ἀμπεχο-

198 1792 279 1826 μένου
293 1793 357 1823 τοὺς
369 1791 477 1823 οἴακας,
489 1792 625 1827 συνδρομῇ
640 1792 694 1818 τῶν
707 1791 844 1827 θεοφόρων
857 1793 986 1828 Πατέρων

197 1838 309 1871 γέγονεν
324 1838 341 1873 ἡ
357 1837 406 1872 τῆς
431 1837 588 1872 ὀρθοδοξίας
601 1838 767 1873 πανήγυρις,
782 1838 889 1872 αἰθρίας
900 1846 985 1864 κατα-

196 1883 332 1918 λαϐούσης
343 1884 394 1918 ἤδη
415 1884 448 1910 τὰ
471 1884 590 1919 πέρατα,
609 1884 655 1910 καὶ
681 1884 805 1918 ἀστέρων
823 1883 912 1918 δίκην,
931 1883 985 1909 τῶν

197 1929 315 1963 Χριστοῦ
329 1929 515 1964 ὀμολογητῶν,
531 1929 604 1956 ἅπαν
617 1929 646 1955 τὸ
658 1929 709 1965 τῆς
723 1929 886 1964 Ἐκκλησίας
903 1937 986 1955 xam-

196 1975 381 2009 κοσμούντων.

231 2021 298 2047 Τότε
306 2021 338 2056 δὴ
350 2021 397 2047 καὶ
407 2021 420 2048 ὁ
431 2021 520 2052 κοινὸς
533 2020 610 2056 ἡμῶν
627 2020 721 2056 Πατὴρ
736 2021 783 2048 καὶ
803 2020 849 2047 τοῦ
866 2021 984 2056 Χριστοῦ

196 2070 323 2106 θεράπων
348 2070 533 2105 Ναυκράτιος,
548 2070 598 2104 τῆς
623 2069 733 2105 ἐξορίας
769 2070 890 2104 ἀπάρας,
918 2079 984 2096 κατ-

197 2117 276 2144 άλαϐε
301 2117 330 2143 τὸ
360 2116 517 2148 Βυζάντιον,
539 2116 588 2142 καὶ
611 2116 679 2151 πρὸς
701 2116 750 2150 τῆς
774 2115 909 2150 βασιλίδος
924 2116 986 2143 κατ’

196 2163 274 2195 ἀξίαν
282 2162 336 2188 τῶν
347 2162 446 2194 ἄθλων,
463 2162 510 2188 καὶ
525 2162 571 2188 ὑπ’
584 2161 667 2188 αὑτοῦ
680 2161 727 2188 τοῦ
741 2161 904 2198 ἀρχιερέως,
917 2162 985 2197 μετὰ

197 2209 297 2243 πολλῆς
307 2209 355 2243 τῆς
370 2209 455 2244 τιμῆς
478 2208 629 2243 είσδεχθεὶς
646 2209 660 2234 ὸ
679 2208 814 2244 ἀοίδιμος,
835 2209 983 2244 παρακλήα

1040 280 1124 306 nostri
1140 287 1155 307 a
1174 280 1229 307 Deo
1253 280 1358 308 amatos
1381 287 1414 308 ac
1442 281 1550 307 divinos
1576 280 1672 308 Patres
1696 283 1826 312 vocitant.

1038 324 1222 357 Theodorum,
1237 327 1361 361 inquam,
1374 333 1407 353 ac
1421 325 1614 361 Theophanem
1631 348 1637 355 .
1655 333 1752 354 natura
1769 327 1824 354 fra-

1038 375 1101 402 tres,
1121 370 1255 405 siquidem
1269 371 1350 398 etiam
1371 371 1424 398 ﬁde
1442 372 1565 406 germani
1584 378 1673 402 erant,
1688 373 1732 400 ille
1742 373 1826 400 Deum

1037 422 1130 442 amare
1144 415 1271 450 operibus
1289 423 1408 450 negans,
1425 424 1583 451 quanquam
1601 417 1672 444 nuda
1688 417 1752 444 hinc
1780 419 1827 445 de-

1039 460 1226 488 nominatione
1247 460 1414 496 Theophilus
1429 462 1638 497 appellabatur;
1660 464 1733 498 quod
1747 464 1827 491 Chri-

1037 511 1109 534 stum
1126 507 1153 534 in
1164 507 1330 542 imaginibus
1343 507 1476 541 colerem,
1487 516 1607 544 eumque
1620 515 1826 543 venerarentur,

1038 557 1144 584 tenens,
1161 557 1225 588 post.
1248 553 1333 580 multa
1351 557 1499 586 tormenta,
1512 562 1607 582 eorum
1624 555 1707 590 impie
1723 556 1826 582 inscul-

1038 606 1104 633 peus
1127 598 1236 631 faciem,
1260 607 1362 626 novum
1377 599 1553 634 insuit-nsque
1567 608 1711 628 commune
1737 601 1827 628 Immi-

1037 643 1119 670 nihus
1142 644 1327 676 spectaculum
1358 643 1488 670 traduxit.

1072 779 1149 807 Tunc
1166 788 1276 815 quoque
1293 789 1354 808 cum
1376 782 1421 816 pia
1445 781 1570 817 quaedam
1594 783 1693 810 mulier
1718 780 1826 811 Patrem

1037 830 1162 853 nostrum
1179 826 1322 854 Nicolaum
1335 848 1342 860 ,
1369 833 1480 862 propter
1495 828 1662 856 obtinentem
1681 830 1826 858 obscuram

1038 879 1129 906 pravae
1142 872 1253 900 haeresis
1267 877 1386 904 noctem.
1403 875 1500 901 crebra
1529 875 1652 902 locorum
1677 877 1827 904 mutatione

1037 918 1107 945 male
1117 918 1198 945 atteri
1214 918 1329 952 videret,
1347 919 1484 955 velletque
1500 925 1628 955 tanquam
1652 921 1707 948 alia
1733 922 1825 949 Suna-

1036 964 1112 991 mitis
1129 965 1155 991 in
1172 965 1264 999 magni
1278 964 1368 992 Elistei
1397 965 1523 999 modum,
1545 966 1666 1001 hospitio
1691 967 1826 1001 recipere,

1036 1010 1108 1038 haud
1122 1012 1217 1046 procul
1235 1012 1270 1038 ab
1293 1012 1360 1038 urbe
1372 1031 1380 1043 ,
1400 1013 1434 1039 ad
1450 1012 1575 1040 Thracia:
1596 1017 1706 1048 partes.
1727 1013 1828 1041 subur-

1036 1056 1111 1083 bium
1128 1057 1210 1092 plane
1224 1065 1239 1084 a
1257 1058 1346 1085 turbis
1361 1063 1498 1086 semotum
1521 1058 1637 1092 habens,
1660 1059 1724 1087 illud
1750 1060 1830 1087 on‘ert

1035 1101 1137 1130 Christi
1156 1103 1270 1136 famulo,
1284 1111 1341 1131 rem
1361 1104 1411 1132 rite
1425 1112 1473 1138 pro
1486 1105 1605 1132 nominis
1620 1106 1727 1133 ratione
1737 1107 1829 1141 appel-

1035 1147 1130 1175 latiotti
1156 1149 1375 1180 accommodans.
1387 1150 1498 1184 plenum
1523 1151 1712 1178 misericordia
1726 1160 1829 1179 munus

1035 1201 1119 1229 quam
1138 1202 1279 1230 magnum,
1296 1203 1390 1230 pacem
1408 1197 1550 1228 nimirum.
1569 1197 1607 1224 uti
1619 1205 1634 1225 a
1659 1206 1727 1233 pace
1752 1199 1830 1226 lrene

1036 1240 1120 1272 dicta,
1137 1247 1191 1267 una
1209 1247 1272 1268 cum
1297 1241 1473 1276 possessione
1490 1243 1628 1277 praebens.
1660 1244 1719 1271 Illic
1738 1244 1830 1279 itaque

1036 1286 1195 1314 demoratus
1214 1291 1266 1318 est,
1288 1287 1479 1315 haereticorum
1497 1288 1613 1316 insidias
1625 1289 1735 1316 timens.
1755 1291 1831 1318 νωι-

1037 1332 1149 1359 modum
1172 1341 1236 1360 vero
1255 1341 1306 1361 suo
1329 1334 1395 1361 illud
1429 1335 1599 1362 monasterio
1614 1335 1721 1363 firmata
1743 1336 1830 1363 dona-

1037 1379 1113 1405 tione
1133 1378 1253 1413 adjecit,
1278 1378 1454 1414 Phirmipolis
1485 1381 1694 1415 appellationem
1714 1382 1827 1410 habens.

1074 1423 1124 1451 Ubi
1138 1432 1222 1459 porro
1236 1424 1403 1459 Theophilus
1420 1425 1557 1460 jamdicm
1576 1426 1700 1460 ohiisset,
1721 1434 1830 1462 unoqxe

1037 1471 1137 1498 misere
1153 1471 1275 1504 tumulo,
1295 1471 1407 1500 Ita-rc5ls
1422 1473 1523 1506 pariter
1553 1473 1661 1506 merito,
1676 1473 1748 1507 quod
1771 1474 1831 1500 oxi-

1038 1516 1129 1548 stimo.
1145 1517 1352 1552 circumscripta
1365 1522 1448 1550 esset,
1472 1525 1504 1544 ac
1523 1517 1624 1544 Christi
1649 1525 1746 1546 amans
1761 1526 1830 1546 uxor

1038 1563 1097 1597 ejus
1114 1561 1259 1590 'l‘heodora
1277 1570 1338 1590 rum
1357 1563 1412 1590 lilio
1424 1563 1555 1591 lllichaele
1568 1564 1717 1592 admodum
1728 1565 1830 1599 juvene

1042 1609 1157 1636 Romani
1194 1609 1302 1644 imperii
1333 1616 1424 1636 arcem
1461 1610 1649 1645 suscepisset;
1674 1611 1831 1647 impiusque

1038 1654 1153 1687 Jannes,
1169 1662 1219 1681 ceu
1234 1655 1364 1689 pra:ludio
1380 1656 1498 1690 quodam
1511 1661 1620 1684 aeterna
1643 1657 1770 1690 ultionis,
1787 1658 1832 1686 hic

1039 1709 1149 1736 quoque
1164 1701 1367 1737 abdicationem
1381 1709 1395 1728 a
1407 1702 1511 1729 divinis
1528 1703 1643 1731 sortitus
1655 1710 1729 1732 esset
1742 1713 1750 1738 ;
1771 1713 1831 1732 ma-

1040 1756 1165 1783 gnusque
1180 1747 1336 1775 Methodins
1351 1748 1480 1776 Ecclesiae
1496 1749 1682 1784 gubernacula
1709 1751 1830 1786 pontifex

1039 1795 1186 1824 ohtineret.
1202 1802 1216 1821 a
1234 1794 1289 1821 Deo
1308 1794 1407 1822 alllatis
1421 1794 1547 1822 Patribus
1562 1796 1588 1822 in
1607 1804 1690 1824 unum
1706 1797 1830 1825 coeunti-

1040 1839 1112 1871 bus,
1139 1838 1247 1865 initium
1272 1839 1368 1866 habuit
1392 1839 1562 1866 orthodoxim
1587 1840 1748 1872 celebritas,
1766 1848 1830 1868 cum

1039 1884 1181 1919 orbisjam
1204 1885 1272 1912 ﬁnes
1297 1885 1432 1912 serenitas
1450 1885 1576 1918 haberet,
1592 1885 1751 1921 Christique
1765 1895 1831 1914 con-

1041 1930 1159 1958 fessores
1176 1930 1250 1958 velut
1268 1930 1354 1958 stellae
1383 1931 1508 1965 quaedam
1527 1931 1685 1958 universum
1703 1931 1831 1959 Ecclesiae

1039 1975 1240 2002 ﬁrmamentum
1256 1975 1389 2003 illustrius
1403 1980 1544 2003 amarent.

1074 2021 1150 2049 Tunc
1176 2022 1255 2056 plane
1280 2022 1363 2048 etiam
1381 2021 1537 2049 communis
1560 2021 1642 2050 Pater
1672 2026 1768 2049 noster
1796 2029 1828 2049 ac

1039 2067 1140 2096 Christi
1158 2067 1278 2095 famulus
1295 2067 1461 2094 Naucratius
1474 2067 1510 2095 ab
1526 2067 1609 2095 exilio
1624 2068 1743 2100 rediens,
1755 2069 1831 2096 venit

1039 2113 1210 2148 Byzantium,
1224 2120 1329 2147 proque
1345 2112 1528 2140 certaminum
1543 2114 1652 2146 merito,
1668 2115 1753 2140 multo
1764 2121 1827 2141 cum

1039 2159 1145 2187 honore
1176 2159 1210 2186 ab
1241 2159 1414 2194 imperatrice
1435 2159 1549 2195 ipsoque
1582 2160 1737 2194 patriarcha
1765 2167 1828 2187 sus-

1039 2212 1136 2242 ceptus
1153 2207 1195 2234 vir
1221 2207 1349 2242 inclytus,
1366 2213 1462 2234 eorum
1480 2213 1587 2250 rpgatu,
1606 2214 1693 2234 sacrze
1713 2207 1827 2234 fratrum

198 2263 238 2282 σει
256 2255 369 2287 τούτων,
380 2255 431 2290 τῆς
453 2255 513 2282 κατ’
543 2256 624 2281 αὐτὸν
648 2255 725 2290 ἱερᾶς
742 2254 923 2289 ἀδελφότητος
946 2255 984 2285 είς

1039 2253 1192 2281 sodalitatis
1207 2253 1233 2279 in
1255 2260 1340 2279 unum
1357 2257 1423 2280 tunc
1449 2258 1631 2288 congregatae,
1644 2254 1669 2280 in
1688 2253 1827 2281 venerabio

196 2300 279 2327 ταὺτὸ
296 2299 476 2334 συνελθούσης
491 2300 552 2327 τότε
563 2301 592 2326 ὲν
604 2302 638 2336 τῇ
652 2300 824 2336 εὐαγεστάτῃ
838 2300 892 2327 τῶν
906 2301 988 2330 Στου-

197 2345 254 2372 δίου
282 2347 362 2381 μονῇ,
375 2345 425 2380 τὴν
457 2345 546 2381 ἀρχὴν
572 2345 814 2381 προσλαμὸάνεται
832 2354 838 2361 ·
855 2346 944 2381 ἥνπερ
973 2346 988 2372 ὁ

199 2392 284 2427 μέγας
299 2392 447 2426 Θεόδωρος,
463 2392 556 2423 πόνοις
577 2392 687 2423 πολλοῖς
718 2391 814 2428 πρώην
844 2392 986 2428 ὲκθρέψας

197 2438 342 2474 ίπλήθυνε,
358 2438 405 2465 καὶ
417 2438 462 2464 τὸν
473 2438 608 2473 χιλιοστὺν
620 2438 739 2474 ἀριθμὸν
753 2438 916 2473 ἐξισωθῆναι
935 2447 982 2473 μι-

197 2484 263 2520 κροῦ
275 2484 330 2511 δεῖν
344 2485 394 2519 τὴν
410 2483 517 2519 πληθὺν
530 2484 728 2512 κατεσκεύασε.
745 2485 801 2511 Καὶ
815 2482 848 2519 ἦν
862 2484 939 2515 αὖθις
954 2483 985 2510 τὸ

196 2530 243 2557 τοῦ
268 2530 388 2566 Χριστοῦ
411 2530 537 2566 ποίμνιον
557 2530 694 2563 νεοθαλὲς,
708 2529 804 2565 ὥσπερ
825 2539 867 2562 τις
892 2531 984 2566 παρά-

1037 2299 1145 2327 ltssimo
1159 2299 1250 2326 Studii
1276 2299 1453 2331 monasterio,
1472 2299 1662 2334 praefecturam
1678 2301 1800 2335 suscepit
1819 2309 1824 2327 :

1036 2354 1119 2381 quam
1147 2347 1256 2381 quidem
1285 2353 1403 2381 magnus
1430 2345 1592 2373 Theodorus
1624 2346 1718 2374 multis
1742 2354 1826 2382 nuper

1036 2392 1177 2420 laboribus
1195 2392 1337 2420 enutriens
1360 2393 1566 2427 adaugensque,
1583 2392 1616 2420 ad
1642 2393 1826 2421 millenarinm

1038 2438 1094 2466 fere
1121 2446 1267 2465 numerum
1286 2443 1458 2473 provexerat.
1488 2438 1606 2474 Eratque
1631 2447 1729 2467 rursus
1758 2448 1829 2468 novo

1038 2485 1131 2520 vigore
1164 2490 1288 2520 vegetum
1324 2484 1426 2512 Christi
1464 2485 1530 2512 illud
1559 2486 1647 2517 ovile.
1669 2487 1743 2514 velut
1770 2487 1830 2514 cni-

1038 2531 1100 2558 dam
1131 2531 1257 2566 paradiso
1284 2531 1385 2564 simile,
1402 2532 1502 2559 multas
1528 2532 1660 2560 virtutum
1688 2541 1775 2566 rosas,
1796 2542 1829 2561 ac

827 2602 951 2630 FRANC.
965 2602 1160 2630 COMBEFISII
1178 2601 1295 2630 NOT/E.

198 2677 246 2702 rit.
268 2675 392 2703 Fuerunt
403 2682 469 2710 ergo
486 2675 572 2702 sancti
586 2674 691 2710 Grapti,
708 2682 739 2702 ac
752 2675 845 2703 vultus
862 2675 991 2709 insculpti

197 2711 390 2744 confessores,
423 2718 476 2737 non
510 2709 653 2742 Moabitae,
675 2711 729 2746 sed
759 2709 987 2746 llierosolymitaa,

199 2747 382 2780 undecunque
409 2747 518 2773 tandem
551 2753 645 2773 eorum
675 2745 988 2782 llierosolymisigcnus

199 2785 288 2808 satum
305 2786 389 2808 esset.
850 2801 857 2809 κ

234 2816 292 2851 (2'!)
311 2816 363 2842 Alii
383 2815 518 2843 Joannem
549 2816 684 2844 scribunt.
708 2815 800 2844 POSsit
829 2821 926 2845 auctor
952 2818 987 2845 ita

198 2859 297 2878 nomen
325 2852 496 2883 immutasse,
523 2852 659 2878 allusione
684 2851 718 2878 ad
746 2852 880 2879 celebrem
911 2854 986 2880 illurn

197 2894 306 2921 magum
324 2886 488 2920 Pharaonis,
503 2894 583 2920 quem
599 2886 700 2914 Paulus
717 2885 802 2922 Moysi
815 2890 985 2916 contrarium

1046 2681 1244 2703 commemorat
1259 2675 1280 2702 ll
1298 2675 1419 2703 Timoth.
1435 2684 1476 2707 ιιι,
1509 2677 1587 2711 cujus
1604 2677 1647 2704 hic
1671 2676 1826 2711 pseudopa-

1041 2711 1171 2742 triarcha,
1191 2718 1287 2746 magus
1304 2712 1360 2746 ipse
1378 2719 1410 2738 ac
1434 2711 1605 2739 facinorosus
1624 2713 1715 2743 homo,
1737 2711 1826 2738 studsa

1039 2751 1203 2773 sectaretur.
1224 2746 1252 2773 ln
1270 2747 1347 2773 illmn
1373 2747 1449 2781 plura
1466 2754 1562 2774 aucwr
1579 2748 1699 2774 historiae
1715 2747 1824 2773 ἱηςιίιιι-

1039 2781 1122 2808 tionis
1137 2781 1191 2808 diei
1208 2781 1270 2809 festi
1287 2781 1464 2809 Ortltodoxim
1484 2782 1627 2808 Dontinica
1645 2783 1732 2815 prima
1748 2781 1823 2815 Jeju-

1038 2817 1158 2852 niorum,
1169 2824 1250 2851 quem
1261 2817 1369 2844 damus.
1377 2816 1414 2844 De
1425 2817 1486 2852 ejus
1496 2817 1666 2844 abdicatione
1675 2820 1702 2843 et
1711 2816 1826 2844 suffecto

1038 2851 1068 2878 ὃ.
1095 2851 1243 2914 Μὲἳὲκιίο,
1280 2852 1378 2880 Baron.
1408 2851 1445 2880 ex’
1468 2851 1632 2887 Theophane
1666 2853 1827 2888 presbytero

1038 2895 1101 2914 ann.
1176 2906 1183 2914 .

1037 2895 1101 2914 ann.
1120 2895 1183 2914 σοι.
