2077 3157
213 169 267 200 905

774 169 861 199 VlTA
881 169 911 198 s.
934 168 1087 198 NICOLAI
1104 154 1289 200 srubrrzs.

1782 171 1836 202 906

210 226 260 260 τῆς
276 225 389 253 οἱασοῦν
404 225 582 260 λιπαινούσης
606 225 708 260 τροφῆς
734 225 763 251 ἐν
790 226 932 260 πλησμονῇ
950 234 996 260 γα-

1054 226 1130 260 panis
1141 245 1155 258 ,.
1179 231 1227 254 aut
1247 227 1320 259 vini,
1350 231 1397 254 aut
1417 227 1541 262 cujusvis
1567 227 1680 255 alterius
1710 228 1764 255 cibi
1788 229 1857 266 qui_

210 273 291 309 στρὺς
309 273 473 309 γεγένημαι.

249 366 351 393 Τοῦτον
379 367 441 402 flag.
463 367 564 403 τούτῳ]
579 367 670 395 τοίνυν
683 368 752 403 πρὸς
779 368 826 395 τοῦ
847 369 999 404 ἀρχιερέως

210 412 376 447 καταλείψας
391 413 423 439 τὸ
442 413 579 449 ποίμνιον,
600 414 614 440 ό
630 414 760 446 πανόσιος
777 415 857 447 αὐτὸς
872 416 998 448 ἐξελθὼν,

210 459 240 484 ἐν
255 458 293 493 τῷ
308 459 494 494 προρῥηθέντι
509 460 675 495 καταγωγίῳ
691 461 740 495 τῆς
761 462 866 496 Φίρμου
894 463 1000 494 πόλεως

209 503 366 534 ἐκαθέζετο.
384 504 483 531 "Hosto
493 505 548 539 γὰρ
563 505 602 540 τῷ
615 506 702 540 τόπῳ,
723 506 769 532 τὸν
779 507 882 542 τρόπον
899 508 1000 543 μᾶλλον

209 549 250 582 δι’,
272 548 357 585 οὗπερ
384 552 398 577 ὁ
423 552 505 582 τόπος
528 554 675 587 κατασχεῖν
699 553 887 588 ἐπειγόμενος.
921 554 999 581 Ἀλλὰ

208 594 257 621 τοῦ
274 596 398 631 ἀοιδίμου
423 597 578 631 Σωφρονίου
593 598 684 630 καλῶς
698 599 749 633 τὴν
765 599 848 634 μονὴν
873 601 919 626 ἐπὶ
937 602 1001 627 τέσ-

209 649 299 675 σαρας
320 643 434 677 χρόνους
456 643 637 678 αὐξήσαντος,
655 645 703 670 καὶ
734 645 818 680 γέρας
848 647 897 681 τῆς
923 648 1001 682 ἀγχι-

208 688 283 718 νοίας
294 689 341 723 τὴν
355 689 538 724 ἀγαθοεργίαν
566 690 850 726 καταπλουτήσαντος,
865 693 911 718 καὶ
921 694 999 728 τρίτῃ

208 734 255 760 τοῦ
278 735 435 770 Νοεμϐρίου
452 735 520 770 πρὸς
543 736 646 771 Κύριον
665 736 887 772 ἐκδημήσαντος,
903 739 929 764 οἱ
944 739 999 765 τῶν

209 780 335 814 μοναχῶν
355 781 538 816 φιλοπάτορες
557 783 650 808 οὐκέτι
666 783 772 817 στέγειν
789 784 934 818 δυνάμενοι
949 786 999 820 τὴν

207 826 256 851 τοῦ
268 826 342 852 ὁσίου
353 826 502 859 διάζευξιν,
515 828 583 863 πρὸς
596 828 626 854 τὸ
638 829 736 855 οἰκεῖον
744 830 817 864 αὐτῷ
826 832 875 865 τῆς
885 831 999 866 ἡσυχίας

208 871 367 905 ἀπάραντες
383 872 555 907 ἐνδιαίτημα,
577 874 622 900 ἐπὶ
633 874 681 910 τὴν
693 875 778 901 πειθὼ
787 876 836 910 τῆς
856 877 945 911 ἀρχῆς
962 878 1000 908 ὡς

209 915 368 948 φιλότεκνον
397 917 445 942 καὶ
473 916 553 948 αὖθις
584 917 678 945 τοῦτον
700 919 875 952 ἑλκύσαντες,
904 921 933 946 ἑν
960 920 1000 955 τῷ

209 961 384 995 μοναστηρίῳ
414 963 578 997 εἰσήνεγκαν
590 970 598 978 ·
615 963 662 989 καὶ
684 961 718 998 ἦν
744 964 758 990 ό
772 965 867 999 Πατὴρ
879 967 937 997 τοῖς
955 966 1001 992 τέ-

207 1013 282 1036 κνοις
294 1006 356 1032 καθ’
380 1007 500 1043 ἑκάστην
520 1008 780 1044 ἐπευφραινόμενος.

243 1052 394 1086 Τοιγαροῦν
424 1054 472 1088 τῆς
497 1054 666 1088 φερωνύμως
699 1055 736 1086 ὡς
767 1055 853 1090 δῶρον
883 1057 916 1091 τῇ
951 1056 999 1083 τοῦ

208 1097 328 1132 Χριστοῦ
345 1097 494 1133 Ἐκκλησία
507 1100 736 1135 παρασχεοείσης,
752 1101 801 1136 τῆς
812 1101 997 1137 φιλοχρίστου,

208 1142 291 1176 φημὶ,
306 1145 352 1169 καὶ
363 1144 549 1176 πανευσεϐοὖς
574 1145 727 1179 βασιλίδος,
744 1146 797 1173 ὑπὸ
821 1146 930 1182 Μιχαὴλ
953 1146 1000 1173 τοῦ

209 1189 309 1223 ἑαυτῆς
321 1189 379 1215 υἱοῦ
395 1190 446 1225 ἠδη
461 1190 555 1217 λοιπὸν
568 1190 603 1217 τὰ
618 1192 668 1227 τῆς
687 1192 848 1227 νηπιότητος
861 1193 999 1220 ὲπαποθε-

209 1234 291 1268 μένου
302 1235 483 1270 ψελλίσματα.
498 1237 553 1262 τῶν
570 1237 730 1272 ἀνακτόρων
752 1238 858 1265 ἐκεῖθεν
884 1247 997 1265 κατενε-

210 1280 332 1315 χθείσης,
349 1281 428 1316 κακῷ
451 1282 597 1318 συμϐούλῳ
619 1283 720 1318 δηλαδὴ
737 1284 828 1320 Βάρδᾳ
843 1285 882 1320 τῷ
898 1286 999 1320 ἑαυτῆς

209 1327 317 1363 ἀδελφῷ
332 1329 347 1354 ὁ
372 1329 431 1360 νέος
455 1329 524 1361 ἄναξ
537 1331 727 1369 χρησάμενος,
756 1332 803 1358 καὶ
824 1333 886 1358 κατ’
914 1332 998 1366 ἄμφω

209 1372 266 1398 τῶν
276 1372 322 1398 δύο
333 1393 340 1405 ,
351 1372 400 1408 τὴν
415 1373 632 1409 αὑτοκρατορίαν
642 1376 767 1410 ὁὲτερος,
785 1376 799 1402 ὁ
813 1376 841 1402 δὲ
863 1376 913 1411 τὴν
931 1377 998 1403 Καί-

208 1428 293 1454 σαρος
307 1419 389 1455 τιμὴν
404 1420 473 1455 πρὸς
489 1421 604 1452 ἑαυτοὺς
617 1422 819 1456 ἀμφεπὸμενοι,
833 1423 864 1448 οὐ
883 1423 994 1458 μικρδν,

208 1465 245 1496 ὡς
261 1465 310 1491 οὐκ
321 1465 416 1500 ᾤοντο,
432 1466 481 1501 τὴν
497 1466 557 1492 κατ’
568 1466 691 1502 ἀλλήλων
702 1467 757 1493 τῶν
775 1468 893 1502 γνωμῶν
907 1468 997 1494 ἐντεῦ-

209 1510 256 1536 θεν
275 1510 315 1545 τῷ
332 1511 445 1546 ὑπηκόῳ
466 1511 599 1546 σύγχυσιν
612 1514 831 1547 κατειργάσαντο
846 1522 852 1527 ·
869 1514 933 1546 τοὺς
947 1516 995 1541 τοῦ

208 1556 275 1583 Θεοῦ
290 1557 388 1592 νόμους
406 1557 450 1591 ἐφ’
464 1558 578 1589 ἑαυτοὺς
592 1558 818 1593 καθυϐρίσαντες.

1016 904 1035 930 Β

250 1604 280 1630 'U
295 1605 344 1639 μὲν
357 1604 412 1639 γὰρ
427 1605 499 1638 αῐρει
516 1604 566 1639 τὴν
588 1604 674 1640 ὀφρῦν
696 1605 766 1631 κατὰ
781 1605 830 1639 τῆς
847 1605 948 1640 μητρός
962 1613 967 1619 '
983 1606 996 1632 ὁ
1011 1596 1031 1625 C

207 1649 246 1682 δὲ,
263 1650 331 1684 πρὸς
348 1650 445 1685 τούτῳ,
463 1650 510 1676 καὶ
532 1650 572 1681 είς
597 1650 682 1684 αὐτὴν
698 1650 747 1684 τὴν
770 1650 851 1683 φύσιν
872 1651 995 1685 ἐξήμαρ-

206 1703 263 1727 τεν,
283 1695 352 1731 ὑπὲρ
363 1695 412 1730 τὴν
431 1695 514 1730 φύσιν
527 1695 577 1730 τὴν
606 1695 707 1730 πρᾶξιν
726 1695 870 1730 σχεδιάσας
884 1695 934 1730 τῆς
947 1695 997 1730 φύ-

209 1749 287 1772 σεως.
301 1742 373 1776 Ὅρα
389 1742 442 1777 γὰρ
457 1742 488 1768 τὸ
498 1742 637 1776 ἐσόμενον.
653 1742 731 1768 Κατὰ
743 1742 798 1776 γὰρ
810 1741 860 1776 τῆς
873 1741 921 1768 τοῦ
937 1741 996 1768 υἱοῦ

208 1787 302 1822 κοίτης
321 1788 335 1814 ό
360 1788 470 1822 Καῖσαρ
496 1787 602 1822 Βάρδας
622 1787 789 1822 παρανόμως
817 1787 961 1821 ἑπιμανεὶς
983 1789 997 1814 ὁ

206 1833 475 1868 ταλαίπωρος,ξένος
491 1834 618 1865 σύνευνος
634 1833 703 1867 πρὸς
718 1834 750 1868 τῇ
764 1833 816 1868 [δίᾳ
829 1833 933 1869 νύμφῃ,
947 1835 994 1860 καὶ

207 1879 363 1913 ἐτερόμοιον
385 1879 482 1913 ζεῦγος
507 1879 564 1914 (‘28)
593 1878 789 1914 ὲκόακχευθεὶς
814 1879 992 1914 ὲγνωρίζετο.

249 1926 278 1952 ’0
307 1925 354 1953 οὖν
374 1926 421 1952 τοῦ
447 1925 515 1952 Θεοῦ
537 1925 694 1961 ἀρχιερεὺς,
723 1925 836 1951 καὶτοῦ
863 1925 994 1960 θεοφόρου

206 1971 360 2006 ἐπώνυμος,
376 1972 412 2003 ὡς
427 1969 482 1998 οἷόν
501 1980 529 1997 τε
548 1972 623 1998 τουτί
639 1972 669 1997 τὸ
683 1971 776 2005 δρᾶμα
794 1963 994 2006 διορθώσασθαί

206 2017 445 2052 προμηθούμενος,
461 2017 492 2044 οὒ
502 2017 687 2051 διελίμπανεν,
707 2016 801 2052 ὥσπερ
815 2017 848 2051 δὴ
866 2017 913 2043 τοῦ
927 2016 995 2043 Θεοῦ

208 2064 300 2098 νόμος,
314 2062 570 2098 ὐπο[μι]μνήσκων,
587 2062 755 2098 παρακαλῶν
768 2083 775 2094 ,
790 2062 923 2089 νουθετῶν
940 2071 946 2078 ·
964 2062 996 2089 ἐκ

205 2109 308 2135 τούτων
340 2109 459 2141 ἐλπίζων
483 2110 533 2144 τὴν
560 2109 681 2144 ἐκκοπὴν
702 2108 748 2135 τοῦ
765 2108 867 2143 μύσους
886 2108 995 2140 πάντως

206 2155 382 2190 γενήσεσθαι.
399 2156 469 2182 Ἀλλ’
480 2156 493 2182 ὁ
505 2156 554 2190 τῆς
566 2157 724 2191 παρανόμου
739 2155 838 2190 μίξεως
858 2155 929 2189 ἔρως
944 2155 994 2182 οὐκ

205 2203 247 2227 eia
278 2201 324 2227 τὸν
346 2201 462 2227 ἐλεεινὸν
489 2202 626 2236 ἀνανῆψαι
652 2202 682 2227 τὸ
711 2201 830 2228 σύνολον.
850 2201 923 2236 Πλὴν
956 2200 994 2232 ὡς

1053 273 1222 307 impinguare
1235 273 1331 307 possil.
1341 280 1400 300 eam
1412 274 1591 308 quantitatem
1603 274 1763 309 sumpsisse,
1777 283 1838 308 qua:

1052 319 1139 345 ventri
1154 319 1290 353 explendo
1305 325 1389 347 esset.

1088 362 1158 391 Huic
1178 371 1244 399 ergo
1261 365 1288 391 in
1311 365 1455 399 praesentia
1479 365 1619 400 pontiﬁcis
1633 366 1729 394 relicto
1747 374 1838 402 grege,

1051 409 1147 437 exiens
1160 410 1202 437 vir
1215 412 1417 442 sanctissimus,
1435 412 1462 439 in
1478 412 1594 447 praefato
1613 413 1716 441 resedit
1730 412 1839 440 Firmo-

1052 455 1122 490 polis
1139 455 1269 490 hospitio.
1281 456 1388 492 Quippe
1404 458 1455 484 loci
1472 465 1534 485 eum
1553 458 1699 485 delectatio
1715 459 1836 491 tenebat,

1052 508 1113 528 cum
1127 501 1182 534 ille,
1198 510 1287 530 mores
1303 504 1396 538 potius
1408 512 1525 538 quorum
1541 512 1624 532 causa
1647 505 1725 532 locus
1749 506 1840 532 studio

1051 550 1134 578 esset,
1151 547 1263 581 adipisci
1288 548 1474 576 contenderet.
1491 549 1627 576 Catterum
1653 550 1699 576 ubi
1724 549 1842 586 inclytus

1053 590 1226 625 Sophronias
1241 592 1321 620 annis
1346 599 1465 628 quatuor
1483 595 1613 627 praeclare
1642 596 1839 623 monasterium

1051 636 1186 670 auxisset,
1199 645 1231 664 ac
1251 638 1370 666 solertiae
1394 640 1547 674 prtumium,
1565 641 1699 668 bonorum
1726 649 1839 676 operum

1051 682 1160 710 divitias
1184 690 1349 711 consecutus
1379 690 1477 718 esset,
1502 686 1601 721 dieque
1626 688 1705 715 tertia
1737 688 1841 715 mensis

1050 727 1214 756 Novembris
1234 729 1267 756 ad
1283 730 1426 757 Dominum
1447 731 1602 766 migrassct,
1614 732 1703 760 Patris
1718 739 1841 760 amantes

1053 775 1190 807 monachi,
1218 783 1280 802 cum
1310 777 1379 803 ultra
1405 776 1497 804 Sancti
1526 778 1677 806 absentiam
1699 779 1771 807 ferre
1787 787 1841 806 non

1052 825 1174 854 possent,
1192 822 1333 856 proprium
1351 823 1411 855 ejus
1424 823 1524 858 quietis
1538 824 1689 859 hospitium
1707 829 1840 859 petentes,

1051 874 1170 901 eumque
1188 875 1283 895 rursus
1302 873 1429 903 tanquam
1447 870 1565 896 filiorum
1582 876 1720 898 amantem
1734 871 1767 898 ad
1785 879 1842 898 sus~

1051 913 1203 946 cipiendam
1220 914 1412 948 praefecturam
1429 921 1569 950 cogentes.
1584 916 1618 943 ad
1641 918 1839 945 monasterium

1051 959 1205 988 duxerunt:
1225 961 1304 995 isque
1329 961 1438 989 interitu
1472 967 1584 997 paterna
1610 963 1710 998 pietate
1727 964 1753 991 in
1778 964 1841 992 ﬁliis

1051 1005 1174 1040 quotidie
1186 1005 1341 1034 lzetabatur.

1085 1050 1155 1078 Cum
1169 1051 1260 1086 itaque
1270 1052 1348 1087 juxta
1363 1053 1482 1081 nominis
1506 1054 1642 1082 rationem
1659 1055 1762 1083 Christi
1780 1064 1841 1083 mtt-

1051 1105 1103 1125 nus
1130 1098 1197 1125 illud
1227 1097 1357 1126 Ecclesiae.
1377 1107 1558 1133 concessum,
1584 1100 1694 1134 Christi,
1713 1102 1838 1136 inquam,

1051 1149 1158 1174 ainans,
1167 1151 1199 1170 ac
1206 1144 1415 1178 religiosissima
1423 1145 1580 1179 imperatrix
1591 1166 1599 1177 .
1610 1154 1624 1173 a
1632 1146 1764 1174 Michaele
1774 1147 1839 1180 lilio,

1053 1187 1098 1216 ubi
1113 1188 1168 1223 jam
1191 1188 1238 1216 ille
1257 1189 1379 1217 infantia:
1391 1190 1541 1218 balbutiem
1556 1191 1711 1226 abjecisset.
1728 1193 1762 1219 ab
1776 1193 1839 1220 aula

1050 1234 1155 1268 dejecta
1180 1240 1267 1268 esset;
1284 1243 1346 1262 cum
1368 1236 1498 1262 nimirum
1515 1245 1602 1264 novus
1618 1238 1766 1272 imperator
1781 1247 1840 1266 ηια-

1050 1280 1105 1306 lum
1126 1281 1314 1308 consiliarium
1337 1281 1451 1309 Bardam
1482 1282 1633 1310 Theodora:
1655 1284 1766 1311 fratrem
1787 1286 1839 1312 sibi

1049 1326 1228 1359 adhibuisset,
1258 1328 1395 1362 amboque
1421 1329 1458 1355 ita
1489 1336 1575 1363 remp.
1593 1330 1663 1357 inter
1691 1339 1720 1358 se
1748 1334 1838 1366 partiti

1048 1375 1150 1404 essent,
1169 1377 1197 1398 ut
1208 1372 1276 1398 alter
1292 1373 1449 1406 imperium,
1468 1373 1538 1400 alter
1553 1373 1669 1401 Caesaris
1684 1375 1734 1401 sibi
1753 1376 1839 1402 houo-

1050 1425 1107 1444 rem
1121 1417 1294 1451 vcndicarct;
1309 1425 1363 1444 non
1377 1418 1504 1453 exiguam
1521 1419 1585 1446 inde
1601 1421 1727 1454 subjecto
1739 1422 1839 1456 populo

1048 1464 1219 1491 voluntatum
1240 1464 1266 1490 in
1284 1464 1401 1492 invicem
1426 1465 1629 1498 confusionem,
1644 1475 1697 1501 qua
1719 1475 1773 1494 non
1792 1476 1838 1502 pu-

1049 1511 1143 1538 tabant
1169 1511 1285 1544 ratione,
1301 1512 1328 1538 in
1349 1519 1378 1539 se
1393 1511 1445 1547 ipsi
1468 1512 1574 1540 divinas
1590 1512 1666 1548 leges
1685 1513 1832 1547 violantes,

1049 1556 1183 1583 fecerunt.

1085 1601 1131 1628 llle
1158 1602 1294 1637 siquidem
1315 1603 1491 1638 supercilium
1506 1604 1576 1632 tollit
1590 1605 1617 1631 in
1639 1609 1771 1638 matrem,
1793 1607 1838 1633 hic

1050 1651 1180 1681 praeterea
1192 1649 1219 1674 in
1232 1649 1317 1682 ipsam
1332 1656 1440 1684 quoque
1454 1654 1578 1676 naturam
1588 1651 1721 1684 peccavit,
1733 1656 1838 1678 natura:

1049 1694 1185 1721 actionem
1213 1699 1314 1722 temere
1340 1703 1478 1730 usurpans
1498 1700 1593 1723 contra
1613 1701 1750 1724 naturam.
1769 1697 1837 1726 Vide

1048 1740 1120 1766 enim
1146 1740 1210 1774 quid
1235 1746 1387 1776 gereretur.
1405 1741 1551 1774 Nimirum,
1566 1742 1732 1770 miserabilis
1746 1743 1837 1771 Caesar

1049 1785 1162 1818 Bardus,
1179 1788 1311 1815 adversus
1336 1788 1383 1815 ﬁlii
1409 1788 1518 1816 thorum
1547 1790 1662 1816 sceleste
1683 1789 1835 1822 insaniens,

1049 1840 1136 1860 n0vus
1153 1834 1251 1866 conjux
1268 1842 1329 1861 cum
1347 1835 1458 1870 propria
1476 1836 1750 1872 spousa,jugumque
1764 1839 1836 1865 alte-

1050 1879 1107 1905 rius
1123 1879 1222 1907 similis
1236 1887 1267 1906 ac
1284 1880 1331 1906 ﬁlii
1348 1882 1512 1914 perturbans
1524 1883 1699 1909 nosrehatur.

1083 1924 1129 1951 Dei
1153 1932 1218 1959 ergo
1241 1925 1373 1959 pontifex,
1402 1931 1484 1961 atque
1519 1935 1534 1954 a
1563 1927 1681 1958 Deifero,
1724 1937 1834 1963 magno,

1047 1970 1169 2004 inquam,
1185 1970 1300 2004 lgnatio,
1313 1979 1411 1999 nomen
1427 1972 1529 1999 habens
1551 1973 1576 1999 id
1604 1973 1736 2000 facinoris
1752 1982 1835 2008 quam

1047 2015 1105 2042 ﬁeri
1121 2022 1224 2050 posset,
1234 2017 1373 2052 corrigere
1387 2018 1512 2052 studens,
1528 2023 1670 2051 constans,
1687 2027 1719 2047 ex
1735 2020 1835 2047 divina:

1047 2062 1114 2096 legis
1129 2063 1288 2097 pmscripto
1301 2063 1584 2098 jugiteradmouebat,
1601 2065 1775 2098 obsecrabat,
1795 2066 1837 2092 iti-

1046 2110 1175 2143 crcpahat
1183 2109 1217 2142 ’°,
1228 2117 1342 2144 sperans
1355 2109 1411 2137 fore
1424 2114 1453 2137 ut
1463 2118 1495 2137 ea
1508 2111 1614 2138 ratione
1624 2112 1835 2139 scelusomniuo

1046 2154 1264 2182 exseinderetur.
1300 2154 1377 2182 llaud
1401 2155 1474 2182 enim
1510 2164 1574 2183 vero
1605 2156 1706 2190 iniqu
1732 2157 1836 2191 copul:c

1047 2207 1126 2227 amor
1137 2199 1287 2234 quidquam
1311 2201 1439 2228 tuiserttm
1460 2201 1493 2227 ad
1520 2201 1625 2236 frugem
1637 2202 1776 2228 meliorem
1793 2210 1836 2229 re-

204 2245 257 2272 εἷδε
283 2247 457 2281 ἐκκεκυφότα
484 2248 540 2283 (29)
572 2247 618 2274 τὸν
632 2247 733 2280 ἄθλιον,
750 2247 797 2273 καὶ
824 2245 918 2273 δοῦλον
944 2246 992 2280 τῆς

1048 2245 1104 2273 dire
1117 2246 1234 2274 sinebat.
1249 2246 1384 2274 Caeterum
1401 2246 1448 2272 tibi
1460 2253 1536 2273 sacer
1554 2247 1676 2281 pontifex
1692 2247 1831 2274 hominem

240 2325 262 2341 ¹⁰
275 2326 295 2352 ll
310 2325 379 2352 Tim.
402 2333 438 2356 tv,
454 2325 481 2352 2.

790 2361 913 2412 FRANC.
926 2383 1120 2412 COMBEFlSll
1136 2384 1251 2412 NOT/E.

240 2454 297 2490 (28)
308 2454 368 2481 Vox
389 2454 488 2486 rarior,
503 2453 549 2481 sed
564 2462 618 2488 qua
635 2454 753 2481 maxima
770 2454 816 2481 ﬁlii
834 2454 865 2481 ad
882 2459 987 2488 patrem
1039 2453 1191 2488 pertinacia
1211 2454 1326 2480 notavit.
1347 2453 1428 2481 Forte
1448 2455 1512 2489 quia
1527 2463 1613 2483 senos
1629 2459 1687 2483 toto
1700 2455 1756 2490 jam
1773 2465 1836 2485 cor-

204 2490 377 2518 neccssitudo
394 2490 464 2516 bene
479 2489 660 2522 exprimatur,
681 2490 727 2524 qui
744 2490 780 2515 sit
793 2490 861 2516 alter
875 2497 989 2523 prorsus

202 2525 312 2555 similis,
326 2532 357 2551 ac
370 2525 444 2551 velut
463 2524 530 2550 alter
542 2524 610 2558 ipso,
629 2532 710 2558 quarti
733 2524 907 2551 incestuosus
925 2524 990 2550 Bar-

203 2561 253 2588 das
266 2560 496 2586 necessitudinem
514 2559 634 2593 pessimo
647 2560 772 2593 exemplo
787 2559 900 2587 violaus.
915 2558 990 2593 justo

202 2596 261 2623 zelo
271 2595 305 2621 ab
319 2594 423 2629 lgnatio
435 2599 576 2627 correptus
587 2600 685 2633 est,_a_c
698 2594 807 2633 tandem
821 2594 990 2633 proscriptus

201 2639 217 2657 a
234 2630 354 2657 fidelium
371 2635 461 2662 cortu;
489 2634 585 2664 negata
603 2629 710 2663 publice
729 2629 839 2662 publico
856 2629 992 2663 peccatoii

201 2673 280 2692 sacra
307 2665 486 2696 eueharistia,
508 2672 666 2698 quanquam
697 2664 782 2691 sciret
806 2664 848 2690 vir
865 2668 991 2694 sanctus,

204 2705 307 2735 quanta
325 2700 388 2726 inde
404 2700 520 2726 creanda
535 2700 573 2725 illi
598 2700 686 2726 forent
700 2699 782 2725 tnala.
800 2699 866 2735 Erat.
886 2699 991 2733 utique,

200 2734 248 2769 qui
263 2743 315 2761 non
328 2735 447 2761 animam
459 2742 547 2763 suam,
559 2742 586 2761 sc
597 2735 786 2769 pretiosiorem
802 2734 922 2765 faceret;
943 2742 994 2760 nec

201 2771 272 2797 forte
290 2778 400 2801 eorum,
426 2769 473 2808 qui
497 2769 570 2803 gravi
604 2770 698 2804 aliquo
730 2774 822 2808 metu,
840 2769 989 2808 lpubliculn

201 2810 375 2838 peccatorem
387 2805 494 2838 publice
503 2809 636 2838 petentem
650 2804 829 2831 sacramentis
840 2804 989 2838 impertire,

201 2840 274 2867 haud
292 2840 419 2866 illicitum
436 2839 544 2865 sccluso
561 2840 692 2866 seandalo
704 2840 882 2866 arbitrantur.

238 2875 294 2911 39)
325 2874 362 2901 Ita
389 2874 531 2908 Aristoph.
557 2874 583 2900 in
608 2874 706 2910 Vespis,
724 2875 799 2902 κάτω
821 2875 946 2906 κύπτειν,
963 2874 990 2900 in

323 2922 459 2952 PATROL.
478 2923 535 2952 Ca.
553 2923 614 2954 CV.

1043 2496 1109 2523 pore
1125 2489 1239 2526 incurvi,
1259 2497 1301 2526 eo_
1314 2490 1422 2526 soleant
1446 2498 1508 2517 esse
1530 2491 1620 2525 genio,
1654 2496 1684 2518 ut
1702 2489 1834 2526 propositi

1043 2524 1277 2561 tenacioresrsiut.
1294 2523 1434 2561 Illustrant
1450 2526 1502 2552 ista
1521 2523 1553 2552 ea
1568 2534 1629 2559 qua:
1654 2523 1768 2561 scripsit
1791 2527 1838 2554 Ni—

1042 2564 1117 2585 cetas
1134 2559 1160 2585 in
1178 2558 1237 2585 Vita
1259 2560 1367 2593 lguatii,
1386 2560 1425 2586 uti
1454 2564 1481 2586 et
1498 2560 1548 2587 ista
1569 2558 1620 2588 illis
1648 2558 1834 2589 illustrantur.

1043 2594 1165 2620 Annotat
1179 2595 1224 2620 ille
1243 2595 1325 2625 diem,
1344 2602 1399 2629 quo
1413 2595 1514 2622 Bardas
1534 2604 1593 2622 eam
1611 2597 1645 2622 ab
1667 2597 1774 2631 lgualio
1793 2605 1836 2623 rc-

1045 2630 1150 2665 pulsam
1163 2637 1262 2663 passus
1282 2636 1334 2662 est,
1370 2637 1466 2664 nctnpe
1492 2630 1706 2665 Epiphaniorum
1721 2651 1728 2662 ,
1754 2631 1833 2664 cujus

1045 2664 1238 2697 antiquissima
1259 2665 1354 2699 religio
1374 2669 1427 2696 est,
1443 2670 1471 2691 nt
1494 2664 1537 2692 vix
1556 2666 1731 2693 Christianus
1746 2666 1831 2693 liabe-

1045 2703 1133 2730 retur,
1151 2699 1197 2732 qui
1219 2700 1306 2726 sacris
1322 2700 1542 2727 Christianorum
1565 2702 1616 2728 sub
1638 2702 1670 2728 iis
1691 2700 1832 2728 solemniis

1047 2741 1100 2760 non
1126 2733 1294 2761 interesset:
1322 2735 1365 2761 cui
1381 2735 1418 2761 rei
1435 2741 1597 2768 argumento
1620 2740 1682 2768 est,
1704 2736 1776 2768 qttod
1804 2736 1833 2762 in

1046 2767 1170 2801 Valente,
1193 2769 1275 2803 inque
1297 2769 1405 2796 Juliano
1422 2767 1554 2804 Augusto,
1580 2771 1665 2798 altero
1689 2767 1832 2803 Gaisareaa,

1045 2804 1131 2839 altero
1151 2804 1177 2830 in
1194 2804 1299 2836 Galliis,
1325 2804 1540 2839 Epiphaniormn
1567 2813 1646 2832 sacro
1670 2805 1714 2832 die
1739 2811 1830 2833 actum

1046 2838 1194 2875 estrQuod
1205 2840 1242 2866 ita
1258 2840 1286 2867 S.
1303 2838 1424 2874 lguatius
1438 2839 1548 2875 Martyr.
1567 2848 1598 2867 ac
1610 2840 1706 2867 tertius
1723 2849 1736 2867 a
1749 2840 1833 2868 Petro

1045 2874 1235 2903 Antiochenus
1260 2875 1417 2911 cpiscopus,
1436 2875 1495 2901 κατ’
1510 2874 1622 2912 ἐξοχὴν,
1642 2883 1674 2902 ac
1699 2877 1831 2911 prculiari

1625 2922 1665 2952 29
