2077 3157
281 163 332 194 907

998 155 1171 194 ANONYM'I

1850 167 1897 199 908

281 219 450 248 obstinatum
467 218 593 251 vidisset,
609 225 642 245 ac
663 221 785 245 extrema
801 218 874 246 linea
891 219 994 254 peccati
1011 227 1067 247 ser-

1123 221 1262 256 ἀμαρτίας
1281 221 1320 252 είς
1335 220 1411 252 τέλος
1439 221 1590 256 γινόμενον,
1607 220 1696 256 εἴργει
1718 220 1772 247 τῶν
1787 221 1834 257 τῆς
1854 225 1896 250 ὲκ-

280 274 356 298 vum,
369 269 443 292 arcet
458 264 586 299 deinceps
604 265 637 291 ab
657 263 780 292 ecclesia:
797 265 884 292 sacris
913 265 1065 298 liminibus,

281 313 350 338 hanc
365 311 388 338 ei
409 315 541 345 praestans
559 308 763 336 emendationis
793 309 949 336 materiam.
961 309 996 336 At
1011 310 1066 343 ille,

280 358 320 384 ira
334 356 434 391 pariter
449 363 481 382 ac
492 354 643 388 cupiditate
661 354 750 381 aliene
768 361 783 380 a
806 354 914 381 ratione
931 354 1066 387 conﬁxus,

279 402 427 437 potentiam
445 401 472 427 in
490 400 659 435 tyrannidem
673 400 830 434 arrogantia
840 400 920 427 vertit
934 408 940 426 :
956 400 1068 428 univer-

279 455 364 482 seque
376 447 477 481 populo
489 446 648 476 comitante,
663 444 793 477 fremens,
809 453 947 480 sensuque
959 446 1068 473 excelso

279 493 408 528 tctnplum
426 492 591 527 ingrediens,
605 499 636 519 ac
649 493 805 525 intrasacra
818 492 897 527 adyta
910 496 1066 526 penetrans,

281 539 425 566 horrendis
448 537 586 573 mysteriis
600 537 732 572 impertiri
748 545 761 564 a
775 537 902 572 pontifice
917 537 1066 573 ﬂagitabat.

314 585 350 611 At
367 585 411 612 ille
429 585 572 612 retundatur
585 604 593 616 ,
606 591 764 611 sermonum
787 584 934 612 siromaste
955 585 1067 612 sceleris

279 633 317 660 illi
342 632 586 667 reprehensionem
615 631 724 666 publice
748 631 919 666 praetendens
934 652 941 663 ,
971 632 1067 660 mediis

278 679 437 713 praecordiis
455 678 573 713 graviter
588 678 677 705 confix
691 681 710 708 t,
725 685 896 712 vacuumque
907 682 988 712 atque
1000 685 1067 704 con-

279 726 370 752 fusum
389 724 423 751 ab
446 724 561 751 ecclesia
585 723 675 757 ejecit.
693 723 716 750 Is
730 730 792 750 vrro
809 722 901 750 furore
917 724 980 751 totis
997 731 1066 758 pra:-

279 770 379 797 cordiis
405 774 493 801 actus,
525 768 635 795 tandem
661 768 818 802 imperatori
850 769 1010 803 persuadet,
1039 773 1069 795 ut

279 823 408 850 magnum
421 814 554 848 Ignatium
570 821 584 840 a
599 822 647 841 sua
659 814 784 840 deturbet
795 814 875 847 sede;
893 815 966 849 quod
985 815 1068 841 etiam

279 861 351 888 haud
377 861 422 888 diu
438 865 498 895 post
519 859 628 886 accidit.
663 858 732 885 Tum
755 867 830 891 vero,
851 860 940 894 quid?
962 860 1068 894 ignatio

278 907 503 942 pertyrannidcm
513 905 638 940 expulso,
647 905 775 933 Photiunt
784 905 932 940 quemdam
946 906 1065 937 nomine.

278 958 344 979 tunc
368 957 447 987 proto
472 959 487 978 a
513 951 626 978 secretis
653 959 767 978 munere
791 951 963 986 fungentem,
980 952 1067 978 ntulta

276 998 368 1024 virum
394 997 535 1032 religionis
552 1004 584 1023 ac
600 997 721 1023 scientiae
737 995 820 1028 fama,
843 997 968 1032 eligunt:
984 1005 1066 1032 quem

277 1044 369 1071 statim
384 1043 524 1070 detonderi
547 1043 687 1077 jubenles,
701 1043 849 1077 pontificali
866 1044 999 1078 dignitate
1019 1053 1068 1072 su-

278 1089 403 1117 blimant.
421 1088 489 1121 Quid
501 1093 591 1116 autern
618 1089 724 1116 zizania
740 1090 847 1124 singula
871 1097 903 1116 ea
921 1091 1068 1118 occasione

277 1139 373 1164 exorta
388 1135 479 1162 dicere
498 1136 606 1166 attinet,
640 1143 701 1161 cum
727 1135 770 1162 illa
795 1136 914 1163 universi
938 1136 1068 1164 Ecclesiae

277 1181 380 1208 alumni
407 1181 551 1216 perspicua
582 1181 725 1208 habeant?
747 1181 881 1209 Caeterum
919 1183 1066 1217 aptandum

277 1233 468 1263 argumentum
485 1228 588 1262 pastori
606 1232 701 1255 nostro
714 1226 837 1255 Nicolao.

313 1320 362 1352 llic
377 1322 480 1355 itaque,
506 1321 553 1355 qui
570 1327 600 1348 se
616 1327 729 1354 prorsus
749 1319 860 1347 Christo
872 1327 904 1348 ac
935 1321 991 1348 Deo
1006 1322 1065 1356 ,de-

280 1368 414 1399 vovisset,
442 1374 474 1394 ac
488 1366 564 1393 omni
590 1371 668 1401 parte
679 1367 712 1393 ad
740 1366 800 1401 ejus
813 1374 843 1394 se
870 1368 1064 1395 mandatorum

278 1420 404 1440 normam
417 1412 620 1447 composuisset
635 1421 641 1438 :
656 1412 702 1446 qui
719 1412 784 1439 flore
806 1413 896 1447 primo
914 1412 1068 1447 juventutis

280 1459 367 1494 patria
381 1458 473 1485 relicta
482 1458 641 1493 peregrinus
650 1457 738 1485 factus
747 1463 820 1486 esset
831 1460 865 1491 “,
875 1460 978 1494 quique
992 1467 1069 1488 more

279 1506 430 1540 apostolico
456 1504 572 1531 fratrum
595 1503 802 1532 infirmitatibus
814 1505 918 1537 secius,
928 1513 980 1532 una
989 1506 1069 1532 undi-

280 1559 333 1586 que
343 1551 423 1586 aﬂligi
435 1554 555 1585 cnperct,
568 1549 605 1576 uti
619 1554 774 1576 accuratam
790 1550 934 1584 imaginem
948 1558 980 1578 ac
990 1551 1068 1578 simi-

279 1598 412 1630 tudinem,
426 1597 463 1623 ita
477 1601 505 1624 et
518 1596 740 1624 communionem
758 1596 919 1624 invioiatam
937 1605 1065 1631 servans,

276 1643 311 1671 ab
320 1643 412 1677 iniqua
421 1650 451 1669 se
461 1642 704 1676 incompositorum
713 1641 881 1669 conscientia
890 1642 1065 1677 abrumpens,

277 1697 310 1716 ac
330 1689 390 1715 'una
427 1696 490 1715 cum
520 1687 604 1714 fratre
634 1695 650 1714 e
673 1687 840 1715 monasterio
862 1688 1015 1721 dist-edens,
1038 1689 1065 1716 in

275 1734 398 1769 ejusdem
416 1733 534 1767 hospitio
543 1733 667 1768 degebat,
683 1733 755 1768 quod
779 1733 894 1761 Prameti
913 1734 995 1761 situm
1009 1739 1060 1762 est.

277 1780 365 1814 Hujus
394 1779 432 1806 rei
460 1786 555 1814 sparsa
577 1779 661 1811 fama,
689 1787 720 1806 ac
734 1786 796 1806 cum
825 1780 1068 1814 percrebrescente

277 1830 334 1853 toto
349 1825 450 1860 populo
466 1833 587 1857 rumore,
606 1825 685 1852 fidem
703 1825 816 1857 omnino
833 1826 957 1859 haberet,
973 1826 1066 1854 sciens

275 1872 331 1906 jam
355 1871 419 1899 olim
439 1871 533 1898 Ctesar
548 1871 695 1898 sublimem
707 1871 758 1898 viri
776 1871 915 1904 virtutem,
931 1877 1014 1907 utque
1041 1873 1065 1900 is

277 1919 401 1946 otnniutn
423 1925 471 1945 ore
487 1917 691 1948 decantaretur,
704 1922 882 1952 stupcnsque,
904 1926 986 1953 quam
1004 1918 1065 1953 ejus

276 1964 431 1995 dementiae,
447 1964 497 1991 viri
516 1963 604 1991 sancti
621 1963 665 1990 illa
685 1963 829 1996 discchio,
844 1964 1066 1998 redar'gutiOnem

277 2014 391 2037 auctura
419 2013 502 2041 esset,
526 2008 634 2042 imperii
655 2009 727 2035 vires
744 2008 894 2043 detegendo
910 2008 1044 2036 adhibens
1057 2028 1065 2040 ,

277 2056 323 2083 ttbi
348 2056 409 2090 ejus
425 2055 535 2090 hospitii
551 2055 641 2081 locum
660 2054 815 2086 didicisset,
830 2055 924 2082 statim
940 2062 1068 2083 morosus

277 2103 370 2135 homo,
400 2101 628 2136 persuasibilibus
653 2108 812 2128 sermonum
838 2107 952 2129 suorum
967 2101 1068 2134 verbis,

319 2193 339 2207 ἰ’
357 2191 366 2218 I
384 2191 449 2218 Cor.
467 2200 495 2224 ιι,
509 2191 554 2218 ‘29.

1119 267 1235 301 κλησίας
1250 266 1347 298 οὑδῶν,
1367 266 1490 293 ιντεῦοεν
1505 266 1553 301 τὴν
1573 266 1716 300 διόρθωσιν
1735 266 1809 301 αὐτῷ
1833 277 1895 302 προ-

1118 312 1295 347 ϐαλλόμενος.
1331 312 1362 339 Ὀ
1382 312 1411 338 δὲ
1436 311 1476 347 τῷ
1496 312 1575 347 θυμῷ
1598 312 1761 347 παραλόγως
1785 314 1816 348 τῇ
1839 315 1895 341 ἐπι.

1118 358 1204 394 Θυμίᾳ
1215 359 1460 394 συμπεριπείρεται
1472 378 1479 390 ,
1495 359 1542 385 καὶ
1555 359 1604 393 τὴν
1616 358 1776 385 δυναστείαν
1802 360 1840 391 εἰς
1852 370 1892 387 τυ-

1118 405 1229 440 ραννίδα
1242 404 1365 439 σοϐαρῶς
1380 403 1541 439 μετατίθησι
1555 412 1563 419 ·
1581 404 1629 430 καί
1642 404 1780 439 πανδημεὶ
1795 404 1896 440 βρέμων

1117 450 1162 477 τὸν
1177 449 1244 477 νεὼν
1260 449 1430 486 κατειληφὼς
1446 450 1474 476 ὲν
1490 450 1650 485 ὑπερέχοντι
1676 449 1715 485 τῷ
1739 451 1896 487 φρονήματι,

1117 495 1170 522 τῶν
1186 504 1215 522 τε
1229 495 1332 522 ἀδύτων
1348 495 1422 522 ἔνδον
1436 496 1591 530 γενόμενος,
1619 496 1668 530 τὴν
1697 495 1752 522 τῶν
1784 497 1898 531 φρικτῶν

1120 543 1277 577 μυστηρίων
1293 544 1360 577 πρὸς
1375 542 1421 568 τοῦ
1436 542 1588 578 ἀρχιερέως
1603 541 1693 577 ἐξῄτει
1708 541 1865 576 μετάληψιν.

1159 588 1189 615 '0
1203 589 1232 615 δὲ
1247 588 1368 623 ζηλωτὴς
1384 589 1488 620 ἐκεῖνος
1503 588 1543 622 τῷ
1557 587 1724 623 σειρομάστῃ
1742 587 1796 614 τῶν
1816 588 1898 622 λόγων

1118 635 1237 670 δημοσίᾳ
1253 635 1302 670 τῆς
1323 634 1497 669 παρανομίας
1513 634 1589 668 αὐτῷ
1603 633 1747 667 προτείνας
1762 633 1807 659 τδν
1825 633 1897 666 ελεγ-

1119 689 1177 716 χον,
1196 689 1266 707 κατα
1286 680 1373 716 φρένα
1397 680 1491 711 δεινῶς
1509 679 1680 713 ὲξεκέντησε,
1698 679 1745 705 καὶ
1764 678 1841 705 κενὸν
1855 678 1899 705 καὶ

1119 726 1347 761 κατῃσχυμμένον
1377 726 1426 760 τῆς
1458 725 1606 759 ἐκκλησίας
1641 724 1792 760 ἀπήλασεν.
1820 723 1848 750 '0
1873 724 1900 750 δὲ

1121 772 1216 807 μανεὶς
1223 772 1392 806 καταφρένα,
1407 771 1483 802 τέλος
1501 770 1588 797 πείθει
1602 770 1648 796 τὸν
1663 770 1767 797 ἄνακτα
1775 770 1901 796 κατελευ-

1120 817 1218 852 σθῆναι
1244 815 1528 852 [Ιε9.καθαιρεθῆναι]
1547 816 1593 842 τοῦ
1616 816 1712 851 θρόνου
1742 815 1790 841 τὸν
1821 816 1901 850 μέγαν

1126 864 1265 897 Ίγνάτιον,
1277 863 1345 898 ὅπερ
1355 863 1385 889 οὐ
1402 862 1459 897 μετ’
1471 863 1501 888 οὐ
1515 862 1582 888 πολὺ
1595 861 1643 888 καὶ
1654 860 1820 887 συνέϐαινεν.
1841 858 1903 887 Εἶτα

1119 910 1146 936 τί
1155 918 1162 942 ;
1187 909 1307 936 Ἐκεῖνον
1323 909 1492 943 τυραννικῶς
1513 907 1688 940 ὲξωσθέντος,
1699 904 1774 934 οὗτοι
1790 906 1904 943 προϐάλ-

1117 954 1208 982 λονταί
1223 963 1296 986 τινα,
1309 955 1411 981 Φώτιον
1435 954 1485 988 μὲν
1509 954 1782 990 προσαγορευόμενον
1797 960 1902 987 πρωτο-

1118 1003 1259 1037 σηκρήτης
1288 1001 1348 1028 τότε
1377 1001 1557 1036 ὑπάρχοντα,
1579 1000 1622 1026 ἐπ’
1651 999 1782 1034 εὐλαϐείᾳ.
1805 998 1833 1024 δὲ
1859 997 1904 1024 καὶ

1117 1048 1217 1083 γνώσει
1233 1047 1317 1081 πολλῇ
1335 1047 1522 1082 φημιζόμενον
1541 1055 1548 1062 ·
1565 1047 1650 1080 ὅνπερ
1677 1045 1759 1076 εὐθὺς
1783 1046 1903 1078 ἀποκαρ-

1118 1095 1199 1129 θῆναι
1222 1093 1413 1125 κελεύσαντες,
1428 1093 1462 1119 τὰ
1482 1093 1533 1127 τῆς
1547 1091 1757 1128 ἁρχιερωπύνης
1776 1089 1905 1126 πρεσϐεῖα

1119 1138 1367 1174 μεταχειρίζονται.
1386 1138 1440 1164 Καὶ
1462 1137 1489 1163 τί
1516 1137 1548 1164 ἂν
1569 1137 1677 1171 λέγοιμι
1697 1136 1732 1162 τὰ
1749 1135 1811 1162 καθ’
1842 1134 1905 1161 ἐκα-

1119 1193 1183 1212 στον
1195 1184 1321 1211 ὲνειεῦοεν
1334 1183 1489 1217 ἀναφυέντα
1500 1182 1618 1215 ζιζάνια,
1631 1183 1698 1216 δῆλα
1713 1183 1782 1208 πᾶσι
1793 1182 1848 1213 τοῖς
1860 1181 1905 1214 τῆς

1124 1230 1287 1266 Ἐκκλησίας
1305 1229 1451 1264 τροφίμοις
1468 1229 1642 1263 ὑπάρχοντα;
1656 1227 1869 1263 Μεθαρμοστέον
1879 1226 1906 1252 δὲ

1117 1275 1167 1310 τὴν
1182 1275 1311 1301 ὑπόθεσιν
1322 1274 1390 1309 πρὸς
1404 1274 1449 1300 τὸν
1461 1274 1594 1309 ἡμέτερον
1612 1273 1729 1308 ποιμένα
1758 1272 1901 1299 Νικόλαον.

1153 1317 1237 1352 Οὗτος
1262 1320 1353 1346 τοίνυν
1370 1321 1384 1346 ὁ
1399 1319 1437 1354 τῷ
1454 1319 1565 1354 Χριστῷ
1585 1320 1632 1346 καὶ
1651 1319 1711 1353 Θεῷ
1729 1318 1830 1345 ὲαυτδν
1852 1317 1906 1343 ολι-

1118 1366 1175 1398 κῶς
1200 1365 1378 1400 ἀναθέμενος,
1397 1365 1444 1392 καὶ
1471 1364 1638 1400 πανταχόθεν
1656 1365 1717 1395 ταῖς
1730 1363 1816 1390 αὐτοῦ
1837 1365 1908 1389 ἐντο-

1118 1413 1177 1444 λαῖς
1193 1412 1393 1448 ρυθμιζόμενος
1411 1419 1418 1425 ⁸
1433 1412 1447 1437 ὁ
1458 1412 1488 1437 ὲν
1502 1412 1577 1446 ἀκμῇ
1595 1410 1645 1445 τῆς
1656 1411 1787 1445 νεότητος
1811 1409 1906 1444 πάροι-

1119 1467 1166 1490 κος
1185 1458 1309 1493 ὑπάρξας
1330 1457 1378 1484 καὶ
1394 1457 1596 1492 παρεπίδημος,
1609 1458 1657 1483 καὶ
1671 1458 1732 1488 ταῖς
1763 1455 1906 1483 ἀποστολι-

1120 1505 1182 1535 καῖς
1200 1501 1355 1534 ἀάθενείαις
1365 1501 1612 1536 συγκακουχείσθαι
1631 1501 1804 1536 πανταχόθεν
1819 1498 1908 1534 αἱρού-

1083 1560 1104 1590 c
1122 1558 1212 1586 μενος,
1231 1548 1325 1583 ὥσπερ
1339 1549 1369 1575 τὸ
1386 1549 1446 1575 κατ’
1463 1548 1555 1574 είκόνα
1570 1555 1599 1574 τε
1620 1548 1666 1574 καὶ
1678 1547 1826 1582 ὁμοίωσιν,
1840 1545 1907 1571 οὕτω

1121 1597 1174 1623 κὰν
1199 1596 1238 1630 τῷ
1256 1594 1338 1630 κοινῷ
1365 1594 1564 1629 ἀπαράτρωτον
1590 1593 1841 1629 διαφυλαττόμενος
1861 1591 1908 1625 τὴν

1121 1640 1276 1676 ἀκρίϐειαν,
1293 1640 1500 1675 ἀπορῤήγνυσιν
1515 1639 1611 1665 ἑαυτὸν
1636 1638 1686 1673 τῆς
1706 1638 1832 1673 ἀθέσμου
1860 1636 1909 1663 τῶν

1120 1687 1277 1714 ἀσυνθέτων
1304 1686 1450 1717 συνέσεως,
1466 1686 1513 1712 καὶ
1535 1685 1583 1712 σὺν
1605 1684 1644 1719 τῷ
1660 1685 1758 1720 οἰκείῳ
1781 1683 1909 1718 ὁμαίμονι

1119 1733 1169 1769 τῆς
1183 1733 1268 1768 μονῆς
1279 1733 1399 1767 ἀπάρας,
1417 1732 1485 1766 πρὸς
1500 1731 1539 1766 τῷ
1554 1734 1582 1758 ἐν
1607 1731 1755 1766 Πραινέτῳ
1772 1731 1829 1765 (30)
1846 1728 1909 1756 ταύ-

1119 1788 1168 1815 της
1184 1778 1351 1813 καταγωγίῳ
1364 1778 1508 1813 διέτριϐεν.
1521 1778 1565 1809 Ὠς
1575 1777 1604 1804 δὲ
1619 1777 1751 1813 διεϐοήθη
1766 1776 1856 1808 τοῦτο,
1865 1775 1910 1801 καὶ

1119 1826 1242 1861 navarqu
1279 1824 1433 1852 πλατυνθὲν
1473 1825 1624 1851 πάνπιστον
1653 1824 1845 1859 ἐπετύγχανεν
1862 1842 1869 1855 ,
1898 1823 1912 1848 ὁ

1118 1872 1228 1906 Καῖσαρ
1246 1871 1331 1897 πάλαι
1344 1870 1393 1904 τῆς
1407 1871 1453 1897 τοῦ
1467 1870 1563 1906 ἀνδρὸς
1578 1871 1678 1905 ἀρετῆς
1691 1870 1722 1897 τὺ
1742 1870 1847 1906 ὑψηλὸν
1858 1869 1913 1895 htt-

1120 1917 1321 1952 στάμενος,καὶ
1341 1917 1379 1948 ὡς
1390 1918 1419 1943 ἑν
1435 1918 1491 1948 τοῖς
1516 1916 1645 1944 ἁπάντων
1662 1917 1760 1952 ᾄδεται
1785 1917 1911 1950 στόματι.

1120 1961 1351 1997 καταϐροντηοεὶς
1369 1961 1445 1988 ἐνθεν
1460 1963 1500 1994 εἰς
1520 1962 1582 1988 δεον
1602 1962 1677 1996 αὐτῷ
1692 1962 1744 1998 τῆς
1769 1961 1911 1996 παροινίας

1119 2009 1427 2043 ἔπαύξειτδνΐλεγχον,
1442 2009 1492 2044 τὴν
1518 2008 1566 2036 τοῦ
1591 2009 1711 2044 κράτους
1741 2010 1821 2043 ἰσχὺν
1842 2007 1908 2042 πρὸς

1121 2055 1230 2091 εὕρεσιν
1249 2056 1451 2090 χειρισαμενος,
1467 2055 1515 2082 καὶ
1532 2055 1700 2089 καταμαθὼν
1711 2055 1757 2090 ἐφ’
1769 2053 1848 2089 ᾧπερ
1863 2053 1911 2087 ηὑ-

1123 2101 1222 2134 λιζετο,
1233 2103 1266 2137 τῇ
1280 2101 1335 2128 τῶν
1350 2101 1437 2136 λόγων
1448 2101 1544 2128 ἑαυτοῦ
1561 2101 1819 2137 πειθανότητιπρδς
1835 2101 1912 2127 ἑλκυι

873 2235 1000 2263 FRANC.
1011 2235 1204 2264 COMBEFISII
1223 2236 1340 2266 ΝΟΤᾹΣ.

278 2308 384 2345 ratione
407 2307 498 2334 dictus
523 2306 559 2345 sit
585 2306 736 2345 Θεοφόρρί,
758 2306 868 2345 qualem
903 2307 947 2345 hic
970 2312 1066 2334 auctor
1083 2309 1104 2336 D
1120 2308 1220 2335 sitione
1240 2316 1373 2345 manuum
1397 2309 1560 2345 presbyterii
1586 2309 1707 2336 conferri
1727 2314 1848 2345 poterat,
1875 2309 1914 2336 sic

278 2343 413 2374 nominat,
428 2349 489 2368 eam
504 2342 636 2368 rationem
650 2341 739 2368 reddit
751 2343 847 2368 Anast.
862 2349 894 2368 ex
908 2341 1065 2369 Crtecm-um

278 2378 426 2404 traditione
439 2377 466 2403 in
486 2376 559 2403 notis
574 2377 606 2402 ad
624 2384 671 2403 vut
700 2377 810 2410 synod.,
827 2376 901 2411 qttud
918 2377 975 2411 ipse
990 2377 1072 2404 fuerit

279 2413 423 2447 parvulus.
435 2411 669 2447 quemrDotninns
684 2412 781 2447 statuit
800 2411 825 2438 in
843 2412 943 2444 medio,
957 2411 1070 2439 dicens:

282 2445 290 2473 ὲ
307 2447 364 2474 Nisi
383 2445 507 2482 conversi
519 2446 638 2482 fueritis,
655 2445 865 2482 etrelliciamini,
881 2447 952 2482 sicut
963 2447 1072 2482 bicpar-

278 2483 368 2512 vulus,
385 2491 395 2507 ι
409 2487 461 2508 etc.
483 2481 520 2508 De
534 2489 589 2515 qtto
602 2481 711 2508 diliicile
727 2482 798 2515 qttod
809 2482 920 2508 subdit:
939 2481 1072 2508 L'nde'm‘c

278 2517 393 2552 apostoli
407 2517 466 2543 ausi
479 2516 622 2552 [ueritttreh
637 2524 696 2542 cum
709 2520 741 2542 ait
757 2516 885 2543 Ecclesiw
897 2517 1074 2551 prwsulatum-

277 2557 483 2587 prunwveretur,
513 2551 628 2586 amplius
657 2559 751 2578 manus
770 2553 919 2585 imponere;
943 2553 1070 2578 nimirum

277 2597 353 2624 quem
373 2596 417 2614 me
435 2587 489 2624 Dei
503 2588 653 2624 laudatum,
670 2593 693 2624 et
716 2588 799 2624 ipsius
812 2592 895 2624 ductu
913 2588 1069 2624 sprtttctiﬁca-

278 2622 334 2650 tum
351 2623 530 2658 cognoverint.
550 2622 620 2654 Quid
648 2623 720 2650 enim
741 2622 900 2649 Dominicus
914 2622 958 2649 ille
973 2627 1069 2658 conta-

277 2665 339 2686 ctus
354 2656 392 2685 ac_
405 2658 598 2688 sanctificatio,
613 2657 645 2684 ad
656 2658 716 2691 ejus
732 2658 757 2684 in
779 2657 938 2691 episcopum
955 2656 1068 2684 ordina-

278 2695 392 2725 tionem,
417 2698 444 2720 ιιι.
459 2698 486 2720 ιιι
504 2694 560 2727 jam
585 2699 650 2720 tunc
668 2698 742 2720 esset
758 2691 892 2728 lgnatius,
907 2693 980 2728 quod
1003 2699 1069 2726 apo-

277 2730 340 2756 stoli
355 2737 409 2755 nott
427 2729 479 2755 nisi
495 2729 520 2754 in
537 2728 634 2760 Canta,
652 2736 684 2754 ac
704 2727 820 2755 subinde
835 2733 950 2762 accepto
961 2727 1065 2762 Spiritu

278 2769 374 2791 sancto
392 2772 407 2791 a
434 2764 576 2791 horninica
594 2763 806 2794 resurrectione,
827 2762 891 2789 facti
909 2763 994 2789 sunt?
1007 2762 1064 2789 Nisi

279 2800 348 2825 forte
373 2799 424 2826 hoc
442 2799 582 2829 \‘(tlnlttus,
601 2799 776 2825 existimasse
795 2798 934 2831 apostolos
951 2798 991 2824 sic
1015 2797 1064 2824 Do.

280 2834 379 2861 nnnica
406 2842 536 2861 ntanuunt
566 2834 743 2868 impositione
763 2832 1066 2868 sanctificatumrlgna~

280 2869 359 2901 tium,
376 2874 405 2896 ut
421 2878 452 2896 ea
472 2867 613 2904 accepisse
630 2872 802 2901 censeretur,
822 2868 955 2902 quidquid
974 2867 1064 2902 impo-

1125 2348 1215 2379 tamen
1229 2349 1257 2370 ut
1272 2344 1371 2375 oratio,
1387 2351 1420 2371 ac
1435 2351 1517 2378 quam
1531 2344 1655 2379 juniores
1674 2351 1778 2372 vocant
1798 2345 1912 2372 formam

1124 2377 1319 2409 ordinationis,
1341 2379 1452 2406 deberet
1468 2377 1598 2406 accedere
1623 2388 1629 2406 :
1647 2387 1701 2414 qua
1719 2381 1846 2408 adhibita
1870 2387 1915 2414 per

1124 2414 1274 2446 apostolos.
1294 2417 1359 2441 tunc
1375 2414 1485 2441 demum
1510 2413 1599 2441 factus
1615 2413 1797 2449 sit’pontifex
1824 2422 1856 2442 ac
1871 2413 1914 2441 sa-

1123 2449 1443 2489 c_erdos,_quodnprius
1467 2455 1543 2489 erat_
1558 2451 1678 2489 quadam
1705 2454 1816 2489 tanturn
1844 2450 1915 2489 velut

1123 2483 1320 2520 designatione.
1338 2483 1393 2520 rSic
1417 2484 1505 2520 visum
1519 2484 1684 2520 charissima
1698 2485 1854 2520 συμμύει-τῃ
1869 2484 1915 2510 καὶ

1122 2517 1278 2579 gentile
1304 2519 1478 2554 arbitrorqne
1493 2519 1551 2553 ipse
1572 2519 1652 2555 longe
1681 2517 1767 2554 piut'n'
1789 2528 1823 2548 ac
1839 2517 1913 2555 “pro-

1141 2561 1183 2579 an
1215 2572 1222 2579 .

1141 2560 1222 2580 anne.

1157 2588 1215 2623 (50)
1234 2587 1368 2623 Bithyniae
1385 2589 1539 2622 emporium
1555 2594 1607 2621 est,
1628 2589 1738 2616 Socrati
1760 2590 1780 2617 Ι.
1793 2596 1832 2620 vr,
1849 2596 1874 2617 c.
1888 2589 1913 2619 ί.

1120 2630 1135 2660 e
1152 2624 1264 2660 regione
1287 2623 1463 2660 Nicomediae.
1483 2623 1528 2660 illa
1544 2625 1719 2660 er‘IaYLiJ‘Yta,
1735 2627 1810 2660 quae
1832 2625 1914 2651 multa

1121 2658 1279 2685 ittdicantur
1301 2659 1461 2685 monasterii
1481 2658 1667 2692 Stnditarum,
1695 2658 1764 2693 ipsa'
1790 2660 1915 2687 videntur

1120 2700 1182 2726 qua:
1200 2693 1226 2730 in
1243 2694 1318 2720 Actis
1334 2701 1359 2720 vr
1385 2693 1495 2730 synodi
1510 2695 1639 2721 dicuntur
1656 2695 1780 2730 μέτατα’
1804 2702 1914 2730 parum-

1120 2735 1174 2762 que
1188 2729 1285 2756 abesse
1301 2733 1390 2762 putem
1406 2736 1421 2755 a
1441 2729 1515 2755 villis
1531 2730 1796 2761 Cartltusianorum,
1820 2730 1874 2761 vel,
1886 2732 1914 2754 ut

1120 2763 1210 2794 malis,
1229 2764 1263 2790 ab
1283 2763 1402 2796 antiquis
1422 2763 1661 2791 Benedictinornm
1680 2765 1864 2798 prioratibus,
1887 2763 1911 2790 itt

1119 2799 1219 2832 quibus
1243 2799 1320 2832 pauci
1349 2798 1447 2826 fratres
1473 2803 1549 2825 extra
1581 2806 1729 2826 commune
1757 2800 1912 2827 cmnobium

1120 2837 1242 2867 agerent,
1256 2841 1289 2860 ac
1304 2838 1361 2860 tum
1377 2834 1463 2868 quieti
1479 2840 1618 2867 vacarent,
1638 2840 1695 2861 tum
1720 2834 1838 2861 fratrum
1854 2835 1913 2860 rett-

1120 2876 1239 2903 quorum
1255 2876 1287 2896 ac.
1299 2869 1453 2897 communis
1465 2869 1583 2896 etettobii
1597 2870 1706 2904 negotia
1722 2870 1779 2898 illic
1794 2871 1913 2904 agerent.
