2077 3157
187 208 240 240 913

752 208 840 238 VITA
861 208 889 238 S.
910 207 1064 238 NICOLAI
1083 207 1268 238 STUDIT/E.

1760 205 1812 237 91L

186 265 295 298 δέσμιος
307 262 382 290 ἐνθεν
394 262 445 290 om
465 263 511 290 τοῦ
540 263 678 299 Καίσαρος
704 263 773 298 πρὸς
802 265 851 300 τὴν
877 264 974 291 ἑαυτοῦ

1037 265 1112 299 psius
1123 265 1261 292 reducitur
1278 262 1483 293 monasterium.
1494 269 1546 297 prae
1552 261 1662 296 fatoque
1673 261 1706 288 Sa
1713 261 1752 288 ba:
1761 267 1817 288 tra-

191 309 273 343 μονὴν
286 308 461 342 ἐπανάγεται,
476 309 522 335 καὶ
541 308 578 343 τῷ
594 309 776 345 προρῤηθέντι
787 309 861 344 Σάὸᾳ
884 318 975 344 παρα-

187 355 296 387 δοθεὶς,
329 355 494 390 ἐμφρούριος
523 355 768 382 ὲναποκαθίσταται
788 356 834 382 ἐπὶ
865 356 911 382 δύο
927 357 974 390 ἐτη

187 399 365 434 ἀπρονόητος,
385 401 413 425 ὲν
424 400 538 434 τηρήσει
548 400 630 435 πολλῇ
639 401 894 436 διαφυλαττόμενοςι
905 401 976 428 Ἀλλ’

189 445 283 479 ἐπειδὴ
305 447 334 472 αἱ
347 445 406 471 τῶν
419 446 600 479 ἁμαρτωλῶν
612 446 676 473 ὀὸοὶ
690 447 851 479 σκοτειναὶ,
866 447 978 474 καὶούκ

188 490 288 517 οῑδιισι
304 490 364 521 πῶς
377 491 624 524 προσκόπτουσιν
638 500 645 508 ·
663 493 705 519 ἴνα
718 494 778 519 κατ’
808 493 891 527 ἇμςεω
922 495 978 520 τοῖν

187 536 260 562 δυοῖν
280 537 430 571 Καισάροιν
458 537 510 563 ὑπὸ
526 537 572 564 τοῦ
593 538 665 564 ὁσίου
693 539 878 574 προφητευθὲν
902 539 978 571 τέλος

189 582 440 617 προκαταλάϐηται,
456 583 501 609 ἐπὶ
512 584 623 619 Κρήτην
635 586 649 610 ὁ
669 584 735 617 ἄναξ
758 585 867 621 Μιχαὴλ
881 587 928 612 σὺν
939 586 977 621 τῷ

189 629 309 664 Καίσαρι
330 629 401 655 κατὰ
430 629 473 656 τοῦ
497 630 610 665 Ὶσμαὴλ
625 631 870 666 ὲκστρατεύουσιν·
888 632 977 658 ἐκεῖσέ

187 683 218 701 τε
229 676 299 701 κατὰ
312 675 361 709 τὴν
376 675 434 701 ὁδὸν
450 676 629 710 ὲπιμανέντες
644 677 768 711 ἀλλήλοις
785 677 835 712 (55
846 677 866 713 ),
879 679 892 704 ὁ
905 679 977 705 Καῖ-

189 728 242 754 σαρ
270 720 472 752 ἐπιϐουλευθεὶς
497 721 623 754 ἐλεεινῶς
643 724 671 748 ἐν
699 723 821 759 μαχαίρᾳ
849 724 976 759 διαμερι-

190 767 264 797 σοεὶς
278 767 510 801 κατασφάττεται.
536 768 565 794 '0
580 768 607 794 δὲ
633 769 822 803 ὑποστρέψας,’
847 771 876 796 οὐ
908 770 978 804 μετὰ

189 812 257 838 πολὺ
275 813 320 838 καὶ
329 813 409 843 αὐτὸς
420 813 518 848 ἐπίσης
529 814 625 849 ἐκείνῳ
640 815 689 849 τῆς
704 815 788 849 ὀργῆς
799 815 829 841 τὸ
848 816 978 850 ποτήριον

190 858 318 899 πέπωκεν
328 878 335 890 ,
352 859 381 886 ἓν
392 860 438 886 καὶ
452 859 482 885 τὸ
498 859 563 886 αὐτὸ
574 860 650 891 τέλος
662 860 732 886 κατὰ
746 860 795 896 τὴν
808 860 854 888 τοῦ
871 861 977 888 δικαίου

190 906 321 940 πρότασιν
336 905 531 940 ὲφευράμενος.

1029 309 1112 342 ditus,
1120 310 1146 336 in
1153 317 1261 336 carcere
1268 309 1300 336 ad
1311 309 1461 340 biennium,
1472 308 1590 334 maxime
1596 307 1719 341 corporis
1728 308 1817 342 nPglu—

1028 361 1084 387 ctu,
1102 356 1278 390 diligentique
1295 355 1441 382 admodum
1454 354 1590 386 custodia,
1614 359 1683 380 tenet
1691 362 1730 380 ur.
1745 353 1822 386 Quiar

1029 402 1206 429 nihilominus
1214 401 1432 435 peccatoruva
1443 400 1583 427 tenebrosa-
1595 404 1667 431 sunt,
1676 408 1722 426 nec
1732 401 1818 427 sciunt

1028 448 1156 484 quomoda
1172 448 1306 482 offendunt
1323 447 1441 481 "';quo
1460 447 1520 473 linis
1532 454 1545 472 a
1573 445 1675 473 Sancto
1705 445 1730 472 in
1748 446 1818 473 duos

1027 495 1148 523 (ἕψεαι-(ιδ
1157 502 1228 528 praen
1234 502 1248 520 ιι
1254 494 1423 520 ntiatustunc
1432 493 1548 527 primum
1555 500 1656 526 occupa
1662 492 1818 526 rct,junctis

1028 540 1271 575 copiisimperatur
1285 539 1398 565 Michael
1408 547 1439 565 ac
1450 538 1550 569 Caesar.
1561 539 1587 564 in
1602 537 1710 565 Cretam
1723 538 1820 565 adver-

1029 596 1076 615 sus
1092 587 1231 614 lsmaelem
1250 585 1400 613 exercitum
1413 585 1549 611 educunt:
1573 588 1687 618 tumque
1717 584 1742 610 in
1777 583 1817 610 via

1029 639 1124 660 mutuo
1136 633 1163 659 in
1177 639 1206 660 se
1222 631 1480 662 furoreeoncitatis,
1497 629 1588 657 Catsar
1599 629 1707 657 insidiis
1717 629 1820 664 appeti-

1030 683 1084 711 tus,
1096 678 1195 706 misere
1209 678 1298 713 gladio
1312 676 1607 711 dissectusjugulatur.
1624 675 1761 702 Reversus
1771 683 1819 701 au-

1030 729 1082 752 tem
1100 725 1155 757 ille,
1180 724 1254 751 brevi
1271 728 1297 751 et
1315 723 1371 757 ipse
1400 723 1511 757 perinde
1533 722 1645 757 calicem
1670 721 1716 748 ira‘
1740 720 1818 751 bibit.

1030 779 1114 799 unum
1131 771 1321 805 eumdemque,
1331 770 1407 803 juxta
1420 769 1492 804 quod
1505 769 1544 796 vir
1555 768 1647 803 justus
1655 767 1819 803 pronuntia-

1030 823 1082 851 rat,
1099 818 1242 846 inveniens
1262 816 1352 844 linem.

226 951 281 978 Καὶ
297 951 397 982 εὐθέως
412 951 542 985 όΚαῖσαρ
564 951 699 983 limitem;
716 952 748 979 τὰ
761 952 815 979 τῶν
834 952 978 987 Ῥωμαίων

1066 956 1126 984 Mox
1144 963 1207 983 vero
1221 955 1337 982 Basilius
1347 955 1437 982 Czesar
1451 954 1566 982 Romani
1587 954 1693 989 imperii
1710 960 1820 990 seeptra

191 998 318 1032 σκῆπτρα
334 997 568 1032 μεταχειρίζεται·
582 997 610 1029 ὃς
628 998 702 1033 ἱερὰν
719 998 844 1032 γενέσθαι
871 999 979 1025 σύνοδον

191 1044 478 1079 παρακελευσάμενος,
497 1043 567 1078 μετὰ
587 1044 617 1070 τὸ
638 1044 786 1071 ἀποδοῦναι
813 1045 859 1072 τὸν
879 1046 980 1072 οἰκεῖον

193 1089 243 1125 τῆς
273 1089 479 1124 ἀρχιερωσύνης
495 1089 589 1124 θρόνον
617 1090 662 1117 τὸν
694 1090 822 1127 θεοφόρον
850 1092 980 1126 Ἰγνάτιον

264 1134 303 1169 τῷ
321 1135 443 1170 ϐεοφόρῳ
469 1135 616 1171 Ίγνατίῳ],
639 1137 807 1172 ἐπιζητήσας
820 1137 866 1164 τὸν
891 1138 980 1164 κοινὸν

192 1181 270 1216 ἡμῶν
280 1182 398 1217 Πατέρα,
409 1181 512 1216 καὶτῆς
523 1182 686 1217 Ἐκκλησίας
697 1184 827 1218 φωστῆρα
836 1184 978 1217 Νικόλαον,

193 1229 339 1262 κατασχεῖν
367 1228 518 1262 παρεκάλει
547 1228 594 1254 καὶ
615 1229 696 1255 αὐτὸν
718 1229 749 1255 τὸ
772 1230 872 1256 οἰκεῖον
896 1230 980 1257 αὑτοῦ

195 1274 375 1308 μοναστήριον
388 1281 394 1288 ·
408 1274 637 1308 συμπρεσϐευτήν
668 1275 696 1301 ὲν
722 1275 810 1310 τούτῳ
853 1275 920 1311 πρὸς
931 1276 981 1310 τὴν

194 1320 368 1355 παράκλησιν
395 1320 442 1347 καὶ
454 1319 499 1346 τις)
513 1321 644 1355 ἀρχιερέα
669 1321 877 1356 ἐπιφερόμενος.
911 1322 939 1348 '0
953 1322 981 1348 δὲ

193 1366 328 1392 ἀπωθείτο
338 1365 388 1401 τὴν
403 1365 530 1400 τοιαύτην
551 1366 706 1401 ἐγχείρησιν
722 1365 782 1401 μεθ.
799 1366 948 1401 ὲγχείρισιν
958 1366 979 1403 ],

194 1412 244 1446 τήν
256 1419 284 1437 τε
296 1411 344 1437 τοῦ
363 1412 456 1446 γήρως
471 1411 631 1446 ἀδυναμίαν,
647 1412 694 1438 καὶ
708 1412 757 1447 τὴν
778 1413 810 1438 ἐκ
829 1412 882 1438 τῶν
915 1421 982 1446 προ-

193 1457 376 1492 ηγησαμένων
402 1457 431 1483 ὲν
470 1457 545 1491 αὑτῷ
574 1457 719 1492 συντριδὴν
748 1457 979 1492 προϐαλλόμενος.

196 1503 297 1536 Ἔχεις
309 1511 356 1537 με,
379 1504 472 1538 φησιν,
493 1501 667 1535 ὦβασιλεῦ,
683 1504 744 1530 σὺν
758 1503 860 1538 πολλῇ
871 1506 980 1538 προθυ-

191 1549 256 1582 μΙςι,
273 1548 312 1581 ὡς
326 1548 365 1575 ἂν
374 1549 520 1580 κελεύοις.
541 1549 616 1576 κατὰ
639 1549 737 1576 πάντα
760 1541 800 1580 τῶ
815 1549 861 1582 σῷ
875 1551 983 1584 ὑπηρε-

193 1595 305 1622 τοῦντα
317 1595 558 1629 θελήματνάλλὰ
573 1596 622 1622 καὶ
634 1595 691 1630 τὴν
705 1597 879 1630 παρῤησίιιν
891 1605 922 1623 τε
933 1597 982 1624 καὶ

194 1640 373 1675 ἀποστολὴν
382 1641 540 1668 ἀκώλυτον
552 1640 629 1668 εἶναι
639 1643 879 1676 παρακελεύομαι
891 1651 897 1656 ·
907 1642 984 1677 μέγα

194 1685 300 1719 κέρδος
315 1686 493 1720 ἡγούμενος.
522 1687 555 1713 τὸ
581 1688 641 1714 ὑπὸ
664 1687 720 1722 τῆς
740 1688 801 1722 σῆς
823 1689 981 1722 ὁσιότητος

194 1731 409 1765 δηλοποεῖσθαι
419 1742 452 1760 τε
465 1734 512 1760 καὶ
527 1733 772 1761 ἐπισκέπτεσθαι.
793 1734 838 1761 Ἐν
852 1735 956 1766 τούτοις
969 1736 983 1761 ὁ

193 1778 261 1812 ἄναξ
276 1779 542 1815 φιλοφρονησάμενος
555 1780 600 1807 τδν
612 1781 756 1816 μακάριον,
769 1780 816 1807 καὶ
822 1781 918 1812 πείσας
934 1781 983 1815 τὴν

197 1826 264 1852 ἰδίαν
275 1826 560 1862 ἀρχὴνὰναδὲξασθαι,
593 1827 642 1852 σὺν
670 1826 789 1863 θυμηδίᾳ
812 1827 897 1863 πολλῇ
927 1827 981 1853 τῶν

1031 1002 1198 1030 moderanda
1216 1001 1346 1036 suscipit;
1359 1001 1514 1036 jubensque
1526 1007 1631 1028 sacram
1656 1000 1714 1028 ﬁeri
1738 1008 1821 1036 syno-

1031 1049 1107 1081 dum,
1124 1052 1185 1082 post
1213 1048 1346 1075 redditam
1370 1048 1475 1082 lguatio
1503 1047 1686 1082 pontiﬁcalem
1715 1047 1820 1080 sedem,

1031 1101 1156 1129 quazrens
1170 1101 1343 1120 communem
1359 1097 1483 1120 nostrum
1508 1093 1616 1121 Patrem
1635 1101 1667 1121 ac
1693 1093 1823 1121 Ecclesiae

1031 1141 1123 1168 lumen
1139 1139 1292 1172 Nicolaum,
1310 1140 1484 1172 obsecrabat,
1501 1144 1530 1167 ut
1543 1144 1570 1167 et
1580 1140 1638 1174 ipse
1661 1139 1820 1167 monasterii

1032 1187 1073 1214 sui
1086 1195 1179 1214 curam
1195 1187 1337 1221 reciperet,
1350 1194 1402 1213 una
1415 1194 1508 1214 secum
1521 1186 1722 1214 obsecrationis
1735 1186 1822 1213 inter-

1031 1240 1167 1260 cessorem
1181 1233 1337 1268 episc0pum
1354 1232 1496 1260 adhibens.
1514 1233 1549 1259 At
1565 1232 1621 1264 ille,
1636 1232 1816 1260 commissum

1032 1286 1047 1305 a
1065 1286 1094 1305 se
1110 1285 1209 1305 mtlnus
1227 1277 1364 1312 rejieieus,
1376 1285 1439 1305 cum
1456 1277 1560 1305 all‘ectze
1573 1277 1721 1305 senectutis
1735 1277 1821 1312 impo-

1032 1323 1144 1349 tentiam
1162 1322 1336 1354 causabatur,
1351 1326 1408 1348 tum
1425 1321 1459 1348 ab
1475 1321 1519 1353 iis,
1532 1321 1579 1356 qui
1597 1321 1652 1348 illic
1680 1321 1824 1356 praefectu-

1033 1375 1090 1395 ram
1107 1367 1267 1401 gessissent,
1280 1366 1552 1394 exantlatoslabores
1574 1371 1658 1401 atque
1669 1366 1822 1394 molestias.

1034 1413 1133 1446 Habes,
1151 1412 1250 1447 inquit,
1277 1412 1434 1446 imperator,
1452 1412 1487 1438 ad
1510 1413 1599 1439 omnia
1627 1421 1687 1448 qute
1711 1412 1824 1447 jusseris

1032 1459 1117 1486 multa
1131 1459 1270 1486 alacritate
1284 1463 1336 1486 tua:
1349 1459 1470 1486 devotum
1492 1460 1621 1486 uoluntati
1634 1466 1644 1485 :
1665 1467 1752 1486 rerum
1773 1468 1788 1486 ιι
1800 1464 1826 1487 te

1033 1513 1114 1531 unum
1143 1504 1191 1531 hoc
1219 1512 1292 1538 rogo,
1324 1509 1353 1530 ιιι
1389 1512 1421 1531 ne
1448 1505 1598 1531 libertatem
1624 1512 1654 1530 ac
1689 1504 1825 1531 dimissio-

1033 1559 1092 1578 nem
1104 1559 1188 1578 meum
1205 1551 1347 1585 impedias;
1363 1551 1405 1577 cui
1418 1551 1507 1585 magni
1525 1550 1594 1577 lucri
1608 1550 1760 1585 compendio
1777 1559 1825 1578 ac-

1035 1599 1118 1630 cedat,
1128 1603 1156 1625 ut
1172 1606 1187 1624 η
1200 1603 1245 1624 tua
1260 1598 1400 1625 sanctitate
1415 1597 1568 1631 manifesler
1577 1606 1609 1624 ac
1622 1603 1755 1633 protegar.
1773 1597 1826 1625 De-

1036 1651 1110 1670 mum
1127 1644 1274 1676 imperator
1285 1643 1416 1670 benevole
1429 1643 1518 1670 virum
1536 1643 1645 1670 beatum
1673 1643 1827 1678 excipiens,

1036 1698 1068 1717 ae
1087 1689 1252 1724 persuadens
1266 1689 1389 1724 pristinae
1403 1689 1573 1724 prazfecturaz
1596 1697 1697 1717 munus
1726 1689 1826 1716 etiam-

1037 1743 1101 1762 num
1117 1735 1203 1768 obire,
1221 1735 1305 1762 multa
1317 1735 1400 1762 animi
1414 1735 1557 1770 voluptate
1568 1735 1602 1763 ab
1613 1735 1676 1762 aula
1692 1735 1795 1762 remisit
1813 1743 1821 1762 :

1037 1789 1193 1817 quanquam
1207 1781 1287 1809 etiam
1311 1781 1344 1808 ad
1359 1789 1389 1809 se
1413 1782 1537 1810 crebrius
1569 1782 1736 1815 accersebat,
1766 1780 1827 1816 ejus

1037 1826 1174 1862 impendio
1190 1826 1363 1861 simplicitate
1377 1827 1500 1855 aﬂ'ectus.

195 1872 338 1907 βασιλείων
356 1872 558 1905 ἐξαπέστειλεν,
572 1874 595 1900 εί
612 1874 658 1900 καὶ
673 1873 789 1908 μάλιστα
805 1873 973 1909 συχνοτέρως
993 1873 1060 1908 πρὸς
1091 1873 1186 1900 ἑαυτὸν
1219 1872 1421 1908 μετεστέλλετο,
1441 1873 1577 1909 ἡδόμενος
1587 1873 1669 1900 αὑτοῦ
1685 1875 1719 1909 τῇ
1743 1873 1827 1901 ἁπλό-

193 1929 265 1947 τητι.

221 1940 306 1994 ,Ἀλλ’
316 1967 432 1994 ἐνταῦθα
449 1967 553 1994 δίκαιον
577 1967 671 2003 ᾠήθην
695 1967 739 1994 διὰ
761 1968 893 2003 βραχέων.
927 1967 982 1998 τοῖς

195 2014 286 2046 πόνοις
299 2014 395 2041 τοῦτου
410 2014 459 2050 τὴν
472 2014 639 2049 ἐπικαρπίαν
652 2015 825 2050 προσενεῖραι
836 2014 876 2049 τῷ
886 2014 983 2049 διηγή-

1073 1965 1122 1993 llic
1137 1965 1276 1992 enimvero
1293 1972 1382 2000 operae
1398 1965 1514 2000 pretium
1533 1966 1609 1999 duxi,
1623 1966 1694 1993 beati
1713 1966 1764 1993 viri
1788 1966 1828 1994 la-

1035 2011 1149 2039 boribus
1178 2011 1260 2039 etiam
1277 2016 1477 2046 Consequentes
1500 2012 1606 2039 fructus
1634 2012 1710 2040 brevi
1732 2019 1828 2039 narra—

196 2068 272 2095 ματι,
302 2060 349 2087 καὶ
372 2061 458 2095 μικρά
482 2069 543 2086 τινα
575 2060 629 2087 τῶν
643 2060 725 2086 αὑτοῦ
741 2060 889 2094 θαυμάτων
916 2060 980 2086 ὑπο-

1034 2059 1107 2086 tione
1121 2060 1294 2089 subnectere,
1310 2065 1342 2085 ac
1357 2065 1443 2093 pauca
1460 2058 1586 2092 qumdam
1603 2059 1664 2093 ejus
1693 2058 1829 2086 miracula

198 2106 297 2141 μνῆσαι
311 2107 367 2137 τοῖς
382 2106 576 2140 ἐντυγχάνουσι
592 2114 599 2124 θ
625 2106 664 2138 ὡς
681 2106 713 2133 ἂν
743 2106 835 2141 ἄρτιον
864 2106 907 2140 εἰη
932 2106 984 2140 τῆς

197 2152 361 2186 ὑφηγήσεως
380 2151 411 2178 τὸ
429 2151 579 2186 ὠφέλιμον.
603 2152 634 2178 Εἰ
658 2151 712 2187 γὰρ
723 2152 770 2178 καὶ
785 2151 894 2186 σημεῖα
920 2151 984 2185 τοῖς

197 2199 346 2231 ἀπίστοις.
361 2198 399 2229 ὡς
414 2199 585 2234 γέγραπταιδ
600 2198 658 2225 ἀλλ’
669 2196 714 2225 οὖν
725 2199 764 2230 εἰς
781 2198 894 2232 μείζονα
905 2198 984 2231 δόξαν

1035 2104 1195 2132 Lectoribus
1210 2104 1361 2137 insinuare,
1376 2111 1431 2139 quo
1443 2104 1567 2131 absoluta
1580 2104 1715 2131 consistat
1728 2111 1826 2131 narra-

1038 2150 1119 2177 tionis
1136 2150 1246 2177 utilitas.
1265 2149 1427 2184 Quanquam
1444 2149 1516 2176 enim
1529 2150 1606 2185 signa
1619 2150 1777 2184 inﬁdelibus
1792 2150 1827 2182 “.

1036 2195 1114 2231 juxta
1135 2195 1207 2230 quod
1223 2194 1366 2230 Scriptura
1380 2195 1462 2223 habet
1479 2204 1485 2221 :
1505 2194 1638 2222 Dominus
1666 2199 1768 2226 tamen,
1795 2195 1830 2223 ad

196 2244 252 2270 τῶν
271 2244 354 2271 αὐτοῦ
367 2244 541 2279 θεραπόντων
555 2243 569 2269 6
586 2244 698 2279 Κύριος,
715 2244 744 2270 ἐν
757 2244 811 2275 τοῖς
827 2244 932 2275 πιστοῖς
948 2243 980 2270 τὰ

1038 2242 1169 2278 majorem
1188 2241 1352 2269 famulorum
1363 2249 1476 2269 suorum
1491 2241 1616 2276 gloriam,
1630 2249 1725 2269 eorum
1746 2242 1830 2274 dona.

197 2290 266 2325 πρὸς
280 2290 439 2326 εὐεργεσίαν
453 2290 503 2324 τῆς
523 2290 630 2324 φύσεως
646 2289 767 2324 διανέμει
791 2290 894 2316 τούτων
905 2290 984 2324 χαρί-

198 2342 299 2368 σματα·
319 2335 417 2361 οὐκοῦν
444 2335 503 2369 μετ’
522 2333 692 2370 εὐφροσύνης
710 2334 744 2361 τὰ
769 2334 815 2360 τοῦ
827 2334 985 2368 Πνεύματος

199 2379 350 2415 ἑξείπωμεν
367 2379 502 2414 θαύματα.

233 2426 349 2453 Εὐδοκία
362 2427 417 2461 γὰρ
436 2427 451 2462 ἠ
467 2426 513 2453 τοῦ
532 2427 704 2462 φιλοχρίστου
734 2427 859 2461 μέδοντος
887 2426 983 2453 σύνευ-

200 2480 256 2504 νος,
271 2473 435 2505 κατάὒτὰς
461 2473 510 2504 τὰς
539 2474 646 2508 ἡμέρας
668 2474 749 2500 πάθει
769 2472 848 2508 δεινῷ
871 2473 986 2509 περιπέ-

200 2525 310 2545 πτωκεο
326 2519 372 2546 καὶ
389 2519 440 2554 τῆς
463 2519 494 2546 ὲκ
521 2519 575 2546 τῶν
596 2519 695 2555 ἰατρῶν
714 2519 850 2554 ἑπομένης
861 2519 987 2555 βοηθείας

200 2559 405 2600 ὲστέρητο,ὲπεὶ
416 2565 502 2592 καὶτὰ
513 2565 559 2592 τοῦ
569 2566 670 2597 πάθους
679 2565 746 2600 πρὸς
757 2565 870 2592 θάνατον
879 2565 986 2594 ἑὸλεπε.

201 2609 255 2636 Τοῦ
270 2609 298 2636 δὲ
313 2611 444 2645 βασιλέως
461 2610 640 2645 ἀθυμοῦντος,
653 2611 699 2637 καὶ
710 2611 774 2646 περὶ
786 2611 881 2637 τούτου
892 2611 987 2643 δεινῶς

201 2657 387 2692 ποτνιωμένου
419 2658 468 2685 καὶ
487 2658 638 2690 στένοντος,
656 2658 773 2684 ὀπτασία
789 2667 830 2690 τις
841 2666 987 2694 παρεμπε-

238 2733 271 2748 ²³·
288 2733 368 2761 l‘rov.
387 2741 424 2765 ιν,
441 2734 484 2761 19.
524 2734 546 2750 ’δ
565 2734 648 2762 lCor.
667 2743 721 2768 xw,
738 2735 782 2762 22.

1039 2288 1139 2322 quibus
1151 2293 1247 2315 natura
1266 2287 1400 2315 beneﬁcio
1415 2287 1542 2319 adicitur,
1552 2287 1578 2314 in
1596 2287 1722 2315 ﬁdelibus
1734 2288 1829 2315 distri-

1041 2335 1109 2362 buit.
1127 2334 1193 2362 Lmti
1209 2341 1275 2368 ergo
1297 2334 1390 2361 divina
1419 2333 1541 2368 Spiritus
1577 2334 1710 2362 miracula
1739 2334 1823 2362 edica-

1041 2389 1113 2409 mus.

1076 2427 1180 2463 Quippe
1188 2427 1306 2455 Eudocia
1317 2427 1418 2455 Christi
1430 2428 1547 2455 amantis
1564 2428 1737 2463 imperatoris
1751 2436 1829 2467 uxor.

1041 2482 1089 2509 per
1099 2474 1148 2502 llos
1159 2474 1217 2501 dies
1227 2475 1252 2501 in
1265 2475 1388 2501 morbum
1397 2481 1506 2508 gravem
1517 2474 1621 2507 incidit,
1630 2473 1743 2510 jamque
1752 2473 1838 2502 omni‘

1042 2521 1208 2548 medicOrum
1229 2521 1342 2553 auxilio,
1368 2520 1465 2548 morbo
1484 2521 1511 2547 in
1529 2525 1644 2548 mortem
1670 2521 1831 2552 inclinante,

1041 2565 1169 2593 destituta
1187 2570 1254 2593 erat.
1270 2565 1338 2593 Cum
1351 2570 1441 2592 autem
1454 2566 1602 2600 imperator
1613 2573 1644 2594 ea
1657 2574 1687 2593 re
1702 2571 1829 2594 moestus.

1041 2612 1099 2639 dire
1111 2612 1301 2647 quiritaretur,
1316 2619 1349 2639 ac
1366 2612 1461 2639 animo
1479 2611 1828 2645 angustiarelur,|ncidens

1044 2658 1153 2685 interim
1184 2658 1254 2685 visio
1280 2658 1341 2685 laeto
1371 2658 1463 2685 animo
1490 2658 1589 2686 ell'ecit.
1619 2657 1735 2685 Putabat
1757 2656 1839 2683 euim~

753 2790 876 2821 FRANG.
891 2789 1086 2819 COMBEFISII
1101 2790 1220 2819 ΝΟΤιΕ.

242 2859 299 2894 (35)
315 2859 455 2887 Videndus
470 2859 577 2887 Nicetas
593 2860 619 2886 iu
639 2860 698 2887 Vita
714 2859 822 2895 Ignalii,
837 2860 883 2887 ubi
905 2860 990 2894 pluri-

208 2897 260 2923 hus
276 2896 390 2929 explicat
417 2896 463 2929 qui
490 2895 539 2923 ista
559 2895 714 2931 habuerint.
742 2903 773 2922 ac
794 2904 848 2930 qua
870 2896 987 2931 primum

209 2930 363 2965 occasione,
384 2931 531 2961 ulciscente
545 2930 673 2964 Numine,
688 2931 753 2959 rixa:
767 2931 818 2959 illa:
831 2939 862 2959 ac
879 2931 987 2960 tandem

1044 2861 1189 2904 utriusque
1208 2861 1323 2890 Caesaris
1347 2870 1421 2890 mors
1456 2861 1633 2902 contigerint,
1659 2861 1833 2900 Basiliusque

1043 2902 1104 2933 pius
1123 2902 1249 2934 princeps
1264 2906 1375 2934 regnum
1394 2902 1580 2933 capessn'ertt.
