2077 3157
280 230 334 264 915

987 226 1159 256 ΑΝΟΝῩΝΠ

1848 218 1895 249 916

280 290 339 323 illa,
367 296 428 316 cum
452 286 591 314 modicum
620 286 778 321 degustaret
803 293 943 318 somnum,
972 292 1063 312 senem

1121 282 1201 308 ποῦσα
1223 282 1314 316 μέσον.
1333 281 1461 315 εὐθυμεῖν
1481 275 1700 313 παρεσκεύαζεν.
1723 275 1822 301 Ἐδόκει
1846 276 1896 311 γὰρ

279 334 425 368 quemdam
456 332 567 363 videre»,
603 333 766 359 monachum
813 331 921 366 quidem
953 331 1064 362 habitu,

279 385 416 413 quemque
431 377 514 404 multa
534 376 621 410 gloria
652 377 817 408 honestaret,
845 376 871 402 in
899 376 956 402 haec
984 375 1065 401 verba

278 423 404 451 aﬂ‘antem
422 432 428 449 :
444 423 563 455 Conﬁde,
591 422 688 456 inquit,
722 422 787 456 fore,
818 421 935 448 ulmodo
958 421 1067 447 minime

279 469 424 498 moriaris:
442 469 506 504 quin
533 469 628 495 amodo
656 472 755 502 optulw
780 468 903 495 sanitatis
929 468 1066 494 commoda

277 522 433 549 pet-sensura
449 522 486 541 es.
503 512 572 540 Tum
587 513 631 539 illa
648 520 745 540 somno
764 513 852 540 soluta
879 520 936 540 rem
973 512 1064 539 statim

278 569 340 588 cum
353 561 412 588 vlro
423 559 640 590 communicatis.
657 558 790 592 imperiali
815 558 935 590 decreto,
970 563 1066 584 omnes

279 607 305 634 in
318 606 384 634 urbe
398 605 585 633 sanctimoniae
599 604 678 631 laude
691 603 876 638 praecellentes
901 602 986 634 viros,
1015 609 1065 629 ceu

279 651 415 679 inviseudi
428 659 492 686 ergo
513 651 546 678 ad
576 657 606 678 se
635 650 782 677 ascendere
799 649 876 684 jubet
895 649 928 676 ".
946 648 1064 681 Quamo-

279 699 356 726 brem
368 697 448 724 etiam
459 697 538 724 Pater
561 699 654 723 noster
668 703 721 723 una
739 703 802 723 cum
814 695 924 722 Patrum
937 694 1021 722 choro
1038 694 1065 720 in

280 742 409 777 palatium
423 741 546 772 veniens,
562 739 637 767 vultu
674 739 756 767 Mosis
785 740 873 766 instar
903 739 1064 773 gloriﬁcato,

279 787 383 823 liquido
409 788 433 814 is
455 787 513 823 ipse
534 786 666 822 Augusla‘.
686 785 813 817 innotuit,
843 784 889 820 qui
909 784 936 812 in
962 784 1067 812 visione

278 823 360 859 verba
371 832 586 866 oppignerasset.
605 830 702 865 Magna
719 831 812 865 itaque
824 837 901 862 voce,
915 831 942 857 in
964 830 1066 863 gratia-

280 886 338 905 rum
352 878 486 905 actionem
511 877 608 909 causa,
636 877 723 912 palam
760 879 917 909 traducens,
947 876 1066 910 gloriosa

281 924 325 950 Dci
340 924 366 950 in
384 924 469 956 ipsam
483 931 531 958 per
542 931 604 951 eum
617 922 751 958 magnalia
768 922 935 956 praedicavit.
948 921 1066 955 Impera-

279 975 323 996 tor
335 974 438 999 autem.
451 969 618 1003 adstansque
635 968 726 995 omnis
742 973 860 1000 caterva,
873 968 961 994 virum
980 967 1067 994 admi-

281 1020 381 1047 rantes,
393 1015 522 1050 congruis
535 1014 684 1042 honoribus
695 1014 832 1048 prosecuti
849 1018 921 1041 sunt.
954 1012 1068 1048 Symbo-

279 1059 329 1087 lice
343 1063 418 1094 puto,
427 1059 526 1087 Christi
534 1059 665 1090 famulus,
675 1058 714 1085 illi
727 1058 815 1086 simile
827 1057 988 1085 miraculum
1005 1065 1069 1092 por-

280 1109 354 1131 lento
367 1105 484 1139 quodam
499 1108 629 1139 operatus
641 1108 692 1137 cst,
710 1104 784 1139 quod
803 1103 922 1131 nominis
936 1107 1068 1138 patronus

279 1149 406 1178 Nicolaus
435 1150 499 1178 olim
530 1150 679 1182 edidisset,
718 1156 781 1176 cum
813 1149 942 1176 nimirum
981 1150 1068 1184 impe-

279 1195 363 1224 ratori
379 1195 405 1222 in
417 1196 477 1223 visu
498 1203 643 1230 apparens,
661 1195 696 1222 ab
709 1194 811 1229 injusta
823 1200 889 1221 nece
899 1194 973 1222 viros
999 1195 1068 1222 libe-

280 1238 360 1265 ravit.
372 1238 531 1271 Enimvero,
541 1239 674 1266 miraculo
703 1238 897 1266 subnectentes
922 1239 1066 1272 miracula,

278 1283 368 1313 Patris
384 1284 512 1313 virtutem
531 1286 698 1314 ediscamus.

314 1373 416 1403 Helena
433 1376 534 1411 quippe
548 1375 681 1404 Manuelis
701 1378 812 1412 patrlcii
834 1378 973 1413 quondam
986 1385 1066 1411 uxor.

279 1427 343 1446 cum
362 1421 476 1454 perinde
501 1426 584 1457 atque
613 1424 756 1458 Augusta,
783 1424 868 1458 portis
901 1424 1013 1458 inferni.
1041 1424 1067 1451 vi

279 1466 380 1499 morbi,
392 1467 503 1502 propior
514 1469 686 1501 accessisset.
700 1470 812 1505 jamque
820 1469 862 1497 sui
877 1470 909 1497 ad
928 1478 1066 1505 suprema.

280 1518 330 1545 pro
340 1512 516 1540 morientium
528 1514 644 1546 ratione,
660 1515 748 1542 ollicia
759 1516 845 1550 parati
857 1521 949 1543 essent
962 1525 968 1550 ;
990 1524 1068 1544 acce-

280 1557 348 1584 dens
359 1564 476 1591 magnus
487 1558 543 1589 ille.
560 1566 592 1586 ac
608 1566 689 1586 manu
701 1560 859 1594 zcgrolantis
869 1565 950 1595 caput
984 1561 1067 1589 attin-

1119 328 1210 363 ἐκείνη
1228 327 1323 362 μικρὸν
1340 326 1540 361 καθευδήσασα,
1559 323 1678 357 καθορᾷν
1698 330 1758 348 τινα
1779 321 1896 356 γηραιὸν,

1120 374 1236 409 μοναχὸν
1250 373 1300 408 μὲν
1325 372 1493 406 ὑπάρχοντα,
1520 370 1567 396 καὶ
1579 369 1642 404 δόξῃ
1667 367 1752 402 πολλῇ
1776 367 1899 401 σεμνυνό-

1122 429 1203 454 μενον
1214 427 1221 435 ·
1232 419 1304 446 οὕτω
1317 419 1344 445 δέ
1359 427 1417 449 πως
1433 418 1500 452 αὐτῇ
1530 414 1790 450 προσδιαλεγόμενον
1803 421 1809 428 ·
1832 412 1900 447 Θάρ-

1117 473 1178 496 σει,
1190 465 1282 499 metu.
1291 463 1330 496 ὡς
1338 464 1374 490 οὐ
1384 464 1528 494 τεθναίεις
1538 460 1574 487 τὰ
1587 459 1658 486 νῦν·
1666 459 1745 491 ἕξεις
1756 457 1790 484 δὲ
1798 458 1901 484 λοιπὸν

1117 511 1152 538 ἐκ
1166 511 1221 545 τῆς
1233 510 1322 544 δεῦρο
1332 509 1386 544 τῆς
1400 518 1451 536 σοι
1465 509 1558 543 φίλης
1574 506 1673 540 ὑγείας
1691 505 1724 531 τὸ
1743 504 1900 538 χρήσιμον.

1121 557 1156 583 Ἥ
1171 557 1219 583 καὶ
1237 556 1306 591 μετὲ
1319 555 1364 581 τὸν
1380 555 1484 590 ὄνειρον
1499 553 1579 579 τοῦτο
1592 550 1731 586 παρευθὺς
1744 549 1835 584 τάνδρὶ
1847 549 1902 575 δια-

1117 602 1245 637 νείμασα,
1261 601 1349 628 σθένει
1360 600 1407 627 τοῦ
1425 600 1543 635 κράτους
1560 597 1629 632 πρὸς
1657 596 1757 630 ἑαυτὴν
1771 595 1833 626 τοὺς
1850 594 1901 623 ἀνὰ

1117 648 1165 683 τὴν
1189 647 1267 674 πόλιν
1281 647 1325 673 ἐπ’
1358 646 1488 680 εὐλαϐείᾳ
1525 642 1706 679 προῦχοντας,
1733 639 1903 674 ἐπισκέψεως

1117 691 1197 727 χάριν
1212 691 1331 718 ἀνελθεῖν
1347 686 1671 725 παρετκεύασεν.Ἔνοεν
1695 686 1708 712 ὁ
1731 686 1818 720 μέγας
1847 693 1906 710 συν-

1118 736 1202 764 ανιὼν
1212 737 1267 768 τοῖς
1277 736 1412 771 Πατράσι,
1421 734 1614 768 δεδοξασμένον
1627 732 1718 766 φέρων
1725 730 1795 757 κατὰ
1807 729 1905 756 Μωσέα

1117 784 1147 810 τὸ
1162 783 1316 818 πρόσωπον,
1331 781 1469 816 γνώριμος
1481 781 1514 815 τῇ
1545 778 1662 814 βασιλίδι
1680 776 1840 811 γεγένηται,
1865 775 1901 806 ὡς

1119 829 1198 860 αὐτὸς
1208 827 1249 863 εῐη
1258 828 1272 854 ό
1283 818 1312 854 εὖ
1322 829 1356 861 τῇ
1370 826 1489 860 ὀπτασίᾳ.
1517 825 1586 859 αὐτῇ
1611 822 1838 858 όμηρευσάμενος
1863 821 1908 856 ῥή-

1120 884 1204 911 ματα.
1222 874 1304 902 ’θῦεν
1331 873 1436 908 μεγάλῃ
1451 873 1484 907 τῇ
1511 871 1586 905 φωνῇ
1604 869 1649 896 διὰ
1671 868 1721 903 τῆς
1735 867 1908 902 εὐχαριστίας

1119 920 1212 947 τοῦτον
1226 919 1380 953 ἀναφανδὸν
1399 916 1593 952 ἐθριάμϐευσε.
1603 914 1638 941 τὰ
1658 915 1698 945 είς
1711 913 1799 948 αὐτὴν
1813 912 1846 938 δι’
1856 912 1905 938 αὒ-

1119 965 1166 992 τοῦ
1181 964 1273 997 ἔνδοξα
1295 963 1343 990 τοῦ
1364 962 1431 989 Θεοῦ
1450 961 1578 996 μεγαλεῖα
1598 959 1836 994 ἁνακηρύττουσα.
1861 958 1910 983 ’ον

1119 1012 1133 1038 ὁ
1148 1011 1284 1047 βασιλεὺς,
1299 1009 1347 1037 καὶ
1366 1010 1466 1040 πάντες
1478 1009 1503 1034 οῑ
1520 1006 1709 1042 συμπαρόντες
1722 1001 1909 1038 θαυμάζοντες

1118 1059 1179 1089 ταῖς
1210 1056 1383 1092 πρεπούσαις
1418 1055 1511 1089 τιμαῖς
1543 1054 1744 1086 ἀπεσέμνυνον,
1778 1048 1909 1084 Συμϐολι-

1119 1103 1175 1135 κῶς
1200 1100 1277 1138 οἶμαι
1296 1101 1335 1137 τῷ
1357 1100 1511 1135 ἐπωνύμονι
1526 1098 1653 1132 Νικολάῳ
1668 1095 1830 1131 ἐφάμιλλον,
1844 1092 1912 1120 6τοῦ

1118 1149 1237 1185 Χριστοῦ
1253 1147 1380 1183 θεράπων
1392 1145 1452 1173 κατ’
1468 1146 1572 1172 ἐκεῖνον
1585 1143 1617 1169 τδ
1631 1143 1725 1176 θαῦμα
1745 1140 1913 1176 τερατευσά-

1120 1203 1200 1230 μενος
1218 1216 1226 1227 ,
1254 1195 1283 1221 ἐν
1306 1193 1404 1228 ὀνείρῳ
1427 1191 1511 1218 πάλαι
1542 1190 1717 1224 δειματώσας
1730 1187 1775 1223 τῷ
1800 1188 1913 1218 ἄνακτι,

1118 1241 1167 1275 τῆς
1187 1240 1281 1267 ἀδίκου
1312 1239 1392 1272 δίκης
1419 1237 1483 1269 τοὺς
1520 1236 1620 1271 ἄνδρας
1660 1234 1798 1266 ἐξείλατο.
1833 1232 1910 1259 Ἀλλὰ

1119 1285 1238 1321 θαύματι
1251 1285 1432 1316 συνάπτοντες
1447 1282 1586 1318 θαύματα,
1600 1281 1649 1316 τὴν
1664 1280 1711 1308 τοῦ
1730 1279 1841 1323 Πατρὺς
1849 1280 1913 1315 ἀρε-

1117 1330 1167 1366 τὴν
1183 1329 1400 1364 καταμάθωμεν.
1922 1336 1925 1338 -

1159 1377 1253 1405 Ἑλένη
1269 1376 1324 1411 γὰρ
1343 1376 1360 1410 ή
1373 1374 1420 1401 τοῦ
1436 1372 1581 1409 πατρικίου
1609 1371 1740 1407 Μανουὴλ
1770 1370 1913 1406 ὑπάρξασα

1119 1422 1243 1458 σύμϐιος,
1263 1421 1360 1457 ἐπίσης
1374 1423 1407 1456 τῇ
1427 1420 1574 1456 βασιλίσσῃ
1592 1420 1654 1450 ταῖς
1667 1418 1717 1445 τοῦ
1730 1419 1795 1454 ᾅδου
1813 1417 1914 1445 πυλῶσι

1118 1469 1154 1496 δι’
1170 1468 1328 1504 ἀρρωστίας
1339 1465 1497 1501 ἐγγίζουσα,
1513 1464 1641 1499 καὶπρὸς
1665 1464 1716 1499 τὴν
1737 1463 1839 1496 ἐξόδιον
1862 1462 1914 1489 τῶν

1118 1515 1205 1550 αὐτῆς
1225 1512 1462 1549 εὐτρεπιζομένων
1476 1511 1621 1546 συνήθειαν
1632 1519 1638 1526 ·
1664 1511 1783 1542 ἐπιστὰς
1794 1511 1808 1536 ὁ
1830 1509 1914 1544 μέγας

1118 1561 1150 1596 τῇ
1168 1559 1239 1596 χειρὶ
1253 1560 1286 1594 τῇ
1301 1558 1351 1593 τῆς
1366 1555 1522 1592 καμνούσης
1535 1556 1641 1591 κορυφῇ
1665 1555 1854 1590 ἐφαψάμενος,
1879 1553 1915 1588 τῷ

281 1609 347 1636 gens
360 1604 505 1639 crucisque
521 1604 599 1639 signo
614 1605 731 1639 desuper
747 1606 773 1632 in
787 1613 848 1633 aere
859 1613 989 1641 expresso
1004 1615 1066 1635 cor-

1122 1605 1259 1642 σταυρικῷ
1277 1603 1404 1639 συμϐόλῳ
1415 1603 1514 1637 ἀερίως
1529 1601 1648 1637 ὕπερθεν
1664 1601 1771 1637 ταύτης
1785 1601 1913 1635 ἐπισφραι·

283 1655 333 1681 pus
347 1649 524 1683 consignatis,
537 1650 634 1676 mortis
648 1657 786 1678 recessum
801 1652 946 1692 vegetayit.
970 1652 1071 1681 Conle-

282 1693 346 1720 stim
362 1693 435 1721 eiiim
451 1694 569 1722 sanitate
582 1701 699 1730 recepta,
713 1703 729 1723 a
739 1696 799 1724 diro
813 1697 918 1731 d'olore,
930 1706 985 1733 quo
995 1703 1071 1727 tene-

283 1739 373 1771 batur.
393 1739 505 1767 liberata
521 1745 574 1767 est.

319 1784 372 1812 Sed
381 1786 469 1813 ethoc
481 1786 593 1821 praefato
606 1788 666 1822 ejus
677 1788 737 1815 viro
749 1795 917 1817 memoratur
927 1790 1070 1819 accidisse.

283 1831 428 1865 Nimirum,
442 1840 504 1860 cum
516 1833 611 1861 humili
625 1834 694 1862 lecto
702 1835 797 1869 jacens
805 1836 990 1870 decumberel,
1001 1837 1072 1872 jam-

283 1885 336 1910 que
349 1885 366 1905 a
386 1878 499 1906 medicis
514 1887 670 1914 supremam
687 1879 784 1908 mortis
804 1882 966 1909 sententiam
994 1890 1072 1910 accc-

284 1923 377 1956 pissct,
398 1924 511 1958 rogabat
538 1925 634 1953 adesse
662 1926 752 1953 virum
782 1931 919 1958 sanctum.
951 1929 1071 1956 clamore

282 1968 419 2004 ﬂagitans.
438 1975 469 1997 ut
487 1971 611 2006 angelico
640 1973 838 2000 monachorum
865 1973 957 2001 habitu
976 1982 1069 2008 peror-

283 2021 370 2043 uaret.
398 2016 438 2043 Ad
469 2024 550 2052 quem
579 2018 720 2045 Sanctus:
753 2017 988 2053 Haudquaquam:
1023 2026 1071 2046 nec

281 2062 366 2094 enim.
382 2061 432 2095 ﬁli,
450 2063 622 2091 conducibile
637 2063 716 2093 foret.
732 2064 778 2099 qui
795 2064 881 2095 brevi,
903 2064 1071 2092 inﬁrmitatis

283 2107 364 2139 hujus
378 2109 499 2144 symbol:
511 2109 679 2143 relinquens,
699 2109 903 2142 magistratuum
928 2109 1071 2141 praefectu-

282 2160 327 2181 ras
345 2154 393 2181 Dei
411 2162 524 2182 [nouere
532 2155 830 2183 administraturussis.
845 2154 894 2181 Ubi
907 2155 999 2189 itaque
1019 2154 1071 2182 hoc

281 2200 414 2231 evenerit.
424 2206 450 2228 te
461 2201 591 2235 deinceps
599 2202 678 2229 coma
690 2201 813 2235 deposita
826 2200 860 2227 ad
873 2200 980 2228 beatam
995 2200 1070 2226 illam

282 2253 382 2274 sortem
401 2247 481 2275 bonis
494 2248 624 2282 operibus
639 2247 770 2275 refertum
789 2253 981 2282 assumplurus
994 2253 1068 2274 sum.

1124 1653 1205 1688 γίσας
1215 1651 1254 1686 τῷ
1272 1650 1391 1684 σώματι,
1419 1649 1466 1676 τὸν
1493 1647 1541 1675 τοῦ
1568 1647 1685 1675 θανάτου
1711 1647 1799 1683 μυχὸν
1816 1645 1915 1678 ἀνεξώ-

1123 1706 1237 1734 γρησεν.
1254 1697 1379 1732 Ἔρῤωτο
1390 1695 1444 1731 γὰρ
1467 1694 1580 1726 εὐθέως,
1605 1693 1652 1720 καὶ
1671 1693 1723 1728 τῆς
1745 1691 1915 1727 κατεχούσης

1122 1744 1218 1779 ὀδύνης
1238 1741 1408 1777 ἀπήλλακτο.
1697 1759 1699 1761 .

1158 1789 1246 1816 Ταυτὺ
1259 1788 1288 1815 δὲ
1300 1786 1503 1822 συμσεσηκέναι
1519 1786 1567 1813 καὶ
1583 1785 1622 1820 τῷ
1645 1783 1836 1820 προρρηθέντι
1848 1781 1910 1809 ταύ-

1122 1845 1171 1871 της
1181 1835 1259 1870 ἀνδρὶ
1270 1834 1443 1869 διηγόρευται
1458 1841 1465 1848 θ
1475 1832 1504 1863 ὃς
1519 1832 1566 1859 ἐπὶ
1581 1831 1628 1858 τοῦ
1641 1830 1798 1865 σκίμποδος
1808 1827 1914 1856 ἀνακεί-

1124 1890 1214 1917 μενος,
1228 1881 1275 1908 καὶ
1286 1880 1355 1915 πρὸς
1368 1879 1422 1906 τῶν
1439 1878 1540 1913 ἰατρῶν
1561 1877 1611 1914 τὴν
1623 1877 1788 1903 τελευταίαν
1801 1875 1849 1902 τοῦ
1872 1874 1917 1901 θα-

1122 1928 1204 1955 νάτου
1229 1927 1367 1961 ἀπόφασιν
1392 1923 1612 1959 προσλαϐόμενος
1628 1942 1637 1954 ,
1658 1923 1813 1949 ἐπιστάντα
1848 1928 1916 1955 παρ·

1123 1973 1271 2000 εκάλειτὸν
1283 1973 1371 2006 ἆγιον,
1387 1971 1425 2006 τῷ
1443 1969 1581 2005 ἀγγελικῷ
1597 1969 1651 1995 τῶν
1667 1967 1799 2003 μοναχῶν
1807 1974 1919 1994 κατακο-

1126 2020 1233 2055 σμῆσαι
1245 2019 1340 2045 τοῦτον
1356 2017 1540 2051 ἐπιϐοώμενος
1557 2016 1689 2049 σχήματι.
1700 2014 1752 2047 Οὓ,
1763 2013 1842 2049 φησὶ,
1854 2012 1918 2048 arpi;

1122 2065 1202 2092 αὑτὸν
1208 2066 1222 2091 ὁ
1230 2065 1301 2095 ὅσιος
1309 2061 1546 2097 ἀπεφθέγγετο.οὖ
1555 2061 1607 2095 γὰρ
1614 2060 1746 2094 λυσιτελῆ
1757 2068 1808 2092 σοι,
1817 2059 1918 2089 τέκνον,

1123 2112 1301 2147 συμσήσεται,
1316 2109 1439 2145 μέλλοντι
1447 2108 1586 2142 συντόμως
1595 2106 1645 2140 τῆς
1663 2107 1781 2142 ἀῤῥωστ
1786 2105 1827 2136 ίας
1842 2102 1918 2138 τῆσδε

1121 2158 1258 2193 διαδράντι
1270 2157 1305 2183 τὰ
1323 2155 1455 2190 σύμὸολα,
1472 2153 1554 2180 τῶνδε
1574 2152 1628 2179 τῶν
1643 2151 1816 2186 ἀξιωμάτων
1825 2152 1857 2185 τῇ
1874 2148 1918 2174 τοῦ

1123 2202 1241 2237 Χριστοῦ
1258 2202 1349 2237 χάριτι
1360 2200 1409 2230 τὰς
1421 2199 1506 2234 ἀρχὰς
1519 2197 1711 2232 διοικήσασθαι
1725 2194 1800 2232 ⁷1⁸18⁵
1817 2195 1850 2222 ἂν
1864 2193 1918 2220 τοί-

1122 2257 1169 2275 νυν
1183 2248 1261 2275 τοῦτο
1274 2247 1430 2282 γενήσεται,
1447 2245 1506 2271 τότε
1524 2252 1563 2270 σοι
1578 2242 1643 2279 [πρ.
1661 2243 1725 2268 τότε
1746 2251 1777 2268 σε
1792 2242 1801 2277 ]
1831 2239 1920 2266 λοιπὸν

283 2293 366 2319 l’orro
382 2292 463 2320 linem
487 2293 586 2320 habuit
599 2293 751 2327 praedictio,
761 2298 935 2327 eventusque
950 2291 1068 2327 prophe—

1122 2293 1313 2330 ἁποκαρθάντα
1342 2292 1409 2327 πρὸς
1420 2291 1470 2326 τὴν
1493 2291 1583 2316 ἐκεῖσε
1604 2288 1681 2323 λῆξιν
1712 2288 1850 2323 κομῶντα.
1862 2286 1920 2316 ταῖς

283 2339 347 2365 tiam
362 2344 471 2367 secutus
482 2345 525 2367 est
540 2359 546 2367 .
560 2339 665 2367 Etenim
676 2339 768 2366 relicta
780 2339 826 2366 ille
834 2347 896 2366 cum
909 2338 979 2366 lecto
988 2339 1069 2372 aegri-

283 2383 569 2420 tudine,diversisque
595 2385 649 2412 illis
688 2385 892 2420 magistratibus
915 2384 1072 2417 defunctus,

282 2437 345 2456 cum
359 2430 467 2457 tandem
483 2430 621 2458 modicum
637 2434 806 2465 aegrotasset,
831 2430 910 2464 juxta
927 2429 979 2456 viri
1001 2429 1070 2463 justi

284 2477 460 2510 sententiam,
471 2484 578 2505 comam
593 2477 743 2512 deponens,
770 2476 897 2511 migravit
912 2476 947 2503 ad
978 2475 1072 2503 Domi-

285 2530 363 2551 unm.

324 2615 340 2642 Γ
344 2615 487 2650 heophilus
506 2620 607 2646 autem.
621 2615 667 2650 qui
684 2614 796 2650 perinde
818 2619 901 2649 atque
925 2613 1073 2643 Mclisscni,

284 2662 412 2698 Lydiatcs
442 2662 650 2698 appellabatur:
685 2661 785 2696 quippe
802 2661 844 2688 vir
871 2668 967 2688 eorum
992 2667 1074 2695 gener

283 2715 353 2742 erat,
379 2710 591 2744 impositamque
621 2709 703 2736 illisa
737 2715 836 2743 genere
862 2707 1072 2742 appellationem

285 2758 343 2792 ipse
362 2757 444 2784 etiam
459 2757 557 2783 mcrito
571 2755 703 2782 abusione
719 2755 832 2781 ferebat.
845 2753 913 2780 Nam
925 2759 952 2781 et
979 2758 1073 2788 proto—

284 2803 417 2837 spatharii
432 2802 563 2837 dignitate
577 2805 693 2828 ornatus
706 2804 773 2827 erat.
787 2799 848 2827 Nati
863 2807 946 2834 porro
973 2807 1006 2826 ex
1041 2805 1074 2825 eo

286 2849 414 2881 inlantes,
432 2850 515 2876 vitam
531 2848 623 2875 statim
651 2855 714 2876 cum
742 2852 830 2874 morte
852 2846 1071 2877 commutabant.

286 2894 421 2928 a.uboque
437 2898 563 2928 parentes
590 2892 791 2928 jucundissimo
808 2899 905 2923 eorum
919 2890 1017 2927 gaudio
1035 2898 1067 2918 at:

321 2949 344 2970 ⁸⁵
361 2948 445 2979 Exod.
464 2958 556 2982 xxxiv,
573 2950 617 2978 ~28.

1125 2339 1321 2375 ἀγαθοεργίαις
1329 2337 1524 2373 προσλάϐοιμι.
1537 2333 1599 2370 Εἶχε
1609 2335 1638 2362 δὲ
1647 2334 1751 2369 τέλοςή
1760 2333 1918 2369 πρόρρησις,

1128 2387 1174 2412 καὶ
1185 2386 1235 2421 τὴν
1247 2384 1416 2420 προφητείαν
1429 2382 1610 2417 ἐπηκολούθει
1626 2381 1661 2408 τὰ
1686 2380 1852 2415 πράγματα.
1882 2377 1919 2410 Τῇ

1127 2433 1182 2466 γὰρ
1198 2432 1262 2466 εὑνῇ
1275 2431 1289 2456 ὸ
1304 2430 1374 2464 ἀνὴρ
1387 2429 1436 2463 τὴν
1452 2428 1529 2454 νόσον
1543 2427 1765 2461 ὲπαποθέμενος,
1799 2424 1846 2451 καὶ
1866 2423 1920 2453 τοῖς

1126 2477 1266 2511 διαφόροις
1284 2475 1399 2505 ἐκείνοις
1410 2472 1578 2500 ὑπεισελθὼν
1599 2470 1754 2506 ἀξιώμασι,
1770 2470 1848 2500 τέλος
1879 2475 1920 2502 μισ

1127 2523 1192 2558 κρὸν
1208 2524 1334 2557 νοσήσας,
1358 2520 1429 2547 κατὰ
1440 2519 1490 2555 τὴν
1503 2519 1550 2545 τοῦ
1563 2518 1669 2544 δικαίου
1682 2517 1838 2551 ἀπόφασιν,
1857 2514 1921 2541 ἀπο-

1129 2568 1250 2603 καρθεὶς,
1269 2568 1337 2603 πρὸς
1358 2567 1459 2602 Κύριον
1476 2565 1638 2599 ἐξεδήμησε.

1164 2614 1294 2650 Θεόφιλος
1304 2614 1334 2639 δὲ
1350 2614 1364 2640 ὁ
1376 2612 1446 2639 κατὰ
1454 2612 1516 2642 τοὺς
1531 2609 1703 2644 Μελισηνοὺς
1718 2607 1858 2642 Λυδιὰτης
1873 2613 1919 2632 κα.-

1128 2660 1258 2696 λούμενος
1279 2658 1415 2694 (γαμϐρὸς
1424 2658 1479 2692 γὰρ
1493 2656 1583 2683 αὐτῶν
1609 2657 1624 2682 ὁ
1637 2655 1713 2689 ἀνὴρ
1731 2652 1899 2689 ἐχρημάτισε
1909 2669 1917 2681 ,

1126 2707 1173 2733 καὶ
1192 2706 1223 2733 τὸ
1262 2706 1295 2732 ἐκ
1317 2704 1412 2738 γένους
1442 2703 1557 2733 ἐκείνοις
1581 2701 1763 2736 παρωνύμως
1788 2697 1918 2727 ἐπιτεθέν,

1130 2753 1243 2783 εἰκότως
1260 2752 1306 2778 καὶ
1332 2746 1410 2781 οὗτος
1421 2747 1650 2783 καταχρηστικῶς
1674 2745 1831 2781 ἐπεφέρετο
1846 2751 1852 2757 ·
1876 2741 1919 2767 καὶ

1124 2798 1179 2833 γὰρ
1194 2798 1241 2825 καὶ
1261 2796 1362 2831 τῷτοῦ
1388 2792 1637 2830 πρωτοσπαθαρίου
1664 2791 1816 2824 ἐτετίμητο
1841 2786 1918 2833 ἀξιω-

1125 2831 1212 2879 ματι),
1225 2843 1259 2870 τὰ
1275 2843 1340 2878 παρ’
1351 2841 1433 2868 αὑτοῦ
1448 2841 1542 2875 νήπια,
1558 2838 1606 2866 τοῦ
1618 2838 1669 2872 ζῇν
1700 2835 1826 2871 αὐθωρδν
1838 2831 1919 2868 ἀπηλ-

1123 2892 1253 2921 λάττοντο
1267 2910 1274 2924 ,
1288 2889 1335 2916 καὶ
1355 2889 1405 2923 τῆς
1426 2888 1539 2923 ἡδίστης
1567 2885 1673 2912 τούτων
1696 2881 1871 2919 χαρμοσύνης
1889 2885 1919 2904 τι
