2077 3157
213 210 266 244 917

781 211 868 242 VITA
888 210 922 240 S.
940 208 1093 240 NICOLAI
1115 208 1301 239 STUDIT/E.

1781 207 1837 240 918

215 266 263 292 aut
276 265 443 297 διασιὼσεως
466 265 550 300 ἄμφω
559 265 598 292 τὼ
611 264 717 300 συμϐίω
733 265 888 301 ἐστέρηντο.
903 263 999 298 Θέλγει

1055 263 1104 290 vita
1119 262 1257 290 carebant.
1273 261 1357 289 Plane
1374 261 1446 288 enim
1473 261 1602 294 mulcent,
1632 268 1692 296 qua:
1719 262 1839 288 maxime

215 311 270 346 γὰρ
281 310 365 342 liv-rm;
378 311 414 337 τὰ
428 311 597 346 τῶν-νηπίων
616 311 798 346 ψελλίσματα,
813 312 846 338 ὲκ
860 311 910 346 τῆς
923 311 999 345 ἀτέχ-

215 365 261 382 νου
287 355 413 391 γλώσσης
444 355 561 390 μάλιστα
595 357 754 392 προϊέμενα.
789 357 844 383 Καὶ
875 356 908 391 δὴ
941 356 1001 391 βου-

213 401 263 436 λὴν
298 401 383 437 καλὴν
417 401 632 436 βουλευσάμενος
659 402 708 428 σὺν
717 403 750 436 τῇ
766 402 884 436 γαμετῇ,
901 400 940 436 τῷ
955 409 1006 436 με·-

214 447 290 482 γὰλῳ
309 447 396 482 τούτῳ
421 447 545 482 φωστῆρι
567 447 765 478 καταλαϐόντες
787 447 1002 481 προσπίπτουσι,

214 494 260 519 καὶ
273 492 322 527 τὴν
339 493 388 527 τῆς
397 492 540 524 άπαιδείας
548 493 646 528 ὀδύνην
665 493 733 527 μετὰ
747 492 851 519 πολλῶν
876 492 1002 528 δακρύων

213 538 403 574 διαγορεύουσι
416 547 423 555 ι
441 541 487 565 καὶ
500 539 594 573 ὥσπερ
609 539 697 574 θυρεῷ
720 547 772 566 τινι
795 539 908 570 ἑαυτοὺς
935 539 1003 574 πρὸς

214 585 263 620 τὴν
287 585 443 619 ἀπρόοπτον
471 585 518 611 τοῦ
549 585 666 612 θανάτου
683 585 739 612 τῶν
763 584 890 621 ὶμῆρύων
917 584 1003 619 φοράν

215 629 490 664 κατασφαλιζόμενοι,
502 630 583 656 αὑτὸν
597 629 642 656 τὺν
659 630 746 664 μέγαν
765 630 813 665 τὴν
825 630 856 656 ὲκ
873 629 922 664 τῆς
936 630 1002 656 ἀνα-

214 675 368 710 γεννήσεως
379 675 426 702 τοῦ
448 675 521 702 θείου
548 675 735 711 βαπτίσματος
749 675 921 710 παρεκάλουν
939 676 1004 702 ἁνα-

214 720 294 756 δοχὴν
306 720 410 753 τούτοις
439 721 623 758 δωρήσασθαι.
650 721 679 749 '0
705 722 734 748 δὲ
754 721 822 756 πρὸς
845 721 924 748 τοῦτο
955 721 1004 756 μὲν

213 767 264 793 οὑκ
275 767 406 793 ἐπένευσε
415 776 422 783 ο
442 767 492 802 τὴν
506 768 593 803 κάραν
606 768 646 794 ’δὲ
663 767 758 794 τούτου
772 767 901 803 βρέφους,
919 764 1005 802 οὗπερ

213 811 371 846 ἐκέκτηντο,
383 813 416 847 τῇ
429 812 494 847 λαιᾷ
505 813 577 848 χειρὶ
593 812 795 847 καθαψάμενος,
805 813 855 848 τήν
866 821 895 839 τε
909 813 1005 846 ἑτέραν

213 856 371 890 άπεωρίσας
383 857 449 889 ἄνω,
462 858 509 884 καὶ
526 858 626 889 ἱκανῶς
638 858 869 893 προσευξάμενος,
884 859 1002 890 Ἀπιτε,

213 903 305 938 φησὶν,
320 903 436 930 οἶκαδε·
447 903 518 930 τάδε
529 904 584 939 γὰρ
591 903 671 938 λέγει
682 903 715 930 τὸ
728 904 850 939 Πνεῦμα
861 903 895 931 τὸ
907 903 1010 938 ἅγιον,-

1053 307 1170 335 infantes
1184 307 1242 334 rudi
1252 307 1343 341 lingua
1350 307 1546 334 balbutimeuta
1557 306 1746 342 pronuntiant.
1763 306 1839 333 Bono

1053 354 1145 389 itaque
1158 354 1283 387 consilio,
1300 361 1353 380 una
1366 361 1427 381 cum
1440 354 1565 389 conjuge,
1581 361 1708 388 magnum
1732 353 1784 380 hoc
1801 353 1842 380 lu-

1054 407 1115 427 men
1129 400 1271 432 adeuntes,
1287 399 1347 434 ejus
1360 406 1390 427 se
1405 399 1539 433 objiciunt
1555 399 1679 434 pedibus,
1693 398 1843 434 multisque

1055 446 1192 482 lacrymis,
1208 450 1360 480 exponunt,
1375 453 1456 481 quem
1471 453 1503 472 ex
1520 446 1637 472 orbitate
1654 446 1739 480 prolis
1765 445 1844 472 dolo-

1055 499 1111 518 rem
1128 491 1317 526 persentirent.
1345 492 1386 518 At:
1417 498 1492 523 vero.
1508 499 1557 518 ceu
1586 491 1705 526 quodam
1735 491 1842 526 clypeo,

1055 536 1199 564 adversum
1218 537 1392 572 improvisarn
1414 536 1487 564 illam
1505 537 1601 564 mortis
1623 536 1757 564 infantum
1784 537 1846 563 vio-

1055 584 1166 611 lentiam
1200 590 1261 611 sese
1287 583 1460 614 munientes.
1495 583 1568 611 hunc
1595 583 1684 618 ipsum
1716 590 1845 617 magnum

1055 629 1156 661 virum,
1170 631 1200 656 ut
1213 630 1381 664 susceptoris
1396 637 1412 656 a
1427 629 1513 656 divini
1533 629 1706 664 baptismatis
1732 637 1845 664 regene-

1055 674 1161 702 rationo
1187 682 1286 702 munus
1303 675 1379 702 obire
1394 675 1563 710 dignaretur,
1597 675 1753 702 obsecrant.
1769 674 1847 702 Hautl

1057 725 1147 748 tamen
1165 720 1210 748 ille
1227 720 1372 755 postulatis
1401 721 1524 753 Taunuit:
1555 725 1639 756 caput
1666 720 1846 748 nihilominus

1057 766 1168 794 infantis
1182 766 1337 801 superstitis
1355 774 1436 793 manu
1447 767 1558 794 sinistra
1572 773 1677 799 tenens,
1691 767 1846 794 dexteram-

1056 819 1108 846 qoe
1119 812 1236 846 desuper
1251 812 1373 844 elevans,
1385 819 1418 839 ac
1429 812 1538 839 abunde
1554 818 1682 846 precatus
1700 821 1707 839 :
1720 811 1845 843 Domum,

1057 858 1154 892 inquit,
1166 858 1235 885 abite
1250 865 1260 884 :
1284 859 1340 885 haec
1355 858 1426 885 enim
1441 857 1506 884 dicit
1523 857 1641 891 Spiritus
1650 863 1757 884 sanctus
1774 865 1782 884 :
1795 856 1845 883 Vi-

1056 908 1095 930 t'et
1107 903 1195 938 puella
1209 911 1219 930 :
1234 905 1334 939 quippe
1353 904 1452 930 femina
1466 909 1525 930 erat
1538 912 1544 930 :
1558 905 1699 937 vestrisque
1716 903 1767 937 ἡ)δί
1782 910 1847 929 ocu-

214 947 258 974 ὄτι
271 948 403 980 Ζήσδται
416 949 450 976 τὸ
460 949 618 983 θυγάτριον
634 949 712 984 (Θῆλυ
727 949 780 991 γὰρ
801 949 917 985 ἐπείπερ
932 948 1004 983 ὲτύγ-

1061 949 1093 976 lis
1108 949 1178 984 ﬁlios
1191 949 1307 984 ﬁliarum
1318 949 1374 984 ejus
1385 949 1466 976 visuri
1481 950 1562 982 estis;
1588 949 1677 984 sicque
1691 957 1735 976 vos
1767 949 1847 975 etiam

213 994 299 1028 χινε),
317 994 365 1020 καὶ
381 994 443 1028 τοῖς
460 995 624 1030 ὀφθαλμοῖς
638 995 721 1029 ὑμῶν
735 995 822 1028 υἱοὺς
834 995 894 1021 τῶν
907 994 1003 1028 αὐτῆς

212 1038 286 1066 υἱῶν
309 1039 521 1074 καταθρήσετε,
550 1041 599 1068 καὶ
612 1041 688 1067 οὕτω
714 1041 778 1075 μετ’
808 1040 1001 1074 εὐφροσύνης

213 1084 262 1111 καὶ
278 1085 362 1120 ὑμεῖς
375 1084 435 1113 τῶν
453 1085 576 1113 ἐνθένδε
600 1085 1002 1120 μεταναστσύσητεηῈπηκο-

212 1130 302 1157 λούθει
317 1131 346 1157 δὲ
355 1133 400 1158 καὶ
411 1128 462 1158 ὧδε
474 1133 530 1163 τοῖς
540 1130 587 1158 τοῦ
597 1131 702 1165 Πατρδς
729 1131 819 1165 λόγοις
831 1130 886 1157 τῶν
906 1138 996 1165 πραγ-

1056 994 1089 1020 ab
1104 994 1227 1021 Immanis
1237 1003 1296 1022 cum
1310 995 1404 1022 laetitia
1418 995 1578 1029 migrabitis.
1596 993 1681 1022 Porro
1701 994 1745 1021 hic
1777 1001 1847 1028 quo-

1056 1047 1109 1074 que
1125 1048 1215 1068 rerum
1235 1047 1346 1068 eventus
1361 1040 1450 1069 Patris
1467 1048 1608 1068 sermones
1617 1044 1782 1068 consecutus
1794 1044 1846 1073 est,

1056 1086 1160 1121 filiique
1176 1087 1294 1114 orbitate
1312 1089 1462 1115 multorum
1482 1088 1602 1115 ﬁliorum
1620 1093 1747 1123 parentes
1763 1088 1848 1125 exsti-

1055 1135 1157 1164 terunt,
1169 1132 1215 1166 qui
1232 1132 1294 1160 filiis
1307 1133 1367 1160 orbi
1378 1138 1467 1160 erant.

215 1180 308 1214 μάτων
321 1181 336 1214 ἡ
347 1179 527 1211 ἓκόασις,καὶ
540 1179 704 1210 πολύτιαιδες
713 1180 746 1214 τῇ
757 1177 871 1214 ἀτεκνίᾳ
882 1177 928 1204 τοῦ
941 1178 1036 1210 παιδὸς
1050 1179 1075 1205 οι
1089 1179 1203 1211 ἄπαιδες
1216 1180 1412 1215 ἐχρημάτιζον.

250 1225 306 1253 Καὶ
320 1225 347 1252 τί
362 1225 396 1252 ἂν
414 1225 524 1260 λέγοιμι
539 1224 574 1252 τὰ
584 1222 778 1257 καθέκαστονς
798 1224 938 1250 Δέδεικται
953 1223 998 1258 δὴ-

215 1279 268 1298 πηυ
283 1270 321 1306 τῷ
337 1269 499 1306 προφητικῷ
518 1270 673 1305 χαρακτῆρι
682 1269 736 1305 [Ian
747 1269 810 1296 add.
821 1268 932 1304 ἆμα]τῇ
950 1267 1003 1294 τῶν

216 1316 362 1351 θαυμάτων
374 1315 489 1350 διόπτρᾳ
521 1314 691 1350 πανταχόθεν
715 1314 762 1341 τὸν
783 1313 868 1348 μέγαν
891 1321 1005 1340 κατακο-

217 1362 384 1397 σμούμενον,
397 1362 421 1388 εί
438 1361 486 1388 καὶ
501 1361 548 1388 τοῦ
565 1361 661 1396 χρόνου
678 1360 717 1396 τῷ
734 1360 816 1395 μήκει
831 1360 865 1386 τὰ
889 1359 1003 1386 πλεῖστα

215 1406 320 1433 τούτων
333 1407 347 1433 ό
360 1407 409 1442 τῆς
423 1406 510 1441 λήθης
523 1406 602 1442 βυθὸς
618 1406 810 1441 ὲθησαύρισεν.
846 1405 915 1432 Ἀλλ’
945 1405 1005 1431 ἐπεὶ

216 1453 250 1480 δι’
265 1453 407 1484 ἀσθενείας
426 1454 440 1480 ὁ
457 1453 537 1486 λόγος
551 1452 681 1487 ἀμυδρῶς
707 1460 766 1483 πως
777 1451 826 1483 τὰς
842 1450 925 1477 αὑτοῦ
943 1451 1005 1484 ἀρι-

1090 1224 1159 1258 Quid
1182 1232 1246 1252 vero
1266 1225 1373 1261 singula
1395 1226 1572 1261 prosequar?
1600 1226 1672 1254 Sane
1702 1225 1847 1261 probatum

1053 1270 1106 1298 fuit
1135 1279 1264 1305 magnum
1289 1272 1363 1300 hunc
1390 1273 1477 1299 virum
1506 1272 1667 1308 prophetico
1704 1273 1845 1300 schemate

1054 1315 1249 1343 miraculorum
1272 1316 1379 1352 dioptra
1397 1317 1511 1344 omnino
1528 1321 1657 1345 ornatum
1673 1324 1743 1350 esse,
1758 1325 1848 1352 quan-

1053 1368 1135 1395 quam
1147 1361 1228 1396 longo
1255 1363 1386 1397 temporis
1413 1362 1490 1396 lapsu
1508 1363 1638 1398 pleraque
1653 1363 1760 1390 illorqu
1775 1364 1845 1390 obli-

1053 1406 1141 1433 vionis
1150 1406 1312 1441 profundum
1325 1407 1476 1434 absorbuit.
1487 1407 1556 1440 Quia
1580 1408 1721 1435 enimvero
1732 1408 1848 1435 obscure

1059 1453 1261 1490 quodammodo
1279 1460 1334 1487 pm
1346 1461 1394 1480 sua
1412 1453 1597 1480 imbecillitate
1611 1453 1735 1480 instituta
1748 1453 1846 1485 oratio,

218 1499 311 1530 στείας
325 1498 532 1532 ὑπεσημάνατο,
547 1498 614 1532 φέρι
627 1497 742 1524 καθόσον
759 1494 816 1524 οἷόν
830 1505 870 1528 τε,
885 1497 941 1527 τοῖς
952 1504 1004 1522 πα-

1059 1497 1119 1532 ejus
1146 1505 1190 1525 res
1210 1499 1337 1532 prmelare
1357 1503 1447 1533 gestas
1462 1499 1616 1534 designavit
1631 1508 1638 1527 :
1654 1500 1783 1534 agejam,
1804 1507 1848 1528 res

216 1544 303 1576 λαιοϊς
317 1543 352 1570 τὰ
372 1544 478 1570 ἐκείνου
500 1543 682 1578 συνάψαντες,
696 1542 845 1570 κάντεῦθεν
862 1542 907 1568 τὸν
922 1541 1007 1577 ἄνδρα

217 1589 409 1624 γνωρίσωμεν.
439 1589 476 1615 Οὐ
494 1589 549 1623 γὰρ
579 1589 682 1623 μερικὰ
710 1587 756 1614 τοῦ
787 1587 946 1622 Πνεύματος
972 1587 1006 1613 τὰ

218 1634 395 1670 χαρίσματα,
421 1635 446 1660 εί
481 1634 528 1661 κάξ
541 1634 670 1669 διάφορος
696 1634 713 1667 ἡ
740 1633 843 1660 τούτων
869 1633 1006 1667 ἐνέργεια.

217 1681 301 1708 Μόνοι
316 1681 370 1715 γὰρ
401 1681 441 1711 είς
458 1680 592 1715 ἀλλήλους
609 1679 818 1715 διαμερίζομεν,
834 1678 865 1705 τὸ
881 1686 1007 1713 προσπα-

217 1727 262 1758 Θὲς
277 1727 358 1762 ἡμεῖς
371 1726 479 1762 ἑκάστῳ
497 1727 532 1753 τὰ
548 1725 640 1762 ἀμερῆ
657 1725 686 1752 ἐν
717 1726 795 1760 μέρει
811 1725 933 1760 μερικῶς
947 1733 1007 1751 συν-

217 1773 344 1804 ιετῶντες
359 1772 409 1809 τῆς
421 1772 549 1808 σχέσεως,
560 1772 666 1799 Ούτωσὶ
681 1772 710 1799 δὲ
721 1772 915 1808 σκοπήσωμεν.

252 1911 409 1946 Θαυμάζεις
431 1910 515 1937 Ἅϐελ
534 1910 584 1947 τὴν
600 1910 649 1945 τῆς
676 1909 790 1945 καρδίας
803 1909 940 1945 εὐθύτητα
959 1910 1006 1936 καὶ

215 1958 250 1984 τά
264 1957 394 1992 ἀρτιγενῆ
409 1956 463 1982 τῶν
482 1955 576 1992 δώρων
589 1955 760 1990 πρωτότοκα,
777 1955 839 1981 ἐπεὶ
869 1955 916 1981 καὶ
936 1955 1005 1989 πρὸς

215 2004 282 2030 Θεοῦ
293 2004 339 2030 τὸν
352 2003 461 2030 ἔπαινον
481 2003 650 2036 ἁπειλήφασι
662 2010 668 2017 ·
683 2001 733 2036 τήν
745 2009 773 2027 τε
789 2000 835 2028 τοῦ
855 2000 938 2032 Ἐνὼς
961 2001 1005 2027 ὲλ-

215 2050 290 2082 πίδα,
306 2048 446 2084 καὶἘνὼχ
454 2049 503 2084 τὴν
521 2048 680 2083 μετάθεσιν·
698 2047 849 2082 θαύμασον,
860 2048 884 2074 εξ
901 2047 1004 2082 βούλει,

215 2095 264 2130 τὴν
279 2095 309 2128 ἐξ
328 2095 412 2130 αὐτῆς
431 2095 594 2129 νηπιότητος
624 2094 673 2120 καὶ
691 2093 786 2120 τούτου
804 2093 855 2129 τὴν
874 2093 1005 2129 άρτιγενῆ

215 2141 269 2167 τῶν
282 2140 388 2176 φρενῶν
401 2143 468 2175 πρὸς
483 2140 513 2166 τὸ
527 2140 605 2166 Θεῖον
633 2139 789 2166 ἀλλοίωσιν·
809 2140 859 2175 τήν
873 2147 903 2166 τε
930 2148 1004 2174 γενι-

214 2186 265 2222 κὴν
280 2186 334 2213 τῶν
353 2186 465 2222 ἡλικιῶν
485 2186 622 2222 ἀπαρχὴν,
636 2185 686 2220 τῆς
701 2185 824 2220 λογικῆς,
845 2185 917 2221 φημὶ
928 2206 936 2218 ,
952 2186 1000 2212 θυ-
1019 2178 1041 2206 D

216 2233 276 2263 σίας
312 2233 344 2258 ὲκ
378 2232 532 2266 πνεύματος
565 2231 810 2267 συντετριμμένου,
836 2232 1003 2272 τιμιωτέραν

215 2279 269 2305 τῶν
286 2278 380 2314 δώρων
393 2278 532 2310 ἀνάθεσιν,
548 2279 594 2304 καὶ
614 2278 664 2313 τὴν
685 2277 810 2304 ἐντεῦθεν
835 2278 940 2310 ἐλπίδα,
957 2279 1004 2305 καὶ

214 2325 264 2361 τὴν
283 2324 330 2351 τοῦ
355 2324 415 2356 νοὸς
440 2325 508 2360 πρὸς
529 2324 564 2350 τὰ
585 2324 655 2360 ὑπὲρ
679 2323 805 2359 αἴσθησιν
830 2324 1004 2359 καθεκάστην

214 2371 395 2408 ὲγγινομένην
415 2371 578 2406 μετάθεσιν*
595 2371 657 2397 ὅσον
674 2371 733 2396 ἐκεῖ
746 2372 806 2406 μὲν,
823 2371 855 2397 ὲκ
870 2371 925 2397 τῶν
940 2371 1004 2406 περὶ

215 2416 322 2447 αὐτῶν,
339 2417 371 2442 ὲκ
385 2416 439 2442 τῶν
464 2415 523 2442 κατ’
539 2415 619 2442 αὑτὸν
634 2415 662 2442 δὲ
677 2415 764 2451 τούτῳ
780 2416 829 2450 τῆς
844 2416 1002 2451 προσφορᾶς

214 2462 232 2496 ἡ
257 2461 408 2493 τελείωσις.
427 2461 458 2487 Εἰ
483 2461 511 2487 δὲ
525 2460 575 2497 τὴν
592 2460 638 2487 τοῦ
660 2461 874 2496 πρωτοπᾰτορος
887 2461 916 2487 ὲν
930 2462 1003 2496 χειρὶ

214 2508 282 2535 Θεοῦ
299 2508 450 2544 γενομένην
472 2507 630 2543 διάπλασιν,
647 2507 695 2534 καὶ
713 2507 762 2542 τὴν
788 2509 817 2534 ἐν
843 2507 1002 2543 παραδείσῳ

214 2553 365 2590 διατριϐὴν,
384 2554 431 2580 καὶ
442 2553 491 2588 τὴν
502 2554 614 2588 πρώτην
629 2552 791 2585 νομοθεσίαν
808 2553 1003 2588 ἀντεπεξάγοις

215 2599 252 2634 τῷ
268 2600 394 2635 ἡμετέρῳ
409 2599 507 2635 Πατρὶ,
532 2593 667 2634 μεῖζον,’ῆ
681 2598 791 2625 ἔλαττον
806 2599 933 2634 εὑρήσεις
948 2599 1002 2634 τῆς

215 2647 357 2682 ἀρετῆςτὸ
374 2646 530 2681 ἐγκώμιον,
565 2646 614 2681 τὴν
641 2646 690 2680 τῆς
718 2646 828 2681 ἐντολῆς
857 2646 1004 2681 ὑφαίρεσιν

214 2693 308 2726 ἄρτιον
326 2693 451 2719 ἐντεῦθεν
474 2692 766 2727 προσλαμῦανόμενος,
780 2693 830 2728 τήν
853 2701 882 2719 τε
895 2693 924 2720 ὲν
947 2701 1002 2719 ’πα-

216 2738 332 2773 ραδείσῳ
347 2738 404 2773 (56)
419 2739 524 2773 τρυφὴν
539 2738 601 2764 ὅσον
615 2737 691 2764 οὔπω
711 2737 780 2773 μετὰ
799 2737 910 2765 δικαίων
935 2739 1002 2765 ἀπ’)-

1059 1543 1118 1578 ejus
1140 1543 1315 1578 antiquorum
1347 1544 1429 1571 rebus
1456 1544 1540 1580 gestis
1568 1544 1754 1577 conferentes,
1783 1545 1848 1572 hinc

1058 1596 1168 1623 quoque
1193 1589 1364 1616 declaremus
1388 1589 1440 1615 viri
1467 1589 1662 1623 prastantiam.
1695 1589 1751 1617 Nec
1774 1589 1847 1617 enim

1059 1634 1177 1669 Spiritus
1202 1635 1274 1661 dona
1301 1635 1475 1669 particularia
1503 1639 1578 1667 sunt,
1597 1635 1718 1670 locisque
1731 1643 1762 1663 ac
1787 1644 1849 1671 per-

1057 1680 1132 1706 sonis
1163 1679 1281 1712 addicta,
1305 1680 1414 1708 tametsi
1438 1687 1534 1707 eorum
1551 1681 1642 1708 virtus
1668 1686 1710 1708 est
1729 1681 1847 1710 diversa.

1058 1725 1218 1761 Soliquippe
1226 1733 1285 1758 nos,
1295 1733 1355 1760 qua:
1366 1725 1504 1752 individua
1516 1730 1592 1760 sunt,
1602 1726 1629 1753 in
1642 1730 1717 1761 parte
1726 1727 1848 1761 particu-

1058 1771 1133 1798 latim
1149 1771 1174 1798 in
1189 1771 1306 1798 invicem
1321 1771 1455 1806 partimur
1467 1779 1500 1799 ac
1509 1771 1670 1804 dividimus,
1682 1779 1735 1807 qua
1751 1780 1849 1800 sumus

1059 1819 1085 1845 in
1104 1818 1221 1853 aliquos,
1243 1817 1414 1846 aﬂ'ectioneui
1431 1819 1587 1854 prodentes.
1617 1819 1664 1847 Sic
1676 1824 1767 1848 autem
1784 1827 1850 1848 c0n-

1059 1863 1222 1892 sidercmus.

1094 1909 1202 1937 Miraris
1220 1910 1313 1937 Abelis
1329 1917 1377 1937 cor
1403 1914 1520 1941 rectum.
1543 1919 1670 1946 novaque
1701 1920 1846 1940 munerum

1058 1957 1204 1991 primitiva,
1221 1957 1332 1991 quando
1347 1957 1429 1983 etiam
1445 1964 1460 1983 a
1474 1956 1530 1984 Deo
1544 1957 1651 1985 laudem
1664 1963 1824 1985 meruerunt
1840 1969 1846 1986 :

1057 2010 1132 2036 spem
1139 2010 1248 2037 quoque
1255 2001 1337 2034 Enos,
1349 2009 1380 2029 ac
1387 2002 1491 2030 Euorhi
1502 2003 1729 2032 translationem:
1752 2012 1846 2032 verum

1058 2048 1140 2084 hujus
1149 2055 1268 2083 quoque,
1277 2048 1299 2076 si
1309 2049 1394 2079 lubet.
1404 2049 1505 2076 mirare
1514 2050 1548 2076 ab
1556 2049 1668 2077 infantia
1682 2050 1740 2085 ipsa
1749 2058 1847 2078 novatn

1058 2102 1156 2122 sensus
1172 2094 1255 2121 animi
1269 2095 1295 2121 in
1309 2094 1392 2121 Deum
1409 2094 1634 2128 demutationem,
1652 2096 1849 2131 universasque

1058 2145 1168 2168 zelatum
1180 2140 1316 2176 primitias
1327 2150 1334 2174 ;
1345 2141 1497 2175 rationalis,
1506 2142 1629 2177 inquam,
1641 2142 1737 2181 hostiae,
1751 2151 1783 2170 ex
1791 2144 1848 2178 spi-

1054 2186 1107 2213 ritu
1116 2186 1434 2221 coutrito,pretiosioretn
1443 2196 1585 2214 munerum
1594 2188 1770 2221 oblationem,
1777 2197 1849 2224 qum-

1054 2239 1107 2266 que
1121 2232 1182 2259 itide
1191 2239 1261 2266 spes,
1276 2240 1308 2259 ac
1321 2233 1420 2260 meritis
1434 2234 1604 2268 quotidiana,
1618 2235 1650 2261 ad
1663 2242 1693 2261 ea
1709 2243 1770 2269 qua:
1785 2243 1849 2262 scn-

1055 2285 1116 2305 sum
1131 2283 1307 2311 exsuperant,
1322 2279 1465 2306 translatio
1482 2279 1585 2307 accedit
1600 2288 1606 2306 :
1621 2285 1726 2314 quanto
1737 2281 1802 2314 illic,
1815 2289 1848 2308 ex

1055 2323 1243 2350 circumstanti
1253 2328 1419 2358 externaque
1431 2325 1595 2356 substantia,
1625 2325 1689 2353 huic
1701 2330 1803 2358 autem,
1815 2334 1846 2353 ex

1057 2369 1183 2404 ipsismet
1206 2370 1328 2404 propriis
1343 2370 1446 2397 oblatio
1462 2377 1680 2399 consummatur.
1695 2372 1741 2399 Sin
1757 2378 1848 2400 autem

1054 2416 1213 2451 protoplasti
1236 2416 1263 2444 in
1287 2424 1368 2444 manu
1384 2416 1430 2444 Dei
1462 2416 1652 2445 formationem
1665 2438 1672 2450 ,
1688 2426 1849 2454 moramque

1053 2465 1081 2492 in
1107 2463 1244 2498 paradiso,
1261 2471 1293 2490 ac
1313 2463 1400 2497 primo
1431 2464 1514 2491 latam
1537 2464 1636 2500 legem,
1660 2464 1732 2492 Patri
1753 2470 1848 2493 nostro

1054 2516 1086 2535 ex
1106 2508 1221 2536 adverso
1248 2508 1428 2543 produxeris;
1445 2511 1546 2545 majus,
1562 2519 1643 2546 quam
1661 2512 1752 2540 minus
1765 2519 1849 2539 enco-

1055 2553 1140 2580 miuui
1157 2553 1268 2581 virtutis
1291 2553 1450 2588 inveneris;
1469 2555 1603 2591 integram
1631 2556 1693 2584 inde
1726 2556 1848 2584 mandati

1057 2599 1261 2634 abrogationem
1279 2607 1434 2632 assumens,
1451 2602 1624 2636 parariis-ique
1653 2603 1699 2629 vix
1717 2610 1770 2629 non
1784 2610 1846 2628 cttm

1054 2645 1304 2680 justisaccepturus
1313 2646 1478 2680 voluptatem
1491 2655 1497 2674 :
1508 2647 1657 2681 siquidem,
1667 2647 1745 2681 juxta
1756 2647 1848 2680 magni

1055 2692 1131 2721 Pauli
1147 2693 1322 2726 sententiam,
1353 2693 1523 2729 impossibile
1542 2698 1584 2721 est
1598 2700 1764 2728 quemquam
1780 2700 1846 2720 con-

1055 2739 1188 2767 summari
1203 2739 1236 2767 “.

213 2785 364 2820 ληψόμενος
377 2793 384 2801 ’
400 2785 462 2812 ἐπεὶ
478 2786 514 2821 μὴ
529 2783 584 2812 οἷόν
596 2786 626 2813 τέ
642 2794 703 2812 τινα
716 2785 892 2820 τελειωθῆναι
904 2786 985 2818 κατὰ,
1005 2787 1050 2814 τὸν
1067 2787 1153 2822 μέγαν
1177 2787 1349 2815 ’Λπόστολον.

249 2844 271 2858 ’⁵
287 2843 368 2871 Hebr.
389 2852 418 2878 tt,
434 2844 478 2872 40.

791 2879 917 2908 FRANC.
934 2879 1130 2910 COMBEFlSll
1149 2881 1265 2910 NOTAE.

250 2925 307 2962 (36)
321 2926 484 2963 Quanquam
513 2927 619 2956 videtur
642 2933 738 2957 auctor
768 2929 913 2958 obscurius
941 2930 1025 2966 loqui,
1045 2930 1111 2960 satis
1138 2935 1228 2959 tatncn
1250 2931 1352 2958 iudicat
1383 2936 1516 2962 Cl‘l'Ol'Clll,
1545 2927 1687 2964 utriusque
1716 2928 1846 2957 Ecclesia
