2077 3157
226 192 296 225 9ίῦ-

257 250 365 279 Laudas
380 249 524 284 Noemnm,
544 250 616 286 quod
635 250 729 278 diluvii
747 258 832 286 aquas
845 251 871 278 in
890 251 996 287 iustitia
1013 255 1037 283 Δ

224 297 346 324 evaserit
366 298 400 330 ’⁷,
418 297 545 331 quodque
559 297 637 324 bruta
658 297 806 324 animantia
823 305 894 325 arca:
909 299 1005 334 lignea:

223 342 326 369 ambitu
346 342 512 369 continuerit
524 342 558 369 ’⁸.
570 342 685 369 Abralne
698 343 760 369 item
778 344 1004 379 hospitalitatem,

223 395 376 422 novamque
391 387 445 414 Deo
461 388 618 415 otl‘erentem
646 388 776 423 unigeniti
789 389 928 423 hostiam;
946 398 1008 418 sus—

223 439 329 467 ceptum
346 433 456 466 inquam
472 441 504 460 ex
515 434 728 468 repromissione
742 435 928 463 immolantem
941 445 949 469 ;
960 438 1007 464 sed

222 486 249 506 et
265 479 346 513 hujns
363 479 441 506 lauda
459 480 587 507 haeretica
606 481 735 508 illuvione
764 482 797 509 ad
812 482 897 509 Deum
913 483 1007 518 perfu-

221 525 306 560 gium,
325 525 452 560 quodque
464 534 564 560 genera
580 527 664 554 multa
680 528 853 555 rationalinm
872 529 985 556 salvarit
1000 540 1006 557 :

221 571 303 597 animi
322 571 384 598 item
401 572 586 607 purgationem
602 592 609 604 ,
624 581 761 608 quamque
781 575 928 602 sacerdotii
944 575 1005 610 jure

221 616 330 643 Christo
347 616 396 650 ipsi
418 624 449 644 ac
477 617 530 644 Deo
557 618 718 652 hospitalem
743 620 850 653 paravit
874 628 1007 648 mensam.

222 661 327 695 Quippe
340 662 386 696 qui
403 663 490 689 'etiam
525 668 611 690 totum
640 671 680 695 se,
706 672 827 692 mensam
850 673 955 693 sacram
976 673 1008 693 ac

221 707 344 741 spiritale
374 708 563 735 holocaustum
605 709 734 736 effecerit.
766 710 849 738 Plane
876 711 1008 738 mirabilis

221 753 306 780 lsaaci
315 756 378 780 ante
393 754 473 780 etiam
487 754 656 781 nativitatem
673 756 819 789 promissio
827 757 861 788 ’νς
879 756 922 783 hic
935 757 1007 783 enim

221 806 287 825 vero
305 799 361 833 ipse
372 799 463 826 statim
491 800 563 827 ultro
587 801 724 835 promisit,
751 807 812 836 post
827 802 909 829 etiam
937 803 1008 829 nati-

221 843 346 871 vitatem.

257 932 324 960 Mira
338 941 447 968 quoque
462 933 604 961 estlacobi
615 935 688 962 scala
700 936 723 952 ³ο
734 943 782 963 ceu
795 937 856 963 novi
867 937 1009 971 cujusdam

223 983 255 1002 ac
279 977 430 1004 admirandi
456 979 625 1006 saeramcnti
648 979 833 1013 designatio“
849 982 919 1009 :viri
948 983 1010 1010 item

222 1022 295 1048 circa
304 1023 424 1056 pecudes
439 1024 569 1056 solertia;
586 1033 635 1052 nec
653 1033 706 1052 non
723 1029 796 1054 tanta
812 1027 867 1058 illa.
878 1027 1012 1055 duodena:

223 1068 307 1100 prolis
327 1076 360 1095 ex
390 1070 492 1097 lumbis
507 1070 566 1105 ejus
582 1072 785 1106 propagatione,
815 1073 945 1101 felicitas:
963 1075 1010 1102 sed

222 1118 249 1138 et
263 1113 344 1147 hujus
377 1114 510 1142 mirabilis
524 1115 668 1148 virtutum,
681 1118 776 1144 morali
805 1119 1011 1147 conversatione

222 1154 314 1186 a-recta'
337 1160 429 1193 scala,
462 1168 511 1188 nec
525 1169 578 1188 non
602 1164 731 1196 pascendi
760 1164 865 1191 ratione
883 1166 1011 1199 praeditos

223 1205 330 1238 peritia.
346 1213 378 1232 ac
392 1206 500 1233 demum
515 1208 624 1242 copiosa
632 1215 665 1235 ex
678 1209 788 1242 lumbis,
802 1210 918 1244 spiritali
929 1215 1009 1245 partu

222 1250 341 1278 ﬁliorum
358 1252 453 1280 editio.

258 1297 438 1326 Beatissimus
452 1299 504 1327 Job
523 1300 550 1326 in
566 1305 686 1328 stercore
711 1301 816 1334 positus
829 1302 862 1334 ",
879 1306 1010 1337 tantaque

223 1342 266 1369 i.lu
280 1344 306 1378 in
318 1345 395 1371 malis
410 1345 562 1378 tolerantia,
576 1346 699 1373 omnium
711 1354 757 1374 ore
773 1347 939 1374 celebratur:
968 1348 1011 1376 hic

222 1395 325 1423 autem,
341 1390 530 1419 fortitudinem
548 1393 621 1419 illam
637 1401 670 1420 ex
686 1393 827 1420 desudatls
850 1395 1010 1422 certamini-

223 1436 477 1472 bnsvulnerumqne
487 1438 629 1466 cicatrices
640 1438 765 1471 indutus,
780 1439 943 1474 longamque
951 1440 1011 1467 aliis

223 1482 339 1515 aliiSque
351 1483 420 1510 locis
431 1491 573 1510 carcerum
588 1484 778 1511 coercitionem
787 1485 1011 1519 stcrcorisinstar

223 1528 354 1558 inferens.
374 1529 440 1556 nihil
458 1529 549 1557 minus
564 1529 611 1556 illo
631 1530 803 1557 tolerantiam
819 1531 916 1558 coluit.

927 194 1098 226 ΑΝΟΝΥΜΙ

1791 199 1844 230 920

1091 253 1227 284 Ἐπαινεῖς
1246 253 1306 280 Νῶε
1333 253 1381 288 τὴν
1397 253 1427 280 ἒν
1452 250 1609 289 δικαιοσύνῃ
1632 254 1679 281 τοῦ
1706 256 1843 282 κατακλυ-

1060 297 1129 331 σμοῦ
1155 299 1316 332 φυγαδείαν,
1346 301 1394 326 κα1⁷
1417 300 1466 335 τὴν
1488 301 1517 326 ὲν
1543 300 1658 335 λάρνακι
1675 301 1768 336 ξυλίνῃ
1789 301 1844 328 τῶν

1046 343 1162 376 ,μάλόγων
1174 343 1251 375 ζώων
1270 345 1436 380 κατάσχεσιν
1449 353 1455 360 ·
1472 345 1519 372 τοῦ
1541 354 1569 372 τε
1590 345 1716 380 ’Λὸραὰμ
1731 347 1781 380 τὴν
1797 355 1844 380 φι-

1058 387 1190 420 λοξενίαν,
1215 390 1262 416 καὶ
1291 390 1341 425 τὴν
1363 390 1411 417 τοῦ
1436 391 1598 426 μονογενοῦς
1618 392 1716 425 καινὴν
1738 391 1844 422 Θυσίαν,

1059 432 1178 466 Θεῷτὺν
1209 434 1242 460 ἐκ
1271 436 1321 470 τῆς
1355 435 1522 469 ἐπαγγελίας
1552 436 1626 470 θῦμα
1646 437 1843 471 προσάγοντα·

1058 479 1164 504 ἐπαίνει
1179 480 1226 505 καὶ
1239 480 1333 506 τούτου
1350 481 1399 514 τὴν
1412 482 1445 508 ἐκ
1464 483 1513 516 τῆς
1541 482 1680 516 αῖρετικῆς
1705 481 1845 508 κατακλύ-

1059 533 1126 555 σεως
1157 526 1224 559 πρὸς
1249 526 1329 553 αὐτὸν
1359 526 1415 562 [ῖσ.
1429 527 1496 562 πρὸς
1519 527 1600 554 αὑτὸν
1623 528 1731 559 πίστιν,
1748 528 1779 561 ἢ,
1797 537 1846 553 κα-

1058 572 1205 608 ταφυγὴή,
1218 574 1265 599 καὶ
1283 573 1348 608 γένη
1363 573 1447 600 πολλὰ
1461 574 1515 600 τῶν
1528 573 1646 606 λογικῶν
1661 573 1844 605 διασώσαντα,

1058 620 1108 653 τήν
1121 627 1150 644 τε
1167 619 1213 644 τοῦ
1227 618 1286 650 νοὸς
1306 619 1451 654 κάθαρσιν,
1469 620 1516 646 καὶ
1540 620 1589 653 τὴν
1604 620 1636 645 ὲκ
1651 620 1700 654 τῆς
1730 619 1845 654 ἱερωσὺ-

1059 673 1107 698 νης
1121 664 1330 698 ὲτοιμασῦεἶσαν
1358 657 1432 699 αὐτῷ
1454 665 1493 699 τῷ
1519 665 1629 700 Χριστῷ
1659 665 1697 700 τῷ
1724 665 1784 699 Θεῷ
1800 674 1845 699 φιν

1059 710 1164 742 λόξενον
1174 710 1313 746 τράπεζαν
1325 719 1331 725 ·
1349 711 1409 737 ἐπεὶ
1426 711 1473 737 καὶ
1489 711 1548 737 ὅλον
1569 711 1676 742 ἐαυτδν,
1692 711 1767 745 ἱερὰν
1778 711 1845 745 τρά-

1060 756 1155 788 πεζαν,
1166 757 1212 783 καὶ
1227 757 1411 790 πνευματικὸν
1425 757 1612 791 ὀλοκάρπωμα
1629 756 1843 792 κατειργάσατο.

1059 801 1209 837 Θαυμαστὴ
1223 801 1357 836 ἀληθῶςὴ
1378 801 1425 828 τοῦ
1444 802 1537 828 Ἰσαὰκ
1554 802 1716 836 ἐπαγγελία,
1733 803 1780 828 καὶ
1792 802 1846 837 πρὸ

1059 847 1222 882 γεννήσεως·
1243 848 1258 874 ό
1273 847 1301 873 δὲ
1331 847 1550 881 αὐτεπάγγελτος
1568 848 1647 879 εὐθὺς
1655 847 1759 882 ὑπῆρξε
1777 847 1846 883 (57),

1061 894 1108 920 mi.
1122 894 1191 929 μετὰ
1200 893 1335 928 γέννησιν.

1028 923 1047 950 Β
1097 923 1245 973 Θαυμαότὴ
1259 923 1307 964 καὶ
1325 938 1373 965 τοῦ
1394 938 1491 965 Ἰακὼό
1504 938 1614 974 κλίμαξ,
1629 939 1667 970 ὡς
1685 939 1840 974 παραδόξου

1064 983 1213 1019 μυστῆρίου
1238 983 1414 1018 προτύπωσις
1427 991 1434 998 °
1452 984 1499 1010 καὶ
1516 984 1533 1018 ἡ
1553 984 1618 1018 περὶ
1642 985 1676 1011 τὰ
1702 984 1846 1018 θρέμματα

1061 1029 1108 1056 τοῦ
1124 1029 1219 1064 ἀνδρὸς
1240 1029 1394 1064 εὐμηχανία
1406 1038 1412 1044 ·
1430 1030 1479 1055 καὶ
1495 1029 1511 1064 ἡ
1527 1030 1559 1055 ὲκ
1574 1030 1623 1064 τῆς
1639 1029 1739 1064 ὀσφύος
1767 1029 1847 1056 δωδε-

1061 1075 1223 1109 καστέλεχος
1240 1075 1293 1101 τῶν
1306 1076 1410 1101 τέκνων
1425 1075 1561 1110 εὑημερία
1572 1084 1578 1090 ’
1596 1076 1739 1110 θαυμαστὴ
1756 1076 1784 1102 δὲ
1801 1076 1848 1102 καὶ

1061 1120 1148 1154 τούτῳ
1164 1119 1220 1155 [ῖσ.
1237 1119 1345 1155 τούτου]
1358 1120 1412 1146 τῶν
1424 1119 1530 1154 ἀρετῶν
1543 1120 1560 1153 ἡ
1576 1119 1676 1154 κλίμαξ
1688 1119 1846 1154 πρακτικῶς

1062 1165 1216 1198 ἐξεγένετο,
1251 1166 1296 1191 καὶ
1316 1166 1332 1200 ὴ
1351 1164 1517 1199 ποιμαντικὴ
1536 1164 1589 1190 τῶν
1606 1164 1722 1198 λογικῶν
1748 1165 1846 1199 ἐμπει-

1064 1210 1110 1246 ρία
1125 1230 1132 1242 ,
1148 1211 1196 1236 καὶ
1223 1211 1240 1245 ἠ
1267 1211 1298 1236 ἐκ
1314 1209 1361 1244 τῆς
1387 1209 1488 1244 ὀσφύος
1512 1209 1650 1245 πλήθουσα
1673 1209 1847 1246 πνευματικὴ

1062 1257 1115 1283 τῶν
1125 1257 1229 1283 τέκνων
1246 1256 1383 1288 ἁπότεξις.

1103 1301 1346 1336 ’1ὼ6ὲπὶκοπρίᾳ,
1362 1301 1409 1328 καὶ
1423 1303 1456 1337 τῇ
1473 1301 1536 1337 περὶ
1548 1302 1582 1328 τὰ
1598 1301 1672 1328 δεινὰ
1697 1302 1845 1337 καρτερίᾳ,

1062 1348 1158 1377 ἐντοῖς
1186 1347 1315 1374 ἁπάντων
1346 1347 1576 1382 καταγεραίρεται.
1598 1348 1746 1381 στόμασιν·
1776 1348 1791 1373 ὁ
1817 1347 1846 1373 δὲ

1064 1393 1109 1428 τὴν
1122 1393 1154 1419 ἐκ
1169 1393 1222 1419 τῶν
1237 1392 1324 1419 ἄθλων
1339 1393 1477 1428 ἀνδρείαν,
1498 1393 1544 1419 καὶ
1561 1392 1616 1418 τῶν
1631 1393 1795 1428 τραυμάτων
1812 1393 1847 1418 τὰ.

1062 1439 1128 1472 ἕλκη
1159 1437 1397 1473 καταῦαλλόμενος
1421 1447 1427 1453 ·
1440 1439 1490 1473 τήν
1507 1446 1536 1464 τε
1553 1438 1586 1464 ὲκ
1601 1437 1683 1463 τόπου
1699 1438 1739 1468 εἰς
1764 1437 1848 1464 τόπον

1061 1484 1171 1519 χρονίαν
1184 1484 1321 1518 κάθειρξιν
1337 1483 1374 1515 ὡς
1391 1485 1507 1518 κοπρίαν
1519 1484 1728 1518 ἐπιφερόμενος,
1748 1483 1847 1518 ἐπίσης

1062 1530 1111 1563 τὴν
1125 1529 1273 1564 καρτερίαν
1292 1529 1437 1564 ὲξήσκησε.

247 1573 361 1606 Magnus
373 1573 472 1606 Moses,
487 1578 617 1608 tanquam
629 1575 676 1610 qui
686 1575 754 1602 deus
762 1575 916 1603 Pharaonis
929 1576 950 1591 "
961 1577 1010 1602 mi-

1097 1575 1192 1608 Μὲγας
1205 1575 1307 1609 Μωσῆς
1323 1574 1359 1605 ὡς
1387 1573 1447 1605 ῡεὺς
1473 1573 1584 1608 Φαραὼ,
1609 1574 1658 1600 καὶ
1684 1573 1759 1606 ξένος
1775 1573 1846 1608 δημ-

224 1620 373 1654 rabilisque
381 1620 471 1654 populi
485 1621 593 1653 ductor,
608 1628 640 1647 ac
657 1621 730 1647 mitis
741 1621 893 1656 lcgislator,
910 1623 1010 1656 utquis

224 1666 306 1698 alius,
319 1665 411 1693 fuerit.
425 1666 479 1693 Sed
494 1671 522 1693 et
533 1659 578 1694 hic
595 1666 774 1694 nihilominus
797 1667 910 1701 perinde
928 1674 1012 1702 atque

225 1712 282 1743 ille,
299 1711 367 1738 deus
383 1712 540 1746 adoptione,
556 1720 588 1739 ac
602 1712 741 1747 legislator
757 1712 931 1746 mitissimus,
951 1721 1012 1740 om-

224 1763 272 1784 ttes
289 1756 438 1783 admonens
453 1757 617 1792 hortansque
628 1757 765 1784 abstinere
775 1765 789 1784 a
803 1758 882 1785 malis
893 1758 1010 1792 actibus,

224 1802 355 1836 virgaque
372 1803 513 1837 depurgati
528 1803 611 1830 animi
623 1811 655 1830 ac
669 1805 745 1831 vacui
764 1804 797 1831 ab
810 1804 1010 1836 adiectionibus,

225 1849 298 1875 varia
327 1849 457 1875 miracula
478 1854 599 1883 patrans,
623 1849 745 1877 imitatus
756 1854 797 1877 est
814 1849 923 1877 Davidis
947 1851 1012 1878 illud

226 1895 252 1922 in
263 1894 342 1922 bellis
359 1895 570 1929 inexpugnabile
584 1896 677 1929 robur,
696 1896 886 1923 habrcticorum
900 1897 1013 1932 phalan-

225 1948 271 1973 ges
284 1941 384 1968 invicta
396 1941 555 1969 fortitudine
568 1942 665 1977 fugans
680 1942 713 1968 “.
725 1941 802 1969 Mitto
817 1943 908 1970 dicere
924 1943 1012 1970 zelum

224 1985 350 2018 Phinees,
368 1993 400 2013 ac
417 1985 482 2013 Elim
495 1986 650 2014 Carmelnm
659 1987 692 2019 ⁸⁸,
704 1986 848 2020 Ειίεαδίιιιιο
860 1987 887 2014 1η
901 1988 1010 2018 melote,

224 2031 324 2065 duplici
339 2032 411 2058 dono
424 2039 583 2059 concessam
609 2031 726 2066 Spiritus
734 2032 788 2058 vim
805 2032 826 2048 ³³
837 2041 845 2059 ι
857 2032 883 2059 in
908 2032 1009 2066 quibus

224 2083 339 2111 magnus
353 2076 408 2107 hic,
429 2077 586 2103 excellentia
602 2077 721 2109 virtutis,
743 2084 823 2112 quam
839 2077 896 2104 tieri
911 2081 1012 2111 potest,

225 2122 348 2156 utrisque
364 2129 410 2149 eos
428 2122 550 2156 partibus
577 2122 724 2156 expressit.

261 2180 283 2195 "
299 2180 367 2211 Gen,
382 2187 430 2211 vn,
447 2180 472 2206 l.

224 2213 285 2242 Joh.
315 2223 335 2246 ι,
365 2220 418 2243 etc.

510 2179 534 2195 ’⁸
545 2179 613 2206 Gen.
631 2184 706 2209 xvnt,
724 2178 742 2205 ‘2
756 2186 838 2211 :nn,
853 2179 880 2206 2.
920 2180 943 2194 ²⁹
959 2179 1026 2207 Gen.
1039 2188 1116 2211 mn,
1127 2181 1170 2208 10.

457 2215 479 2230 ⁸³
492 2214 579 2243 Exod.
613 2221 661 2246 vn,
676 2215 701 2243 1.
724 2213 807 2241 Νυιιι.
825 2222 873 2246 xn,
892 2215 919 2241 3.
957 2214 980 2230 ³⁵
997 2215 1077 2242 Nunt.
1103 2223 1164 2249 xxv,
1182 2215 1209 2243 7.

1063 1620 1181 1653 αγωγὺς,
1197 1619 1242 1645 καὶ
1257 1619 1405 1654 νομοθέτης
1420 1619 1517 1653 πρᾶος,
1529 1619 1553 1644 εί
1564 1618 1609 1644 καί
1618 1627 1659 1648 τις
1671 1618 1759 1649 ἄλλος,
1769 1617 1846 1651 γενό-

1066 1673 1143 1698 μενος
1154 1672 1161 1678 ·
1179 1664 1193 1690 ὁ
1205 1664 1243 1695 δὲ,
1255 1664 1328 1690 θέσει
1346 1663 1394 1698 μὲν
1411 1663 1471 1694 θεὸς
1492 1663 1552 1690 κατ’
1578 1664 1691 1693 ἐκεῖνον,
1704 1663 1752 1689 καὶ
1770 1671 1849 1697 νομο-

1064 1710 1145 1745 θέτης
1169 1710 1333 1745 πραότατος,
1356 1709 1521 1745 παρεγγυῶν
1546 1709 1632 1735 ἅπασι
1656 1709 1710 1735 τῶν
1738 1708 1849 1743 φαύλων

1065 1755 1216 1791 ἀπέχεσθαι
1229 1755 1354 1790 πράξεων
1364 1763 1372 1770 ·
1384 1755 1434 1782 καὶ
1451 1754 1539 1789 ράΰδῳ
1555 1755 1605 1788 τῆς
1629 1755 1764 1786 ἀπαθείας
1780 1754 1848 1781 Θαυ-

1067 1801 1238 1837 ματουργοῦν
1265 1801 1405 1836 διαφόροις
1435 1801 1492 1832 τοῖς
1517 1800 1664 1835 θαύμασιν.
1692 1800 1850 1835 ἐμιμήσατο

1061 1849 1145 1875 Δαόὶδ
1162 1848 1192 1874 τὸ
1207 1849 1236 1874 ἐν
1248 1848 1376 1881 πολέμοις
1390 1846 1615 1881 ἀκαταμάχητον,
1629 1847 1677 1878 τὰς
1690 1846 1745 1872 τῶν
1772 1846 1847 1880 alpe-

1062 1895 1147 1922 τικῶν
1177 1894 1307 1929 ἀνδρείως
1334 1892 1591 1928 κατατροπούμενος
1619 1892 1774 1926 φάλαγγας.
1795 1891 1850 1918 Ἐὦ

1061 1941 1150 1974 λέγειν
1164 1939 1256 1970 Φινεὲς
1272 1939 1316 1965 τὸν
1331 1938 1422 1972 ζῆλον,
1436 1937 1482 1964 καὶ
1511 1936 1604 1963 Ἦλιοῦ
1616 1938 1661 1963 τὸν
1686 1936 1849 1972 Κάρμηλον,

1061 1986 1109 2012 καὶ
1118 1984 1269 2011 Ἐλισσαίου
1280 1985 1329 2018 τὴν
1337 1985 1366 2010 ὲν
1378 1983 1488 2018 μηλωτῇ
1497 1983 1583 2017 διπλῷ
1593 1982 1631 2017 τῷ
1640 1982 1788 2017 χαρίσματι
1800 1980 1849 2007 τοῦ

1064 2030 1222 2065 Πνεύματος
1247 2030 1375 2064 δύναμιν·
1394 2026 1431 2056 ὧν
1448 2030 1462 2055 ό
1477 2030 1563 2063 μέγας
1584 2028 1624 2062 τῷ
1651 2027 1773 2062 περιόντι
1797 2026 1848 2060 τῆς

1068 2077 1179 2112 ἀρετῆς,
1195 2076 1233 2108 ὼς
1249 2074 1304 2103 οἶόν
1319 2085 1360 2109 τε,
1378 2076 1439 2103 κατ’
1465 2075 1609 2110 ἀμφότερα
1621 2073 1726 2104 τούτοις
1749 2073 1850 2107 ἀπεμι-

1066 2124 1181 2158 μήσατο.

1208 2180 1230 2196 ³ο
1247 2179 1315 2207 Gen.
1328 2187 1423 2211 xxvrn,
1437 2179 1479 2205 12.
1518 2179 1539 2195 "
1562 2177 1630 2205 Gen.
1650 2185 1714 2205 nx.
1730 2175 1775 2203 37.
1812 2175 1836 2211 'f

1246 2215 1268 2231 ³⁵
1285 2214 1314 2241 111
1331 2215 1397 2249 Reg.
1417 2209 1505 2246 'xvm,
1522 2213 1566 2241 19.
1606 2212 1629 2228 ³⁸
1645 2211 1677 2239 IV
1695 2211 1762 2246 Reg.
1778 2209 1849 2244 ",9.

810 2270 936 2299 FRANC.
950 2270 1142 2299 COMBEFISH
1160 2270 1275 2299 NOTAE).

226 2337 363 2356 consensu
380 2329 406 2355 in
422 2329 541 2356 Florent.
557 2329 727 2362 damnatmn,
738 2329 764 2356 in
781 2337 836 2364 quo
852 2333 958 2356 versata
973 2333 1015 2356 est
1030 2333 1053 2361 ι)
1067 2328 1165 2364 exponi
1181 2329 1354 2362 apostolum;
1375 2328 1421 2364 sed
1440 2334 1529 2364 neque
1547 2326 1635 2361 prima
1648 2326 1707 2364 illa.
1722 2331 1756 2364 ac
1775 2324 1850 2351 velut

227 2371 326 2398 magna
340 2372 403 2398 pars
420 2365 557 2397 sequioris
570 2364 690 2397 Graaciua,
702 2372 839 2399 quemque
854 2364 926 2399 inea
943 2364 1013 2390 mul-

227 2405 262 2427 tis
282 2400 370 2433 arguit
387 2399 440 2426 Leo
456 2399 570 2426 Allatius
581 2408 678 2434 opnsc.
692 2398 780 2434 nuper
791 2400 864 2426 edito
877 2398 1011 2432 Parisiis;

227 2440 256 2461 nt
272 2434 400 2461 nimirum
426 2434 503 2468 justi,
525 2443 577 2461 non
595 2435 708 2462 omnino
726 2436 820 2462 beatas
845 2435 922 2461 sedes
950 2439 1014 2461 ante

227 2469 351 2496 ultimam
380 2471 645 2496 consummationem
667 2470 820 2504 accipiunt,
837 2477 869 2496 ac
893 2469 1012 2502 paradisi

226 2513 353 2535 annona;
371 2505 417 2532 sed
434 2505 496 2531 ὅσον
513 2504 600 2536 οὔπω,
619 2510 722 2531 tantum
748 2513 809 2535 non,
826 2513 857 2531 ac
871 2504 927 2530 lere
943 2505 1013 2530 reui-

227 2541 315 2574 piant.
335 2540 450 2566 necdum
472 2539 518 2567 Dei
536 2541 641 2566 visione
657 2540 739 2570 beati,
757 2540 803 2567 sed
821 2540 889 2566 locis
899 2539 1014 2572 quihus-

227 2577 287 2601 dum
308 2575 405 2602 lucidis
420 2575 448 2602 ir:
461 2575 560 2609 gaudio
577 2579 697 2609 agentes.
717 2583 779 2601 cum
797 2575 872 2609 impii
901 2582 932 2600 ac
949 2574 1012 2600 mali

227 2611 336 2637 interim
350 2611 439 2637 moesti
454 2615 534 2644 agant
547 2610 572 2635 in
589 2610 785 2637 locisobsi-nris
797 2618 828 2636 ac
843 2610 1012 2644 tenebrosis:

226 2651 256 2672 nt
270 2646 420 2672 etiamnum
436 2643 567 2672 co'tnodo
580 2645 644 2678 justi
661 2645 787 2677 habeant,
807 2652 838 2671 ac
854 2648 914 2678 post
930 2643 1012 2670 Chri-

226 2686 299 2708 stum
317 2680 433 2714 ejusque
456 2686 544 2706 morte
556 2680 690 2706 devictam
714 2685 841 2710 mortem.
856 2687 911 2713 quo
931 2679 1014 2706 sentit

226 2715 348 2742 Ecclesia
366 2716 496 2742 habuisse
510 2720 572 2741 ante
587 2716 724 2745 eumdem.
736 2723 767 2741 ac
784 2716 900 2742 necdum
919 2714 1010 2740 soluto

228 2751 316 2784 pretio
333 2751 492 2780 universali.
508 2751 618 2784 quando
636 2757 730 2777 revera
744 2758 825 2777 nemo
836 2757 1012 2777 consumma-

228 2787 319 2818 hatnr,
348 2787 385 2812 uti
414 2786 555 2820 apostolus
577 2786 611 2812 ab
639 2790 752 2811 auctore
783 2786 883 2812 citatus
903 2785 1009 2820 habet:

229 2821 326 2846 nedum
344 2829 376 2847 eo
393 2819 486 2852 sensu,
503 2828 558 2855 quo
572 2829 622 2847 nec
636 2821 716 2846 modo
731 2823 940 2847 consummatur
959 2819 1009 2845 ali—

229 2854 302 2888 quis,
321 2856 417 2883 nltima
435 2854 548 2883 onmino
565 2856 803 2883 consunnnatione
818 2863 850 2882 ac
875 2855 1009 2889 gloriﬁca-

232 2891 302 2918 tioue
323 2891 407 2919 totius
434 2892 569 2923 hominis,
589 2892 622 2919 dc
647 2899 699 2927 qua
730 2891 811 2918 etiam
841 2891 907 2917 nihil
938 2894 1011 2916 vetat

1066 2360 1250 2396 substanti‘ali.
1264 2372 1325 2397 quae
1344 2364 1371 2390 in
1390 2363 1435 2390 Dei
1451 2360 1557 2397 visione
1578 2361 1715 2389 consistit.
1737 2360 1851 2397 Eastant

1069 2400 1094 2426 in
1112 2399 1236 2426 biblioth.
1256 2395 1338 2433 Regia
1355 2398 1502 2425 Hilarionis
1512 2396 1655 2434 cujusdam
1672 2395 1851 2434 apocalypses

1067 2443 1099 2461 ac
1113 2434 1231 2464 somnia,
1245 2430 1308 2461 cum
1322 2437 1415 2467 aperte
1432 2431 1718 2468 erroremﬂhabentia,
1742 2430 1849 2468 alioqui

1067 2469 1198 2496 doctrina:
1215 2476 1321 2496 ntornm
1335 2465 1389 2494 non
1409 2467 1528 2504 inutilia.
1548 2466 1615 2504 Illud
1632 2466 1726 2504 ἄρτιον
1739 2465 1852 2504 ἐντολῆς

1067 2504 1222 2538 ὑφαίρεσιν,
1236 2508 1264 2530 ιιι
1279 2503 1414 2529 Adamum
1431 2502 1571 2536 respiciat,
1588 2502 1615 2538 id
1630 2501 1707 2538 velit,
1725 2501 1853 2526 omnimo-

1065 2536 1126 2566 dum
1137 2536 1263 2565 ‘ntandali
1275 2539 1342 2565 velut
1356 2538 1592 2565 suburactioncm:
1611 2536 1636 2562 id
1648 2542 1700 2566 est,
1716 2541 1850 2573 summam

1065 2575 1125 2607 ejus
1140 2573 1497 2608 prmvaricationcm,'beato
1513 2573 1559 2598 illo
1571 2575 1654 2608 statu.
1667 2577 1694 2597 et
1708 2577 1769 2608 cum
1784 2568 1853 2594 nihil

1065 2605 1180 2636 essetin
1197 2617 1256 2635 eam
1275 2609 1430 2642 impellens,
1444 2611 1557 2640 excepta
1575 2606 1680 2641 ingrata
1694 2605 1851 2642 voluntate:

1065 2649 1094 2670 nt
1120 2648 1211 2671 autem
1227 2638 1379 2675 Nicolaum,
1402 2638 1540 2669 contrario
1556 2638 1646 2678 sensu
1661 2638 1852 2678 exponendum

1065 2680 1111 2710 sit,
1136 2679 1214 2714 quasi
1240 2679 1307 2706 nihil
1331 2678 1365 2705 ab
1387 2686 1448 2714 c9,
1466 2683 1603 2714 pluet-opto
1632 2676 1853 2714 detractum‘stt.

1064 2711 1385 2749 oltscq'uentissimusque
1405 2713 1450 2738 Dci
1472 2712 1578 2746 legibus
1597 2711 1690 2738 luerit.
1740 2743 1757 2749 ν.
1841 2742 1847 2747 .

1100 2743 1156 2784 (37)
1172 2750 1310 2776 Promissa
1326 2743 1437 2782 copiosa
1455 2743 1529 2785 prole
1544 2751 1662 2785 ex_nat:_t
1686 2743 1785 2779 patella.
1801 2743 1849 2785 cui

1063 2779 1189 2818 parentes
1204 2784 1345 2821 timebant,
1361 2779 1398 2810 he
1415 2789 1441 2809 et
1455 2779 1531 2815 ipsa,
1553 2782 1592 2808 uli
1617 2781 1728 2821 reliqua:
1748 2779 1853 2821 proles,

1064 2825 1226 2854 pra-malure
1252 2819 1473 2852 exstingui-retur
1489 2827 1496 2843 :
1515 2825 1577 2852 qua:
1602 2819 1652 2843 viri
1678 2819 1765 2843 sant-tt
1791 2820 1853 2847 pro-

1064 2856 1153 2890 phetia
1169 2855 1247 2891 paulo
1265 2860 1326 2882 ante
1340 2860 1449 2881 narrata
1463 2858 1515 2880 est.
