2077 3157
206 174 260 206 925

603 176 632 205 S.
651 175 843 207 JOSEPHUS
859 166 1188 212 IIYMNOGRAPHUS.
1209 191 1243 196 —-
1258 178 1427 209 NOTlTlA.

1775 181 1830 212 926

205 244 231 262 τι
246 233 357 269 μνήμης
373 232 549 268 ὲμπύρευμα,
569 233 586 266 ἢ
604 234 650 260 καὶ
667 235 781 269 ὀψώνιον
795 235 913 268 εὐτελὲς,
931 236 992 262 τοῦ-
1006 249 1013 267 Α

1044 237 1149 271 pelago,
1179 238 1308 270 exiguum
1336 237 1387 263 hoc
1418 237 1557 263 memoria!
1582 236 1743 271 fotncntum,
1779 247 1828 266 Seu

204 281 250 308 τόν
266 289 313 306 σου
328 281 362 315 τῇ
379 281 542 306 πανευκ).εεῖ
563 280 610 307 καὶ
626 281 690 316 ἁγίᾳ
705 283 800 317 μνήμῃ
808 282 992 317 ἀναγαγόντες

205 327 250 353 τὸν
262 327 352 360 λόγον.
375 325 537 361 ἀνεοέμευα.
556 327 641 358 Αὐτὸς
667 328 694 353 δὲ
711 327 817 354 ἄνωθεν
848 329 924 363 ἡμᾶς
942 329 993 354 ἐπ-

202 371 330 402 art-cedat;
345 370 433 402 ἵλεως,
460 371 506 397 καὶ
530 371 576 397 τὸν
603 372 796 407 παρεπόμενον
815 373 864 408 τῆς
893 373 994 408 σαρκὸς

207 417 286 451 ἡμῶν
303 417 422 452 πόλεμον
448 417 662 453 κατευμαρίζοις
693 419 835 451 ἑκάστοτε,
859 418 907 445 καὶ
922 419 993 452 διεξ-

204 463 282 497 άγοις
298 463 393 494 αἰσίως
411 465 461 498 τῆς
475 463 648 499 ταλαιπώρου
664 465 736 500 ζωῆς
751 465 828 500 ἡμῶν
848 466 897 502 τὴν
916 467 994 493 οὐθέ-

205 519 289 541 νειαν,
312 510 353 536 ὅτι
377 510 463 536 πολλὰ
477 509 512 536 τὰ
531 511 604 545 παρ’
627 510 724 537 ἐλπίδα
742 511 844 546 ταύτης
861 512 992 546 συμπτώ-

208 564 298 591 ματα.
323 557 371 582 καὶ
388 556 571 591 κυδερνήσαις
595 556 690 592 πόρῤω
717 557 767 591 τῆς
791 559 912 593 πονηρᾶς
938 558 994 584 τῶν

207 602 300 628 παθῶν
324 602 491 636 καταιγίδος,
513 603 562 637 τὴν
584 603 632 629 τοῦ
651 603 710 634 νοδς
733 604 854 639 είρεσὶαν
871 604 994 638 διεξαγό-

208 657 304 683 μενος,
317 648 364 675 καὶ
389 647 555 682 βραδεύσαις
578 649 691 684 εἰρήνην
712 649 760 684 τῆς
774 649 941 684 Ἑκκλησίας
955 649 994 685 τῷ

207 693 360 727 συνθήματι
374 700 380 708 ’
396 693 462 728 ὁρᾷς
493 693 546 728 γὰρ
569 693 646 728 ὅσην,
671 694 719 720 καὶ
741 693 778 725 ὡς
801 694 994 722 καλύπτουσαν

205 737 413 772 ἀμεταστρεπτὶ
429 738 479 772 τῆς
495 738 603 773 ἡμέρας
619 738 668 773 τὴν
684 738 767 774 ὀργὴν
788 740 974 766 ἐπιδείκνυται
985 748 994 756 ν

207 783 253 809 καὶ
268 783 431 815 καταϐάλοις
452 783 538 810 ἐθνῶν
567 784 721 810 ἁτιθάσσων
745 784 874 819 θρασεῖαν
906 785 994 820 ὁρμὴν

176 851 178 854 .
206 829 254 855 καὶ
269 829 414 855 ἀλλόκοτον
439 829 579 864 φρόνημα.
600 829 653 856 Ἴδε
677 830 732 865 γὰρ
756 828 800 857 οἷα
823 830 870 857 νῦν
887 831 922 858 τὰ
935 831 995 857 τολ-

207 875 330 910 μώμενα.
355 874 513 909 Ἐκκλησίαι
535 876 794 911 κατεμπιπρῶνται,
816 877 863 903 καὶ
877 876 914 911 γῆ
928 877 996 912 Χρι-

208 920 324 950 στιανῶν
344 921 402 952 τοῖς
422 921 521 956 αἵμασι
549 921 707 949 σπένδεται·
736 921 783 948 καὶ
800 923 907 952 πείσαις
933 924 994 954 ταῖς
1008 912 1029 941 C

206 965 379 1000 πρεσϐείαις,
402 965 419 1000 ἢ
436 967 503 1001 πρὸς
528 966 577 1002 τὴν
594 967 714 1002 ἀρχαίαν
738 968 784 995 διὰ
807 968 858 1002 τῆς
876 968 995 1001 πίστεως

206 1010 364 1038 ἐπανελθεῖν
376 1011 428 1046 τῆς
442 1011 521 1045 δόξης
540 1011 693 1046 εὐγένειαν.
716 1012 738 1047 ἦ,
751 1013 913 1047 παμπληθεῖ.
929 1021 994 1048 κρο-

205 1055 409 1091 ταψί[ζε]σθαι,
423 1056 460 1088 ὼς
477 1056 540 1091 ἔθνη
552 1057 670 1091 πόλεμον
682 1056 803 1085 θέλοντα.
813 1057 868 1084 Καὶ
880 1057 934 1092 μὴν
948 1057 995 1084 καὶ

206 1101 357 1137 παράσχοις
374 1102 490 1135 ἀγαθαῖς
505 1102 595 1130 ἐλπίσι
616 1104 676 1135 ταῖς
691 1103 762 1138 πρὸς
774 1103 805 1130 τὸ
821 1103 898 1130 Θεϊον
920 1104 994 1138 ἡμᾶς

206 1147 367 1182 πρακτικῶς
382 1147 589 1183 ὲναὸρύνεσθαι,
604 1148 764 1181 δοξάζοντας
778 1149 898 1183 Πατέρα,
918 1148 991 1181 Υίὸν,

206 1192 253 1218 καὶ
266 1192 344 1226 ἅγιον
357 1193 478 1228 Πνεῦμα,
493 1194 543 1229 τὴν
553 1194 645 1230 ἀμερῆ
656 1195 751 1222 οὐσίαν
764 1203 793 1222 τε
807 1195 851 1222 καὶ
865 1195 991 1230 θεότητα,

206 1237 253 1264 νῦν
281 1238 328 1265 καὶ
355 1239 408 1273 ἀεὶ,
435 1240 484 1266 καὶ
510 1241 550 1272 είς
576 1241 640 1272 τοὺς
670 1240 772 1272 αίῶνας
795 1241 850 1268 τῶν
873 1240 990 1268 αἰώνων.

1045 283 1125 310 etiam
1147 282 1200 309 vile
1221 282 1378 314 obsonium,
1402 289 1556 309 sermonem
1583 282 1655 309 hunc
1675 283 1781 319 inclytae
1800 291 1832 310 ac

1045 331 1148 355 sanctae
1168 320 1307 354 memoria}
1330 332 1384 354 tute
1398 327 1556 360 offerentes,
1573 327 1772 356 dedicavimus.
1791 328 1831 355 Tu

1045 381 1109 400 vero
1124 380 1175 400 nos
1190 373 1325 408 propitius
1339 380 1355 401 e
1367 373 1445 400 cadis
1457 373 1574 404 intuere,
1588 374 1716 408 quodque
1727 374 1834 409 jugiter

1043 426 1136 446 comes
1146 418 1220 446 adest
1233 419 1323 446 carnis
1334 419 1446 449 bellum,
1456 419 1577 452 quotidie
1589 420 1699 450 alleves.
1712 420 1833 446 miserae-

1044 473 1098 500 que
1131 465 1194 492 vitze
1225 468 1325 492 nostrae
1349 465 1524 500 exiguitatem
1556 473 1688 500 prospere
1717 466 1831 500 dirigas.

1044 518 1126 546 quam
1141 511 1218 537 multi
1238 518 1318 538 casus
1338 510 1523 545 inexspectato
1542 511 1699 545 excipiunt.
1722 518 1754 538 ac
1767 518 1832 545 pro-

1045 557 1088 583 cul
1105 564 1120 583 a
1135 564 1205 583 saeva
1229 556 1466 591 perturbationum
1489 557 1619 591 procella,
1636 557 1719 583 animi
1740 557 1830 583 navim

1044 603 1179 638 gubernes
1191 610 1222 630 ac
1237 610 1327 636 regas.
1348 610 1497 638 pacemque
1508 602 1635 630 Ecclesiae
1650 603 1732 629 malui
1748 610 1762 630 a
1778 602 1832 630 Deo

1044 649 1180 677 obtinens.
1200 649 1281 676 Vides
1299 650 1371 676 enim
1395 654 1525 684 quantam
1544 657 1681 684 quamque
1702 649 1831 676 immobi-

1045 694 1106 722 liter
1120 695 1191 722 diem
1207 695 1393 730 obtegcntem,
1407 695 1474 722 iram
1489 695 1617 722 exhibeat
1631 703 1638 722 :
1654 695 1839 733 destruasque

1045 742 1164 777 gentium
1181 742 1372 768 indomitorum
1389 741 1521 769 audacem
1537 742 1681 776 impetum,
1699 750 1730 769 ac
1746 742 1831 769 animi

1045 787 1190 815 insolentis
1206 788 1374 822 superbiam.
1394 787 1462 814 Vide
1475 788 1548 814 enim
1566 788 1657 822 qualia
1674 796 1747 815 nunc
1762 796 1832 823 pne-

1045 837 1200 860 sumantur.
1219 833 1346 860 Ecclesia:
1369 833 1567 864 incenduntur,
1592 841 1623 860 ac
1648 838 1719 860 terra
1753 833 1833 860 Chri-

1046 879 1200 906 stianorum
1214 879 1306 906 madet
1325 879 1456 913 sanguine
1474 888 1481 906 :
1498 879 1670 914 suadensque
1685 879 1738 906 tuis
1749 879 1834 906 inter-

1046 924 1229 956 cessionibus,
1240 929 1268 951 ut
1276 925 1318 951 vel
1328 924 1379 952 ﬁde
1387 929 1460 951 recta
1470 926 1502 950 ad
1512 925 1650 958 antiquam
1663 929 1834 952 revertantur

1044 970 1138 1005 gloria;
1153 970 1364 1008 ingenuitatem,
1385 970 1425 997 vel
1449 969 1558 1004 penitus
1580 970 1756 1003 collidantur,
1773 974 1835 997 tan—

1044 1023 1125 1050 quam
1152 1021 1247 1051 gentes
1279 1024 1339 1051 qua:
1353 1016 1423 1043 bella
1447 1016 1553 1043 volunt.
1570 1016 1620 1048 Ita,
1641 1023 1744 1050 quaeso,
1763 1024 1833 1051 pra:-

1044 1065 1166 1096 stesque,
1186 1066 1219 1091 ut
1229 1061 1299 1089 bona
1315 1062 1342 1089 in
1362 1062 1446 1089 Deum
1462 1062 1639 1097 spemoribus
1655 1062 1704 1088 rite
1721 1069 1834 1096 compo-

1044 1107 1105 1134 sitis
1122 1106 1281 1140 gloriemur.
1299 1107 1412 1142 gloriam
1432 1106 1625 1134 submittentes
1645 1106 1730 1137 Patri,
1752 1105 1832 1138 Filio,

1045 1159 1077 1179 ac
1100 1151 1213 1186 Spiritui
1239 1157 1346 1185 sancto,
1371 1151 1517 1178 individu'e
1543 1152 1589 1179 ttni
1617 1151 1776 1179 substantiae
1801 1159 1833 1178 ac

1044 1198 1150 1230 deitati,
1169 1206 1244 1226 nunc
1260 1202 1288 1226 et
1309 1206 1429 1234 semper,
1444 1202 1472 1226 et
1484 1198 1512 1225 in
1534 1198 1634 1226 saecula
1656 1198 1831 1226 satculorum.

1042 1243 1140 1271 Amen.

214 1284 308 1319 ΙΔμήν.

205 1387 1825 1412 m

816 1474 903 1498 ANNO
923 1475 1036 1497 DOMINI
1058 1475 1214 1498 DCCCXCIII

211 1623 266 1682 ε
370 1562 442 1677 8.
506 1561 927 1678 JllSlll’llllS
984 1563 1662 1681 lllllNolllilPlllIS

893 1742 1149 1788 NOTITIA

508 1848 556 1880 (Ex
569 1848 626 1875 Aut.
644 1848 794 1874 MONGITOBIS
815 1847 962 1874 Bibliotheca
985 1847 1078 1879 Sicula,
1092 1848 1205 1873 Panormi
1224 1847 1294 1878 1708,
1313 1850 1371 1876 tom.
1385 1848 1405 1878 l,
1419 1856 1443 1880 p.
1455 1848 1523 1881 δδι.)

237 2012 372 2049 Iosephus
383 2011 617 2049 hymnographus,
630 2012 666 2039 ita
683 2011 718 2039 ab
731 2012 896 2047 hymnorum
912 2011 1097 2045 multitudine,
1111 2018 1182 2046 quos
1199 2011 1365 2044 decantavit,
1380 2012 1543 2047 appellatus.
1561 2012 1630 2040 lucis
1647 2019 1761 2040 usuram
1779 2014 1831 2047 Sy.

203 2059 309 2085 racusis
321 2058 435 2092 accepit,
450 2063 531 2084 natus
551 2064 583 2083 ex
597 2055 705 2084 Plotino
719 2060 746 2082 et
759 2056 862 2090 Agatha
873 2056 1031 2090 parentibus
1049 2055 1147 2082 virtute
1160 2055 1251 2082 claris.
1269 2056 1311 2082 Ab
1326 2055 1438 2082 infantia
1450 2064 1555 2083 morum
1582 2057 1753 2088 maturitate,
1772 2057 1830 2084 vir-

203 2106 261 2128 tute
277 2109 308 2128 ac
325 2101 435 2136 pietate,
453 2101 552 2127 futurae
565 2099 756 2128 sanctimonia:
771 2100 908 2134 specimen
928 2098 1010 2125 dedit.
1027 2098 1119 2126 Sacris
1130 2099 1256 2127 addictus
1271 2099 1368 2127 litteris
1397 2100 1496 2126 mirum
1516 2100 1542 2126 in
1567 2101 1678 2127 modum
1696 2100 1825 2134 profecit.

203 2151 229 2172 et
243 2153 296 2172 non
308 2145 423 2171 obscura
435 2144 556 2171 cmlestis
572 2143 712 2178 sapientiae
724 2150 756 2169 ac
768 2142 867 2170 divina:
899 2142 1063 2176 eloquentiae
1090 2143 1249 2177 splendores
1269 2144 1364 2175 edidit.
1383 2151 1453 2178 qttos
1481 2144 1670 2179 prmrlariores
1694 2144 1828 2170 virtutum

202 2189 377 2216 incrementis
393 2188 491 2221 eﬂ'ecit,
503 2189 549 2216 sed
565 2188 678 2216 ﬂorente
689 2187 778 2214 adhuc
789 2191 867 2214 aetate
886 2194 948 2213 eum
971 2187 1087 2221 Agareni
1106 2186 1257 2221 Syracusas
1272 2192 1464 2222 occupassent,
1492 2193 1522 2215 ut
1552 2187 1735 2214 Barbarorum
1752 2187 1828 2214 furo-

206 2241 261 2260 rem
273 2233 433 2266 declinaret,
443 2233 470 2260 in
483 2233 681 2267 Peloponnesum
692 2231 821 2264 decessit,
831 2231 888 2262 ubi,
905 2230 1008 2258 relictis
1022 2231 1200 2265 genitoribus,
1215 2236 1243 2257 ut
1257 2231 1311 2258 Deo
1321 2231 1432 2259 liberius
1454 2236 1574 2263 vacaret.
1600 2230 1827 2258 Thessalonicam

203 2278 288 2311 petiit,
308 2278 401 2313 ibique
418 2277 598 2305 monasticam
614 2276 644 2304 1),
663 2276 756 2303 Basilii
769 2276 921 2303 institutum
937 2275 1080 2309 amplexus
1096 2279 1137 2302 est
1153 2274 1180 2301 in
1190 2274 1316 2302 cmnobio
1325 2270 1435 2302 Latmui’
1456 2275 1540 2302 dicto.
1555 2275 1594 2302 Eo
1615 2275 1698 2302 animi
1722 2274 1830 2302 fervore

203 2323 354 2357 regularem
368 2322 540 2356 disciplinam
555 2329 701 2356 aggressus
718 2326 770 2353 est,
786 2326 817 2347 ut
831 2320 947 2347 breviter
965 2318 1142 2354 perfectionis
1155 2318 1309 2352 exetnplum
1324 2326 1385 2345 sese
1403 2319 1532 2346 omnibus
1547 2317 1712 2349 exhibuerit;
1730 2318 1825 2345 humi-

203 2366 286 2393 litatis
297 2366 383 2397 enim,
399 2366 571 2398 obedientize,
588 2365 745 2393 solitudinis
761 2373 793 2392 ac
808 2364 909 2391 silentii
934 2362 1025 2390 studio
1052 2362 1177 2389 incubuit
1194 2370 1201 2389 :
1216 2362 1387 2394 austeritate,
1414 2361 1655 2396 contemplatione,
1679 2361 1826 2394 cbaritate,

204 2410 319 2445 aliisque
335 2410 484 2437 virtutibus
494 2415 609 2436 ornatus
628 2409 665 2436 ita
681 2409 798 2441 refulsit,
812 2413 841 2435 ut
861 2408 990 2435 omnibus
1017 2405 1191 2432 admirationi
1211 2411 1296 2433 esset.
1326 2405 1365 2432 Ex
1395 2405 1508 2433 assidua
1520 2413 1660 2432 sacrarqu
1675 2405 1827 2432 litterarqu

205 2459 416 2488 sanctorumque
430 2454 538 2480 Patrum
556 2453 682 2484 lectione,
699 2453 831 2480 virtutqu
858 2454 976 2479 [eruenta
993 2451 1131 2482 eliciebat,
1160 2450 1321 2484 ctelitesque
1337 2450 1484 2485 primarios
1504 2451 1605 2477 nedum
1622 2450 1724 2477 imitari
1741 2457 1827 2476 cona-

205 2498 293 2528 batur.
309 2505 403 2524 verum
419 2497 500 2524 etiam
514 2501 541 2524 et
557 2496 664 2532 hymnis
685 2496 801 2531 aliisque
814 2496 914 2531 ingenii
939 2496 1123 2522 monumentis
1133 2495 1261 2522 extollere
1280 2496 1404 2522 curabat.
1422 2494 1489 2522 lllnc
1504 2494 1530 2521 in
1547 2495 1590 2522 sui
1602 2502 1723 2521 antorem
1738 2501 1770 2521 ac
1780 2501 1828 2521 ve—

161 2539 165 2542 ’
204 2542 372 2569 ιιίιι-θιῐοηειη
401 2549 497 2569 omnes
513 2541 648 2574 trahebat;
662 2541 771 2568 dulcius
783 2546 872 2568 autem
897 2549 959 2568 cum
988 2547 1128 2567 sacrarum
1157 2539 1309 2565 litterarum
1335 2545 1436 2565 arcana
1455 2546 1553 2573 magna
1564 2538 1705 2565 suavitate
1724 2545 1828 2572 expen-

202 2586 289 2612 deret.
307 2585 413 2621 Saepius
426 2585 532 2612 caelesti
545 2585 680 2619 sapientia
706 2585 828 2612 imbutus
857 2585 1081 2616 concionabatnr,
1097 2588 1124 2610 et
1134 2583 1167 2610 ad
1183 2583 1302 2610 virtutes
1322 2583 1526 2617 alnpleclemlas
1541 2583 1698 2610 auditorum
1717 2582 1827 2608 animos

202 2630 356 2657 excitabat:
371 2629 522 2663 proﬂuebat
537 2630 609 2656 enim
627 2637 659 2656 ex
679 2637 729 2656 ore
744 2629 845 2664 egregii
863 2629 911 2656 viri
925 2628 1036 2656 mollitae
1062 2628 1225 2662 eloquentia:
1251 2627 1363 2658 flumen.
1386 2636 1442 2663 quo
1467 2628 1591 2655 omnium
1612 2627 1695 2655 corda
1710 2626 1827 2653 dulciter

203 2674 349 2702 alliciebat.
362 2673 403 2701 0b
415 2675 549 2709 egregiam
571 2673 632 2700 vitm
646 2674 855 2701 sanctimoniam
871 2674 969 2708 dignus
985 2673 1157 2700 existimatus
1183 2673 1230 2707 qui
1242 2673 1395 2700 sacerdotio
1410 2673 1576 2704 initiaretur,
1587 2672 1650 2698 licet
1666 2670 1827 2697 humilitatis

203 2716 275 2743 Vires
287 2717 464 2748 obsisterent,
484 2715 610 2750 precibus
624 2721 650 2743 et
661 2716 820 2743 obedientize
832 2716 924 2748 cessit;
942 2716 1057 2749 ideoque
1073 2717 1121 2743 hac
1135 2716 1267 2750 dignitate
1283 2716 1431 2750 insignitus
1455 2716 1605 2744 ferventius
1618 2715 1747 2741 virtutum
1764 2718 1825 2740 stu-

202 2759 248 2787 dio
263 2760 395 2787 incubuit.
410 2760 536 2787 Duriores
551 2761 717 2795 pmnitentiae
734 2761 805 2794 leges
820 2761 962 2795 amplexus
975 2765 1026 2791 est,
1042 2760 1192 2786 orationem
1221 2761 1381 2794 protrahere
1415 2760 1521 2787 diutius
1545 2758 1661 2788 curavit,
1675 2762 1702 2784 et
1714 2757 1747 2783 ad
1760 2765 1826 2784 san~

203 2804 340 2831 ctimoniat
357 2804 495 2839 fastigium
515 2804 643 2831 omnibus
654 2804 737 2831 animi
763 2805 854 2831 nervis
872 2812 1017 2839 properare
1040 2805 1190 2832 contendit.
1206 2804 1274 2832 Cum
1294 2811 1384 2831 autem
1403 2803 1627 2830 Thessalonicam
1645 2801 1823 2834 pervenisset.

202 2848 230 2874 S.
245 2847 393 2883 Gregorius
411 2844 577 2883 Decapolita,
594 2850 639 2882 qui
655 2848 808 2875 sanctitatis
821 2856 852 2875 ac
869 2848 1063 2875 miraculorum
1087 2848 1173 2883 gloria
1186 2848 1309 2880 ﬂorebat,
1327 2848 1439 2882 Josephi
1465 2845 1674 2874 sanctimoniam
1700 2846 1824 2873 numeris

199 2891 330 2922 omnibus
348 2891 512 2925 absolutam,
526 2891 687 2925 demiratus,
715 2899 778 2920 cum
795 2892 840 2921 illo
863 2892 1047 2921 arctissimam
1074 2893 1288 2922 familiaritatem
1308 2892 1454 2923 contraxit;
1471 2891 1538 2918 adeo
1551 2895 1580 2918 ut
1601 2889 1635 2917 ab
1659 2898 1693 2919 eo
1705 2890 1822 2918 distrahi
