2077 3157
249 204 302 237 ρετ
759 202 788 232 S.
808 202 1000 232 IOSEPHUS
1019 200 1343 231 HYMNOGRAI‘HUS.
1805 196 1859 228 928

251 258 325 285 haud
340 261 478 292 pateretur
494 265 501 284 :
518 256 581 284 hinc
591 255 730 283 discedere
743 260 854 282 coactus
865 255 896 281 ad
913 255 1088 289 gravissimas
1101 261 1144 281 res
1153 252 1386 286 Constantinopoli
1403 251 1618 286 pertractandas,
1635 250 1752 278 ccenobii
1768 252 1860 278 mode—

250 307 365 328 ratorem
382 301 460 328 enixe
475 300 588 334 rogavit,
604 304 633 326 ut
646 298 794 333 Iosephum
820 298 925 324 ititteris
946 297 1050 324 socium
1071 297 1239 332 adjnugeret,
1255 301 1283 323 et
1294 297 1400 323 tandem
1429 296 1555 322 obtinuit.

284 352 548 387 Constantinopolim
561 352 690 386 appulsus
708 350 854 384 Iosephus,
872 350 1036 385 Gregorium
1049 350 1181 376 continuo
1203 349 1322 380 itttuens,
1349 355 1458 374 ontttem
1476 347 1538 374 vitat
1549 354 1606 374 suae
1634 347 1769 373 rationem
1790 346 1817 372 in
1832 353 1861 372 se

251 398 366 425 ﬁdeliter
384 397 534 424 transferre
549 396 673 427 curabat,
706 403 737 422 ac
753 395 834 422 vitatn
850 395 940 428 potius
956 394 1108 428 angelicam
1125 401 1206 427 qttam
1236 393 1384 419 humanam
1408 391 1578 418 traducebat.
1602 391 1670 418 Cum
1695 394 1785 417 autem
1809 389 1862 416 Leo

251 443 316 475 (non
341 441 486 472 Isauricus,
502 445 531 467 ιιι
546 440 626 466 habet
654 439 712 466 Vita
731 439 760 466 S.
775 438 884 472 Iosephi
912 437 983 472 apud
1005 437 1147 464 Octavium
1166 438 1326 468 Caetanum,
1342 441 1408 463 tom.
1437 435 1459 462 ll
1488 435 1612 462 Sanctor.
1630 434 1743 461 Siculor.
1760 442 1787 468 p.
1816 434 1861 464 46,

249 486 295 513 sed
310 487 456 516 Armenus,
473 489 502 511 ut
515 486 591 519 juvta
612 484 740 518 temporis
764 485 881 518 opochas
902 488 972 510 recte
997 483 1141 508 advertunt
1162 479 1326 507 Godelridus
1343 479 1531 506 llenscheuius
1558 482 1585 505 et
1613 478 1704 504 Daniel
1727 478 1863 511 Papcltro—

249 529 327 555 chius
343 529 369 555 in
389 530 461 555 dctis
481 529 531 556 SS.
548 529 565 556 5
596 528 709 563 Aprilis.
725 528 751 554 itt
769 532 917 554 comment.
934 527 1033 561 praevio
1048 525 1080 551 ad
1096 524 1183 551 Vitam
1205 523 1357 557 S.Ioseplti,
1372 523 1385 558 ἓ
1402 523 1454 556 l,p.
1466 522 1528 552 266,
1545 522 1608 548 etin
1626 525 1750 548 annotat.
1766 519 1858 555 p.273)

250 571 465 599 immanissimus
477 571 795 605 Cottstanlinopolitauus
811 571 970 604 imperator,
986 576 1085 595 vesana
1102 567 1176 594 rabie
1191 568 1217 593 in
1230 575 1321 593 sacras
1337 566 1468 600 imagittes
1490 573 1639 599 carumque
1662 565 1783 591 coheres
1811 572 1861 590 sa:—

249 614 328 645 virct,
345 614 374 642 S.
389 614 545 649 Gregorius,
565 614 736 648 imperatoris
763 613 848 640 furori
867 621 895 640 se
906 620 1055 647 opponens,
1081 612 1187 646 publice
1214 610 1376 637 catholicam
1393 609 1470 636 ﬁdem
1487 609 1668 643 propugnavit
1681 616 1691 635 :
1710 608 1773 634 hinc
1791 615 1861 634 non-

251 658 317 684 nulli
343 658 392 685 viri
412 659 529 693 religiosi
545 658 577 684 ad
591 658 762 692 Gregorium,
788 662 916 691 tattqttatn
945 657 978 684 ad
997 657 1056 683 fidei
1080 656 1208 687 athletam
1226 655 1422 689 confugientes,
1453 654 1553 688 saepius
1580 654 1747 684 institerunt,
1765 657 1794 678 ut
1809 652 1863 678 Ro-

250 708 321 727 mam
343 702 375 727 ad
394 709 529 728 suttttntttn
545 700 700 727 Pontilicettt
717 701 744 726 ὃ.
761 700 908 734 Iosephunt
925 701 1056 731 mitteret,
1071 700 1113 726 cui
1131 699 1258 726 Ecclesiae
1279 699 1447 725 calatnitates
1460 705 1491 724 ac
1507 698 1625 725 lidclintn
1642 697 1760 731 pericula
1781 704 1863 731 expo-

251 749 336 776 neret,
353 743 468 779 ideoque
481 749 571 771 noster
587 744 720 778 Iosephus
738 743 860 778 Gregorii
879 744 956 778 jussu
979 744 1092 770 ttotnatn
1109 744 1251 770 veli‘licavit
1265 752 1271 769 ε
1289 748 1317 769 at
1341 742 1368 768 itt
1393 742 1489 769 itinere
1505 751 1518 768 η
1534 742 1629 776 piratis
1648 750 1802 776 aggressus,
1816 749 1862 767 ca-

250 788 340 822 ptivus
354 789 379 814 itt
391 789 498 815 Cretam
515 788 631 814 insulam
645 789 778 815 adductus
797 793 846 820 est,
866 788 908 814 ubi
927 789 951 813 itt
970 788 1076 814 vincula
1102 787 1251 821 coniectus,
1265 787 1382 813 obscuro
1396 786 1498 812 carceri
1524 787 1704 820 mancipatur.
1724 786 1776 812 Sed
1794 786 1864 811 inter

250 837 360 858 catenas
378 832 505 866 gestiens,
521 831 656 858 sociorum
672 832 817 865 lattgttorcs
834 831 936 858 mellita
952 831 1117 865 eloquentia:
1130 830 1154 856 vi
1170 831 1334 859 cntolliebat,
1348 838 1379 856 ac
1391 830 1417 856 itt
1430 829 1490 856 ﬁdei
1505 829 1656 856 constantia
1672 829 1863 856 conﬁrmabat.

250 874 412 908 Episcopum
429 874 512 900 animi
527 874 682 900 inﬁrmitate
697 874 876 905 laborantem,
895 874 939 908 qui
955 879 983 900 ιιι
996 881 1047 900 sca
1068 874 1208 902 laboribus
1230 875 1348 909 eriperet
1374 875 1405 901 ad
1420 874 1569 908 imaginum
1599 877 1786 908 contemptum
1807 868 1864 906 jam

251 918 446 952 propendcbat.
461 918 498 944 ita
515 917 663 950 roboravit,
681 923 710 944 ιιι
748 926 797 952 pro
813 917 912 944 Christi
930 917 981 944 ﬁde
1006 924 1038 943 ac
1054 918 1202 953 imaginum
1227 919 1301 945 cultu
1317 918 1476 952 sanguinem
1489 917 1654 952 profundere
1664 922 1789 952 paratum
1805 917 1866 942 red-

250 961 357 988 diderit.
374 961 534 988 Innumeros
549 969 563 988 e
579 961 679 988 diaboli
697 961 800 996 laqueis
815 961 904 992 solvit,
924 969 955 988 ac
967 961 994 987 itt
1012 961 1061 988 ﬁde
1076 960 1237 989 ﬁuctuantes
1253 962 1380 993 ﬁrmavit,
1397 969 1514 996 quorum
1537 961 1659 988 nonnulli
1673 960 1863 995 martyriipal-

251 1011 321 1030 uiam
341 1004 457 1031 assecuti
474 1009 547 1031 sunt.
562 1004 629 1030 Dum
645 1009 734 1031 autent
752 1005 786 1031 ita
801 1004 938 1031 fructuose
953 1004 1045 1035 vitam.
1061 1005 1111 1032 etsi
1126 1006 1230 1032 catenis
1248 1006 1362 1036 vinctus.
1378 1005 1546 1036 traducebat,
1559 1005 1584 1030 itt
1600 1004 1714 1031 natalitii
1732 1003 1863 1030 Dontittici

253 1053 342 1078 ttocte,
355 1047 542 1081 spiritualibus
554 1048 668 1075 canticis
687 1048 816 1082 producta
832 1055 918 1082 usque
927 1047 958 1074 ad
969 1048 1029 1082 galli
1047 1054 1168 1080 cantum,
1187 1049 1217 1075 Ι).
1230 1049 1357 1076 Nicolaus
1375 1048 1507 1083 lilyrensis
1517 1056 1576 1075 sese
1599 1047 1773 1083 spectabilem
1787 1047 1862 1078 fecit.

251 1098 283 1116 ac
296 1089 414 1124 .Iosapho
432 1091 576 1122 nuntiavit,
591 1091 799 1118 ieonomachum
815 1091 1004 1126 itttperatoretn
1023 1092 1079 1126 jam
1097 1092 1272 1125 defunctum;
1287 1101 1317 1119 se
1340 1097 1430 1119 autem
1461 1091 1729 1126 Constantinopolim
1757 1090 1862 1125 regredi

251 1141 320 1168 opus
335 1141 404 1166 esse,
422 1135 565 1162 utcmlesti
577 1135 710 1169 sapientia
728 1134 829 1161 Christi
844 1135 935 1162 ﬁdeles
951 1135 1127 1162 conﬁrmaret
1144 1136 1225 1163 :itttle
1239 1136 1321 1163 libelli
1349 1136 1442 1163 foliunt
1464 1135 1492 1162 in
1509 1143 1540 1163 os
1552 1135 1611 1169 ejus
1622 1135 1747 1164 immisit,
1763 1134 1789 1160 in
1806 1141 1864 1168 quo

251 1177 308 1204 haec
323 1177 480 1211 legebantur
494 1179 591 1206 verba:
609 1189 618 1204 I
635 1179 761 1206 Accclcra
777 1184 904 1213 tanquam
935 1180 1100 1211 misericors,
1127 1185 1154 1207 et
1172 1180 1266 1207 festina
1283 1185 1408 1214 tanquam
1425 1176 1567 1206 ntiserator
1581 1179 1607 1205 in
1626 1178 1791 1213 atljtttorium
1815 1185 1865 1204 tto-

251 1226 348 1252 strunt,
368 1228 442 1256 potes
459 1223 530 1249 enim
546 1223 568 1250 si
579 1223 628 1249 vis.
642 1231 652 1248 ι
672 1222 734 1250 Hau:
750 1230 812 1249 cum
829 1222 990 1249 suavissime
1015 1223 1197 1253 decantasscl.
1212 1231 1241 1251 se
1266 1224 1368 1250 caelesti
1393 1223 1534 1250 dulcedine
1552 1221 1691 1257 perfusum
1713 1221 1808 1252 sensit,
1833 1228 1866 1247 ae

251 1266 426 1299 Compedibus
440 1267 571 1297 solutum.
586 1271 613 1294 et
631 1275 677 1301 per
696 1275 784 1294 aerem
803 1270 920 1302 raptum;
951 1267 1042 1294 statim
1059 1276 1073 1294 ει
1092 1268 1121 1293 υ.
1141 1267 1253 1294 Nicolao
1271 1266 1535 1301 Constantinopolim
1555 1265 1701 1293 translatus
1717 1269 1770 1292 est.
1790 1264 1861 1291 Cum

250 1307 286 1334 ibi
299 1308 456 1344 Gregorium
469 1310 522 1344 jant
534 1310 691 1337 defunctutn
707 1311 885 1345 deplorasset,
902 1313 928 1338 io
943 1311 1088 1338 ecclesiam
1101 1311 1129 1338 S.
1150 1311 1262 1337 Joannis
1279 1310 1464 1345 Cltrysostouti
1491 1310 1613 1341 secessit,
1641 1309 1686 1336 ubi
1703 1308 1818 1343 populos
1829 1308 1863 1334 ad

249 1352 390 1380 ecclesiam
408 1353 574 1382 conﬂuentes
585 1355 686 1382 caelesti
705 1355 836 1389 sapientia
870 1355 996 1388 erudivit,
1008 1360 1034 1382 et
1047 1357 1079 1382 ad
1098 1355 1220 1382 omnium
1246 1355 1419 1381 eommodutn
1446 1354 1601 1381 cmnobiutn
1625 1346 1771 1384 exstrtntit,
1787 1351 1861 1386 quod

250 1396 342 1423 statim
363 1404 526 1425 numerosus
542 1398 729 1433 religiosorum
757 1405 844 1427 coetus
871 1400 998 1434 explevit.
1026 1401 1142 1433 Accepta
1165 1405 1253 1425 autent
1275 1406 1308 1425 ex
1334 1399 1405 1424 dono
1421 1397 1450 1424 S.
1473 1397 1661 1424 Bartltolomaei
1683 1397 1807 1431 reliquia,
1828 1396 1863 1423 ad

250 1439 311 1472 ejus
327 1441 430 1467 cultttttt
444 1434 588 1469 ecclesiam
601 1443 739 1475 excitavit,
756 1443 849 1477 ibique
862 1443 964 1477 plurics
976 1442 1006 1470 S.
1023 1443 1161 1477 apostolus
1183 1442 1356 1476 spectabilem
1370 1441 1489 1474 Ioseplto
1510 1440 1655 1466 dormienti
1672 1448 1700 1466 se
1727 1441 1861 1473 exhibuit,

251 1483 330 1517 eique
344 1484 434 1511 abdita
449 1486 577 1512 nonnulla
596 1487 732 1521 mysteria,
749 1494 780 1513 ac
803 1487 961 1514 ditIie'tlIitua
977 1494 1117 1514 sacrarum
1144 1486 1292 1512 litterarum
1307 1485 1366 1512 loca
1379 1484 1544 1519 explanavit;
1559 1483 1716 1510 coelestibus
1733 1483 1863 1511 benedic-

253 1527 372 1554 tionibus
387 1532 413 1554 et
429 1528 640 1557 cltarisntatibus
661 1530 820 1562 cumulavit.
848 1535 876 1557 ttt
898 1535 1032 1556 terrarum
1063 1530 1156 1556 orbem
1179 1530 1335 1556 cantionum
1363 1529 1497 1555 suavitate
1515 1527 1693 1558 dentulceret,
1712 1525 1860 1562 Iosepltum

253 1578 368 1604 superna
386 1571 574 1599 benedictione
587 1573 686 1606 bravit,
703 1574 769 1600 etin
793 1574 852 1608 ejus
875 1574 993 1608 linguam
1005 1581 1128 1607 superum
1149 1572 1288 1606 sapientia:
1306 1572 1399 1598 latices
1423 1571 1533 1606 largiter
1551 1570 1650 1598 inﬂuit.
1669 1569 1706 1602 Ex
1719 1574 1784 1597 tunc
1797 1578 1861 1597 car-

253 1614 326 1640 mina
342 1615 435 1648 panxit
449 1615 584 1643 uberrime
597 1624 630 1643 eo
645 1622 752 1643 nectare
769 1617 878 1647 referta,
893 1617 1087 1651 leporibusque
1112 1617 1286 1647 concinnata,
1300 1620 1329 1642 ut
1358 1615 1512 1642 auditorum
1536 1621 1568 1641 ac
1594 1613 1740 1648 legentium
1758 1614 1865 1641 animos

253 1657 320 1683 mira
338 1658 480 1685 dulcedine
495 1659 668 1693 perfundant.
682 1665 708 1686 ct
725 1666 897 1694 quocumque
915 1661 997 1687 vclittt
1015 1659 1144 1687 facillime
1159 1659 1269 1686 ﬁectant
1284 1669 1291 1686 :
1310 1659 1377 1686 adeo
1395 1663 1424 1685 ιιι
1441 1666 1474 1685 ex
1494 1657 1589 1685 iisdem
1602 1656 1786 1684 et‘elicolarum
1799 1665 1864 1684 can.

251 1705 341 1726 torum
362 1701 444 1728 melos
464 1702 571 1729 elﬁuere
587 1702 620 1729 ad
636 1703 788 1730 animarum
805 1704 930 1731 solatium
948 1708 1034 1738 putet.
1049 1703 1117 1730 llittc
1131 1704 1226 1729 merito
1251 1703 1311 1737 ejus
1323 1702 1415 1738 hymni
1429 1701 1463 1729 ab
1481 1701 1600 1728 Ecclesia
1615 1701 1708 1728 Graeca
1724 1701 1750 1728 itt
1775 1701 1862 1729 sacris

255 1744 352 1770 divinre
371 1745 529 1778 psalmodia:
545 1746 611 1773 locis
632 1747 766 1779 translati,
782 1747 814 1774 ad
838 1747 960 1774 coalitum
978 1747 1084 1774 laudem
1111 1747 1301 1774 deeanlantur.
1319 1747 1416 1774 Multos
1434 1745 1461 1772 in
1477 1745 1602 1773 hazresitn
1616 1745 1705 1779 lapsos
1721 1745 1755 1772 ad
1768 1745 1862 1772 catho-

253 1786 331 1813 licam
349 1786 427 1814 ﬁdem
446 1789 591 1820 revocavit.
609 1789 762 1824 tuultosque
777 1798 790 1817 a
803 1790 893 1817 saeculi
922 1790 1055 1817 illecebris
1067 1794 1185 1824 ereptos,
1202 1790 1360 1817 monasticze
1374 1789 1434 1815 vitae
1450 1788 1565 1815 addixit.
1629 1786 1634 1789 ”

289 1842 325 1868 At
346 1842 409 1869 dum
430 1843 456 1870 itt
471 1843 513 1871 bis
536 1844 647 1871 sedulus
671 1844 825 1876 insudahat,
848 1845 940 1880 inclyti
966 1845 1015 1872 viri
1030 1845 1134 1872 labores
1161 1844 1316 1872 exturbavit
1345 1843 1511 1878 Theophilus
1529 1848 1675 1878 Imperator
1693 1844 1768 1880 (non
1793 1844 1867 1871 Con-

253 1886 391 1914 stantinus
404 1887 604 1923 Coprouyntus,
619 1893 649 1915 ut
660 1896 692 1915 ex
705 1889 784 1915 citata
800 1889 960 1916 Hettscitcttii
973 1894 999 1916 et
1012 1889 1191 1924 Papebrochii
1216 1889 1395 1924 correctione)
1413 1889 1459 1923 qui
1474 1892 1501 1915 et
1516 1888 1573 1923 ipse
1601 1888 1686 1915 sacris
1704 1889 1868 1923 imaginibus

252 1929 387 1962 infensus,
402 1929 550 1966 Iosepltutn
566 1932 720 1966 evangeliea
737 1932 862 1959 libertate
882 1933 1102 1965 concionantem,
1122 1933 1148 1959 itt
1177 1932 1303 1959 exsilium
1330 1932 1414 1966 ejieit,
1439 1932 1466 1958 in
1491 1939 1546 1966 quo
1572 1931 1634 1958 forti
1661 1931 1753 1958 anitno
1777 1932 1867 1960 exsilii

248 1981 384 2001 xrumnas
403 1983 547 2009 perpessus
558 1980 608 2009 est,
624 1976 775 2011 usquedum
792 1983 806 2003 a
827 1975 955 2004 Micltaele
968 1977 1134 2011 imperatore
1146 1975 1410 2010 Constantinopolim
1421 1981 1572 2002 revocatur.
1583 1975 1649 2002 lude
1658 1975 1759 2009 spretis
1775 1976 1867 2009 digni-

250 2018 350 2046 tatibus
365 2019 434 2046 ultro
445 2019 496 2046 sibi
511 2019 619 2052 oblatis,
637 2020 828 2047 ecclesiastica:
840 2020 1016 2054 supellectilis
1030 2021 1180 2048 custodiam
1201 2021 1315 2054 accepit.
1334 2025 1362 2047 ut
1375 2020 1481 2055 lguatio
1508 2019 1676 2046 Patriarchze
1695 2020 1872 2054 obtempera-

250 2067 291 2089 ret
308 2071 314 2088 :
331 2062 374 2089 hic
391 2063 462 2089 enim
478 2062 590 2098 Iosephi
604 2064 810 2091 sanctimoniam
826 2063 1031 2098 doctrinamque
1047 2066 1227 2101 perpendens,
1242 2066 1268 2092 itt
1284 2065 1482 2100 pertractandis
1497 2064 1624 2092 Ecclesia:
1644 2065 1761 2100 negotiis
1776 2066 1864 2100 ipsum

247 2105 377 2134 adbibere
405 2107 540 2141 cupiebat,
566 2108 637 2141 quod
664 2115 696 2134 ex
710 2108 809 2134 collato
831 2115 942 2134 munere
967 2108 1084 2136 obtinuit
1103 2119 1109 2136 ε
1127 2110 1240 2143 ideoque
1257 2110 1283 2136 in
1304 2109 1386 2136 rebus
1409 2108 1576 2136 difﬁcillimis
1604 2109 1703 2143 saepius
1716 2108 1865 2144 Ioscpltom

247 2150 417 2180 consulebat,
428 2155 454 2177 et
466 2151 500 2176 ab
513 2151 572 2185 ejus
592 2158 638 2177 ore
666 2151 782 2177 dulciter
803 2151 944 2185 pendebat.
969 2151 1184 2186 Acceptissimus
1194 2153 1275 2180 etiam
1291 2152 1387 2179 Pholio
1401 2152 1553 2180 successori
1572 2151 1634 2184 fttit,
1652 2153 1696 2186 qui
1716 2152 1864 2187 Iosepltum

203 2217 209 2225 κ
246 2202 276 2220 ea
294 2194 507 2228 prosequebatur
520 2195 709 2226 zeslimatione,
729 2200 756 2221 ιιι
770 2195 859 2229 ipsum
875 2195 1023 2229 appellaret
1042 2195 1148 2224 Patrem
1176 2197 1296 2229 Patrum,
1310 2202 1337 2224 et
1353 2197 1491 2224 hominem
1509 2197 1574 2224 Dei:
1592 2202 1720 2231 tanquattt
1737 2196 1863 2231 angelum

248 2238 438 2268 venerabatur.
456 2238 540 2265 cuiet-
552 2238 678 2265 Ecclesia:
691 2239 796 2273 negotia
812 2239 1004 2270 demandabat,
1022 2247 1172 2275 omnesque
1198 2240 1325 2267 Ecclesiae
1345 2240 1476 2275 primates
1494 2240 1663 2272 hortabatur,
1681 2244 1710 2266 ut.
1736 2240 1862 2267 eumdem

246 2281 329 2308 veluti
350 2281 551 2308 sattctissintuttt
566 2281 672 2308 Patrem
699 2283 859 2313 recolerent,
870 2287 894 2309 et
909 2283 958 2317 ipsi
983 2284 1082 2310 mettlis
1103 2291 1201 2310 arcana
1229 2284 1401 2319 detegerem;
1419 2284 1491 2318 quod
1504 2283 1632 2311 libentius
1647 2284 1839 2318 perpetrabant
1854 2291 1861 2309 :

247 2325 402 2360 prophetica
420 2325 561 2352 euimluce
578 2325 717 2360 perfusum
735 2326 838 2357 experti
865 2332 939 2358 sunt,
956 2334 1010 2361 quo
1030 2327 1153 2354 cordiuttt
1180 2328 1327 2361 penetralia
1351 2327 1466 2354 rimabat
1480 2336 1486 2354 :
1502 2326 1638 2361 Iosephus
1655 2332 1744 2354 atttetn
1767 2333 1864 2354 omnes

246 2370 278 2396 atl
299 2373 398 2396 rectam
419 2368 524 2396 Domini
539 2369 609 2395 viam
622 2369 761 2403 dirigebat.
778 2368 898 2396 Tandem
915 2371 1035 2404 undique
1048 2371 1241 2398 celeberrimus
1261 2371 1418 2403 virtutibus,
1429 2379 1468 2402 ,ac
1483 2370 1664 2397 sanctimonia
1681 2370 1861 2402 clarissintus,

248 2414 281 2440 ab
295 2413 390 2447 angelo
406 2413 588 2440 commonitus
598 2417 648 2445 est,
663 2413 714 2439 sibi
736 2413 837 2440 instare
853 2414 947 2441 mortis
959 2414 1030 2441 diem
1050 2423 1057 2447 ;
1075 2415 1190 2450 ideoque
1207 2415 1332 2442 outnibus
1343 2415 1451 2450 rejectis
1466 2415 1550 2447 curis,
1567 2414 1599 2441 ad
1610 2414 1696 2448 ipsam
1713 2413 1863 2441 ferventius

248 2464 278 2483 se
293 2457 406 2491 paravit,
418 2463 449 2483 ac
465 2456 572 2483 tandem
592 2457 623 2482 ad
638 2457 736 2484 cadum
751 2458 876 2490 evolavit,
892 2458 917 2484 itt
935 2466 988 2493 quo
1005 2459 1118 2493 Deipara
1136 2459 1293 2494 ctelitesque
1313 2467 1420 2492 omnes,
1434 2466 1550 2493 quorum
1584 2458 1672 2493 elogia
1697 2457 1863 2485 decantave-

248 2505 298 2532 rat,
314 2508 421 2528 sumtno
436 2501 539 2528 llOllOIC
554 2509 693 2536 excepere,
713 2502 730 2528 5
744 2503 844 2537 Aprilis
859 2510 930 2529 anno
945 2503 1006 2530 885.

283 2555 310 2582 Si
328 2554 404 2590 plura
424 2555 490 2582 tanti
502 2556 553 2583 viri
572 2557 660 2591 cupis,
674 2557 786 2585 consule
797 2558 857 2592 ejus
874 2558 963 2585 Vitam
981 2566 995 2586 a
1012 2558 1116 2586 Joanne
1133 2557 1251 2586 Diacono
1263 2558 1402 2593 scriptam,
1416 2557 1486 2592 apud
1499 2556 1640 2584 Octavium
1654 2556 1815 2589 Caetanum,
1831 2564 1859 2583 tn

249 2599 319 2627 Vitis
334 2598 385 2626 SS.
403 2599 557 2628 Siculorum
570 2620 577 2632 ,
610 2605 677 2628 tom.
700 2601 728 2633 ll,
744 2601 817 2636 p.55,
833 2602 866 2629 ab
881 2609 913 2629 eo
927 2603 1042 2637 primum
1057 2603 1108 2629 sub
1119 2601 1519 2640 anonymiscriptorisnotnine
1528 2601 1639 2633 editam,
1652 2608 1685 2627 ex
1697 2608 1749 2627 ms.
1767 2600 1864 2627 Codice

246 2643 341 2671 Graeco
354 2645 509 2672 monasterii
522 2643 551 2672 S.
569 2644 719 2672 Salvatoris
734 2645 874 2678 Messaoat,
886 2647 920 2673 ab
933 2647 1085 2681 Augustino
1110 2645 1211 2673 Florito
1222 2653 1278 2672 soc.
1294 2646 1354 2680 jesu
1378 2645 1522 2672 Latinitate
1541 2645 1686 2676 donatam;
1701 2644 1796 2671 exinde
1812 2644 1863 2671 sub

245 2687 360 2714 Ioannis
377 2687 487 2716 Diaconi
504 2689 614 2716 nomine
626 2690 748 2716 eamdem
770 2690 796 2715 in
814 2689 900 2716 lucem
917 2691 1032 2718 emisere
1053 2691 1238 2719 llenschenius
1254 2696 1280 2718 et
1296 2690 1507 2724 Papebroehius,
1525 2689 1551 2716 itt
1567 2689 1641 2716 Actis
1654 2688 1704 2716 SS.
1718 2689 1735 2716 5
1749 2688 1862 2723 Aprilis.

247 2741 264 2767 p
288 2732 352 2763 269;
366 2732 374 2767 (
393 2732 509 2760 ltietiatn
525 2731 614 2759 Vitam
633 2741 656 2759 s.
668 2732 778 2766 Iosephi
793 2741 825 2760 ex
846 2733 1004 2768 Synaxariis
1019 2743 1085 2763 mss.
1100 2735 1208 2762 edidere
1226 2742 1253 2770 p.
1268 2734 1342 2769 266;)
1356 2735 1479 2761 eamdem
1493 2734 1575 2760 etiam
1587 2741 1619 2760 ex
1638 2733 1800 2767 perautiquo
1815 2739 1863 2758 co-

247 2778 306 2804 dice
315 2777 487 2805 Bibliotltecte
503 2777 640 2804 Vaticante
655 2777 682 2804 in
699 2777 825 2805 Latinum
840 2779 997 2806 translatam
1014 2787 1028 2806 a
1041 2779 1179 2806 Ludovico
1192 2778 1339 2806 Marraecio
1352 2785 1368 2805 e
1381 2779 1589 2812 congregatione
1602 2777 1700 2804 Cleric.
1715 2776 1798 2811 regul.
1811 2776 1863 2802 Ma-

249 2821 298 2847 tris
313 2820 368 2853 Dei,
383 2822 466 2848 edidit
483 2821 644 2856 Hippolytus
660 2820 825 2848 Marraccius
843 2821 935 2855 frater,
953 2823 1072 2856 ejusdem
1088 2823 1313 2859 Congregalionis
1330 2823 1458 2850 sacerdos
1475 2822 1500 2848 itt
1519 2821 1631 2848 Mariali
1646 2821 1733 2856 ipsius
1745 2819 1774 2847 S.
1786 2819 1864 2847 Iose-

248 2865 303 2897 ιιιιί,
317 2865 363 2898 (μή
378 2870 405 2891 et
418 2873 448 2892 ca
467 2874 527 2900 qua:
544 2866 570 2892 in
588 2866 743 2893 Grzecoruut
766 2865 873 2893 Menaeis
893 2875 924 2894 ac
950 2867 1106 2901 Mettologiis
1120 2868 1153 2894 de
1167 2867 1284 2902 Ioseplto
1311 2867 1453 2898 habentur,
1475 2866 1620 2893 lectoribus
1635 2865 1766 2892 exhibuit.
1783 2863 1818 2890 De
1829 2870 1862 2889 eo

245 2907 327 2936 etiam
344 2908 478 2944 Iosephus
497 2909 668 2944 l’crdicarus,
682 2910 709 2938 itt
732 2910 806 2938 Vitis.
819 2910 870 2939 SS.
887 2911 1047 2944 Siculorum,
1060 2920 1086 2947 ι).
1097 2912 1163 2944 2δὲ;
1175 2911 1352 2946 llierottyutus
1362 2910 1478 2946 Uascapc
1489 2909 1738 2945 Epftettwt'fd.sa6l'.
1756 2907 1862 2942 3Apri-

1421 2954 1430 2966 \
