  <div class='ocr_page' id='page_1' title='image "/cluster/home/n/w/nwhite01/storage/ocr_20150623/105/njp.32101077772893/526.png"; bbox 0 0 2077 3157; ppageno 0'>
   <div class='ocr_carea' id='block_1_1' title="bbox 205 161 1820 198">
    <p class='ocr_par' dir='ltr' id='par_1_1' title="bbox 205 161 1820 198">
     <span class='ocr_line' id='line_1_1' title="bbox 205 161 1820 198; baseline -0.004 0"><span class='ocrx_word' id='word_1_1' title='bbox 205 165 257 198; x_wconf 69' lang='grc' dir='ltr'><strong>9Ξ9</strong></span> <span class='ocrx_word' id='word_1_2' title='bbox 922 164 1088 195; x_wconf 81' lang='grc' dir='ltr'><strong>ΝΟΤῘΊῚΑ.</strong></span> <span class='ocrx_word' id='word_1_3' title='bbox 1765 161 1820 193; x_wconf 67' lang='lat'><strong>9&#39;30</strong></span> 
     </span>
    </p>
   </div>
   <div class='ocr_carea' id='block_1_2' title="bbox 206 219 1819 258">
    <p class='ocr_par' dir='ltr' id='par_1_2' title="bbox 206 219 1819 258">
     <span class='ocr_line' id='line_1_2' title="bbox 206 219 1819 258; baseline -0.002 -8"><span class='ocrx_word' id='word_1_4' title='bbox 206 224 240 250; x_wconf 87' lang='lat' dir='ltr'><strong>lis</strong></span> <span class='ocrx_word' id='word_1_5' title='bbox 254 231 268 249; x_wconf 71' lang='grc' dir='ltr'><strong>ει</strong></span> <span class='ocrx_word' id='word_1_6' title='bbox 285 230 345 257; x_wconf 77' lang='lat' dir='ltr'><strong>pag.</strong></span> <span class='ocrx_word' id='word_1_7' title='bbox 357 223 401 256; x_wconf 75' lang='lat'><strong>5|;</strong></span> <span class='ocrx_word' id='word_1_8' title='bbox 418 222 511 250; x_wconf 87' lang='lat' dir='ltr'><strong>Simon</strong></span> <span class='ocrx_word' id='word_1_9' title='bbox 528 222 760 258; x_wconf 74' lang='lat' dir='ltr'><strong>Wungnereckius</strong></span> <span class='ocrx_word' id='word_1_10' title='bbox 778 222 803 249; x_wconf 92' lang='lat' dir='ltr'><strong>in</strong></span> <span class='ocrx_word' id='word_1_11' title='bbox 831 222 1032 257; x_wconf 77' lang='lat' dir='ltr'><strong>Prolegotnenis</strong></span> <span class='ocrx_word' id='word_1_12' title='bbox 1046 222 1077 247; x_wconf 83' lang='lat' dir='ltr'><strong>ad</strong></span> <span class='ocrx_word' id='word_1_13' title='bbox 1101 221 1226 248; x_wconf 77' lang='lat' dir='ltr'><strong>Pietatem</strong></span> <span class='ocrx_word' id='word_1_14' title='bbox 1247 219 1394 248; x_wconf 72' lang='lat' dir='ltr'><strong>Matianum</strong></span> <span class='ocrx_word' id='word_1_15' title='bbox 1416 219 1577 252; x_wconf 78' lang='lat' dir='ltr'><strong>Cra-corum,</strong></span> <span class='ocrx_word' id='word_1_16' title='bbox 1590 228 1616 246; x_wconf 93' lang='lat' dir='ltr'><strong>n.</strong></span> <span class='ocrx_word' id='word_1_17' title='bbox 1629 219 1674 251; x_wconf 68' lang='lat'><strong>22;</strong></span> <span class='ocrx_word' id='word_1_18' title='bbox 1690 220 1735 253; x_wconf 86' lang='lat' dir='ltr'><strong>qui</strong></span> <span class='ocrx_word' id='word_1_19' title='bbox 1748 219 1819 246; x_wconf 77' lang='lat' dir='ltr'><strong>duos</strong></span> 
     </span>
    </p>
   </div>
   <div class='ocr_carea' id='block_1_3' title="bbox 206 262 1817 302">
    <p class='ocr_par' dir='ltr' id='par_1_3' title="bbox 206 262 1817 302">
     <span class='ocr_line' id='line_1_3' title="bbox 206 262 1817 302; baseline -0.002 -10"><span class='ocrx_word' id='word_1_20' title='bbox 206 267 350 301; x_wconf 78' lang='lat' dir='ltr'><strong>distinguit</strong></span> <span class='ocrx_word' id='word_1_21' title='bbox 371 266 504 301; x_wconf 83' lang='lat' dir='ltr'><strong>.losophos</strong></span> <span class='ocrx_word' id='word_1_22' title='bbox 518 267 748 302; x_wconf 68' lang='lat' dir='ltr'><strong>hymnographos,</strong></span> <span class='ocrx_word' id='word_1_23' title='bbox 768 274 884 300; x_wconf 88' lang='lat' dir='ltr'><strong>quorum</strong></span> <span class='ocrx_word' id='word_1_24' title='bbox 898 273 978 295; x_wconf 86' lang='lat' dir='ltr'><strong>unus.</strong></span> <span class='ocrx_word' id='word_1_25' title='bbox 999 264 1029 290; x_wconf 84' lang='lat' dir='ltr'><strong>S.</strong></span> <span class='ocrx_word' id='word_1_26' title='bbox 1047 264 1180 291; x_wconf 87' lang='lat' dir='ltr'><strong>Theodori</strong></span> <span class='ocrx_word' id='word_1_27' title='bbox 1199 264 1313 290; x_wconf 69' lang='lat' dir='ltr'><strong>Studita:</strong></span> <span class='ocrx_word' id='word_1_28' title='bbox 1331 264 1424 295; x_wconf 76' lang='lat' dir='ltr'><strong>frater,</strong></span> <span class='ocrx_word' id='word_1_29' title='bbox 1438 264 1582 298; x_wconf 81' lang='lat' dir='ltr'><strong>cpiscopus</strong></span> <span class='ocrx_word' id='word_1_30' title='bbox 1590 262 1817 290; x_wconf 68' lang='lat' dir='ltr'><strong>Thessalonicen-</strong></span> 
     </span>
    </p>
   </div>
   <div class='ocr_carea' id='block_1_4' title="bbox 207 307 1817 346">
    <p class='ocr_par' dir='ltr' id='par_1_4' title="bbox 207 307 1817 346">
     <span class='ocr_line' id='line_1_4' title="bbox 207 307 1817 346; baseline -0.002 -10"><span class='ocrx_word' id='word_1_31' title='bbox 207 310 256 341; x_wconf 82' lang='lat' dir='ltr'><strong>sis,</strong></span> <span class='ocrx_word' id='word_1_32' title='bbox 269 311 337 336; x_wconf 83' lang='lat' dir='ltr'><strong>alter</strong></span> <span class='ocrx_word' id='word_1_33' title='bbox 353 314 444 336; x_wconf 80' lang='lat' dir='ltr'><strong>uoster</strong></span> <span class='ocrx_word' id='word_1_34' title='bbox 459 311 568 337; x_wconf 83' lang='lat' dir='ltr'><strong>Siculus</strong></span> <span class='ocrx_word' id='word_1_35' title='bbox 583 319 590 343; x_wconf 89' lang='lat'><strong>;</strong></span> <span class='ocrx_word' id='word_1_36' title='bbox 607 315 633 337; x_wconf 86' lang='lat' dir='ltr'><strong>et</strong></span> <span class='ocrx_word' id='word_1_37' title='bbox 647 311 709 336; x_wconf 85' lang='lat' dir='ltr'><strong>huic</strong></span> <span class='ocrx_word' id='word_1_38' title='bbox 727 310 902 336; x_wconf 83' lang='lat' dir='ltr'><strong>ascribendos</strong></span> <span class='ocrx_word' id='word_1_39' title='bbox 915 313 991 343; x_wconf 87' lang='lat' dir='ltr'><strong>putat</strong></span> <span class='ocrx_word' id='word_1_40' title='bbox 1002 316 1120 335; x_wconf 86' lang='lat' dir='ltr'><strong>canones</strong></span> <span class='ocrx_word' id='word_1_41' title='bbox 1135 309 1180 345; x_wconf 68' lang='lat' dir='ltr'><strong>qui</strong></span> <span class='ocrx_word' id='word_1_42' title='bbox 1195 309 1220 341; x_wconf 77' lang='lat' dir='ltr'><strong>in</strong></span> <span class='ocrx_word' id='word_1_43' title='bbox 1238 308 1394 341; x_wconf 64' lang='lat' dir='ltr'><strong>Graecorum</strong></span> <span class='ocrx_word' id='word_1_44' title='bbox 1408 307 1516 335; x_wconf 67' lang='lat' dir='ltr'><strong>Menaeis</strong></span> <span class='ocrx_word' id='word_1_45' title='bbox 1527 308 1628 334; x_wconf 90' lang='lat' dir='ltr'><strong>nudum</strong></span> <span class='ocrx_word' id='word_1_46' title='bbox 1645 307 1755 346; x_wconf 88' lang='lat' dir='ltr'><strong>.Iosephi</strong></span> <span class='ocrx_word' id='word_1_47' title='bbox 1770 315 1817 333; x_wconf 87' lang='lat' dir='ltr'><strong>uo-</strong></span> 
     </span>
    </p>
   </div>
   <div class='ocr_carea' id='block_1_5' title="bbox 207 350 1816 390">
    <p class='ocr_par' dir='ltr' id='par_1_5' title="bbox 207 350 1816 390">
     <span class='ocr_line' id='line_1_5' title="bbox 207 350 1816 390; baseline -0.002 -10"><span class='ocrx_word' id='word_1_48' title='bbox 207 362 268 380; x_wconf 87' lang='lat' dir='ltr'><strong>men</strong></span> <span class='ocrx_word' id='word_1_49' title='bbox 285 354 448 389; x_wconf 69' lang='lat' dir='ltr'><strong>prarl&#39;crunt;</strong></span> <span class='ocrx_word' id='word_1_50' title='bbox 464 354 578 389; x_wconf 83' lang='lat' dir='ltr'><strong>ejusque</strong></span> <span class='ocrx_word' id='word_1_51' title='bbox 588 355 727 381; x_wconf 68' lang='lat' dir='ltr'><strong>sententia:</strong></span> <span class='ocrx_word' id='word_1_52' title='bbox 745 354 882 380; x_wconf 61' lang='lat' dir='ltr'><strong>adhaerent</strong></span> <span class='ocrx_word' id='word_1_53' title='bbox 898 352 1085 379; x_wconf 85' lang='lat' dir='ltr'><strong>Henschenius</strong></span> <span class='ocrx_word' id='word_1_54' title='bbox 1096 356 1122 377; x_wconf 84' lang='lat' dir='ltr'><strong>et</strong></span> <span class='ocrx_word' id='word_1_55' title='bbox 1135 351 1346 390; x_wconf 71' lang='lat' dir='ltr'><strong>Papebroehins.</strong></span> <span class='ocrx_word' id='word_1_56' title='bbox 1363 352 1389 378; x_wconf 92' lang='lat' dir='ltr'><strong>in</strong></span> <span class='ocrx_word' id='word_1_57' title='bbox 1414 359 1513 378; x_wconf 88' lang='lat' dir='ltr'><strong>comm.</strong></span> <span class='ocrx_word' id='word_1_58' title='bbox 1543 351 1642 385; x_wconf 64' lang='lat' dir='ltr'><strong>praevio</strong></span> <span class='ocrx_word' id='word_1_59' title='bbox 1667 353 1700 383; x_wconf 74' lang='lat' dir='ltr'><strong>ad</strong></span> <span class='ocrx_word' id='word_1_60' title='bbox 1727 350 1816 377; x_wconf 84' lang='lat' dir='ltr'><strong>Vitam</strong></span> 
     </span>
    </p>
   </div>
   <div class='ocr_carea' id='block_1_6' title="bbox 208 394 1817 433">
    <p class='ocr_par' dir='ltr' id='par_1_6' title="bbox 208 394 1817 433">
     <span class='ocr_line' id='line_1_6' title="bbox 208 394 1817 433; baseline -0.002 -9"><span class='ocrx_word' id='word_1_61' title='bbox 208 397 222 433; x_wconf 82' lang='lat'><strong>§</strong></span> <span class='ocrx_word' id='word_1_62' title='bbox 238 398 265 429; x_wconf 76' lang='grc'><strong>2,</strong></span> <span class='ocrx_word' id='word_1_63' title='bbox 288 406 316 424; x_wconf 88' lang='lat' dir='ltr'><strong>n.</strong></span> <span class='ocrx_word' id='word_1_64' title='bbox 328 398 360 424; x_wconf 81' lang='grc'><strong>10</strong></span> <span class='ocrx_word' id='word_1_65' title='bbox 371 403 397 425; x_wconf 85' lang='lat' dir='ltr'><strong>et</strong></span> <span class='ocrx_word' id='word_1_66' title='bbox 412 399 453 425; x_wconf 77' lang='grc'><strong>11.</strong></span> <span class='ocrx_word' id='word_1_67' title='bbox 472 397 537 425; x_wconf 80' lang='lat' dir='ltr'><strong>Vide</strong></span> <span class='ocrx_word' id='word_1_68' title='bbox 556 399 636 425; x_wconf 84' lang='lat' dir='ltr'><strong>etiam</strong></span> <span class='ocrx_word' id='word_1_69' title='bbox 651 398 782 425; x_wconf 84' lang='lat' dir='ltr'><strong>Jacobnm</strong></span> <span class='ocrx_word' id='word_1_70' title='bbox 807 397 880 424; x_wconf 85' lang='lat' dir='ltr'><strong>Goar</strong></span> <span class='ocrx_word' id='word_1_71' title='bbox 891 397 921 423; x_wconf 83' lang='lat' dir='ltr'><strong>in</strong></span> <span class='ocrx_word' id='word_1_72' title='bbox 938 395 1078 423; x_wconf 86' lang='lat' dir='ltr'><strong>Glossario</strong></span> <span class='ocrx_word' id='word_1_73' title='bbox 1091 395 1123 421; x_wconf 84' lang='lat' dir='ltr'><strong>ad</strong></span> <span class='ocrx_word' id='word_1_74' title='bbox 1153 394 1257 422; x_wconf 84' lang='lat' dir='ltr'><strong>Rituale</strong></span> <span class='ocrx_word' id='word_1_75' title='bbox 1279 394 1458 426; x_wconf 38' lang='lat' dir='ltr'><strong>Graecorum,‘</strong></span> <span class='ocrx_word' id='word_1_76' title='bbox 1472 394 1647 422; x_wconf 81' lang='lat' dir='ltr'><strong>Marraceium</strong></span> <span class='ocrx_word' id='word_1_77' title='bbox 1665 394 1776 421; x_wconf 78' lang='lat' dir='ltr'><strong>citatum</strong></span> <span class='ocrx_word' id='word_1_78' title='bbox 1791 395 1817 420; x_wconf 92' lang='lat' dir='ltr'><strong>in</strong></span> 
     </span>
    </p>
   </div>
   <div class='ocr_carea' id='block_1_7' title="bbox 209 439 1818 478">
    <p class='ocr_par' dir='ltr' id='par_1_7' title="bbox 209 439 1818 478">
     <span class='ocr_line' id='line_1_7' title="bbox 209 439 1818 478; baseline -0.003 -7"><span class='ocrx_word' id='word_1_79' title='bbox 209 443 337 471; x_wconf 78' lang='lat' dir='ltr'><strong>Bibliutlt.</strong></span> <span class='ocrx_word' id='word_1_80' title='bbox 358 443 493 475; x_wconf 83' lang='lat' dir='ltr'><strong>Mariana,</strong></span> <span class='ocrx_word' id='word_1_81' title='bbox 511 449 581 478; x_wconf 78' lang='lat' dir='ltr'><strong>part.</strong></span> <span class='ocrx_word' id='word_1_82' title='bbox 599 444 616 471; x_wconf 89' lang='lat' dir='ltr'><strong>l.</strong></span> <span class='ocrx_word' id='word_1_83' title='bbox 632 451 659 478; x_wconf 91' lang='lat' dir='ltr'><strong>p.</strong></span> <span class='ocrx_word' id='word_1_84' title='bbox 674 443 742 474; x_wconf 69' lang='lat'><strong>822,</strong></span> <span class='ocrx_word' id='word_1_85' title='bbox 762 442 892 469; x_wconf 78' lang='lat' dir='ltr'><strong>Joannem</strong></span> <span class='ocrx_word' id='word_1_86' title='bbox 911 440 1010 468; x_wconf 85' lang='lat' dir='ltr'><strong>Nadasi</strong></span> <span class='ocrx_word' id='word_1_87' title='bbox 1027 441 1053 466; x_wconf 90' lang='lat' dir='ltr'><strong>in</strong></span> <span class='ocrx_word' id='word_1_88' title='bbox 1065 441 1139 467; x_wconf 86' lang='lat' dir='ltr'><strong>Anno</strong></span> <span class='ocrx_word' id='word_1_89' title='bbox 1158 440 1254 467; x_wconf 71' lang='lat' dir='ltr'><strong>rte/esti</strong></span> <span class='ocrx_word' id='word_1_90' title='bbox 1266 441 1394 474; x_wconf 69' lang='lat' dir='ltr'><strong>Baprilis;</strong></span> <span class='ocrx_word' id='word_1_91' title='bbox 1416 440 1529 466; x_wconf 78' lang='lat' dir='ltr'><strong>Leonem</strong></span> <span class='ocrx_word' id='word_1_92' title='bbox 1542 439 1668 466; x_wconf 84' lang='lat' dir='ltr'><strong>Allatium</strong></span> <span class='ocrx_word' id='word_1_93' title='bbox 1691 440 1727 466; x_wconf 88' lang='lat' dir='ltr'><strong>De</strong></span> <span class='ocrx_word' id='word_1_94' title='bbox 1744 440 1818 466; x_wconf 80' lang='lat' dir='ltr'><strong>libris</strong></span> 
     </span>
    </p>
   </div>
   <div class='ocr_carea' id='block_1_8' title="bbox 206 483 1816 519">
    <p class='ocr_par' dir='ltr' id='par_1_8' title="bbox 206 483 1816 519">
     <span class='ocr_line' id='line_1_8' title="bbox 206 483 1816 519; baseline -0.002 -5"><span class='ocrx_word' id='word_1_95' title='bbox 206 488 391 514; x_wconf 67' lang='lat' dir='ltr'><strong>ecclesiasticis</strong></span> <span class='ocrx_word' id='word_1_96' title='bbox 406 487 556 514; x_wconf 67' lang='lat' dir='ltr'><strong>Graecorum</strong></span> <span class='ocrx_word' id='word_1_97' title='bbox 570 488 634 514; x_wconf 83' lang='lat' dir='ltr'><strong>diss.</strong></span> <span class='ocrx_word' id='word_1_98' title='bbox 651 488 692 519; x_wconf 83' lang='lat' dir='ltr'><strong>L;</strong></span> <span class='ocrx_word' id='word_1_99' title='bbox 708 487 882 514; x_wconf 82' lang='lat' dir='ltr'><strong>Franciscum</strong></span> <span class='ocrx_word' id='word_1_100' title='bbox 899 492 1034 512; x_wconf 83' lang='lat' dir='ltr'><strong>t-arrcram</strong></span> <span class='ocrx_word' id='word_1_101' title='bbox 1050 485 1076 510; x_wconf 92' lang='lat' dir='ltr'><strong>in</strong></span> <span class='ocrx_word' id='word_1_102' title='bbox 1099 483 1196 510; x_wconf 67' lang='lat' dir='ltr'><strong>l‘antlt.</strong></span> <span class='ocrx_word' id='word_1_103' title='bbox 1212 483 1301 511; x_wconf 82' lang='lat' dir='ltr'><strong>Siculo</strong></span> <span class='ocrx_word' id='word_1_104' title='bbox 1318 492 1343 518; x_wconf 90' lang='lat' dir='ltr'><strong>p.</strong></span> <span class='ocrx_word' id='word_1_105' title='bbox 1360 483 1417 515; x_wconf 82' lang='lat'><strong>75.,</strong></span> <span class='ocrx_word' id='word_1_106' title='bbox 1428 483 1567 510; x_wconf 81' lang='lat' dir='ltr'><strong>Rocchum</strong></span> <span class='ocrx_word' id='word_1_107' title='bbox 1578 483 1683 510; x_wconf 88' lang='lat' dir='ltr'><strong>Pirrnm</strong></span> <span class='ocrx_word' id='word_1_108' title='bbox 1701 483 1728 510; x_wconf 93' lang='lat' dir='ltr'><strong>in</strong></span> <span class='ocrx_word' id='word_1_109' title='bbox 1739 484 1816 510; x_wconf 83' lang='lat' dir='ltr'><strong>notit.</strong></span> 
     </span>
    </p>
   </div>
   <div class='ocr_carea' id='block_1_9' title="bbox 207 528 1820 565">
    <p class='ocr_par' dir='ltr' id='par_1_9' title="bbox 207 528 1820 565">
     <span class='ocr_line' id='line_1_9' title="bbox 207 528 1820 565; baseline -0.002 -8"><span class='ocrx_word' id='word_1_110' title='bbox 207 531 310 558; x_wconf 70' lang='lat' dir='ltr'><strong>Etclex.</strong></span> <span class='ocrx_word' id='word_1_111' title='bbox 326 530 512 565; x_wconf 74' lang='lat' dir='ltr'><strong>Syracusnnw.</strong></span> <span class='ocrx_word' id='word_1_112' title='bbox 529 539 556 565; x_wconf 86' lang='lat' dir='ltr'><strong>p-</strong></span> <span class='ocrx_word' id='word_1_113' title='bbox 574 531 636 563; x_wconf 71' lang='lat'><strong>139;</strong></span> <span class='ocrx_word' id='word_1_114' title='bbox 653 530 785 557; x_wconf 83' lang='lat' dir='ltr'><strong>Thomam</strong></span> <span class='ocrx_word' id='word_1_115' title='bbox 796 529 927 556; x_wconf 85' lang='lat' dir='ltr'><strong>Strotium</strong></span> <span class='ocrx_word' id='word_1_116' title='bbox 944 529 969 555; x_wconf 94' lang='lat' dir='ltr'><strong>in</strong></span> <span class='ocrx_word' id='word_1_117' title='bbox 984 529 1166 556; x_wconf 79' lang='lat' dir='ltr'><strong>Controversia</strong></span> <span class='ocrx_word' id='word_1_118' title='bbox 1181 528 1301 562; x_wconf 82' lang='lat' dir='ltr'><strong>Com:ch</strong></span> <span class='ocrx_word' id='word_1_119' title='bbox 1324 534 1392 563; x_wconf 89' lang='lat' dir='ltr'><strong>part.</strong></span> <span class='ocrx_word' id='word_1_120' title='bbox 1409 537 1426 560; x_wconf 85' lang='grc' dir='ltr'><strong>ι,</strong></span> <span class='ocrx_word' id='word_1_121' title='bbox 1442 529 1487 555; x_wconf 90' lang='lat' dir='ltr'><strong>lib.</strong></span> <span class='ocrx_word' id='word_1_122' title='bbox 1501 529 1531 561; x_wconf 87' lang='lat' dir='ltr'><strong>ll,</strong></span> <span class='ocrx_word' id='word_1_123' title='bbox 1544 536 1604 562; x_wconf 88' lang='lat' dir='ltr'><strong>cap.</strong></span> <span class='ocrx_word' id='word_1_124' title='bbox 1621 528 1664 560; x_wconf 81' lang='grc'><strong>19,</strong></span> <span class='ocrx_word' id='word_1_125' title='bbox 1680 536 1705 562; x_wconf 91' lang='lat' dir='ltr'><strong>p.</strong></span> <span class='ocrx_word' id='word_1_126' title='bbox 1724 528 1783 559; x_wconf 69' lang='lat'><strong>163,</strong></span> <span class='ocrx_word' id='word_1_127' title='bbox 1793 533 1820 556; x_wconf 91' lang='lat' dir='ltr'><strong>et</strong></span> 
     </span>
    </p>
   </div>
   <div class='ocr_carea' id='block_1_10' title="bbox 207 572 1820 608">
    <p class='ocr_par' dir='ltr' id='par_1_10' title="bbox 207 572 1820 608">
     <span class='ocr_line' id='line_1_10' title="bbox 207 572 1820 608; baseline 0 -8"><span class='ocrx_word' id='word_1_128' title='bbox 207 582 267 608; x_wconf 88' lang='lat' dir='ltr'><strong>cap.</strong></span> <span class='ocrx_word' id='word_1_129' title='bbox 286 574 329 600; x_wconf 73' lang='lat'><strong>20.</strong></span> <span class='ocrx_word' id='word_1_130' title='bbox 346 583 372 608; x_wconf 89' lang='lat' dir='ltr'><strong>p.</strong></span> <span class='ocrx_word' id='word_1_131' title='bbox 391 575 450 607; x_wconf 74' lang='lat' dir='ltr'><strong>H35;</strong></span> <span class='ocrx_word' id='word_1_132' title='bbox 483 574 638 601; x_wconf 84' lang='lat' dir='ltr'><strong>Michaelcm</strong></span> <span class='ocrx_word' id='word_1_133' title='bbox 661 574 791 608; x_wconf 66' lang='lat' dir='ltr'><strong>Angolum</strong></span> <span class='ocrx_word' id='word_1_134' title='bbox 814 573 1024 600; x_wconf 82' lang='lat' dir='ltr'><strong>Mancbarusum</strong></span> <span class='ocrx_word' id='word_1_135' title='bbox 1044 574 1071 600; x_wconf 92' lang='lat' dir='ltr'><strong>in</strong></span> <span class='ocrx_word' id='word_1_136' title='bbox 1096 573 1258 600; x_wconf 82' lang='lat' dir='ltr'><strong>Kulendario</strong></span> <span class='ocrx_word' id='word_1_137' title='bbox 1281 572 1460 607; x_wconf 76' lang='lat' dir='ltr'><strong>Syracusano;</strong></span> <span class='ocrx_word' id='word_1_138' title='bbox 1487 572 1635 599; x_wconf 82' lang='lat' dir='ltr'><strong>Caetanum</strong></span> <span class='ocrx_word' id='word_1_139' title='bbox 1663 573 1775 600; x_wconf 81' lang='lat' dir='ltr'><strong>citatum</strong></span> <span class='ocrx_word' id='word_1_140' title='bbox 1792 573 1820 600; x_wconf 86' lang='lat' dir='ltr'><strong>in</strong></span> 
     </span>
    </p>
   </div>
   <div class='ocr_carea' id='block_1_11' title="bbox 208 617 944 651">
    <p class='ocr_par' dir='ltr' id='par_1_11' title="bbox 208 617 944 651">
     <span class='ocr_line' id='line_1_11' title="bbox 208 617 944 651; baseline 0.001 -8"><span class='ocrx_word' id='word_1_141' title='bbox 208 617 312 651; x_wconf 73' lang='lat' dir='ltr'><strong>lsagog.</strong></span> <span class='ocrx_word' id='word_1_142' title='bbox 328 617 362 644; x_wconf 84' lang='lat' dir='ltr'><strong>ad</strong></span> <span class='ocrx_word' id='word_1_143' title='bbox 374 618 435 644; x_wconf 78' lang='lat' dir='ltr'><strong>liist.</strong></span> <span class='ocrx_word' id='word_1_144' title='bbox 451 617 535 651; x_wconf 72' lang='lat' dir='ltr'><strong>Sicut.</strong></span> <span class='ocrx_word' id='word_1_145' title='bbox 556 625 580 645; x_wconf 89' lang='lat' dir='ltr'><strong>c.</strong></span> <span class='ocrx_word' id='word_1_146' title='bbox 594 618 638 651; x_wconf 81' lang='lat'><strong>56,</strong></span> <span class='ocrx_word' id='word_1_147' title='bbox 655 626 682 644; x_wconf 90' lang='lat' dir='ltr'><strong>n.</strong></span> <span class='ocrx_word' id='word_1_148' title='bbox 694 617 740 650; x_wconf 66' lang='grc'><strong>24,</strong></span> <span class='ocrx_word' id='word_1_149' title='bbox 753 617 798 649; x_wconf 74' lang='grc'><strong>25,</strong></span> <span class='ocrx_word' id='word_1_150' title='bbox 812 617 944 651; x_wconf 73' lang='lat' dir='ltr'><strong>aliOsque.</strong></span> 
     </span>
    </p>
   </div>
   <div class='ocr_carea' id='block_1_12' title="bbox 244 659 1492 695">
    <p class='ocr_par' dir='ltr' id='par_1_12' title="bbox 244 659 1492 695">
     <span class='ocr_line' id='line_1_12' title="bbox 244 659 1492 695; baseline 0.001 -9"><span class='ocrx_word' id='word_1_151' title='bbox 244 659 356 695; x_wconf 87' lang='lat' dir='ltr'><strong>Scripsit</strong></span> <span class='ocrx_word' id='word_1_152' title='bbox 369 659 506 694; x_wconf 70' lang='lat' dir='ltr'><strong>Iosephus</strong></span> <span class='ocrx_word' id='word_1_153' title='bbox 524 669 531 688; x_wconf 89' lang='lat'>:</span> <span class='ocrx_word' id='word_1_154' title='bbox 1490 684 1492 687; x_wconf 97' lang='lat'><strong>.</strong></span> 
     </span>
    </p>
   </div>
   <div class='ocr_carea' id='block_1_13' title="bbox 246 702 1821 739">
    <p class='ocr_par' dir='ltr' id='par_1_13' title="bbox 246 702 1821 739">
     <span class='ocr_line' id='line_1_13' title="bbox 246 702 1821 739; baseline 0.001 -10"><span class='ocrx_word' id='word_1_155' title='bbox 246 703 364 738; x_wconf 80' lang='lat' dir='ltr'><strong>llynmos</strong></span> <span class='ocrx_word' id='word_1_156' title='bbox 380 705 541 735; x_wconf 79' lang='lat' dir='ltr'><strong>innumeros,</strong></span> <span class='ocrx_word' id='word_1_157' title='bbox 557 711 589 731; x_wconf 84' lang='lat' dir='ltr'><strong>ex</strong></span> <span class='ocrx_word' id='word_1_158' title='bbox 601 704 700 738; x_wconf 84' lang='lat' dir='ltr'><strong>quibus</strong></span> <span class='ocrx_word' id='word_1_159' title='bbox 711 704 910 739; x_wconf 80' lang='lat' dir='ltr'><strong>Hymnogrnphi</strong></span> <span class='ocrx_word' id='word_1_160' title='bbox 925 711 1021 732; x_wconf 86' lang='lat' dir='ltr'><strong>nomen</strong></span> <span class='ocrx_word' id='word_1_161' title='bbox 1030 704 1143 738; x_wconf 78' lang='lat' dir='ltr'><strong>accepit.</strong></span> <span class='ocrx_word' id='word_1_162' title='bbox 1154 703 1184 730; x_wconf 82' lang='lat' dir='ltr'><strong>In</strong></span> <span class='ocrx_word' id='word_1_163' title='bbox 1193 703 1386 730; x_wconf 78' lang='lat' dir='ltr'><strong>ecclesiasticis</strong></span> <span class='ocrx_word' id='word_1_164' title='bbox 1399 702 1553 729; x_wconf 75' lang='lat' dir='ltr'><strong>Gra&#39;corum</strong></span> <span class='ocrx_word' id='word_1_165' title='bbox 1563 703 1639 730; x_wconf 89' lang='lat' dir='ltr'><strong>libris</strong></span> <span class='ocrx_word' id='word_1_166' title='bbox 1649 703 1735 730; x_wconf 65' lang='grc' dir='ltr'><strong>σεεν</strong></span> <span class='ocrx_word' id='word_1_167' title='bbox 1745 704 1821 738; x_wconf 90' lang='lat' dir='ltr'><strong>hym-</strong></span> 
     </span>
    </p>
   </div>
   <div class='ocr_carea' id='block_1_14' title="bbox 209 746 1821 782">
    <p class='ocr_par' dir='ltr' id='par_1_14' title="bbox 209 746 1821 782">
     <span class='ocr_line' id='line_1_14' title="bbox 209 746 1821 782; baseline 0.001 -10"><span class='ocrx_word' id='word_1_168' title='bbox 209 754 261 773; x_wconf 85' lang='lat' dir='ltr'><strong>nos</strong></span> <span class='ocrx_word' id='word_1_169' title='bbox 274 746 283 780; x_wconf 91' lang='lat'><strong>(</strong></span> <span class='ocrx_word' id='word_1_170' title='bbox 298 755 367 781; x_wconf 88' lang='lat' dir='ltr'><strong>quos</strong></span> <span class='ocrx_word' id='word_1_171' title='bbox 382 748 462 774; x_wconf 87' lang='lat' dir='ltr'><strong>etiam</strong></span> <span class='ocrx_word' id='word_1_172' title='bbox 481 755 600 775; x_wconf 83' lang='lat' dir='ltr'><strong>canones</strong></span> <span class='ocrx_word' id='word_1_173' title='bbox 612 750 720 781; x_wconf 89' lang='lat' dir='ltr'><strong>vocant)</strong></span> <span class='ocrx_word' id='word_1_174' title='bbox 739 756 785 782; x_wconf 69' lang='lat' dir='ltr'><strong>per</strong></span> <span class='ocrx_word' id='word_1_175' title='bbox 802 749 858 774; x_wconf 86' lang='lat' dir='ltr'><strong>dies</strong></span> <span class='ocrx_word' id='word_1_176' title='bbox 871 748 1030 782; x_wconf 76' lang='lat' dir='ltr'><strong>dispositos,</strong></span> <span class='ocrx_word' id='word_1_177' title='bbox 1041 755 1071 773; x_wconf 91' lang='lat' dir='ltr'><strong>ac</strong></span> <span class='ocrx_word' id='word_1_178' title='bbox 1086 755 1133 781; x_wconf 91' lang='lat' dir='ltr'><strong>per</strong></span> <span class='ocrx_word' id='word_1_179' title='bbox 1147 747 1209 773; x_wconf 75' lang='lat' dir='ltr'><strong>atllli</strong></span> <span class='ocrx_word' id='word_1_180' title='bbox 1233 746 1365 773; x_wconf 91' lang='lat' dir='ltr'><strong>ambitum</strong></span> <span class='ocrx_word' id='word_1_181' title='bbox 1381 746 1415 772; x_wconf 87' lang='lat' dir='ltr'><strong>ab</strong></span> <span class='ocrx_word' id='word_1_182' title='bbox 1429 747 1548 773; x_wconf 67' lang='lat' dir='ltr'><strong>Ecclesia</strong></span> <span class='ocrx_word' id='word_1_183' title='bbox 1565 747 1658 773; x_wconf 61' lang='lat' dir='ltr'><strong>erca</strong></span> <span class='ocrx_word' id='word_1_184' title='bbox 1683 747 1821 774; x_wconf 83' lang='lat' dir='ltr'><strong>decantari</strong></span> 
     </span>
    </p>
   </div>
   <div class='ocr_carea' id='block_1_15' title="bbox 209 789 1820 825">
    <p class='ocr_par' dir='ltr' id='par_1_15' title="bbox 209 789 1820 825">
     <span class='ocr_line' id='line_1_15' title="bbox 209 789 1820 825; baseline 0.001 -9"><span class='ocrx_word' id='word_1_185' title='bbox 209 789 305 817; x_wconf 76' lang='lat' dir='ltr'><strong>Solitos</strong></span> <span class='ocrx_word' id='word_1_186' title='bbox 318 791 451 818; x_wconf 86' lang='lat' dir='ltr'><strong>contineri</strong></span> <span class='ocrx_word' id='word_1_187' title='bbox 462 795 575 818; x_wconf 81' lang='lat' dir='ltr'><strong>testatur</strong></span> <span class='ocrx_word' id='word_1_188' title='bbox 586 790 720 818; x_wconf 78' lang='lat' dir='ltr'><strong>Caetanus</strong></span> <span class='ocrx_word' id='word_1_189' title='bbox 734 791 779 818; x_wconf 80' lang='lat' dir='ltr'><strong>cit.</strong></span> <span class='ocrx_word' id='word_1_190' title='bbox 795 791 821 817; x_wconf 93' lang='lat' dir='ltr'><strong>in</strong></span> <span class='ocrx_word' id='word_1_191' title='bbox 836 791 955 819; x_wconf 77' lang='lat' dir='ltr'><strong>animati.</strong></span> <span class='ocrx_word' id='word_1_192' title='bbox 971 791 1048 819; x_wconf 88' lang='lat' dir='ltr'><strong>Tom.</strong></span> <span class='ocrx_word' id='word_1_193' title='bbox 1058 790 1078 818; x_wconf 77' lang='lat' dir='ltr'><strong>ll</strong></span> <span class='ocrx_word' id='word_1_194' title='bbox 1091 790 1140 818; x_wconf 66' lang='grc' dir='ltr'><strong>δε.</strong></span> <span class='ocrx_word' id='word_1_195' title='bbox 1154 790 1268 817; x_wconf 79' lang='lat' dir='ltr'><strong>Siculor.</strong></span> <span class='ocrx_word' id='word_1_196' title='bbox 1285 798 1310 825; x_wconf 75' lang='grc' dir='ltr'><strong>ι).</strong></span> <span class='ocrx_word' id='word_1_197' title='bbox 1326 790 1404 822; x_wconf 80' lang='grc' dir='ltr'><strong>18,η.</strong></span> <span class='ocrx_word' id='word_1_198' title='bbox 1418 790 1462 822; x_wconf 77' lang='grc' dir='ltr'><strong>ΞΟ,</strong></span> <span class='ocrx_word' id='word_1_199' title='bbox 1474 795 1500 817; x_wconf 89' lang='lat' dir='ltr'><strong>et</strong></span> <span class='ocrx_word' id='word_1_200' title='bbox 1516 789 1678 818; x_wconf 85' lang='lat' dir='ltr'><strong>Perdicarus</strong></span> <span class='ocrx_word' id='word_1_201' title='bbox 1696 791 1749 819; x_wconf 91' lang='lat' dir='ltr'><strong>loc.</strong></span> <span class='ocrx_word' id='word_1_202' title='bbox 1772 791 1820 818; x_wconf 94' lang='lat' dir='ltr'><strong>cit.</strong></span> 
     </span>
    </p>
   </div>
   <div class='ocr_carea' id='block_1_16' title="bbox 212 833 438 868">
    <p class='ocr_par' dir='ltr' id='par_1_16' title="bbox 212 833 438 868">
     <span class='ocr_line' id='line_1_16' title="bbox 212 833 438 868; baseline 0.004 -9"><span class='ocrx_word' id='word_1_203' title='bbox 212 841 239 867; x_wconf 85' lang='lat' dir='ltr'><strong>p.</strong></span> <span class='ocrx_word' id='word_1_204' title='bbox 253 833 315 864; x_wconf 63' lang='lat'><strong>995,</strong></span> <span class='ocrx_word' id='word_1_205' title='bbox 327 841 438 868; x_wconf 88' lang='lat' dir='ltr'><strong>nempe:</strong></span> 
     </span>
    </p>
   </div>
   <div class='ocr_carea' id='block_1_17' title="bbox 246 876 1823 912">
    <p class='ocr_par' dir='ltr' id='par_1_17' title="bbox 246 876 1823 912">
     <span class='ocr_line' id='line_1_17' title="bbox 246 876 1823 912; baseline 0.002 -10"><span class='ocrx_word' id='word_1_206' title='bbox 246 876 365 904; x_wconf 84' lang='lat' dir='ltr'><strong>Canones</strong></span> <span class='ocrx_word' id='word_1_207' title='bbox 394 877 441 904; x_wconf 73' lang='lat' dir='ltr'><strong>XC</strong></span> <span class='ocrx_word' id='word_1_208' title='bbox 452 876 487 904; x_wconf 85' lang='lat' dir='ltr'><strong><em>VI</em></strong></span> <span class='ocrx_word' id='word_1_209' title='bbox 501 877 528 904; x_wconf 94' lang='lat' dir='ltr'><strong>in</strong></span> <span class='ocrx_word' id='word_1_210' title='bbox 546 876 721 904; x_wconf 84' lang='lat' dir='ltr'><strong>Paracletico.</strong></span> <span class='ocrx_word' id='word_1_211' title='bbox 733 876 814 904; x_wconf 86' lang='lat' dir='ltr'><strong>Liber</strong></span> <span class='ocrx_word' id='word_1_212' title='bbox 830 882 871 904; x_wconf 88' lang='lat' dir='ltr'><strong>est</strong></span> <span class='ocrx_word' id='word_1_213' title='bbox 885 877 1050 910; x_wconf 66' lang='lat' dir='ltr'><strong>Grzccorum,</strong></span> <span class='ocrx_word' id='word_1_214' title='bbox 1065 877 1110 912; x_wconf 91' lang='lat' dir='ltr'><strong>qui</strong></span> <span class='ocrx_word' id='word_1_215' title='bbox 1125 876 1245 911; x_wconf 83' lang='lat' dir='ltr'><strong>quotidie</strong></span> <span class='ocrx_word' id='word_1_216' title='bbox 1262 876 1369 910; x_wconf 83' lang='lat' dir='ltr'><strong>aliquod</strong></span> <span class='ocrx_word' id='word_1_217' title='bbox 1387 877 1553 904; x_wconf 77' lang='lat' dir='ltr'><strong>recitandum</strong></span> <span class='ocrx_word' id='word_1_218' title='bbox 1572 877 1598 904; x_wconf 94' lang='lat' dir='ltr'><strong>in</strong></span> <span class='ocrx_word' id='word_1_219' title='bbox 1616 879 1700 905; x_wconf 86' lang='lat' dir='ltr'><strong>choro</strong></span> <span class='ocrx_word' id='word_1_220' title='bbox 1713 878 1823 905; x_wconf 80' lang='lat' dir='ltr'><strong>exhith</strong></span> 
     </span>
    </p>
   </div>
   <div class='ocr_carea' id='block_1_18' title="bbox 213 919 1823 956">
    <p class='ocr_par' dir='ltr' id='par_1_18' title="bbox 213 919 1823 956">
     <span class='ocr_line' id='line_1_18' title="bbox 213 919 1823 956; baseline 0.001 -9"><span class='ocrx_word' id='word_1_221' title='bbox 213 921 245 947; x_wconf 88' lang='lat' dir='ltr'><strong>ad</strong></span> <span class='ocrx_word' id='word_1_222' title='bbox 260 921 376 948; x_wconf 83' lang='lat' dir='ltr'><strong>aliorum</strong></span> <span class='ocrx_word' id='word_1_223' title='bbox 394 921 523 948; x_wconf 89' lang='lat' dir='ltr'><strong>librorum</strong></span> <span class='ocrx_word' id='word_1_224' title='bbox 539 921 728 954; x_wconf 77' lang='lat' dir='ltr'><strong>diti‘erentiam,</strong></span> <span class='ocrx_word' id='word_1_225' title='bbox 739 921 838 955; x_wconf 84' lang='lat' dir='ltr'><strong>quibus</strong></span> <span class='ocrx_word' id='word_1_226' title='bbox 856 922 964 949; x_wconf 81' lang='lat' dir='ltr'><strong>statutis</strong></span> <span class='ocrx_word' id='word_1_227' title='bbox 979 920 1145 956; x_wconf 83' lang='lat' dir='ltr'><strong>temporibus</strong></span> <span class='ocrx_word' id='word_1_228' title='bbox 1168 924 1292 951; x_wconf 91' lang='lat' dir='ltr'><strong>utuntur,</strong></span> <span class='ocrx_word' id='word_1_229' title='bbox 1309 927 1340 947; x_wconf 79' lang='lat' dir='ltr'><strong>ex</strong></span> <span class='ocrx_word' id='word_1_230' title='bbox 1360 919 1451 948; x_wconf 88' lang='lat' dir='ltr'><strong>Leone</strong></span> <span class='ocrx_word' id='word_1_231' title='bbox 1464 921 1562 948; x_wconf 82' lang='lat' dir='ltr'><strong>Allatio</strong></span> <span class='ocrx_word' id='word_1_232' title='bbox 1578 921 1614 947; x_wconf 89' lang='lat' dir='ltr'><strong>De</strong></span> <span class='ocrx_word' id='word_1_233' title='bbox 1625 921 1699 948; x_wconf 71' lang='lat' dir='ltr'><strong>libris</strong></span> <span class='ocrx_word' id='word_1_234' title='bbox 1719 920 1823 948; x_wconf 70' lang='grc' dir='ltr'><strong>(ἔνατο-</strong></span> 
     </span>
    </p>
   </div>
   <div class='ocr_carea' id='block_1_19' title="bbox 212 965 1398 1000">
    <p class='ocr_par' dir='ltr' id='par_1_19' title="bbox 212 965 1398 1000">
     <span class='ocr_line' id='line_1_19' title="bbox 212 965 1398 1000; baseline 0.009 -10"><span class='ocrx_word' id='word_1_235' title='bbox 212 972 281 996; x_wconf 75' lang='lat' dir='ltr'><strong>runt,</strong></span> <span class='ocrx_word' id='word_1_236' title='bbox 302 965 410 992; x_wconf 84' lang='lat' dir='ltr'><strong>dissert.</strong></span> <span class='ocrx_word' id='word_1_237' title='bbox 427 965 452 996; x_wconf 79' lang='grc'><strong>1,</strong></span> <span class='ocrx_word' id='word_1_238' title='bbox 468 974 494 1000; x_wconf 89' lang='lat' dir='ltr'><strong>p.</strong></span> <span class='ocrx_word' id='word_1_239' title='bbox 510 966 553 993; x_wconf 84' lang='lat'><strong>68.</strong></span> <span class='ocrx_word' id='word_1_240' title='bbox 1395 976 1398 978; x_wconf 86' lang='grc'><em>’</em></span> 
     </span>
    </p>
   </div>
   <div class='ocr_carea' id='block_1_20' title="bbox 248 1007 1825 1043">
    <p class='ocr_par' dir='ltr' id='par_1_20' title="bbox 248 1007 1825 1043">
     <span class='ocr_line' id='line_1_20' title="bbox 248 1007 1825 1043; baseline 0.001 -9"><span class='ocrx_word' id='word_1_241' title='bbox 248 1008 373 1035; x_wconf 69' lang='lat' dir='ltr'><strong>(Iunones!</strong></span> <span class='ocrx_word' id='word_1_242' title='bbox 388 1009 494 1036; x_wconf 79' lang='lat' dir='ltr'><strong><em>XXXV</em></strong></span> <span class='ocrx_word' id='word_1_243' title='bbox 510 1010 536 1036; x_wconf 91' lang='lat' dir='ltr'><strong>in</strong></span> <span class='ocrx_word' id='word_1_244' title='bbox 551 1010 671 1038; x_wconf 86' lang='lat' dir='ltr'><strong>Triodio.</strong></span> <span class='ocrx_word' id='word_1_245' title='bbox 685 1010 765 1038; x_wconf 90' lang='lat' dir='ltr'><strong>Liber</strong></span> <span class='ocrx_word' id='word_1_246' title='bbox 779 1010 823 1037; x_wconf 88' lang='lat' dir='ltr'><strong>hic</strong></span> <span class='ocrx_word' id='word_1_247' title='bbox 839 1009 977 1036; x_wconf 85' lang='lat' dir='ltr'><strong>recitanda</strong></span> <span class='ocrx_word' id='word_1_248' title='bbox 994 1008 1021 1035; x_wconf 91' lang='lat' dir='ltr'><strong>in</strong></span> <span class='ocrx_word' id='word_1_249' title='bbox 1037 1008 1121 1036; x_wconf 83' lang='lat' dir='ltr'><strong>choro</strong></span> <span class='ocrx_word' id='word_1_250' title='bbox 1139 1015 1154 1034; x_wconf 88' lang='lat' dir='ltr'><strong>a</strong></span> <span class='ocrx_word' id='word_1_251' title='bbox 1174 1007 1378 1042; x_wconf 73' lang='lat' dir='ltr'><strong>Scptuagcsima</strong></span> <span class='ocrx_word' id='word_1_252' title='bbox 1394 1015 1481 1042; x_wconf 87' lang='lat' dir='ltr'><strong>usque</strong></span> <span class='ocrx_word' id='word_1_253' title='bbox 1501 1007 1533 1034; x_wconf 84' lang='lat' dir='ltr'><strong>ad</strong></span> <span class='ocrx_word' id='word_1_254' title='bbox 1553 1007 1700 1036; x_wconf 87' lang='lat' dir='ltr'><strong>Sabbatum</strong></span> <span class='ocrx_word' id='word_1_255' title='bbox 1715 1009 1825 1043; x_wconf 74' lang='lat' dir='ltr'><strong>Maioris</strong></span> 
     </span>
    </p>
   </div>
   <div class='ocr_carea' id='block_1_21' title="bbox 212 1050 1824 1088">
    <p class='ocr_par' dir='ltr' id='par_1_21' title="bbox 212 1050 1824 1088">
     <span class='ocr_line' id='line_1_21' title="bbox 212 1050 1824 1088; baseline 0.002 -10"><span class='ocrx_word' id='word_1_256' title='bbox 212 1051 396 1079; x_wconf 73' lang='lat' dir='ltr'><strong>“ebdomada:</strong></span> <span class='ocrx_word' id='word_1_257' title='bbox 426 1053 628 1088; x_wconf 82' lang='lat' dir='ltr'><strong>complectitur,</strong></span> <span class='ocrx_word' id='word_1_258' title='bbox 642 1063 674 1081; x_wconf 84' lang='lat' dir='ltr'><strong>ex</strong></span> <span class='ocrx_word' id='word_1_259' title='bbox 694 1054 793 1081; x_wconf 85' lang='lat' dir='ltr'><strong>Allatio</strong></span> <span class='ocrx_word' id='word_1_260' title='bbox 807 1054 855 1082; x_wconf 87' lang='lat' dir='ltr'><strong>cit.</strong></span> <span class='ocrx_word' id='word_1_261' title='bbox 870 1053 981 1080; x_wconf 83' lang='lat' dir='ltr'><strong>dissert.</strong></span> <span class='ocrx_word' id='word_1_262' title='bbox 996 1053 1021 1086; x_wconf 82' lang='grc'><strong>1,</strong></span> <span class='ocrx_word' id='word_1_263' title='bbox 1047 1060 1073 1087; x_wconf 90' lang='lat' dir='ltr'><strong>p.</strong></span> <span class='ocrx_word' id='word_1_264' title='bbox 1093 1051 1146 1084; x_wconf 86' lang='lat'><strong>69;</strong></span> <span class='ocrx_word' id='word_1_265' title='bbox 1162 1056 1189 1078; x_wconf 88' lang='lat' dir='ltr'><strong>et</strong></span> <span class='ocrx_word' id='word_1_266' title='bbox 1215 1050 1382 1078; x_wconf 82' lang='lat' dir='ltr'><strong>Marraccius</strong></span> <span class='ocrx_word' id='word_1_267' title='bbox 1397 1051 1423 1078; x_wconf 91' lang='lat' dir='ltr'><strong>in</strong></span> <span class='ocrx_word' id='word_1_268' title='bbox 1443 1051 1548 1079; x_wconf 83' lang='lat' dir='ltr'><strong>Mariali</strong></span> <span class='ocrx_word' id='word_1_269' title='bbox 1569 1051 1679 1080; x_wconf 74' lang='lat' dir='ltr'><strong>XXXVI</strong></span> <span class='ocrx_word' id='word_1_270' title='bbox 1696 1061 1711 1080; x_wconf 89' lang='lat' dir='ltr'><strong>a</strong></span> <span class='ocrx_word' id='word_1_271' title='bbox 1733 1061 1760 1088; x_wconf 92' lang='lat' dir='ltr'><strong>p.</strong></span> <span class='ocrx_word' id='word_1_272' title='bbox 1777 1054 1824 1081; x_wconf 78' lang='grc'><strong>501</strong></span> 
     </span>
    </p>
   </div>
   <div class='ocr_carea' id='block_1_22' title="bbox 213 1095 707 1127">
    <p class='ocr_par' dir='ltr' id='par_1_22' title="bbox 213 1095 707 1127">
     <span class='ocr_line' id='line_1_22' title="bbox 213 1095 707 1127; baseline 0.008 -6"><span class='ocrx_word' id='word_1_273' title='bbox 213 1095 246 1121; x_wconf 88' lang='lat' dir='ltr'><strong>ad</strong></span> <span class='ocrx_word' id='word_1_274' title='bbox 267 1095 329 1127; x_wconf 71' lang='lat'><strong>522,</strong></span> <span class='ocrx_word' id='word_1_275' title='bbox 344 1103 377 1122; x_wconf 70' lang='lat' dir='ltr'><strong>ex</strong></span> <span class='ocrx_word' id='word_1_276' title='bbox 395 1096 490 1123; x_wconf 82' lang='lat' dir='ltr'><strong>eodem</strong></span> <span class='ocrx_word' id='word_1_277' title='bbox 508 1097 576 1124; x_wconf 89' lang='lat' dir='ltr'><strong>libro</strong></span> <span class='ocrx_word' id='word_1_278' title='bbox 587 1098 707 1125; x_wconf 82' lang='lat' dir='ltr'><strong>exhibet.</strong></span> 
     </span>
    </p>
   </div>
   <div class='ocr_carea' id='block_1_23' title="bbox 248 1137 1824 1174">
    <p class='ocr_par' dir='ltr' id='par_1_23' title="bbox 248 1137 1824 1174">
     <span class='ocr_line' id='line_1_23' title="bbox 248 1137 1824 1174; baseline 0.002 -10"><span class='ocrx_word' id='word_1_279' title='bbox 248 1138 368 1165; x_wconf 69' lang='lat' dir='ltr'><strong>(Iunone:</strong></span> <span class='ocrx_word' id='word_1_280' title='bbox 390 1138 449 1166; x_wconf 89' lang='lat' dir='ltr'><strong>Vin</strong></span> <span class='ocrx_word' id='word_1_281' title='bbox 466 1139 678 1168; x_wconf 80' lang='lat' dir='ltr'><strong>Peulecostario.</strong></span> <span class='ocrx_word' id='word_1_282' title='bbox 698 1141 777 1168; x_wconf 85' lang='lat' dir='ltr'><strong>Liber</strong></span> <span class='ocrx_word' id='word_1_283' title='bbox 798 1145 839 1168; x_wconf 88' lang='lat' dir='ltr'><strong>est</strong></span> <span class='ocrx_word' id='word_1_284' title='bbox 851 1140 1008 1167; x_wconf 78' lang='lat' dir='ltr'><strong>Grzecorum</strong></span> <span class='ocrx_word' id='word_1_285' title='bbox 1022 1138 1068 1173; x_wconf 90' lang='lat' dir='ltr'><strong>qui</strong></span> <span class='ocrx_word' id='word_1_286' title='bbox 1085 1138 1225 1166; x_wconf 89' lang='lat' dir='ltr'><strong>recitanda</strong></span> <span class='ocrx_word' id='word_1_287' title='bbox 1237 1138 1265 1165; x_wconf 90' lang='lat' dir='ltr'><strong>in</strong></span> <span class='ocrx_word' id='word_1_288' title='bbox 1285 1138 1370 1165; x_wconf 88' lang='lat' dir='ltr'><strong>choro</strong></span> <span class='ocrx_word' id='word_1_289' title='bbox 1389 1146 1404 1165; x_wconf 87' lang='lat' dir='ltr'><strong>a</strong></span> <span class='ocrx_word' id='word_1_290' title='bbox 1422 1137 1524 1166; x_wconf 84' lang='lat' dir='ltr'><strong>Pascha</strong></span> <span class='ocrx_word' id='word_1_291' title='bbox 1548 1147 1634 1174; x_wconf 85' lang='lat' dir='ltr'><strong>usque</strong></span> <span class='ocrx_word' id='word_1_292' title='bbox 1653 1141 1686 1167; x_wconf 84' lang='lat' dir='ltr'><strong>ad</strong></span> <span class='ocrx_word' id='word_1_293' title='bbox 1701 1144 1824 1167; x_wconf 83' lang='lat' dir='ltr'><strong>octavam</strong></span> 
     </span>
    </p>
   </div>
   <div class='ocr_carea' id='block_1_24' title="bbox 213 1181 956 1219">
    <p class='ocr_par' dir='ltr' id='par_1_24' title="bbox 213 1181 956 1219">
     <span class='ocr_line' id='line_1_24' title="bbox 213 1181 956 1219; baseline 0.001 -10"><span class='ocrx_word' id='word_1_294' title='bbox 213 1181 387 1210; x_wconf 74' lang='lat' dir='ltr'><strong>Pentecostes</strong></span> <span class='ocrx_word' id='word_1_295' title='bbox 405 1184 537 1217; x_wconf 70' lang='lat' dir='ltr'><strong>continuet,</strong></span> <span class='ocrx_word' id='word_1_296' title='bbox 553 1193 585 1212; x_wconf 79' lang='lat' dir='ltr'><strong>ex</strong></span> <span class='ocrx_word' id='word_1_297' title='bbox 604 1185 705 1212; x_wconf 83' lang='lat' dir='ltr'><strong>Allatio</strong></span> <span class='ocrx_word' id='word_1_298' title='bbox 718 1185 763 1212; x_wconf 91' lang='lat' dir='ltr'><strong>cit.</strong></span> <span class='ocrx_word' id='word_1_299' title='bbox 780 1193 805 1219; x_wconf 87' lang='lat' dir='ltr'><strong>p.</strong></span> <span class='ocrx_word' id='word_1_300' title='bbox 822 1184 855 1210; x_wconf 86' lang='grc' dir='ltr'><strong>’Π</strong></span> <span class='ocrx_word' id='word_1_301' title='bbox 871 1188 898 1210; x_wconf 88' lang='lat' dir='ltr'><strong>et</strong></span> <span class='ocrx_word' id='word_1_302' title='bbox 911 1183 956 1210; x_wconf 90' lang='lat'><strong>78.</strong></span> 
     </span>
    </p>
   </div>
   <div class='ocr_carea' id='block_1_25' title="bbox 248 1226 1529 1265">
    <p class='ocr_par' dir='ltr' id='par_1_25' title="bbox 248 1226 1529 1265">
     <span class='ocr_line' id='line_1_25' title="bbox 248 1226 1529 1265; baseline 0 -11"><span class='ocrx_word' id='word_1_303' title='bbox 248 1228 379 1255; x_wconf 79' lang='lat' dir='ltr'><strong>Canonem</strong></span> <span class='ocrx_word' id='word_1_304' title='bbox 394 1228 409 1254; x_wconf 92' lang='grc'><em>1</em></span> <span class='ocrx_word' id='word_1_305' title='bbox 427 1230 452 1256; x_wconf 91' lang='lat' dir='ltr'><strong>in</strong></span> <span class='ocrx_word' id='word_1_306' title='bbox 468 1229 622 1264; x_wconf 79' lang='lat' dir='ltr'><strong>liorologio,</strong></span> <span class='ocrx_word' id='word_1_307' title='bbox 639 1230 711 1265; x_wconf 87' lang='lat' dir='ltr'><strong>quod</strong></span> <span class='ocrx_word' id='word_1_308' title='bbox 725 1238 794 1257; x_wconf 78' lang='lat' dir='ltr'><strong>luem</strong></span> <span class='ocrx_word' id='word_1_309' title='bbox 805 1234 845 1257; x_wconf 83' lang='lat' dir='ltr'><strong>est</strong></span> <span class='ocrx_word' id='word_1_310' title='bbox 860 1235 895 1256; x_wconf 80' lang='lat' dir='ltr'><strong>ac‘</strong></span> <span class='ocrx_word' id='word_1_311' title='bbox 913 1227 1009 1255; x_wconf 88' lang='lat' dir='ltr'><strong>Latine</strong></span> <span class='ocrx_word' id='word_1_312' title='bbox 1034 1227 1173 1259; x_wconf 85' lang='lat' dir='ltr'><strong>diurnum,</strong></span> <span class='ocrx_word' id='word_1_313' title='bbox 1211 1235 1243 1255; x_wconf 86' lang='lat' dir='ltr'><strong>ex</strong></span> <span class='ocrx_word' id='word_1_314' title='bbox 1260 1227 1356 1254; x_wconf 86' lang='lat' dir='ltr'><strong>eodem</strong></span> <span class='ocrx_word' id='word_1_315' title='bbox 1373 1226 1470 1254; x_wconf 83' lang='lat' dir='ltr'><strong>Allatio</strong></span> <span class='ocrx_word' id='word_1_316' title='bbox 1484 1228 1529 1255; x_wconf 86' lang='lat' dir='ltr'><strong>cit.</strong></span> 
     </span>
    </p>
   </div>
   <div class='ocr_carea' id='block_1_26' title="bbox 248 1271 1826 1307">
    <p class='ocr_par' dir='ltr' id='par_1_26' title="bbox 248 1271 1826 1307">
     <span class='ocr_line' id='line_1_26' title="bbox 248 1271 1826 1307; baseline 0.001 -9"><span class='ocrx_word' id='word_1_317' title='bbox 248 1271 367 1299; x_wconf 70' lang='lat' dir='ltr'><strong>(Iunones</strong></span> <span class='ocrx_word' id='word_1_318' title='bbox 388 1272 454 1300; x_wconf 68' lang='lat' dir='ltr'><strong>CLA</strong></span> <span class='ocrx_word' id='word_1_319' title='bbox 467 1273 534 1300; x_wconf 85' lang='grc' dir='ltr'><em>γιιι</em></span> <span class='ocrx_word' id='word_1_320' title='bbox 557 1274 583 1300; x_wconf 93' lang='lat' dir='ltr'><strong>in</strong></span> <span class='ocrx_word' id='word_1_321' title='bbox 605 1274 724 1301; x_wconf 72' lang='lat' dir='ltr'><strong>Menaeis.</strong></span> <span class='ocrx_word' id='word_1_322' title='bbox 740 1273 853 1300; x_wconf 82' lang='lat' dir='ltr'><strong>Codices</strong></span> <span class='ocrx_word' id='word_1_323' title='bbox 867 1277 930 1299; x_wconf 91' lang='lat' dir='ltr'><strong>sunt</strong></span> <span class='ocrx_word' id='word_1_324' title='bbox 942 1272 1096 1301; x_wconf 79' lang='lat' dir='ltr'><strong>duodecim.</strong></span> <span class='ocrx_word' id='word_1_325' title='bbox 1108 1272 1185 1306; x_wconf 85' lang='lat' dir='ltr'><strong>juxta</strong></span> <span class='ocrx_word' id='word_1_326' title='bbox 1201 1272 1343 1299; x_wconf 83' lang='lat' dir='ltr'><strong>duodecim</strong></span> <span class='ocrx_word' id='word_1_327' title='bbox 1356 1273 1418 1298; x_wconf 89' lang='lat' dir='ltr'><strong>anni</strong></span> <span class='ocrx_word' id='word_1_328' title='bbox 1429 1279 1535 1298; x_wconf 79' lang='lat' dir='ltr'><strong>menses</strong></span> <span class='ocrx_word' id='word_1_329' title='bbox 1546 1271 1675 1305; x_wconf 81' lang='lat' dir='ltr'><strong>distincti,</strong></span> <span class='ocrx_word' id='word_1_330' title='bbox 1692 1273 1718 1299; x_wconf 91' lang='lat' dir='ltr'><strong>in</strong></span> <span class='ocrx_word' id='word_1_331' title='bbox 1727 1273 1826 1307; x_wconf 85' lang='lat' dir='ltr'><strong>quibus</strong></span> 
     </span>
    </p>
   </div>
   <div class='ocr_carea' id='block_1_27' title="bbox 213 1315 1824 1350">
    <p class='ocr_par' dir='ltr' id='par_1_27' title="bbox 213 1315 1824 1350">
     <span class='ocr_line' id='line_1_27' title="bbox 213 1315 1824 1350; baseline 0.002 -9"><span class='ocrx_word' id='word_1_332' title='bbox 213 1315 336 1349; x_wconf 78' lang='lat' dir='ltr'><strong>quotidie</strong></span> <span class='ocrx_word' id='word_1_333' title='bbox 351 1316 520 1343; x_wconf 79' lang='lat' dir='ltr'><strong>deeantanda</strong></span> <span class='ocrx_word' id='word_1_334' title='bbox 536 1317 609 1344; x_wconf 82' lang='lat' dir='ltr'><strong>horis</strong></span> <span class='ocrx_word' id='word_1_335' title='bbox 621 1317 763 1344; x_wconf 80' lang='lat' dir='ltr'><strong>canonicis</strong></span> <span class='ocrx_word' id='word_1_336' title='bbox 774 1316 806 1343; x_wconf 89' lang='lat' dir='ltr'><strong>ad</strong></span> <span class='ocrx_word' id='word_1_337' title='bbox 832 1315 890 1347; x_wconf 85' lang='lat' dir='ltr'><strong>Dei,</strong></span> <span class='ocrx_word' id='word_1_338' title='bbox 907 1315 1028 1349; x_wconf 77' lang='lat' dir='ltr'><strong>Deiparze</strong></span> <span class='ocrx_word' id='word_1_339' title='bbox 1044 1322 1075 1342; x_wconf 87' lang='lat' dir='ltr'><strong>ac</strong></span> <span class='ocrx_word' id='word_1_340' title='bbox 1092 1320 1248 1342; x_wconf 80' lang='lat' dir='ltr'><strong>sanctorum</strong></span> <span class='ocrx_word' id='word_1_341' title='bbox 1271 1315 1377 1350; x_wconf 84' lang='lat' dir='ltr'><strong>laudem</strong></span> <span class='ocrx_word' id='word_1_342' title='bbox 1403 1316 1588 1347; x_wconf 80' lang='lat' dir='ltr'><strong>continentur,</strong></span> <span class='ocrx_word' id='word_1_343' title='bbox 1608 1325 1641 1343; x_wconf 78' lang='lat' dir='ltr'><strong>ex</strong></span> <span class='ocrx_word' id='word_1_344' title='bbox 1667 1317 1765 1344; x_wconf 83' lang='lat' dir='ltr'><strong>Allatio</strong></span> <span class='ocrx_word' id='word_1_345' title='bbox 1777 1318 1824 1344; x_wconf 82' lang='lat' dir='ltr'><strong>cit.</strong></span> 
     </span>
    </p>
   </div>
   <div class='ocr_carea' id='block_1_28' title="bbox 215 1357 1824 1394">
    <p class='ocr_par' dir='ltr' id='par_1_28' title="bbox 215 1357 1824 1394">
     <span class='ocr_line' id='line_1_28' title="bbox 215 1357 1824 1394; baseline 0.002 -10"><span class='ocrx_word' id='word_1_346' title='bbox 215 1365 231 1392; x_wconf 84' lang='lat' dir='ltr'><strong>p</strong></span> <span class='ocrx_word' id='word_1_347' title='bbox 258 1358 301 1385; x_wconf 79' lang='lat'><strong>78.</strong></span> <span class='ocrx_word' id='word_1_348' title='bbox 316 1358 368 1385; x_wconf 88' lang='lat' dir='ltr'><strong>Sed</strong></span> <span class='ocrx_word' id='word_1_349' title='bbox 386 1360 456 1386; x_wconf 83' lang='lat' dir='ltr'><strong>haud</strong></span> <span class='ocrx_word' id='word_1_350' title='bbox 469 1361 729 1394; x_wconf 64' lang='lat' dir='ltr'><strong>prteterntittendum</strong></span> <span class='ocrx_word' id='word_1_351' title='bbox 746 1363 812 1394; x_wconf 89' lang='lat' dir='ltr'><strong>puto</strong></span> <span class='ocrx_word' id='word_1_352' title='bbox 820 1367 852 1386; x_wconf 81' lang='lat' dir='ltr'><strong>ex</strong></span> <span class='ocrx_word' id='word_1_353' title='bbox 864 1359 958 1386; x_wconf 80' lang='lat' dir='ltr'><strong>eodem</strong></span> <span class='ocrx_word' id='word_1_354' title='bbox 972 1366 997 1392; x_wconf 92' lang='lat' dir='ltr'><strong>p.</strong></span> <span class='ocrx_word' id='word_1_355' title='bbox 1013 1358 1057 1390; x_wconf 88' lang='lat'><strong>8|,</strong></span> <span class='ocrx_word' id='word_1_356' title='bbox 1077 1358 1105 1385; x_wconf 84' lang='lat' dir='ltr'><strong>S.</strong></span> <span class='ocrx_word' id='word_1_357' title='bbox 1120 1357 1231 1393; x_wconf 83' lang='lat' dir='ltr'><strong>Josephi</strong></span> <span class='ocrx_word' id='word_1_358' title='bbox 1249 1359 1375 1394; x_wconf 90' lang='lat' dir='ltr'><strong>hymnos,</strong></span> <span class='ocrx_word' id='word_1_359' title='bbox 1390 1359 1516 1386; x_wconf 91' lang='lat' dir='ltr'><strong>omnibus</strong></span> <span class='ocrx_word' id='word_1_360' title='bbox 1528 1360 1642 1387; x_wconf 75' lang='lat' dir='ltr'><strong>aliorum</strong></span> <span class='ocrx_word' id='word_1_361' title='bbox 1656 1359 1824 1393; x_wconf 62' lang='lat' dir='ltr'><strong>Grazcorom,</strong></span> 
     </span>
    </p>
   </div>
   <div class='ocr_carea' id='block_1_29' title="bbox 215 1401 1827 1438">
    <p class='ocr_par' dir='ltr' id='par_1_29' title="bbox 215 1401 1827 1438">
     <span class='ocr_line' id='line_1_29' title="bbox 215 1401 1827 1438; baseline 0.002 -11"><span class='ocrx_word' id='word_1_362' title='bbox 215 1402 261 1436; x_wconf 88' lang='lat' dir='ltr'><strong>qui</strong></span> <span class='ocrx_word' id='word_1_363' title='bbox 282 1402 309 1428; x_wconf 94' lang='lat' dir='ltr'><strong>in</strong></span> <span class='ocrx_word' id='word_1_364' title='bbox 325 1402 391 1437; x_wconf 85' lang='lat' dir='ltr'><strong>ipsis</strong></span> <span class='ocrx_word' id='word_1_365' title='bbox 409 1402 518 1430; x_wconf 76' lang='lat' dir='ltr'><strong>Mena-is</strong></span> <span class='ocrx_word' id='word_1_366' title='bbox 530 1405 746 1438; x_wconf 88' lang='lat' dir='ltr'><strong>comperiuntur,</strong></span> <span class='ocrx_word' id='word_1_367' title='bbox 760 1403 973 1437; x_wconf 84' lang='lat' dir='ltr'><strong>anteponendos.</strong></span> <span class='ocrx_word' id='word_1_368' title='bbox 991 1402 1046 1428; x_wconf 88' lang='lat' dir='ltr'><strong>lmo</strong></span> <span class='ocrx_word' id='word_1_369' title='bbox 1061 1402 1120 1436; x_wconf 86' lang='lat' dir='ltr'><strong>ejus</strong></span> <span class='ocrx_word' id='word_1_370' title='bbox 1135 1401 1202 1428; x_wconf 60' lang='lat' dir='ltr'><strong>Vita;</strong></span> <span class='ocrx_word' id='word_1_371' title='bbox 1216 1402 1367 1436; x_wconf 86' lang='lat' dir='ltr'><strong>scriptores</strong></span> <span class='ocrx_word' id='word_1_372' title='bbox 1385 1402 1505 1434; x_wconf 88' lang='lat' dir='ltr'><strong>tradunt,</strong></span> <span class='ocrx_word' id='word_1_373' title='bbox 1523 1407 1615 1437; x_wconf 86' lang='lat' dir='ltr'><strong>poetas</strong></span> <span class='ocrx_word' id='word_1_374' title='bbox 1624 1403 1827 1438; x_wconf 83' lang='lat' dir='ltr'><strong>scriptoresque</strong></span> 
     </span>
    </p>
   </div>
   <div class='ocr_carea' id='block_1_30' title="bbox 215 1445 1826 1482">
    <p class='ocr_par' dir='ltr' id='par_1_30' title="bbox 215 1445 1826 1482">
     <span class='ocr_line' id='line_1_30' title="bbox 215 1445 1826 1482; baseline 0.002 -11"><span class='ocrx_word' id='word_1_375' title='bbox 215 1452 310 1472; x_wconf 89' lang='lat' dir='ltr'><strong>omnes</strong></span> <span class='ocrx_word' id='word_1_376' title='bbox 324 1451 383 1480; x_wconf 87' lang='lat' dir='ltr'><strong>post</strong></span> <span class='ocrx_word' id='word_1_377' title='bbox 395 1447 483 1480; x_wconf 84' lang='lat' dir='ltr'><strong>ipsum</strong></span> <span class='ocrx_word' id='word_1_378' title='bbox 500 1447 637 1480; x_wconf 82' lang='lat' dir='ltr'><strong>ﬂorentes,</strong></span> <span class='ocrx_word' id='word_1_379' title='bbox 649 1455 710 1482; x_wconf 67' lang='lat' dir='ltr'><strong>quae</strong></span> <span class='ocrx_word' id='word_1_380' title='bbox 734 1447 884 1473; x_wconf 83' lang='lat' dir='ltr'><strong>venustatis</strong></span> <span class='ocrx_word' id='word_1_381' title='bbox 896 1450 923 1473; x_wconf 86' lang='lat' dir='ltr'><strong>et</strong></span> <span class='ocrx_word' id='word_1_382' title='bbox 935 1445 1125 1473; x_wconf 87' lang='lat' dir='ltr'><strong>concinnitatis</strong></span> <span class='ocrx_word' id='word_1_383' title='bbox 1142 1445 1252 1478; x_wconf 89' lang='lat' dir='ltr'><strong>habent,</strong></span> <span class='ocrx_word' id='word_1_384' title='bbox 1266 1446 1356 1472; x_wconf 85' lang='lat' dir='ltr'><strong>omnia</strong></span> <span class='ocrx_word' id='word_1_385' title='bbox 1372 1453 1405 1472; x_wconf 86' lang='lat' dir='ltr'><strong>ex</strong></span> <span class='ocrx_word' id='word_1_386' title='bbox 1425 1445 1534 1480; x_wconf 78' lang='lat' dir='ltr'><strong>Josephi</strong></span> <span class='ocrx_word' id='word_1_387' title='bbox 1560 1447 1677 1482; x_wconf 85' lang='lat' dir='ltr'><strong>hymnis,</strong></span> <span class='ocrx_word' id='word_1_388' title='bbox 1696 1452 1826 1482; x_wconf 89' lang='lat' dir='ltr'><strong>tauquam</strong></span> 
     </span>
    </p>
   </div>
   <div class='ocr_carea' id='block_1_31' title="bbox 215 1489 1827 1525">
    <p class='ocr_par' dir='ltr' id='par_1_31' title="bbox 215 1489 1827 1525">
     <span class='ocr_line' id='line_1_31' title="bbox 215 1489 1827 1525; baseline 0.002 -11"><span class='ocrx_word' id='word_1_389' title='bbox 215 1496 248 1514; x_wconf 74' lang='lat' dir='ltr'><strong>ex</strong></span> <span class='ocrx_word' id='word_1_390' title='bbox 265 1489 366 1516; x_wconf 75' lang='lat' dir='ltr'><strong>ctelesti</strong></span> <span class='ocrx_word' id='word_1_391' title='bbox 381 1490 533 1517; x_wconf 77' lang='lat' dir='ltr'><strong>aun-il‘odina</strong></span> <span class='ocrx_word' id='word_1_392' title='bbox 553 1491 666 1519; x_wconf 83' lang='lat' dir='ltr'><strong>eruisse.</strong></span> <span class='ocrx_word' id='word_1_393' title='bbox 690 1490 725 1517; x_wconf 82' lang='lat' dir='ltr'><strong>Ex</strong></span> <span class='ocrx_word' id='word_1_394' title='bbox 741 1491 781 1517; x_wconf 87' lang='lat' dir='ltr'><strong>his</strong></span> <span class='ocrx_word' id='word_1_395' title='bbox 795 1490 922 1517; x_wconf 84' lang='lat' dir='ltr'><strong>omnibus</strong></span> <span class='ocrx_word' id='word_1_396' title='bbox 937 1489 1023 1520; x_wconf 83' lang='lat' dir='ltr'><strong>libris,</strong></span> <span class='ocrx_word' id='word_1_397' title='bbox 1043 1489 1155 1522; x_wconf 71' lang='lat' dir='ltr'><strong>aliisque</strong></span> <span class='ocrx_word' id='word_1_398' title='bbox 1172 1497 1239 1516; x_wconf 80' lang='lat' dir='ltr'><strong>is.</strong></span> <span class='ocrx_word' id='word_1_399' title='bbox 1247 1489 1386 1516; x_wconf 84' lang='lat' dir='ltr'><strong>codicibus</strong></span> <span class='ocrx_word' id='word_1_400' title='bbox 1401 1489 1594 1516; x_wconf 83' lang='lat' dir='ltr'><strong>celeberrimus</strong></span> <span class='ocrx_word' id='word_1_401' title='bbox 1608 1491 1657 1520; x_wconf 87' lang='lat' dir='ltr'><strong>vir,</strong></span> <span class='ocrx_word' id='word_1_402' title='bbox 1669 1491 1827 1525; x_wconf 65' lang='lat' dir='ltr'><strong>etjlieiparze</strong></span> 
     </span>
    </p>
   </div>
   <div class='ocr_carea' id='block_1_32' title="bbox 215 1532 1826 1569">
    <p class='ocr_par' dir='ltr' id='par_1_32' title="bbox 215 1532 1826 1569">
     <span class='ocr_line' id='line_1_32' title="bbox 215 1532 1826 1569; baseline 0.002 -11"><span class='ocrx_word' id='word_1_403' title='bbox 215 1532 303 1559; x_wconf 89' lang='lat' dir='ltr'><strong>cultor</strong></span> <span class='ocrx_word' id='word_1_404' title='bbox 312 1533 428 1568; x_wconf 89' lang='lat' dir='ltr'><strong>inclytus</strong></span> <span class='ocrx_word' id='word_1_405' title='bbox 437 1533 598 1568; x_wconf 82' lang='lat' dir='ltr'><strong>Hippolytus</strong></span> <span class='ocrx_word' id='word_1_406' title='bbox 612 1534 760 1560; x_wconf 84' lang='lat' dir='ltr'><strong>Marracius</strong></span> <span class='ocrx_word' id='word_1_407' title='bbox 782 1532 911 1560; x_wconf 84' lang='lat' dir='ltr'><strong>Lucensis</strong></span> <span class='ocrx_word' id='word_1_408' title='bbox 922 1533 1035 1567; x_wconf 83' lang='lat' dir='ltr'><strong>hymnos</strong></span> <span class='ocrx_word' id='word_1_409' title='bbox 1043 1533 1148 1566; x_wconf 64' lang='lat' dir='ltr'><strong>colli-git</strong></span> <span class='ocrx_word' id='word_1_410' title='bbox 1160 1540 1255 1560; x_wconf 76' lang='lat' dir='ltr'><strong>omnes</strong></span> <span class='ocrx_word' id='word_1_411' title='bbox 1265 1532 1385 1565; x_wconf 69' lang='lat' dir='ltr'><strong>Graecos,</strong></span> <span class='ocrx_word' id='word_1_412' title='bbox 1397 1541 1465 1567; x_wconf 90' lang='lat' dir='ltr'><strong>quos</strong></span> <span class='ocrx_word' id='word_1_413' title='bbox 1482 1533 1512 1560; x_wconf 89' lang='lat' dir='ltr'><strong>S.</strong></span> <span class='ocrx_word' id='word_1_414' title='bbox 1525 1532 1692 1568; x_wconf 76' lang='lat' dir='ltr'><strong>Joscphusin</strong></span> <span class='ocrx_word' id='word_1_415' title='bbox 1705 1534 1826 1569; x_wconf 77' lang='lat' dir='ltr'><strong>Deiparte</strong></span> 
     </span>
    </p>
   </div>
   <div class='ocr_carea' id='block_1_33' title="bbox 215 1576 1827 1611">
    <p class='ocr_par' dir='ltr' id='par_1_33' title="bbox 215 1576 1827 1611">
     <span class='ocr_line' id='line_1_33' title="bbox 215 1576 1827 1611; baseline 0.002 -9"><span class='ocrx_word' id='word_1_416' title='bbox 215 1576 321 1603; x_wconf 88' lang='lat' dir='ltr'><strong>tandem</strong></span> <span class='ocrx_word' id='word_1_417' title='bbox 333 1578 441 1608; x_wconf 85' lang='lat' dir='ltr'><strong>cecinit,</strong></span> <span class='ocrx_word' id='word_1_418' title='bbox 451 1582 480 1605; x_wconf 85' lang='lat' dir='ltr'><strong>et</strong></span> <span class='ocrx_word' id='word_1_419' title='bbox 489 1577 632 1604; x_wconf 82' lang='lat' dir='ltr'><strong>Latinitate</strong></span> <span class='ocrx_word' id='word_1_420' title='bbox 642 1578 756 1604; x_wconf 81' lang='lat' dir='ltr'><strong>donatos</strong></span> <span class='ocrx_word' id='word_1_421' title='bbox 766 1576 819 1604; x_wconf 78' lang='lat' dir='ltr'><strong>fere</strong></span> <span class='ocrx_word' id='word_1_422' title='bbox 832 1584 926 1604; x_wconf 87' lang='lat' dir='ltr'><strong>oumes</strong></span> <span class='ocrx_word' id='word_1_423' title='bbox 937 1584 952 1603; x_wconf 87' lang='lat' dir='ltr'><strong>a</strong></span> <span class='ocrx_word' id='word_1_424' title='bbox 962 1576 1098 1603; x_wconf 83' lang='lat' dir='ltr'><strong>Ludovico</strong></span> <span class='ocrx_word' id='word_1_425' title='bbox 1110 1576 1321 1610; x_wconf 65' lang='lat' dir='ltr'><strong>Marrarcioejus</strong></span> <span class='ocrx_word' id='word_1_426' title='bbox 1331 1576 1423 1608; x_wconf 80' lang='lat' dir='ltr'><strong>fratre,</strong></span> <span class='ocrx_word' id='word_1_427' title='bbox 1432 1577 1524 1607; x_wconf 84' lang='lat' dir='ltr'><strong>edidit.</strong></span> <span class='ocrx_word' id='word_1_428' title='bbox 1536 1577 1659 1611; x_wconf 86' lang='lat' dir='ltr'><strong>notisque</strong></span> <span class='ocrx_word' id='word_1_429' title='bbox 1683 1577 1787 1604; x_wconf 87' lang='lat' dir='ltr'><strong>illustra</strong></span> <span class='ocrx_word' id='word_1_430' title='bbox 1807 1579 1827 1606; x_wconf 91' lang='lat' dir='ltr'><strong>it</strong></span> 
     </span>
    </p>
   </div>
   <div class='ocr_carea' id='block_1_34' title="bbox 215 1619 1826 1656">
    <p class='ocr_par' dir='ltr' id='par_1_34' title="bbox 215 1619 1826 1656">
     <span class='ocr_line' id='line_1_34' title="bbox 215 1619 1826 1656; baseline 0.002 -11"><span class='ocrx_word' id='word_1_431' title='bbox 215 1619 267 1646; x_wconf 87' lang='lat' dir='ltr'><strong>hoc</strong></span> <span class='ocrx_word' id='word_1_432' title='bbox 283 1621 406 1654; x_wconf 84' lang='lat' dir='ltr'><strong>apposito</strong></span> <span class='ocrx_word' id='word_1_433' title='bbox 429 1621 506 1648; x_wconf 88' lang='lat' dir='ltr'><strong>titulo</strong></span> <span class='ocrx_word' id='word_1_434' title='bbox 523 1630 530 1647; x_wconf 90' lang='lat'><strong>:</strong></span> <span class='ocrx_word' id='word_1_435' title='bbox 547 1621 577 1648; x_wconf 89' lang='lat' dir='ltr'><strong>S.</strong></span> <span class='ocrx_word' id='word_1_436' title='bbox 591 1620 698 1655; x_wconf 76' lang='lat' dir='ltr'><strong>Iosephi</strong></span> <span class='ocrx_word' id='word_1_437' title='bbox 712 1621 911 1656; x_wconf 83' lang='lat' dir='ltr'><strong>ltymnographi,</strong></span> <span class='ocrx_word' id='word_1_438' title='bbox 938 1619 1031 1651; x_wconf 83' lang='lat' dir='ltr'><strong>Siculi,</strong></span> <span class='ocrx_word' id='word_1_439' title='bbox 1054 1619 1234 1654; x_wconf 78' lang='lat' dir='ltr'><strong>Syracusani,</strong></span> <span class='ocrx_word' id='word_1_440' title='bbox 1249 1619 1356 1647; x_wconf 81' lang='lat' dir='ltr'><strong>Ordinis</strong></span> <span class='ocrx_word' id='word_1_441' title='bbox 1374 1620 1404 1646; x_wconf 91' lang='lat' dir='ltr'><strong>D.</strong></span> <span class='ocrx_word' id='word_1_442' title='bbox 1431 1620 1527 1646; x_wconf 75' lang='lat' dir='ltr'><strong>Basilii</strong></span> <span class='ocrx_word' id='word_1_443' title='bbox 1546 1621 1677 1652; x_wconf 80' lang='lat' dir='ltr'><strong>monachi,</strong></span> <span class='ocrx_word' id='word_1_444' title='bbox 1700 1621 1826 1655; x_wconf 82' lang='lat' dir='ltr'><strong>Mariale,</strong></span> 
     </span>
    </p>
   </div>
   <div class='ocr_carea' id='block_1_35' title="bbox 214 1656 1827 1699">
    <p class='ocr_par' dir='ltr' id='par_1_35' title="bbox 214 1656 1827 1699">
     <span class='ocr_line' id='line_1_35' title="bbox 214 1656 1827 1699; baseline 0.002 -10"><span class='ocrx_word' id='word_1_445' title='bbox 214 1672 264 1698; x_wconf 79' lang='lat' dir='ltr'><strong>quo</strong></span> <span class='ocrx_word' id='word_1_446' title='bbox 278 1664 394 1698; x_wconf 75' lang='lat' dir='ltr'><strong>ejusdem</strong></span> <span class='ocrx_word' id='word_1_447' title='bbox 409 1664 438 1691; x_wconf 92' lang='lat' dir='ltr'><strong>S.</strong></span> <span class='ocrx_word' id='word_1_448' title='bbox 450 1665 555 1699; x_wconf 77' lang='lat' dir='ltr'><strong>Josepltt&#39;</strong></span> <span class='ocrx_word' id='word_1_449' title='bbox 572 1665 602 1692; x_wconf 84' lang='lat' dir='ltr'><strong>de</strong></span> <span class='ocrx_word' id='word_1_450' title='bbox 624 1665 814 1699; x_wconf 81' lang='lat' dir='ltr'><strong>augustissima</strong></span> <span class='ocrx_word' id='word_1_451' title='bbox 829 1664 886 1690; x_wconf 67' lang='lat' dir='ltr'><strong>(teli</strong></span> <span class='ocrx_word' id='word_1_452' title='bbox 899 1668 1023 1698; x_wconf 74' lang='lat' dir='ltr'><strong>terrwque</strong></span> <span class='ocrx_word' id='word_1_453' title='bbox 1037 1663 1134 1697; x_wconf 75' lang='lat' dir='ltr'><strong>Regina</strong></span> <span class='ocrx_word' id='word_1_454' title='bbox 1147 1663 1260 1697; x_wconf 81' lang='lat' dir='ltr'><strong>Deipara</strong></span> <span class='ocrx_word' id='word_1_455' title='bbox 1272 1663 1369 1697; x_wconf 82' lang='lat' dir='ltr'><strong>virgine</strong></span> <span class='ocrx_word' id='word_1_456' title='bbox 1386 1656 1484 1696; x_wconf 71' lang='lat' dir='ltr'><strong>Maria,</strong></span> <span class='ocrx_word' id='word_1_457' title='bbox 1497 1672 1574 1697; x_wconf 76' lang='lat' dir='ltr'><strong>opera</strong></span> <span class='ocrx_word' id='word_1_458' title='bbox 1584 1665 1672 1690; x_wconf 84' lang='lat' dir='ltr'><strong>omnia</strong></span> <span class='ocrx_word' id='word_1_459' title='bbox 1686 1673 1743 1699; x_wconf 85' lang='lat' dir='ltr'><strong>qua:</strong></span> <span class='ocrx_word' id='word_1_460' title='bbox 1755 1673 1827 1699; x_wconf 81' lang='lat' dir='ltr'><strong>repe-</strong></span> 
     </span>
    </p>
   </div>
   <div class='ocr_carea' id='block_1_36' title="bbox 215 1707 1829 1743">
    <p class='ocr_par' dir='ltr' id='par_1_36' title="bbox 215 1707 1829 1743">
     <span class='ocr_line' id='line_1_36' title="bbox 215 1707 1829 1743; baseline 0.002 -11"><span class='ocrx_word' id='word_1_461' title='bbox 215 1707 262 1734; x_wconf 83' lang='lat' dir='ltr'><strong>riri</strong></span> <span class='ocrx_word' id='word_1_462' title='bbox 278 1713 428 1741; x_wconf 81' lang='lat' dir='ltr'><strong>potuerunt,</strong></span> <span class='ocrx_word' id='word_1_463' title='bbox 444 1717 475 1735; x_wconf 74' lang='lat' dir='ltr'><strong>ea:</strong></span> <span class='ocrx_word' id='word_1_464' title='bbox 485 1708 583 1735; x_wconf 66' lang='lat' dir='ltr'><strong>Graacis</strong></span> <span class='ocrx_word' id='word_1_465' title='bbox 597 1717 658 1735; x_wconf 78' lang='lat' dir='ltr'><strong>mss.</strong></span> <span class='ocrx_word' id='word_1_466' title='bbox 675 1707 808 1734; x_wconf 77' lang='lat' dir='ltr'><strong>codicibus</strong></span> <span class='ocrx_word' id='word_1_467' title='bbox 833 1708 943 1734; x_wconf 79' lang='lat' dir='ltr'><strong>collecta</strong></span> <span class='ocrx_word' id='word_1_468' title='bbox 957 1727 964 1740; x_wconf 90' lang='lat'><strong>,</strong></span> <span class='ocrx_word' id='word_1_469' title='bbox 986 1707 1078 1733; x_wconf 82' lang='lat' dir='ltr'><strong>Latine</strong></span> <span class='ocrx_word' id='word_1_470' title='bbox 1094 1707 1207 1739; x_wconf 82' lang='lat' dir='ltr'><strong>reddita,</strong></span> <span class='ocrx_word' id='word_1_471' title='bbox 1232 1708 1350 1741; x_wconf 70' lang='lat' dir='ltr'><strong>notisque</strong></span> <span class='ocrx_word' id='word_1_472' title='bbox 1376 1707 1522 1739; x_wconf 80' lang='lat' dir='ltr'><strong>illustrata,</strong></span> <span class='ocrx_word' id='word_1_473' title='bbox 1549 1716 1617 1734; x_wconf 71' lang='lat' dir='ltr'><strong>nunc</strong></span> <span class='ocrx_word' id='word_1_474' title='bbox 1641 1710 1725 1742; x_wconf 84' lang='lat' dir='ltr'><strong>primo</strong></span> <span class='ocrx_word' id='word_1_475' title='bbox 1742 1709 1829 1743; x_wconf 81' lang='lat' dir='ltr'><strong>publi-</strong></span> 
     </span>
    </p>
   </div>
   <div class='ocr_carea' id='block_1_37' title="bbox 213 1750 1826 1786">
    <p class='ocr_par' dir='ltr' id='par_1_37' title="bbox 213 1750 1826 1786">
     <span class='ocr_line' id='line_1_37' title="bbox 213 1750 1826 1786; baseline 0.001 -9"><span class='ocrx_word' id='word_1_476' title='bbox 213 1756 317 1781; x_wconf 74' lang='lat' dir='ltr'><strong>atntur,</strong></span> <span class='ocrx_word' id='word_1_477' title='bbox 329 1752 417 1778; x_wconf 82' lang='lat' dir='ltr'><strong>studio</strong></span> <span class='ocrx_word' id='word_1_478' title='bbox 434 1761 464 1778; x_wconf 85' lang='lat' dir='ltr'><strong>ac</strong></span> <span class='ocrx_word' id='word_1_479' title='bbox 480 1753 567 1778; x_wconf 78' lang='lat' dir='ltr'><strong>labore</strong></span> <span class='ocrx_word' id='word_1_480' title='bbox 584 1751 615 1778; x_wconf 84' lang='lat' dir='ltr'><strong>P.</strong></span> <span class='ocrx_word' id='word_1_481' title='bbox 634 1751 771 1786; x_wconf 79' lang='lat' dir='ltr'><strong>Hippolyti</strong></span> <span class='ocrx_word' id='word_1_482' title='bbox 791 1751 947 1781; x_wconf 69' lang='lat' dir='ltr'><strong>Murranii,</strong></span> <span class='ocrx_word' id='word_1_483' title='bbox 962 1750 1099 1782; x_wconf 73' lang='lat' dir='ltr'><strong>Lucensis,</strong></span> <span class='ocrx_word' id='word_1_484' title='bbox 1119 1758 1132 1776; x_wconf 78' lang='grc' dir='ltr'><em>ε</em></span> <span class='ocrx_word' id='word_1_485' title='bbox 1153 1751 1353 1784; x_wconf 78' lang='lat' dir='ltr'><strong>congngutione</strong></span> <span class='ocrx_word' id='word_1_486' title='bbox 1361 1751 1423 1776; x_wconf 75' lang='lat' dir='ltr'><strong>tier.</strong></span> <span class='ocrx_word' id='word_1_487' title='bbox 1446 1751 1528 1785; x_wconf 80' lang='lat' dir='ltr'><strong>rcgul.</strong></span> <span class='ocrx_word' id='word_1_488' title='bbox 1552 1750 1646 1777; x_wconf 73' lang='lat' dir='ltr'><strong>Matris</strong></span> <span class='ocrx_word' id='word_1_489' title='bbox 1661 1751 1717 1785; x_wconf 61' lang='lat' dir='ltr'><strong>Dei,</strong></span> <span class='ocrx_word' id='word_1_490' title='bbox 1728 1751 1826 1785; x_wconf 74' lang='lat' dir='ltr'><strong>Romw,</strong></span> 
     </span>
    </p>
   </div>
   <div class='ocr_carea' id='block_1_38' title="bbox 214 1793 1826 1830">
    <p class='ocr_par' dir='ltr' id='par_1_38' title="bbox 214 1793 1826 1830">
     <span class='ocr_line' id='line_1_38' title="bbox 214 1793 1826 1830; baseline 0.002 -10"><span class='ocrx_word' id='word_1_491' title='bbox 214 1795 283 1829; x_wconf 78' lang='lat' dir='ltr'><strong>typis</strong></span> <span class='ocrx_word' id='word_1_492' title='bbox 299 1794 397 1829; x_wconf 83' lang='lat' dir='ltr'><strong>Iguatii</strong></span> <span class='ocrx_word' id='word_1_493' title='bbox 409 1795 440 1822; x_wconf 81' lang='lat' dir='ltr'><strong>de</strong></span> <span class='ocrx_word' id='word_1_494' title='bbox 452 1795 572 1828; x_wconf 67' lang='lat' dir='ltr'><strong>Lazm‘is,</strong></span> <span class='ocrx_word' id='word_1_495' title='bbox 591 1795 668 1826; x_wconf 81' lang='grc'><strong>1661,</strong></span> <span class='ocrx_word' id='word_1_496' title='bbox 687 1797 715 1821; x_wconf 86' lang='lat' dir='ltr'><strong>in</strong></span> <span class='ocrx_word' id='word_1_497' title='bbox 734 1796 761 1822; x_wconf 90' lang='lat'><strong>8.</strong></span> <span class='ocrx_word' id='word_1_498' title='bbox 775 1795 856 1821; x_wconf 90' lang='lat' dir='ltr'><strong>Addit</strong></span> <span class='ocrx_word' id='word_1_499' title='bbox 874 1802 902 1821; x_wconf 78' lang='lat' dir='ltr'><strong>et</strong></span> <span class='ocrx_word' id='word_1_500' title='bbox 918 1795 975 1828; x_wconf 87' lang='lat' dir='ltr'><strong>ipse</strong></span> <span class='ocrx_word' id='word_1_501' title='bbox 988 1793 1167 1826; x_wconf 77' lang='lat' dir='ltr'><strong>Marrnceius,</strong></span> <span class='ocrx_word' id='word_1_502' title='bbox 1187 1795 1212 1820; x_wconf 95' lang='lat' dir='ltr'><strong>in</strong></span> <span class='ocrx_word' id='word_1_503' title='bbox 1229 1795 1302 1821; x_wconf 89' lang='lat' dir='ltr'><strong>notis</strong></span> <span class='ocrx_word' id='word_1_504' title='bbox 1317 1795 1408 1829; x_wconf 59' lang='lat' dir='ltr'><strong>p.423,</strong></span> <span class='ocrx_word' id='word_1_505' title='bbox 1426 1795 1541 1829; x_wconf 87' lang='lat' dir='ltr'><strong>hymnos</strong></span> <span class='ocrx_word' id='word_1_506' title='bbox 1558 1797 1659 1822; x_wconf 89' lang='lat' dir='ltr'><strong>multos</strong></span> <span class='ocrx_word' id='word_1_507' title='bbox 1675 1797 1787 1830; x_wconf 84' lang='lat' dir='ltr'><strong>reperiri</strong></span> <span class='ocrx_word' id='word_1_508' title='bbox 1801 1798 1826 1824; x_wconf 86' lang='lat' dir='ltr'><strong>in</strong></span> 
     </span>
    </p>
   </div>
   <div class='ocr_carea' id='block_1_39' title="bbox 215 1838 1829 1874">
    <p class='ocr_par' dir='ltr' id='par_1_39' title="bbox 215 1838 1829 1874">
     <span class='ocr_line' id='line_1_39' title="bbox 215 1838 1829 1874; baseline 0.002 -10"><span class='ocrx_word' id='word_1_509' title='bbox 215 1845 281 1865; x_wconf 84' lang='lat' dir='ltr'><strong>utss.</strong></span> <span class='ocrx_word' id='word_1_510' title='bbox 299 1839 440 1866; x_wconf 85' lang='lat' dir='ltr'><strong>codicibus</strong></span> <span class='ocrx_word' id='word_1_511' title='bbox 454 1839 624 1866; x_wconf 66' lang='lat' dir='ltr'><strong>bibliotheca:</strong></span> <span class='ocrx_word' id='word_1_512' title='bbox 648 1839 815 1870; x_wconf 67' lang='lat' dir='ltr'><strong>Burin-rium,</strong></span> <span class='ocrx_word' id='word_1_513' title='bbox 831 1838 876 1872; x_wconf 92' lang='lat' dir='ltr'><strong>qui</strong></span> <span class='ocrx_word' id='word_1_514' title='bbox 893 1839 919 1864; x_wconf 93' lang='lat' dir='ltr'><strong>in</strong></span> <span class='ocrx_word' id='word_1_515' title='bbox 934 1838 1014 1865; x_wconf 76' lang='lat' dir='ltr'><strong>editis</strong></span> <span class='ocrx_word' id='word_1_516' title='bbox 1029 1838 1186 1864; x_wconf 68' lang='lat' dir='ltr'><strong>Grtccorum</strong></span> <span class='ocrx_word' id='word_1_517' title='bbox 1206 1838 1314 1865; x_wconf 60' lang='lat' dir='ltr'><strong>Menmis</strong></span> <span class='ocrx_word' id='word_1_518' title='bbox 1330 1840 1541 1872; x_wconf 86' lang='lat' dir='ltr'><strong>desiderantur;</strong></span> <span class='ocrx_word' id='word_1_519' title='bbox 1562 1845 1586 1866; x_wconf 91' lang='lat' dir='ltr'><strong>et</strong></span> <span class='ocrx_word' id='word_1_520' title='bbox 1607 1847 1667 1874; x_wconf 84' lang='lat' dir='ltr'><strong>pag.</strong></span> <span class='ocrx_word' id='word_1_521' title='bbox 1685 1840 1829 1868; x_wconf 65' lang='grc' dir='ltr'><strong>ιδιδυιιεη</strong></span> 
     </span>
    </p>
   </div>
   <div class='ocr_carea' id='block_1_40' title="bbox 215 1881 1829 1917">
    <p class='ocr_par' dir='ltr' id='par_1_40' title="bbox 215 1881 1829 1917">
     <span class='ocr_line' id='line_1_40' title="bbox 215 1881 1829 1917; baseline 0.002 -10"><span class='ocrx_word' id='word_1_522' title='bbox 215 1882 263 1913; x_wconf 88' lang='lat' dir='ltr'><strong>ait,</strong></span> <span class='ocrx_word' id='word_1_523' title='bbox 279 1882 351 1916; x_wconf 90' lang='lat' dir='ltr'><strong>quod</strong></span> <span class='ocrx_word' id='word_1_524' title='bbox 367 1883 392 1908; x_wconf 93' lang='lat' dir='ltr'><strong>in</strong></span> <span class='ocrx_word' id='word_1_525' title='bbox 409 1881 519 1909; x_wconf 93' lang='lat' dir='ltr'><strong>Triodio</strong></span> <span class='ocrx_word' id='word_1_526' title='bbox 533 1890 584 1910; x_wconf 92' lang='lat' dir='ltr'><strong>ms.</strong></span> <span class='ocrx_word' id='word_1_527' title='bbox 600 1882 695 1910; x_wconf 69' lang='lat' dir='ltr'><strong>Cnet-0</strong></span> <span class='ocrx_word' id='word_1_528' title='bbox 703 1882 823 1916; x_wconf 81' lang='lat' dir='ltr'><strong>ejusdem</strong></span> <span class='ocrx_word' id='word_1_529' title='bbox 836 1881 959 1908; x_wconf 88' lang='lat' dir='ltr'><strong>biblioth.</strong></span> <span class='ocrx_word' id='word_1_530' title='bbox 978 1889 1005 1907; x_wconf 91' lang='lat' dir='ltr'><strong>n.</strong></span> <span class='ocrx_word' id='word_1_531' title='bbox 1022 1881 1083 1911; x_wconf 81' lang='grc'><strong>118,</strong></span> <span class='ocrx_word' id='word_1_532' title='bbox 1098 1881 1190 1916; x_wconf 89' lang='lat' dir='ltr'><strong>hymni</strong></span> <span class='ocrx_word' id='word_1_533' title='bbox 1201 1886 1308 1908; x_wconf 76' lang='lat' dir='ltr'><strong>exstant</strong></span> <span class='ocrx_word' id='word_1_534' title='bbox 1329 1882 1461 1914; x_wconf 87' lang='lat' dir='ltr'><strong>nonnulli,</strong></span> <span class='ocrx_word' id='word_1_535' title='bbox 1478 1883 1523 1916; x_wconf 86' lang='lat' dir='ltr'><strong>qui</strong></span> <span class='ocrx_word' id='word_1_536' title='bbox 1539 1885 1564 1909; x_wconf 84' lang='lat' dir='ltr'><strong>in</strong></span> <span class='ocrx_word' id='word_1_537' title='bbox 1574 1883 1706 1917; x_wconf 78' lang='lat' dir='ltr'><strong>impresso</strong></span> <span class='ocrx_word' id='word_1_538' title='bbox 1718 1884 1829 1911; x_wconf 80' lang='lat' dir='ltr'><strong>Triodio</strong></span> 
     </span>
    </p>
   </div>
   <div class='ocr_carea' id='block_1_41' title="bbox 215 1923 1828 1962">
    <p class='ocr_par' dir='ltr' id='par_1_41' title="bbox 215 1923 1828 1962">
     <span class='ocr_line' id='line_1_41' title="bbox 215 1923 1828 1962; baseline 0.002 -11"><span class='ocrx_word' id='word_1_539' title='bbox 215 1933 268 1951; x_wconf 93' lang='lat' dir='ltr'><strong>non</strong></span> <span class='ocrx_word' id='word_1_540' title='bbox 283 1926 464 1960; x_wconf 87' lang='lat' dir='ltr'><strong>reperiuntur.</strong></span> <span class='ocrx_word' id='word_1_541' title='bbox 481 1927 559 1961; x_wconf 87' lang='lat' dir='ltr'><strong>Apud</strong></span> <span class='ocrx_word' id='word_1_542' title='bbox 578 1926 719 1954; x_wconf 78' lang='lat' dir='ltr'><strong>Octavium</strong></span> <span class='ocrx_word' id='word_1_543' title='bbox 738 1925 887 1952; x_wconf 84' lang='lat' dir='ltr'><strong>Caetanum</strong></span> <span class='ocrx_word' id='word_1_544' title='bbox 902 1925 927 1951; x_wconf 94' lang='lat' dir='ltr'><strong>in</strong></span> <span class='ocrx_word' id='word_1_545' title='bbox 950 1924 1014 1951; x_wconf 78' lang='lat' dir='ltr'><strong>Vitis</strong></span> <span class='ocrx_word' id='word_1_546' title='bbox 1028 1923 1082 1952; x_wconf 89' lang='lat' dir='ltr'><strong>SS.</strong></span> <span class='ocrx_word' id='word_1_547' title='bbox 1100 1925 1262 1958; x_wconf 81' lang='lat' dir='ltr'><strong>Siculorum,</strong></span> <span class='ocrx_word' id='word_1_548' title='bbox 1276 1925 1332 1951; x_wconf 76' lang='lat' dir='ltr'><strong>luet;</strong></span> <span class='ocrx_word' id='word_1_549' title='bbox 1346 1926 1373 1951; x_wconf 87' lang='lat' dir='ltr'><strong>in</strong></span> <span class='ocrx_word' id='word_1_550' title='bbox 1385 1926 1512 1952; x_wconf 83' lang='lat' dir='ltr'><strong>Latinum</strong></span> <span class='ocrx_word' id='word_1_551' title='bbox 1530 1934 1607 1954; x_wconf 83' lang='lat' dir='ltr'><strong>versa</strong></span> <span class='ocrx_word' id='word_1_552' title='bbox 1622 1927 1656 1954; x_wconf 89' lang='lat' dir='ltr'><strong>ab</strong></span> <span class='ocrx_word' id='word_1_553' title='bbox 1675 1927 1828 1962; x_wconf 79' lang='lat' dir='ltr'><strong>Augustino</strong></span> 
     </span>
    </p>
   </div>
   <div class='ocr_carea' id='block_1_42' title="bbox 213 1968 745 2005">
    <p class='ocr_par' dir='ltr' id='par_1_42' title="bbox 213 1968 745 2005">
     <span class='ocr_line' id='line_1_42' title="bbox 213 1968 745 2005; baseline 0.004 -10"><span class='ocrx_word' id='word_1_554' title='bbox 213 1968 316 1996; x_wconf 83' lang='lat' dir='ltr'><strong>Florito</strong></span> <span class='ocrx_word' id='word_1_555' title='bbox 331 1970 461 1997; x_wconf 75' lang='lat' dir='ltr'><strong>socJesu</strong></span> <span class='ocrx_word' id='word_1_556' title='bbox 475 1971 619 2002; x_wconf 80' lang='lat' dir='ltr'><strong>habentur,</strong></span> <span class='ocrx_word' id='word_1_557' title='bbox 631 1978 726 2005; x_wconf 87' lang='lat' dir='ltr'><strong>nempe</strong></span> <span class='ocrx_word' id='word_1_558' title='bbox 739 1980 745 1997; x_wconf 88' lang='lat'>:</span> 
     </span>
    </p>
   </div>
   <div class='ocr_carea' id='block_1_43' title="bbox 248 2013 1526 2050">
    <p class='ocr_par' dir='ltr' id='par_1_43' title="bbox 248 2013 1526 2050">
     <span class='ocr_line' id='line_1_43' title="bbox 248 2013 1526 2050; baseline 0.003 -11"><span class='ocrx_word' id='word_1_559' title='bbox 248 2013 374 2047; x_wconf 65' lang='lat' dir='ltr'><strong>Antiqua:</strong></span> <span class='ocrx_word' id='word_1_560' title='bbox 387 2014 453 2041; x_wconf 77' lang='lat' dir='ltr'><strong>odes</strong></span> <span class='ocrx_word' id='word_1_561' title='bbox 465 2014 644 2049; x_wconf 64' lang='lat' dir='ltr'><strong>fragmentum</strong></span> <span class='ocrx_word' id='word_1_562' title='bbox 661 2015 686 2041; x_wconf 91' lang='lat' dir='ltr'><strong>in</strong></span> <span class='ocrx_word' id='word_1_563' title='bbox 706 2015 733 2042; x_wconf 87' lang='lat' dir='ltr'><strong>S.</strong></span> <span class='ocrx_word' id='word_1_564' title='bbox 748 2015 913 2042; x_wconf 79' lang='lat' dir='ltr'><strong>Marcianum</strong></span> <span class='ocrx_word' id='word_1_565' title='bbox 932 2015 1088 2049; x_wconf 89' lang='lat' dir='ltr'><strong>episcopum</strong></span> <span class='ocrx_word' id='word_1_566' title='bbox 1106 2014 1400 2049; x_wconf 81' lang='lat' dir='ltr'><strong>Syracusanmn.’l‘om.</strong></span> <span class='ocrx_word' id='word_1_567' title='bbox 1419 2015 1444 2048; x_wconf 78' lang='grc' dir='ltr'><strong>Ι,</strong></span> <span class='ocrx_word' id='word_1_568' title='bbox 1459 2023 1484 2050; x_wconf 91' lang='lat' dir='ltr'><strong>p.</strong></span> <span class='ocrx_word' id='word_1_569' title='bbox 1501 2017 1526 2043; x_wconf 92' lang='lat'><strong>7.</strong></span> 
     </span>
    </p>
   </div>
   <div class='ocr_carea' id='block_1_44' title="bbox 249 2057 973 2094">
    <p class='ocr_par' dir='ltr' id='par_1_44' title="bbox 249 2057 973 2094">
     <span class='ocr_line' id='line_1_44' title="bbox 249 2057 973 2094; baseline 0.003 -11"><span class='ocrx_word' id='word_1_570' title='bbox 249 2057 276 2083; x_wconf 89' lang='lat' dir='ltr'><strong>lu</strong></span> <span class='ocrx_word' id='word_1_571' title='bbox 290 2057 318 2083; x_wconf 89' lang='lat' dir='ltr'><strong>S.</strong></span> <span class='ocrx_word' id='word_1_572' title='bbox 334 2059 489 2092; x_wconf 82' lang='lat' dir='ltr'><strong>pontiﬁcem</strong></span> <span class='ocrx_word' id='word_1_573' title='bbox 503 2058 677 2085; x_wconf 78' lang='lat' dir='ltr'><strong>Pancratium</strong></span> <span class='ocrx_word' id='word_1_574' title='bbox 691 2059 818 2094; x_wconf 72' lang='lat' dir='ltr'><strong>hymnus.</strong></span> <span class='ocrx_word' id='word_1_575' title='bbox 832 2059 868 2086; x_wconf 90' lang='lat' dir='ltr'><strong>ib.</strong></span> <span class='ocrx_word' id='word_1_576' title='bbox 885 2067 911 2093; x_wconf 92' lang='lat' dir='ltr'><strong>p.</strong></span> <span class='ocrx_word' id='word_1_577' title='bbox 931 2059 973 2085; x_wconf 77' lang='grc'><strong>15.</strong></span> 
     </span>
    </p>
   </div>
   <div class='ocr_carea' id='block_1_45' title="bbox 250 2101 965 2138">
    <p class='ocr_par' dir='ltr' id='par_1_45' title="bbox 250 2101 965 2138">
     <span class='ocr_line' id='line_1_45' title="bbox 250 2101 965 2138; baseline 0.003 -11"><span class='ocrx_word' id='word_1_578' title='bbox 250 2101 277 2127; x_wconf 94' lang='lat' dir='ltr'><strong>In</strong></span> <span class='ocrx_word' id='word_1_579' title='bbox 294 2101 322 2128; x_wconf 92' lang='lat' dir='ltr'><strong>S.</strong></span> <span class='ocrx_word' id='word_1_580' title='bbox 336 2101 465 2128; x_wconf 87' lang='lat' dir='ltr'><strong>Niconem</strong></span> <span class='ocrx_word' id='word_1_581' title='bbox 481 2107 624 2138; x_wconf 82' lang='lat' dir='ltr'><strong>martyrem</strong></span> <span class='ocrx_word' id='word_1_582' title='bbox 642 2103 769 2138; x_wconf 87' lang='lat' dir='ltr'><strong>hymnus,</strong></span> <span class='ocrx_word' id='word_1_583' title='bbox 782 2103 847 2130; x_wconf 90' lang='lat' dir='ltr'><strong>ibid.</strong></span> <span class='ocrx_word' id='word_1_584' title='bbox 863 2111 889 2138; x_wconf 91' lang='lat' dir='ltr'><strong>p.</strong></span> <span class='ocrx_word' id='word_1_585' title='bbox 909 2102 943 2130; x_wconf 66' lang='grc'><strong>45</strong></span> <span class='ocrx_word' id='word_1_586' title='bbox 958 2123 965 2129; x_wconf 91' lang='grc'>.</span> 
     </span>
    </p>
   </div>
   <div class='ocr_carea' id='block_1_46' title="bbox 250 2144 821 2181">
    <p class='ocr_par' dir='ltr' id='par_1_46' title="bbox 250 2144 821 2181">
     <span class='ocr_line' id='line_1_46' title="bbox 250 2144 821 2181; baseline 0.004 -11"><span class='ocrx_word' id='word_1_587' title='bbox 250 2145 276 2170; x_wconf 87' lang='lat' dir='ltr'><strong>III</strong></span> <span class='ocrx_word' id='word_1_588' title='bbox 293 2146 321 2172; x_wconf 84' lang='lat' dir='ltr'><strong>S.</strong></span> <span class='ocrx_word' id='word_1_589' title='bbox 338 2144 463 2179; x_wconf 86' lang='lat' dir='ltr'><strong>Euplium</strong></span> <span class='ocrx_word' id='word_1_590' title='bbox 479 2146 607 2181; x_wconf 81' lang='lat' dir='ltr'><strong>hymnus,</strong></span> <span class='ocrx_word' id='word_1_591' title='bbox 629 2146 694 2172; x_wconf 86' lang='lat' dir='ltr'><strong>ibid.</strong></span> <span class='ocrx_word' id='word_1_592' title='bbox 713 2154 739 2180; x_wconf 87' lang='lat' dir='ltr'><strong>p.</strong></span> <span class='ocrx_word' id='word_1_593' title='bbox 760 2146 821 2173; x_wconf 77' lang='lat'><strong>“0.</strong></span> 
     </span>
    </p>
   </div>
   <div class='ocr_carea' id='block_1_47' title="bbox 248 2187 1568 2224">
    <p class='ocr_par' dir='ltr' id='par_1_47' title="bbox 248 2187 1568 2224">
     <span class='ocr_line' id='line_1_47' title="bbox 248 2187 1568 2224; baseline 0.001 -11"><span class='ocrx_word' id='word_1_594' title='bbox 248 2187 370 2223; x_wconf 87' lang='lat' dir='ltr'><strong>llymnus</strong></span> <span class='ocrx_word' id='word_1_595' title='bbox 387 2190 522 2216; x_wconf 85' lang='lat' dir='ltr'><strong>secundus</strong></span> <span class='ocrx_word' id='word_1_596' title='bbox 537 2190 562 2215; x_wconf 92' lang='lat' dir='ltr'><strong>in</strong></span> <span class='ocrx_word' id='word_1_597' title='bbox 574 2189 601 2216; x_wconf 91' lang='lat' dir='ltr'><strong>S.</strong></span> <span class='ocrx_word' id='word_1_598' title='bbox 623 2190 759 2224; x_wconf 85' lang='lat' dir='ltr'><strong>Euplinm,</strong></span> <span class='ocrx_word' id='word_1_599' title='bbox 775 2189 940 2224; x_wconf 71' lang='lat' dir='ltr'><strong>ibid.p.ll2.</strong></span> <span class='ocrx_word' id='word_1_600' title='bbox 1565 2213 1568 2214; x_wconf 65' lang='lat'>,</span> 
     </span>
    </p>
   </div>
   <div class='ocr_carea' id='block_1_48' title="bbox 250 2231 1689 2270">
    <p class='ocr_par' dir='ltr' id='par_1_48' title="bbox 250 2231 1689 2270">
     <span class='ocr_line' id='line_1_48' title="bbox 250 2231 1689 2270; baseline 0.003 -12"><span class='ocrx_word' id='word_1_601' title='bbox 250 2231 373 2267; x_wconf 85' lang='lat' dir='ltr'><strong>Hymnus</strong></span> <span class='ocrx_word' id='word_1_602' title='bbox 394 2234 420 2259; x_wconf 94' lang='lat' dir='ltr'><strong>in</strong></span> <span class='ocrx_word' id='word_1_603' title='bbox 440 2232 469 2259; x_wconf 87' lang='lat' dir='ltr'><strong>S.</strong></span> <span class='ocrx_word' id='word_1_604' title='bbox 486 2233 629 2260; x_wconf 84' lang='lat' dir='ltr'><strong>Fantinum</strong></span> <span class='ocrx_word' id='word_1_605' title='bbox 649 2241 680 2259; x_wconf 82' lang='lat' dir='ltr'><strong>ex</strong></span> <span class='ocrx_word' id='word_1_606' title='bbox 696 2241 747 2260; x_wconf 86' lang='lat' dir='ltr'><strong>tus.</strong></span> <span class='ocrx_word' id='word_1_607' title='bbox 763 2233 856 2260; x_wconf 67' lang='lat' dir='ltr'><strong>Graeco</strong></span> <span class='ocrx_word' id='word_1_608' title='bbox 876 2233 969 2260; x_wconf 84' lang='lat' dir='ltr'><strong>codice</strong></span> <span class='ocrx_word' id='word_1_609' title='bbox 992 2233 1148 2260; x_wconf 83' lang='lat' dir='ltr'><strong>monasterii</strong></span> <span class='ocrx_word' id='word_1_610' title='bbox 1165 2233 1193 2261; x_wconf 89' lang='lat' dir='ltr'><strong>S.</strong></span> <span class='ocrx_word' id='word_1_611' title='bbox 1209 2233 1501 2270; x_wconf 62' lang='lat' dir='ltr'><strong>PhilippLFragalatis,</strong></span> <span class='ocrx_word' id='word_1_612' title='bbox 1516 2235 1580 2262; x_wconf 85' lang='lat' dir='ltr'><strong>ibid.</strong></span> <span class='ocrx_word' id='word_1_613' title='bbox 1596 2236 1689 2270; x_wconf 67' lang='lat' dir='ltr'><strong>p.161;</strong></span> 
     </span>
    </p>
   </div>
   <div class='ocr_carea' id='block_1_49' title="bbox 249 2276 1240 2312">
    <p class='ocr_par' dir='ltr' id='par_1_49' title="bbox 249 2276 1240 2312">
     <span class='ocr_line' id='line_1_49' title="bbox 249 2276 1240 2312; baseline 0.002 -9"><span class='ocrx_word' id='word_1_614' title='bbox 249 2277 278 2303; x_wconf 91' lang='lat' dir='ltr'><strong>ln</strong></span> <span class='ocrx_word' id='word_1_615' title='bbox 294 2276 322 2303; x_wconf 75' lang='grc' dir='ltr'>ὃ.</span> <span class='ocrx_word' id='word_1_616' title='bbox 337 2277 496 2311; x_wconf 80' lang='lat' dir='ltr'><strong>Gregorium</strong></span> <span class='ocrx_word' id='word_1_617' title='bbox 509 2277 713 2311; x_wconf 77' lang='lat' dir='ltr'><strong>Agrigentinum</strong></span> <span class='ocrx_word' id='word_1_618' title='bbox 730 2278 886 2312; x_wconf 86' lang='lat' dir='ltr'><strong>episcopum</strong></span> <span class='ocrx_word' id='word_1_619' title='bbox 904 2278 1029 2312; x_wconf 75' lang='lat' dir='ltr'><strong>hymnus.</strong></span> <span class='ocrx_word' id='word_1_620' title='bbox 1049 2276 1114 2303; x_wconf 92' lang='lat' dir='ltr'><strong>Ibid.</strong></span> <span class='ocrx_word' id='word_1_621' title='bbox 1136 2285 1162 2311; x_wconf 90' lang='lat' dir='ltr'><strong>p.</strong></span> <span class='ocrx_word' id='word_1_622' title='bbox 1178 2277 1240 2305; x_wconf 77' lang='grc'>218.</span> 
     </span>
    </p>
   </div>
   <div class='ocr_carea' id='block_1_50' title="bbox 247 2320 1432 2358">
    <p class='ocr_par' dir='ltr' id='par_1_50' title="bbox 247 2320 1432 2358">
     <span class='ocr_line' id='line_1_50' title="bbox 247 2320 1432 2358; baseline 0.001 -11"><span class='ocrx_word' id='word_1_623' title='bbox 247 2320 276 2347; x_wconf 79' lang='lat' dir='ltr'><strong>In</strong></span> <span class='ocrx_word' id='word_1_624' title='bbox 293 2320 322 2347; x_wconf 90' lang='lat' dir='ltr'><strong>S.</strong></span> <span class='ocrx_word' id='word_1_625' title='bbox 342 2320 459 2348; x_wconf 82' lang='lat' dir='ltr'><strong>Leonem</strong></span> <span class='ocrx_word' id='word_1_626' title='bbox 480 2322 634 2356; x_wconf 80' lang='lat' dir='ltr'><strong>episcopum</strong></span> <span class='ocrx_word' id='word_1_627' title='bbox 652 2321 844 2352; x_wconf 87' lang='lat' dir='ltr'><strong>Catanensem,</strong></span> <span class='ocrx_word' id='word_1_628' title='bbox 861 2321 977 2356; x_wconf 87' lang='lat' dir='ltr'><strong>hymnus</strong></span> <span class='ocrx_word' id='word_1_629' title='bbox 994 2321 1092 2353; x_wconf 86' lang='lat' dir='ltr'><strong>tom.l!,</strong></span> <span class='ocrx_word' id='word_1_630' title='bbox 1120 2329 1145 2355; x_wconf 90' lang='lat' dir='ltr'><strong>p.</strong></span> <span class='ocrx_word' id='word_1_631' title='bbox 1158 2321 1203 2348; x_wconf 72' lang='lat'><strong>9.6.</strong></span> <span class='ocrx_word' id='word_1_632' title='bbox 1430 2356 1432 2358; x_wconf 22' lang='grc' dir='ltr'><strong><em>τ</em></strong></span> 
     </span>
    </p>
   </div>
   <div class='ocr_carea' id='block_1_51' title="bbox 250 2365 1830 2402">
    <p class='ocr_par' dir='ltr' id='par_1_51' title="bbox 250 2365 1830 2402">
     <span class='ocr_line' id='line_1_51' title="bbox 250 2365 1830 2402; baseline 0.003 -10"><span class='ocrx_word' id='word_1_633' title='bbox 250 2366 369 2400; x_wconf 86' lang='lat' dir='ltr'><strong>Denique</strong></span> <span class='ocrx_word' id='word_1_634' title='bbox 379 2367 448 2399; x_wconf 89' lang='lat' dir='ltr'><strong>apud</strong></span> <span class='ocrx_word' id='word_1_635' title='bbox 458 2366 632 2393; x_wconf 76' lang='lat' dir='ltr'><strong>Laurentium</strong></span> <span class='ocrx_word' id='word_1_636' title='bbox 642 2366 751 2394; x_wconf 86' lang='lat' dir='ltr'><strong>Surium</strong></span> <span class='ocrx_word' id='word_1_637' title='bbox 766 2366 792 2393; x_wconf 91' lang='lat' dir='ltr'><strong>in</strong></span> <span class='ocrx_word' id='word_1_638' title='bbox 804 2366 872 2393; x_wconf 85' lang='lat' dir='ltr'><strong>Vitis</strong></span> <span class='ocrx_word' id='word_1_639' title='bbox 881 2365 931 2393; x_wconf 86' lang='lat' dir='ltr'><strong>SS.</strong></span> <span class='ocrx_word' id='word_1_640' title='bbox 943 2366 978 2392; x_wconf 70' lang='grc'><strong>24</strong></span> <span class='ocrx_word' id='word_1_641' title='bbox 990 2365 1103 2400; x_wconf 74' lang='lat' dir='ltr'><strong>Augusti</strong></span> <span class='ocrx_word' id='word_1_642' title='bbox 1116 2374 1142 2399; x_wconf 92' lang='lat' dir='ltr'><strong>p.</strong></span> <span class='ocrx_word' id='word_1_643' title='bbox 1153 2366 1253 2400; x_wconf 66' lang='lat' dir='ltr'><strong>254,!et</strong></span> <span class='ocrx_word' id='word_1_644' title='bbox 1263 2366 1402 2402; x_wconf 81' lang='lat' dir='ltr'><strong>Aloysium</strong></span> <span class='ocrx_word' id='word_1_645' title='bbox 1416 2366 1594 2400; x_wconf 84' lang='lat' dir='ltr'><strong>Liponiannm</strong></span> <span class='ocrx_word' id='word_1_646' title='bbox 1607 2368 1632 2394; x_wconf 91' lang='lat' dir='ltr'><strong>in</strong></span> <span class='ocrx_word' id='word_1_647' title='bbox 1646 2368 1714 2395; x_wconf 71' lang='lat' dir='ltr'><strong>Vitis</strong></span> <span class='ocrx_word' id='word_1_648' title='bbox 1731 2368 1778 2395; x_wconf 88' lang='lat' dir='ltr'><strong>SS.</strong></span> <span class='ocrx_word' id='word_1_649' title='bbox 1793 2369 1830 2396; x_wconf 67' lang='lat'><strong>25</strong></span> 
     </span>
    </p>
   </div>
   <div class='ocr_carea' id='block_1_52' title="bbox 211 2409 1832 2445">
    <p class='ocr_par' dir='ltr' id='par_1_52' title="bbox 211 2409 1832 2445">
     <span class='ocr_line' id='line_1_52' title="bbox 211 2409 1832 2445; baseline 0.002 -10"><span class='ocrx_word' id='word_1_650' title='bbox 211 2410 328 2444; x_wconf 77' lang='lat' dir='ltr'><strong>Augusti</strong></span> <span class='ocrx_word' id='word_1_651' title='bbox 347 2418 375 2444; x_wconf 88' lang='lat' dir='ltr'><strong>p.</strong></span> <span class='ocrx_word' id='word_1_652' title='bbox 394 2409 456 2441; x_wconf 77' lang='grc'><strong>891,</strong></span> <span class='ocrx_word' id='word_1_653' title='bbox 473 2418 504 2437; x_wconf 86' lang='lat' dir='ltr'><strong>ex</strong></span> <span class='ocrx_word' id='word_1_654' title='bbox 527 2410 637 2437; x_wconf 87' lang='lat' dir='ltr'><strong>Simone</strong></span> <span class='ocrx_word' id='word_1_655' title='bbox 651 2410 832 2444; x_wconf 76' lang='lat' dir='ltr'><strong>Mclaphraste</strong></span> <span class='ocrx_word' id='word_1_656' title='bbox 848 2415 936 2438; x_wconf 75' lang='lat' dir='ltr'><strong>exstat</strong></span> <span class='ocrx_word' id='word_1_657' title='bbox 949 2409 1194 2444; x_wconf 85' lang='lat' dir='ltr'><strong>sermoinscriplns</strong></span> <span class='ocrx_word' id='word_1_658' title='bbox 1210 2419 1217 2438; x_wconf 92' lang='lat'><em>:</em></span> <span class='ocrx_word' id='word_1_659' title='bbox 1241 2409 1349 2445; x_wconf 69' lang='lat' dir='ltr'><strong>Iosephi</strong></span> <span class='ocrx_word' id='word_1_660' title='bbox 1373 2411 1479 2437; x_wconf 77' lang='lat' dir='ltr'><strong>Immitis</strong></span> <span class='ocrx_word' id='word_1_661' title='bbox 1495 2416 1520 2437; x_wconf 83' lang='lat' dir='ltr'><strong>et</strong></span> <span class='ocrx_word' id='word_1_662' title='bbox 1541 2412 1642 2438; x_wconf 84' lang='lat' dir='ltr'><strong>minimi</strong></span> <span class='ocrx_word' id='word_1_663' title='bbox 1667 2412 1786 2438; x_wconf 81' lang='lat' dir='ltr'><strong>laudatio</strong></span> <span class='ocrx_word' id='word_1_664' title='bbox 1802 2413 1832 2439; x_wconf 77' lang='lat' dir='ltr'><strong>in</strong></span> 
     </span>
    </p>
   </div>
   <div class='ocr_carea' id='block_1_53' title="bbox 212 2453 1835 2488">
    <p class='ocr_par' dir='ltr' id='par_1_53' title="bbox 212 2453 1835 2488">
     <span class='ocr_line' id='line_1_53' title="bbox 212 2453 1835 2488; baseline 0.001 -8"><span class='ocrx_word' id='word_1_665' title='bbox 212 2459 334 2480; x_wconf 68' lang='lat' dir='ltr'><strong>sanctum</strong></span> <span class='ocrx_word' id='word_1_666' title='bbox 355 2454 504 2486; x_wconf 71' lang='lat' dir='ltr'><strong>apostolum</strong></span> <span class='ocrx_word' id='word_1_667' title='bbox 521 2454 754 2481; x_wconf 74' lang='lat' dir='ltr'><strong>Burtholomwum.</strong></span> <span class='ocrx_word' id='word_1_668' title='bbox 767 2453 843 2481; x_wconf 89' lang='lat' dir='ltr'><strong>llunc</strong></span> <span class='ocrx_word' id='word_1_669' title='bbox 856 2455 940 2482; x_wconf 85' lang='lat' dir='ltr'><strong>nostri</strong></span> <span class='ocrx_word' id='word_1_670' title='bbox 957 2453 1067 2488; x_wconf 85' lang='lat' dir='ltr'><strong>Joscphi</strong></span> <span class='ocrx_word' id='word_1_671' title='bbox 1082 2453 1165 2480; x_wconf 79' lang='lat' dir='ltr'><strong>ictum</strong></span> <span class='ocrx_word' id='word_1_672' title='bbox 1182 2458 1278 2488; x_wconf 87' lang='lat' dir='ltr'><strong>putant</strong></span> <span class='ocrx_word' id='word_1_673' title='bbox 1297 2454 1425 2481; x_wconf 81' lang='lat' dir='ltr'><strong>Octavius</strong></span> <span class='ocrx_word' id='word_1_674' title='bbox 1441 2454 1580 2481; x_wconf 87' lang='lat' dir='ltr'><strong>Caetanus</strong></span> <span class='ocrx_word' id='word_1_675' title='bbox 1602 2455 1628 2481; x_wconf 93' lang='lat' dir='ltr'><strong>in</strong></span> <span class='ocrx_word' id='word_1_676' title='bbox 1645 2456 1782 2484; x_wconf 89' lang='lat' dir='ltr'><strong>animadv.</strong></span> <span class='ocrx_word' id='word_1_677' title='bbox 1795 2457 1835 2482; x_wconf 77' lang='lat' dir='ltr'><strong>ad</strong></span> 
     </span>
    </p>
   </div>
   <div class='ocr_carea' id='block_1_54' title="bbox 214 2496 1829 2532">
    <p class='ocr_par' dir='ltr' id='par_1_54' title="bbox 214 2496 1829 2532">
     <span class='ocr_line' id='line_1_54' title="bbox 214 2496 1829 2532; baseline 0.002 -9"><span class='ocrx_word' id='word_1_678' title='bbox 214 2502 279 2524; x_wconf 90' lang='lat' dir='ltr'><strong>tom.</strong></span> <span class='ocrx_word' id='word_1_679' title='bbox 294 2499 314 2524; x_wconf 93' lang='grc'><strong>1.</strong></span> <span class='ocrx_word' id='word_1_680' title='bbox 340 2497 389 2524; x_wconf 90' lang='lat' dir='ltr'><strong>SS.</strong></span> <span class='ocrx_word' id='word_1_681' title='bbox 406 2497 488 2524; x_wconf 73' lang='lat' dir='ltr'><strong>Sicut.</strong></span> <span class='ocrx_word' id='word_1_682' title='bbox 505 2506 532 2532; x_wconf 77' lang='grc' dir='ltr'><strong>ν.</strong></span> <span class='ocrx_word' id='word_1_683' title='bbox 550 2498 610 2529; x_wconf 69' lang='grc' dir='ltr'><strong>ίόιι,</strong></span> <span class='ocrx_word' id='word_1_684' title='bbox 625 2506 651 2524; x_wconf 94' lang='lat' dir='ltr'><strong>n.</strong></span> <span class='ocrx_word' id='word_1_685' title='bbox 665 2498 697 2530; x_wconf 83' lang='lat'><strong>6;</strong></span> <span class='ocrx_word' id='word_1_686' title='bbox 713 2498 773 2524; x_wconf 89' lang='lat' dir='ltr'><strong>etin</strong></span> <span class='ocrx_word' id='word_1_687' title='bbox 786 2498 921 2524; x_wconf 87' lang='lat' dir='ltr'><strong>animadv.</strong></span> <span class='ocrx_word' id='word_1_688' title='bbox 940 2498 972 2524; x_wconf 86' lang='lat' dir='ltr'><strong>ad</strong></span> <span class='ocrx_word' id='word_1_689' title='bbox 989 2501 1055 2524; x_wconf 88' lang='lat' dir='ltr'><strong>tom.</strong></span> <span class='ocrx_word' id='word_1_690' title='bbox 1066 2497 1098 2527; x_wconf 82' lang='lat' dir='ltr'><strong>ll.</strong></span> <span class='ocrx_word' id='word_1_691' title='bbox 1117 2496 1339 2532; x_wconf 77' lang='lat' dir='ltr'><strong>p.18;Josephus</strong></span> <span class='ocrx_word' id='word_1_692' title='bbox 1354 2497 1514 2525; x_wconf 78' lang='lat' dir='ltr'><strong>Perdiearus</strong></span> <span class='ocrx_word' id='word_1_693' title='bbox 1527 2499 1552 2524; x_wconf 94' lang='lat' dir='ltr'><strong>in</strong></span> <span class='ocrx_word' id='word_1_694' title='bbox 1570 2497 1636 2525; x_wconf 79' lang='lat' dir='ltr'><strong>Vitis</strong></span> <span class='ocrx_word' id='word_1_695' title='bbox 1648 2498 1696 2526; x_wconf 29' lang='lat' dir='ltr'><strong>SS.</strong></span> <span class='ocrx_word' id='word_1_696' title='bbox 1714 2499 1829 2526; x_wconf 76' lang='lat' dir='ltr'><strong>Siculor.</strong></span> 
     </span>
    </p>
   </div>
   <div class='ocr_carea' id='block_1_55' title="bbox 214 2539 1830 2576">
    <p class='ocr_par' dir='ltr' id='par_1_55' title="bbox 214 2539 1830 2576">
     <span class='ocr_line' id='line_1_55' title="bbox 214 2539 1830 2576; baseline 0.001 -9"><span class='ocrx_word' id='word_1_697' title='bbox 214 2548 240 2575; x_wconf 86' lang='lat' dir='ltr'><strong>p.</strong></span> <span class='ocrx_word' id='word_1_698' title='bbox 256 2539 329 2572; x_wconf 66' lang='lat' dir='ltr'><strong>29L;</strong></span> <span class='ocrx_word' id='word_1_699' title='bbox 346 2540 533 2567; x_wconf 87' lang='lat' dir='ltr'><strong>llcnschenius</strong></span> <span class='ocrx_word' id='word_1_700' title='bbox 550 2545 576 2567; x_wconf 89' lang='lat' dir='ltr'><strong>et</strong></span> <span class='ocrx_word' id='word_1_701' title='bbox 588 2540 790 2575; x_wconf 81' lang='lat' dir='ltr'><strong>Papeht&#39;ochius</strong></span> <span class='ocrx_word' id='word_1_702' title='bbox 818 2541 844 2567; x_wconf 94' lang='lat' dir='ltr'><strong>in</strong></span> <span class='ocrx_word' id='word_1_703' title='bbox 861 2545 983 2567; x_wconf 87' lang='lat' dir='ltr'><strong>annotat.</strong></span> <span class='ocrx_word' id='word_1_704' title='bbox 998 2541 1032 2567; x_wconf 88' lang='lat' dir='ltr'><strong>ad</strong></span> <span class='ocrx_word' id='word_1_705' title='bbox 1048 2540 1100 2566; x_wconf 69' lang='grc' dir='ltr'><strong>νη.</strong></span> <span class='ocrx_word' id='word_1_706' title='bbox 1115 2540 1142 2566; x_wconf 91' lang='lat' dir='ltr'><strong>S.</strong></span> <span class='ocrx_word' id='word_1_707' title='bbox 1154 2539 1265 2574; x_wconf 84' lang='lat' dir='ltr'><strong>.Iosephi</strong></span> <span class='ocrx_word' id='word_1_708' title='bbox 1284 2548 1309 2574; x_wconf 90' lang='lat' dir='ltr'><strong>p.</strong></span> <span class='ocrx_word' id='word_1_709' title='bbox 1322 2541 1384 2568; x_wconf 62' lang='lat'><strong>274.</strong></span> <span class='ocrx_word' id='word_1_710' title='bbox 1405 2540 1436 2568; x_wconf 87' lang='lat' dir='ltr'><strong>Hi</strong></span> <span class='ocrx_word' id='word_1_711' title='bbox 1451 2549 1515 2568; x_wconf 88' lang='lat' dir='ltr'><strong>vero</strong></span> <span class='ocrx_word' id='word_1_712' title='bbox 1529 2542 1555 2568; x_wconf 95' lang='lat' dir='ltr'><strong>in</strong></span> <span class='ocrx_word' id='word_1_713' title='bbox 1566 2547 1712 2569; x_wconf 57' lang='lat' dir='ltr'><strong>contmt’nt.</strong></span> <span class='ocrx_word' id='word_1_714' title='bbox 1729 2543 1830 2576; x_wconf 75' lang='lat' dir='ltr'><strong>pra-vit)</strong></span> 
     </span>
    </p>
   </div>
   <div class='ocr_carea' id='block_1_56' title="bbox 213 2583 1648 2621">
    <p class='ocr_par' dir='ltr' id='par_1_56' title="bbox 213 2583 1648 2621">
     <span class='ocr_line' id='line_1_56' title="bbox 213 2583 1648 2621; baseline 0.002 -12"><span class='ocrx_word' id='word_1_715' title='bbox 213 2584 246 2610; x_wconf 84' lang='lat' dir='ltr'><strong>ad</strong></span> <span class='ocrx_word' id='word_1_716' title='bbox 259 2585 382 2611; x_wconf 71' lang='lat' dir='ltr'><strong>eamdem</strong></span> <span class='ocrx_word' id='word_1_717' title='bbox 399 2584 498 2614; x_wconf 84' lang='lat' dir='ltr'><strong>Vitam,</strong></span> <span class='ocrx_word' id='word_1_718' title='bbox 510 2584 524 2619; x_wconf 84' lang='lat'><strong>§</strong></span> <span class='ocrx_word' id='word_1_719' title='bbox 534 2584 560 2615; x_wconf 77' lang='grc'><strong>2,</strong></span> <span class='ocrx_word' id='word_1_720' title='bbox 577 2592 605 2611; x_wconf 83' lang='lat' dir='ltr'><strong>n.</strong></span> <span class='ocrx_word' id='word_1_721' title='bbox 625 2585 668 2615; x_wconf 82' lang='grc' dir='ltr'><strong>Η,</strong></span> <span class='ocrx_word' id='word_1_722' title='bbox 681 2591 713 2610; x_wconf 82' lang='lat' dir='ltr'><strong>ex</strong></span> <span class='ocrx_word' id='word_1_723' title='bbox 727 2583 826 2610; x_wconf 89' lang='lat' dir='ltr'><strong>Allatio</strong></span> <span class='ocrx_word' id='word_1_724' title='bbox 837 2584 862 2609; x_wconf 93' lang='lat' dir='ltr'><strong>in</strong></span> <span class='ocrx_word' id='word_1_725' title='bbox 872 2584 981 2611; x_wconf 84' lang='lat' dir='ltr'><strong>dissert.</strong></span> <span class='ocrx_word' id='word_1_726' title='bbox 991 2585 1024 2611; x_wconf 88' lang='lat' dir='ltr'><strong>de</strong></span> <span class='ocrx_word' id='word_1_727' title='bbox 1038 2583 1205 2611; x_wconf 69' lang='lat' dir='ltr'><strong>Grchibris</strong></span> <span class='ocrx_word' id='word_1_728' title='bbox 1218 2592 1244 2618; x_wconf 91' lang='lat' dir='ltr'><strong>p.</strong></span> <span class='ocrx_word' id='word_1_729' title='bbox 1263 2585 1305 2616; x_wconf 79' lang='lat' dir='ltr'><strong>ll,</strong></span> <span class='ocrx_word' id='word_1_730' title='bbox 1322 2584 1430 2619; x_wconf 72' lang='lat' dir='ltr'><strong>JOSPphi</strong></span> <span class='ocrx_word' id='word_1_731' title='bbox 1445 2586 1530 2612; x_wconf 90' lang='lat' dir='ltr'><strong>nostri</strong></span> <span class='ocrx_word' id='word_1_732' title='bbox 1543 2591 1648 2621; x_wconf 88' lang='lat' dir='ltr'><strong>putant.</strong></span> 
     </span>
    </p>
   </div>
   <div class='ocr_carea' id='block_1_57' title="bbox 247 2627 1476 2660">
    <p class='ocr_par' dir='ltr' id='par_1_57' title="bbox 247 2627 1476 2660">
     <span class='ocr_line' id='line_1_57' title="bbox 247 2627 1476 2660; baseline 0.001 -5"><span class='ocrx_word' id='word_1_733' title='bbox 247 2627 371 2656; x_wconf 81' lang='lat' dir='ltr'><strong>Canones</strong></span> <span class='ocrx_word' id='word_1_734' title='bbox 384 2629 418 2656; x_wconf 89' lang='lat' dir='ltr'><strong>de</strong></span> <span class='ocrx_word' id='word_1_735' title='bbox 430 2628 460 2655; x_wconf 91' lang='lat' dir='ltr'><strong>S.</strong></span> <span class='ocrx_word' id='word_1_736' title='bbox 473 2627 595 2660; x_wconf 78' lang='lat' dir='ltr'><strong>Nicolao,</strong></span> <span class='ocrx_word' id='word_1_737' title='bbox 609 2633 750 2656; x_wconf 83' lang='lat' dir='ltr'><strong>servantur</strong></span> <span class='ocrx_word' id='word_1_738' title='bbox 765 2628 856 2655; x_wconf 63' lang='lat' dir='ltr'><strong>Graece</strong></span> <span class='ocrx_word' id='word_1_739' title='bbox 870 2635 935 2655; x_wconf 87' lang='lat' dir='ltr'><strong>mss.</strong></span> <span class='ocrx_word' id='word_1_740' title='bbox 963 2629 1056 2655; x_wconf 70' lang='lat' dir='ltr'><strong>Romae</strong></span> <span class='ocrx_word' id='word_1_741' title='bbox 1089 2629 1115 2655; x_wconf 95' lang='lat' dir='ltr'><strong>in</strong></span> <span class='ocrx_word' id='word_1_742' title='bbox 1145 2628 1476 2656; x_wconf 67' lang='lat' dir='ltr'><strong>bibliotheeabarberina.</strong></span> 
     </span>
    </p>
   </div>
  </div>
