2077 3157
174 154 227 185 923

944 159 1043 191 VITA.

1750 158 1803 194 934

173 211 404 246 πολιτευσάμενος
416 211 590 239 ἀνεπαύσατο
602 213 630 240 ἐν
641 213 737 251 Κυρίῳ
753 224 760 231 ο
776 215 886 250 λέγεται
896 217 956 252 γὰρἔ

1016 218 1092 245 datas
1109 218 1297 253 pronuntiare,
1311 222 1336 245 et
1354 218 1472 253 praebere
1485 218 1688 253 postulantibus
1715 219 1808 255 Itaque

172 257 214 283 ὅτι
244 257 346 292 ἡὰγια.
375 258 457 284 αὑτοῦ
482 258 567 294 ψυχὴ,
603 259 786 297 ὀψικευομένη
803 263 878 298 παρὰ
907 264 961 290 τῶν

173 302 259 336 ἁγίων
274 303 422 338 μαρτύρων
437 304 485 330 καὶ
506 304 640 338 ἀγγέλων,
667 307 781 342 ἀνῆλθεν
799 310 826 334 ὲν
847 310 903 340 τοῖς
916 310 962 335 οὐ-

173 349 276 384 ρανοῖς.
294 349 452 383 Ἄνθρωπός
463 359 515 384 τις,
533 351 603 386 ἔχων
619 352 711 379 δοῦλον
725 355 870 389 χρήσιμον,
885 356 961 382 ἐπεί-

173 402 226 429 περ
238 394 252 420 ὁ
263 394 355 426 δοῦλος
368 395 479 429 ἔφυγεν,
495 396 619 423 ἀπελθὼν
631 399 644 424 ὁ
659 399 752 432 κύριος
770 399 851 426 αὐτοῦ
865 401 904 431 εἰς
916 401 961 427 τὸν

174 439 269 472 Ἀγιον
288 439 425 474 Θεόδωρον
447 440 494 466 τὸν
512 442 683 477 Φανερωτὴν,
703 445 854 479 παρεκάλει
875 447 958 474 αὐτὸν

171 485 330 519 φανερῶσαι
347 487 390 512 τὸν
410 487 502 513 δοῦλον
519 489 603 515 αὐτοϋ
616 496 625 504 ε
641 490 809 524 προσμείνας
820 491 848 517 δὲ
860 492 960 525 ἱκανῶς

172 531 220 556 καὶ
238 531 320 566 μηδὲν
336 531 439 566 μαθὼν,
461 533 620 560 ἐϐουλεύετο
636 535 825 570 ἀναχωρῆσαι.
840 537 959 572 Ὄρθρου

171 577 199 602 δὲ
223 577 310 608 ὄντος,
335 578 381 604 καὶ
398 577 477 612 λόγου
493 578 672 614 ψυχωφελοῦς
691 582 959 617 ἁναγινωσκομένου,

172 623 270 656 μικρὸν
286 623 445 656 ἁφύπνωσε,
474 625 522 651 καὶ
549 625 607 659 ὥρα
628 626 673 651 τὸν
703 626 828 663 μάρτυρα
845 627 959 662 λέγοντα

171 668 245 702 αὐτῷ
258 677 264 683 ·
279 668 338 694 Ἴνα
361 669 388 695 τί
408 670 557 704 περῖλυπος
573 669 620 702 ei;
650 671 703 697 Τοῦ
728 673 840 707 ποιητοῦ
862 673 959 709 Ἰωσὴφ

171 714 349 749 κοιμηθέντας
366 715 452 751 ταύτῃ
467 718 500 751 τῇ
519 717 607 749 νυκτὶ,
634 717 763 754 ὀψικεύθη
780 720 795 755 ή
811 720 884 755 ψυχὴ
906 721 958 747 αὑ-

169 759 215 785 τοῦ
242 760 317 795 παρὰ
336 761 444 787 πάντων
475 762 562 797 ἡμῶν.
583 763 631 794 οὓς
656 765 765 791 κανύσιν
794 765 839 792 καὶ
864 766 958 800 ὕμνοις

169 804 299 840 ἐτίμησεν
311 806 358 832 καὶ
373 806 536 843 saevouan
556 808 595 839 εις
612 808 678 834 Θεόν
692 817 700 825 ·
717 811 762 836 καὶ
777 810 824 838 νῦν
838 812 956 847 πάρειμι

168 850 236 885 πρὸς
254 851 294 877 σέ.
311 851 363 877 Τοῦ
375 851 469 878 λοιποῦ
484 853 576 879 τοίνυν
593 853 709 888 δηλώσει
722 863 730 870 ·
751 856 869 882 Ἀπελθε
886 858 958 884 κατὰ

167 896 241 922 τόνδε
256 896 301 922 τὸν
314 897 406 928 τόπον,
423 897 542 933 τοῦνομα
559 886 730 934 προσειπὼν,
749 902 795 928 καὶ
816 902 955 937 εὑρήσεις,
974 886 994 914 Β

167 941 197 967 ὃν
214 941 351 977 ἐπεζητεέ
364 942 472 978 οἰκέτην
489 953 546 971 σου.

201 988 229 1014 2.
252 997 262 1013 ‹
279 988 308 1015 S.
322 989 353 1015 P.
371 988 403 1016 N.
418 989 520 1023 Joseph
551 990 780 1027 Hymnographus
796 999 827 1019 ex
850 992 958 1021 Siculo-

168 1041 228 1060 rum
242 1035 381 1068 provincia
396 1040 467 1068 erat,
481 1037 643 1069 parentibus
661 1037 771 1065 Plutino
788 1044 871 1073 atque
884 1040 957 1075 Aga-

169 1081 215 1106 tha
233 1090 240 1107 :
257 1080 284 1107 in
300 1081 513 1115 depopulatione
529 1087 619 1109 autem
641 1091 699 1111 sua:
714 1084 808 1118 patria
824 1093 884 1112 cum
900 1094 958 1113 ma-

168 1130 208 1152 tre
225 1125 410 1161 fratribusque
434 1133 572 1161 servatus,
589 1129 614 1156 in
641 1130 860 1164 Peloponnesum
876 1133 956 1166 abiit,

169 1171 285 1207 indeque
300 1181 330 1200 se
357 1174 496 1201 transtulit
518 1173 758 1210 Thessalonicam;
777 1181 804 1204 et
821 1179 956 1206 decimum

168 1219 293 1253 quintum
305 1227 387 1254 agens
402 1220 490 1247 relatis
507 1227 623 1254 annum,
641 1225 770 1249 attonsus
790 1223 871 1250 estin
898 1232 957 1251 mo-

151 1265 289 1292 'nasterio
304 1266 443 1301 quodam:
473 1267 519 1293 ubi
552 1272 634 1294 totam
654 1275 759 1295 sacram
786 1268 956 1304 Scripturam

170 1314 246 1336 tanto
261 1317 322 1337 cum
338 1311 461 1345 profectu
478 1311 610 1343 decurrit,
628 1316 657 1339 ut
670 1313 812 1348 presbyter
827 1317 958 1343 meruerit

169 1355 302 1387 ordinari,
317 1361 343 1383 et
357 1364 417 1383 cum
432 1356 589 1391 Decapolita
608 1357 739 1393 Gregorio
760 1359 956 1388 Constantino-

169 1401 255 1435 polim
266 1401 387 1429 transiit.
401 1402 550 1437 Postquam
563 1409 653 1430 autem
666 1405 717 1431 sub
733 1404 824 1432 Leone
837 1407 956 1434 Armeno

169 1447 259 1474 denuo
274 1447 434 1474 resuscitata
453 1448 696 1476 Iconomachorum
715 1451 826 1478 hzeresis
843 1452 957 1479 extulis-

169 1496 209 1520 set
222 1497 313 1527 caput,
341 1493 479 1528 deprecati
506 1499 570 1521 sunt
586 1501 710 1523 sanctum
731 1497 892 1532 Gregorium
910 1507 956 1525 or‘

168 1539 291 1571 tho-loxi,
306 1544 335 1567 ut
354 1540 467 1567 Romam
479 1542 629 1569 destinaret
651 1541 812 1577 Josephum.
830 1544 954 1572 fidelibus
968 1563 990 1592 ς

168 1585 204 1611 ibi
221 1585 381 1620 degentibus
394 1586 593 1619 nuntiaturum,
607 1588 671 1621 quid
699 1588 854 1616 accidisset.
873 1588 954 1616 Navi.

167 1631 240 1665 gavit
255 1631 338 1666 igitur
353 1639 404 1665 eo;
421 1633 468 1659 sed
491 1640 504 1659 a
530 1633 710 1660 barbarorum
730 1635 845 1668 navigiis
869 1635 954 1662 inter-

167 1682 271 1712 ceptus,
288 1677 423 1705 abductus
436 1679 462 1705 in
482 1678 591 1705 Cretam
609 1679 734 1713 captivus
755 1683 807 1707 est.
825 1679 883 1708 Una
904 1689 953 1707 au-

167 1725 220 1748 tem
250 1723 371 1750 noctium
407 1727 502 1751 astans
539 1724 626 1751 eidem
664 1725 797 1759 quidam,
835 1726 953 1760 speciem

168 1768 347 1802 pontificalem
367 1769 534 1804 pra-ferens:
553 1769 592 1796 Ex
616 1770 702 1805 Myra,
718 1772 817 1805 inquit,
834 1772 888 1799 huc
905 1773 954 1798 ad-

165 1814 241 1844 veni;
262 1817 288 1840 et
305 1814 404 1841 librum
424 1822 548 1846 sumens,
565 1816 648 1849 jussit
670 1824 732 1843 eum
750 1817 884 1851 accipere.
901 1818 954 1844 Ac-

166 1859 237 1893 cepit
249 1859 361 1893 .Ioseph.
375 1860 492 1894 legitque
517 1862 573 1889 haec
589 1862 670 1888 verba
688 1863 847 1894 :Accelera,
872 1863 953 1889 misc-

165 1904 262 1935 ricors,
272 1907 299 1930 et
312 1904 421 1937 festina,
432 1905 586 1938 miseratur,
598 1906 623 1933 in
633 1906 798 1941 adjutorium
810 1912 932 1934 nostrum
944 1917 951 1934 :

163 1953 241 1984 potes
257 1950 340 1981 enim,
365 1951 386 1978 si
403 1951 452 1978 vis.
480 1951 556 1984 Quod
573 1957 663 1979 autem
695 1959 759 1980 tunc
784 1954 951 1986 decantavit,

164 2003 246 2029 opere
275 1997 335 2031 ipso
348 1998 512 2032 completum
528 1998 607 2032 vidit;
632 2001 742 2034 quando
766 1999 919 2034 Theophilo
938 2009 952 2027 e

165 2041 233 2068 vivis
248 2041 367 2073 sublato,
384 2048 477 2069 sancta
494 2042 616 2070 Ecclesia
638 2052 779 2071 sacrarum
800 2045 950 2080 imaginum

163 2086 265 2120 recepit
276 2091 414 2113 ornatum.
430 2087 541 2116 Interim
553 2089 660 2119 divinus
673 2089 773 2123 Joseph
787 2091 918 2117 liberatus
937 2099 951 2117 e

163 2139 282 2164 carcere,
296 2132 561 2167 Constantinopolim
575 2135 666 2162 salvus
679 2136 826 2170 perductus
846 2141 897 2163 est.

198 2177 224 2204 5.
243 2187 252 2202 ι
271 2177 424 2211 lnvenerat,
445 2186 506 2205 cum
520 2180 608 2207 adhuc
622 2185 693 2207 essrrt
706 2182 732 2208 in
750 2181 849 2209 finibus
863 2182 949 2210 Thes-

1012 265 1160 292 Ecclcsiam
1186 265 1341 292 universam
1363 265 1422 292 suis
1441 264 1588 292 illustravit
1604 264 1730 300 hymnis,
1749 274 1806 293 cu».-

1013 310 1107 345 pitque
1127 311 1248 338 omnium
1276 318 1324 337 ore
1351 310 1504 342 celebrari,
1529 314 1556 337 et
1580 311 1687 338 cunctis
1711 311 1806 340 habet!

1012 357 1148 389 amabilis,
1166 365 1219 384 non
1236 361 1340 384 tantum
1355 357 1456 389 idiotis,
1474 357 1520 384 sed
1536 357 1619 384 etiam
1637 356 1806 394 principibus

1012 406 1039 428 et
1057 402 1270 437 imperatoribus
1288 402 1364 436 ipsis.

1049 447 1076 474 4.
1099 457 1108 473 ‹
1127 447 1241 475 Multum
1266 455 1376 483 quoque
1392 438 1553 475 orthodoxae
1574 448 1633 476 fidei
1656 456 1739 477 causa
1759 451 1806 476 de-

1013 496 1132 523 certans,
1152 493 1178 519 in
1193 492 1360 520 Chersouem
1378 498 1420 520 est
1439 493 1575 527 relegatus
1599 495 1634 521 ab
1654 495 1738 530 impio
1753 497 1805 521 Ar-

1013 546 1103 570 meno,
1126 546 1159 566 eo
1179 546 1258 573 quem
1285 539 1401 566 Bardam
1428 540 1563 567 vocabant
1587 541 1803 573 condemnante,

1012 584 1083 619 quod
1101 584 1176 611 illum
1194 591 1325 619 generose
1340 585 1535 618 redarguisset.
1553 584 1618 613 Post
1633 587 1712 620 cujus
1729 594 1805 613 mor-

1013 633 1065 656 tem
1080 637 1095 656 e
1107 630 1247 657 Chersone
1264 631 1394 658 liberatus
1406 636 1448 658 est
1459 631 1492 658 ab
1505 633 1613 667 egregia
1630 632 1674 659 illa
1688 633 1806 667 impera-

1011 676 1080 703 trice
1110 675 1272 709 Theodora,
1298 684 1359 711 qum
1384 677 1572 704 orthodoxiam
1596 678 1759 711 celebravit;
1779 684 1807 706 et

1011 729 1153 749 sacrorum
1170 730 1297 750 vasorum
1320 722 1422 758 Magna:
1437 722 1484 750 Dei
1500 724 1621 751 ecclesiae
1653 728 1745 752 custos
1766 724 1806 751 cf-

1011 766 1100 794 fectus
1114 771 1166 799 est,
1178 767 1271 794 divino
1287 767 1392 802 Ignatio
1407 768 1498 795 sedem
1512 767 1722 802 patriarchalem
1735 769 1807 796 obti-

1009 816 1102 839 nente.
1126 811 1191 839 Post
1206 812 1288 846 hujus
1312 820 1393 847 porro
1416 820 1448 839 ex
1475 813 1527 839 hac
1549 813 1604 839 vita
1627 813 1779 841 discessum
1795 825 1803 838 ν

1010 857 1107 885 Pholio
1124 865 1233 892 quoque
1250 859 1316 893 (hic
1329 858 1400 885 enim
1416 863 1477 893 post
1499 858 1632 893 lgnatium
1649 859 1805 894 patriarcha

1008 907 1050 930 est
1069 904 1246 937 declaratus)
1266 903 1292 930 in
1321 903 1464 930 amoribus
1489 903 1540 930 fuit
1565 904 1804 939 asstimation'equc

1009 949 1138 975 maxima.
1153 947 1224 974 Inter
1237 948 1293 975 haec
1304 947 1416 982 longum
1428 948 1489 974 vitae
1500 948 1618 982 spatium
1632 948 1805 975 laudabiliter

1010 993 1138 1028 implens,
1155 996 1303 1027 sancteque
1328 996 1356 1019 et
1375 992 1534 1019 innocenter
1559 999 1608 1019 suo
1624 990 1757 1018 'versatus
1775 992 1802 1018 in

1010 1046 1133 1069 munere,
1144 1038 1308 1065 obdormivit
1322 1038 1347 1064 in
1361 1037 1486 1065 Domino.
1500 1037 1601 1064 Dicitur
1613 1042 1716 1070 autem,
1729 1038 1802 1072 quod

1008 1090 1102 1112 sancta
1119 1083 1192 1111 illius
1210 1083 1313 1114 anima,
1331 1083 1530 1111 deducentibus
1548 1083 1653 1110 sanctis
1670 1084 1801 1118 martyri-

1009 1131 1061 1158 bus
1076 1130 1245 1165 angelisque,
1262 1133 1356 1156 evecta
1373 1129 1399 1156 iu
1415 1129 1514 1156 coelum
1533 1129 1579 1156 sit.
1597 1129 1703 1156 Etenim
1723 1129 1804 1156 homo

1007 1177 1138 1212 quidam,
1159 1183 1268 1202 servum
1289 1175 1383 1202 utilem
1406 1175 1523 1207 habens,
1542 1183 1604 1202 cum
1627 1175 1673 1202 hic
1692 1182 1722 1202 se
1742 1174 1803 1209 fuga

1008 1222 1194 1257 proripuisset,
1205 1221 1273 1248 abiit
1283 1220 1316 1247 ad
1328 1225 1454 1248 sanctum
1470 1219 1804 1252 Theodorum,Phanero-

1008 1272 1061 1295 tem
1077 1269 1158 1302 vulgo
1170 1271 1371 1300 nuncupatum,
1386 1270 1533 1300 rogaturus
1546 1271 1575 1292 ut
1587 1272 1667 1292 suum
1681 1265 1733 1292 sibi
1745 1273 1804 1292 scr-

1007 1322 1069 1340 vum
1096 1314 1240 1340 revelaret.
1266 1312 1369 1339 Exacto
1391 1316 1482 1338 autem
1506 1311 1606 1338 ibidem
1627 1311 1717 1345 spatio
1742 1319 1797 1338 non

1007 1361 1115 1387 modico
1128 1359 1270 1394 temporis,
1288 1366 1349 1386 cum
1374 1359 1442 1385 nihil
1457 1358 1599 1385 didicisset
1619 1358 1652 1385 de
1675 1357 1800 1393 fugitivo.

1007 1403 1135 1430 recedere
1152 1403 1254 1433 voluit;
1275 1402 1507 1436 recessissetque,
1529 1402 1583 1429 nisi
1599 1406 1661 1429 orto
1679 1402 1736 1436 jam
1758 1402 1803 1430 die

1007 1449 1133 1476 detentus
1152 1449 1288 1483 spirituali
1306 1448 1351 1482 qui
1368 1448 1449 1474 ﬁebat
1465 1455 1602 1480 sermmle,
1618 1449 1803 1477 obdormisset

1008 1495 1151 1528 tantisper.
1167 1496 1255 1528 Atque
1269 1502 1333 1521 ecce
1347 1498 1492 1528 martyrem
1509 1494 1594 1525 videt.
1610 1499 1637 1522 et
1650 1494 1708 1522 ha-c
1723 1495 1756 1522 ad
1773 1502 1803 1522 se

1007 1540 1141 1568 dicentem
1155 1540 1232 1567 audit
1249 1549 1255 1567 :
1273 1538 1374 1574 thuid
1390 1545 1505 1567 Incestus
1520 1540 1570 1567 es?
1582 1541 1665 1567 Poeta
1683 1539 1802 1576 Just-pho

1007 1586 1059 1613 hac
1077 1592 1157 1613 nocte
1173 1586 1318 1617 moriente,
1343 1585 1435 1612 anima
1452 1587 1512 1620 ejus
1526 1586 1560 1612 ab
1574 1586 1701 1614 omnibus
1722 1587 1802 1614 nobis

1006 1639 1074 1667 quos
1090 1631 1147 1659 suis
1162 1631 1312 1658 canonibus
1329 1631 1494 1666 hymnisque
1510 1631 1666 1663 honoravit,
1684 1632 1800 1660 deducta

1005 1682 1048 1704 est
1061 1681 1087 1704 et
1103 1681 1166 1704 ante
1182 1676 1229 1704 Dei
1245 1681 1424 1711 conspectum
1441 1678 1601 1705 constituta.
1615 1677 1695 1705 Nunc
1707 1684 1799 1707 autem

1004 1727 1102 1758 prtesto
1115 1730 1188 1753 sum,
1205 1726 1369 1749 ostensurus
1384 1723 1523 1756 deinceps,
1536 1722 1610 1757 quod
1625 1724 1710 1750 voles.
1726 1723 1800 1751 Vade

1005 1768 1037 1795 ad
1055 1769 1144 1795 locum
1160 1768 1235 1794 illum
1258 1768 1303 1802 (et
1315 1767 1404 1794 locum
1419 1767 1598 1803 nominavit),
1616 1766 1798 1796 ibirfamulum

1004 1818 1092 1845 tuum,
1108 1820 1188 1848 quem
1204 1813 1333 1848 requiris,
1350 1813 1483 1840 invenies.
1504 1822 1513 1838 ι

1039 1859 1065 1885 5.
1088 1859 1225 1885 llactemis
1245 1858 1431 1893 Synaxarium
1445 1858 1612 1891 prredictum,
1628 1863 1700 1886 recte
1711 1864 1738 1886 et
1753 1867 1799 1886 or-

1003 1904 1066 1931 dine
1079 1904 1183 1934 omnia.
1196 1903 1245 1930 nisi
1262 1903 1334 1938 quod
1348 1903 1380 1929 ad
1393 1908 1518 1930 auctores
1529 1903 1621 1931 indicti
1639 1904 1666 1930 in
1675 1904 1795 1932 Cherso-

1004 1959 1063 1978 nem
1078 1951 1164 1978 exsilii
1180 1951 1307 1985 pertinet.
1323 1950 1445 1984 adeoque
1469 1955 1496 1977 el
1510 1950 1599 1985 ipsius
1615 1950 1705 1977 exsilii
1722 1955 1793 1978 tem-

1003 2005 1064 2032 pus,
1083 1997 1188 2024 Etenim
1205 1996 1331 2031 quamvis
1353 1995 1406 2022 Leo
1420 1997 1567 2028 Arulenus,
1584 2003 1641 2023 sum
1658 1997 1792 2024 adversus

1003 2044 1150 2071 monachos
1167 2043 1335 2070 orthodoxos
1353 2042 1463 2069 szevitias
1479 2043 1634 2076 ministrum
1648 2042 1792 2078 facemque

1003 2090 1131 2116 habuisse
1148 2089 1253 2123 legatur
1264 2087 1379 2114 Bardam
1396 2087 1552 2122 quemdam,
1569 2087 1675 2115 atlinem
1692 2095 1791 2120 suum;

1004 2135 1047 2162 hic
1064 2138 1153 2161 tamen
1170 2133 1270 2165 nullam
1289 2133 1378 2167 potuit
1393 2140 1497 2167 partem
1525 2132 1577 2159 sibi
1592 2132 1744 2160 vindicasse
1763 2134 1789 2159 in

1003 2180 1128 2207 vuxando
1142 2179 1260 2213 Joscpho
1282 2188 1288 2205 :
1307 2186 1368 2205 cum
1389 2178 1412 2205 is
1431 2178 1482 2205 sub
1497 2178 1586 2213 ipsum
1601 2178 1709 2205 initium
1726 2186 1787 2213 per-

163 2223 307 2253 salonicat,
328 2224 414 2250 sancti
439 2225 555 2258 apostoli
582 2225 769 2254 Bartholomaei
796 2228 950 2262 reliquiam.
970 2228 990 2255 [ι
1006 2226 1163 2259 secutionis,
1181 2233 1254 2252 anno
1272 2225 1289 2251 2
1310 2223 1419 2256 Leonis,
1437 2225 1588 2258 suscitatis,
1614 2224 1729 2252 Romam
1753 2225 1793 2251 lc—

164 2268 240 2295 tlanc
258 2268 341 2303 igitur
357 2268 494 2302 aecipieus
505 2289 513 2301 ,
529 2270 580 2297 sub
595 2271 667 2297 illius
685 2272 794 2298 nomine
810 2273 955 2300 aediﬁcavit

164 2314 311 2347 sacellum;
326 2315 463 2349 cepitque
472 2316 556 2342 multa
569 2324 630 2343 cum
645 2317 831 2345 sollicitudine
845 2326 953 2346 versare

163 2359 264 2391 animo,
287 2360 425 2393 quomodo
448 2360 622 2388 festivitatem
649 2363 708 2397 ejus
732 2365 818 2391 sacris
835 2366 952 2393 canticis

164 2406 360 2440 componendis
380 2411 508 2439 ornaret;
527 2415 588 2434 cum
608 2408 736 2443 lacrymis
750 2415 830 2445 atque
846 2411 952 2446 singul-

163 2449 235 2477 tibus
250 2451 419 2484 supplicans,
435 2457 465 2478 ut
481 2452 562 2487 hujus
579 2454 706 2482 desiderii
722 2456 764 2482 sui
781 2464 894 2490 compos
910 2458 951 2485 ef-

163 2495 206 2522 fici
223 2501 381 2523 mereretur.
407 2497 439 2524 Et
463 2505 528 2525 vero
548 2507 658 2534 compos
680 2501 740 2535 ejus
759 2501 873 2530 eﬂ‘ectus
898 2508 949 2531 est.

162 2539 249 2567 Noctu
263 2541 334 2568 enim
351 2542 442 2569 virum
458 2545 601 2578 quemdam
619 2547 795 2573 reverendum
810 2549 951 2583 conspicu-

161 2589 206 2613 tus
223 2591 264 2613 est
283 2587 316 2614 ad
337 2587 409 2614 latus
432 2588 570 2622 epistolae,
596 2591 642 2624 qui
667 2591 809 2618 videbatur
834 2601 909 2621 sacra
935 2602 951 2622 ο

162 2639 255 2658 mensa
269 2632 444 2668 Evangelium
459 2635 564 2667 tollere,
583 2637 727 2671 ipsumque
737 2637 846 2673 Josephi
864 2640 950 2674 impo-

162 2687 230 2707 nens
251 2682 372 2715 pectori,
391 2690 440 2710 sua
456 2690 516 2710 eum
541 2683 728 2712 benedictione
752 2685 894 2721 impertiri.
912 2689 949 2715 Ex

125 2751 131 2756 _
162 2731 228 2752 tunc
242 2731 332 2754 autem
348 2729 461 2762 gratiam
476 2730 728 2763 componendorum
745 2732 908 2766 hymnorum
922 2738 950 2760 et

161 2770 316 2799 facultatem
330 2773 424 2800 habuit
437 2779 491 2801 tam
508 2775 672 2809 expeditam,
686 2782 715 2803 ut
729 2777 840 2811 quidam
854 2778 948 2805 existi-

162 2821 276 2850 marent,
307 2825 368 2845 eum
401 2819 532 2846 melodias
563 2828 654 2848 sacras
681 2829 735 2848 non
761 2823 885 2857 proferre
915 2832 948 2851 ex

160 2861 262 2897 seipso,
281 2863 327 2890 sed
346 2864 455 2892 aliunde
467 2869 592 2899 nCCeplas
608 2869 634 2891 ct
655 2867 792 2893 memoria:
804 2874 946 2894 commcn-

1006 2277 1084 2306 gatus
1106 2272 1152 2302 sit,
1169 2276 1195 2298 et
1211 2277 1300 2305 usque
1314 2270 1347 2297 ad
1373 2277 1474 2297 annum
1492 2270 1545 2297 820
1559 2270 1689 2297 manserit
1705 2271 1792 2305 capti-

1005 2323 1055 2342 vus
1070 2314 1097 2342 in
1113 2315 1202 2341 Creta.
1221 2309 1388 2348 Theophilus
1404 2314 1498 2348 igitur,
1514 2314 1614 2348 impius
1636 2315 1737 2349 passim
1756 2316 1792 2341 ab

1003 2360 1161 2388 auctoribus
1171 2361 1270 2391 dictus,
1284 2360 1320 2387 ob
1339 2360 1558 2386 iconomachiam
1586 2361 1791 2391 resuscitatam,

1004 2406 1086 2434 Scribi
1112 2406 1157 2433 hic
1180 2411 1206 2433 et
1230 2405 1342 2440 intelligi
1370 2405 1501 2438 debuit;'
1519 2405 1570 2432 sub
1596 2412 1650 2439 quo
1677 2405 1790 2436 Bardas.

1004 2451 1033 2479 S.
1061 2451 1210 2478 Theodorre
1231 2451 1469 2486 Augustasfrater,
1497 2451 1538 2478 vir
1564 2451 1685 2479 incestus
1707 2445 1792 2487 δῑψῗε

1003 2499 1135 2532 nefarius,
1161 2498 1231 2533 apud
1262 2498 1418 2529 sororium,
1453 2498 1596 2525 monachis
1629 2499 1790 2526 orthodoxis

1003 2545 1231 2575 infensissimum,
1248 2543 1329 2571 facile
1344 2543 1432 2578 potuit
1455 2543 1582 2571 cﬂ‘ectum
1606 2544 1681 2576 dare,
1701 2549 1730 2571 ut
1744 2543 1790 2570 Ju-

1001 2591 1128 2625 srphum,
1143 2590 1208 2616 vitia
1224 2597 1274 2616 sua
1286 2590 1469 2624 increpantem
1487 2589 1608 2621 liberius.
1624 2590 1727 2616 videret
1744 2597 1788 2616 re«

1001 2639 1130 2673 legatum.
1153 2637 1190 2663 Ita
1208 2641 1280 2663 certe
1296 2636 1408 2663 vei-usuit
1423 2636 1445 2663 is
1461 2636 1522 2670 quis
1542 2637 1657 2663 alterum
1686 2644 1701 2662 e
1720 2644 1785 2662 mss.

1001 2682 1159 2719 Synaxariis
1171 2681 1413 2715 Cryptm—Forratae
1443 2681 1600 2716 compilavit
1625 2685 1730 2711 auctor,
1761 2687 1788 2707 et

1001 2729 1165 2756 couverriunt
1179 2727 1281 2761 optime
1297 2725 1365 2754 Vita:
1382 2727 1459 2758 Acta,
1480 2727 1605 2762 quamvis
1619 2726 1693 2753 nulla
1716 2724 1784 2752 facta

1001 2775 1094 2801 Bardm
1110 2774 1248 2800 mentione
1264 2777 1347 2799 totam
1364 2773 1470 2808 culpam
1486 2773 1512 2799 in
1526 2781 1535 2798 ι
1551 2772 1699 2806 pessimum
1714 2771 1786 2797 illius

1002 2820 1130 2855 temporis
1144 2819 1348 2854 imperatorem,
1370 2829 1378 2845 ›
1397 2818 1501 2847 scilicet
1519 2816 1700 2852 Theophilum
1715 2823 1782 2842 con-

1001 2865 1141 2894 fcrantJu
1157 2865 1229 2892 dicto
1254 2865 1488 2903 vero.Synaxario
1503 2864 1543 2890 sic
1565 2862 1662 2897 legitur
1686 2869 1694 2889 :
1717 2870 1727 2888 ι
1741 2858 1787 2889 Inv
