2077 3157
272 142 327 174 9ἲὸ

841 139 873 170 S.
893 139 1051 170 IOSEPHI
1068 138 1351 169 HYMNOGRAPHI

1851 137 1906 171 936

274 198 328 226 vidi
346 200 436 224 autem
450 194 560 231 quidam
577 201 639 222 cum
657 201 718 222 enm
735 194 894 222 calumniati
912 199 1004 221 essent
1030 193 1064 221 de
1079 195 1099 222 A
1114 199 1141 220 et
1154 194 1225 227 apud
1243 192 1382 220 Bocchum
1398 192 1532 228 Pyrrhum
1552 192 1577 219 in
1599 192 1694 219 notitia
1710 191 1838 220 Ecclesiae
1855 195 1907 229 Sy-

273 245 317 275 iis,
333 251 394 278 qua!
405 242 536 269 adversus
555 240 671 267 Dardani
687 240 822 267 C:esarem
848 240 921 267 dicta
941 239 1059 270 fuerattt,

274 288 487 316 in'Chersoncm
511 285 677 320 relegarunt,
694 285 765 312 unde
781 290 842 320 post
860 285 970 319 aliqttod
994 289 1063 311 tem-

274 341 325 368 pus
336 330 596 364 Constantinopolim
621 337 774 364 regressus,
801 337 944 356 sacroruut
961 328 1064 363 Magnae

281 379 327 406 Dei
352 378 476 405 ecclesize
500 382 628 402 vasorum
657 380 750 403 custos
771 375 860 402 factus
890 380 941 407 est,
960 373 1064 410 lgnatio

273 423 440 460 patriarcha.
459 432 468 448 ι

308 470 334 497 6.
351 469 483 496 Graviora
515 468 631 495 aliorum
660 467 872 502 Syuaxariorum
905 471 995 494 errata
1019 467 1063 494 hic

273 522 328 542 non
346 515 518 549 attingimus,
541 519 645 540 lautum
674 513 792 540 dicimus
808 513 834 539 in
863 520 957 540 eorum
991 513 1064 539 nullo

273 562 362 588 notari
376 569 475 588 nomen
492 560 592 587 Leonis
610 559 734 592 Isaurici,
747 559 820 593 quod
834 559 860 585 in
876 559 951 586 Actis
973 566 1062 593 reper-

274 610 331 633 tum
359 606 395 632 ita
416 606 494 632 torsit
518 605 661 632 Octavium
695 604 854 638 Cajetanum
880 609 1015 635 nostrum,
1037 603 1062 630 in

273 652 332 678 suis
348 652 381 678 ad
401 659 433 678 ea
443 650 682 681 annotationibus,
713 655 740 676 ιιι
767 657 830 676 cum
850 649 952 675 videret
966 655 1064 675 conse-

275 704 363 731 quens
393 704 464 729 esse,
497 696 569 730 quod
593 696 673 722 annis
692 701 719 722 ut
749 695 892 722 minimum
916 695 968 722 170
981 695 1065 721 vixis-

273 747 316 769 set
328 741 476 776 .Iosephus,
495 742 611 776 ingenue
627 741 716 768 fassus
731 741 777 773 sit,
795 750 804 766 ι
820 745 874 767 tam
887 741 1065 775 longinquam

273 792 393 820 mtatem,
413 787 484 814 inter
505 791 543 814 tot
556 794 648 813 rerum
665 786 800 817 turbines,
817 790 910 820 totque
929 792 1065 813 aerumnas

273 836 301 858 et
316 832 528 859 exercitationes
543 832 669 858 ascetica:
689 831 760 864 vitae,
777 832 916 866 negotium
945 831 996 858 sibi
1022 829 1065 857 fa-

273 886 345 906 cere.
370 887 380 904 ι
395 877 492 905 Omnia
517 878 706 910 nihilominus,
724 885 784 912 qua:
810 878 940 912 deinceps
958 877 984 904 in
1002 875 1064 903 Vita
1079 872 1102 902 B

274 924 416 956 dicuntur,
433 925 469 951 ita
485 923 608 958 digessit,
626 929 656 950 ut
677 932 687 949 ι
717 923 879 958 pessimum,
912 933 921 950 ι
951 923 985 950 de
1009 930 1064 957 qtto

274 971 368 1004 supra,
387 970 590 1004 imperatorem,
607 969 658 997 sub
682 977 737 1004 quo
760 969 786 996 in
811 969 936 996 exsilium
961 968 1064 1003 cjectus

273 1021 316 1043 est
331 1015 443 1051 Joseph,
456 1015 528 1042 haud
541 1015 624 1043 dubie
638 1020 712 1042 notet
728 1015 812 1042 fuisse
827 1024 836 1040 ι
854 1015 1063 1042 Constantinum

274 1063 489 1097 Copronymum,
518 1061 616 1089 Leonis
647 1061 759 1089 Isaurici
781 1061 879 1094 ﬁlium,
903 1065 929 1088 et
956 1061 1064 1095 imperii

274 1107 388 1143 perinde
404 1114 484 1143 atque
497 1108 642 1143 impietatis
661 1116 848 1136 successorem
862 1117 869 1141 ;
889 1118 898 1134 ι
913 1113 940 1136 ct
953 1108 1063 1135 «Ortho-

273 1154 361 1182 doxos
378 1154 568 1189 imperatores,
587 1163 597 1180 ι
616 1155 667 1182 sub
691 1155 792 1189 quibus
813 1159 855 1181 est
870 1154 1065 1182 Constantino-

274 1201 357 1235 polim
371 1205 526 1233 revocatus,
539 1201 750 1228 Constantinum
766 1205 793 1228 ct
808 1201 912 1228 lrencm
930 1201 1064 1235 interpre-

273 1250 355 1272 tetur.
370 1245 457 1279 thue
469 1246 528 1273 haec
543 1247 689 1274 concordet
700 1253 761 1273 cum
784 1246 894 1274 Menaeis
915 1247 1064 1274 occasione

274 1291 369 1319 Darda:
381 1292 500 1326 ejectum
514 1292 689 1325 dicentibus;
707 1293 845 1320 concludit
861 1302 870 1318 ι
890 1300 998 1325 rursus,
1012 1292 1065 1320 sub

273 1337 404 1365 Micltaele
415 1337 499 1366 Balbo
511 1338 619 1373 pulsum
635 1338 796 1374 10sephum,
808 1343 890 1373 atque
903 1347 918 1366 a
934 1338 962 1366 S.
975 1338 1064 1366 Theo-

273 1385 341 1411 dora
375 1384 531 1412 restitutum
547 1385 641 1412 videri.
663 1394 671 1409 ι
696 1384 805 1411 Dubitat
819 1384 902 1411 etiam
924 1393 933 1409 ι
957 1392 990 1411 an
1010 1384 1064 1412 Leo

272 1429 420 1461 Lauricus,
439 1438 520 1464 quem
536 1438 582 1457 xtv
600 1430 657 1457 Kal.
677 1429 741 1457 Julii
759 1436 900 1458 tnortuum
918 1430 1063 1465 Theopha-

273 1483 321 1503 nes
337 1476 443 1506 scribit.
473 1476 566 1510 potius
588 1475 721 1504 diceudus
740 1476 776 1503 sit
800 1476 828 1502 in
853 1475 990 1503 Nalalitiis
1007 1474 1063 1502 Do-

273 1521 339 1548 mitii
355 1521 469 1552 obiisse.
483 1529 517 1548 an
538 1529 603 1548 vero
621 1528 682 1556 post
709 1529 818 1549 menses
837 1529 883 1548 sex
900 1525 927 1548 et
951 1520 1062 1547 totidem

273 1567 331 1593 dies
349 1566 382 1594 de
399 1567 459 1601 ejus
477 1571 566 1594 morte
586 1566 669 1594 fuerit
693 1572 789 1594 sancto
811 1565 931 1601 Joscpho
954 1566 1063 1594 nuntia-

274 1616 341 1638 tum.
357 1621 366 1637 ι
385 1612 451 1644 Quae
472 1612 563 1639 omnia
588 1611 668 1639 facile
688 1613 823 1647 potuisset
841 1612 1011 1644 discernere,
1039 1611 1063 1638 si

272 1664 305 1683 ex
325 1657 442 1684 indicato
453 1657 550 1684 mortis
565 1658 618 1690 die,
631 1658 758 1685 scivisset
768 1658 886 1684 Leonem
903 1658 1063 1690 Armenum,

273 1702 394 1729 Isauri-eo
418 1706 495 1728 tanto
525 1703 717 1737 posteriorem,
745 1703 914 1738 intelligere;
935 1707 964 1730 et
983 1703 1061 1733 illud.

273 1749 301 1773 ἐν
315 1748 364 1782 τῆς
397 1748 545 1783 Ὶσαυρίας,
574 1748 705 1775 insertum
720 1750 806 1781 Actis,
827 1754 984 1784 suspectum
1011 1749 1061 1776 ha-

261 1789 347 1827 ’bere,
365 1799 475 1828 propter
490 1795 607 1821 aliorum
625 1795 747 1822 omnium
765 1795 905 1823 silentium
927 1800 954 1823 ct
977 1803 1061 1823 enor-

273 1846 343 1865 mem
364 1839 521 1866 distantiam
538 1841 677 1875 temporis.

309 1884 334 1911 7,
351 1883 438 1911 Simili
452 1886 556 1912 ratione
581 1893 634 1913 non
660 1885 804 1914 diﬂieulter
831 1883 966 1921 potuisset
989 1887 1060 1915 idem

272 1929 419 1964 Cajetanus
434 1931 525 1967 videre
548 1931 620 1958 illius
640 1933 805 1966 conjectura:
828 1933 988 1964 vanitatem,
1007 1942 1060 1968 qua

273 1973 423 2010 Syracusas
443 1976 528 2003 fuisse
544 1977 655 2011 Josephi
672 1978 787 2012 patriam
798 1983 941 2013 propterea
953 1987 1061 2006 asseve-

274 2021 354 2052 ravit,
369 2021 433 2055 quia
448 2021 474 2048 in
492 2021 566 2049 Actis
575 2022 790 2058 dicitur-losepbi
804 2024 902 2058 patria,
918 2024 1062 2058 gloriosior

272 2066 376 2093 reddita
388 2075 401 2092 a
419 2066 493 2094 Beati
507 2068 665 2101 parentibus
678 2073 731 2095 tam
745 2068 814 2096 felici
829 2069 960 2103 germine,
979 2078 1061 2104 quam

271 2119 286 2136 a
306 2111 447 2146 Dionysio,
466 2121 475 2137 (
505 2112 551 2146 qui
571 2113 636 2139 olim
651 2113 677 2139 in
707 2121 738 2140 ea
766 2114 883 2141 summis
908 2114 934 2140 in
955 2114 1062 2142 deliciis

273 2158 405 2192 regnavit.
426 2167 435 2183 ι
454 2157 519 2185 Esto
531 2159 604 2185 enim
626 2158 698 2193 quod
724 2159 825 2194 regiam
846 2159 991 2194 Syracusis
1013 2160 1062 2186 ha-

1115 247 1256 267 racnsaum
1276 241 1420 274 impressa.
1439 239 1490 272 Qui
1504 240 1574 266 idem
1591 239 1712 274 Pyrrhus
1733 239 1840 266 interim
1855 248 1899 268 as-

1115 285 1181 311 serit
1197 291 1223 311 rt
1239 284 1371 311 Basiliani
1387 284 1492 312 ordittis
1514 284 1678 311 monachum
1701 289 1728 311 et
1754 284 1904 320 Syracusa-

1115 338 1180 356 num
1200 329 1285 356 fuisse
1300 328 1469 364 Juscphuut;
1494 329 1567 357 istud
1587 337 1619 356 ex
1641 337 1701 361 sua,
1715 331 1766 357 hoc
1779 338 1813 358 ex
1828 331 1904 365 ϐψ.

1116 374 1171 401 tani
1189 375 1346 408 conjectura
1359 382 1506 409 persuasus
1532 382 1539 401 :
1562 375 1691 409 additque
1713 375 1785 402 illius
1801 376 1899 402 festum

1117 420 1262 456 Syracusis
1292 421 1426 448 celebrari
1451 421 1468 447 ὅ
1490 421 1602 455 Aprilis,
1638 421 1731 456 utique
1758 427 1902 456 postquam

1116 467 1264 501 Cajetanus
1291 467 1392 501 incepit
1419 471 1532 494 sanctos
1563 466 1674 494 Siculos
1699 475 1730 494 ex
1748 467 1905 494 Graecorum

1115 512 1224 540 Menaeis
1247 513 1420 547 conquirere,
1445 517 1472 540 et
1495 512 1553 540 suis
1579 513 1713 541 insulauis
1733 515 1904 542 venerandus

1116 568 1268 598 proponere
1284 569 1291 587 ί
1306 567 1396 595 neque
1414 559 1487 586 enim
1505 559 1695 586 existimamus
1721 559 1824 586 cultum
1839 567 1903 586 eum

1117 607 1261 644 Syracusis
1277 614 1338 634 esse
1349 606 1503 639 antiquum,
1530 611 1578 631 aut
1595 605 1621 631 in
1638 604 1693 632 ulla
1719 605 1854 639 majorum
1869 607 1903 633 de

1115 653 1234 689 Joscpbo
1250 652 1400 680 traditione
1415 652 1570 678 fundatum.

1151 733 1165 768 ς
1180 731 1212 759 ΙΙ.
1235 730 1301 758 Vite
1315 731 1467 764 scriptores.
1494 729 1613 770 Capones
1634 731 1789 764 compositi,
1806 735 1908 765 tempus

1459 772 1563 791 murus.

1151 835 1179 863 8.
1192 835 1270 869 Quod
1281 834 1295 870 §
1307 834 1441 869 superiori
1457 834 1576 860 diximus
1590 833 1623 860 de
1639 833 1736 866 Barda,
1752 837 1779 861 et
1791 834 1908 862 circum-
1936 842 1939 845 ·

1117 883 1226 910 stantia:
1254 881 1377 916 quaedam
1406 881 1486 912 aliae,
1513 880 1539 906 in
1568 878 1727 914 Synaxariis
1752 880 1908 914 expressius

1115 935 1196 964 quam
1213 927 1241 954 in
1258 927 1319 953 Vita
1335 931 1433 954 notata:
1448 926 1488 961 (ut
1504 925 1576 960 quod
1590 925 1697 952 decitno
1711 923 1808 959 quinto
1821 926 1910 952 aetatis

1116 981 1187 1000 anno
1199 977 1324 1000 attonsus
1335 973 1361 999 in
1370 972 1534 999 monacltutu
1546 976 1658 998 sanctus
1669 969 1768 1005 Joscph
1779 970 1826 1004 sit,
1836 971 1907 1004 quod

1115 1020 1210 1047 invasa
1234 1026 1249 1046 a
1273 1018 1416 1046 Saracenis
1434 1018 1522 1052 patria
1539 1025 1601 1044 cum
1623 1022 1708 1044 matre
1729 1024 1762 1044 ac
1779 1016 1909 1044 frattilnts

1115 1069 1259 1097 servatus,
1281 1065 1354 1099 quod
1369 1068 1609 1098 extemporaneam
1625 1071 1693 1098 perte
1714 1063 1839 1090 habuerit
1861 1071 1908 1090 ca-

1115 1118 1218 1138 nonum
1239 1109 1442 1138 condendorum
1463 1109 1621 1136 facultatem
1633 1128 1641 1140 ,
1656 1109 1728 1143 quod
1745 1109 1820 1136 locus
1835 1110 1908 1135 exsi-

1116 1155 1145 1183 lii
1159 1156 1299 1182 Cltersona
1317 1154 1409 1188 fuerit,
1422 1154 1494 1189 quod
1511 1159 1574 1181 ante
1594 1154 1721 1181 exsilium
1741 1154 1837 1189 injecta
1852 1156 1910 1181 sint

1116 1207 1212 1229 sancto
1230 1201 1339 1229 vincula
1359 1205 1386 1228 et
1404 1201 1532 1233 verbera,
1557 1200 1628 1235 quod
1646 1201 1763 1234 denique
1783 1200 1908 1234 gloriose

1117 1248 1189 1276 illius
1203 1248 1230 1275 in
1243 1247 1341 1275 ecelum
1359 1246 1531 1274 deductionis
1548 1246 1627 1278 visio,
1641 1246 1786 1273 occasione
1801 1245 1906 1280 fugitiii

1116 1294 1242 1329 requisiti
1260 1294 1286 1320 in
1302 1293 1402 1327 templo
1420 1292 1507 1319 sancti
1527 1291 1663 1318 Theodori
1684 1291 1842 1318 Pbancrotze
1858 1299 1904 1318 seu

1117 1339 1342 1371 Manifestatoris,
1360 1339 1489 1373 obtigerit
1505 1338 1590 1372 probo
1605 1337 1642 1364 illi
1661 1337 1729 1369 viro,
1742 1338 1787 1371 qui
1801 1336 1860 1372 ejus
1872 1337 1905 1362 ad

1116 1387 1186 1414 alios
1203 1385 1301 1413 meruit
1317 1384 1393 1412 testis
1411 1384 1568 1417 exsistere),
1587 1382 1638 1414 har,
1650 1382 1772 1416 inquam,
1786 1382 1907 1408 circum-

1117 1431 1241 1464 stantiae,
1259 1431 1286 1458 in
1307 1429 1502 1465 prolixioribus
1514 1428 1590 1456 Actis
1607 1428 1760 1462 praeterita,
1775 1426 1906 1454 credibile

1117 1477 1196 1504 nobis
1213 1476 1334 1508 faciunt,
1353 1475 1418 1502 Vita:
1431 1474 1568 1508 cpitontett
1584 1473 1593 1508 (
1606 1481 1689 1507 quant
1704 1480 1784 1507 supra
1797 1480 1829 1499 ex
1842 1472 1890 1498 Cla
1900 1488 1907 1493 -

1118 1527 1281 1550 romontano
1307 1521 1450 1550 dedimus.
1469 1527 1605 1554 quamque
1625 1519 1677 1545 alia
1699 1527 1766 1546 mss.
1782 1519 1839 1546 fere
1863 1527 1907 1545 se-

1118 1567 1261 1601 quuntur)
1276 1565 1360 1600 ipsam
1377 1572 1448 1597 esse,
1464 1572 1558 1598 quam,
1577 1572 1591 1590 a
1609 1564 1744 1598 discipulo
1758 1564 1843 1590 sancti
1858 1562 1906 1589 Jo-

1116 1613 1192 1648 sephi
1220 1611 1386 1646 Theophane
1409 1611 1558 1645 scriptam.
1584 1609 1704 1638 Joannes
1730 1609 1832 1643 Magna:
1858 1608 1907 1635 Dei

1116 1658 1241 1686 ecclesia:
1259 1658 1393 1685 diaconus
1405 1661 1431 1683 et
1443 1661 1547 1688 orator,
1561 1664 1616 1690 pra:
1628 1655 1714 1682 oculis
1727 1655 1831 1687 habuit,
1849 1655 1906 1688 ple-

1115 1705 1178 1732 nius
1194 1705 1373 1738 ornatiusque
1388 1703 1589 1737 exponendam,
1605 1701 1705 1729 additis
1719 1709 1780 1736 quae
1798 1701 1901 1728 d-‘side‘

1115 1751 1247 1777 rabautur
1269 1749 1373 1776 multis.
1393 1749 1468 1776 llanc
1484 1749 1525 1776 sic
1548 1754 1657 1774 auctam
1673 1753 1853 1780 ornatamque
1871 1753 1904 1772 ex

1114 1800 1199 1831 parte,
1212 1804 1243 1823 ex
1258 1800 1336 1830 parte
1349 1802 1424 1828 vero,
1440 1794 1624 1829 pradictarutn
1635 1793 1905 1820 circuntstantiarutn

1114 1842 1238 1870 minutiis
1254 1841 1457 1876 przctertnissis,
1476 1840 1641 1874 descriptam
1657 1839 1782 1870 liberius,
1799 1838 1906 1871 accepi-

1114 1892 1175 1914 mus
1189 1895 1220 1914 ex
1237 1887 1331 1914 codice
1354 1885 1449 1913 Graeco
1463 1885 1637 1912 Bibliotheca).
1649 1884 1794 1915 Vaticanze,
1811 1887 1906 1910 auclo-

1114 1934 1151 1960 ris
1164 1940 1263 1960 nomen
1274 1932 1354 1967 quale
1361 1931 1480 1958 diximus
1493 1930 1653 1966 praeferente
1667 1940 1672 1957 ι
1686 1930 1907 1963 contulimusque

1113 1987 1176 2006 cum
1194 1979 1330 2014 ecgrapbo
1347 1977 1460 2004 alterius
1477 1977 1591 2009 codicis,
1611 1985 1626 2003 a
1644 1977 1753 2003 Daniele
1771 1978 1905 2002 monacho

1114 2029 1141 2052 et
1156 2026 1272 2052 sacrista
1287 2026 1313 2051 in
1326 2025 1494 2051 monasterio
1506 2024 1594 2051 sancti
1611 2023 1759 2050 Salvatoris
1773 2022 1906 2050 Messana:

1113 2070 1218 2105 abSque
1237 2069 1359 2097 auctoris
1384 2069 1495 2096 nomine
1518 2068 1665 2102 descripti,
1690 2074 1722 2094 ex
1746 2067 1837 2101 pluteo
1859 2066 1904 2097 20,

1113 2122 1190 2141 num.
1204 2114 1247 2141 52.

1149 2160 1176 2187 9.
1195 2160 1232 2187 Ea
1257 2160 1394 2195 primum,
1417 2158 1513 2186 Latine
1533 2159 1640 2186 reddita
1661 2166 1676 2186 a
1702 2157 1732 2185 P.
1751 2158 1905 2193 Augustino

272 2203 362 2230 bucrit
379 2203 534 2239 Dionysius,
551 2204 600 2231 toti
619 2209 711 2231 tamen
727 2205 893 2239 imperitavit
917 2206 1013 2233 insula:
1027 2206 1061 2233 de
1079 2209 1100 2237 ι)
1116 2206 1218 2234 Florito
1234 2206 1373 2233 societatis
1389 2209 1501 2237 nostrat,
1518 2205 1696 2240 prodiitiuter
1708 2203 1784 2231 Vitas
1794 2209 1906 2231 sancto—

271 2257 336 2284 qua,
355 2258 408 2276 non
427 2250 461 2277 de
474 2250 605 2284 peculiari
619 2250 711 2285 aliqua
734 2251 794 2285 ejus
820 2251 887 2278 urbe
910 2252 1060 2286 loquuntur

271 2295 348 2321 Acta.
365 2294 422 2322 Non
440 2300 533 2330 petest
551 2303 617 2323 sane
645 2297 800 2323 verositnile
824 2297 907 2324 videri
936 2298 962 2324 in
984 2302 1060 2324 tanto

272 2340 466 2367 historicorum
483 2341 606 2367 omniunt
624 2341 745 2375 siletttio,
762 2341 835 2377 quod
851 2342 928 2368 lrcne
944 2347 970 2368 et
986 2341 1059 2369 Con-

271 2383 392 2410 stantino
413 2384 603 2418 regnantibus.
631 2385 710 2419 potiti
736 2386 792 2412 sint
821 2386 915 2420 piratae
939 2386 1059 2420 barbari,

271 2437 302 2456 ea
317 2433 477 2463 tempestate
503 2437 556 2456 non
586 2431 732 2458 admodum
758 2432 849 2464 validi,
873 2433 1059 2461 munitissima

272 2477 338 2502 urbe
368 2484 374 2501 :
397 2484 479 2510 quam
508 2476 601 2510 iidem,
621 2477 720 2505 Siciliae
749 2479 860 2514 reliqua:
887 2480 1058 2507 dominatum

271 2521 360 2556 adepti
373 2521 422 2548 sub
439 2522 568 2550 Michacle
586 2523 679 2557 Balbo,
699 2533 752 2551 non
773 2530 930 2559 potuerunt,
952 2527 989 2552 uti
1011 2533 1060 2553 uec

271 2565 494 2601 Tauromenium,
526 2577 573 2603 per
607 2578 694 2597 annos
721 2571 756 2598 55
784 2571 827 2598 sui
851 2572 922 2606 juris
951 2571 1058 2604 facere;

270 2621 357 2648 usque
369 2614 433 2641 dum
464 2616 568 2642 veniret
594 2624 684 2643 annus
714 2617 776 2648 8'18,
810 2618 921 2652 quando
951 2618 995 2645 die
1024 2618 1055 2644 2|

270 2660 342 2692 Maii,
360 2660 472 2687 victoria
491 2661 558 2696 ipsis
571 2662 604 2689 de
622 2663 715 2688 eadem
728 2662 838 2697 obtigit,
852 2669 879 2690 et
906 2664 990 2691 totius
1014 2664 1058 2690 itt-

269 2704 336 2731 sula:
348 2705 553 2739 possessionem
569 2706 754 2737 eonlirntavit,
770 2714 868 2741 magna
881 2715 943 2734 cum
963 2707 1057 2735 Eccle-

269 2750 318 2776 sia:
337 2750 521 2778 amictissitna:
532 2752 687 2779 calamitate
704 2761 710 2778 ε
725 2760 806 2786 quam
826 2753 958 2780 describit
972 2754 994 2782 is
1011 2754 1057 2788 qui

271 2794 394 2821 interfuit
407 2796 579 2824 Theodosius
593 2804 757 2829 motlacttus,
777 2799 803 2825 in
813 2799 929 2833 epistola
946 2800 978 2828 ad
991 2800 1059 2827 Le0~

271 2846 334 2866 nem
347 2840 582 2876 areltidtacontuu,
599 2850 632 2870 ex
650 2850 704 2870 tus.
724 2842 819 2872 Graeco
831 2843 928 2873 Latine
951 2846 1059 2874 reddita

1116 2260 1177 2279 rum
1207 2252 1362 2279 Siculorum
1392 2259 1437 2278 an.
1463 2251 1530 2278 1657
1544 2260 1551 2284 ;
1566 2251 1645 2277 aliant
1666 2251 1764 2277 deinde
1782 2251 1904 2284 ejusdem

1116 2297 1183 2325 Vita:
1195 2298 1347 2325 versionem
1363 2297 1506 2324 adornarit
1519 2297 1672 2324 Ludo‘icus
1685 2296 1836 2323 Maraccius
1851 2295 1905 2322 Lu-

1115 2345 1216 2377 censis,
1231 2352 1246 2371 e
1260 2344 1475 2378 Cougregatioue
1488 2343 1655 2370 Clericorum
1673 2342 1765 2369 Matris
1779 2343 1834 2372 Dei.
1849 2350 1905 2369 una

1104 2399 1176 2428 (cum
1203 2390 1362 2418 Canonibus
1383 2391 1409 2416 in
1434 2391 1526 2416 omnia
1554 2389 1641 2416 Beatze
1667 2388 1787 2423 Virginis
1814 2388 1905 2421 Maria:

1114 2436 1193 2469 festa,
1218 2440 1245 2463 et
1269 2435 1425 2463 Thcotnctis
1448 2443 1495 2470 per
1519 2443 1615 2461 omnes
1639 2434 1795 2461 (Ira-corum
1818 2434 1906 2461 eccle-

1114 2482 1241 2508 siasticos
1262 2481 1347 2507 libros
1374 2480 1493 2515 sparsis,
1511 2485 1538 2506 et
1555 2480 1642 2506 sancti
1665 2478 1776 2514 Josephi
1804 2487 1903 2506 nomen

1116 2531 1144 2552 ut
1159 2526 1280 2552 auctoris
1295 2525 1554 2560 praesel‘ercntibus;
1573 2532 1634 2558 quae
1651 2526 1741 2550 omnia
1763 2526 1905 2556 pra-nomi-

1115 2570 1170 2596 nati
1194 2569 1322 2596 Ludovici
1341 2569 1534 2603 conjunctione
1551 2568 1692 2603 sanguinis
1714 2573 1740 2595 et
1763 2570 1904 2603 religionis

1114 2616 1284 2650 professione
1301 2615 1394 2648 frater,
1414 2613 1576 2650 Hippolytus
1592 2614 1750 2646 Mirarcins,
1764 2622 1904 2641 commen-

1115 2661 1192 2688 tariis
1205 2661 1320 2687 eruditis
1336 2660 1491 2692 illustravit,
1507 2668 1608 2687 vocans
1627 2661 1670 2686 illa
1686 2659 1802 2686 Mariale
1817 2659 1905 2686 sancti

1113 2707 1221 2741 Joscp/ti
1246 2706 1462 2741 llyumographi,
1488 2711 1514 2733 et
1542 2706 1690 2741 publicavit
1715 2705 1809 2732 Romae
1832 2713 1904 2731 annm

1115 2754 1194 2781 1661.
1221 2753 1296 2781 [lane
1320 2755 1493 2785 versionem,
1519 2753 1605 2780 Graeci
1638 2756 1782 2780 contextus
1813 2751 1912 2778 verbis.

1114 2799 1234 2834 pressius
1249 2799 1437 2833 in'ha'rentent,
1458 2800 1666 2834 prmtuleramus
1681 2804 1737 2825 tum
1753 2798 1836 2832 priori
1852 2797 1902 2829 illi,

1114 2850 1170 2873 tum
1191 2845 1268 2873 alteri
1288 2853 1303 2873 a
1321 2845 1439 2881 quodam
1458 2845 1540 2881 hujus
1558 2849 1651 2872 nostro
1671 2844 1817 2880 pravincite
1831 2842 1904 2877 phd~
