2077 3157
218 174 270 207 937

985 173 1070 204 νιΤΑ
1077 197 1084 205 .

1785 172 1838 204 938

217 231 306 258 ellene
322 230 476 257 elaboratae.
493 228 547 256 Sed
563 233 690 263 excerpta
711 236 744 256 ex
768 228 893 256 Maraecii
915 228 1006 256 libello
1021 232 1044 260 Α
1058 228 1129 256 cium
1147 227 1256 255 faciant.
1282 227 1382 255 Prteter
1409 227 1458 255 hos
1482 228 1550 256 duos
1567 235 1621 255 non
1645 228 1752 256 videtur
1767 229 1838 256 alius

217 276 295 309 folia,
314 275 444 311 preloque
466 275 500 302 ad
515 279 637 302 nostrum
653 282 756 302 morem
771 280 877 310 parata,
891 274 1001 303 excide-

216 327 279 349 runt
295 322 374 349 nobis
389 320 582 348 Amstelodami
596 342 603 354 ,
620 321 730 356 quando
744 325 807 356 post
821 320 926 348 tristem
940 320 1002 347 Bla-

216 367 304 394 vianaa
328 366 513 402 typographize
538 373 632 394 casum
660 366 857 402 colligebamus
880 366 1002 393 sarcinas

216 412 401 447 Antwerpiam
428 411 615 439 revehendas:
632 419 719 446 neque
729 412 795 446 jam,
809 419 873 438 cum
884 412 1001 446 primum

215 459 338 486 delectus
349 457 585 490 animadvertitur,
598 458 749 493 promptius
757 462 798 485 est
808 457 909 492 aliquid
920 465 1000 492 quam

216 511 249 531 ex
274 502 387 530 Octavio
415 502 548 538 Cajetano
570 504 690 539 recipere
711 504 804 531 Floriti
828 504 1000 535 versionem,

215 557 331 584 eamque
341 549 375 579 ad
392 553 548 577 contextum
562 549 684 577 Graecum
695 549 785 577 denuo
795 556 1000 584 recognoscere,

215 595 328 623 mutatis
346 595 410 623 hinc
424 594 487 622 inde
503 594 627 629 pauculis
644 595 689 622 ubi
704 594 731 622 id
743 594 853 630 exigere
867 602 911 623 res
925 594 1003 622 vide-

214 640 298 668 bitur.

249 685 303 712 10..
323 684 419 712 Simon
435 684 670 720 Wangnereckius
694 689 798 717 noster,
819 685 847 712 in
871 683 998 719 Proh-go-

214 732 302 760 menis
319 732 352 759 ad
371 730 520 759 Marianam
543 732 699 760 Graccorum
724 732 862 767 pietatem,
879 739 911 758 ex
931 731 1001 758 duo-

213 778 303 805 decim
317 778 397 806 tomis
411 777 573 805 Menaaorum
592 782 619 805 et
642 782 744 813 septem
766 778 879 813 reliquis
900 777 1000 805 Graecae

214 823 338 851 Ecclesia
352 823 535 850 Voluminibus
547 829 713 859 excerptum,
732 831 761 850 ιι.
777 823 823 854 22,
839 823 874 851 de
889 823 1000 851 duobus

213 870 316 898 sanctis
337 869 474 904 Iosephis,
490 874 603 904 utroque
617 869 822 905 hymnographo
836 873 864 896 et
888 869 998 897 confes-

214 923 276 943 sore
309 915 382 950 apud
413 915 538 948 Graecos,
559 914 615 949 agit
640 924 646 942 :
673 922 790 950 quorum
813 916 882 942 alter
915 914 999 942 fuerit

214 961 244 988 S.
253 961 388 989 Theodori
407 960 520 989 Studita:
532 961 614 988 frater
629 965 711 996 atque
724 961 867 996 episcopus
878 960 998 988 Thessa-

214 1005 371 1038 lonicensis,
389 1006 421 1034 lt
435 1005 498 1032 Julii
513 1006 686 1037 recolet-dus,
702 1011 729 1033 et
752 1006 877 1033 habuerit
890 1006 916 1033 in
932 1013 999 1033 can-

213 1051 275 1079 ticis
287 1051 345 1079 suis
356 1051 504 1087 pangendis
514 1051 565 1078 hoc
580 1051 706 1083 notabile,
723 1050 795 1086 quod
805 1058 902 1078 nomen
916 1058 997 1079 suum

212 1105 286 1132 saepe
307 1097 441 1124 omissum
467 1097 494 1124 in
513 1097 604 1129 titulo,
624 1104 671 1131 per
696 1096 912 1124 Acroatichidem
939 1097 998 1124 sive

212 1142 314 1178 primas
341 1143 514 1177 stropharum
539 1143 652 1175 litteras,
671 1142 743 1170 circa
773 1142 892 1169 ultimam
917 1141 997 1170 odam

213 1188 257 1215 sui
274 1187 363 1215 ultimi
377 1188 502 1221 canonis,
520 1196 626 1223 semper
637 1188 844 1216 accuratissime
861 1187 996 1223 signarit:

212 1233 280 1261 alter
292 1233 372 1260 annis
388 1233 457 1260 forte
474 1233 652 1268 quadraginta
666 1233 770 1268 junior,
787 1234 831 1261 hic
844 1238 935 1260 noster
950 1234 996 1265 sit,

212 1280 256 1307 cui
271 1280 467 1308 adscribendos
483 1284 558 1314 putat
588 1287 636 1307 eos
659 1286 796 1312 canones,
814 1287 875 1314 quae
894 1279 996 1307 nudum

211 1326 321 1361 Iosephi
335 1333 434 1353 nomen
452 1326 605 1361 appositum
626 1325 735 1353 habent.
749 1325 819 1358 Quia
833 1333 896 1353 vero
914 1325 996 1353 etiam

211 1379 330 1400 canones
354 1371 436 1406 hujus
462 1372 632 1407 posterioris.
650 1371 684 1399 de
707 1378 762 1406 quo
786 1379 860 1399 nunc
877 1371 996 1406 agimus,

211 1416 333 1452 Iosephi,
345 1417 401 1444 fere
421 1417 595 1444 acrostichidi
612 1416 693 1444 alicui
710 1416 850 1451 illigantur
863 1435 871 1449 ,
899 1416 994 1444 existi-

212 1467 267 1490 mat
293 1463 448 1498 prazcitatus
468 1462 710 1497 Wangnercckius,
740 1463 773 1490 ad
797 1462 872 1497 ipsos
899 1466 994 1497 utpote

211 1509 351 1543 operosius
366 1508 542 1543 compositos,
554 1508 661 1535 extendi
675 1508 773 1536 debere
783 1508 994 1543 extemporalem

1053 274 1151 301 tertius
1168 272 1303 308 Ioseplms
1324 273 1419 306 fuisse,
1442 274 1489 309 qui
1516 274 1543 301 in
1563 274 1643 301 titulo
1659 282 1712 302 tns.
1731 273 1836 310 Typici.

1054 318 1146 346 Roma:
1163 319 1189 345 in
1203 318 1368 346 Bibliotheca
1380 319 1528 347 Barberina
1537 321 1667 348 asservati
1679 325 1707 348 et
1722 329 1737 347 a
1750 320 1839 349 Leone

1053 363 1164 397 Allatio,
1187 372 1248 398 pag.
1265 370 1285 391 ll
1303 364 1505 392 dissertationis
1530 366 1689 399 praecitata‘,
1721 366 1838 400 laudati,

1054 408 1219 441 nominetur,
1238 417 1300 436 cum
1327 409 1438 442 dicitur,
1460 408 1592 445 Typicnm
1617 410 1683 438 illud
1699 411 1839 440 continere

1055 463 1064 478 ι
1083 454 1294 482 ecclesiasticam
1312 455 1535 483 constitutionem
1561 458 1684 484 omnium
1706 457 1838 485 festortnn

1053 499 1136 527 totius
1150 500 1225 531 anni,
1243 501 1393 528 secundum
1418 501 1592 529 traditionem
1610 508 1768 530 sanctorum
1787 503 1839 531 Pa—

1052 549 1136 578 trum,
1154 545 1277 574 videlicet
1299 546 1328 574 S.
1348 546 1436 580 Saba,
1455 553 1482 576 et
1508 549 1645 581 Studitaep
1666 554 1693 577 et
1720 551 1840 578 maxime

1052 590 1145 618 Sancti
1153 590 1270 625 Montis;
1304 599 1410 620 necnon
1428 599 1533 628 partem
1548 594 1705 623 traditionis
1725 596 1841 624 sanctis-

1051 636 1114 664 simi
1154 637 1244 665 Patris
1276 638 1360 665 nostri
1390 637 1517 674 Iosephi,
1542 641 1711 674 possessoris
1741 642 1833 670 sancti

1050 683 1208 710 monasterii
1224 683 1297 717 qttod
1320 683 1378 711 Divi
1402 683 1507 712 Nicolai
1533 685 1587 712 τῶν
1613 686 1754 714 κασούλων
1768 688 1838 716 dici-
1860 683 1862 685 ’

1051 732 1105 755 tur.
1128 737 1137 754 ι
1153 727 1260 756 Etenim
1285 729 1309 757 si
1332 729 1433 766 Ioseph
1461 731 1507 758 ille
1536 732 1676 766 proprium
1700 733 1838 761 ordinavit

1049 773 1168 801 oilicium
1185 775 1351 803 monasterio
1370 784 1440 809 suo.
1459 777 1539 812 cujus
1565 782 1698 812 patronus
1721 783 1781 806 erat
1805 779 1838 806 D.

1049 818 1176 848 Nicolaus
1189 841 1197 854 ,
1214 822 1276 856 quis
1297 821 1482 850 Paracleticon
1507 822 1665 852 Grtecorum
1689 825 1782 860 legens
1799 825 1837 862 (in

1049 874 1105 901 quo
1122 867 1289 895 ordinarium
1306 868 1390 896 totius
1415 870 1592 899 hebdomadas
1617 871 1736 899 ollicium
1750 872 1838 900 octies

1050 912 1198 939 secundum
1212 917 1273 939 octo
1289 918 1369 942 tonos
1385 915 1518 943 variatum
1528 917 1694 952 continetur)
1708 918 1735 946 in
1749 926 1838 956 eoque

1049 957 1198 985 observans
1213 959 1363 986 secundum
1379 959 1453 988 ferite
1467 961 1483 988 5
1502 969 1634 991 canonem
1651 964 1725 998 (nam
1741 966 1837 1003 singu-

1050 1002 1082 1029 lis
1097 1004 1171 1031 l'eriis
1188 1004 1242 1032 duo
1258 1010 1322 1032 sunt
1346 1013 1478 1040 canones,
1502 1013 1529 1036 et
1542 1008 1610 1037 feria
1636 1010 1653 1037 5
1681 1011 1787 1046 primus
1804 1013 1838 1041 de

1048 1049 1179 1083 apostolis
1188 1049 1239 1085 est)
1250 1057 1312 1077 cum
1326 1051 1496 1080 cathismatis
1507 1058 1588 1089 atque
1601 1056 1730 1090 tropariis
1738 1056 1835 1086 eodem

1048 1094 1233 1127 spectantibus
1240 1102 1301 1122 esse
1316 1095 1349 1122 de
1363 1094 1392 1122 S.
1406 1095 1519 1125 Nicolao
1535 1099 1625 1134 :quis,
1639 1099 1763 1135 inquam,
1779 1102 1837 1130 haec

1049 1138 1140 1173 legens
1156 1143 1184 1166 et
1198 1139 1356 1172 observans,
1372 1149 1424 1168 non
1440 1142 1575 1177 judicabit
1588 1144 1737 1180 Iosephum
1751 1147 1834 1175 istum

1047 1183 1102 1210 τῶν
1116 1184 1256 1211 uacauit.»
1270 1193 1333 1214 esse
1348 1192 1487 1216 auctorem
1502 1189 1610 1218 illorum
1625 1197 1687 1220 octo
1697 1193 1730 1220 de
1745 1192 1764 1220 S
1787 1193 1831 1221 Ni-

1048 1228 1125 1256 colao
1135 1236 1270 1258 canonum
1283 1231 1294 1258 ?
1307 1232 1390 1267 Atqui
1403 1234 1484 1260 etiam
1496 1234 1594 1262 horum
1608 1244 1744 1265 canonum
1758 1247 1837 1267 acro-

1048 1274 1179 1319 stichides
1204 1276 1381 1311 subjunctum
1411 1279 1512 1307 habent
1532 1289 1631 1309 nomen
1664 1283 1763 1319 Ἰωσὴφ
1784 1285 1837 1313 hoc

1048 1319 1128 1366 modo
1141 1318 1243 1356 τἮχος
1255 1321 1290 1349 α’.
1304 1322 1361 1356 Σοὶ,
1381 1323 1509 1358 Νικόλαε,
1528 1327 1636 1362 πρῶτον
1651 1318 1770 1364 εἰσφέῥὼ
1785 1331 1835 1366 μέ-

1047 1365 1102 1398 λος.
1124 1366 1233 1402 Ἰωσήφ.
1260 1368 1292 1396 Et
1312 1370 1442 1397 similiter
1462 1371 1488 1398 in
1503 1372 1577 1405 aliis,
1607 1365 1791 1410 praeterquam
1806 1378 1833 1404 in

1047 1413 1198 1442 rationibus
1215 1414 1271 1442 toni
1285 1415 1400 1443 secundi
1421 1420 1448 1444 et
1465 1419 1568 1452 octavi,
1583 1419 1630 1454 qui
1655 1421 1836 1450 nihilominus

1046 1459 1167 1493 ejusdem
1184 1461 1304 1488 auctoris
1328 1461 1472 1490 manifeste
1486 1468 1561 1491 sunt.
1585 1464 1663 1494 Hunc
1684 1467 1767 1502 igitur
1779 1476 1835 1496 non

1046 1512 1107 1533 esse
1121 1513 1135 1533 a
1147 1510 1241 1534 nostro
1253 1506 1372 1542 Iosepho
1387 1508 1623 1545 distinguendum,
1638 1517 1693 1540 tum
1708 1513 1754 1541 illa
1772 1515 1835 1550 styli

213 1554 285 1580 illam
298 1553 418 1580 dictandi
438 1552 605 1584 facilitatem.
622 1561 704 1588 quam
728 1561 811 1588 supra
824 1561 857 1580 ex
885 1552 995 1581 Menaeis
1011 1564 1032 1592 ο
1049 1550 1199 1578 similitudo
1223 1552 1339 1579 suadere
1358 1554 1469 1588 poterit,
1494 1560 1551 1583 tum
1574 1558 1647 1594 quod
1674 1564 1800 1587 nostrum
1818 1568 1834 1588 a

212 1599 347 1626 laudatam
359 1598 488 1625 vidimus.
508 1597 565 1625 Cur
590 1603 645 1625 tam
670 1605 817 1633 operosum
841 1598 894 1626 hoc
908 1599 953 1632 sit,
967 1604 997 1626 ut

211 1646 245 1672 ab
257 1644 405 1672 exercitato
429 1644 584 1679 nequiverit
611 1652 645 1671 ex
668 1649 789 1679 tempore
812 1644 893 1671 ﬁeri?
917 1643 997 1672 Certe

211 1691 275 1718 nulli
295 1691 400 1724 poetico
413 1695 500 1718 metro
532 1691 658 1718 astrictos
688 1690 845 1719 Grzecorum
866 1698 996 1722 canones,

211 1737 332 1772 prnnisse
356 1744 410 1764 non
428 1744 526 1772 magna
555 1736 728 1764 contentione
740 1736 881 1763 animi‘ad
907 1741 997 1763 certas

211 1782 326 1813 litteras,
338 1781 365 1808 in
388 1781 517 1816 :ujusque
528 1781 640 1816 slrophe
658 1781 792 1816 principio
808 1780 996 1813 inveniendas,

210 1827 324 1861 astringi
356 1826 391 1853 ab
413 1834 456 1858 eo,
471 1826 515 1853 cui
540 1826 655 1853 liberum
673 1830 746 1853 esset
763 1825 889 1860 strophas
904 1825 997 1860 singu-

211 1873 261 1903 las,
279 1873 353 1899 nullo
367 1872 438 1899 inter
448 1879 478 1899 se
501 1872 596 1899 ordine
618 1879 766 1904 connexus,
793 1878 808 1897 a
834 1878 997 1906 quacunque

210 1917 305 1945 liberet
329 1926 393 1945 voce
423 1918 524 1950 ordiri,
552 1917 602 1952 ipsi
629 1917 776 1944 didicimus
811 1917 995 1952 esperiendo;

209 1963 319 1998 quando
331 1963 424 1990 talium
438 1970 573 1990 canonum
585 1962 692 1997 aliquos
706 1961 802 1990 Latine
812 1962 993 1994 reddidimus,

209 2008 303 2035 eadem
330 2008 544 2035 acrostichidum
570 2008 628 2042 lege
656 2012 774 2040 servata,
791 2007 873 2041 idque
892 2007 918 2034 in
936 2015 997 2034 ver-

210 2054 296 2085 sione,
306 2053 339 2081 ad
347 2053 503 2081 Grzecorum
512 2053 654 2080 verborum
662 2060 772 2080 sensum
778 2053 995 2088 exprimendum,

209 2098 339 2133 obligata.
355 2097 396 2125 An
411 2102 501 2125 autem
514 2104 610 2125 Omnes
633 2096 671 2124 illi
689 2104 826 2131 canones,
851 2105 920 2132 quas
938 2096 996 2125 Ma-

211 2145 271 2171 riali
286 2151 337 2171 suo
360 2143 511 2172 Maraccius
536 2143 663 2176 inseruit,
693 2150 818 2179 quosque
843 2151 925 2178 supra
941 2148 996 2171 tre-

211 2195 305 2217 centos
321 2189 435 2218 inveniri
452 2189 479 2216 in
496 2189 640 2217 ritualibus
654 2188 812 2217 Graecorum
829 2188 906 2217 libris
919 2196 995 2217 asse-

1048 1595 1170 1624 Cretensi
1184 1598 1342 1632 captivitate
1357 1598 1501 1627 liberatum
1519 1601 1549 1628 D.
1569 1601 1673 1630 Nicolai
1689 1604 1833 1638 miraculo,

1047 1645 1185 1680 possimus
1204 1644 1350 1680 prudenter
1366 1646 1484 1681 opinari,
1500 1647 1525 1674 ei
1547 1648 1620 1682 quod
1639 1648 1835 1678 Constantino-

1048 1691 1101 1725 poli
1140 1691 1227 1718 erexit
1260 1693 1427 1719 monasterio
1462 1694 1645 1727 patrocinium
1682 1695 1836 1730 praetulisse

1048 1736 1077 1764 S.
1096 1737 1212 1769 Nicolai,
1236 1736 1263 1764 in
1282 1737 1392 1765 deserto
1419 1738 1466 1765 illo
1491 1739 1562 1773 loco,
1585 1740 1619 1767 ad
1642 1748 1734 1774 quem,
1763 1742 1836 1770 haud

1047 1783 1142 1819 procul
1159 1783 1279 1818 positum
1304 1790 1319 1810 a
1336 1784 1438 1819 templo
1453 1784 1483 1812 Ι).
1500 1784 1614 1813 Joannis
1633 1785 1834 1822 Chrysostomf,

1050 1839 1059 1855 ι
1078 1829 1170 1857 sedem
1187 1833 1214 1856 et
1233 1836 1360 1856 curarum
1374 1830 1495 1858 scholam
1515 1840 1542 1859 ιι.
1556 1832 1603 1865 24,
1623 1832 1724 1861 dicitur
1744 1838 1836 1862 trans-

1048 1875 1153 1908 tulisse,
1179 1875 1301 1910 inibique
1323 1876 1521 1912 discipulorum
1547 1879 1719 1908 distribuisse
1741 1882 1837 1909 multi-

1049 1921 1172 1949 tudinem
1187 1929 1194 1949 :
1211 1931 1220 1946 ι
1240 1921 1267 1948 in
1287 1922 1391 1950 casulis
1408 1922 1502 1950 forsan
1519 1927 1750 1961 extemporaneis,
1763 1929 1836 1956 unde

1048 1967 1150 1995 dictant
1180 1968 1217 1995 sit
1245 1968 1442 1995 monasterium
1474 1969 1506 1996 D.
1530 1969 1636 1998 Nicolai
1663 1972 1833 2007 Curularum,

1048 2013 1194 2045 vocabulo,
1212 2017 1242 2040 ut
1256 2012 1310 2040 alia
1328 2014 1411 2040 multa
1425 2014 1743 2050 Constantinopolitana,
1767 2018 1834 2045 Ῥω-

1050 2058 1143 2094 μαϊκῷ
1159 2066 1166 2074 ’
1186 2058 1314 2094 quamvis
1330 2063 1358 2086 et
1377 2060 1536 2088 monasterii
1553 2069 1569 2088 a
1590 2061 1622 2090 D.
1636 2061 1748 2091 Nicolao
1768 2063 1834 2092 dicti

1048 2111 1184 2139 nusquam
1214 2104 1282 2131 Acta
1313 2103 1552 2149 meminerinthet
1579 2107 1714 2142 adjectum
1739 2115 1831 2144 postea

1047 2150 1196 2177 oratorium
1210 2149 1239 2176 S.
1256 2149 1371 2177 Andreae
1392 2152 1516 2185 apostolo
1541 2155 1738 2188 nuncupaverit
1769 2163 1834 2183 san-

1048 2201 1121 2229 ctus,
1133 2200 1244 2231 propter
1259 2196 1388 2230 reliquias
1400 2197 1460 2232 ejus
1481 2197 1543 2226 istic
1557 2199 1717 2234 collocatas,
1741 2202 1781 2229 uti
1796 2202 1835 2230 di-

211 2235 246 2261 rit
260 2234 417 2269 Catjetanns,
435 2234 516 2268 hujus
530 2234 618 2261 ultimi
638 2233 751 2269 Iosephi
763 2234 839 2268 sint,
858 2242 892 2262 an
906 2235 990 2270 aliqui
1011 2230 1031 2257 ι)
1046 2242 1117 2269 citur
1130 2250 1204 2268 ηιιιιι,
1223 2242 1268 2269 25.

211 2279 325 2313 relinqui
339 2278 422 2313 priori
440 2279 566 2310 debeant,
584 2286 637 2306 non
660 2282 740 2306 vacat
765 2286 814 2307 nec
829 2286 919 2315 operae
931 2288 994 2315 pre-

211 2325 278 2351 tium
294 2329 333 2350 est
352 2324 497 2352 sollicitius
508 2325 678 2353 examinare.

247 2369 290 2396 ll.
313 2368 406 2396 Placet
425 2369 534 2396 interim
560 2369 707 2396 discrimen
737 2377 752 2397 a
778 2369 996 2405 Wangnereckio

211 2423 292 2451 supra
318 2417 457 2443 nominato
487 2416 657 2451 designatum
671 2437 678 2450 ,
699 2421 730 2444 ut
747 2418 851 2445 scilicet
876 2426 995 2448 canones

211 2461 259 2493 illi,
274 2462 322 2497 qni
346 2463 448 2489 nudum
469 2461 579 2497 Iosephi
605 2469 703 2490 nomen
724 2463 871 2498 praeferunt
892 2465 995 2499 absque

210 2507 264 2533 alio
275 2507 364 2538 titulo.
383 2506 494 2542 Iosephi
519 2507 600 2542 hujus
614 2508 699 2534 nostri
716 2507 789 2535 sint:
807 2516 887 2543 quem
914 2509 994 2537 etiam

212 2552 362 2587 intelligere
374 2552 480 2580 videtur
494 2551 548 2580 Leo
561 2552 676 2580 Allatius
686 2553 714 2579 in
728 2561 777 2580 sua
791 2554 824 2581 de
838 2553 994 2582 Graecorum

210 2597 286 2625 libris
310 2598 511 2630 dissertatione,
540 2598 652 2633 quando
678 2598 826 2634 Iosephum
862 2599 994 2627 Melodum

210 2643 344 2670 nominat.
361 2643 496 2678 Episcopo
523 2643 761 2672 Thessalonicensi
787 2646 915 2681 imputari
931 2655 995 2682 pos-

210 2693 274 2716 sunt
289 2689 334 2716 alii
359 2690 405 2724 qui
434 2689 563 2718 dicuntur
578 2689 625 2716 τοῦ
643 2689 728 2726 mpm?
752 2691 866 2727 Ἰωσὴφ,
891 2692 994 2721 domini

209 2733 319 2769 Iosephi
334 2743 341 2761 :
360 2735 418 2762 haec
430 2735 503 2762 enim
520 2735 632 2763 honoris
649 2736 796 2771 appellatio
810 2737 923 2765 denotat
934 2746 996 2774 gra-

209 2778 273 2806 dum
289 2780 407 2815 aliquem
425 2780 646 2808 eminentiorem.
673 2781 805 2810 Fatemur
831 2789 922 2812 tamen
939 2792 993 2812 non

209 2825 246 2851 ita
274 2827 379 2852 lit-mam
405 2833 465 2853 eam
492 2827 678 2861 conjecturam
707 2828 804 2861 videri,
834 2830 900 2865 quin
917 2832 993 2858 varia

212 2872 316 2906 possint
333 2876 427 2900 contra
445 2880 504 2900 eam
530 2874 640 2908 opponi,
662 2882 723 2910 qute
739 2875 898 2911 ambiguum
917 2876 993 2912 judi-

389 2917 510 2950 PATROL
536 2920 594 2950 Gn.
618 2920 678 2951 CV.

1086 2287 1130 2314 1-2.
1148 2286 1208 2320 Quo
1219 2295 1292 2314 anno
1304 2288 1466 2317 Christianae
1479 2296 1540 2317 atrae
1550 2295 1577 2318 et
1589 2291 1677 2320 aetatis
1694 2300 1750 2321 suae
1765 2301 1835 2322 mor-

1050 2338 1114 2360 tuus
1131 2333 1167 2361 sit
1177 2333 1232 2367 llic,
1249 2334 1284 2361 de
1300 2341 1356 2369 quo
1385 2335 1503 2370 agimus,
1524 2335 1672 2372 Iosephus,
1697 2346 1832 2374 nusquam

1047 2378 1202 2413 exprimunt
1216 2378 1283 2406 Acta
1300 2388 1307 2408 :
1326 2384 1430 2407 tantum
1442 2388 1470 2408 n.
1486 2381 1520 2409 57
1533 2382 1670 2417 inquiunt,
1689 2383 1736 2412 diu
1753 2385 1829 2412 illum

1047 2425 1075 2452 in
1092 2425 1146 2452 vita
1176 2425 1328 2459 duravisse,
1349 2430 1376 2453 et
1395 2431 1505 2461 propter
1520 2435 1615 2462 graves
1633 2430 1660 2456 in
1671 2437 1703 2457 ea
1727 2430 1833 2460 labores

1046 2471 1205 2498 diuturnum
1231 2471 1339 2499 censeri
1359 2472 1461 2500 debere
1477 2474 1644 2502 sustinuisse
1660 2478 1829 2512 martyrium.

1046 2515 1126 2543 Num.
1147 2521 1237 2543 autem
1252 2516 1433 2550 “dixerant,
1459 2519 1532 2553 quod
1553 2518 1700 2549 Dominit-ae
1721 2521 1831 2550 Passio-

1049 2562 1092 2589 nis
1103 2569 1200 2596 magna
1216 2569 1249 2589 ac
1264 2563 1412 2590 venerabili
1427 2562 1578 2592 Parasceve
1598 2565 1726 2599 instante,
1750 2568 1834 2594 disci-

1047 2607 1140 2641 pulum
1156 2614 1254 2640 suum,
1278 2611 1305 2635 et
1328 2608 1450 2636 ecclesiae
1475 2611 1665 2644 possessiones
1692 2612 1718 2638 in
1740 2613 1832 2641 libel'o

1046 2651 1198 2687 descriptas
1224 2653 1354 2680 obtulerit
1383 2658 1411 2681 et
1438 2655 1637 2684 commendarit
1663 2656 1759 2684 Photio
1784 2665 1832 2691 pa-

1047 2697 1182 2728 triarchze,
1208 2697 1275 2725 nihil
1303 2698 1417 2726 ulterius
1433 2700 1589 2735 exprimens
1604 2709 1611 2728 :
1624 2708 1678 2735 quo
1696 2701 1767 2729 facto
1780 2702 1832 2728 im-

1046 2742 1193 2770 minentem
1205 2743 1256 2771 sibi
1268 2744 1370 2772 exitum
1384 2747 1566 2781 praesignasse
1576 2747 1756 2775 declaravcrit
1766 2755 1830 2776 mox

1047 2787 1282 2817 vehementissima
1310 2789 1406 2824 febris,
1432 2800 1494 2827 quas
1514 2793 1601 2828 eidem
1615 2792 1709 2821 fecerit
1722 2793 1831 2823 vivendi

1043 2833 1137 2866 ﬁnem,
1153 2838 1180 2861 et
1195 2834 1337 2870 (quantum
1351 2844 1383 2864 ex
1399 2842 1531 2865 contextu
1548 2829 1639 2874 collisi
1655 2839 1746 2876 datur)
1761 2848 1830 2876 pan-

1045 2886 1138 2908 corum
1158 2881 1271 2910 omnino
1288 2882 1393 2910 dierum
1419 2883 1508 2912 fuerit.
1523 2884 1597 2912 Hinc
1610 2892 1692 2919 purro
1708 2888 1829 2916 animum

1613 2931 1653 2963 30
