2077 3157
242 154 294 186 939

810 153 841 183 S.
861 152 950 183 JOSE
956 153 1019 182 PIII
1038 153 1321 183 HYMNOGRAPIII

1821 155 1875 187 946

240 215 344 240 circum
363 216 474 245 agentes
485 218 533 245 per
555 214 618 236 octo
634 210 694 236 ilios
714 217 812 242 annos,
840 217 910 244 quos
925 211 1030 245 lgnatio
1045 216 1065 242 Α
1082 211 1185 246 expulit
1199 219 1213 238 c
1229 212 1328 246 patria,
1349 218 1402 238 non
1433 210 1527 245 paucis
1549 209 1628 238 annis
1647 211 1766 245 priorem
1789 211 1875 241 fuisse

240 263 350 285 mortuo
366 257 479 283 Photius
498 256 524 282 in
541 255 725 289 patriarchatu
753 255 858 288 habuit,
881 261 1028 291 antequam

240 311 312 330 anno
327 302 379 330 888
403 301 533 336 dignitate
559 301 602 327 illa
623 302 794 335 privaretur;
811 306 837 329 ct
863 311 966 330 annum
986 311 1030 329 re-

239 348 389 382 quirentes,
418 346 463 380 qui
484 345 654 372 Parasueven
684 345 821 378 habuerit,
851 354 939 382 neque
967 353 1028 382 post

240 394 348 420 tertium
360 393 432 419 diem
447 392 558 426 Aprilis,
569 399 623 426 quo
636 398 773 419 mortuum
788 393 925 421 credimus
941 393 969 421 S.
983 393 1030 421 Jo—

239 439 370 474 st-phum;
402 446 489 471 ncqtte
512 438 615 464 tamdiu
648 443 722 469 ante.
741 444 770 465 ut
795 439 866 466 inter
899 439 986 474 ipsatn
1003 444 1030 466 et

237 487 307 512 diem
328 485 423 512 mortis
439 485 571 519 longioris
588 486 721 520 temporis
738 487 822 512 statui
839 485 951 518 debeat;
967 486 1029 512 nul-

237 533 279 558 lus
299 531 423 559 occurrit
458 532 640 565 opportunior
665 539 765 565 annus,
794 539 876 566 quam
897 532 959 563 885,
981 531 1028 566 qui

236 578 406 606 Parasceven
422 578 457 605 Ἠ)
478 578 566 606 Martii
592 579 696 609 habuit.
719 585 744 606 et
763 584 861 613 quarta
890 580 957 606 feria
977 579 1027 606 Pa-

236 625 337 652 schalis
347 625 522 652 hebdomadis:
533 625 603 652 diem
613 626 630 652 5
640 626 750 660 Aprilis.
763 625 841 657 Nam,
853 626 875 653 si
891 633 964 652 anno
975 627 1028 654 880

236 675 361 698 mortuus
381 675 455 698 esset
484 670 630 705 Josephns,
657 676 782 698 mortuus
805 677 879 698 esset
892 671 952 706 ipso
977 672 1022 698 die

235 717 366 747 Paselue;
384 717 464 743 talem
490 722 581 744 autent
608 723 718 752 tamque
743 717 890 744 notabilem
909 717 1028 745 festivis-

235 764 312 789 simae
339 763 392 789 diei
423 763 676 794 circumStanliam,
699 771 883 798 nequaquam,
913 764 935 790 si
963 771 1024 791 vera

233 810 341 839 fuisset,
359 809 498 836 omisisset
513 809 668 843 exprimere
684 814 780 836 auctor
797 809 874 836 Vitae.

269 855 311 881 «δ.
331 853 399 881 llinc
414 862 496 888 porro
515 855 548 881 de
575 858 654 881 :etate
671 854 824 887 coniectare
840 854 941 888 possis,
958 862 1022 882 eum

232 901 278 935 qui
295 901 385 928 Leone
401 900 522 928 Armeno
538 901 755 934 persecutionem
771 901 928 936 incipiente,
944 901 969 927 id
983 905 1027 928 cst

232 955 305 973 anno
317 954 378 974 tera:
393 947 513 981 vulgaris
530 947 581 974 8M
593 946 648 981 jam
663 947 804 982 presbyter
820 947 954 979 initiatus,
969 946 1024 974 Ro-

232 1000 319 1020 manm
335 993 463 1028 legationi
477 993 652 1027 jndicahatur
669 993 793 1025 idoneus,
809 998 890 1027 atque
908 993 977 1020 adeo
995 998 1025 1020 ut

233 1037 375 1064 minimum
388 1037 551 1064 tricenarius
567 1042 635 1068 erat,
651 1037 721 1064 haud
738 1037 853 1064 multum
870 1037 991 1065 abfuisse
1007 1045 1022 1065 a

230 1083 398 1116 centenario,
413 1083 523 1118 quando
534 1090 547 1109 a
559 1083 664 1110 mortali
677 1083 728 1110 hac
738 1083 792 1109 vita
807 1082 841 1110 ad
854 1083 1023 1112 immortales

234 1128 355 1163 Superos
383 1128 500 1155 transiit.
532 1127 631 1155 Eadem
660 1129 766 1155 ratione
797 1129 911 1164 intelligi
940 1129 1022 1157 datur

234 1174 306 1200 illam
325 1173 506 1201 Barbarorum
537 1173 721 1201 incursionem
753 1174 779 1201 in
810 1174 942 1208 Siciliam,
959 1182 1021 1210 qua:

230 1219 378 1255 Joscphum
397 1228 458 1248 cum
471 1225 557 1248 matre
571 1220 753 1256 fratrihusquc
766 1221 791 1248 in
801 1220 1018 1256 Peloponnesum

1082 256 1205 284 luctuoso
1235 257 1281 283 illo
1301 261 1434 291 tempore,
1470 263 1525 291 quo
1551 260 1612 290 post
1637 255 1737 283 Leonis
1761 256 1872 285 Armeni

1080 303 1192 335 rmdcm,
1211 312 1220 328 ι
1237 302 1368 330 Michaele
1382 301 1514 329 adversus
1532 301 1658 329 rebellem
1675 300 1809 329 Thomam
1827 310 1873 330 oc-

1081 353 1189 383 cupato,
1215 353 1242 376 et
1256 356 1365 376 onmem
1394 348 1475 376 aliam
1499 356 1594 376 curam
1611 349 1675 375 huic
1700 349 1779 376 unice
1796 353 1873 384 post-

1082 398 1210 427 ponentc,
1222 394 1313 426 Creta,
1327 393 1420 421 Sicilia
1434 398 1461 420 et
1474 393 1569 420 insulae
1579 393 1712 428 Cyclades
1721 400 1737 420 a
1749 393 1874 420 Reinano

1081 439 1195 474 imperio
1211 440 1334 467 rescissa
1346 443 1410 467 sunt
1424 460 1430 472 ,
1451 448 1460 465 ι
1475 444 1503 466 ut
1517 439 1612 466 scribit
1627 438 1680 466 Leo
1706 438 1873 466 Grammati-

1081 493 1142 512 cus.
1158 485 1259 519 Nempe
1275 485 1386 512 Barbari
1404 485 1453 518 illi,
1477 485 1601 520 piraticis
1625 485 1788 512 excursibus
1805 493 1873 520 pra:-

1081 531 1129 558 das
1146 535 1208 558 ante
1221 531 1246 558 id
1263 536 1369 566 tempus
1384 531 1504 559 contenti
1521 539 1613 566 agere,
1635 536 1701 558 tune
1725 532 1806 571 etiam
1824 532 1871 558 lir-

1081 584 1139 603 mas
1155 584 1226 604 novo
1241 576 1392 603 dominatui
1408 576 1486 604 sedes
1501 577 1527 603 in
1554 575 1649 603 iisdem
1666 575 1764 603 insulis
1779 576 1872 610 acqui-

1080 623 1162 649 sierc.
1185 622 1262 655 Quod
1295 626 1384 650 autent
1405 622 1557 649 Barbariem
1573 622 1653 650 etiam
1679 630 1760 650 naves
1787 622 1873 650 fuisse

1079 670 1218 700 dicantur.
1238 676 1297 702 quite
1312 668 1371 696 vela
1386 668 1499 696 Romam
1519 667 1642 696 facientis
1657 676 1768 695 cursum
1783 668 1871 696 inter-

1079 716 1169 743 cidere
1193 721 1220 743 et
1234 716 1371 750 captivum
1384 715 1411 743 in
1429 715 1538 742 Cretam
1565 722 1680 743 avexere
1694 713 1844 750 JOSrphum
1861 724 1868 743 :

1079 761 1104 789 id
1132 762 1167 789 ita
1187 763 1338 796 accipimus
1364 765 1399 788 ut.
1413 769 1474 789 eam
1494 761 1613 788 insulam
1642 768 1696 789 non
1716 761 1773 796 jam
1804 767 1871 789 tunc

1079 808 1215 835 tenuerint
1239 808 1362 840 Barbari,
1383 807 1429 834 sed
1447 811 1476 834 ut
1499 814 1516 834 a
1534 806 1634 835 Leonis
1651 807 1763 834 Armeni
1790 807 1871 834 mini-

1078 854 1141 881 stris
1153 854 1280 880 conducti
1297 853 1329 881 ad
1347 853 1437 881 scelus
1453 853 1556 888 piratae,
1575 851 1707 888 profugos
1729 852 1867 880 Constan-

1078 899 1193 935 tinopoli
1217 907 1357 926 sacrarum
1386 899 1507 927 cultores
1539 898 1688 933 imaginum
1711 898 1869 926 curaverint

1080 948 1219 974 retrahere
1232 946 1259 973 in
1279 954 1375 973 manus
1404 940 1665 979 lconomachorurn}
1683 949 1708 973 et
1719 944 1869 980 Josephnm

1078 992 1240 1020 nominatim
1257 992 1423 1019 intenderim
1438 992 1678 1027 comprehendere,
1712 999 1794 1026 quem
1813 990 1867 1018 Ro-

1079 1044 1150 1064 mam
1169 1036 1286 1071 legatum
1307 1037 1447 1071 navigare,
1479 1044 1533 1063 non
1551 1036 1640 1071 potuit
1667 1036 1781 1063 omnino
1797 1035 1867 1063 clam

1077 1083 1193 1110 haberi‘:
1206 1090 1239 1110 ex
1257 1083 1333 1110 Actis
1349 1083 1421 1110 enim
1440 1082 1585 1111 manifeste
1601 1087 1720 1115 constat,
1743 1090 1799 1110 non
1816 1081 1868 1110 Sa-

1076 1136 1202 1161 racenos,
1222 1128 1270 1156 sed
1284 1128 1585 1161 lconomachosluisse,
1599 1128 1625 1156 in
1639 1136 1757 1164 quorum
1774 1133 1868 1156 custo-

1074 1166 1254 1203 diadetentus
1264 1175 1309 1203 ille
1321 1175 1392 1211 apud
1412 1174 1522 1203 Cretam
1547 1180 1590 1204 est
1617 1179 1675 1203 toto
1698 1174 1755 1203 fere
1770 1181 1868 1203 sexen-

1074 1222 1130 1250 nio.

871 1409 1216 1469 ΙΩΑΝΝΟΥ

481 1515 656 1543 ΔιΛΚΟΝΟΥ
677 1515 745 1543 THE
765 1517 832 1544 ΤΟΥ
851 1516 943 1544 ΘΕΟΥ
962 1510 1128 1544 ΜΕΓᾹΛΗΣ
1148 1517 1350 1545 ΕΚΚΑΗΣΙΑΣ
1370 1517 1429 1545 ΚΑΙ
1450 1517 1608 1546 ΡΗΤΟΡΟΣ

990 1600 1090 1623 ΛΟΓΟΣ

262 1689 348 1733 ΕΙΣ
385 1687 496 1734 ΤΟΝ
538 1689 668 1732 ΒΙΟΝ
706 1690 820 1733 ΤΟΥ
857 1689 931 1732 ΕΝ
968 1690 1152 1734 ΑΓΙΟΙΣ
1190 1689 1408 1735 ΠΑΤΡΟΣ
1446 1691 1610 1736 ΗΜΩΝ
1648 1690 1822 1736 ΙΩΣΗΦ

871 1780 940 1809 ΤΟΥ
960 1782 1209 1811 ΥΜΝΟΙῬΔΦΟΥ.

888 1948 1190 2006 JOANNIS

561 2063 714 2093 MAGNIE
737 2062 803 2093 DEI
827 2061 1029 2093 ECCLESL/E
1050 2061 1217 2094 DIACONI
1240 2062 1292 2092 ET
1316 2061 1519 2093 ORATORIS

984 2142 1091 2167 SERMO

346 2236 408 2280 ΙΝ
455 2235 645 2281 VITAM
682 2235 729 2280 S.
769 2235 823 2278 Ρ.
864 2235 922 2279 Ν.
962 2234 1020 2281 JC

1074 2234 1214 2279 EPHI
1257 2233 1727 2280 HYMNOGRAPHI.

469 2331 517 2363 (Ex
529 2338 576 2356 ms,
590 2332 676 2356 codice
689 2330 804 2356 biblioth.
817 2329 908 2361 \'atic.,
921 2329 1012 2355 collato
1024 2337 1080 2356 cum
1099 2338 1143 2356 ms.
1159 2330 1242 2356 Sicqu
1254 2331 1399 2355 monasteril
1412 2330 1438 2354 S.
1453 2330 1608 2362 Salvatotis.)

751 2404 887 2435 Interprete
901 2402 1022 2429 Ludovico
1044 2403 1192 2433 Mummio,
1206 2403 1316 2429 Incensi.

257 2554 281 2581 l.
293 2552 389 2580 Omnis
397 2553 505 2589 quidem
523 2553 645 2580 virorum
659 2553 759 2580 virtute
768 2553 943 2588 przeditorum
955 2554 1010 2582 vita

1100 2558 1134 2582 α’.
1152 2555 1207 2583 Καὶ
1222 2555 1295 2587 ἅπας
1307 2555 1356 2590 μὲν
1374 2555 1431 2590 βίος
1447 2554 1503 2581 τῶν
1524 2555 1669 2590 ὲναρέτων,
1684 2555 1733 2592 τὴν
1747 2557 1854 2592 ἐρῶσαν

217 2600 340 2627 animum
356 2599 464 2626 virtutis
476 2604 613 2626 amantem
643 2599 676 2626 ad
696 2599 875 2626 imitationem
896 2600 1003 2633 invitat,

216 2652 242 2675 cl
252 2645 403 2674 honestatis
419 2645 537 2673 amicum
562 2645 595 2673 ad
612 2653 671 2673 eam
685 2653 734 2680 pro
755 2645 860 2674 viribus
874 2646 1006 2674 aemulan-

217 2694 278 2720 dam
289 2692 428 2728 compellit
443 2702 449 2720 :
465 2693 488 2720 si
507 2700 572 2720 vero
587 2692 668 2719 etiam
681 2699 771 2720 sermo
786 2691 868 2719 vitam
880 2696 1004 2723 exornet.

216 2747 242 2767 et
263 2741 486 2774 practicumcum
511 2739 680 2775 speculativo
704 2738 911 2774 intelligiblliter
937 2746 1005 2766 con-

217 2787 318 2819 veniat,
332 2786 507 2821 perfectionis
522 2786 675 2814 studiosum
695 2793 742 2821 per
762 2785 819 2813 btec
833 2786 888 2813 duo
903 2786 1004 2813 excitat

215 2831 248 2857 ad
278 2831 432 2859 sedulitatis
458 2831 663 2866 expressionem
687 2839 696 2858 :
730 2838 886 2866 quanquam
918 2831 1001 2859 etiam

214 2875 270 2903 vita
284 2876 342 2904 sola
360 2877 410 2910 illi,
425 2877 470 2912 qui
485 2877 572 2905 currit
591 2876 625 2905 ad
648 2883 763 2912 scopum
783 2883 908 2912 superna!
924 2883 1003 2905 voca-

1061 2602 1151 2636 ψυχὴν
1167 2602 1267 2637 ἀρετῆς
1286 2601 1352 2636 πρὸς
1366 2600 1482 2636 μίμησιν
1497 2600 1664 2634 ἐκκαλεῖται,
1692 2603 1740 2629 καὶ
1754 2602 1853 2638 ζηλοῦν

1061 2647 1211 2681 ἀναγκάζει
1227 2646 1297 2673 κατὰ
1306 2645 1422 2680 δύναμιν
1434 2645 1478 2672 τὸν
1494 2646 1652 2680 φιλόκαλον⁵
1667 2647 1692 2673 εἰ
1704 2647 1732 2674 δὲ
1746 2648 1794 2674 καὶ
1809 2649 1853 2675 λό-

1061 2700 1108 2726 γος
1120 2692 1166 2718 τὸν
1185 2691 1241 2726 βίον
1259 2691 1385 2718 καλλύνει
1396 2712 1404 2723 ,
1416 2691 1463 2718 καὶ
1476 2691 1506 2717 τὸ
1521 2691 1675 2726 πρακτικὸν
1694 2692 1733 2727 τῷ
1747 2691 1852 2728 θεωρη-

1060 2738 1129 2773 τικῷ
1143 2738 1244 2774 νοερῶς
1258 2736 1434 2770 συνδυάζεται
1444 2737 1489 2764 τὸν
1499 2737 1662 2773 ὀρεγόμενον
1672 2737 1850 2773 τελειότητος,

1060 2785 1095 2811 δι’
1107 2784 1250 2821 ἀμφότερα
1262 2784 1348 2811 ταῦτα
1358 2784 1501 2820 διερεθίζει
1511 2784 1579 2820 πρὸς
1591 2784 1639 2820 τὴν
1649 2785 1699 2819 τῆς
1710 2785 1852 2820 ἀκριϐείας

1057 2830 1222 2859 ὲκτύπωσιν.
1240 2831 1337 2858 Καίτοι
1353 2839 1384 2865 γε
1398 2829 1445 2858 καὶ
1463 2830 1520 2865 βίος
1538 2830 1618 2865 μόνος
1629 2830 1710 2866 ἀρκεῖ
1723 2831 1762 2865 τῷ
1780 2832 1850 2857 κατὰ

1058 2877 1158 2906 σκοπὸν
1182 2877 1232 2913 τῆς
1256 2878 1313 2906 ἄνω
1336 2876 1458 2913 κλήσεως
1482 2876 1622 2912 τρέχοντι,
1641 2875 1690 2913 τὴν
1710 2876 1851 2910 βασιλείαν
