2077 3157
228 188 278 219 941

995 192 1093 223 νΙΤᾹ.

1799 205 1851 237 942

227 246 281 272 τῶν
292 245 416 281 οὐρανῶν
442 246 606 282 προξενῆσαι
635 248 682 274 καὶ
695 248 742 284 τὴν
758 249 791 276 δι’
809 249 905 282 αἰῶνος
924 259 1001 285 μακα

1067 251 1159 283 tionis,
1183 252 1292 280 cmlcste
1314 260 1428 289 regnum
1454 262 1536 292 atque
1565 264 1693 288 aeternam
1713 261 1843 293 beatitndi

227 292 347 327 ριότητα.
365 291 402 318 Οὐ
421 293 473 327 μὴν
487 292 554 319 ἀλλὰ
567 294 613 320 καὶ
631 293 708 328 λόγος
721 294 760 330 τῷ
775 295 825 330 βίῳ
841 296 1013 331 συνημμένος

225 337 405 372 κατάλληλος,
422 338 507 365 Λυδία
522 338 594 370 λίθος
611 340 707 373 ὁρᾶται
725 340 759 366 τὰ
779 340 833 367 τῶν
858 341 946 368 ἄλλων
960 341 1012 376 ἢθη

227 382 379 417 βασανίζων
393 383 494 415 καλῶς,
509 383 554 410 καὶ
564 383 608 410 διὰ
618 384 667 419 τῆς
680 385 846 427 χάριτοῆτὸν
858 386 931 420 αὐτῷ
946 388 1014 421 μετὰ

224 428 327 463 τρόπου
352 429 550 464 κοσμούμενον,
568 430 659 456 κοινὸν
683 431 822 466 προτιθεὶς
846 433 902 460 τοῖς
922 432 1012 467 βουλο-

227 474 317 508 μένοις
334 474 495 510 ἀρχέτυπον.
509 475 635 502 Τοιοῦτον
650 474 708 502 οῖδα
721 477 768 503 καὶ
789 477 900 512 Ἰωσὴφ,
915 478 961 505 τὸν
984 479 1012 504 ὲν

224 520 315 551 πόνοις
333 520 385 552 μὲν
397 521 597 554 γενναιότατον,
609 522 639 548 ὲν
648 522 671 548 δ’
683 522 795 558 ἀρεταῖς
809 524 1010 559 ἁπαράμιλλον,

223 564 262 600 τῷ
277 564 305 591 δὲ
322 565 442 600 περιόντι
461 566 507 592 τοῦ
521 566 601 600 λόγου
616 568 672 599 τοῖς
686 567 818 595 ἀνέκαθεν
833 569 931 603 ἁγίοις,
941 571 1011 597 κατά

221 609 272 644 τὴν
285 608 431 644 δεδομένην
450 610 525 645 παρά
539 611 586 637 τοῦ
601 611 761 647 Πνεύματος
777 612 892 648 δύναμιν
903 634 910 646 ,
946 615 1010 649 μελ-

223 654 338 689 ῳδιχοὺς
354 655 539 691 ὑμνητηρίους
553 657 798 693 ὲμπαρενείροντα.

258 783 289 819 β’.
307 783 406 811 Τοῦτον
427 784 481 811 ἔδει
497 786 534 820 μὴ
554 787 745 823 παραδραμεῖν
766 789 812 815 τὸν
826 790 946 826 ἐραστὴν
962 791 1008 818 τοῦ

219 828 319 863 λόγου,
347 829 393 855 καὶ
414 830 444 856 τὸ
467 830 560 865 περιὸν
585 831 636 866 τῆς
660 833 759 868 ἀρετῆς
782 833 1008 870 δυσωπούμενον,

220 875 276 901 ἀλλ’
293 874 307 900 ὃ
332 875 434 906 ἐκεῖνος
457 877 485 901 ἐν
501 876 589 908 ἄλλοις
609 877 715 909 πολλοῖς
737 879 911 913 ὲκτετέλεκε,
930 881 1009 909 τοῦτο

220 921 328 953 πάντως
341 920 433 948 λαϐεῖν
450 922 525 956 παρὰ
538 922 587 956 τῆς
599 922 678 958 ἡμῶν
692 925 894 960 ταπεινότητος.
911 927 942 954 Εἰ
955 927 1010 962 γὰρ
1027 933 1047 960 Β

218 967 266 993 καὶ
282 967 330 1001 οὐχ
354 966 453 1002 ὡραῖος
477 966 570 1002 ὕμνος,
587 970 659 995 κατὰ.
678 969 724 996 τὸν
746 969 953 1009 Ὑμνογράφον,
977 974 1007 1000 ἐν

219 1012 336 1048 στόματι
351 1013 397 1039 τοῦ
412 1014 576 1048 ἀμαρτωλοῦ
587 1035 594 1046 ,
611 1014 681 1049 πλὴν
697 1015 754 1042 ἀλλ’
774 1017 790 1051 ἡ
806 1017 945 1053 προθυμία
960 1020 1007 1046 καὶ

216 1059 247 1084 τὸ
262 1056 322 1090 ζέον
338 1059 386 1093 τῆς
404 1058 552 1090 διαθέσεως
567 1059 639 1092 ἕλξει
655 1060 700 1086 τὸν
715 1061 923 1097 εὐφημούμενον
938 1066 1006 1100 πρὸς

216 1105 246 1132 τὸ
257 1105 291 1132 τὰ
308 1105 367 1132 λιτᾶ
385 1105 469 1132 ταῦτα
484 1107 531 1132 καὶ
547 1107 662 1141 πενιχρὰ
674 1107 874 1142 παραδέξασθαι
887 1116 894 1123 ·
908 1111 938 1136 οὐ
952 1111 1006 1146 γὰρ

215 1149 246 1175 τὸ
266 1147 323 1176 ἴσον
345 1150 520 1185 ἀντιζητήσει
544 1152 619 1185 παρὰ
638 1151 686 1186 τῆς
713 1152 793 1187 ἡμῶν
813 1153 1003 1190 οὐθενότητος·

216 1191 256 1225 οἷς
273 1195 328 1230 γὰρ
343 1195 413 1222 κατὰ
428 1195 477 1230 τὴν
492 1197 637 1231 ἀναλογίαν
655 1198 679 1224 οὶ
696 1197 749 1232 βίοι
774 1199 845 1225 κατὰ
861 1199 1006 1237 διάμετρον

215 1240 404 1275 ἀφεστήκασι,
419 1241 522 1273 τούτοις
535 1243 674 1277 ἀναλόγως
688 1245 734 1270 καὶ
753 1246 766 1271 ὀ
782 1245 860 1279 λόγος
875 1247 1005 1282 ἀποσχοι-

215 1285 328 1317 νίζεται.
346 1286 462 1322 Λαλήσω
476 1287 541 1321 γοῦν
558 1289 632 1322 παρὰ
646 1289 726 1324 μέλος
744 1290 781 1325 τῷ
796 1292 829 1318 τὰ
843 1292 899 1319 τῶν
917 1293 1005 1320 ἄλλων

214 1332 343 1366 ἐμμελῶς
358 1332 551 1369 μελῳδήσαντι·
570 1334 584 1360 ὁ
601 1333 629 1360 δὲ
644 1336 694 1370 τὴν
709 1336 768 1370 ἴσην
780 1337 858 1372 χάριν
874 1339 950 1370 εἰδὼς
967 1340 1004 1375 μὴ

214 1375 355 1412 παροῦσαν
370 1375 408 1411 τῷ
425 1377 570 1411 γράψαντι,
594 1379 701 1414 γυμνὴν
721 1381 769 1416 τὴν
786 1382 940 1417 προθυμίαν
955 1385 1004 1418 τῆς

214 1421 324 1456 χάριτος
360 1421 537 1454 ἀποδέξεται·
562 1423 623 1450 ἐπεὶ
645 1424 711 1459 μηδὲ
740 1426 779 1460 τῷ
794 1426 841 1452 τοῦ
859 1428 1003 1462 προσώπου

214 1466 310 1497 κάλλος
325 1468 422 1502 κομιδῇ
433 1467 491 1494 ἀπὸ.
499 1468 547 1503 τῆς
558 1469 665 1503 φύσεως
677 1470 765 1506 ἔχοντι
781 1475 1003 1507 περισπούδαςτα

212 1511 247 1537 τὰ
270 1511 368 1544 ἔξωθεν
393 1513 594 1547 ὲπιτρίμματα.
622 1513 782 1542 Τοὺναντίον
809 1518 858 1552 μὲν
886 1518 932 1545 οὖν
956 1521 1003 1547 καὶ

212 1559 388 1592 καταχραίνοι
406 1557 435 1584 τὸ
457 1557 650 1593 ὼραιὸμορφον
673 1561 686 1586 ὀ
708 1563 927 1598 περιστιμμίξων
946 1566 1002 1597 τοῖς

211 1612 346 1638 χρωμασι.

1067 304 1126 324 nem
1148 297 1314 327 sufﬁcienter
1326 302 1454 335 acquirit.
1473 302 1663 334 Verumtamen
1682 315 1773 336 sermo
1785 318 1855 345 quo-

1066 350 1119 377 que
1129 347 1223 371 nnttuo
1238 352 1307 371 nexu
1324 346 1386 373 vitm
1402 349 1576 382 coniunctus.
1594 351 1679 388 Lydio
1696 354 1780 389 lapidi
1793 365 1854 392 per.

1065 390 1163 416 similis
1177 395 1219 417 cst
1238 400 1244 418 :
1264 399 1325 418 nam
1345 394 1461 420 aliorum
1477 397 1622 430 qualitates
1645 400 1746 434 optime
1761 403 1855 436 probat

1065 442 1097 461 ac
1120 442 1219 468 mores,
1236 440 1262 463 et
1292 443 1434 471 propterea
1463 441 1557 474 gratim
1589 443 1673 476 illius,
1704 453 1764 480 quae
1792 456 1853 476 cum

1064 485 1136 507 certa
1151 482 1258 508 ratione
1280 483 1306 509 in
1325 490 1359 510 eo
1374 485 1490 520 refulget
1502 507 1509 519 ,
1538 489 1713 525 archetypum
1733 499 1854 522 commu-

1064 535 1125 554 ncm
1140 527 1295 556 volentibus
1308 531 1443 564 proponit.
1459 531 1552 561 Talem
1580 535 1685 564 alIirmo
1707 537 1793 567 fuisse
1807 540 1854 567 1ο-

1063 572 1189 607 sephum,
1206 573 1232 600 in
1250 574 1391 603 laboribus
1403 579 1656 613 generosissimum,
1671 582 1698 609 in
1709 580 1854 614 virtutibus

1063 617 1285 652 insuperabilem,
1313 621 1358 654 qui
1386 622 1564 651 suavissimas
1580 627 1735 659 cautiones,
1757 636 1848 657 secun.

1061 661 1125 689 dum
1147 664 1303 692 facultatem
1322 667 1375 694 sibi
1403 675 1418 694 a
1439 669 1542 703 Spiritu
1564 677 1659 700 sancto
1675 674 1814 710 tributam,
1827 677 1854 705 in

1061 707 1194 735 honorem
1221 711 1431 743 praecedentium
1448 720 1621 746 ‘sa-nctorum
1652 726 1686 746 ex
1718 724 1853 751 sermonis

1061 753 1139 787 copia
1155 760 1181 781 et
1197 755 1319 783 ubertate
1333 760 1497 793 composuit.

1095 799 1121 825 ‘2.
1153 798 1231 827 Hunc
1262 802 1373 830 minime
1401 804 1513 833 decebat
1549 809 1689 842 praeterire
1716 814 1853 842 sermonis

1061 850 1223 879 amatorem,
1239 847 1346 876 etiamsi
1372 850 1507 885 quispiam
1533 853 1568 880 ob
1582 854 1692 884 virtutis
1711 857 1853 887 abundan-

1061 891 1126 917 tiam
1144 892 1278 920 confusus
1298 894 1415 922 haereret
1436 905 1444 923 :
1470 898 1517 925 sed
1543 900 1615 934 quod
1640 901 1685 929 ille
1707 903 1735 930 in
1758 905 1852 933 multis

1060 936 1121 964 aliis
1150 937 1214 965 fecit
1231 959 1239 971 ,
1261 939 1313 967 hoc
1340 942 1452 970 otnnino
1482 946 1662 974 conveniebat
1683 949 1808 977 eumdem
1835 958 1852 978 a

1061 985 1156 1009 nostra
1174 983 1327 1012 humilitate
1343 987 1474 1022 recipere.
1493 987 1568 1017 Licet
1581 992 1652 1017 enim
1666 991 1744 1027 juxta
1768 993 1852 1029 Hym-

1057 1030 1189 1064 nographi
1205 1030 1321 1063 dictum,
1334 1041 1386 1060 non
1400 1034 1435 1060 sit
1463 1035 1585 1070 speciosa
1605 1038 1663 1066 laus
1683 1039 1710 1066 in
1728 1047 1776 1068 ore
1786 1048 1851 1077 pec-

1058 1073 1168 1106 catoris,
1197 1079 1316 1103 attamen
1334 1083 1476 1113 promptus
1502 1080 1646 1116 alaeerque
1672 1084 1797 1118 animus,
1824 1090 1852 1116 et

1058 1117 1165 1146 fervens
1188 1120 1303 1149 affectus
1320 1123 1421 1150 alliciet
1441 1132 1523 1158 eum,
1553 1128 1599 1162 qui
1626 1128 1753 1159 laudibus
1779 1131 1850 1160 cele-

1057 1163 1150 1191 bratur
1165 1167 1197 1192 ad
1218 1167 1275 1195 ha'c
1290 1173 1384 1196 nostra
1407 1171 1503 1205 exigua
1519 1172 1637 1208 viliaque
1661 1177 1847 1212 suscipienda.

1057 1209 1115 1237 Non
1129 1212 1201 1238 enim
1214 1213 1288 1245 paria
1299 1216 1389 1250 exiget
1402 1224 1417 1243 a
1433 1221 1524 1245 nostra
1537 1219 1722 1250 intbecillitate
1733 1226 1846 1256 ;ctenim

1055 1257 1150 1283 eadem
1163 1260 1340 1293 proportione
1356 1262 1433 1289 debet
1458 1264 1573 1299 singulis
1597 1274 1688 1295 sermo
1707 1269 1790 1298 dlvidi
1815 1279 1848 1299 ac

1056 1300 1195 1335 distribui,
1212 1312 1264 1338 qua
1280 1313 1374 1333 eorum
1389 1308 1441 1335 vita
1462 1316 1510 1343 per
1521 1304 1685 1340 diametrum
1700 1315 1791 1343 differt
1815 1324 1847 1344 ac

1056 1353 1210 1381 svparatur.
1241 1349 1348 1385 Loquar
1378 1353 1460 1387 igitur
1483 1355 1649 1386 inconcinne
1667 1359 1702 1387 de
1730 1368 1774 1394 eo,
1799 1363 1846 1396 qui

1054 1393 1170 1420 aliorum
1196 1394 1265 1422 facta
1288 1397 1453 1426 suavissimo
1471 1407 1558 1428 metro
1574 1405 1738 1438 composuit.
1759 1406 1846 1435 Porro

1055 1438 1098 1465 ille
1126 1439 1196 1467 idem
1212 1461 1219 1474 ,
1244 1443 1289 1476 qtti
1306 1445 1382 1471 novit
1398 1452 1466 1472 'non
1491 1444 1622 1482 aequalem
1641 1451 1757 1484 gratiam
1776 1453 1844 1480 mihi

1056 1483 1187 1512 scribenti
1205 1487 1300 1514 adesse
1314 1492 1396 1523 atque
1411 1489 1462 1524 ipsi
1483 1492 1587 1525 aderat,
1621 1483 1722 1523 nudam
1752 1498 1845 1532 gratia:

1054 1529 1297 1563 prmnptitudinem
1315 1537 1399 1567 atque
1415 1535 1534 1563 alacrem
1549 1537 1675 1567 affectum
1691 1529 1821 1577 suscipiet
1835 1553 1843 1572 :

1055 1574 1276 1609 quandoquidem
1291 1585 1380 1612 neque
1394 1579 1450 1612 ille,
1468 1581 1516 1616 qui
1533 1590 1546 1609 a
1563 1588 1659 1612 natura
1675 1574 1844 1623 vultus-pul-

1051 1617 1234 1647 chritudinem
1253 1623 1594 1659 possidct'eximiam,non
1621 1629 1648 1657 in
1677 1633 1842 1662 extrinsecis

1253 1651 1260 1656 Ι
1426 1651 1431 1652 ,
1463 1651 1594 1659 ,_v_t,..-..
1621 1651 1648 1657 ...
1678 1651 1842 1662 νιιιιιισυιιυ

211 1651 402 1685 ωροιὶηιθιιιίς
426 1655 508 1685 atque
547 1652 743 1681 aifricamcntis
782 1654 889 1683 laborat
917 1666 924 1685 :
947 1660 994 1694 qui
1015 1669 1081 1690 Vero
1112 1667 1239 1702 opposito
1258 1670 1339 1697 modo
1361 1665 1500 1706 se-‘habet,
1531 1674 1626 1704 formae
1642 1677 1767 1707 decorem
1793 1689 1842 1718 ap-

211 1700 295 1718 ,ὶίηπίι
333 1703 358 1718 ρο
381 1699 638 1718 ρίι-ικιιηιηηαίιηνιιηι
667 1701 789 1718 Ιηιιηνιίιη
819 1703 889 1718 r"""'
917 1713 1023 1718 ““""'
1051 1712 1068 1718 “⁹

211 1700 309 1733 pingit,
333 1703 361 1726 et
381 1699 638 1734 circumpositorum
667 1701 789 1729 colorum
819 1703 892 1732 fucat
916 1712 1094 1740 ornamentis,

246 1742 281 1777 γ’.
296 1744 427 1778 Θεοφάνει
442 1745 492 1780 μὲν
506 1743 552 1772 οὖν
564 1754 634 1780 τινι,
652 1747 698 1773 τοῦ
713 1749 786 1784 ἱεροῦ
804 1751 1002 1789 πρεσδυτερίου

210 1788 353 1824 ὴξιωμένῳ
369 1791 415 1817 καὶ
430 1790 468 1825 τῷ
482 1791 626 1827 καταλόγῳ
643 1793 825 1831 ἦριομημένῳ
845 1798 900 1824 τῶν
918 1808 1001 1834 μονα-

209 1836 276 1870 χῶν,
290 1836 304 1862 ὀ
319 1836 377 1870 βίος
398 1836 474 1864 τοῦδε
492 1837 539 1864 τοῦ
559 1839 695 1874 μακαρίου
714 1843 865 1876 πεπόνηται
877 1852 884 1860 ο
900 1845 930 1872 οὺ
946 1847 999 1882 μὴν

209 1881 277 1908 ἀλλὰ
295 1882 470 1917 παρέδραμεν
489 1882 584 1909 τοῦτον
602 1884 706 1917 πολλὰ,
723 1886 764 1913 ὅτι
787 1889 858 1915 κατὰ
881 1891 999 1925 σπουδὴν

208 1926 304 1962 ἐκείνῳ
325 1927 534 1964 συν[ερ]υφάνοη
559 1929 588 1956 τὸ
614 1930 740 1966 πόνημα·
766 1933 862 1968 ἀμέλει
888 1937 935 1962 καὶ
956 1934 997 1968 οἷς

207 1973 310 2004 ἐκεῖνος
322 1973 368 1999 τοῦ
391 1974 514 2010 μάκαρος
538 1975 615 2002 τοῦδε
632 1975 678 2002 τὸν
693 1977 750 2012 βίον
768 1978 933 2015 ἐσμίκρυνεν
944 2002 951 2014 ,
968 1983 997 2008 ὲν

208 2019 312 2050 τούτοις
329 2020 401 2054 ἡμᾶς
419 2020 464 2046 ἐπὶ
478 2021 508 2046 τὸ
525 2020 603 2055 εὖρος
617 2022 666 2056 τῆς
680 2022 834 2057 διηγήσεως
850 2027 997 2060 προεϐίϐα-

209 2071 264 2090 cev.
285 2064 364 2090 Ἀλλὰ
379 2064 421 2095 τίς
435 2064 540 2098 γένοιτο
551 2065 589 2101 τῷ
603 2065 653 2101 βίῳ
667 2067 744 2094 τοῦδε
756 2068 903 2104 ἀξιόχρεως
917 2072 997 2101 ἐπαι-

207 2117 269 2140 νος;
285 2108 349 2134 ποία
365 2109 391 2136 δὲ
408 2109 518 2143 γλῶσσα
536 2110 571 2136 τὰ
587 2111 683 2138 τούτου
705 2112 849 2148 δυνήσεται
863 2115 995 2150 διηγήσα-

209 2154 269 2181 σθαι
295 2155 512 2190 κατορθώματα;
535 2155 609 2183 Ἔδει
634 2158 698 2192 γὰρ,
725 2158 779 2184 εδει
800 2160 850 2191 τὰς
871 2161 998 2194 γλώσσας

206 2200 269 2235 ἄρτι
283 2202 410 2236 παρεῖναι
423 2201 476 2228 τῶν
490 2202 555 2237 παρ’
573 2202 655 2229 αὑτοῦ
673 2203 755 2236 ἀξίως
772 2205 995 2241 ἐξυμνουμένων,

1091 1760 1119 1787 5.
1137 1760 1222 1789 Porro
1236 1763 1307 1791 beati
1332 1764 1413 1800 hujus
1430 1767 1511 1795 vitam
1535 1769 1715 1806 Theophanes
1730 1775 1839 1809 quidam

1053 1812 1131 1832 sacra
1161 1808 1323 1842 presbyterii
1351 1810 1484 1845 dignitate
1503 1813 1661 1848 insignitus,
1690 1822 1716 1844 et
1739 1808 1842 1846 rmona-

1052 1850 1167 1878 chorum
1181 1853 1305 1888 catalogo
1321 1856 1470 1891 ascriptus,
1488 1859 1640 1888 elaboravit
1658 1870 1665 1889 :
1692 1863 1777 1892 multa
1798 1870 1838 1892 ta-

1052 1901 1113 1922 ntcn
1136 1897 1180 1924 hic
1196 1905 1292 1926 auctor
1306 1903 1498 1935 praetermisit.
1515 1912 1578 1932 nam
1594 1905 1754 1936 festinanter
1770 1917 1838 1945 opus

1050 1942 1176 1970 confecit.
1193 1943 1246 1972 Sed
1260 1945 1285 1972 iu
1300 1945 1333 1973 iis
1346 1947 1373 1973 in
1389 1947 1489 1982 quibus
1505 1950 1555 1976 iste
1571 1951 1642 1978 beati
1657 1952 1738 1988 hujus
1754 1942 1834 1982 vitam

1050 1988 1196 2021 innninuit,
1216 1998 1266 2018 nos
1292 1992 1326 2018 ad
1353 1994 1521 2022 narrationis
1540 1996 1746 2030 amplitudinem
1769 2008 1834 2035 pro-

1049 2034 1133 2061 vexit.
1153 2034 1253 2063 Verum
1270 2044 1331 2072 qua:
1354 2039 1461 2066 tandem
1480 2041 1546 2068 satis
1560 2041 1640 2077 digna
1664 2044 1724 2072 laus
1754 2034 1835 2081 hujus

1049 2079 1102 2106 vita
1116 2081 1267 2115 reperiatur
1283 2082 1295 2108 ?
1308 2081 1341 2109 Et
1354 2091 1414 2118 qua:
1424 2084 1514 2119 lingua
1533 2087 1663 2121 praeclara
1675 2088 1747 2117 illius
1761 2079 1833 2124 gesta

1050 2132 1194 2153 recensere
1205 2127 1313 2154 talral?
1326 2127 1474 2163 Oportebat
1483 2137 1559 2164 sane,
1571 2134 1712 2166 oportebat
1726 2134 1833 2162 illorum

1049 2178 1122 2197 nunc
1150 2171 1256 2207 linguas
1276 2173 1382 2206 adesse,
1399 2175 1445 2210 qui
1467 2177 1501 2204 ab
1517 2177 1612 2204 eodem
1634 2186 1684 2213 pro
1704 2180 1834 2215 dignitate

1051 2216 1151 2244 laudati
1171 2222 1245 2251 sunt,
1261 2224 1287 2246 et
1301 2220 1334 2248 ab
1348 2220 1401 2248 illis
1428 2221 1472 2248 isti
1496 2223 1610 2257 gratiam
1628 2231 1675 2259 per
1693 2233 1833 2254 sermones

207 2248 254 2273 καὶ
270 2248 344 2282 παρά
360 2246 461 2274 τούτων
482 2247 569 2284 τούτῳ
585 2249 809 2284 ἀποπληροῦσθαι
824 2251 873 2285 τὴν
886 2252 931 2278 διὰ
947 2252 992 2278 λό-

1239 2246 1244 2251 ,
1318 2246 1330 2248 ,.
1369 2246 1398 2248 ,_
1428 2246 1472 2248 ,_..
1496 2246 1610 2257 0.-.”...
1628 2246 1670 2259 τι.
1693 2246 1830 2254 mm...“

1053 2261 1167 2293 rependi.
1188 2262 1245 2289 Non
1259 2268 1347 2291 tamen
1362 2273 1422 2298 nos,
1439 2267 1533 2301 quales
1548 2275 1653 2302 sumus,
1669 2270 1830 2304 taeebimus,

206 2300 261 2324 γων
284 2292 426 2328 ἀντίχαριν
437 2301 444 2308 ·
459 2293 490 2319 οὐ
513 2293 566 2330 μὴν
586 2294 643 2321 ἀλλ’
659 2295 719 2321 οὐδὲ
728 2296 819 2331 ἡμεῖς,
834 2296 872 2329 ὡς
883 2297 992 2333 ἔχομεν,

207 2338 392 2373 σιωπήσομεν,
412 2338 445 2364 τὰ
457 2339 561 2365 ἐκείνου
576 2339 792 2375 ἐκδιηγούμενοι.

240 2383 271 2410 6’.
285 2384 384 2418 Πατρὶς
399 2384 545 2419 τοιγαροῦν
557 2385 595 2420 τῷ
608 2386 718 2421 μεγάλῳ
733 2388 749 2422 ἡ
762 2387 790 2414 ἐν
805 2388 897 2423 νήσοις
907 2388 937 2415 τὸ
949 2388 993 2415 εὖ·

205 2429 300 2464 δειμον
313 2430 431 2464 φέρουσα
442 2450 449 2462 ,
465 2432 481 2466 ὴ
495 2431 647 2466 περιφανὴς
657 2432 782 2465 Σικελία,
795 2433 866 2468 φημὶ
878 2453 885 2466 ,
899 2434 932 2469 ἢν
943 2435 992 2469 οὐχ

205 2475 276 2501 οὕτω
300 2475 440 2510 περίδοξον
458 2475 612 2509 Διονύσιος,
639 2477 654 2502 ὁ
675 2478 705 2503 ὲν
722 2478 789 2513 αὐτῇ
815 2486 880 2505 ποτε
907 2479 993 2514 ἄρξας

204 2522 296 2556 ἀόρῶς
310 2521 512 2555 ἀπειργάσατο,
528 2521 565 2554 ὡς
578 2522 603 2548 οἱ
618 2522 664 2548 τοῦ
683 2523 802 2558 μεγάλου
819 2524 991 2560 γεννήτορες,

203 2568 234 2593 τὸ
258 2567 329 2601 μέγα
350 2569 383 2602 τῇ
408 2567 517 2602 πατρίδι
535 2568 715 2603 χαρισάμενοι
731 2568 831 2604 ὖνομα,
849 2570 893 2596 διὰ
913 2571 990 2598 τοῦδε

203 2613 250 2639 τοῦ
279 2614 415 2648 μακαρίου
439 2613 641 2648 βλαστήματος.
661 2614 780 2649 Πατέρες
803 2615 831 2642 δὲ
854 2616 956 2652 ’Δγάθη
973 2618 990 2652 ἡ

205 2659 388 2694 περιώνυμος,
409 2660 457 2687 καὶ
470 2660 613 2691 ΙΙλουτῖνος
625 2661 639 2687 ὁ
655 2661 826 2698 περιϐόητος,
845 2663 929 2698 ἄμφω
941 2664 990 2699 μὲν

203 2703 254 2737 τῆς
277 2705 377 2739 ἀρετῆς
404 2705 541 2740 ζηλωταὶ,
566 2707 613 2734 καὶ
637 2707 691 2734 τῶν
723 2708 802 2735 Θείων
831 2709 990 2744 θελημάτων

203 2749 396 2784 ὲκπληρωταὶ,
416 2750 459 2776 διὰ
479 2751 507 2777 δὲ
529 2752 578 2787 τῆς
601 2752 714 2788 ἀρίστης
743 2753 836 2786 ὠδῖνος
863 2755 894 2781 τὸ
918 2755 990 2790 μέγα

202 2794 410 2829 κληρωσάμενοι
421 2795 516 2829 ονομα·
527 2796 580 2822 ἔδει
593 2797 647 2832 γὰρ
659 2798 742 2833 εὐχῆς
753 2798 832 2834 ἔργον
845 2797 913 2826 εἶναι
929 2800 988 2826 τόδε

201 2839 232 2865 τὸ
245 2840 316 2874 μέγα
331 2839 466 2878 [χάριτος]
479 2842 526 2869 καὶ
537 2843 635 2877 ἀρετῆς
650 2844 809 2879 ἀποκύημα.
829 2846 858 2871 '0
875 2846 924 2881 μὲν
935 2847 989 2882 γὰρ

202 2885 326 2912 ἐπλούτει
342 2887 432 2914 πίστιν
449 2887 498 2923 τὴν
513 2889 554 2920 εἰς
567 2888 643 2915 Θεόν·
662 2889 679 2924 ἡ
696 2889 724 2916 δὲ
740 2892 796 2922 τοῖς
811 2891 921 2925 ἀγαθοῖς
939 2892 987 2919 τοῦ

1048 2306 1122 2334 illius
1137 2315 1180 2335 res
1195 2313 1286 2343 gestas
1300 2315 1477 2345 exponentes.

1080 2395 1107 2422 4.
1123 2395 1185 2423 Fuit
1200 2397 1282 2432 igitur
1298 2398 1380 2433 hujus
1400 2401 1490 2435 magni
1505 2402 1591 2436 patria
1606 2403 1662 2438 illa,
1677 2412 1738 2440 quae
1761 2406 1832 2434 inter

1045 2441 1150 2468 insulas
1166 2441 1306 2472 felicitatis
1318 2445 1436 2479 palmam
1459 2447 1552 2481 refert,
1571 2449 1769 2486 illustrissima,
1790 2455 1831 2481 in-

1045 2495 1138 2521 quam,
1155 2488 1259 2522 Sicilia,
1275 2498 1356 2524 qttam
1384 2499 1438 2519 non
1450 2493 1486 2520 ita
1506 2494 1666 2530 Dionysius,
1681 2497 1727 2532 qui
1754 2499 1780 2526 in
1798 2507 1828 2526 ea

1044 2533 1108 2560 olim
1125 2535 1240 2562 summis
1257 2536 1283 2562 in
1296 2536 1403 2565 deliciis
1416 2540 1550 2573 regnavit,
1575 2541 1720 2575 gloriosam
1740 2544 1830 2572 reddi-

1043 2579 1083 2606 dit
1094 2599 1100 2611 ,
1116 2584 1146 2606 ut
1160 2581 1252 2616 magni
1272 2581 1356 2617 hujus
1373 2584 1509 2618 genitores
1522 2606 1529 2617 ,
1551 2587 1598 2620 qui
1619 2588 1827 2617 celeberrimum

1044 2621 1139 2656 patriae
1159 2630 1256 2650 nomen
1272 2632 1320 2659 per
1335 2629 1390 2653 tant
1401 2627 1510 2656 beatum
1523 2637 1633 2664 germen
1647 2633 1825 2666 acquisiverc.

1044 2667 1119 2695 Illius
1133 2674 1221 2696 mater
1233 2670 1338 2704 Agatha
1350 2672 1461 2706 nobilis,
1475 2681 1552 2710 pater
1567 2684 1631 2704 vero
1645 2678 1768 2706 Plutinus
1783 2687 1827 2706 ce-

1043 2713 1127 2741 lebris
1137 2715 1339 2749 appellabatur:
1366 2719 1447 2746 ambo
1473 2728 1539 2748 sane
1566 2722 1673 2750 virtutis
1697 2723 1755 2750 zelo
1781 2732 1827 2751 ar-

1041 2758 1148 2792 dentes,
1171 2759 1325 2796 divinaaque
1345 2764 1495 2792 voluntatis
1512 2767 1678 2801 complenda:
1700 2769 1826 2796 studiosi.

1041 2804 1092 2831 Per
1109 2805 1240 2839 optimant
1252 2814 1316 2835 vero
1325 2809 1429 2843 prolem
1451 2818 1578 2845 magnum
1595 2819 1693 2839 nomen
1711 2813 1826 2842 haeredi-

1041 2854 1142 2878 tavere.
1152 2851 1300 2887 Oportebat
1314 2859 1405 2882 autem
1420 2863 1529 2890 prccutn
1541 2864 1610 2891 opus
1622 2865 1683 2886 esse
1694 2867 1822 2895 magnum

1041 2895 1114 2923 hunc
1131 2896 1241 2926 virtutis
1258 2897 1354 2926 fetum.
1379 2899 1460 2928 Pater
1475 2901 1546 2928 enim
1572 2895 1635 2935 ﬁde,
1653 2910 1714 2934 qua:
1729 2909 1773 2933 est
1796 2905 1824 2933 in
