2077 3157
224 193 278 225 943

790 188 820 218 S.
842 186 1001 217 JOSEPHI
1021 183 1303 215 IIYMNOGRAPHI

1801 181 1855 214 944

223 248 318 278 Deum,
333 246 408 273 dives
425 248 492 276 erat,
508 247 595 270 muter
611 249 676 270 vero
693 241 753 269 vita:
768 241 849 276 hujus
859 241 939 268 bonis
947 247 1013 275 gau-

1067 239 1125 274 βίου
1140 238 1247 274 χαίρειν
1261 237 1375 264 εἰποῦσα
1393 237 1466 274 μόνῳ
1483 238 1610 274 προσεῖχε
1622 237 1697 273 θεῷ,
1710 236 1856 272 σωφρόνως

223 292 288 319 dere
307 297 448 321 recusans,
463 289 514 317 soli
527 288 583 315 Deo
599 287 758 314 intendebat
778 286 917 318 animum,
941 293 1011 320 pra:-

223 338 309 366 sentis
325 337 385 364 vita:
399 343 479 363 mare.
491 334 641 370 prudenter
650 338 677 361 et
687 333 858 360 continenter
875 336 1012 366 pertrans-

223 385 291 416 iens,
326 383 360 409 ita
386 385 419 408 ut
444 381 525 408 ambo
540 381 626 414 {juxta
647 379 730 406 vitem
760 378 833 406 illam
860 377 1012 405 Psalmistae

222 428 365 460 florerent,
389 430 417 453 et
442 425 558 453 maturis
583 424 695 451 virtutis
722 422 858 450 fructibus
878 422 1012 458 plurimos

222 474 255 502 ad
270 473 312 500 sui
332 471 514 500 imitationem
526 471 732 506 pertraherent.
743 469 801 496 Non
818 469 890 496 enim
905 468 1014 504 (quem-

226 519 373 547 admodum
396 517 486 545 facere
511 521 714 544 consueverunt
727 516 766 542 illi
783 515 830 550 qui
855 515 958 542 mundo
972 514 1013 541 vi-

221 569 299 596 vunt,
312 569 337 591 et
359 563 436 590 carni
455 562 636 590 inservientes
664 560 805 588 communi
832 563 936 587 natura:
960 558 1012 593 legi

221 608 421 644 obsequuntur)
443 608 475 634 ad
491 608 644 642 voluptates
652 606 843 641 respiciebant,
856 609 884 632 et
899 605 1013 633 delicias

221 657 406 685 sectabantur,
422 654 468 682 sed
485 654 552 681 solis
565 652 756 680 tantummodo
783 651 947 678 necessariis
970 658 1014 678 re-

221 702 272 729 bus
282 701 413 732 contenti,
425 705 508 734 atque
522 699 587 730 illis,
604 698 664 726 sine
677 698 778 733 quibus
792 697 953 724 humilitatis
962 704 1013 723 no-

220 753 285 775 stne
300 754 401 781 corpus
416 745 570 773 consistere
597 744 704 779 nequit,
732 743 869 778 superflua
886 742 1013 770 manibus

220 801 371 830 pauperum
393 791 617 826 dilargiebantur,
647 797 681 817 ne
706 788 775 816 forte
790 787 936 824 supenﬂuis
960 787 1012 823 ipsi

221 841 255 867 ad
271 835 605 874 voluptatemacdelicius
619 833 836 865 utentesrarnei
862 832 1011 868 participa-

221 884 295 912 tione
309 882 541 912 excluderentur.,
558 881 604 915 qui
623 883 653 906 ut
668 878 781 906 eosdem
808 885 858 913 pro
872 878 1014 905 .charitate

1066 285 1113 311 καὶ
1131 283 1274 319 ἐγκρατῶς
1295 283 1343 310 τοῦ
1365 283 1424 320 βίου
1444 284 1557 319 περῶσα
1574 285 1624 320 τὴν
1641 284 1779 312 θάλασσαν
1792 304 1799 314 ,
1819 284 1858 315 ὡς

1067 330 1174 357 θάλλειν
1184 330 1232 356 καὶ
1245 330 1329 365 ἄμφω
1348 330 1420 357 κατὰ
1436 330 1486 365 τὴν
1503 330 1644 365 ψαλμικὴν
1660 329 1793 365 ἄμπελον,
1811 329 1858 356 καὶ

1065 375 1105 411 τῷ
1118 374 1242 410 πεπείρῳ
1254 374 1303 409 τῆς
1315 375 1416 410 ἀρετῆς
1427 375 1541 408 πολλοὺς
1556 374 1716 410 ἐφέλκεσθαι
1729 374 1798 409 πρὸς
1809 373 1858 409 τὴν

1067 421 1193 457 μίμησιν.
1209 421 1246 447 οὐ
1265 422 1320 456 γὰρ
1338 421 1376 453 ὡς
1395 421 1491 457 κόσμῳ
1507 420 1619 454 ζῶντες,
1635 421 1683 447 καὶ
1698 421 1781 456 σαρκὶ
1796 420 1858 446 δου-

1065 466 1199 499 λεύοντες,
1215 466 1261 493 καὶ
1275 458 1314 500 τῷ
1329 466 1412 502 κοινῷ
1425 467 1475 502 τῆς
1492 466 1601 501 φύσεως
1615 466 1691 501 νόμῳ
1706 465 1858 501 ὑπηρετού-

1067 520 1142 548 μενοι
1157 512 1225 548 πρὸς
1241 513 1338 548 ἡδονὰς
1350 513 1456 548 ἐώρων,
1467 513 1514 540 καὶ
1527 513 1558 540 τδ
1572 511 1710 548 τρυφηλδν
1727 511 1859 539 κατεδίω-

1065 566 1114 584 κον
1124 566 1132 574 ·
1148 558 1217 586 ἀλλὰ
1238 560 1295 590 τοῖς
1311 559 1473 593 ἀναγκαίοις
1497 559 1588 595 μόνοις
1602 558 1770 594 ἀρκούμενοι
1780 579 1788 591 ,
1811 557 1860 585 καὶ

1064 604 1137 636 ὅσοις
1149 604 1180 631 τὺ
1192 605 1273 639 σῶμα
1284 604 1443 632 συνίσταται
1451 606 1500 640 τῆς
1511 604 1591 641 ήμῶν
1609 604 1813 640 ταπεινότητος,
1825 603 1861 630 τά

1065 649 1181 684 περιττά
1209 651 1334 685 πενήτων
1359 650 1454 686 χερσὶν
1481 649 1652 686 ἐχαρίζοντο·
1676 651 1720 677 ἵνα
1742 649 1781 685 μὴ
1803 650 1860 681 τοῖς

1065 696 1205 730 περιττοῖς
1222 695 1298 722 αὐτοὶ
1315 695 1486 731 ήδυνόμενοι,
1501 696 1551 722 οὐκ
1565 695 1653 731 ἔχοιεν
1670 695 1798 722 κοινωνὸν
1814 695 1860 721 τὸν

1064 740 1150 767 Θεόν·
1168 741 1198 773 ὃς
1221 741 1320 774 αὐτοὺς
1342 742 1392 777 τῆς
1410 741 1479 777 πρὸς
1499 741 1582 768 αὐτὸν
1609 741 1720 777 ἀγάπης
1738 742 1787 768 καὶ
1811 741 1860 768 τοῦ

1064 785 1171 819 ζέοντος
1181 787 1364 823 ἀμειϐόμενος
1375 787 1488 824 ἔρωτος,
1497 788 1542 814 τὶν
1554 787 1660 814 κλεινὸν
1676 787 1788 823 Ἰωσὴφ,
1801 788 1861 815 ἀντὶ

1063 832 1156 867 πάσης
1174 832 1257 868 ἄλλης
1277 833 1409 868 ἀμοιϐῆς,
1426 833 1583 869 ἐχαρίσατο·
1609 833 1708 870 Ἰωσὴφ
1722 833 1753 860 όν
1771 834 1796 860 oi
1815 842 1861 860 τε-

1064 878 1169 911 κόντες,
1187 879 1236 906 καὶ
1250 879 1336 906 ταῦτα
1359 878 1419 914 βίον
1442 878 1554 916 τοιαύτῃ
1569 879 1717 915 ώραιότητι
1732 879 1860 915 λαμπρυ-

221 930 344 965 ipsorum
365 928 392 955 in
418 934 466 958 se,
488 925 659 959 ferventique
680 931 781 951 amore
811 927 1010 955 remuneraret,

1066 923 1172 959 νόμενοι
1184 944 1192 957 ,
1222 924 1294 959 μέγα
1308 933 1335 951 τι
1357 925 1507 961 κατορθοῦν
1521 925 1693 959 ἐλογίζοντο,
1718 925 1744 953 εί
1768 925 1860 956 ποσῶς

222 976 355 1003 illustrem
370 972 524 1007 Josephum
545 978 596 1006 pro
614 970 712 1006 quavis
738 969 792 997 alia
813 968 940 997 mercede
958 967 1013 996 illis

1065 969 1266 1005 ἀπομιμεῖσθαι
1280 969 1454 1006 δυνήσονται.

221 1021 335 1049 donavit
359 1029 366 1049 ς
386 1019 466 1054 cujus
490 1018 628 1053 genitores
650 1016 809 1052 hujusmodi
828 1015 892 1043 vitae
917 1015 1016 1043 decone
1035 1015 1211 1051 refulgentes,
1232 1024 1361 1052 magnum
1401 1016 1504 1052 aliquid
1533 1017 1640 1045 eﬂiccre
1656 1017 1825 1053 cogitabant,
1836 1017 1861 1046 si

222 1075 278 1104 quo
290 1066 373 1099 modo
383 1066 487 1093 imitari
497 1064 662 1099 potuissent.

261 1115 288 1142 Β.
306 1114 363 1141 Non
378 1113 451 1141 enim
462 1112 538 1147 juxta
555 1118 701 1146 puerorum
718 1108 1014 1144 moromprimoseri-

223 1168 271 1187 nes
284 1160 404 1187 molliter
412 1165 443 1185 ac
451 1157 573 1192 speciose
586 1155 686 1188 alebat,
700 1160 839 1190 noque,ut
848 1155 1013 1182 adolescen-

224 1206 274 1233 tuli
289 1206 379 1233 facere
391 1210 570 1236 consuevere,
586 1203 620 1230 ad
637 1209 719 1237 parva
744 1201 801 1228 haec
818 1205 846 1228 et
868 1200 941 1227 fluxa
970 1200 1013 1226 in-

224 1251 351 1279 tendebat
376 1251 509 1282 animum,
528 1249 575 1277 sed
588 1248 715 1283 quamvis
728 1247 818 1274 adhuc
844 1254 910 1281 puer
929 1251 1011 1278 esset,

224 1296 370 1332 quamdam
393 1300 482 1322 tamen
500 1293 660 1329 gravitatem
689 1292 929 1325 maturitatemque
955 1297 1014 1326 pra:

225 1342 386 1373 seferebat,
396 1348 479 1376 quam
496 1338 631 1375 inpueris
641 1345 813 1372 nequaquam
832 1336 953 1364 solemus
973 1343 1015 1363 re-

223 1394 401 1423 cognoscere,
433 1386 534 1421 lingua,
556 1384 648 1412 nescio
668 1383 733 1418 quid
754 1383 834 1410 breve
856 1386 938 1417 atque
964 1389 1015 1408 an-

225 1438 334 1469 gustum
350 1432 570 1463 subbalbutieus,
590 1430 682 1458 (Ιίνὶηο
699 1429 807 1463 eloquia
822 1428 864 1455 vel
880 1427 1014 1460 discebat,

225 1481 266 1507 vel
281 1479 404 1507 docebat.
420 1478 488 1511 Quia
505 1484 580 1504 Avero
605 1475 677 1511 apud
695 1482 796 1510 pueros
824 1481 906 1502 senex
925 1478 1016 1500 mente

219 1530 252 1553 et
262 1525 366 1561 judicio
381 1522 603 1558 incomparabilis
624 1520 836 1553 inscribebatur,
854 1526 888 1547 ex
914 1519 965 1546 hoc
985 1518 1018 1545 il.

1102 1107 1134 1136 ε’.
1150 1109 1187 1135 Οὐ
1205 1109 1260 1144 γὰρ
1271 1108 1342 1136 κατὰ
1358 1109 1457 1141 παῖδας
1473 1109 1547 1145 αὐτῷ
1563 1110 1597 1137 τὰ
1612 1110 1661 1145 τῆς
1678 1109 1791 1145 πρώτης
1802 1117 1862 1145 τρι·

1067 1154 1114 1190 χδς
1129 1154 1191 1181 οὔτε
1209 1155 1262 1190 μὴν
1282 1155 1353 1182 κατὰ
1370 1155 1505 1190 μείρακας
1523 1155 1590 1191 πρὸς
1610 1156 1644 1183 τὰ
1661 1156 1748 1191 μικρὰ
1773 1155 1860 1182 ταῦτα

1067 1200 1115 1227 καὶ
1133 1200 1229 1236 ῥέοντα
1248 1201 1265 1236 ὴ
1284 1201 1354 1236 ῥοπή
1368 1207 1375 1215 ·
1392 1200 1450 1227 ἀλλ’
1465 1199 1499 1237 ἦν
1516 1201 1631 1236 ἐκείνῳ,
1654 1200 1731 1227 παιδὶ
1749 1199 1799 1235 μὲν
1820 1199 1860 1226 ἔτι

1066 1245 1225 1281 ὑπάρχοντι,
1243 1246 1342 1281 σεμνόν
1353 1255 1378 1273 τι
1392 1247 1440 1274 καὶ
1453 1247 1484 1273 οὐ
1495 1247 1566 1274 κατὰ
1580 1246 1687 1274 παιδίον
1699 1246 1730 1272 τὺ
1744 1246 1859 1281 κίνημα’

1067 1291 1177 1325 γλῶσσα
1194 1292 1239 1326 δὲ,
1255 1292 1342 1327 βραχύ
1354 1301 1381 1319 τι
1396 1293 1631 1328 ὑποψελλίζουσα,
1650 1293 1683 1320 τά
1704 1293 1774 1319 κατὰ
1793 1292 1860 1319 Θεὸν
1915 1285 1918 1288 ί

1067 1337 1222 1364 ὲδιδάσκετο
1236 1337 1323 1372 λόγια.
1347 1339 1425 1365 Ἐπεὶ
1440 1339 1475 1371 ,δὲ
1496 1339 1541 1366 καὶ
1558 1339 1598 1370 εἰς
1628 1339 1764 1374 μείρακας
1778 1339 1792 1366 ό
1808 1347 1860 1375 γη-

1068 1382 1144 1418 ραιὸς
1155 1382 1201 1409 τὸν
1219 1383 1298 1416 νοῦν,
1315 1384 1360 1411 καὶ
1376 1384 1426 1419 τὴν
1444 1385 1574 1420 φρόνησιν
1586 1385 1796 1422 ἁπαράμιλλος,
1812 1386 1856 1413 ὲν-

1067 1427 1219 1462 εγράφετο,
1236 1428 1331 1455 τούτου
1354 1429 1384 1455 τὸ
1408 1429 1516 1465 σῶφρον
1534 1429 1725 1457 ὑπεδεικνύετο
1737 1450 1744 1463 ,
1761 1430 1808 1456 καὶ
1830 1429 1861 1456 τὸ

1067 1473 1189 1508 ἀνδρεῖον
1202 1472 1233 1499 τδ
1256 1474 1325 1509 πρὸς
1343 1474 1377 1501 τὰ
1395 1475 1469 1509 πάθη
1484 1474 1620 1510 διέλαμπε
1635 1495 1642 1507 ,
1664 1475 1742 1510 καὶὴ
1760 1474 1861 1508 γνῶσις

1068 1519 1197 1554 καθαρῶς
1212 1521 1268 1551 τοῖς
1283 1519 1424 1555 ὁμιλοῦσιν
1442 1521 1650 1557 ἀνεγνωρίζετο.
1674 1521 1715 1548 Τὰ
1740 1522 1795 1557 γὰρ
1816 1523 1862 1556 ἑγ-

223 1572 279 1599 lius
291 1570 434 1606 prudentia
450 1569 530 1596 tacite
542 1566 750 1595 ostendebatur.
764 1565 881 1592 Animus
893 1564 953 1599 ejus
970 1563 1009 1590 vi-

1066 1564 1163 1591 κύκλια
1176 1565 1275 1600 μετιὼν
1290 1567 1305 1592 ό
1316 1566 1479 1602 Θαυμάσιος,
1495 1567 1602 1601 φύσεως
1612 1568 1705 1604 χάριτι
1719 1569 1767 1595 καὶ
1776 1577 1859 1596 σπου-

226 1617 285 1645 rilis
301 1617 328 1644 in
345 1615 520 1643 aﬂectionum
538 1612 652 1648 imperio
660 1611 794 1642 elucebat,
809 1610 928 1645 cognitio
940 1617 1013 1643 vero,

224 1670 257 1690 ac
271 1661 383 1690 scicntia
397 1660 432 1687 ab
445 1660 490 1692 iis,
499 1659 546 1694 qui
563 1665 626 1686 cum
639 1664 671 1684 eo
683 1655 856 1683 familiariter
867 1655 1016 1683 versaban-

227 1713 282 1739 tur,
292 1707 365 1734 clare
379 1704 606 1740 eognoscebatur.
618 1702 687 1730 Cum
701 1702 773 1729 enim
787 1702 954 1736 provinciam
966 1700 1015 1727 ali-

227 1760 307 1788 quam
315 1751 356 1778 vir
363 1751 407 1778 hic
415 1749 911 1784 admirabilisaggrederetur,natura:
927 1745 1014 1782 gratia

226 1805 258 1825 ac
267 1796 420 1824 sedulitatis
426 1795 564 1829 studiique
573 1794 725 1821 intentione
734 1793 877 1820 universos
886 1797 1016 1826 superare

226 1842 399 1873 cernebatur,
414 1840 490 1874 ulna,
508 1840 582 1875 iuxta
599 1838 922 1875 proverbium,.regia,et
937 1837 1016 1865 valde

226 1892 310 1916 recte.
326 1886 384 1914 Non
398 1887 471 1914 enim
488 1887 516 1913 in
528 1886 585 1914 sola
598 1893 756 1913 sermonum
768 1885 847 1919 copia
861 1891 896 1911 ac
906 1883 1015 1912 dicendi

222 1931 356 1959 facultate
370 1929 538 1965 proficiebat,
555 1930 602 1957 sed
621 1933 685 1957 ante
704 1931 786 1957 verba
801 1930 895 1964 plures
907 1928 1016 1957 virtutis

216 1975 333 2010 (species
354 1975 465 2002 sedulus
478 1974 650 2010 praeferebat,
668 1981 701 2001 ex
724 1980 778 2009 quo
793 1973 827 2000 ad
859 1973 946 2008 ipsam
974 1973 1016 1999 di-

227 2020 306 2048 cendi
331 2020 438 2055 copiam
459 2019 565 2048 felicior
592 2019 630 2046 illi
658 2020 701 2046 via
722 2018 908 2054 aperiebatur.
935 2017 1017 2047 Solus

227 2066 299 2094 enim
318 2067 407 2101 panis,
431 2065 572 2093 occidente
595 2065 664 2096 sole.
680 2064 824 2092 universas
853 2064 892 2091 illi
915 2071 1017 2092 mensae

227 2110 340 2137 delicias
356 2110 508 2145 supplebat,
536 2117 607 2145 aqua
636 2116 702 2136 vero
731 2113 835 2136 tantum
863 2109 897 2136 ad
923 2113 1015 2144 potum

229 2156 366 2188 utebatur,
393 2160 537 2191 propterea
565 2159 592 2182 et
618 2153 726 2193 dicendi
755 2154 884 2182 facundia
913 2154 1017 2183 ditatus

228 2206 280 2229 est.
296 2201 393 2228 Anima
420 2201 494 2229 enim
521 2199 667 2228 scribendo
684 2204 711 2227 et
729 2199 834 2227 orando
858 2207 956 2227 vacare
970 2207 1015 2227 as-

1066 1611 1114 1645 δῆς
1134 1611 1290 1646 εὐτονότητι
1315 1612 1420 1644 πάντας
1451 1613 1545 1648 ὼρᾶτο
1569 1614 1652 1641 νικῶν
1673 1615 1770 1650 πήχει,
1791 1615 1863 1642 κατὰ

1066 1655 1115 1691 τὴν
1128 1657 1289 1692 παροιμίαν,
1303 1657 1451 1694 βασιλικῷ·
1470 1659 1517 1686 καὶ
1533 1659 1605 1695 μάλα
1623 1659 1746 1692 εἰκότως·
1762 1660 1792 1687 οὺ
1807 1659 1862 1695 γὰρ

1066 1701 1154 1736 λόγων
1176 1702 1293 1730 εποιεῖτο
1320 1704 1405 1739 μόνην
1422 1705 1562 1737 ἐπίδοσιν,
1589 1705 1658 1732 ἀλλὰ
1687 1705 1740 1741 πρὺ
1760 1705 1862 1732 τούτων

1066 1746 1167 1781 ἀρετῆς
1188 1747 1350 1781 ἐπεμελεῖτο
1372 1748 1545 1782 πολυειδοῦς,
1563 1749 1591 1782 ἐξ
1606 1747 1640 1785 ἧς
1663 1749 1738 1785 αὐτῷ
1758 1750 1805 1777 καὶ
1823 1750 1859 1777 τά

1068 1791 1137 1826 πρὸς
1152 1791 1198 1818 τὸν
1208 1791 1288 1826 λόγον
1301 1793 1405 1826 ἐγίνετο
1419 1793 1508 1821 εὔοδα.
1529 1794 1558 1821 '0
1575 1794 1629 1829 γάρ
1644 1794 1727 1830 ἄρτος
1741 1795 1862 1830 ἑσπέραν

1066 1837 1164 1872 ἐκείνῳ
1181 1838 1259 1873 μόνος
1274 1839 1396 1874 ἐπλήρου
1410 1839 1459 1874 τὴν
1479 1840 1674 1876 ὲπιτραπέζιον
1689 1842 1797 1876 ἡδονὴν,
1815 1844 1862 1868 καὶ

1066 1882 1097 1909 τὸ
1121 1883 1198 1919 ὕδωρ
1214 1884 1264 1919 τὴν
1280 1885 1376 1919 πόσιν,
1401 1885 1443 1912 διδ
1462 1886 1511 1912 καὶ
1533 1887 1567 1914 τὰ
1588 1887 1654 1922 περὶ
1676 1889 1740 1920 τοὺς
1767 1887 1863 1922 λόγους

1067 1928 1230 1964 ἐπλούτησε·
1244 1929 1317 1966 ψυχὴ
1331 1931 1386 1966 γάρ
1401 1931 1539 1959 ἐθισθεῖσα
1551 1932 1642 1967 λόγοις
1657 1933 1800 1968 σχολάζειν
1815 1933 1863 1961 καὶ

1067 1975 1245 2009 προσευχαῖς,
1257 1974 1296 2006 ὡς
1316 1974 1350 2002 ἂν
1362 1976 1391 2002 ἐν
1407 1977 1509 2011 ἀμφοῖν
1523 1977 1552 2004 τό
1561 1985 1589 2004 τε
1602 1977 1694 2014 νοερὸν
1709 1978 1858 2013 διαλάμποι

1067 2019 1115 2046 καὶ
1128 2019 1159 2046 τὸ
1175 2020 1301 2055 ἐφόλκιον
1313 2021 1390 2048 τοῦδε
1403 2021 1450 2048 τοῦ
1468 2022 1595 2057 σώματος
1607 2024 1862 2061 καταδεσμούμενον

1067 2064 1115 2091 καὶ
1129 2065 1281 2101 τηκόμενον
1293 2087 1300 2099 ,
1314 2067 1365 2094 οὐκ
1383 2067 1505 2103 εὐχερῶς
1526 2068 1584 2103 ἔχοι
1597 2069 1628 2096 τὸ
1647 2069 1715 2105 πρὸς
1734 2070 1768 2097 τά
1787 2070 1861 2106 πάθη

1067 2110 1216 2143 εὐόλισθον,
1227 2111 1275 2146 ὅλη
1289 2111 1318 2138 δὲ
1333 2113 1446 2148 φέρεται
1464 2113 1532 2148 πρὸς
1543 2114 1621 2147 Θεὸν,
1639 2115 1688 2142 καὶ
1703 2115 1742 2150 τῷ
1756 2115 1861 2142 ἐκείνου

1068 2156 1227 2192 κιρνωμὲνη
1244 2157 1327 2192 ἔρωτι
1345 2158 1421 2193 θείῳ,
1439 2158 1519 2194 ξυρόν
1542 2160 1627 2194 ἐστιν,
1640 2161 1679 2192 εἰς
1704 2160 1789 2198 ἀκοὴν
1806 2160 1860 2188 τῶν

1070 2201 1240 2236 μαθημάτων
1255 2203 1422 2239 ἀντεχομένη
1441 2204 1543 2235 καλῶς.

228 2252 318 2282 sueta,
332 2249 400 2276 utin
417 2253 535 2283 utroque
551 2255 629 2275 mens
641 2251 670 2275 et
687 2247 843 2275 intellectus
855 2247 1019 2280 illustratur,
1044 2252 1071 2276 et
1100 2250 1256 2284 corpusculi
1282 2250 1363 2286 hujus
1388 2251 1496 2280 sarcina
1532 2252 1641 2288 alligata
1666 2257 1694 2280 et
1713 2258 1862 2286 macerata.

230 2301 285 2321 non
302 2293 408 2322 facilem
419 2294 502 2322 habet
517 2294 550 2321 ad
562 2293 829 2329 pravasail'eaiones
845 2294 1020 2329 prolapsum:
1043 2299 1099 2323 tota
1126 2295 1214 2324 fertur
1235 2296 1262 2324 in
1278 2296 1375 2330 Deum,
1391 2298 1538 2334 divinaque
1560 2299 1636 2328 illius
1663 2302 1751 2328 amori
1769 2299 1863 2328 immi-

226 2346 283 2373 sta,
297 2345 378 2375 atque
399 2341 486 2369 eidem
503 2341 665 2376 perpulchra
684 2341 831 2373 inhaerens,
843 2342 877 2369 ad
890 2342 1072 2372 humanarum
1089 2344 1297 2380 disciplinarum
1314 2346 1438 2374 auditum
1455 2347 1531 2374 arida
1546 2348 1647 2375 evadit.

256 2387 289 2414 .6.
304 2387 431 2414 Attamen
445 2387 544 2414 horum
558 2387 782 2422 etiamzperitiam
804 2395 952 2423 generosus
976 2388 1014 2417 hit

1109 2389 1146 2423 ς’.
1165 2390 1236 2417 Ἀλλ’
1246 2389 1302 2426 εἷχε
1314 2392 1363 2426 μὲν
1378 2391 1450 2419 οὕτω
1462 2393 1591 2426 γνώσεως
1601 2394 1616 2420 ό
1626 2395 1761 2428 γενναῖος”
1775 2396 1864 2431 εἴχετο

231 2434 272 2460 vir
288 2433 416 2465 habebat,
432 2433 479 2460 sed
491 2433 517 2460 in
530 2433 574 2460 illa
589 2432 715 2465 scientia,
731 2440 793 2467 qua
810 2432 861 2461 fert
871 2433 904 2460 ad
921 2433 1017 2466 Deum,

231 2479 318 2513 magis
326 2485 408 2513 quam
423 2478 449 2505 in
467 2478 585 2506 humana
595 2478 767 2514 philosophia
779 2478 903 2514 profecit.
918 2479 1016 2507 Verum

230 2532 286 2551 non
298 2525 445 2551 diuturnus
463 2523 514 2551 fuit
525 2524 563 2552 illi
577 2524 637 2552 sine
653 2523 898 2558 offcndieulovitte
907 2532 1018 2557 cursus,

230 2570 455 2606 quandoquidem
479 2570 589 2605 magnis
607 2569 755 2598 animabus
778 2577 794 2597 a
820 2570 907 2605 prima
931 2570 1019 2598 relatis

230 2617 301 2644 linea
315 2615 436 2644 difficilia
448 2616 572 2651 quaedam
585 2623 618 2643 ac
628 2623 725 2651 aspera
738 2615 934 2644 innascuntur.
948 2616 1017 2644 Nam

228 2662 376 2690 multitudo
389 2661 520 2697 permista
535 2661 717 2689 barbarorum
735 2661 809 2688 illius
822 2661 937 2696 patriam
956 2669 1017 2689 cum

228 2709 394 2741 obsedisset,
423 2715 541 2743 eamque
564 2707 615 2735 sibi
633 2707 807 2742 subiecisset,
835 2708 908 2743 quod
931 2707 1018 2736 cladis

229 2762 315 2789 genus
330 2754 515 2789 praetermisit,
531 2757 577 2780 aut
591 2760 673 2788 quam
694 2753 830 2780 malorum
851 2753 962 2781 Hiadem
989 2754 1016 2780 in

228 2807 288 2826 eam
301 2807 356 2827 non
375 2799 477 2826 edidit?
493 2799 545 2826 Alii
559 2797 634 2826 ferro
645 2797 746 2825 sublati
760 2803 825 2826 situt
842 2807 849 2826 :
865 2798 911 2826 alii
934 2799 1017 2827 mise-

166 2872 170 2876 _
229 2844 352 2872 rabiliter
383 2844 544 2872 facultatum
569 2843 706 2878 jacturam
725 2843 919 2872 sustinuerunt
935 2852 1019 2872 :non-

221 2888 295 2919 nulli
311 2889 410 2926 captivi
425 2889 488 2919 facti
511 2893 587 2923 sunt,
602 2893 684 2924 atque
699 2889 726 2917 in
746 2893 875 2919 externas
889 2890 1016 2932 regiones

1071 2435 1101 2463 δὲ
1118 2435 1200 2463 πλέον
1219 2436 1270 2471 τῆς
1286 2437 1422 2473 φερούσης
1444 2438 1512 2474 πρὸς
1532 2438 1579 2466 τὸν
1600 2439 1677 2473 Θεὸν,
1691 2440 1722 2466 οὐ
1739 2441 1793 2475 μὴν
1816 2442 1864 2468 ἀν-

1071 2481 1244 2517 επηρέαστος
1262 2481 1337 2518 αὺτῷ
1352 2482 1400 2509 καὶ
1414 2484 1428 2509 ό
1445 2483 1502 2518 βίος
1518 2483 1599 2520 μέχρι
1614 2484 1727 2517 πολλοῦ,
1740 2485 1803 2512 ιπεὶ
1816 2485 1865 2512 καὶ

1070 2527 1131 2558 ταῖς
1156 2526 1289 2562 μεγάλαις
1311 2527 1411 2564 ψυχαῖς
1432 2528 1487 2556 ἀπὸ
1511 2529 1625 2565 πρώτης
1646 2531 1780 2566 γραμμῆς
1802 2519 1883 2558 ἐπι-ί

1070 2571 1168 2607 φύεταί
1195 2581 1255 2604 πως
1283 2573 1318 2600 τά
1350 2574 1512 2610 σκυθρωπά.
1552 2576 1660 2610 Ἀμέλει
1685 2577 1734 2603 καὶ
1762 2576 1865 2612 πλῆθος

1072 2617 1193 2652 μιγάδων
1210 2617 1356 2654 βαρϐάρων
1373 2619 1422 2655 τὴν
1438 2620 1556 2656 πατρίδα
1573 2621 1802 2657 περικυκλῶσαν,
1815 2622 1864 2648 καὶ

1069 2664 1156 2699 αὐτὴν
1170 2664 1215 2698 ὑφ’
1230 2665 1345 2697 ἑαυτοὺς
1356 2666 1548 2702 ποιησάμενοι,
1564 2667 1591 2694 τί
1603 2667 1657 2694 τῶν
1666 2667 1761 2695 δεινῶν
1773 2668 1801 2694 ἐν
1816 2668 1865 2695 αὺ-

1069 2711 1102 2745 τῇ
1119 2709 1168 2736 οὒκ
1181 2710 1344 2745 εἰργάσαντο
1355 2719 1362 2744 ;
1376 2712 1457 2739 ποίαν
1469 2712 1498 2740 δὲ
1514 2713 1615 2740 Ἰλιάδα
1630 2713 1778 2749 συμφορῶν
1789 2713 1823 2740 τὰ
1834 2714 1864 2741 ὲν

1069 2756 1137 2791 αὐτῇ
1162 2756 1227 2791 παρ’
1261 2757 1351 2784 αὐτῶν
1379 2757 1430 2784 οὐκ
1456 2758 1637 2794 άπέκρυψανς
1668 2760 1701 2786 οι
1729 2759 1780 2794 μὲν
1808 2759 1863 2793 γὰρ

1069 2800 1168 2836 ἡϐηδὸν
1183 2801 1341 2837 ἀνῃροῦντο,
1356 2803 1380 2829 οί
1393 2802 1421 2830 δὲ
1433 2803 1533 2836 ἀθλίως
1552 2805 1606 2831 τῶν
1621 2804 1737 2840 καιρίων
1760 2805 1863 2839 ὑπέμε-

1068 2853 1113 2873 νον
1126 2846 1271 2882 στέρησιν,
1289 2848 1315 2873 οἱ
1329 2847 1358 2874 δὲ
1378 2848 1588 2876 κατεδουλοῦντο
1603 2851 1650 2876 καὶ
1664 2850 1703 2881 εις
1720 2849 1862 2885 ἀλλοτρίας

1068 2889 1207 2925 ιφέροντο,
1220 2891 1245 2919 οί
1259 2891 1299 2925 δὲ,
1314 2892 1387 2924 ὅσοις
1400 2893 1454 2928 ἄρα
1473 2894 1665 2930 φιλάνθρωπον
1681 2894 1831 2930 ἐπέϐλεψεν
1846 2894 1863 2921 ὁ
