2077 3157
222 167 277 200 945

995 172 1096 205 νινιιΑ,

1801 177 1858 211 946

220 224 300 257 Θεὸς,
314 222 365 259 τὴν
378 223 564 260 ινιγκαειένην
575 224 765 258 ἀπολιπόντες,
777 227 849 262 φυγῇ
863 226 913 262 τὴν
925 234 1014 262 σωτη-

1068 226 1178 255 abducti
1196 227 1340 256 :nonnulll
1359 235 1434 261 vero.
1447 236 1518 265 quos
1536 229 1617 258 oculo
1629 231 1717 266 magis
1738 231 1857 268 benigno

222 271 283 305 ρίαν
297 269 569 305 ιπραγματεύσαντο’
584 270 613 298 ὲν
626 268 667 302 οἷς
679 268 749 306 ἦσαν
761 272 806 298 καὶ
821 272 848 298 oi
860 271 907 299 τοῦ
924 281 1011 307 μακα-

221 315 282 350 ρίου
296 314 394 342 τούτου
405 316 579 352 γεννήτορες.
594 316 619 343 οἶ
636 316 682 343 τὸν
698 317 780 344 παῖδα
796 317 1011 353 παραλαϐόντες,

219 361 288 396 πρὸς
301 361 351 396 τὴν
364 360 412 388 τοῦ
428 361 549 393 Πέλοπος
563 362 766 398 ἓτρεχον,.ξένοι
783 363 925 400 πατρίδος.
940 363 1012 397 ξένοι

219 407 371 444 χρημάτων
382 428 390 440 ,
408 407 455 434 καὶ
481 408 629 443 ἑταιρείας,
642 408 690 435 καὶ
714 408 887 442 συγγενείας.
898 408 938 436 Οὐ
958 409 1012 444 μὴν

219 450 297 484 οὗτος
312 453 326 480 ό
338 453 428 487 μέγας
443 452 513 488 μετὰ
524 452 628 480 τούτων
644 452 693 488 τὴν
703 453 905 488 Πελοπόννησον
919 453 1014 490 ἔστερ-

201 499 352 539 ξξεν,,οὺδ’
367 499 464 535 ἠγάπα
473 519 481 532 ,
496 498 581 534 ξένης
594 499 722 535 πατρίδος
736 500 881 535 γενόμενος
890 520 897 532 ,
912 500 950 536 μὴ
962 500 1012 535 τὴν

219 543 276 571 ἀνω
292 544 370 571 πόλιν
393 544 510 580 ζητῆσαι
529 544 574 571 διὰ
587 544 636 580 τῆς
661 544 781 580 ἀληθοῦς
802 544 950 577 ξενιτείας,
965 544 1013 571 καὶ

218 591 265 618 τὸν
280 591 345 618 Θεδν
364 590 455 626 εὑρεῖν
474 590 518 618 διὰ
530 590 580 626 τῆς
593 590 792 626 ἀκριϐεστέρας
802 591 949 624 »πολιτείας
963 591 1012 618 καὶ

219 636 424 666 καταστάσεως.
437 635 483 662 Διό
495 636 543 663 καὶ
559 636 604 662 τὸν
620 635 710 662 ῐουλον
723 637 808 671 μήπω
820 636 914 672 φέρων
927 636 1011 672 -χλοάο

219 680 312 713 ζοντα,
329 681 495 717 ἀποστέργει
514 681 564 717 τὴν
588 681 719 714 Πέλοπος,
743 682 790 708 καὶ
806 682 875 718 πρὸς
888 682 938 718 τὴν
959 682 1011 710 πά-

220 735 270 763 οης
291 727 464 760 Μακεδονίας
490 727 696 764 ὑπερκειμένην
714 727 792 755 πόλιν
806 728 919 764 ἀπαίρει
941 728 1011 755 Θεσ-

220 772 382 808 σαλονίκην·
416 773 460 800 ῐνα
490 773 528 808 μὴ
563 774 597 809 τῇ
633 774 723 808 σχέσει
754 773 809 800 τῶν
840 774 1011 809 γεννητόρων

219 818 404 854 δεσμοῦμενος
415 839 421 851 ,
438 818 489 846 οὐκ
505 818 561 854 ἔχοι
577 819 719 851 εὐπετῶς,
737 819 782 846 διὰ
799 820 846 853 τῆς
862 819 1010 852 παντελοῦς

219 864 395 901 ἐγκρατείας,
423 865 493 901 πρὸς
518 865 565 893 τὸν
593 866 683 901 ἀληθῆ
706 865 825 902 ἐραστὴν
854 866 1009 893 ἀναπετάν-

1065 279 1099 300 ac
1117 273 1234 308 propitio
1257 273 1378 309 respexit
1414 273 1496 307 DEus,
1519 276 1607 310 patria
1623 275 1754 304 derelicta
1767 292 1777 311 ς
1794 278 1857 313 fuga

1065 318 1118 347 sibi
1134 319 1248 346 salutem
1264 327 1467 355 comparavere.
1482 319 1553 348 Inter
1565 329 1637 357 quos
1647 322 1759 350 fuerunt
1773 323 1856 352 ctiam

1065 364 1137 392 beati
1153 364 1234 399 hujus
1249 369 1388 400 parentes,
1399 365 1445 399 qui
1459 366 1553 393 eodem
1576 374 1661 401 puero
1677 368 1767 395 adhuc
1780 376 1859 397 acce-

1063 414 1120 446 pto,
1138 411 1165 438 in
1174 410 1392 446 Peloponnesum
1405 411 1532 439 celeriter
1546 412 1661 447 profecti
1675 417 1859 445 sunt,'extor-

1064 464 1118 488 res.
1130 456 1189 484 sine
1201 456 1447 492 pecuniis-,‘amicis
1459 457 1588 486 omnibus
1606 459 1785 495 cognatisque
1800 461 1858 495 pri-

1063 501 1128 531 vati.
1154 501 1214 529 Non
1236 507 1328 530 tamen
1353 510 1470 538 magnus
1491 503 1535 530 hic
1544 509 1639 531 noster
1656 512 1709 532 una
1728 512 1792 533 cum
1804 505 1859 533 illis

1063 547 1244 583 Peloponnesi
1260 555 1353 576 amore
1363 552 1447 583 atque
1463 547 1566 576 affectu
1584 553 1682 584 captus
1703 555 1762 584 est,
1785 558 1860 586 perc-

1062 594 1158 629 grinus
1170 594 1302 629 a-patria,
1332 594 1369 622 ita
1383 598 1412 621 ut
1428 601 1476 630 per
1489 602 1583 622 veram
1609 596 1857 631 peregrinationem

1062 647 1209 675 supernam
1220 640 1359 668 civitatem
1374 647 1430 667 non
1448 640 1614 675 requireret,
1626 646 1653 668 et
1677 649 1726 677 per
1752 643 1858 670 studio—

1062 685 1198 714 sissimam
1213 686 1334 721 politian:
1356 693 1388 713 ac
1403 690 1491 714 status
1518 687 1744 722 tranquillitatem
1769 688 1854 716 licunt

1061 731 1279 759 non~inveniret.
1297 731 1442 766 Propterea
1459 736 1607 767 antequam
1621 733 1709 768 prima
1725 734 1857 769 lanugine

1059 776 1135 805 illius
1149 777 1242 805 vultus
1251 783 1389 811 vernat-et,
1401 777 1509 813 Pelopis
1526 783 1640 812 terram;
1648 780 1858 813 velut-exosam,

1059 823 1263 858 derelinquens,
1288 823 1526 857 Thessalonicam,
1541 825 1638 852 urbem
1661 826 1746 854 totius
1767 825 1859 854 Mace-

1059 867 1148 895 doniae
1158 868 1320 902 principem,
1332 867 1525 903 proficiscitur,
1538 876 1573 896 ne
1588 869 1743 904 genitorum
1757 869 1857 896 affectu

219 910 326 942 νυσθαι,
336 911 382 937 καὶ
396 910 451 946 ὅλῳ
462 911 594 946 φέρεσθαι
604 911 643 947 τῷ
656 911 760 947 πτερῷ.
772 912 830 938 Καὶ
841 912 883 938 ὅτι
893 911 1014 943 τοιοῦτος

1066 912 1205 948 illigatus.
1231 920 1285 940 non
1309 918 1402 948 posset
1426 912 1557 941 facillime
1584 921 1632 948 per
1661 915 1858 941 continentiam

218 953 254 992 ἦν
264 955 304 992 τῷ
316 956 434 992 γενναίῳ
447 956 559 988 σκοπὸς,
573 957 621 983 καὶ
637 957 706 992 πρὸς
719 957 895 992 τοῦτομόνον
909 956 982 993 ἐώρα
994 958 1012 993 ἡ

218 1002 403 1039 ἀναχώρησις,
420 1002 554 1039 ὲδήλωσεν
567 1003 584 1038 ἠ
600 1002 647 1030 τοῦ
659 1003 823 1038 πράγματος
836 1003 958 1035 ἔκῦασις.

1066 957 1214 993 perfectam
1229 958 1262 985 ad
1280 966 1375 985 verum
1393 962 1544 986 amatorem
1558 958 1680 992 tendere,
1696 963 1778 994 atque
1792 959 1859 986 libe-

1066 1004 1105 1031 ris
1126 1004 1229 1031 amoris
1251 1003 1294 1031 sui
1311 1004 1363 1031 alis
1381 1004 1493 1032 deferri.
1510 1004 1588 1037 Quod
1610 1011 1674 1031 vero
1697 1004 1758 1032 talis
1777 1004 1860 1032 fuerit

219 1051 345 1088 generosi
361 1051 442 1086 liuius
459 1058 576 1087 scopas,
594 1055 621 1079 et
641 1051 677 1079 ad
695 1051 746 1079 hoc
765 1051 860 1080 solum
886 1050 1037 1087 respexerit
1055 1051 1129 1080 illius
1143 1059 1159 1079 a
1187 1051 1375 1087 Peloponneso
1410 1058 1547 1085 recessus,
1573 1051 1612 1079 rei
1639 1051 1726 1087 ipsius
1745 1055 1866 1080 eventus-

220 1100 436 1128 demonstravit.

254 1146 287 1179 ζ’.
303 1147 381 1182 Ἅμα
394 1155 424 1174 τε
441 1147 495 1182 γὰρ
508 1146 557 1182 τὴν
569 1146 769 1183 Θεσσαλονίκην
791 1147 923 1181 κατέλαϐε
936 1167 944 1180 ,
967 1149 1020 1176 καὶ

220 1193 323 1226 εὐθέως
335 1192 472 1219 ἐπέδωκεν
485 1193 581 1219 ἑαυτὸν
595 1193 674 1228 ἀνδρί
688 1201 742 1220 τινι
757 1194 813 1220 τῶν
827 1194 896 1228 ἄγαν
912 1195 1014 1231 ἐγκρα-

219 1238 274 1265 τῶν
286 1239 333 1265 καὶ
343 1238 435 1272 ὁσίων,
445 1238 474 1270 ὃς
487 1238 531 1265 διὰ
539 1239 568 1265 τὺ
577 1239 626 1274 τῆς
639 1240 739 1274 ἀρετῆς
752 1240 857 1275 περιὸν,
870 1240 919 1276 τὴν
930 1249 1012 1276 φρον-

219 1284 280 1311 τίδα
295 1284 350 1311 τῶν
367 1284 506 1319 ἀδελφῶν,
526 1285 552 1311 οἳ
571 1285 642 1312 κατά
661 1285 692 1312 τὸ
710 1286 782 1321 ἱερὸν
805 1289 1013 1324 φροντιστήριον

219 1330 267 1358 τοῦ
283 1331 401 1366 μεγάλου
412 1331 480 1358 Θεοῦ
495 1332 542 1358 καὶ
555 1331 680 1368 Σωτῆρος
697 1333 837 1367 Ιισκοῦντο,
853 1335 884 1361 οὑ
901 1334 1009 1367 διώξας,

220 1377 288 1404 ἀλλὰ
304 1378 497 1412 πνευματικῶς
513 1377 640 1413 διωχθεὶς
650 1399 658 1411 ,
676 1379 820 1412 ἀνεδέξατο
832 1388 840 1395 ·
862 1380 909 1407 τοῦ
925 1381 1011 1408 Λατό-

222 1432 274 1459 μου
291 1422 348 1455 νῦν,
366 1424 398 1450 ἐκ
410 1423 458 1450 τοῦ
478 1425 663 1460 γεγενημένου
685 1424 841 1460 θαύματος,
855 1426 886 1453 τὸ
901 1435 1011 1462 φροντι-

223 1469 333 1505 στήριον
355 1469 531 1505 ὀνομάζεται,
547 1471 602 1498 Καὶ
620 1471 649 1497 ὲν
661 1470 748 1506 τούτῳ
761 1472 774 1498 ὁ
789 1471 875 1506 μέγας
889 1469 965 1504 οὗτος
979 1473 1014 1500 τὰ

221 1515 275 1542 τῶν
292 1516 418 1551 μοναχῶν
435 1516 512 1548 ἐνδὺς
531 1518 546 1543 ό
559 1517 607 1544 καὶ
624 1517 678 1544 ἀπὸ
699 1516 812 1552 πρώτης
833 1518 925 1553 τριχὸς
941 1518 1015 1546 ἀπαν

1103 1149 1130 1177 7ι
1142 1148 1238 1177 Statim
1249 1149 1323 1177 enim
1338 1154 1420 1184 atque
1427 1147 1650 1177 Thesszlonicam
1660 1148 1859 1183 pervenit,tra~

1067 1195 1134 1222 didit
1150 1196 1270 1230 seipsum
1286 1203 1359 1223 cura:
1382 1194 1605 1222 et'moderationi
1625 1194 1767 1229 cujusdam
1794 1194 1858 1226 viri,

1067 1243 1113 1276 qui
1121 1242 1285 1270 abstinentia
1294 1246 1321 1270 et
1328 1242 1427 1278 pietate
1437 1246 1497 1269 erat
1507 1241 1637 1273 eximius,
1649 1245 1676 1268 et
1687 1244 1800 1275 propter
1808 1241 1860 1267 vir-

1068 1287 1134 1314 tutis
1158 1287 1361 1319 excellentiam,
1381 1293 1436 1314 non
1458 1285 1599 1318 affectans,
1611 1285 1659 1314 sed
1680 1285 1858 1320 Spiritualiter

1067 1337 1190 1365 coactus,
1204 1337 1364 1368 susceperat
1386 1340 1481 1360 curam
1498 1332 1625 1365 fratrum,
1650 1332 1696 1367 qui
1706 1332 1855 1360 secundum

1065 1386 1175 1406 sacrum
1190 1379 1281 1414 magni
1296 1378 1343 1406 Dei
1352 1386 1385 1406 ac
1397 1377 1546 1406 Salvatoris
1557 1378 1744 1414 magisterium
1769 1385 1801 1405 ac
1816 1377 1857 1405 di-

1066 1423 1209 1459 sciplinam
1221 1424 1431 1452 cxercebantur.
1441 1423 1518 1452 Nunc
1524 1424 1628 1455 schola,
1638 1431 1686 1451 seu
1696 1422 1855 1458 prmfectura

1068 1468 1186 1502 Latoml,
1198 1477 1231 1497 ex
1244 1469 1404 1497 admirando
1414 1470 1546 1505 quodam,
1564 1469 1611 1503 qui
1624 1469 1726 1501 evenit,
1741 1476 1855 1496 succes-

1070 1514 1200 1546 su,locus
1215 1514 1260 1541 ille
1276 1515 1436 1550 appellatur.
1448 1513 1504 1542 Hoc
1519 1514 1546 1541 in
1564 1513 1729 1541 monasterio
1741 1521 1858 1549 magnus

223 1561 354 1597 σαρκικδν
383 1561 588 1597 ἀποδυσάμενος
616 1562 740 1597 θέλημα,
772 1562 852 1589 ποίαν
880 1564 930 1599 μὲν
961 1564 1014 1591 τῶν

1070 1560 1115 1587 bic
1131 1560 1174 1588 vir
1184 1560 1310 1588 monachi
1323 1560 1444 1588 habitum
1459 1564 1670 1594 assumens,cta
1682 1561 1769 1595 prima
1780 1567 1858 1587 coma

222 1606 328 1642 ἀρετῶν
351 1608 382 1634 οὐ
410 1607 592 1643 κατώρθωσε;
620 1609 697 1635 ποῖον
723 1608 752 1634 δὲ
779 1606 849 1640 εἶδος
870 1609 1014 1645 ἀσκήσεως

223 1652 447 1687 ὑπερϐαλλόντως
458 1652 508 1679 οὐκ
518 1652 707 1688 ὲξησκήσατο;
723 1652 762 1685 ὡς
778 1650 848 1679 εἴναι
865 1655 921 1685 τοῖς
931 1653 1016 1689 ὁρῶσι

223 1698 402 1734 παράδειγμα
415 1718 423 1730 ,
436 1697 484 1724 καὶ
498 1698 554 1729 τοῖς
566 1697 665 1734 ζηλοῦν
685 1697 858 1734 βουλομένοις
873 1699 1017 1733 ἀκριϐείας

223 1743 315 1778 πάσης
339 1743 504 1779 ἀρχέτυπον.
534 1743 656 1779 Νηστεία
685 1743 739 1779 γὰρ
769 1743 904 1779 ἐπενοήθη
929 1743 1016 1779 τούτῳ

223 1789 317 1824 καινὴ,
333 1789 377 1817 ἳνα
387 1790 435 1816 καὶ
447 1790 494 1816 τὸν
508 1789 608 1824 δεσμὸν
621 1789 738 1824 κατέχῃ,
751 1789 798 1816 καὶ
810 1789 972 1825 διαλανθάνῃ
986 1789 1016 1816 τὸ

228 1833 448 1869 σπουδαζόμενον
460 1841 468 1849 ⁸
487 1833 626 1869 ἀγρυπνία
642 1833 742 1869 μικροῦ
756 1833 810 1860 δεῖν
825 1834 873 1860 καὶ
883 1834 1017 1860 ἀπιστου-

226 1880 295 1915 μένη
305 1881 362 1912 τοῖς
379 1880 566 1915 λογιζομένοις
584 1879 634 1915 τῆς
660 1878 761 1914 σαρκὸς
774 1879 824 1914 τὴν
837 1879 992 1915 χαυνότητα
1006 1887 1015 1895 ·

224 1925 352 1961 γλώσσης
367 1925 532 1960 κατάσχεσις
543 1924 593 1951 οὐκ
603 1925 644 1956 είς
654 1924 684 1951 τδ
699 1923 762 1961 [μὴ]
777 1924 1017 1960 πολυπραγμονεῖν

224 1971 259 1998 τὰ
274 1970 404 2005 ἀλλότρια
426 1970 517 2006 (τοῦτο
533 1971 588 2005 γὰρ
601 1970 676 2006 αὐτῷ
692 1970 747 1998 ἀπὸ
773 1970 870 2003 παιδὸς
897 1971 1016 2006 μεμελέ-

225 2018 314 2054 τητο),
330 2017 389 2044 ἀλλ’
401 2017 472 2044 ὥστε
490 2017 527 2053 μὴ
543 2016 726 2050 ἐξακούεσθαι
735 2016 786 2049 τὴν
799 2016 893 2052 φωνὴν
904 2018 961 2048 τοῖς
977 2017 1016 2053 μὴ

225 2063 349 2099 ἀκριϐῶς
369 2063 438 2100 πρὸς
465 2064 570 2091 ἐκεῖνον
600 2062 792 2098 προσέχουσιν,
814 2062 829 2089 ὕ
858 2062 1018 2098 φιλοσοφίας

226 2109 301 2135 ἐπὶν
325 2108 408 2144 ἀρχὴ,
427 2108 527 2144 μᾶλλον
546 2108 574 2135 δὲ
594 2107 756 2142 φιλοσοφίας
779 2107 810 2134 τὺ
829 2107 1016 2135 τελειότατον·

225 2155 250 2181 εἰ
273 2155 328 2190 γὰρ
352 2155 440 2190 ἀρχὴν
474 2155 571 2189 σοφίας
594 2153 677 2188 φόσον
701 2153 772 2180 Θεοῦ
801 2153 1015 2190 μεμαθήκαμεν,

225 2199 294 2227 Θεοῦ
308 2200 336 2227 δὲ
348 2200 429 2236 φόϐος
444 2200 558 2227 ὲντολῶν
568 2200 702 2234 ἐπάγεται
716 2199 868 2235 πλήρωσιν,
881 2200 1015 2237 κρατίστη

1069 1605 1110 1641 (ut
1123 1605 1210 1641 aiunt)
1218 1606 1358 1634 universas
1369 1606 1460 1634 carnis
1473 1613 1578 1634 exuens
1592 1606 1746 1634 voluntates
1756 1606 1794 1638 ,in
1803 1613 1857 1640 qua

1066 1652 1168 1679 virtute
1181 1660 1342 1687 progressus
1351 1660 1405 1680 non
1419 1652 1502 1680 fecit?
1512 1655 1540 1680 et
1551 1653 1577 1679 in
1588 1660 1641 1686 qua
1656 1659 1783 1680 asceseos
1793 1659 1856 1686 spe-

1067 1697 1109 1725 cie
1124 1705 1185 1725 sese
1195 1697 1347 1725 eminenter
1356 1705 1410 1725 non
1420 1697 1541 1726 exercuit
1551 1698 1563 1724 ?
1575 1697 1667 1732 Itaque
1677 1701 1736 1725 erat
1748 1697 1857 1724 intuen-

1068 1742 1141 1770 tibus
1155 1742 1322 1777 cxemplum,
1338 1748 1365 1770 et
1378 1743 1563 1770 aemulationis
1572 1742 1704 1770 studiosis
1725 1742 1858 1769 universae

1067 1788 1222 1816 sedulitatis
1234 1789 1409 1825 arebetypus.
1424 1787 1562 1824 J‘ejunium
1573 1788 1645 1815 enim
1660 1795 1759 1815 novum
1776 1791 1859 1822 atque

1068 1832 1210 1860 insolitum
1223 1833 1397 1868 excogitavit,
1414 1833 1451 1861 ita
1467 1838 1498 1861 ut
1519 1838 1547 1861 ct
1566 1833 1706 1861 vinculum
1718 1833 1857 1866 retineret,

1068 1881 1096 1905 et
1109 1878 1314 1907 studiumillius
1324 1879 1464 1914 singulare
1489 1883 1603 1907 caeteros
1615 1879 1726 1907 lateret.
1753 1878 1859 1914 Vigiliaa

1069 1923 1126 1951 fere
1146 1929 1225 1952 erant
1238 1924 1432 1953 incredilibiles
1446 1925 1684 1953 considerantibus
1697 1925 1790 1953 carnis
1805 1925 1857 1952 im-

1069 1969 1253 1998 becillitatem.
1267 1971 1398 2006 Linguam
1410 1971 1568 2004 cohibebat,
1582 1979 1617 1999 ne
1631 1971 1720 1999 aliena
1731 1970 1803 1999 facta
1811 1979 1859 1999 cu-

1068 2016 1171 2045 riosius
1183 2017 1367 2052 investigaret.
1383 2015 1412 2044 In
1424 2016 1476 2045 hoc
1489 2016 1563 2044 enim
1575 2024 1591 2044 a
1602 2023 1688 2052 puero
1701 2024 1796 2044 curant
1811 2023 1859 2051 po-

1069 2070 1173 2096 suerat,
1191 2071 1241 2091 nec
1253 2071 1305 2091 vox
1323 2063 1385 2098 ejus
1395 2062 1518 2090 exaudiri
1531 2066 1637 2098 poterat
1650 2062 1703 2089 nisi
1716 2062 1751 2089 ab
1765 2062 1799 2089 iis
1810 2061 1858 2096 qui

1068 2112 1172 2136 attente
1185 2115 1280 2135 aurem
1299 2107 1420 2143 loquenti
1435 2107 1615 2140 arrexissent,
1629 2107 1655 2134 id
1671 2108 1745 2142 quod
1768 2107 1858 2141 philo-

1069 2153 1173 2188 sophia:
1190 2158 1231 2181 est
1246 2153 1365 2185 initium,
1379 2153 1435 2180 imo
1466 2160 1575 2180 summa
1602 2152 1782 2187 philosophia-
1792 2159 1857 2187 per-

1069 2199 1163 2227 fectio.
1181 2199 1210 2226 Si
1224 2199 1296 2227 enim
1311 2199 1420 2227 initium
1445 2199 1587 2234 sapientite
1596 2198 1720 2226 timorem
1738 2197 1789 2225 Dei
1798 2206 1858 2225 esse

226 2246 255 2273 δέ
270 2246 325 2273 τῶν
341 2246 457 2272 ἐντολῶν
473 2246 505 2273 τὸ
531 2246 638 2273 τιθέναι
663 2245 748 2281 θύραν
764 2245 803 2280 τῷ
823 2245 951 2280 στόματι.
973 2245 1014 2272 ῐνα

1069 2244 1231 2278 didicimus;
1245 2244 1292 2272 Dei
1307 2249 1398 2273 autem
1421 2244 1513 2275 timor.
1529 2248 1559 2271 ut
1581 2243 1705 2279 ejusdem
1729 2242 1860 2285 mandata

229 2292 298 2327 μήτε
310 2291 373 2323 νοῦς
393 2291 499 2326 ἀλόγως
524 2291 708 2326 ῥεμσάζηται,
726 2291 796 2326 μήτε
814 2290 893 2325 λόγος
915 2291 1018 2327 θυραυ-

227 2337 314 2372 λήσας
340 2337 441 2370 ἔξωθεν
459 2337 565 2372 ἀπηχὲς
589 2338 629 2369 εἰς
653 2336 817 2371 πολυλογίαν
847 2337 1017 2373 μετακινήσῃ

227 2383 278 2418 τῆς
293 2383 408 2418 ἡσυχίας
433 2382 479 2410 τὸν
505 2382 634 2418 ἐραστὴν,
652 2381 764 2417 εῠδηλον
790 2381 856 2417 ἀρα,
874 2381 946 2409 κατὰ
970 2382 1018 2409 τὸν

228 2428 300 2456 θεεον
315 2428 407 2462 Δασὶδ,
434 2428 472 2460 ὥς
499 2429 516 2464 ἠ
542 2427 650 2464 φυλακὴ
667 2428 722 2455 τῶν
733 2427 801 2454 ὁδῶν
819 2427 867 2454 τοῦ
883 2427 951 2454 Θεοῦ
978 2427 1019 2464 τῷ

228 2473 413 2509 ἀναμαρτήτῳ
428 2473 478 2509 τῆς
490 2472 615 2508 γλώττης
631 2472 823 2500 κατευοδοῦται
838 2481 868 2499 τι
885 2472 932 2500 καὶ
949 2472 1019 2500 πλα-

228 2518 356 2546 τύνεται·
380 2520 414 2555 ἢν
428 2518 607 2555 κατορθώσας
628 2519 643 2545 ὸ
672 2519 770 2553 μέγας,
783 2519 834 2551 τὰς
854 2519 938 2551 ἀλλας
960 2516 1018 2555 εἶχε

231 2564 284 2591 τῶν
296 2565 402 2600 ἀρετῶν
414 2565 588 2599 ὲφεπομένας
602 2563 688 2599 αὐτῷ.
697 2563 735 2591 Τὸ
748 2564 777 2591 δι
790 2564 856 2600 περὶ
868 2565 918 2600 τὴν
930 2573 1019 2601 στρω-

233 2608 304 2645 μνὴν
329 2609 502 2645 ἠμελημένον
513 2609 610 2646 κομιδῇ
625 2609 672 2636 καὶ
686 2608 769 2642 λιτὸν,
782 2609 824 2642 τίς
842 2609 928 2643 οὕτως
944 2611 1018 2638 ἔστὶν

231 2655 322 2691 ἀφυὴς
352 2656 417 2692 περὶ
432 2655 466 2683 τὰ
483 2655 565 2688 καλὰ,
580 2655 609 2687 ὃς
625 2655 662 2691 μὴ
679 2654 838 2691 τιθαύμακέ
855 2664 886 2683 τε
913 2657 961 2683 καὶ
975 2657 1019 2691 tE-

231 2701 350 2738 επλάγη.
367 2701 414 2728 καὶ
430 2701 461 2729 τδ
476 2702 544 2738 πρὸς
563 2702 661 2734 πόνους
672 2702 807 2738 ἀήττητον
832 2702 1017 2737 δμεγάλυνεη

233 2746 352 2781 Ἔδαφος
365 2744 400 2782 ἦν
414 2746 511 2782 ἐκείνῳ
529 2747 606 2782 ψιλὸν
619 2747 636 2783 ἡ
658 2748 798 2783 στρωμνὴ,
815 2747 845 2774 ὲν
855 2743 878 2780 ᾧ
888 2746 920 2773 τὸ
937 2747 1019 2774 ἀσθε-

232 2793 276 2825 νὲς
287 2794 337 2828 τῆς
350 2793 459 2828 φύσεως
484 2793 652 2829 διηλέγχετο,
681 2794 728 2820 καὶ
749 2793 822 2824 λίθος
839 2793 870 2820 τὸ
894 2792 1018 2821 ποθεινὸν

234 2839 453 2875 προσκεφάλαιον
467 2846 475 2854 ·
512 2839 595 2874 ὕμνος
613 2841 628 2866 ὁ
655 2839 743 2875 πάντη
769 2839 950 2875 βραχύτατος,
972 2840 1019 2867 καὶ

235 2884 305 2914 κατὰ
316 2885 365 2913 τὴν
382 2885 528 2918 ἀναλογίαν
542 2885 591 2919 τῆς
616 2885 728 2921 ἐδωδῆς,
745 2886 774 2913 ἐν
787 2883 809 2921 ᾧ
825 2886 955 2919 πολλάκις
972 2886 1020 2914 καὶ

1069 2291 1245 2326 impleantur,
1263 2290 1338 2322 facit,
1352 2298 1436 2326 porro
1461 2290 1651 2318 mandatorum
1667 2289 1858 2325 praestantissi-

1069 2343 1145 2363 mum
1161 2340 1213 2368 est.
1228 2343 1331 2371 ponere
1345 2336 1385 2362 ori
1401 2335 1525 2371 januatn,
1541 2339 1572 2362 ut
1594 2342 1682 2369 neque
1697 2341 1774 2362 mens
1788 2334 1858 2361 irra-

1069 2381 1237 2409 tionabiliter
1246 2385 1385 2416 evagetur,
1402 2388 1492 2416 neque
1512 2381 1591 2408 ratio
1611 2380 1656 2408 cui
1675 2380 1774 2408 domus
1787 2380 1859 2408 inle-

1069 2425 1151 2454 rioris
1158 2426 1282 2454 custodia
1303 2426 1486 2458 incumbebat,
1499 2425 1594 2453 eadem
1604 2425 1708 2458 relicta,
1720 2426 1748 2453 in
1762 2426 1858 2453 multi-

1070 2471 1192 2507 IOquium
1208 2472 1312 2500 absone
1324 2477 1498 2500 commoveat
1509 2471 1615 2499 silentii
1627 2477 1654 2500 et
1666 2472 1766 2507 quietis
1778 2480 1858 2499 ama-

1069 2523 1179 2551 torem,
1203 2517 1459 2546 manifestissimum
1474 2523 1527 2551 est,
1537 2517 1617 2552 juxta
1641 2518 1726 2546 divini
1748 2519 1857 2546 Davidis

1069 2563 1192 2597 eﬂ‘atum,
1210 2563 1364 2592 custodiam
1379 2563 1570 2590 mandatorum
1596 2562 1653 2596 Dei,
1680 2564 1716 2597 ei,
1740 2563 1786 2598 qui
1802 2571 1856 2590 ιιειιι

1070 2613 1165 2645 peccat
1181 2609 1280 2646 lingua;
1294 2609 1383 2645 lapsu,
1402 2617 1534 2645 prospero
1549 2609 1678 2646 facilique
1698 2617 1779 2637 cursu
1794 2616 1858 2635 suc-

1070 2655 1179 2689 cedere,
1194 2660 1275 2690 atque
1291 2655 1317 2683 in
1344 2655 1550 2690 amplitudinem
1574 2654 1736 2684 commutari
1750 2663 1757 2680 :
1772 2661 1856 2688 quam

1070 2702 1179 2737 quidem
1194 2701 1348 2730 custodiam
1371 2709 1486 2737 magnus
1513 2702 1558 2729 hic
1577 2701 1672 2729 scdulo
1695 2701 1856 2730 observans,

1071 2748 1185 2775 aliarum
1207 2747 1495 2784 virtutnmsequelam
1527 2748 1607 2775 facile
1632 2746 1759 2774 obtinuit.
1780 2745 1860 2779 Quod

1070 2802 1135 2822 vero
1150 2794 1248 2822 attinet
1267 2794 1303 2822 ad
1314 2795 1418 2828 lectuli,
1434 2794 1461 2822 in
1481 2794 1669 2830 qno_jacebat,
1694 2793 1871 2828 neglectum,

1071 2847 1254 2875 magnamque
1271 2840 1411 2873 vilitatem,
1424 2840 1485 2876 quis
1499 2844 1556 2867 crat
1569 2840 1604 2866 ita
1620 2839 1652 2866 ad
1669 2846 1712 2866 res
1729 2839 1859 2866 honestas

1073 2886 1258 2922 dispiciendas
1269 2887 1388 2923 ineptus,
1403 2891 1431 2915 ut
1447 2893 1499 2914 non
1513 2887 1538 2913 in
1548 2885 1755 2914 admirationem
1767 2889 1859 2917 stupo-
