2077 3157
249 144 300 180 9ἰ7
815 153 845 183 S.
866 152 1023 183 JOSEPHI

1075 154 1327 186 YMNOGRAPHI
1552 165 1554 167 ’
1816 162 1867 196 948

247 210 360 238 remque
375 207 526 238 raperetur,
546 207 628 239 atque
641 203 714 233 illius
729 205 755 232 in
766 204 906 233 laboribus
923 205 1024 233 inde-res

1090 207 1249 242 μυστηρίων
1266 209 1497 244 παραγυμνὼσεις
1512 210 1552 246 τῷ
1577 211 1708 248 πανάγνῳ
1723 211 1816 242 τούτου
1829 211 1866 243 νο⁸

246 257 308 276 sum
325 249 509 286 invictumque
518 250 637 277 animum
647 258 699 278 non
712 251 872 278 extolleret?
888 251 1024 278 Eratilliu:

1086 253 1276 288 διεγράφοντο.

246 295 330 324 lectus
348 297 449 324 nudum
469 297 664 332 pavimentum,
678 298 705 325 in
726 306 780 333 quo
797 303 901 326 natura:
914 299 1058 327 infirmitas
1090 303 1294 330 monstrabatur
1317 312 1324 330 :
1342 304 1412 339 lapis
1427 312 1491 332 vero
1506 312 1555 340 pro
1587 305 1698 340 pulﬁllo
1731 307 1863 336 desidera-

246 342 307 369 bilis
318 343 498 370 deservicbat.
518 342 604 371 Porro
616 352 730 372 somnus
747 349 805 373 erat
833 347 947 374 omnino
961 347 1149 383 brevissimus,
1165 355 1190 377 ct
1205 350 1238 378 ad
1270 356 1350 386 potus
1372 352 1480 386 cibique
1511 361 1666 381 mensuram
1692 362 1723 381 ac
1756 363 1865 390 propor-

244 390 344 417 tionem
365 399 371 417 :
385 390 411 417 in
426 398 459 417 eo
475 395 564 418 autem
590 398 662 426 saepe
678 399 756 420 sacra
775 394 903 428 mysteria
915 387 1070 429 purissimae
1085 395 1158 424 illius
1174 399 1256 426 menti
1268 399 1489 427 deuudabantur.
1780 391 1785 396 ἱ

277 435 338 463 8-9.
350 435 401 463 Alii
413 444 479 464 sane
498 437 634 473 lacrymas
646 438 731 466 instar
761 441 892 469 torrentis
906 449 939 469 ex
959 442 1024 468 illini

1122 444 1199 479 η’-θ’.
1219 446 1316 478 ’Δλλος
1330 446 1379 481 μὲν
1398 447 1486 480 οὓνξτὺ
1502 447 1654 483 καταρρέον
1673 448 1702 479 ἐξ
1723 448 1864 483 ὀφθαλμῶν

242 481 329 509 oculis
337 488 494 511 cmanantes
513 483 693 518 admirentur,
709 491 736 514 et
753 494 871 521 genuum
890 488 957 515 adeo
980 488 1024 516 fre

1087 489 1249 525 Θαυμαζέτω
1261 492 1409 526 κρουνηδὸν
1418 493 1545 527 δάκρυον,
1563 481 1609 519 καὶ
1624 495 1672 524 τὰς
1687 481 1774 520 πάντα
1789 481 1864 529 λογον

242 532 355 562 quentes
362 527 574 562 ineurvaliones,
584 535 613 558 ut
622 531 697 559 nullo
704 539 789 566 prope
795 539 922 560 sermone
928 533 1021 568 possin

1086 537 1301 572 ὑπερϐαινούσας
1317 539 1500 573 γονυκλισίας,
1514 539 1552 571 ὡς
1566 541 1605 571 εἰς
1618 540 1692 566 λίθου
1704 541 1784 575 φύσιν
1801 549 1865 568 κατ-

241 573 388 604 recenseri,
407 573 443 600 ita
461 578 490 601 ut
506 574 579 602 illius
593 583 679 610 genua
695 576 723 603 in
743 576 840 611 lapidis
855 582 979 605 naturam
991 578 1034 605 di-

243 619 508 654 riguerint,altcrnis
532 621 566 648 ad
587 620 671 649 Deum
695 623 850 657 colloquiis,
864 623 1031 657 etmotibus,

241 672 273 692 ac
289 665 453 693 stationibus
464 674 511 701 per
528 671 610 694 totam
632 672 738 696 noctem
754 668 884 697 adhibitis
906 679 912 697 :
936 670 1031 705 palpe-

241 710 295 736 brae
311 718 374 737 vero
388 718 421 738 ac
435 711 580 746 supercilia
597 720 629 739 ex
658 714 769 741 assiduo
786 719 867 749 atque
894 714 1030 743 immenso

240 755 422 790 lacrymarum
446 756 532 785 imbre
547 763 746 786 excavarentur
777 766 810 788 ac
832 759 1027 795 depilarentur.

240 801 291 828 Alii
305 808 369 829 vero
398 802 645 830 eminentissimum
673 804 747 832 illius
765 805 957 839 humilitatem,
973 814 1026 841 qua

1085 583 1247 619 εσκληκέναι
1273 584 1307 612 τὰ
1341 585 1441 618 γόνατα
1469 586 1530 617 ταῖς
1554 585 1767 621 ἀλλεπαλλήλοις
1798 588 1863 623 πρὸς

1084 629 1151 655 Θεὸν
1169 629 1349 665 ἀδολεσχίαις,
1379 630 1427 656 καὶ
1450 631 1511 661 ταῖς
1527 631 1673 666 παννύχοις
1699 632 1820 667 κινήσεσί
1834 641 1862 659 τε

1083 675 1131 701 καὶ
1147 675 1267 708 στάσεσι,
1282 675 1332 707 τάς
1347 683 1378 702 τε
1394 675 1524 710 ψιλώσεις
1544 676 1598 703 τῶν
1610 676 1778 712 βλεφαρίδων
1797 678 1863 712 μετὰ

1083 721 1250 756 κοιλότητος,
1267 723 1298 748 ἐκ
1313 722 1363 756 τῆς
1380 722 1495 757 ἀπείρου
1510 722 1564 748 τῶν
1577 722 1701 758 δακρύων
1713 723 1864 758 ὀμδροῦλυ-

1082 768 1197 802 τήσεως.
1213 768 1309 800 Ἄλλος
1328 767 1356 794 δὲ
1367 768 1397 795 τὺ
1411 768 1579 802 ὑπερβάλλον
1598 769 1649 803 τῆς
1663 769 1862 802 ταπεινώσεως,

1081 814 1155 845 ὅπως
1168 814 1215 841 καὶ
1228 814 1285 845 τοῖς
1297 814 1500 849 ταπεινοτέροις
1517 814 1612 849 μέχρις
1628 814 1743 848 ἐδάφους
1758 814 1808 848 τὴν
1820 822 1863 840 es.

238 847 278 874 vel
297 847 397 876 intimis
410 849 596 876 venerandum
612 854 696 884 caput
709 851 743 878 ad
760 855 877 879 terrram
888 859 976 887 usque
986 853 1024 880 in-

1083 861 1204 896 δασμίαν
1223 863 1311 895 κάραν
1323 847 1452 888 ὐπέκλινε
1467 869 1473 877 ·
1489 847 1536 887 καὶ
1552 847 1636 887 πᾶσιν
1655 847 1753 894 ἐπίσης
1769 847 1803 886 τὰ
1816 859 1863 894 τῆς

239 893 370 926 clinnbat,
384 897 412 921 et
431 901 495 929 erga
510 900 624 923 cunctos
643 897 775 930 aequalem
800 897 960 925 cbaritatem
982 905 1032 926 cu-

238 939 383 972 stodiebat,
402 940 474 967 nulla
494 940 670 969 distinctione
690 941 773 975 facta,
791 947 899 970 servata
923 950 1031 979 semper

238 991 300 1019 erga
319 992 412 1012 omnes
430 985 593 1014 immutabili
622 987 733 1015 unione.
757 988 810 1016 Alii
828 993 919 1017 autem
942 989 1030 1018 conti-

239 1029 369 1064 nentiam,
387 1038 419 1058 ac
431 1031 514 1059 nullis
527 1031 687 1067 dissipatam
705 1034 914 1068 evagationibus
926 1035 1029 1070 cogita-

238 1075 352 1102 tionem.
367 1075 472 1104 Etcnim
488 1084 549 1104 cum
561 1077 612 1112 legi
627 1079 726 1106 mentis
746 1079 832 1114 legem
842 1081 934 1108 carnis
943 1081 1029 1108 collu-

238 1124 356 1148 ctantem
369 1129 400 1149 ac
415 1127 613 1157 repugnantem
628 1123 742 1156 videret,
753 1124 831 1160 juxta
845 1127 934 1161 magni
953 1127 1026 1162 Apo-

241 1167 302 1194 stoli
316 1167 417 1195 dictum
429 1169 449 1201 ‘,
472 1173 528 1196 toto
543 1169 626 1196 animi
651 1174 749 1198 conatu
763 1171 791 1198 in
818 1172 903 1207 legem
924 1172 970 1200 Dei
988 1172 1028 1201 fe-

242 1211 362 1245 rebatur,
374 1220 406 1239 ne
414 1220 526 1247 serpens
535 1213 590 1246 ille,
603 1214 660 1250 qui,
671 1215 749 1250 juxta
765 1224 893 1252 magnum
905 1218 1028 1246 veritatis

239 1258 389 1293 agonistam
402 1258 463 1293 Job,
482 1260 582 1288 residet
594 1260 620 1288 in
633 1262 762 1290 umbilico
787 1264 898 1297 ventris,
921 1265 1027 1300 passio-

239 1311 288 1330 nes
300 1311 428 1332 venereas
439 1306 464 1332 in
479 1306 591 1334 renibus
598 1308 720 1335 excitans
735 1308 798 1342 illis,
811 1310 857 1344 qui
871 1311 942 1338 circa
952 1316 1027 1339 exte-

237 1350 324 1377 riores
344 1358 441 1379 sensus
456 1358 596 1388 vagantur,
610 1353 637 1380 in
655 1354 728 1382 illius
741 1359 858 1383 mentem
872 1356 1024 1391 ingressum

238 1396 379 1430 reperiret.

273 1442 317 1468 l0.
335 1442 386 1469 Alii
410 1443 546 1471 intensum
562 1444 636 1472 illius
664 1444 886 1482 indefessumque
899 1447 925 1474 in
953 1447 1025 1483 psal-

237 1488 288 1515 mis
299 1491 326 1515 et
335 1489 442 1523 hymnis
450 1489 626 1518 concinendis
638 1491 756 1518 laborem
765 1493 940 1528 studiumque
950 1501 1026 1521 com—

240 1533 378 1566 mendent,
390 1542 606 1571 generosumque
620 1536 772 1571 agonistam
788 1537 886 1565 divinis
897 1525 1025 1566 laudibus
1039 1525 1061 1555 Ο

236 1579 378 1608 extollant.
403 1579 455 1606 Alii
477 1580 716 1616 incomparabilem
745 1582 773 1609 in
798 1583 935 1618 loquendo
959 1583 1027 1611 scri—

237 1624 380 1659 bendoque
396 1625 549 1654 facundiam
567 1627 692 1655 oratione
712 1628 913 1662 concelebrent,
925 1630 1025 1664 quippe

237 1671 283 1704 qui
296 1675 424 1705 tanquam
437 1671 495 1705 apis
510 1679 649 1699 sacrarum
665 1672 867 1708 Seripturarum
880 1679 956 1709 prata
971 1675 1025 1701 cir-

237 1716 429 1750 cumvolitans,
439 1721 465 1744 et
482 1717 678 1752 pulcherrimos
685 1720 857 1755 optimosque
873 1720 953 1749 ﬂores
968 1721 1026 1749 dis-

236 1766 311 1789 crete
321 1762 459 1796 colligens,
481 1770 590 1791 omnem
612 1765 740 1792 virtutum
766 1766 918 1801 speciemin
933 1767 1023 1803 seipso

237 1807 412 1835 melliﬂcavit.
423 1808 561 1837 Castitatis
573 1811 681 1846 quidem
693 1819 724 1839 ac
734 1813 920 1846 temperantiae
932 1820 1024 1842 exem-

238 1854 397 1888 plarhabuit
411 1856 594 1883 castissimum
607 1856 723 1892 Joseph;
740 1858 818 1893 cujus
832 1859 858 1885 in
872 1859 1023 1887 all'ectioni-

238 1902 288 1929 bus
304 1902 459 1937 subigendis
476 1902 644 1930 severitatem
656 1903 775 1931 imitatus
791 1909 842 1937 est,
859 1912 911 1932 non
925 1906 1021 1933 adver-

236 1956 284 1976 sus
297 1948 450 1984 Egyptiam
470 1948 598 1976 {culinam
628 1957 688 1977 sese
711 1949 857 1978 defendens
882 1959 915 1978 ac
942 1960 1021 1987 repu-

236 2002 333 2029 gnans,
347 1995 393 2022 sed
407 1995 537 2022 adversus
551 2001 700 2030 peccatum,
712 1996 790 2029 juxta
804 1997 888 2024 divini
898 1997 1020 2032 Apostuli

235 2040 422 2076 praescriptum
435 2042 457 2073 ',
474 2048 562 2075 usque
577 2042 610 2068 ad
627 2042 787 2076 sanguinem
803 2043 950 2071 resistens:
963 2051 1019 2072 non

234 2086 345 2120 pallium
359 2093 461 2113 exuens
496 2093 528 2112 ac
555 2085 693 2120 rejiciens,
719 2091 749 2113 ut
771 2087 1018 2122 impudentissimae

235 2131 357 2160 mulieris
371 2138 432 2159 sese
450 2131 484 2158 ad
497 2131 586 2166 turpia
609 2131 752 2159 allicientis
770 2139 867 2159 manus
878 2132 1016 2168 ell'ugeret,

1081 908 1191 944 ἀγάπης
1216 908 1344 943 ἐτήρησε,
1370 907 1506 944 μηδεμίαν
1526 906 1689 941 ποιούμινος
1708 904 1860 940 διαστολὴν,

1080 954 1124 981 διὰ
1139 955 1188 988 τὴν
1203 954 1272 988 πρὸς
1291 953 1394 984 πάντας
1421 952 1619 987 ἀμετάπτωτον
1641 951 1750 977 ἕνωσιν.
1771 951 1863 981 Ἀλλος

1079 1000 1109 1027 τὸ
1134 1000 1278 1034 ἐγκρατὲς,
1300 1000 1346 1026 καὶ
1374 999 1404 1026 τὸ
1423 999 1472 1033 τῆς
1488 997 1607 1029 διανοίας
1625 997 1779 1032 ἀνέμὸατον
1791 1004 1798 1011 ·
1825 996 1863 1031 τῷ

1078 1046 1152 1081 νόμῳ
1163 1046 1217 1080 γὰρ
1228 1045 1274 1072 τοῦ
1288 1045 1347 1076 νοὸς
1361 1044 1637 1079 ἀντιστρατευόμενον
1649 1043 1758 1077 βλέπων
1768 1042 1813 1068 τὸν
1824 1041 1864 1068 νό-

1080 1101 1129 1127 μον
1143 1092 1193 1126 τῆς
1209 1091 1320 1126 σαρκὸς,
1339 1091 1353 1117 ὅ
1368 1099 1449 1125 φησιν
1474 1091 1488 1116 ὁ
1500 1090 1586 1125 μέγας
1603 1089 1779 1120 ’Δπόστολος,
1806 1087 1863 1118 ὅλος

1077 1137 1115 1173 τῷ
1125 1138 1199 1172 νόμῳ
1213 1136 1258 1163 τοῦ
1269 1136 1336 1163 Θεοῦ
1348 1131 1530 1171 ἀνεπτέρωτο,
1542 1135 1584 1163 ἵνα
1603 1134 1640 1169 μὴ
1658 1134 1733 1169 σχοίη
1749 1133 1859 1168 παρείσ-

1076 1183 1151 1210 δυσιν
1167 1183 1191 1214 ὀ,
1216 1182 1287 1208 κατὰ
1313 1181 1358 1208 τδν
1382 1181 1468 1215 μέγαν
1486 1181 1536 1216 τῆς
1560 1179 1689 1216 ἀληθείας
1709 1177 1862 1213 ἀγωνιστὴν

1082 1228 1152 1261 Ἰὼϐ,
1173 1228 1237 1262 παρ’
1256 1227 1371 1262 ὀμφαλῷ
1388 1227 1506 1261 γαστρδς
1520 1226 1651 1258 ὲνιζάνων
1677 1225 1751 1260 ὄφις,
1770 1224 1816 1251 καὶ
1831 1222 1863 1250 τὰ

1077 1274 1240 1311 περινέφρια
1252 1273 1326 1308 πάθη
1342 1272 1478 1300 ἀνακινῶν
1492 1273 1548 1304 τοῖς
1568 1270 1787 1307 ῥεμὸαζομένοις
1798 1268 1862 1304 ινιερλ⁸

1076 1320 1125 1356 τὴν
1141 1320 1240 1353 ἔξωθεν
1257 1319 1394 1352 αἴσθησιν.

1112 1452 1137 1479 ι’.
1157 1451 1252 1482 ΙἌλλος
1269 1449 1299 1476 τὺ
1313 1449 1342 1475 ὲν
1356 1448 1473 1484 ψαλμοῖς
1487 1447 1535 1474 καὶ
1554 1445 1651 1482 ὕμνοις
1665 1445 1809 1472 ἀνένδοτὸν
1831 1450 1859 1469 τε

1077 1499 1123 1524 καὶ
1138 1497 1263 1524 σύντονον
1295 1494 1477 1530 ρητορευέτω,
1506 1492 1553 1519 καὶ
1575 1491 1707 1523 θειαζέτω
1726 1490 1775 1517 τὸν
1801 1496 1861 1523 γεν-

1076 1545 1150 1574 ναῖον
1171 1542 1323 1577 ἀγωνιστήν
1336 1550 1342 1557 ·
1363 1541 1410 1569 καὶ
1435 1540 1449 1566 ὸ
1472 1540 1521 1575 μὲν
1548 1539 1578 1565 τὸ
1599 1538 1737 1573 ἀμίμητον
1759 1535 1860 1562 ἐκείνου

1076 1589 1141 1625 περὶ
1166 1589 1228 1620 τοὺς
1244 1587 1340 1622 λόγους
1361 1585 1571 1622 μεγαλυνέτω...
1594 1584 1668 1631 ὅπως
1688 1582 1725 1614 ὡς
1750 1580 1861 1631 μέλισσα

1075 1635 1137 1666 τοὺς
1150 1634 1283 1669 λειμῶνας
1305 1632 1359 1658 τῶν
1387 1631 1501 1666 Γραφῶν
1527 1628 1756 1665 περιιπτάμενος,
1770 1626 1816 1653 καὶ

1075 1678 1207 1706 κάλλιστα
1227 1677 1282 1704 τῶν
1311 1676 1415 1703 ἀνθέων
1441 1675 1577 1710 εὐκρινῶς
1593 1673 1788 1708 ἐκλεγόμενος,
1807 1673 1859 1696 πᾶν

1075 1723 1144 1756 εἶδος
1158 1724 1257 1759 ἀρετῆς
1273 1724 1301 1749 ὲν
1316 1721 1404 1756 ἑαυτῷ
1419 1722 1570 1756 ὲκεράσατο
1582 1729 1589 1736 ·
1611 1719 1793 1755 σωφροσύνης
1812 1716 1860 1752 μὲν

1074 1766 1144 1799 εἶδος
1160 1767 1206 1794 καὶ
1224 1767 1335 1801 ἁγνείας
1351 1766 1420 1801 ἔχων
1438 1765 1483 1792 τὸν
1501 1765 1627 1800 σώφρονα
1648 1763 1763 1799 Ἰωσὴφ,
1785 1763 1816 1789 οὐ
1831 1761 1859 1788 τὺ

1074 1813 1142 1850 πρὸς
1162 1813 1197 1840 τὰ
1213 1812 1287 1847 πάθη
1305 1812 1444 1838 ἀνένδοτον
1467 1810 1692 1846 ἀπομιμούμενος
1718 1808 1838 1844 τέθηπεν
1850 1826 1858 1837 ,

1073 1860 1103 1887 οὐ
1122 1859 1191 1894 πρὸς
1214 1858 1366 1892 Αἰγυπτίαν
1387 1857 1607 1892 ἀπομαχόμενος,
1632 1856 1700 1883 ἀλλὰ
1723 1864 1795 1894 προς
1812 1855 1860 1889 τὴν

1072 1905 1221 1940 ἁμαρτίαν,
1237 1903 1274 1934 ὡς
1290 1904 1304 1930 ὁ
1328 1903 1397 1934 θεῖος
1421 1902 1594 1929 διατάττεται
1619 1901 1795 1933 ’Δπόστολος,
1812 1899 1859 1935 μέ-

1072 1959 1132 1987 χρις
1148 1950 1263 1985 αἵματος
1285 1948 1545 1982 ἁντικαθιστάμςνος
1559 1956 1565 1963 ·
1583 1948 1633 1983 οὐχ
1657 1947 1768 1982 ἱμάτιον
1791 1946 1858 1972 ἀπο-

1071 1997 1210 2032 δυόμενος,
1225 1995 1268 2022 ἵνα
1288 1995 1360 2030 φύγῃ
1374 1995 1467 2029 χεῖρας
1486 1993 1597 2025 σοὸἀδος
1614 1992 1803 2031 ὲφελκομένης
1817 1990 1856 2020 εἰς

1071 2042 1160 2069 ἄτοπα
1173 2062 1180 2074 ,
1193 2040 1262 2068 ἀλλὰ
1275 2041 1364 2075 σάρκα
1379 2041 1468 2066 πᾶσαν
1493 2040 1537 2066 διὰ
1556 2039 1604 2074 τῆς
1633 2038 1799 2074 ἐγκρατείας
1817 2044 1859 2063 ve-

1072 2088 1156 2123 κρῶν,
1176 2087 1219 2113 ινα
1243 2087 1291 2113 καὶ
1325 2086 1427 2121 μικρὰς
1453 2085 1577 2117 εἰσϐολὰς
1596 2085 1741 2121 ἀποδράσῃ
1763 2083 1811 2110 τοῦ
1827 2081 1860 2108 δι’

1071 2133 1225 2168 αἰσθήσεων
1240 2131 1489 2167 παρακλέπτοντος.
1511 2130 1609 2157 Ἰακὼϐ
1626 2130 1653 2157 δὲ
1669 2130 1700 2157 τὸ
1722 2130 1861 2157 ἄπλαστον

234 2177 281 2204 sed
288 2184 396 2204 carnem
406 2181 488 2204 totam
495 2184 543 2212 per
550 2177 744 2204 continentiam
755 2177 932 2210 mortiﬁcans,
941 2183 969 2206 ut
977 2179 1019 2206 vel

1075 2180 1122 2206 καὶ
1135 2179 1274 2214 ἀκέραιον,
1291 2178 1321 2204 οὐ
1337 2177 1461 2204 κλέπτων
1474 2177 1601 2211 εὐλογίας
1618 2177 1721 2211 πατρὸς
1743 2176 1777 2203 δι’
1794 2176 1860 2202 ὑπο-

234 2223 363 2252 minimos
377 2224 495 2258 impetus
509 2223 636 2251 evaderet
650 2223 723 2250 illius
737 2224 783 2258 qui
798 2223 891 2251 furtim
901 2232 948 2259 per
956 2233 1019 2252 seu.

233 2277 282 2298 sus
293 2270 451 2305 ingreditur.
468 2269 562 2297 Jacobi
572 2274 661 2298 autem
676 2269 876 2304 simplicitatem
906 2279 938 2298 ac
964 2271 1019 2298 sin-

235 2316 372 2344 ceritatem
394 2316 515 2356 im_itatus
537 2320 588 2348 est,
603 2324 656 2343 non
681 2315 754 2344 furto
776 2316 910 2351 arripiens
936 2318 1021 2351 patris

233 2361 434 2390 benedictiones
450 2369 498 2397 per
515 2363 726 2398 suppositionem
745 2365 849 2396 matris,
874 2372 960 2400 neque
975 2364 1020 2392 lu-

234 2407 310 2442 giens
324 2408 358 2435 ab
375 2407 512 2443 Esau,qui
527 2409 608 2436 etiam
621 2413 765 2443 antequam
777 2416 942 2441 nasceretur,
956 2410 1019 2437 odio

236 2453 345 2480 habitus
359 2457 411 2485 est,
429 2453 477 2481 sed
489 2460 536 2488 per
553 2453 601 2481 Dei
616 2453 766 2482 Ecclesiam
794 2462 809 2482 a
826 2462 880 2489 qua
902 2454 1018 2482 dilectus

234 2504 286 2532 est,
304 2503 330 2530 et
341 2507 421 2535 quam
432 2499 489 2535 ipse
499 2508 608 2535 quoque
617 2505 712 2528 mutuo
720 2501 826 2533 dilexit,
837 2502 1016 2537 primogenita

214 2536 219 2564 ἶ
235 2545 431 2573 benedictionis
443 2550 594 2579 assecutus,
609 2552 638 2574 ut
653 2555 699 2581 per
715 2547 904 2575 suavissimam
931 2549 1010 2583 hym-

234 2592 344 2620 nodiam
357 2591 442 2620 Deum
463 2592 734 2627 benediceret,quam
754 2593 809 2628 ipse
830 2593 1018 2629 primogenitis

232 2645 338 2670 eorum,
354 2638 400 2672 qui
417 2638 442 2664 in
462 2638 538 2665 uelis
565 2638 711 2672 conscripti
723 2644 798 2670 sunt,
813 2639 970 2666 dulcissimo
987 2647 1018 2667 ac

234 2683 411 2711 festivissimo
431 2690 518 2711 metro
539 2685 710 2718 composuit:
739 2685 916 2719 supplantans
940 2686 1017 2712 mali-

233 2738 326 2765 gnum,
345 2734 371 2757 et
386 2731 419 2757 ab
433 2738 466 2757 eo
483 2731 577 2765 procul
594 2730 709 2765 fugiens,
731 2735 761 2757 ut
778 2735 866 2757 mente
881 2731 915 2758 ab
941 2731 1017 2758 omni

233 2776 436 2809 perturbatione
453 2777 536 2803 libera
552 2776 634 2803 Deum
654 2776 791 2813 laudaret,
811 2776 954 2812 eidemque
971 2785 1015 2809 se-

269 2861 368 2891 ‘llom.
384 2871 431 2898 vn,
448 2863 492 2891 Ξῖ).
525 2864 534 2879 ¹
546 2863 628 2891 llebr.
644 2871 692 2896 xu,
722 2864 752 2898 ιιιἰ

1075 2225 1162 2260 θήκης
1177 2224 1291 2260 μητρὸς,
1307 2223 1368 2250 οὐδὲ
1383 2222 1543 2258 ἀποτρέχων
1568 2221 1653 2249 Ἠσαῦ
1674 2222 1720 2249 τὸν
1739 2230 1858 2257 μεμιση-

1076 2271 1155 2306 μένον
1175 2270 1222 2297 xui.
1240 2269 1292 2305 πρὸ
1308 2269 1457 2303 γενέσεως·
1475 2267 1543 2295 ἀλλὰ
1561 2267 1605 2294 διὰ
1629 2268 1679 2303 τῆς
1691 2268 1773 2294 αὐτὸν
1789 2268 1858 2302 ἠγα-

1074 2316 1195 2352 πηκυίας
1224 2316 1261 2347 ὡς
1288 2314 1525 2349 ἀνταγαπωμένης
1554 2314 1719 2348 Ἐκκλησίας
1742 2312 1810 2340 Θεοῦ
1825 2311 1858 2337 τὰ

1073 2361 1244 2398 πρωτοτόκια
1255 2362 1305 2396 τῆς
1326 2359 1450 2394 εὐλογίας
1461 2359 1562 2392 λαϐὼν,
1579 2359 1617 2391 ὡς
1643 2359 1767 2395 εὐλογοίη
1793 2358 1858 2386 Θεὸν

1072 2408 1115 2434 διὰ
1129 2409 1179 2442 τῆς
1190 2406 1325 2442 ἐμμελοῦς
1341 2405 1489 2441 ὑμνῳδίας,
1509 2406 1541 2441 ἢν
1561 2405 1642 2437 αὐτὸς
1666 2407 1723 2437 τοῖς
1752 2412 1858 2440 πρωτο-

1072 2455 1160 2486 τόκοις
1171 2453 1224 2480 τῶν
1239 2454 1267 2479 ἐν
1281 2453 1405 2487 οὐρανοῖς
1420 2451 1613 2487 ἐγγραφέντων
1625 2450 1771 2487 εὐρύθμως
1789 2450 1857 2484 ἄγαν

1072 2499 1200 2534 ἀνέθηκε,
1234 2498 1380 2533 πτερνίσας
1405 2498 1450 2524 τὸν
1477 2497 1595 2533 πονηρὸν
1625 2498 1673 2524 καὶ
1697 2497 1854 2531 ἀποτρέχων

1072 2545 1213 2582 πόρρωθεν
1235 2544 1264 2578 ἐξ
1292 2543 1385 2575 αὐτοῦ,
1410 2544 1453 2570 ἵνα
1483 2543 1522 2579 τῷ
1549 2544 1715 2579 ἁρεμὸάστῳ
1727 2543 1768 2569 νοῒ
1789 2542 1854 2568 Θεὸν

1071 2592 1179 2626 ὑμνοίη,
1210 2591 1258 2618 καὶ
1288 2589 1375 2625 τούτῳ
1400 2590 1486 2616 ἑνοῖτο
1522 2590 1592 2616 κατὰ
1617 2589 1666 2624 τὴν
1691 2589 1857 2623 ἀδιάτμητιιν

1071 2638 1188 2671 κίνησιν.
1203 2636 1330 2672 Ἀϐραὰμ
1339 2635 1369 2662 τὸ
1383 2635 1574 2670 μεταϐατικὸν,
1588 2635 1636 2661 καὶ
1650 2635 1717 2669 πρὸς
1729 2633 1853 2666 ὑπακοὴν

1070 2682 1188 2719 Χριστοῦ
1202 2681 1411 2718 ἐτοιμό[τα]τον,
1433 2682 1483 2708 οὐκ
1498 2682 1530 2708 ἐκ
1556 2680 1698 2707 Χαλδαίων
1714 2679 1852 2714 ἀπαίρων.

1070 2730 1117 2757 καὶ
1138 2730 1187 2765 τὴν
1215 2729 1397 2763 Παλαιστίνην
1427 2728 1611 2763 ἐργαζόμενος
1637 2728 1755 2761 οἴκησιν,
1786 2724 1854 2751 ἀλλὰ.

1071 2776 1163 2813 σχέσιν
1177 2775 1277 2811 γονέων
1291 2775 1422 2810 δευτέραν
1441 2774 1508 2803 Θεοῦ
1530 2773 1719 2810 λογισάμενος,
1749 2771 1796 2798 καὶ
1810 2770 1852 2798 διὰ
