2077 3157
200 178 254 210 949

978 178 1064 209 νιΤΑ
1069 203 1076 210 .

1784 181 1841 212 9m

198 231 278 259 τοῦτο
293 232 327 258 τὰ
352 231 498 267 περιπέζια
527 231 616 258 πάντα
641 231 754 267 θέμενος
778 233 816 264 ὡς
843 232 928 266 οὐδὲν,
946 233 992 260 τὸν

1053 235 1165 262 :un-lum
1184 234 1361 263 insecabilem
1399 239 1482 269 atque
1499 234 1706 269 inseparabilem
1734 240 1841 264 motum

200 278 366 314 μονότροπον
380 278 437 314 βίον
454 277 496 305 ἐπ’
514 278 646 314 ἀλλοτρίᾳ
660 277 838 313 προκέκρικε.

1047 279 1181 306 uniretltr.
1197 279 1282 306 Porro
1294 278 1480 306 Abrahamum
1497 283 1618 307 sectatus
1633 284 1675 307 est
1690 280 1716 307 in
1732 282 1843 316 paterni

145 345 147 348 τ
199 325 250 353 soli
264 325 488 356 commutatione,
501 329 528 352 et
536 323 738 360 promptissima
749 332 812 360 erga
825 324 964 353 Christum
975 325 1140 357 obedientia,
1159 333 1213 352 non
1228 325 1336 360 quidem
1352 332 1386 352 ex
1405 324 1597 352 Chalda'orum
1614 326 1724 361 regione
1750 327 1841 354 disre—

198 372 277 404 dens,
295 371 363 399 etin
385 371 558 399 Palaestinam
578 370 763 406 proficiscens,
789 371 890 399 ibidem
915 379 990 399 suam
1011 372 1102 399 sedem
1116 371 1378 404 collocaturus;sed
1413 371 1541 399 affectum
1556 380 1619 406 erga
1655 378 1782 407 parentes
1799 374 1842 400 di-

198 420 262 446 vino
288 418 374 445 amori
407 417 624 452 posthabendum
646 418 817 451 existimans,
835 422 862 446 et
886 421 1028 453 propterea
1049 423 1180 453 tanquam
1209 418 1326 445 nihilum
1349 418 1477 446 universa
1505 419 1563 445 haec
1592 419 1721 447 inferiora
1756 425 1838 455 atque

198 463 312 492 humilia
331 463 444 494 ducens.
463 463 613 498 simplicem
640 463 747 491 vivendi
777 464 829 491 sibi
855 464 906 499 ipsi
928 464 1061 491 rationem
1074 464 1170 492 alienis
1186 465 1259 492 curis
1275 464 1446 499 negotiisque
1462 465 1623 499 praeposuit.

235 513 281 536 ια’.
301 509 356 536 Καὶ
370 509 398 535 τί
423 508 464 535 ὂεῐ
477 508 541 540 τοὺς
570 508 742 536 καθέκαστον
772 509 920 542 ἐξετάζειν,
944 510 993 536 καὶ

201 554 388 591 παραῦάλλειν
405 553 512 586 τούτοις
530 554 622 587 αὑτὸν,
639 555 711 590 κατὰ
721 555 767 582 τὸν
789 555 993 591 μυστικώτερον

199 601 280 635 λόγον
304 600 354 635 τῆς
379 599 566 635 ἀνυψώσεωςς
589 600 672 628 Οὐδέν
700 601 776 628 ἔστιν
797 601 993 638 ἐπαινούμενον

198 648 230 683 τῇ
250 647 346 682 Γραφῇ
360 646 375 673 ὃ
395 645 433 682 μὴ
457 645 550 682 τούτῳ
568 646 744 682 κατωρθοῦτο
757 654 764 662 ³
781 647 869 678 οὐδεὶς
890 647 919 674 ἐν
941 656 993 674 πα-

199 693 290 724 λαιαῖς
304 691 437 728 ἱστορίαις
451 691 633 728 ὑμνούμενος,
642 692 672 719 ὃν
681 693 730 720 οὐκ
742 693 846 725 ἐκεῖνος
860 693 992 729 ἐζήλωσε.

201 741 256 766 Καὶ
273 739 317 766 ἵνα
333 739 437 766 συνέλω
455 738 486 765 τὸ
513 739 579 771 πᾶν,
605 738 720 774 σύρῤοιά
740 747 781 770 τις
802 736 836 774 ἦν
861 739 965 774 ἀρετῶν
980 739 994 765 ὁ

155 811 159 813 ,
200 785 307 812 ἐκείνου
325 783 394 819 βίος,
409 784 456 811 καὶ
478 783 509 811 οὐ
526 784 645 820 μιμητὴν
669 784 737 821 πρὸς
754 785 899 820 ἀκρίΰειαν
926 784 994 812 ἀπο-

200 831 320 866 τύπωμα
342 831 397 862 τοῖς
429 829 604 865 βουλομένοις
621 830 673 856 κᾶν
701 829 779 864 ὀλίγα
805 829 859 856 τῶν
888 830 995 856 ἐκείνου

201 875 432 911 ἀπομιμήσασθαι
445 883 452 891 ι
473 875 535 902 ὅθεν
552 875 598 901 καὶ
614 875 653 910 τῷ
668 875 821 910 προεστῶτι
845 875 895 909 τῆς
912 875 998 910 μονῆς

1082 511 1126 538 M.
1143 509 1195 538 Sed
1210 510 1275 545 quid
1292 518 1361 545 opus
1391 515 1432 538 est
1456 511 1580 550 singulos
1609 518 1784 542 enumerare,
1815 518 1842 540 et

1047 557 1162 592 mystico
1183 564 1337 592 arcanaque
1348 556 1482 584 orationis
1499 565 1599 591 genere
1627 558 1754 585 eumdem
1777 558 1841 587 effe-

1046 603 1132 630 rendo
1151 603 1204 630 illis
1219 603 1398 638 comparare?
1413 602 1485 630 Nihil
1507 604 1634 639 estquod
1653 604 1680 631 in
1696 604 1781 632 sacris
1796 613 1843 632 vo-

1047 647 1198 676 luminibus
1227 648 1307 675 laude
1322 647 1435 684 dignum
1455 648 1617 683 praedicetur
1632 649 1706 683 quod
1733 649 1767 676 ab
1791 650 1844 676 hoe

1046 691 1172 720 effectum
1190 693 1223 720 ad
1238 693 1369 720 amussim
1390 701 1445 721 non
1462 694 1506 721 sit.
1522 693 1607 721 Nemo
1624 694 1650 721 in
1665 695 1787 730 antiquis
1802 696 1844 723 hi-

1049 739 1142 767 SIoriis
1158 740 1322 774 celebratur,
1344 748 1426 775 quem
1443 741 1486 768 hic
1500 742 1644 769 aemulatus
1670 751 1724 769 nun
1746 742 1841 771 fuerit.

1049 785 1092 816 Et,
1113 790 1142 813 ut
1159 786 1250 813 omnia
1266 787 1348 814 verbo
1375 787 1553 822 complectar,
1581 789 1709 816 cumulus
1731 790 1842 823 quidam

1049 836 1076 859 et
1090 832 1231 867 congeries
1247 832 1377 860 virtutum
1401 837 1460 860 erat
1472 833 1552 861 istius
1569 834 1632 866 vita,
1645 839 1672 862 et
1693 839 1842 869 quantum-

1052 879 1093 905 vis
1109 878 1208 913 aliquis
1218 879 1313 906 scdulo
1323 884 1478 911 certaretur.
1487 879 1530 906 vel
1547 880 1658 907 minime
1673 880 1759 915 ipsius
1772 881 1843 908 facta

200 923 251 958 τῆς
268 922 370 957 πολλῆς
398 921 612 956 σκληραγωγίας
635 922 787 956 ἐπετιμᾶτο
800 942 807 954 ,
829 921 996 948 παθοκτόνον

1053 930 1075 952 et
1091 925 1216 958 virtutes,
1225 930 1354 959 tanquam
1366 930 1469 961 typum,
1483 926 1757 960 propositasimilari,
1769 929 1843 956 nullo

200 969 306 1002 λέγοντι
328 967 378 1003 τὴν
406 967 543 1003 νηστείαν,
567 967 598 993 οὐ
626 968 851 1002 σωματοκτόνον,
875 967 919 994 διὰ
939 967 990 1003 τὴν

201 1017 253 1048 τῆς
274 1014 384 1049 φύσεως
399 1013 564 1047 οἰκειότητα.
588 1013 697 1048 ’Δμέλει
716 1013 764 1040 καὶ
788 1013 878 1040 πάντα
897 1013 999 1048 τρόπον

202 1061 327 1088 ὑπείκειν
351 1059 532 1094 μεμαθηκὼς,
561 1060 609 1086 καὶ
634 1059 705 1086 κατὰ
732 1059 815 1094 μηδὲν
845 1059 998 1093 ἀντιλέγειν

201 1109 258 1139 τοῖς
275 1106 356 1134 αὑτὸν
374 1106 517 1140 ὲνάγουσιν
532 1106 572 1137 εἰς
587 1105 752 1132 ταπείνωσιν
764 1125 772 1138 ,
797 1105 828 1132 τὸ
847 1114 999 1141 προστετα‹

203 1153 305 1189 γμένον
331 1152 431 1186 ἐποίει,
458 1152 507 1179 καὶ
531 1152 587 1178 τῶν
613 1152 823 1187 προσκειμένων
849 1153 998 1187 ἐφήπτετο,

204 1201 293 1228 πάντα
316 1202 355 1233 εἰς
372 1201 451 1235 δόξαν
463 1200 532 1228 Θεοῦ
544 1201 591 1227 καὶ
601 1200 828 1236 συλλογιζόμενος
844 1201 891 1229 καὶ
902 1201 997 1229 ποιῶν.

210 1248 243 1274 '0
258 1247 305 1274 καὶ
321 1247 404 1279 αὐτὸς
428 1248 442 1274 ὁ
455 1246 597 1283 προεστὼς
613 1247 742 1281 ἐγνωκὼς
753 1267 762 1280 ,
782 1247 829 1274 καὶ
846 1247 937 1283 πάσης
953 1248 1000 1275 ἁν-

206 1293 347 1330 θρωπίνης
362 1294 468 1326 ἑννοίας
493 1294 549 1321 ἄνω
572 1293 618 1319 τδν
650 1293 739 1328 μέγαν
755 1293 927 1325 καταλαϐὼν.
946 1294 1000 1320 ἒπ-

207 1340 293 1367 έτεινε
315 1340 416 1376 μᾶλλον
444 1340 512 1377 πρὸς
539 1339 588 1375 τὴν
603 1339 691 1375 ὁρμὴν
715 1338 762 1366 τοῦ
787 1339 871 1367 καλοῦ
893 1338 1001 1375 καὶτῆς

207 1385 355 1421 καλλίστης
368 1385 501 1422 ὀρέξεως·
526 1386 565 1417 ὡς
590 1385 637 1411 καί
653 1393 719 1412 ποτε
747 1385 930 1420 συνηγμένοις
945 1386 1001 1417 τοῖς

206 1432 330 1467 ἀδελφοῖς
355 1433 384 1458 ὲν
400 1432 507 1467 ταυτῷ,
532 1431 627 1458 τούτου
645 1431 677 1466 δὴ
704 1431 786 1466 μόνου
804 1431 851 1458 τοῦ
881 1430 1001 1467 μεγάλου

207 1477 334 1510 ἀπόντος,
351 1477 583 1514 προφητικώτατα
598 1477 726 1511 ἐξειπεῖν,
742 1476 780 1509 ὡς
794 1487 802 1503 ι
815 1473 900 1509 Οὗτος
914 1478 928 1503 ὁ
939 1477 1001 1513 μεί-

210 1523 271 1559 ραξ,
295 1522 413 1559 Χριστοῦ
427 1521 474 1550 τοῦ
491 1522 620 1558 ἀληθινοῦ
645 1521 714 1548 Θεοῦ
732 1522 806 1549 ἐστιν
826 1522 930 1558 ἀληθὴς
949 1531 1002 1558 μα-

209 1568 306 1604 θητὴς,
323 1569 372 1595 καὶ
393 1568 447 1595 τῶν
462 1567 546 1596 αὑτοῦ
560 1567 722 1603 Θελημάτων
744 1567 938 1604 ὲκπληρωτὴς,
953 1568 1002 1595 καὶ

208 1615 237 1640 ὲν
249 1614 323 1650 αὑτῷ
338 1614 487 1650 καταμένει
506 1612 621 1648 Πνεῦμα
637 1612 724 1647 ἆγιον,
742 1614 756 1640 ὃ
773 1614 820 1640 καὶ
834 1613 945 1650 λαλήσει
957 1613 1002 1641 διὰ

208 1661 254 1687 τοῦ
280 1662 416 1696 στόματος
441 1661 639 1697 μελῳδήματα,
659 1661 750 1688 πάντα
769 1661 953 1697 περιηχοῦντα
967 1661 1001 1687 τὰ.

211 1706 328 1743 πέρατα.
349 1716 360 1733 ι

1050 977 1140 998 tamen
1162 976 1241 1007 pacto
1254 972 1277 999 id
1304 972 1413 1006 assequi
1425 976 1541 1007 poterat.
1559 972 1755 1006 Quamobrem.
1771 976 1845 1002 etub

1050 1017 1180 1044 eximiam
1211 1018 1272 1045 vita:
1297 1018 1473 1052 asperitatem
1501 1026 1517 1046 a
1543 1019 1706 1047 monasterii
1731 1020 1845 1055 praeside

1050 1063 1187 1097 quondam
1207 1063 1370 1098 redargulus
1388 1067 1440 1096 est,
1453 1064 1500 1098 qui
1514 1063 1632 1098 dicebat,
1640 1064 1777 1099 jejunium
1792 1066 1841 1092 de-

1051 1109 1116 1136 bere
1134 1116 1194 1136 esse
1211 1108 1415 1136 interfectorem
1435 1109 1608 1144 passionum,
1635 1118 1687 1138 non
1709 1113 1844 1146 corporis,

1051 1159 1162 1190 propter
1190 1160 1297 1183 natura:
1319 1155 1544 1191 eonjunctioncm
1572 1161 1654 1192 atque
1675 1157 1843 1185 affinitatem.

1051 1200 1203 1234 Postremo,
1220 1208 1282 1228 cum
1299 1201 1324 1228 in
1340 1202 1469 1229 omnibus
1478 1210 1588 1236 semper
1601 1202 1697 1230 cedere
1706 1203 1846 1231 didicisset

1052 1252 1134 1283 alque
1151 1248 1224 1275 nulla
1250 1255 1362 1283 prorsus
1388 1248 1416 1275 in
1436 1255 1466 1275 re
1491 1248 1551 1276 aliis
1580 1249 1779 1281 contradicere,
1798 1250 1844 1284 qui

1051 1294 1089 1322 illi
1103 1294 1264 1339 humilitatis
1275 1293 1448 1321 occasionem
1462 1293 1656 1328 praebuissentl
1673 1303 1845 1330 quacunque

1052 1337 1184 1374 imperata
1213 1338 1341 1371 fuissent,
1373 1337 1470 1365 scdulo
1499 1338 1710 1373 exsequebatur,
1732 1343 1759 1366 et
1784 1347 1846 1374 qua:

1052 1385 1285 1420 proponebantur.
1306 1384 1480 1419 capessebat,
1507 1385 1642 1412 omniaad
1657 1385 1705 1413 Dei
1730 1386 1844 1421 gloriam

1052 1434 1078 1457 et
1093 1429 1195 1457 faciens
1211 1434 1237 1456 et
1254 1429 1389 1463 cogitans.
1427 1429 1505 1462 Quod
1535 1437 1598 1458 cum
1617 1430 1662 1458 ille
1685 1430 1768 1463 idem,
1797 1430 1844 1466 qui

1053 1476 1161 1504 caeteris
1174 1480 1299 1510 praeerat,
1311 1475 1479 1510 agnovisset,
1493 1479 1520 1503 et
1531 1483 1659 1511 magnum
1672 1476 1744 1504 hunc
1756 1476 1844 1504 virum

1053 1520 1121 1549 nihil
1133 1520 1284 1548 humanum
1300 1525 1347 1548 aut
1363 1525 1503 1548 terrenum
1526 1525 1615 1549 tuente
1637 1521 1740 1556 agitare
1767 1529 1845 1550 com-

1054 1567 1181 1602 perisset,
1197 1566 1338 1594 intentiori
1356 1567 1448 1594 studio
1466 1566 1500 1594 ad
1519 1567 1630 1594 virtutis
1658 1567 1844 1601 honestatem,

1055 1617 1136 1647 atque
1152 1613 1185 1639 ad
1200 1611 1304 1647 optima
1318 1619 1433 1648 quaeque
1447 1613 1598 1647 expetenda
1612 1614 1735 1641 animum
1747 1614 1846 1640 adver-

1057 1659 1098 1686 tit.
1115 1658 1211 1692 llaque
1226 1657 1270 1685 die
1284 1658 1415 1693 quadam,
1436 1658 1568 1686 fratribus
1585 1659 1611 1686 in
1624 1667 1709 1686 unum
1724 1667 1843 1694 congre-

1055 1706 1135 1742 gatis,
1146 1713 1201 1733 uno
1215 1711 1322 1733 tantum
1334 1713 1435 1740 magno
1444 1710 1539 1733 nostro
1555 1707 1667 1734 absente
1679 1707 1770 1734 futura
1783 1714 1846 1742 pro-

209 1753 317 1789 phetico
333 1753 428 1789 spiritu
467 1754 619 1782 vaticinans
646 1754 708 1782 ait:
730 1764 740 1780 ‹
768 1754 935 1782 Adolescens
962 1754 1015 1783 istc
1053 1761 1134 1780 verus
1151 1757 1194 1780 est
1223 1752 1327 1780 Christi
1353 1753 1409 1780 veri
1434 1752 1482 1780 Dei
1509 1753 1672 1788 discipulus.
1698 1757 1725 1781 et
1748 1754 1848 1781 divinae

209 1801 296 1837 ipsius
312 1802 460 1830 voluntatis
470 1802 633 1838 completor.
651 1806 677 1829 et
690 1801 718 1829 in
736 1809 769 1829 eo
787 1802 890 1830 residet
900 1801 1019 1837 Spiritus
1033 1805 1158 1833 sanctus,
1177 1800 1224 1835 qui
1245 1808 1293 1835 per
1310 1807 1343 1828 os
1376 1799 1451 1828 illius
1464 1800 1645 1828 suavissimos
1677 1801 1794 1836 hymnos
1811 1801 1848 1829 ιοε

209 1852 319 1884 quetur,
335 1848 381 1883 qui
398 1855 446 1883 per
462 1848 607 1876 universos
624 1848 702 1876 orbis
716 1852 795 1876 terra:
811 1848 878 1875 lines
894 1847 1091 1876 resonabunt.)

246 1893 290 1931 ιβ’.
313 1895 384 1922 Ἀλλ’
397 1894 471 1922 οὕτω
486 1895 536 1930 μὲν
549 1892 596 1922 οὖν
608 1892 682 1931 εἶχεν
696 1896 801 1927 ἐκεῖνος
815 1896 828 1922 ὁ
839 1895 910 1927 θεῖος
918 1895 1002 1931 ἀνὴρ,

211 1941 258 1969 καὶ
269 1940 340 1968 οὕτω
361 1940 411 1976 μία
426 1949 468 1973 τις
484 1940 635 1976 σύγκρασις
663 1939 697 1977 ἦν
720 1941 838 1977 ἀρετῶν,
856 1941 886 1974 ἐξ
903 1939 941 1969 ὧν
956 1941 1004 1968 καὶ

211 1986 317 2022 βιϐλίον
331 1986 362 2013 τὸ
376 1987 470 2022 νοερὸν
478 1987 529 2022 τῆς
544 1986 635 2022 ψυχῆς
646 1987 846 2022 ἀπειργάσατο,
858 1989 928 2014 κατὰ
939 1988 1004 2019 τοὺς

211 2033 323 2066 εὐφυεῖς
333 2032 388 2059 τῶν
403 2032 498 2068 κηρῶν
512 2031 586 2060 ἅπαν
600 2030 672 2065 εἶδος
693 2032 865 2068 μαθημάτων
879 2033 1005 2067 ἀποματ-

211 2078 337 2112 τόμενος.
354 2077 435 2113 Ψυχὴ
448 2078 502 2114 γὰρ
527 2078 559 2104 ἐκ
577 2078 691 2114 πρώτης
715 2078 764 2113 τῆς
785 2078 873 2114 ἀρχῆς
898 2078 1003 2105 ἐνοικον

213 2125 316 2160 σχοῦσα
333 2125 411 2157 Θεὸν,
425 2124 461 2150 τὰ
470 2124 577 2151 ἐκείνου
590 2124 638 2151 καὶ
651 2124 752 2160 μελετᾷ
761 2124 809 2151 καὶ
823 2124 1002 2159 φαντάζεται,

212 2170 296 2207 ἀπρὶξ
312 2169 525 2204 ἐναδολεσχοῦσα
543 2170 600 2200 τοῖς
619 2168 703 2197 αὑτοῦ
720 2169 921 2205 δικαιώμασιν·
939 2170 1003 2197 ἐπεὶ

212 2217 259 2243 καὶ
274 2216 362 2247 ἄλλως
388 2215 419 2241 τὸ
440 2214 571 2250 φρούριον
584 2215 634 2250 τῆς
652 2214 752 2251 ψυχῆς,
778 2215 938 2251 ἐγκρατείᾳ,
956 2215 1004 2242 καὶ

1088 1895 1133 1923 t2.
1150 1894 1188 1922 lta
1203 1893 1312 1929 quidem
1328 1900 1389 1921 sese
1413 1893 1532 1921 habebat
1540 1893 1650 1921 divinus
1671 1893 1716 1922 hic
1730 1894 1783 1928 vir,
1802 1899 1846 1923 at-

1052 1948 1106 1976 que
1119 1941 1157 1968 ita
1169 1948 1221 1968 una
1236 1939 1360 1975 quaedam
1373 1944 1434 1967 erat
1449 1939 1523 1967 illius
1534 1940 1667 1967 virtutum
1686 1944 1846 1976 contempe-

1053 1987 1123 2014 ratio
1136 1990 1164 2014 et
1176 1985 1347 2021 coniunctio,
1373 1993 1406 2014 ex
1422 1986 1523 2020 quibus
1536 1986 1623 2013 ,veluti
1634 1987 1780 2021 quemdam
1791 1987 1847 2022 spi-

1054 2032 1179 2061 ritualem
1197 2032 1298 2060 librum
1313 2031 1477 2067 composuit,
1499 2032 1578 2066 juxta
1598 2039 1673 2067 apes,
1691 2041 1752 2068 quae
1767 2041 1846 2060 ceras

1056 2078 1223 2107 industriose
1246 2078 1394 2112 fabricant,
1420 2085 1501 2106 omne
1522 2079 1730 2114 disciplinarum
1761 2087 1847 2116 genus

1055 2124 1226 2160 congerendo
1259 2128 1341 2159 atque
1363 2124 1552 2160 exprimendo.
1591 2125 1687 2153 Anima
1715 2126 1788 2153 enim
1812 2127 1847 2154 ab

1055 2171 1123 2206 ipsis
1137 2170 1258 2199 exordiis
1268 2171 1354 2199 Deum
1367 2170 1534 2206 inquilinum
1551 2171 1666 2204 habens,
1681 2179 1725 2199 res
1742 2171 1848 2200 divinas

1056 2216 1166 2245 assidua
1182 2217 1359 2244 meditatione
1373 2219 1400 2244 et
1414 2216 1581 2252 cogitatione
1597 2216 1730 2251 revolvit,
1747 2218 1847 2244 tenaci-

212 2262 336 2297 νηστείᾳ,
358 2261 407 2287 καὶ
431 2260 573 2296 ἀγρυπνίᾳ
592 2261 731 2296 ὀχυρωθὲν
752 2261 893 2296 ἀσφαλῶς,
911 2261 1000 2288 ἀνεπί-

1060 2265 1101 2288 ter
1128 2266 1219 2288 mente
1236 2260 1375 2288 inhaerens
1395 2261 1470 2288 illius
1486 2261 1739 2296 justiﬁeationibus,
1760 2270 1847 2297 quan-

213 2308 294 2334 ὃπου
307 2307 483 2334 παντάπασιν
494 2304 529 2342 ἦν
538 2308 593 2338 τοῖς
604 2306 704 2340 ἔξωθεν
719 2307 901 2343 ρεμῦασμοῖς.
911 2307 1004 2343 Ταύτῃ

213 2362 253 2379 τοι
271 2353 319 2379 καὶ
341 2352 434 2388 θαῦμα
458 2350 493 2387 ἦν
516 2352 615 2387 Ἰωσὴφ
640 2353 697 2384 τοῖς
713 2353 820 2388 -ὁρῶσιν
835 2353 935 2380 αὐτόν·
958 2354 1005 2380 καὶ

214 2400 268 2426 πᾶν
285 2399 333 2433 μὶν
354 2398 418 2426 ἄλλο
431 2399 528 2434 ἡμέλει
548 2407 575 2425 τι
598 2399 772 2434 παράδειγμα
783 2408 790 2414 ·
812 2399 882 2434 πρὸς
897 2399 962 2427 ἄλλο
976 2400 1005 2426 δέ

213 2453 240 2471 τι
254 2444 331 2471 οὐδὲν
347 2443 505 2472 ἀπέϐλεπεν
524 2443 710 2479 ἀποτύπωμα,
725 2444 783 2471 ἀλλ’
805 2444 821 2480 ἢ
837 2444 907 2479 πρὸς
925 2444 1005 2479 μόνον

215 2491 261 2518 τὸν
284 2491 383 2526 Ἰωσήφ
395 2498 402 2506 ’
422 2488 501 2522 οὗτος
516 2490 570 2526 γὰρ
588 2491 636 2518 καὶ
650 2489 800 2526 ὁρώμενος,
819 2490 901 2517 εἰκὼν
916 2490 1006 2522 ώρᾶτο

215 2536 266 2571 τῆς
290 2536 402 2572 ἀρετῆς,
419 2537 467 2563 καὶ
492 2536 582 2563 λαλῶν
605 2535 776 2571 γλυκυτέραν
805 2536 914 2571 μέλιτος
929 2536 1005 2571 ἠφίει

217 2581 320 2616 φωνὴν.
335 2582 386 2608 κάν
402 2582 464 2612 ταῖς
479 2581 563 2608 αὑτοῦ
588 2581 781 2616 παραινέσεσιν
805 2580 879 2608 ἅπαν
904 2581 1006 2616 βιθλίον

217 2627 350 2662 ἠμέλητο.
373 2627 452 2654 Ἐπεὶ
477 2627 503 2654 τί
520 2627 558 2663 μὴ
573 2627 636 2662 παρ’
652 2626 748 2662 ἐκείνῳ
762 2626 829 2661 ἡδὺς
848 2626 879 2653 Et
895 2627 1006 2661 σαφηνί-

218 2673 275 2705 ζειν
291 2673 344 2700 ἔδει
365 2673 447 2709 βάθος
470 2673 598 2709 Γραφῶν,
625 2672 663 2708 τῷ
680 2673 738 2708 ἡδεῖ
749 2672 796 2699 τοῦ
826 2673 932 2709 ῥυθμοῦ
957 2673 1007 2706 τὰς

219 2719 410 2755 μυθευομένας
424 2720 557 2755 Σειρῆνας
571 2719 747 2754 ἀπέκρυπτεν
760 2727 766 2734 ·
780 2719 814 2746 ἂν
827 2720 924 2754 ἠθικὸν
939 2728 1007 2754 προ-

219 2766 303 2793 έτεινε
315 2767 403 2802 λόγον,
418 2767 477 2802 ἅμα
493 2766 532 2802 τῷ
546 2767 618 2802 λόγῳ
629 2766 676 2793 καὶ
687 2766 716 2793 τὸ
729 2767 814 2798 πάθος
826 2767 1002 2794 κατέστελλε.

220 2812 338 2847 Χάριτες
362 2810 432 2848 ἦσαν
446 2812 485 2848 τῷ
503 2805 607 2839 ἐκείνου
636 2813 844 2849 ὑποκαθήμεναι
871 2814 1005 2849 στόματι”

221 2856 337 2892 ἐστησαν
366 2856 484 2893 πρώτως
500 2858 529 2883 αἱ
556 2857 657 2893 κρῆναι
675 2857 785 2893 ῥέουσαι
802 2858 923 2894 νάματα,
939 2859 956 2895 ἢ
979 2860 1008 2886 τὸ

221 2903 327 2931 ἐκείνου
345 2903 432 2937 στόμα
448 2902 594 2938 πελαγίζον
605 2903 638 2930 τὰ
654 2903 785 2939 δόγματα.
917 2899 922 2901 ’

1056 2305 1212 2340 doquidem,
1229 2305 1296 2333 alias
1315 2306 1414 2333 anima:
1432 2306 1588 2341 praesidium
1612 2308 1790 2341 continentia,
1805 2308 1847 2341 je-

1054 2350 1133 2386 junio
1149 2351 1301 2386 vigiliisque
1320 2353 1455 2379 munitum
1471 2359 1503 2379 ac
1517 2351 1845 2389 firmatumﬁmpervium

1057 2396 1239 2431 undequaque
1247 2400 1316 2429 erat,
1325 2401 1353 2424 et
1364 2398 1546 2425 exterioribus
1555 2398 1761 2433 evagationihus
1770 2407 1849 2434 pror-

1058 2448 1105 2469 sus
1119 2441 1299 2471 inaccessum.
1312 2442 1406 2478 Itaque
1420 2448 1447 2470 et
1464 2443 1626 2471 miraculum
1643 2445 1846 2480 eratJosephus

1058 2495 1119 2515 sese
1131 2487 1310 2519 intuentibus,
1327 2492 1354 2516 et
1364 2495 1446 2516 omne
1463 2489 1537 2516 aliud
1555 2491 1710 2525 exemplum
1726 2492 1845 2526 neglige-

1058 2533 1148 2566 batur,
1158 2542 1246 2569 neque
1253 2539 1313 2562 erat
1323 2534 1369 2569 qui
1383 2535 1417 2562 ad
1430 2535 1515 2563 ullum
1529 2535 1624 2570 alium,
1634 2545 1715 2572 quem
1728 2537 1850 2565 imitare-

1059 2583 1113 2612 tur,
1123 2580 1216 2608 oculos
1225 2584 1593 2616 converteret.pra:terquam
1603 2583 1636 2610 ad
1646 2591 1729 2610 unum
1736 2582 1847 2618 Joseph.

1058 2627 1128 2655 Cum
1139 2627 1212 2654 enim
1229 2626 1273 2654 ille
1287 2631 1455 2660 cerneretur,
1468 2628 1551 2656 simul
1577 2629 1660 2657 etiam
1680 2629 1789 2656 virtutis
1808 2630 1847 2655 si-

1060 2674 1212 2701 mulacrum
1235 2673 1412 2707 cernebatur,
1443 2678 1470 2702 et
1484 2674 1548 2706 dum
1581 2675 1750 2709 loqueretur,
1769 2675 1848 2702 melle

1060 2720 1214 2747 suaviorem
1226 2726 1319 2747 vocem
1328 2720 1477 2754 emittebat,
1493 2725 1519 2748 et
1529 2728 1584 2756 prae
1595 2721 1668 2748 illius
1679 2721 1848 2748 adhortatio-

1060 2766 1151 2798 nibus,
1181 2765 1272 2801 quivis
1295 2765 1364 2793 alius
1385 2766 1453 2794 liber
1481 2767 1557 2802 parvi
1582 2766 1743 2793 ducebatur.
1778 2766 1846 2794 Nam

1059 2812 1124 2848 quid
1140 2819 1194 2840 non
1203 2812 1230 2839 in
1243 2811 1289 2840 illo
1299 2812 1378 2840 dulce
1389 2817 1449 2840 erat
1464 2820 1497 2840 ac
1506 2813 1601 2841 suave?
1610 2812 1757 2840 Sacrarum
1775 2812 1848 2840 Scri-

1060 2864 1201 2894 pturarum
1219 2858 1381 2894 profundam
1398 2859 1593 2886 obscuritatem
1619 2858 1759 2886 declarare
1779 2866 1848 2894 opus

1061 2905 1131 2934 erat?
1145 2904 1274 2941 Rhytbmi
1287 2905 1421 2934 suavitate
1434 2904 1620 2932 fabulosarum
1637 2904 1764 2933 Sirenum
1781 2913 1847 2933 can-
