2077 3157
268 183 318 218 951

830 190 860 221 S.
879 190 1037 222 ⁸ῚΟΞΕΡΗΙ
1057 190 1341 223 ΗΥΜΝΟῧΗΑΡΗΙ

1836 192 1885 226 952

268 243 376 273 tnmits
387 245 583 281 superabat,ut
598 245 679 274 etiam
691 247 852 276 occultaret.
872 248 1001 278 Moralem
1023 258 1177 278 sermonem
1193 251 1220 278 in
1253 250 1371 278 medium
1397 250 1569 285 proferebat?
1593 251 1682 279 Animi
1717 251 1826 281 aﬂectus
1857 262 1886 282 ac

268 297 360 322 motus
377 294 500 322 oratione
510 294 699 329 componebat.
715 294 814 323 Gratia:
837 296 903 332 ipsa:
926 297 952 324 in
974 297 1048 326 illius
1065 305 1113 326 ore
1125 298 1289 330 insidebant,
1297 303 1324 326 et
1335 298 1410 334 prius
1429 297 1547 326 fontium
1559 299 1762 327 decurrentium
1791 301 1885 329 ﬂuenta

268 340 407 368 stetissent
418 340 539 372 immota,
549 347 630 375 quam
644 340 759 368 exillius
769 348 817 369 ore
834 349 910 370 sacra
924 343 1050 378 dogmata
1069 343 1204 379 proﬂuere
1216 349 1297 380 atque
1315 352 1445 372 emanare
1454 348 1621 372 cessassent.

304 387 348 414 l3.
366 386 435 414 Cum
453 387 513 414 talis
529 390 601 414 esset
614 386 726 423 Josepb,
757 388 894 424 tantisque
921 390 1051 418 virtutum
1067 393 1091 421 Α

269 441 301 459 ac
313 431 464 460 caelestium
475 432 608 460 donorum
624 432 834 462 eharismatibus
845 434 994 470 effulgeret,
1011 443 1055 463 sa-

269 478 381 506 cerdotii
396 478 509 513 gradum
521 479 599 506 avide
610 486 663 506 non
675 480 797 514 appetiit,
814 485 861 508 aut
872 481 982 514 invasit,
992 489 1056 509 san-

268 523 303 550 cti
328 523 446 557 Spiritus
461 523 651 558 dignissimum
664 525 766 552 donum
783 533 836 552 non
853 525 1000 559 affectavit,
1023 534 1055 554 ac

268 570 448 605 proliinquatn
471 569 526 599 Deo
539 570 698 605 dignitatem
716 572 830 606 tempori
847 579 900 599 non
914 578 955 600 est
967 573 1054 600 δυσυ-

269 621 366 650 ratus;
382 617 447 650 quin
465 617 553 651 potius
568 625 583 644 ιι
612 617 743 653 dignitate
763 618 820 653 ipsa
850 619 999 654 requisitus
1024 626 1056 647 ac

268 666 380 689 coactus
394 667 444 695 cst,
460 662 593 690 universis
610 662 740 691 fratribus
757 664 936 692 reluctantem
951 665 1052 692 adbor~

269 708 402 741 tantibus,
421 713 449 736 et
464 713 604 744 praeterea,
619 714 649 736 ut
680 709 800 745 episcopi
830 710 907 737 urbis
929 710 1056 745 precibus

269 755 477 789 obsequeretur,
493 755 634 791 presbyter
645 755 785 784 ordinatus
800 761 852 783 est.
867 755 946 783 Tunc
964 761 1055 783 autem

268 800 362 828 videre
374 804 433 828 erat
452 799 561 828 virtutis
576 800 706 834 speciem,
720 808 781 836 quae
792 801 957 830 intensionis
969 802 1056 837 majo-

269 846 308 873 ris
324 853 495 882 nequaquam
510 853 594 881 capax
609 851 678 878 erat,
699 853 780 881 quam
806 846 907 883 Josepb
927 847 1055 882 praefere-

268 891 325 922 bat,
345 891 525 926 Indequaque
541 891 750 926 amplissimam.
768 892 859 927 Ipsum
882 900 947 920 vero
961 893 1057 921 c0nni-

270 941 370 965 tentctn
392 941 420 964 et
437 938 658 970 contendentem,
678 941 773 972 utpote
800 939 1054 973 generosissimum,

269 987 299 1009 ut
309 990 466 1017 quanquam
482 983 589 1010 mortali
604 990 685 1010 carne
699 983 790 1010 adhuc
816 983 941 1017 indutus,
959 984 984 1011 in
999 991 1056 1012 etn-

270 1028 328 1056 lrsti
338 1034 426 1056 tamen
434 1029 519 1056 choro
531 1028 704 1056 iubabitaret.
713 1028 830 1063 Etenim,
841 1034 866 1057 et
877 1029 1004 1066 lacrymte
1014 1030 1056 1065 ip-

269 1074 328 1101 sius
343 1073 529 1102 indelicieuter
537 1073 678 1102 ellluentes
699 1075 841 1103 ﬂuminum
853 1077 985 1104 decursus
996 1076 1058 1104 imi-

269 1119 412 1153 tabanttlr;
430 1125 457 1147 et
470 1127 556 1155 genua
573 1121 632 1155 ejus
642 1127 690 1155 per
709 1124 796 1148 totum
820 1121 909 1149 noctis
935 1129 1056 1155 cursum,

270 1165 501 1200 quemadmodum
515 1173 597 1201 supra
611 1166 712 1194 dictum
722 1171 775 1199 est,
787 1167 928 1200 inclinata,
948 1168 974 1195 in
987 1168 1057 1203 lapi-

269 1211 312 1238 dis
328 1215 454 1239 naturam
467 1217 632 1240 commutata
649 1218 737 1246 erant,
752 1217 779 1240 et
791 1218 887 1248 pectus
903 1214 978 1242 illius
993 1221 1055 1242 cre-

269 1257 319 1285 bro
335 1258 433 1294 lapidis
450 1258 504 1286 ictu
532 1266 692 1294 percussum
714 1259 882 1287 obcalluerat
903 1268 980 1293 sane,
1006 1260 1054 1288 sed

269 1307 359 1331 tamen
376 1305 509 1332 musculis
520 1305 594 1332 circa
609 1305 748 1333 thoracem
780 1305 854 1334 laesis
872 1313 926 1334 non
953 1310 1059 1341 poterat

270 1357 321 1377 vox
337 1350 421 1378 libera
437 1354 464 1378 et
473 1350 561 1378 soluta
579 1351 698 1386 prodire.
710 1351 747 1379 lla
761 1359 876 1387 magnus
890 1352 934 1380 hic
948 1359 1009 1380 sese
1024 1351 1058 1379 ad

268 1396 396 1424 virtutem
407 1397 562 1425 amabiliter
581 1397 709 1431 habebat,
721 1402 832 1433 tamque
850 1398 951 1425 nullam
967 1398 1059 1426 carnis

268 1449 326 1469 sure
339 1449 432 1469 curam
453 1450 574 1477 unquam
594 1442 700 1473 habuit.
717 1447 746 1470 ut
762 1443 875 1470 omnino
891 1442 927 1470 ab
951 1442 998 1470 illa
1012 1449 1058 1470 so-

1140 390 1184 425 ιγ’.
1203 391 1330 423 Τοιοῦτος
1348 391 1387 418 ὢν
1405 391 1453 418 καὶ
1484 391 1622 423 τοσούτοις
1648 391 1887 427 καταλαμπόμενος

1107 437 1283 472 χαρίσμασιν,
1299 436 1351 464 οὑκ
1365 437 1487 473 ὲπιπηδᾷ
1500 436 1540 472 τῷ
1559 437 1656 472 βαθμῷ
1672 437 1723 473 τῆς
1733 438 1887 473 ἱερωσύνης,

1106 482 1136 508 οὐ
1165 482 1328 517 μεταδιώκει
1348 482 1400 518 τὴν
1414 482 1494 516 ἀξίαν
1511 482 1558 509 τοῦ
1575 482 1745 518 ῐινεύματος,
1759 483 1806 518 οὑχ
1821 483 1887 510 ὑπο-

1107 527 1217 554 κλέπτει
1240 527 1279 563 τῷ
1305 528 1394 564 χρόνῳ
1419 528 1468 563 τὴν
1495 528 1555 563 Θεῷ
1579 529 1798 565 πλησιάζουσαν
1823 529 1889 556 ἀλλά

1107 573 1233 600 διώκεται
1260 574 1310 608 μὲν
1325 575 1377 601 ὑπὸ
1393 574 1440 601 τοῦ
1459 574 1566 610 βαθμοῦ
1595 575 1640 611 βίᾳ
1664 576 1712 602 καὶ
1736 576 1819 608 ἀκων,
1844 576 1888 602 καὶ

1110 619 1161 646 ὑπὸ
1177 620 1268 654 πάσης
1293 620 1481 656 παρακληθεὶς
1500 620 1683 657 ἀδελφότητος
1696 643 1704 654 ,
1727 621 1767 648 ἔτι
1790 621 1818 648 δὲ
1843 621 1889 656 τὴν

1107 664 1199 699 δέησιν
1225 665 1447 701 προσηκάμενος,
1462 666 1497 702 ἢν
1526 667 1540 693 ὁ
1564 666 1615 702 τῆς
1642 667 1747 699 πόλεως
1773 667 1890 694 ἐποιεῖτο

1108 710 1269 743 ἐπίσκοπος,
1287 712 1481 746 χειροτονεῖται
1499 712 1695 748 πρεσϐύτερος.
1711 713 1768 740 Καὶ
1781 710 1814 748 ἦν
1830 712 1889 739 ἰδεῖν

1107 755 1167 781 τότε
1182 754 1213 781 τὸ
1230 754 1268 790 μὴ
1283 755 1477 791 ἐπιδεχόμενον
1492 756 1618 784 ιπίτασιν
1635 754 1704 788 εἶδος
1719 756 1889 792 τῆς-ἀρετῆς,

1107 801 1170 827 ὅσον
1187 801 1306 836 ἐπήγετο
1327 801 1341 827 ό
1364 801 1474 837 Ἰωσὴς),
1496 801 1684 837 ἒκτεινόμενόν
1704 810 1735 828 τε
1773 802 1818 829 καὶ
1843 801 1890 836 ἑφ-

1107 845 1193 873 απλού
1197 855 1288 881 μενον,
1305 846 1352 874 καὶ
1360 846 1528 881 φιλονεικοῦν
1539 847 1608 883 μετά
1620 847 1721 883 σαρκὸς
1731 846 1770 882 τῷ
1778 847 1890 883 οὐρανίῳ

1107 892 1181 927 χορῷ
1210 892 1408 928 ἐγκατοικῆσαι
1433 892 1479 920 τόν
1516 893 1718 927 γενναιότατον.
1746 893 1814 920 Τότε
1840 893 1891 928 γὰρ

1106 937 1224 974 δάκρυον
1252 937 1335 965 αὐτοῦ
1351 937 1506 974 ἀειρῤύτως
1533 938 1605 973 ῥέον,
1631 939 1681 970 τὰς
1706 938 1818 974 ἀμάρας
1839 939 1893 973 ἔμι-

1108 984 1185 1018 μεῖτο
1203 983 1259 1010 τῶν
1286 983 1437 1018 ποταμῶνδ
1469 983 1529 1010 τότε
1558 984 1622 1018 γόνυ
1642 983 1805 1019 παννύχως,
1823 983 1858 1015 ὥς
1879 984 1893 1010 ὁ

1108 1028 1187 1062 λόγος
1205 1028 1311 1063 φθάσας
1337 1028 1482 1064 ἐδήλωσεν,
1509 1029 1726 1064 ὲπικλινόμενον,
1758 1030 1798 1061 εἰς
1823 1029 1892 1056 λίθου

1110 1072 1191 1108 φύσιν
1209 1072 1447 1108 μεταπεποίηταισ
1472 1073 1519 1100 καὶ
1546 1072 1578 1099 τὸ
1601 1073 1711 1108 στέρνον
1738 1073 1832 1100 πυκνὰ
1858 1071 1895 1107 τῷ

1110 1118 1177 1154 λίθῳ
1192 1118 1370 1154 κρουόμενον,
1384 1118 1535 1146 τετύλωται
1548 1118 1582 1146 τὰ
1596 1118 1665 1146 ἄλλα
1675 1127 1682 1134 ·
1696 1119 1744 1147 καὶ
1760 1119 1895 1154 συγκακῶ-

1111 1171 1161 1192 σαν
1173 1164 1301 1197 καὶτοὺς
1315 1164 1382 1200 περὶ
1397 1164 1444 1192 τδν
1470 1164 1583 1200 θώρακα
1607 1163 1689 1206 μῦας.
1711 1164 1765 1191 οὐκ
1787 1164 1829 1191 εῐα
1849 1164 1896 1199 τὴν

1109 1210 1202 1246 φωνὴν
1213 1209 1405 1237 ἀποτελεῖσθαι
1419 1210 1661 1246 ἀπαρεμπόδιστον
1672 1218 1678 1224 ·
1693 1209 1783 1242 οὕτως
1791 1211 1804 1236 ὁ
1813 1209 1896 1245 μέγας

1110 1255 1183 1293 εἶχεν
1198 1257 1338 1294 ἑρασμίως
1355 1257 1424 1294 πρὸς
1439 1257 1550 1293 ἀρετὴν,
1566 1258 1693 1286 τοσοῦτον
1700 1258 1756 1285 οὐκ
1770 1257 1896 1293 ὲμέλησεν

1110 1304 1187 1340 αὑτῷ
1204 1313 1270 1331 ποτε
1286 1304 1336 1340 τῆς
1354 1303 1467 1339 σαρκὸς,
1483 1304 1524 1331 ὅτι
1540 1303 1715 1332 παντάπασιν
1726 1303 1820 1335 αὐτοῖς
1834 1303 1898 1329 ἀπο-

1109 1350 1221 1377 λέλυτο·
1237 1350 1285 1377 καὶ
1300 1349 1361 1382 ὅλος
1373 1347 1407 1385 ἦν
1421 1349 1491 1386 πρὸς
1502 1349 1570 1376 Θεδν
1587 1349 1708 1385 ἀφορῶν,
1719 1349 1758 1376 δι’
1769 1349 1799 1376 όν
1813 1347 1899 1375 ἐπόθει

1109 1396 1225 1431 λυθῆναι
1236 1395 1286 1431 μὲν
1299 1395 1346 1422 τοῦ
1358 1395 1471 1431 δεσμοῦ,
1488 1395 1560 1423 κατά
1581 1395 1697 1428 Παῦλον,
1717 1393 1898 1422 συνάπτεσθαι

1110 1443 1140 1470 δὲ
1155 1442 1194 1478 τῷ
1209 1441 1342 1478 ἐρωμένῳ
1357 1442 1406 1469 καὶ
1421 1443 1536 1478 ἐραστῇ.

268 1488 343 1516 lutus
374 1496 406 1516 ac
419 1488 488 1516 liber
512 1489 661 1516 videretur.
677 1487 763 1517 Totus
792 1493 852 1516 erat
870 1489 971 1516 mentis
998 1488 1057 1516 acie
1074 1487 1145 1517 ﬁxus
1158 1488 1185 1517 in
1197 1487 1293 1521 Deum,
1322 1491 1433 1524 propter
1446 1496 1539 1524 quem,
1559 1495 1614 1516 una
1628 1494 1691 1516 cum
1702 1486 1802 1522 Paulo,
1813 1494 1896 1515 acor-

268 1534 343 1570 poris
358 1534 468 1562 vinculo
482 1533 594 1562 dissolvt
610 1534 747 1570 cupiebat,
760 1539 861 1562 etcum
882 1534 981 1562 dilecto
995 1537 1077 1569 atque
1093 1538 1185 1562 amato
1202 1539 1253 1562 suo
1267 1534 1402 1570 copulari.

306 1581 348 1608 Η.
361 1580 544 1614 Quamobrem
560 1587 621 1608 cum
637 1581 706 1608 Deus
716 1581 790 1608 illum
804 1581 884 1609 etiam
898 1581 977 1608 bonis
988 1588 1057 1616 prae.

269 1626 394 1654 sentibus
409 1632 585 1653 remunerare
596 1626 677 1653 vellet
691 1626 700 1661 (
717 1631 758 1654 est
769 1631 860 1654 autem
877 1627 989 1658 bonum,
1001 1626 1057 1654 imo

270 1672 403 1699 bonorum
427 1671 549 1698 omnium
570 1671 714 1707 optimtnn,
743 1672 859 1700 similem
888 1672 1006 1707 aliquem
1028 1672 1054 1699 in

269 1715 379 1743 virtutis
397 1714 486 1742 stadio
497 1719 651 1743 currentem
670 1716 799 1750 reperire,
809 1720 836 1743 et
852 1715 992 1751 proposito
1003 1716 1055 1744 sibi

270 1762 343 1790 illius
352 1761 476 1798 exemplo
483 1762 605 1797 ejusdem
616 1763 726 1791 virtutis
737 1770 848 1792 cursum
863 1764 984 1800 augere),
998 1770 1061 1799 per-

269 1808 345 1837 venit
366 1808 392 1836 in
403 1808 498 1836 urbem
511 1808 807 1842 Thessalonicensium,
819 1809 856 1837 ita
873 1810 928 1838 Deo
943 1810 1059 1843 volente,

269 1858 350 1881 astate
363 1858 518 1889 provectus,
537 1858 563 1881 et
577 1854 717 1882 miraculis
740 1855 947 1887 celeberrimus,
973 1854 1059 1883 Deca-

270 1898 418 1933 politarum
433 1898 529 1931 decus,
543 1903 572 1926 et
584 1903 615 1927 ut
628 1900 722 1928 verius
737 1899 840 1933 dicam,
864 1901 989 1928 omnium
1016 1900 1059 1929 ci-

271 1942 388 1970 vitatum
416 1947 607 1971 ornamentum
635 1943 744 1973 divinus
766 1944 926 1980 Gregorius,
949 1945 996 1980 qui
1012 1944 1058 1972 ubi

271 1987 466 2017 monasterium
486 1988 554 2016 illud
576 1989 688 2024 appulit,
716 1989 744 2017 in
760 1996 814 2024 quo
841 1996 991 2024 generosus
1014 1988 1060 2017 hic

270 2034 406 2070 agonista,
423 2042 538 2069 magnus
554 2034 664 2070 inquam
680 2034 790 2069 Joseph,
806 2035 938 2063 adversus
967 2035 1060 2063 hostes

270 2081 424 2110 invisibiles
438 2081 631 2109 strenuissime
642 2081 823 2117 depugnabat,
837 2081 932 2108 videns
946 2081 1059 2109 stabiles

269 2130 299 2155 et
308 2130 465 2158 constantes
480 2126 553 2154 illius
563 2133 664 2158 mores,
685 2126 835 2160 animaeque
848 2126 909 2161 ejus
935 2125 1057 2153 habitum

269 2179 431 2207 agnoscens,
443 2178 475 2199 ex
491 2171 578 2206 gratia
590 2170 637 2198 illa
652 2171 743 2199 divina
756 2178 789 2198 ac
802 2170 985 2206 plenitudine,
997 2178 1058 2206 quae

269 2217 299 2245 in
312 2217 436 2253 ejusdem
453 2217 523 2245 facie
543 2217 693 2253 refulgebat
722 2217 796 2252 (cito
809 2217 893 2248 enim.
919 2224 952 2244 ac
979 2216 1058 2244 facile

269 2268 426 2292 sanctorum
443 2264 542 2292 auimae
554 2270 661 2296 eorum,
673 2263 782 2298 quosin
810 2263 919 2291 virtutis
946 2263 1058 2290 aemula-

270 2309 347 2338 tione
363 2308 468 2338 similes
480 2309 590 2342 habent,
605 2309 715 2337 habitus
728 2313 893 2344 agnoscunt,
917 2317 949 2337 ac
974 2309 1056 2337 veluti

270 2355 458 2392 venerantur)
473 2363 535 2383 cum
561 2355 608 2383 illo
628 2355 841 2383 familiaritatem
867 2355 1012 2389 contraxit,
1030 2360 1057 2383 et

1149 1579 1190 1609 ιδ’.
1207 1580 1291 1607 Ὅθεν
1310 1579 1358 1607 καὶ
1373 1579 1441 1607 Θεοῦ
1457 1579 1553 1607 τοῦτον
1572 1579 1759 1615 ἀμειϐομένου
1780 1578 1825 1605 καὶ
1844 1578 1897 1609 τοῖς

1110 1625 1229 1653 ἐνταῦθα
1243 1626 1336 1658 καλοῖς
1355 1625 1449 1659 (καλὸν
1469 1625 1498 1652 δὲ
1513 1625 1566 1661 ἄρα
1581 1625 1629 1652 καὶ
1648 1625 1743 1652 καλῶν
1760 1625 1897 1652 κάλλιστον

1108 1670 1140 1697 τὸ
1154 1670 1297 1706 εὑρίσκειν
1306 1670 1353 1697 τδν
1365 1669 1544 1706 ἀρεταίνοντα
1552 1671 1655 1705 ὅμοιον,
1667 1671 1716 1697 καὶ
1728 1671 1762 1706 τῇ
1774 1669 1896 1705 προθέσει

1111 1716 1327 1749 συνεπαυξάνειν
1341 1715 1386 1743 τὸν
1400 1715 1500 1752 δρόμον
1511 1716 1562 1751 τῆς
1576 1716 1701 1751 ἀρετῆς),
1722 1716 1852 1750 ἐπιδημεῖ
1863 1715 1894 1749 τῇ

1111 1761 1330 1789 Θεσσαλονικέων
1344 1761 1428 1799 [οὕτω
1455 1761 1534 1794 δόξαν
1545 1762 1630 1797 αὐτῷ,
1646 1763 1660 1789 ό
1675 1761 1761 1794 πολὺς
1776 1761 1820 1788 τὸν
1830 1761 1894 1796 βίον,

1111 1808 1160 1835 καὶ
1171 1809 1229 1840 τοῖς
1245 1808 1368 1844 θαύμασι
1381 1808 1557 1844 περιϐόητος,
1573 1808 1604 1834 τὺ
1615 1807 1810 1834 Δεκαπολιτῶν
1822 1814 1897 1841 περι-

1109 1853 1230 1890 λάλημα,
1242 1853 1342 1889 μᾶλλον
1351 1852 1379 1880 δὲ
1387 1852 1483 1880 πασῶν
1493 1852 1549 1880 τῶν
1558 1852 1664 1880 πόλεων
1672 1853 1895 1887 ὲγκαλλώπισμαι

1109 1901 1201 1933 ὀθεῖος
1213 1900 1364 1937 Γρηγόριος
1374 1908 1382 1915 °
1398 1900 1427 1932 ὃς
1442 1900 1503 1927 ἐπεὶ
1519 1899 1657 1936 παρέϐαλε
1672 1901 1708 1935 τῇ
1726 1898 1805 1935 μονῇ]
1819 1919 1826 1930 ,
1843 1894 1897 1932 ὲνῇ

1111 1945 1137 1983 [ὁ
1149 1947 1276 1981 γενναῖος
1283 1944 1450 1982 ἀγωνιστὴς]
1466 1945 1498 1972 τὰ
1513 1945 1583 1972 κατά
1593 1945 1648 1971 τῶν
1660 1945 1788 1980 ἀοράτων
1796 1943 1841 1979 ὲχθ
1847 1942 1897 1978 ρῶν

1110 1992 1233 2020 ιπετέλει
1254 1991 1498 2028 ἀνδραγαθήματα,
1522 1991 1537 2017 ὁ
1555 1991 1652 2026 μέγας,
1681 1990 1772 2026 φημὶ,
1791 1988 1895 2024 Ἰωσὴφ,

1111 2036 1257 2074 ξῶνξῆθος
1273 2037 1400 2074 βεϐηκὸς,
1415 2038 1462 2065 καὶ
1473 2037 1562 2073 ψυχῆς
1574 2036 1706 2070 ἐπιγνοὺς
1722 2035 1895 2070 κατάστημα,

1109 2086 1142 2112 ἐκ
1157 2085 1208 2120 τῆς
1232 2084 1447 2120 ἐπιφαινομένης
1467 2084 1507 2120 τῷ
1529 2083 1669 2120 προσώπῳ
1687 2083 1802 2118 χάριτος
1825 2081 1896 2110 θείας

1109 2131 1158 2159 καὶ
1177 2131 1347 2168 ὥραιότητος
1367 2130 1485 2166 (ταχεῖαι
1500 2131 1554 2166 γὰρ
1577 2130 1606 2157 αἱ
1626 2129 1715 2165 ψυχαὶ
1738 2128 1793 2156 τῶν
1815 2127 1896 2161 ἁγίων

1109 2177 1178 2213 πρὸς
1194 2176 1226 2204 τὸ
1242 2176 1365 2213 θηρᾶσαι
1379 2176 1414 2203 τὰ
1423 2176 1479 2203 τῶν
1494 2176 1638 2211 ὁμοζήλων
1651 2176 1748 2207 αὐτοῖς
1764 2172 1896 2207 καταστή-

1110 2222 1205 2258 ματα),
1217 2222 1366 2250 οἰκειοῦται
1381 2221 1470 2257 τούτῳ
1481 2223 1529 2248 καὶ
1546 2221 1715 2247 συνάπτεται
1736 2216 1895 2254 σωματικῶς

1108 2268 1166 2304 ἅμα
1178 2268 1226 2295 καὶ
1236 2267 1350 2303 νοερῶς,
1366 2267 1414 2294 καὶ
1426 2267 1477 2294 οὐκ
1492 2266 1581 2294 ἐθέλει
1595 2265 1692 2293 τούτου
1709 2262 1875 2301 χωρίζὶσθαι
1885 2269 1893 2277 '

1108 2314 1188 2350 φύσει
1200 2314 1255 2350 γὰρ
1266 2313 1413 2341 οἰκειοῦται
1427 2313 1466 2348 τῷ
1478 2312 1563 2348 ὁμοίῳ
1571 2312 1601 2339 τὸ
1612 2312 1718 2347 ὅμοιον.
1742 2309 1812 2337 Ἀλλ’
1828 2307 1893 2334 ἑκά-

1107 2360 1148 2387 λει
1163 2359 1195 2386 τὸ
1209 2360 1335 2395 πρᾶγμα,
1353 2358 1402 2386 καὶ
1422 2357 1534 2393 ἔμελλεν
1549 2358 1563 2384 ὁ
1584 2356 1656 2388 θεῖος
1682 2355 1835 2391 Γρηγόριος
1847 2351 1894 2387 τὴν

270 2408 386 2436 corpore
396 2401 478 2429 simul
495 2407 528 2429 ac
542 2404 632 2428 mente
651 2400 816 2436 coniunctus
828 2405 881 2432 est.
897 2409 947 2428 nec
961 2400 996 2428 ab
1024 2408 1056 2428 eo

1108 2403 1326 2432 Θεσσαλονικέων
1334 2402 1506 2430 καταλιπεῖν·
1518 2401 1682 2429 ἀνεϐάλλετο
1694 2401 1723 2428 δὲ
1732 2400 1778 2427 τὸν
1786 2398 1892 2434 δρόμον.

271 2447 393 2483 separari
408 2447 531 2480 volebat;
549 2454 610 2482 qua:
624 2446 696 2474 enim
714 2451 810 2473 natura
825 2446 924 2474 similia
939 2452 1002 2473 sunt
1015 2445 1057 2473 fa-

271 2493 373 2521 cillime
405 2493 579 2526 copulantur.
607 2491 660 2520 Sed
686 2491 848 2526 Gregorium
871 2492 977 2527 negotia
1003 2492 1057 2519 alio

271 2539 432 2571 evocabant,
444 2538 703 2567 ethessalonicam
716 2538 869 2573 relinquere
887 2539 1034 2573 cogebatur
1047 2549 1054 2567 :

271 2585 422 2613 itertamen
440 2584 581 2612 diﬂ‘erebat
594 2591 687 2612 amore
707 2591 772 2619 erga
786 2583 906 2611 divinum
942 2583 1055 2619 Jusepb,

271 2635 303 2659 ut
320 2631 359 2659 ita
369 2631 471 2663 dicam,
489 2630 635 2665 impeditus
643 2638 676 2658 ac
685 2634 817 2658 retentus.
838 2628 983 2664 Propterea
993 2637 1056 2657 eum

271 2678 299 2706 in
315 2677 422 2706 urbium
435 2677 554 2712 reginam
569 2676 648 2704 vellet
659 2675 803 2711 proﬁcisci,
815 2682 865 2703 nec
876 2675 947 2702 ferre
955 2680 1056 2710 posset,

271 2723 314 2752 vcl
331 2723 364 2751 ad
379 2723 508 2759 exiguum
524 2727 631 2757 tempus
645 2729 660 2749 a
673 2729 724 2750 suo
743 2721 769 2748 in
787 2721 887 2748 virtute
899 2721 1001 2748 astutulo
1013 2729 1057 2749 se-

272 2770 377 2804 parari,
397 2769 518 2805 perrexit
529 2768 564 2796 ad
574 2767 734 2796 monasterii
750 2767 903 2801 prtesidem.
913 2772 940 2794 et
947 2774 1055 2794 omnem

274 2815 359 2842 movit
370 2815 497 2851 lapidem,
511 2813 666 2843 innumeris
676 2813 802 2848 precibus
817 2812 958 2844 adhibitis,
970 2817 999 2839 ut
1008 2812 1056 2840 ⁴Ιο-

1108 2452 1141 2486 τῇ
1158 2450 1226 2485 πρὸς
1238 2449 1283 2476 τὸν
1295 2448 1366 2476 θεῖον
1382 2448 1480 2483 Ἰωσὴφ
1502 2447 1738 2482 ἀνακοπτόμενος,
1754 2445 1791 2477 ὡς
1805 2444 1836 2472 ἀν
1854 2450 1893 2472 τις

1109 2496 1191 2526 ιῐποι,
1213 2496 1325 2530 στοργῇ.
1350 2494 1395 2521 Διὸ
1409 2494 1454 2521 διά
1472 2502 1550 2526 τινας
1575 2493 1700 2527 ἀνάγκας
1725 2489 1892 2525 ἐπιδημῆσαι

1109 2543 1194 2570 θέλων
1207 2542 1275 2578 πρὸς
1292 2541 1341 2578 τὴν
1358 2540 1479 2576 μεγάλην
1493 2540 1548 2567 τῶν
1571 2540 1686 2570 πόλεως,
1705 2538 1737 2565 οὐ
1759 2537 1850 2572 φέρων
1870 2533 1892 2561 δ’

1108 2587 1163 2614 οὐδ’
1177 2587 1301 2621 ἑπολίγον
1312 2586 1361 2621 τὴν
1374 2585 1420 2612 τοῦ
1433 2585 1567 2621 όμοζήλου
1579 2584 1726 2619 διακοπὴν,
1737 2579 1892 2618 προσελθὼν

1109 2631 1148 2668 τῷ
1161 2631 1312 2667 προεστῶτι
1322 2633 1371 2667 τῆς
1387 2631 1482 2667 μονῆς,
1498 2630 1546 2657 καὶ
1560 2630 1651 2657 πάντα
1665 2628 1757 2656 κάλων
1770 2626 1891 2660 κινήσας.

1109 2679 1205 2713 λόγους
1232 2687 1262 2704 τε
1286 2678 1403 2714 μυρίους
1438 2677 1662 2713 παρακλητικοὺς
1699 2673 1890 2714 ποιησάμενος.

1107 2711 1240 2758 λαμϐάνει
1256 2711 1302 2750 τὸν
1327 2711 1432 2758 *Ἰωσὴφ
1448 2711 1638 2756 συναπόδημον
1651 2728 1657 2735 ·
1684 2718 1772 2754 ἔμαθε
1795 2717 1848 2751 γὰρ
1868 2711 1889 2747 ᾧ

1106 2769 1175 2800 τέως
1192 2769 1316 2796 ὑπείκειν
1329 2768 1368 2803 τῷ
1381 2767 1534 2804 Γρηγορίῳ,
1549 2767 1595 2794 διὰ
1607 2767 1638 2794 τὸ
1659 2763 1828 2800 ὑπερϐάλλον
1844 2760 1891 2793 τῆς

1107 2814 1218 2850 ἀρετῆς.

274 2861 342 2895 seph
362 2861 466 2889 socium
482 2860 587 2889 itineris
598 2859 641 2888 sui
660 2862 751 2894 posset
775 2858 910 2891 obtinere,
930 2858 1094 2893 tandemque
1119 2860 1247 2889 obtinuit.
1283 2859 1343 2887 .Iam
1374 2861 1447 2888 enim
1478 2859 1610 2888 didicerat
1634 2859 1767 2895 Gregorio
1797 2852 1888 2883 cedere

274 2912 354 2942 atque
366 2908 478 2943 obsequi
495 2913 604 2944 propter
617 2907 725 2936 virtutis
740 2906 927 2935 eminentiam.
