2077 3157
180 203 235 237 953
951 200 969 233 ν

1021 201 1049 231 Α.
1749 203 1802 236 954

217 259 257 286 ιε’.
275 256 329 285 Καὶ
341 257 375 294 δὴ
386 258 419 294 τῇ
437 257 552 294 βασιλίδι
565 257 769 294 παραϐαλόντες
780 258 835 285 τῶν
850 257 966 289 πόλεων.

1055 255 1097 284 I5.
1117 255 1185 284 Cum
1202 256 1286 292 igitur
1307 257 1571 293 Constantinopolim
1602 258 1802 293 pervenissent,

181 303 212 330 ὲν
228 303 268 339 τῷ
282 303 339 330 τῶν
357 304 521 332 καλλινίκων
536 304 687 340 μαρτύρων
701 304 815 339 Σεργίου
837 304 885 330 καὶ
897 303 969 330 Βάκ-

1023 302 1050 330 ἰη
1070 302 1169 338 templo
1190 302 1447 338 gloriosissimorum
1475 309 1625 340 martyrum
1657 304 1744 340 Sergii
1777 310 1805 333 et

182 357 230 383 κου
243 349 302 385 ναῷ
315 350 365 385 τὴν
380 350 527 385 παροικίαν
542 350 610 386 πρὸς
623 349 711 386 βραχὺ
729 350 905 385 ἐποιήσαντο.
916 349 969 377 Kal

1024 348 1123 376 Bacchi
1163 348 1238 376 brevi
1265 350 1397 384 temporis
1417 350 1504 384 spatio
1536 357 1640 377 moratn
1671 351 1804 384 fecerunt,

181 389 216 427 ἦν
245 392 310 419 ίδεῖν
337 393 383 419 τὸν
408 393 480 430 ἱερὸν
513 394 612 429 Ἰωσὴφ
648 393 687 426 ὡς
701 395 764 430 ἄρτι
789 394 840 430 τῆς
870 394 969 430 ἀρετῆς

1022 393 1061 421 Ibi
1076 401 1141 421 vero
1157 393 1249 422 videre
1261 398 1321 422 erat
1336 402 1444 422 sacrum
1457 394 1570 430 Joseph,
1600 400 1729 431 tanquam
1753 404 1805 424 no-

165 434 332 485 ξὴργμένον,
349 439 438 467 πᾶσαν
467 440 516 475 μὶν
539 440 665 476 ὑπακοὴν
687 440 824 476 τηροῦντα
841 440 880 475 τῷ
898 441 969 476 Γρη-

1021 439 1115 466 vitium
1133 446 1165 467 ac
1194 440 1302 467 virtutis
1316 439 1442 472 tironem,
1463 440 1591 468 omnibus
1616 440 1644 468 itt
1665 441 1746 469 rebus
1759 449 1806 469 ex-

166 490 168 492 '
183 486 278 522 γορίῳ,
295 487 349 513 πᾶν
360 486 388 514 δὲ
403 485 473 519 εἶδος
484 488 532 523 τῆς
547 488 690 524 ἀσκήσεως
710 487 739 521 ἐξ
752 487 879 524 ὑπαρχῆς
901 496 969 522 μετ.

1021 491 1109 513 actam
1120 485 1250 522 Gregorio
1257 486 1441 514 obedientiam
1457 490 1595 521 praestare,
1604 491 1685 523 atque
1694 495 1738 514 om
1743 495 1804 515 uem

183 531 343 567 ερχόμενον.
360 532 394 558 ’Δ
408 533 458 568 μὲν
473 534 528 569 γάρ
542 533 731 569 κατωρθώκει,
744 532 781 566 ὼς
794 533 871 560 οὑδὶν
883 532 969 567 ἀλογί-

1021 531 1155 567 religiosat
1169 531 1374 560 exercitationis
1389 532 1506 567 speciem
1525 540 1540 560 a
1569 533 1706 568 principio
1727 540 1806 568 repe-

185 575 336 613 ζετο.πρδς
350 578 379 605 δὲ
400 578 435 605 τὰ
458 578 614 614 ἔμπροσθεν
638 578 821 612 ἑπεκτείνετο,
846 579 895 606 καὶ
911 578 969 614 ἅμα

1021 581 1092 610 lere;
1108 584 1168 612 quae
1178 577 1251 605 enim
1271 581 1350 605 antea
1366 583 1441 605 recte
1455 584 1587 613 gesserat,
1617 584 1746 613 tanquam
1760 578 1806 614 Vni-

183 621 350 649 ἕπιϐεϐαιῶν
365 623 458 650 καὶτὰ
476 613 594 660 πρῶτως
621 623 831 660 κατορθωθέντα
850 625 885 660 τῇ
902 613 969 659 πρὸς

1022 622 1060 650 hil
1082 627 1223 658 reputans,
1249 622 1283 650 ad
1300 622 1430 650 ulteriora
1446 631 1506 650 sese
1529 623 1703 655 extendebat,
1718 628 1745 651 et
1759 613 1806 655 ea,

184 669 289 695 ἐκεῖνον
309 669 496 706 ἀκριϐεστάτη
513 669 712 706 διαμορφώσει,
730 669 778 697 τὸν
794 670 882 706 μεγαν
899 670 969 705 λέγω

1021 675 1082 703 quae
1093 669 1168 704 prius
1178 669 1309 703 praeclare
1319 674 1422 705 egerat,
1433 670 1514 697 simul
1522 669 1713 701 conﬁrmabat,
1721 673 1747 697 et
1760 678 1807 704 per

185 712 346 748 Γρηγόριον,
360 713 399 746 ὡς
413 713 476 750 ἀρτι
489 715 540 750 τῆς
551 714 638 750 καλῆς
650 714 808 751 ἀχαρίστως
826 715 969 749 ἀσκήσεως

1021 714 1220 742 exactissimam
1228 714 1468 742 conformationem
1477 715 1510 742 ad
1520 715 1595 742 illum
1605 715 1650 751 (ad
1663 711 1805 750 magnum,

185 756 388 792 ἀπαρχόμενος,
402 757 500 793 νεαλὴς
516 757 615 794 ἐχώρει
626 758 693 794 πρὸς
707 758 772 790 τοὺς
789 757 910 792 ἀγῶνας,
922 757 969 785 καὶ

1021 759 1145 794 inquam,
1167 759 1352 796 Gregorium)
1370 760 1491 788 honestae
1501 761 1714 793 exercitationis,
1746 766 1808 788 tan-

185 800 231 827 τὸν
246 801 300 829 τῶν
314 803 466 838 ἀσωμάτων
478 804 647 839 ἀπεμιμεῖτο
660 803 717 839 βίον
731 804 760 830 ιν
771 803 889 839 σώματι,
909 802 969 839 χαί-

1021 812 1101 840 quam
1115 810 1236 834 recenter
1249 810 1394 841 susceptae,
1416 806 1563 833 insatiabili
1577 805 1649 833 fame
1661 806 1800 834 cruciatus

187 855 244 882 ρειν
255 847 304 882 μὲν
318 849 401 875 πᾶσιν
417 848 502 876 σίπὼν
518 849 669 885 αίσθητοῖς,
685 848 724 884 τῷ
735 848 846 884 ἀοράτῳ
856 848 885 875 δὲ
902 848 969 876 κάλ-

1021 851 1054 878 ab
1062 851 1369 886 exordioincipiebat,et
1382 859 1469 879 novus
1481 856 1562 887 atque
1570 852 1672 888 integer
1685 852 1761 879 miles
1774 852 1808 879 ad

185 891 227 919 λει
241 893 444 928 ὲνηδυνόμινος.
460 895 516 922 Καὶ
529 894 628 930 ὄροφον
643 894 694 930 μὲν
712 893 769 930 εἶχε
782 894 828 921 τὸν
843 893 969 930 οὐρανὸν,

1021 896 1167 923 certamina
1176 897 1566 932 procedens,incorporeorum
1576 897 1658 925 vitam
1669 897 1759 925 adhuc
1781 897 1808 924 in

186 936 246 964 ἀντὶ
277 938 307 964 δὲ
326 938 417 974 πάσης
439 939 567 972 γλυκείας
596 940 741 976 στρωμνῆς
770 939 801 967 τὸ
822 939 969 975 σύντροφον

1022 949 1138 977 corpore
1154 942 1260 978 positus
1273 931 1440 970 imitabatur.
1458 942 1593 970 Omnibus
1614 942 1723 978 quidem
1744 950 1808 970 sen-

186 981 284 1018 ὲκιίνῳ
301 983 350 1010 καὶ
364 984 441 1019 φίλον
464 985 572 1019 ἔδαφος,
592 985 620 1012 εῐ
634 994 700 1012 ποτε
723 986 778 1020 ἄρα
793 985 969 1013 διαναπαύειν

1024 986 1150 1015 sihilibus
1171 988 1290 1022 gaudere
1318 988 1473 1020 recusabat,
1499 989 1559 1016 sola
1585 996 1649 1015 vero
1678 987 1809 1015 invisibili

185 1026 322 1078 ἔμελλε-τό
337 1029 487 1065 συνεργοῦν
503 1031 600 1066 ἐκείνῳ
615 1030 684 1066 πρὸς
694 1031 812 1066 ἀρετήν·
833 1030 905 1058 οὕτω
915 1031 969 1066 γὰρ

1021 1032 1223 1068 pulchritudine
1237 1033 1433 1060 delectabatur.
1453 1032 1484 1060 Et
1497 1037 1597 1061 tectum
1613 1033 1723 1068 quidem
1733 1033 1808 1060 illius

185 1069 258 1105 ιώρα
280 1071 385 1106 διάγειν
404 1073 452 1100 καὶ
477 1073 523 1101 τὶν
543 1074 614 1100 θεῖον
624 1075 787 1110 Γρηγόριον,
804 1075 852 1102 καὶ
864 1075 969 1102 κάτοπ-

1021 1082 1080 1104 erat
1098 1077 1208 1111 coelum,
1224 1085 1272 1113 pro
1297 1079 1424 1105 universa
1454 1085 1519 1105 vero
1546 1077 1638 1105 lectuli
1662 1077 1810 1104 dulcedine

185 1124 250 1150 τρον
264 1115 320 1153 εἶχε
337 1117 383 1145 τὸν
399 1118 504 1145 ἐκείνου
520 1119 578 1155 βίον
588 1127 596 1136 ·
610 1120 657 1146 καὶ
670 1120 738 1155 πρὸς
754 1120 859 1147 ἐκεῖνον
873 1120 969 1147 ἑαυτὸν

1021 1125 1209 1151 connutritunt
1222 1124 1274 1152 sibi
1284 1132 1317 1152 ac
1330 1124 1459 1152 dilectum
1471 1123 1657 1159 pavimentum
1682 1123 1808 1155 habebat,

184 1162 356 1197 ἀπευθύνων,
385 1164 559 1202 καθεκάστην
585 1166 734 1198 ἀναϐάσεις
758 1166 789 1193 ὲν
810 1167 844 1202 τῇ
871 1166 969 1202 καρδίᾳ

1021 1168 1045 1196 si
1063 1169 1172 1204 quando
1188 1171 1378 1205 cooperarium
1402 1169 1464 1205 ejus
1476 1170 1509 1196 ad
1536 1170 1678 1201 virtutem,
1709 1177 1810 1204 corpus

184 1207 297 1236 δτίθετο·
1022 1215 1135 1248 scilicet,
1145 1216 1317 1250 requiescere
1325 1220 1444 1252 optaret.
1466 1215 1504 1243 Ita
1514 1216 1586 1243 enim
1596 1215 1677 1243 etiam
1687 1215 1808 1242 divinum

184 1254 344 1291 Gregorium
361 1258 444 1285 vitam
470 1265 551 1293 agere
585 1259 704 1290 videbat,
721 1264 802 1294 atque
814 1259 887 1286 illius
913 1258 995 1286 vitam
1017 1264 1146 1296 tanquam
1176 1263 1317 1297 speculum
1346 1263 1381 1290 ob
1400 1262 1494 1289 oculos
1520 1261 1631 1293 habens,
1664 1261 1809 1296 eidemque

183 1302 303 1336 seipsum
325 1311 492 1339 componens
521 1310 549 1333 et
571 1305 760 1340 conformans,
783 1314 831 1341 per
857 1306 980 1340 singulas
999 1306 1057 1335 dies
1076 1310 1251 1337 ascensiones
1265 1310 1291 1336 in
1306 1308 1387 1336 corde
1399 1316 1449 1336 suo
1463 1308 1635 1343 disponebat.

220 1352 269 1382 ις’.
287 1351 325 1377 Οὐ
353 1351 420 1378 πολὺ
435 1351 466 1378 τὸ
484 1352 512 1378 ὲν
542 1352 629 1387 μέσῳ,
653 1353 700 1379 καὶ
715 1350 770 1388 (οἷα
782 1353 817 1380 τὰ
836 1352 884 1379 τοῦ
901 1352 969 1379 Θεοῦ

183 1394 333 1431 κρίμαται)
342 1396 417 1423 Λέων
429 1397 444 1423 ό
460 1396 606 1433 θηριώδης,
620 1399 634 1425 ὁ
646 1399 678 1425 ὲκ
689 1399 740 1433 τῆς
756 1398 892 1434 Ἰσαυρίας
904 1398 969 1435 [imo

189 1441 359 1479 “Δρμενίας],
375 1443 423 1478 τῆς
446 1443 585 1479 βασιλείας
606 1444 660 1471 τῶν
680 1445 827 1481 σκήπτρων
842 1445 970 1472 ἐπιλαϐό-

188 1495 282 1522 μενος,
298 1489 370 1524 κυκᾷ
379 1488 430 1524 μὲν
439 1489 504 1524 ὃλην
515 1489 564 1524 τὴν
583 1489 759 1524 Ἐκκλησίαν,
769 1490 816 1516 καὶ
827 1490 888 1521 ταῖς
899 1498 969 1516 παν-

182 1531 275 1566 αγίαις
295 1533 382 1560 είκόσι
408 1534 492 1561 πάλαι
513 1534 737 1570 προσωχοηκὼς,
765 1534 883 1570 πόλεμον
906 1535 967 1561 κατ’

182 1577 272 1604 αὐτῶν
287 1578 343 1605 τῶν
360 1578 471 1606 πώποτε
491 1581 684 1616 γεγενημένων
705 1580 815 1615 ἐκίνησε
835 1580 882 1607 τὸν
907 1588 971 1615 σφο-

182 1622 312 1658 δρότατον
324 1631 333 1640 ⁸
359 1624 393 1651 τὰ
406 1624 435 1651 δὲ
450 1625 505 1652 τῶν
517 1625 695 1662 φιλοχρίστων
712 1626 806 1662 στίφη,
827 1626 864 1662 μὴ
878 1635 972 1654 πεπει-

185 1669 275 1705 σμένα
289 1670 328 1706 τῷ
341 1671 447 1698 ἐκείνου
462 1670 607 1707 θελήματι,
617 1671 695 1703 ἄλλος
710 1671 839 1707 ἀλλαχόθι
847 1671 970 1708 διεσκορ-

183 1715 305 1746 πίζοντο.
319 1715 365 1742 Διδ
378 1717 425 1743 καὶ
440 1717 463 1743 οί
477 1716 527 1750 μὶν
541 1717 587 1744 τὸν
600 1718 738 1753 Βόσπορον
750 1717 969 1753 κατελάμϐανον,

182 1760 208 1787 οῑ
223 1760 251 1787 δὲ
263 1761 345 1794 εὐθὺς
354 1762 405 1797 τῆς
415 1762 539 1794 Σικελίας
549 1763 696 1796 ἀπέπλεον,
708 1763 782 1791 ἄλλοι
793 1763 821 1790 δὲ
827 1764 878 1795 τὰς
888 1772 970 1799 κορυ-

182 1806 237 1841 φὰς
246 1807 301 1834 τῶν
312 1808 398 1844 ὀρέων
422 1809 750 1844 καταλαμϐάνοντες,τοῦ
767 1809 854 1836 δεινοῦ
877 1809 969 1845 μονιοῦ

182 1853 233 1885 τὰς
250 1853 362 1886 συὼδεις
377 1855 467 1890 ὁρμάς
487 1854 698 1891 ἀπεδίδρασκον.
721 1854 792 1881 Ἀλλ’
807 1855 857 1890 οὺχ
879 1855 894 1882 ὁ
909 1863 971 1890 γεν-

183 1900 258 1931 ναίος
267 1900 430 1936 ἀγωνιστὴς,
443 1901 491 1927 καὶ
505 1901 560 1927 τῶν
581 1900 663 1936 ιερῶν
675 1900 871 1936 μορφωμάτων
885 1908 970 1936 προσ-

183 1946 302 1981 κυνητὴς
317 1946 405 1978 οὕτως
417 1946 504 1973 ἐποίει
516 1945 680 1982 Γρηγόριος·
697 1946 765 1974 ἀλλά
779 1946 826 1973 τὸν
841 1946 913 1973 θεῖον
925 1947 971 1973 ἑν-

181 1991 326 2027 δεδυμὲνος
351 1992 401 2028 τῆς
423 1993 543 2025 πίστεως
565 1992 689 2028 θώρακα,
715 1992 893 2028 περιέρχεται
919 1991 971 2028 μὲν

182 2037 354 2073 πανταχόθεν
365 2039 416 2074 τῆς
433 2038 548 2072 πόλεως,
563 2038 712 2075 κηρύσσων
734 2039 764 2065 ἐν
776 2039 900 2073 ἀγυιαῖς,
921 2038 970 2066 καὶ

181 2082 317 2111 διδάσκων
329 2085 358 2110 ὲν
375 2085 532 2118 στενωποῖς,
553 2085 601 2111 καὶ
612 2084 770 2121 παρρησίαν
780 2084 809 2111 ἔν
827 2084 889 2116 ταῖς
903 2084 971 2112 πλα-

180 2129 270 2162 τείαις
291 2130 522 2167 ὶπιδεικνύμενος,
542 2131 579 2167 μὴ
598 2130 637 2166 τῷ
654 2130 800 2166 λαοπλάνῳ
827 2130 970 2158 πείθεσθαι

183 2175 298 2214 βασιλεῖ,
314 2177 382 2213 μηδὲ
394 2178 450 2209 τοῖς
465 2177 571 2205 ἐκείνου
592 2177 735 2213 ληρήμασι
752 2177 801 2213 τὴν
818 2177 904 2214 ἀκοὴν
924 2178 969 2204 ιν-

1060 1355 1104 1384 16.
1119 1354 1196 1384 Haud
1210 1355 1324 1383 multum
1340 1363 1404 1382 vero
1418 1354 1551 1389 temporis
1564 1353 1728 1384 intercessit,
1745 1360 1806 1380 ctnu

1023 1402 1051 1437 (ο
1065 1402 1156 1437 qualia
1175 1401 1222 1430 Dei
1242 1401 1378 1436 judicia!)
1405 1400 1460 1428 Leo
1484 1400 1528 1428 ille
1543 1399 1758 1427 immanissimus
1776 1406 1809 1425 ex

1021 1448 1149 1475 Armenia
1164 1448 1172 1483 (
1187 1448 1199 1475 ί
1213 1448 1221 1483 )
1237 1455 1375 1483 egressus,
1390 1451 1471 1481 atque
1488 1445 1595 1481 imperii
1611 1449 1717 1479 sceptra
1737 1444 1811 1471 inva—

1021 1493 1088 1521 deus
1103 1512 1111 1525 .
1135 1494 1289 1522 universam
1317 1493 1466 1520 Ecclesiatn
1505 1492 1587 1527 cepit
1607 1491 1756 1526 exagitare,
1782 1494 1809 1517 et

1022 1539 1204 1567 sanctissimis
1231 1539 1410 1575 imaginibus,
1445 1538 1545 1573 quibus
1581 1537 1646 1565 olim
1687 1536 1809 1563 infensus

1022 1583 1121 1617 fuerat,
1139 1585 1228 1612 dirum
1245 1588 1327 1618 atque
1362 1583 1563 1611 atrocissimum
1579 1582 1679 1609 bellutn
1698 1580 1808 1608 inferre.

1021 1629 1123 1658 Christi
1140 1635 1229 1658 autem
1246 1630 1396 1658 amantium
1415 1630 1515 1657 civium
1529 1629 1650 1659 ordines,
1676 1627 1748 1654 illius
1761 1634 1811 1653 vo-

1022 1675 1117 1704 luntati
1133 1684 1227 1711 parcre
1240 1681 1410 1708 recusantes,
1437 1683 1485 1711 per
1503 1675 1596 1702 varias
1613 1674 1746 1710 regiones,
1764 1673 1809 1700 alii

1021 1722 1074 1750 alio
1084 1722 1229 1758 fugientes,
1244 1723 1361 1758 dispersi
1380 1727 1455 1750 sunt.
1469 1721 1521 1749 Alii
1536 1720 1645 1756 quidem
1665 1720 1691 1747 in
1710 1719 1810 1754 Bospo-

1021 1776 1082 1796 rum
1094 1768 1282 1803 profugerunt,
1294 1767 1337 1795 alii
1352 1775 1415 1794 vero
1428 1771 1501 1794 recta
1510 1766 1537 1793 in
1554 1766 1676 1793 Siciliam
1691 1764 1729 1800 (‘2
1741 1766 1750 1799 )
1761 1772 1810 1791 na-

1021 1814 1180 1849 vigaverunt
1195 1821 1203 1840 :
1218 1813 1261 1840 alii
1278 1814 1387 1840 domum
1398 1812 1578 1848 ad_montium
1591 1810 1734 1838 cacumina
1749 1817 1811 1836 sese

1021 1862 1191 1895 receperunt,
1202 1859 1384 1894 utsingularis
1395 1858 1444 1885 feri
1457 1858 1529 1885 illius
1540 1856 1733 1884 immanissimi
1748 1863 1811 1890 por-

1021 1905 1098 1933 cinos
1115 1905 1250 1940 appetitus
1265 1905 1421 1932 evaderent.
1438 1904 1479 1930 At~
1500 1910 1555 1930 non
1572 1902 1608 1929 ita
1624 1909 1653 1930 se
1668 1901 1752 1937 gessit
1769 1908 1812 1935 ge-

1023 1957 1141 1979 nerosus
1158 1950 1292 1985 agonista,
1306 1954 1334 1977 et
1345 1957 1486 1977 sacrarum
1513 1948 1662 1983 imaginum
1682 1947 1812 1974 adorator

1021 1996 1181 2032 GregOrius,
1191 1995 1238 2023 sed
1253 1995 1375 2023 divinum
1383 1994 1443 2022 fidei
1459 1995 1597 2021 thoracem
1612 1993 1739 2024 indueus,
1751 1992 1808 2018 cir-

1021 2042 1114 2071 cuibat
1129 2049 1332 2077 quaquaversus
1346 2041 1496 2073 civitatem,
1512 2039 1664 2074 praedicans
1685 2038 1712 2065 in
1730 2038 1809 2068 vicis,

1021 2087 1122 2115 docens
1140 2087 1167 2114 in
1181 2085 1341 2122 angiportis,
1356 2089 1383 2113 et
1397 2085 1424 2112 itt
1443 2078 1538 2119 plateis
1559 2084 1712 2111 libertatem
1742 2081 1812 2109 fidu-

1021 2134 1146 2168 ciamque
1161 2133 1319 2168 praeferens,
1339 2140 1374 2160 ne
1388 2131 1500 2159 mhtitna
1518 2130 1627 2166 quidem
1644 2130 1670 2156 in
1687 2137 1716 2157 re
1732 2128 1812 2156 sedu-

1023 2180 1091 2208 ctori
1106 2179 1191 2215 plebis
1202 2179 1258 2215 regi
1269 2178 1472 2213 obtemperans,
1490 2181 1537 2204 aut
1546 2176 1618 2204 illius
1629 2175 1710 2210 nttgis
1719 2182 1750 2201 ac
1763 2174 1812 2201 dc-

182 2221 284 2249 διδόναι
299 2222 350 2249 κᾶν
361 2222 430 2259 πρὸς
445 2223 554 2258 μικρόν.
570 2223 625 2250 Καὶ
637 2220 708 2258 ἦσαν
722 2223 747 2250 οἱ
767 2222 874 2249 ἐκείνου
892 2222 969 2257 λόγοι

1021 2226 1172 2254 Iiramentis
1185 2225 1308 2261 praebens
1318 2224 1450 2251 auditum.
1461 2222 1544 2250 Erant
1554 2226 1644 2249 autem
1661 2220 1734 2248 illius
1745 2219 1813 2247 allo-

182 2269 250 2304 πρὸς
264 2269 314 2301 τὰς
329 2269 384 2297 τῶν
396 2270 517 2297 εὐσεϐῶν
539 2270 653 2306 καρδίας
678 2269 854 2303 ὲνστάζοντες
872 2269 968 2304 δρόσος

1018 2272 1142 2301 cutiones
1161 2271 1188 2298 in
1207 2271 1289 2299 corda
1307 2270 1414 2306 piorum
1431 2269 1577 2300 stillantes.
1589 2275 1635 2295 ros
1645 2266 1811 2298 matutinus,

182 2313 281 2350 ἑωθινὴ
299 2315 346 2342 καὶ
361 2315 430 2351 ῐαμα
442 2315 626 2352 πνευματικὸν
647 2315 696 2343 καὶ
714 2315 850 2351 σωτήρων
862 2323 870 2332 ι
886 2312 909 2350 ᾧ
921 2315 969 2343 καὶ

1021 2325 1050 2346 ac
1065 2316 1290 2344 medicamentum
1302 2313 1444 2350 spirituale
1472 2321 1504 2341 ac
1515 2312 1698 2341 salutiferam.
1726 2310 1811 2347 Igitur

181 2360 212 2387 τδ
226 2360 328 2396 πλῆθος
343 2361 398 2388 τῶν
409 2362 438 2389 ιν
452 2363 485 2398 τῇ
502 2361 609 2397 μεγάλῃ
627 2361 683 2388 τῶν
707 2361 812 2389 πόλεων
836 2361 967 2398 ἀσκητῶν

1021 2360 1164 2388 multitudo
1177 2364 1342 2392 ascetarum,
1357 2358 1404 2392 qui
1427 2357 1734 2392 Constantinopolitana
1747 2356 1812 2382 urbe

182 2406 367 2440 συνελθόντες,
382 2407 454 2435 κατά
466 2407 565 2434 ταυτὸν
577 2407 750 2443 προσάγουσι
766 2406 861 2443 κοινὴν
875 2406 969 2443 ἱκετη-

183 2451 245 2486 ρίαν
255 2451 294 2487 τῷ
305 2452 460 2490 Γρηγορίῳ,
474 2453 520 2481 τὸν
535 2454 658 2488 γενναῖον
671 2454 701 2480 ἂν
716 2453 818 2487 λόγοις,
840 2454 888 2480 καὶ
902 2462 970 2480 στα-

182 2497 266 2532 θηρδν
290 2498 320 2525 ὲν
349 2498 452 2531 πόνοις,
486 2499 555 2535 πρὸς
572 2499 623 2534 τὴν
644 2498 835 2534 πρεσϐυτέραν
857 2498 970 2534 Ῥώμην

182 2543 390 2577 ἐξαποστεῖλαι,
419 2545 636 2581 διασημανοῠντα
659 2544 699 2580 τῷ
724 2545 880 2580 πάπᾳΓκαὶ
907 2545 965 2576 τοῖς

182 2588 272 2615 cuius
288 2589 323 2617 τά
348 2589 397 2617 νῦν
421 2590 569 2626 συνέχοντα
585 2589 635 2626 τὴν
659 2589 736 2617 πόλιν
757 2589 843 2624 δεινὰ,
862 2590 906 2617 ἵνα
923 2598 966 2622 τις

218 2689 256 2725 (t)
273 2688 323 2718 Hic
339 2690 374 2718 ab
390 2689 486 2725 audaci
504 2697 589 2717 manu
611 2689 744 2725 scriptum
760 2693 827 2723 erat,
849 2688 903 2717 ἀπὸ
918 2689 969 2724 τῆς

187 2723 324 2760 ξισαυρίας
337 2745 345 2757 ,
363 2732 425 2752 cum
441 2724 497 2752 Leo
508 2724 644 2752 Armentis
662 2723 737 2753 esset
764 2723 967 2760 intelligendus.

183 2759 221 2787 De
233 2759 429 2794 persecutionis
442 2764 533 2787 autem
543 2760 578 2787 ab
591 2767 623 2788 eo
635 2767 679 2787 an.
692 2760 745 2788 ΗΔ»
758 2761 860 2788 moveri
872 2764 971 2794 coepta:

182 2793 343 2835 acerbitate,
368 2794 430 2835 vide
449 2794 536 2835 Acta”
553 2794 603 2835 εξ,
630 2793 811 2835 Theophanis
833 2793 970 2835 αι’-Νίσο-

202 2829 273 2860 hori,
298 2830 332 2857 12
346 2834 371 2858 et
389 2830 423 2857 I3
435 2829 553 2865 iMartii.
579 2829 763 2865 Menologiutn
791 2831 884 2859 Basilii
902 2831 968 2865 imp.

203 2866 357 2928 teet-comma
371 2865 405 2893 ad
432 2864 576 2900 Theophili
598 2864 719 2902 tempora
745 2865 852 2894 refert:
880 2864 971 2894 minus

203 2907 228 2927 ec
258 2919 265 2926 .

184 2907 265 2927 τεθω-

1019 2407 1209 2438 morahantur,
1239 2404 1366 2432 convenit
1404 2404 1431 2431 in
1461 2407 1595 2434 unutn,et
1634 2409 1810 2430 communem

1023 2452 1247 2488 supplicationem
1282 2451 1380 2478 detullt
1422 2449 1563 2482 Gregorio,
1596 2452 1721 2476 statuens
1748 2455 1810 2474 eum

1024 2498 1131 2525 mittere
1156 2497 1274 2531 legatum
1291 2496 1396 2531 (utpote
1410 2494 1547 2523 ellicacem
1575 2495 1602 2521 in
1623 2493 1808 2524 sermonibus.

1023 2548 1050 2571 οι
1061 2547 1231 2571 constantem
1250 2542 1276 2569 in
1295 2541 1435 2569 laboribus
1450 2541 1459 2575 )
1477 2540 1592 2568 Romam
1616 2544 1747 2570 veterem,
1779 2542 1809 2565 ut

1023 2589 1189 2625 significaret
1205 2595 1280 2624 papte
1296 2587 1306 2624 (
1325 2588 1342 2615 5
1357 2587 1367 2618 )
1396 2587 1513 2622 aliisque
1543 2586 1675 2614 Romanis
1687 2592 1719 2612 ea
1736 2584 1807 2613 mala

1058 2688 1096 2724 (2)
1113 2687 1259 2724 Caietauus
1275 2689 1328 2716 huc
1342 2688 1435 2719 trahit,
1455 2687 1526 2723 quod
1543 2687 1705 2724 Gregorium
1725 2684 1809 2712 Deca-

1025 2724 1135 2759 politam
1159 2723 1260 2750 Mentea
1281 2724 1374 2750 dicant
1404 2723 1687 2759 Syracusasrvenisse
1716 2729 1722 2747 :
1753 2728 1806 2747 non

1025 2758 1108 2791 recte,
1122 2759 1185 2793 quia
1204 2763 1275 2793 patet
1285 2759 1337 2786 hoc
1350 2758 1386 2786 ibi
1401 2758 1502 2786 factum
1523 2758 1574 2785 dici
1601 2761 1746 2793 antequam
1761 2763 1804 2793 ac-

1024 2790 1382 2827 cederet-Thessalonicam,
1396 2794 1518 2828 adeoque
1531 2797 1592 2828 ante
1606 2790 1805 2828 persecutionis

1024 2833 1140 2864 tempus.
1157 2828 1226 2862 Quid
1240 2829 1311 2864 quod
1329 2826 1379 2857 hic?
1389 2826 1517 2864 expresse
1539 2827 1644 2854 dicatur
1658 2826 1805 2860 Gregorius

1023 2872 1077 2892 n0n
1095 2863 1215 2898 fugisse?

1056 2899 1095 2934 (ὅ)
1112 2897 1182 2928 Idem
1193 2905 1301 2935 propter
1309 2907 1428 2928 errorctu
1440 2899 1473 2927 de
1481 2897 1572 2926 Leone
1583 2897 1712 2931 Isaurico,
1724 2904 1804 2932 quem
