2077 3157
247 161 300 195 955

808 162 839 192 S.
859 162 1018 193 JOSEPHI
1037 163 1320 196 HYMNOGRAPHI

1826 167 1879 199 956

246 226 307 253 qua:
335 215 664 250 Constantinopolitanam
691 215 830 243 civitatem
871 215 1057 251 atlligebant,,

1110 219 1235 254 πικουρια
1254 219 1367 254 γένηται
1393 221 1425 255 τῇ
1442 219 1489 247 τοῦ
1519 219 1587 247 Θεοῦ
1609 220 1767 256 Ἐκκλησία.
1800 222 1883 258 Ὁρᾷς

247 271 303 300 quo
316 262 424 297 aliqum!
436 262 566 289 auxilium
579 261 707 289 Ecclesia:
728 261 774 289 Dei
787 261 938 290 all’erretur.
955 261 1038 290 Vides

247 310 332 340 enim.
348 308 469 341 aiebant,
482 317 498 335 ο
513 308 602 342 Pa‘ter,
616 308 754 343 quomodo
768 316 812 336 res
824 313 923 336 nostrae
939 307 965 334 in
979 308 1039 335 Ilia-

247 357 307 384 dem
325 356 456 382 malorum
474 355 529 381 sint
545 359 728 387 contmutatze,
746 359 772 381 et
790 362 916 390 magnum
928 353 1029 381 Christi

247 402 318 430 Ovile
333 401 508 435 periclitetur,
521 407 553 428 eo
565 400 637 436 quod
651 407 703 427 non
718 400 753 428 sit
766 400 812 435 qui
822 399 1035 428 defendatillud.

286 448 328 474 17.
343 447 470 473 Admittit
494 445 701 473 advocationem
732 453 848 480 magnus
877 445 1039 480 Gregorius,

247 499 275 522 et
289 494 376 530 magis
392 502 502 530 rogans,
519 501 602 529 quam
622 498 744 529 rogatus,
755 501 909 521 sermonem
921 493 1040 521 breviter

249 540 375 571 absolvit,
394 539 569 574 divinumque
583 538 729 574 Josepbum
739 547 882 567 accersens
899 548 905 566 :
921 549 930 564 ι
949 539 1039 572 Nunc.

249 586 349 622 inquit,
358 594 373 612 ο
383 586 429 617 illi,
441 591 547 620 tempus
556 590 596 614 est
605 585 956 621 UStendendieloquentiam
968 590 1041 614 tuam

251 633 410 667 plurimam,
426 635 453 658 et
471 631 666 666 comprobandi
696 631 862 658 incrementa
884 632 986 659 amoris
1003 631 1041 658 lui

252 679 278 704 in
295 677 378 704 Deum
402 685 451 712 pro
471 677 587 705 viribus.
609 687 617 703 ι
635 677 692 709 llle,
709 677 754 711 qui
773 685 880 712 semper
900 677 1041 712 subjectus

251 732 314 759 esse
325 724 476 757 didicisset,
486 723 713 758 caputbumiliter
725 723 849 756 inclinat,
862 728 889 750 et
899 731 932 750 ne
949 731 1041 750 rerum

252 769 361 804 quidem
395 769 610 796 necessariarum
635 770 778 796 minimum
804 770 869 805 quid
896 770 1043 805 accipiens,

254 816 343 841 navim
357 815 528 846 conscendit,
538 820 564 841 et
584 813 697 842 Romam
716 823 812 842 versus
826 815 884 842 vela
903 814 976 842 facil.
990 814 1044 842 Sed

226 889 230 893 ,
256 861 325 887 forte
340 868 393 887 non
409 864 467 886 eral.
481 860 537 887 lucc
554 860 598 887 Dei
617 861 753 892 voluntas,
770 862 817 896 qui
844 868 916 895 srepe
930 868 979 897 per
998 868 1042 888 res

255 907 384 934 adversas
399 906 559 934 admiranda
576 907 706 941 disponit.
721 907 790 940 Quid
809 915 874 942 ergo
891 907 1001 938 accidit.
1017 912 1044 934 ct

256 952 322 987 quid
335 953 435 980 factum
447 952 510 980 est?
525 951 676 980 Barbarieae
688 953 812 981 triremes
827 953 976 987 piratarum
1003 961 1049 981 su-

257 997 446 1032 pervenientes
462 997 554 1024 omnia
570 998 677 1033 navigia
705 999 878 1031 invaserunt,
904 1003 986 1034 atque
1013 999 1047 1026 ad

258 1051 319 1072 sese
335 1047 506 1070 attraxerunt
520 1043 585 1070 illud
599 1044 680 1070 etiam
699 1044 726 1071 in
751 1052 806 1079 quo
821 1052 938 1080 magnus
948 1044 1050 1079 Joseph

263 1088 415 1116 ferebatur.
441 1089 594 1116 Adducitur
619 1090 712 1124 itaque
739 1090 904 1124 captivusin
927 1090 1049 1124 Cretam,

259 1144 315 1171 quo
338 1144 398 1163 cum
411 1137 589 1171 pervenisset,
606 1136 632 1163 in
650 1144 786 1164 carcerem
812 1137 1053 1172 eonjectus,atque

260 1181 431 1217 gravissimis
460 1182 565 1209 catenis
590 1181 717 1217 alligatus
737 1185 789 1209 est.
815 1181 932 1209 Tantum
962 1186 1054 1208 autem

261 1227 377 1254 vinculis
386 1227 444 1255 suis
458 1227 611 1254 exsultabat
622 1235 654 1254 ac
669 1227 811 1262 gestiebat,
827 1232 856 1255 ut
867 1228 973 1256 caeteris
985 1235 1054 1262 quo-

261 1273 440 1308 quecaptivis
467 1272 576 1300 afferret
604 1272 731 1300 solatium
767 1272 954 1300 dulcissimum
984 1271 1056 1299 ferro

262 1319 334 1345 mala
349 1318 528 1351 incurrentia,
546 1322 572 1345 et
586 1317 727 1345 doloribus
739 1317 873 1345 aﬂlietari.

299 1364 342 1392 18.
362 1364 454 1392 Dulcia
466 1364 565 1400 quippe
576 1368 640 1392 sunt
652 1364 761 1392 vinCula
783 1372 844 1399 quae
855 1367 966 1398 propter
977 1362 1058 1390 Chri-

264 1414 336 1437 stum
351 1409 513 1441 tolerantur,
539 1409 665 1444 quamvis
681 1409 714 1435 ad
726 1413 835 1444 tempus
859 1408 1000 1435 tristitiam
1016 1405 1058 1434 af-

264 1456 355 1483 l'crant
376 1463 408 1483 ac
427 1455 604 1483 discrueient.
623 1455 731 1483 Gratias
749 1455 831 1490 igitur
854 1462 969 1489 agamus
981 1473 988 1486 ,
1004 1453 1060 1480 aie-

265 1503 323 1534 bat,
338 1502 428 1537 magni
439 1502 515 1529 Pauli
532 1502 686 1537 exemplum
702 1509 758 1537 prae
780 1500 867 1528 oculis
891 1499 1040 1527 habentes’
1051 1519 1058 1530 .

266 1547 313 1582 qui
333 1552 460 1582 tanquam
475 1546 620 1574 monilibus
637 1546 726 1574 ferrea
742 1550 840 1574 eatena
863 1546 936 1572 circa
961 1544 1060 1572 collum

1092 265 1158 300 γὰρ,
1181 265 1284 300 ἔλεγον,
1311 262 1333 293 ὦ
1362 266 1463 301 Πάτερ,
1493 266 1530 298 ὡς
1565 267 1644 299 Ἰλιὰς
1656 268 1715 294 ἐστι
1739 268 1832 294 κακῶν
1853 269 1883 296 τὰ

1093 311 1225 347 ἡμέτερα,
1242 311 1288 339 καὶ
1306 312 1454 339 κινδυνεύει
1470 312 1500 339 τὸ
1514 313 1584 347 μέγα
1609 314 1734 349 ποίμνιον
1748 314 1796 341 τοῦ
1813 316 1882 350 X9:-

1095 356 1170 390 στοῦ,
1188 357 1233 384 διὰ
1246 357 1275 384 τδ
1291 357 1329 394 μὴ
1341 356 1411 384 εἶναι
1423 358 1468 385 τὸν
1483 358 1676 394 ἐκδικήσαντα.

1131 446 1173 479 ιζ’.
1190 447 1301 482 Δέχεται
1323 447 1372 484 τὴν
1387 448 1561 484 παράκλησιν
1577 449 1591 475 ὁ
1621 450 1710 484 μέγας
1732 451 1884 487 Γρηγόριος

1095 493 1140 520 καὶ
1156 492 1195 524 ὡς
1211 493 1311 527 μᾶλλον
1326 493 1451 529 αἰτήσας,
1463 495 1513 520 οὐκ
1528 495 1662 529 αἰτηθεὶς,
1677 496 1823 531 ἀπαρτίζει
1834 499 1882 523 τὸν

1094 539 1172 574 λόγον
1184 541 1254 574 ταχύ
1267 547 1273 554 ·
1288 539 1335 566 καὶ
1350 539 1395 566 τὸν
1407 539 1478 567 θεῖον
1495 541 1753 576 μετακαλεσάμενος
1774 543 1884 577 Ἰωσὴφ,

1095 585 1163 617 Νῦν,
1174 583 1246 617 εἶπε,
1260 585 1365 618 τέκνον,
1384 586 1478 621 καιρὸς
1492 586 1540 613 τοῦ
1557 595 1587 613 τε
1601 587 1682 620 λόγου
1699 587 1730 614 τὸ
1741 588 1809 615 πολὺ
1823 590 1887 615 ὲπι-

1095 631 1243 664 δείξασθαι,
1262 632 1310 658 καὶ
1329 631 1374 659 τὸν
1390 632 1458 667 πρὸς
1475 632 1541 659 Θεὸν
1559 632 1650 668 ἔρωτα
1666 633 1887 661 πολυπλασιάισαι

1096 677 1134 709 ὼς
1150 677 1272 712 ἐφικτόν.
1294 677 1322 704 '0
1341 677 1370 704 δὲ
1388 677 1482 712 μαθὼν
1497 678 1541 704 ἀεὶ
1566 678 1780 712 ὑποτάσσεσθαι,
1799 680 1886 706 κλίνει

1098 723 1146 759 μὲν
1161 723 1254 758 ἠρέμα
1269 723 1319 758 τὴν
1336 723 1469 758 κεφαλὴν,
1495 725 1543 751 καὶ
1563 724 1632 759 μηδὲ
1652 725 1708 750 τῶν
1725 725 1887 759 ἀναγκαίων

1098 768 1181 803 μηδέν
1194 778 1219 795 τι
1235 768 1412 804 παραλαϐὼν,
1428 768 1492 804 νηός
1508 778 1537 796 τε
1549 769 1677 796 ἐπέϐαινε
1691 771 1739 798 καὶ
1756 770 1825 806 πρὸς
1837 771 1889 807 τὴν

1103 814 1213 850 Ῥώμην
1228 815 1374 842 ἀπέπλεεν.
1396 815 1456 842 Οὺκ
1468 813 1502 851 ἦν
1520 815 1549 842 δὲ
1574 815 1630 851 ἄρα
1655 817 1703 844 καὶ
1715 817 1776 852 Θεῷ
1791 817 1888 853 βουλη-

1098 861 1153 894 τδν,
1182 861 1221 896 τῷ
1240 861 1285 888 διὰ
1307 862 1362 888 τῶν
1395 861 1525 888 ἐναντίων
1549 862 1680 894 πολλάκις
1704 863 1892 898 οἰκονομοῦντι

1062 911 1082 938 Β
1097 906 1249 942 παράδοξα.
1277 907 1309 933 Τί
1326 904 1373 934 οὖν
1399 907 1516 941 γίνεται,
1541 908 1588 935 καὶ
1612 908 1639 935 τί
1653 908 1791 942 τελεῖται;
1819 909 1893 944 Nile;

1102 954 1249 980 ἐπιστᾶσαι
1264 953 1432 989 βαρϐαρικαὶ
1455 954 1561 990 ἀνδρῶν
1586 954 1744 990 πειρατῶν,
1772 955 1840 982 ἄλλα
1864 963 1894 982 τε

1103 999 1182 1030 πλοῖα
1199 999 1429 1032 ωνεπισπῶνται,
1449 1000 1496 1026 καὶ
1519 1000 1551 1035 δὴ
1569 1001 1691 1034 κακεῖνο,
1706 1000 1721 1027 ὃ
1745 1000 1791 1027 τὸν
1806 1002 1896 1036 μέγαν

1104 1044 1201 1079 ἔφερεν
1220 1045 1333 1080 Ἰωσήφ.
1351 1046 1454 1079 ’Ἠγετο
1466 1045 1512 1072 οὖν
1523 1045 1696 1081 αἰχμάλωτος
1707 1047 1747 1078 είς
1755 1046 1804 1081 τὴν
1818 1047 1895 1081 Κρή-

1104 1098 1171 1125 την
1184 1090 1249 1118 ἔνθα
1263 1091 1409 1126 γενόμενος
1432 1091 1565 1118 ὲντίθεται
1582 1091 1633 1125 μὲν
1657 1093 1691 1126 τῇ
1714 1093 1812 1128 εἱρκτῇ
1829 1092 1897 1119 ἁλύ-

1106 1144 1165 1162 σεσι
1182 1135 1305 1171 βαρείαις
1321 1136 1516 1171 δεσμούμενος·
1532 1136 1660 1163 τοσοῦτον
1674 1137 1702 1163 δὲ
1722 1138 1779 1169 τοῖς
1788 1138 1897 1172 δεσμοῖς

1107 1183 1280 1217 ὲνηγάλλετο,
1297 1184 1358 1210 ὅσον
1371 1183 1418 1209 καὶ
1427 1184 1482 1214 τοῖς
1498 1182 1589 1214 ἄλλοις
1601 1182 1756 1217 δεσμώταις
1777 1184 1899 1210 ἐποιεῖτο

1108 1228 1282 1264 παράκλησιν
1303 1229 1388 1264 ἡδέως
1407 1229 1502 1264 φέρειν
1516 1229 1550 1256 τὰ
1570 1229 1694 1262 ἐπιόντα,
1710 1229 1809 1265 καὶμὴ
1832 1230 1898 1256 δυσ-

1109 1274 1246 1310 χεραίνειν
1259 1275 1314 1307 τοῖς
1328 1274 1475 1308 ἀλγεινοῖς.

1147 1363 1192 1396 ιη’.
1213 1360 1293 1387 Ἠδέα
1307 1360 1361 1395 γάρ
1373 1361 1426 1387 εἰσι
1439 1360 1473 1387 τὰ
1491 1359 1537 1386 διὰ
1559 1360 1679 1394 Χριστὸν
1692 1359 1792 1395 δεσμὰ,
1815 1360 1860 1387 καὶ
1874 1361 1901 1387 ει

1112 1405 1181 1442 πρὸς
1195 1405 1290 1441 καιρὸν
1300 1405 1373 1440 ἀνιᾷ.
1387 1401 1666 1440 Εὑχαριστῶμενοῦν,
1680 1402 1769 1438 ἔλεγε,
1781 1403 1820 1438 τῷ
1830 1402 1902 1437 Θεῷ,

1112 1453 1157 1480 τὸν
1177 1451 1264 1488 μέγαν
1282 1451 1387 1478 Παῦλον
1408 1450 1585 1486 παράδειγμα
1605 1449 1725 1485 ἔχοντες,
1739 1449 1768 1481 ὃς
1790 1450 1837 1477 καὶ
1862 1449 1901 1480 ὡς

1113 1497 1255 1533 ὁρμίσκοις
1278 1497 1333 1527 τοῖς
1356 1495 1456 1527 κλοιοῖς
1484 1495 1631 1530 ώραῖζετο,
1659 1494 1707 1521 καὶ
1725 1494 1836 1529 ἔχαιρεν
1862 1495 1904 1520 ὅτι

1113 1542 1216 1578 ἠξιώθη
1243 1541 1314 1576 ὑπὲρ
1332 1540 1380 1568 τοῦ
1399 1541 1533 1576 ὀνόματος
1557 1539 1677 1576 Χριστοῦ
1700 1539 1882 1575 μαστιχῦῆναι
1896 1547 1903 1553 ·

267 1592 375 1627 alligata
384 1592 572 1623 decorabatur,
580 1595 606 1618 et
614 1591 749 1626 gaudebat
756 1590 829 1626 quod
840 1598 888 1625 pro
897 1589 1001 1616 Christi
1017 1596 1057 1616 no-

1118 1588 1185 1615 ἀλλὰ
1199 1588 1246 1615 καὶ
1260 1589 1273 1615 ὁ
1289 1587 1396 1614 Παύλου
1420 1587 1537 1622 Χριστὸς
1551 1586 1756 1621 λοιδορούμενος
1772 1586 1823 1613 οὐκ
1838 1586 1905 1613 ἀντ-

268 1636 341 1663 mine
349 1635 452 1671 ﬂagella
463 1635 516 1671 pati
527 1636 683 1663 meruisset.
693 1635 765 1668 Quin
780 1635 861 1662 etiam
871 1634 997 1662 Christus
1008 1634 1065 1669 ipse

269 1681 345 1708 Pauli
355 1681 485 1708 Dominus
499 1688 561 1709 eum
574 1681 791 1713 malediceretur,
804 1687 858 1708 non
868 1679 1063 1713 maledicebat;

269 1735 331 1754 cum
349 1731 495 1761 pateretur,
509 1734 563 1754 non
584 1727 803 1754 comminabatur
819 1736 826 1754 :
848 1726 1004 1754 tradebatur
1015 1734 1065 1753 au-

271 1771 466 1806 temjudicanti
482 1771 592 1807 injuste,
604 1772 834 1807 quemadmodum
855 1772 977 1807 loquitur
987 1779 1066 1807 cory-

272 1819 347 1853 plnea
362 1817 548 1853 apostolorum
573 1818 717 1846 summitas
737 1826 852 1853 magnus
871 1818 968 1845 Petrus
980 1816 1000 1845 ⁸.
1013 1816 1066 1844 Sed

274 1865 401 1892 videntur
410 1864 549 1900 aliquibus
558 1871 654 1899 aspera
669 1872 701 1892 ac
712 1864 852 1892 doloritica
860 1885 867 1897 ,
880 1869 989 1899 propter
998 1862 1068 1890 mul-

274 1915 329 1938 tam
346 1918 479 1939 sensuum
492 1910 716 1943 imbecillitatem,
726 1917 768 1942 ea,
783 1918 843 1945 qme
852 1909 1015 1944 corporibus
1024 1909 1066 1936 in—

275 1955 399 1983 feruntur
414 1959 560 1983 tormenta.
575 1958 608 1983 At
619 1964 674 1992 quo
688 1962 767 1992 pacto
785 1955 863 1983 aliter
872 1955 1003 1991 possibile
1016 1955 1068 1982 erit

274 2002 485 2038 Cltristijugum
507 2001 589 2035 ferre,
615 2003 669 2030 nisi
693 2003 755 2037 quis
773 2002 881 2029 incedat
904 2009 951 2037 per
971 1993 1067 2028 omnes

276 2048 364 2075 aetatis
392 2047 494 2083 gradus
509 2047 570 2075 sine
595 2047 714 2080 macula,
737 2055 834 2074 omnes
853 2047 934 2073 etiam
953 2047 1068 2073 virtutes

278 2101 420 2127 exercens,
442 2102 512 2129 quas
538 2093 662 2121 exercuit
679 2093 724 2121 ille
740 2101 788 2128 pro
809 2093 900 2126 nobis,
917 2097 943 2120 et
957 2093 1067 2127 quidem

278 2147 340 2167 eum
354 2139 426 2167 Deus
439 2144 522 2174 esset,
537 2144 564 2167 et
577 2139 709 2167 voluntati
722 2139 870 2174 potentiam
895 2139 1068 2173 eonjuuctam

278 2191 304 2213 et
317 2191 527 2214 eoneurrentem
540 2186 662 2218 haberet,
678 2191 824 2222 possetque
840 2186 919 2213 aliter
933 2186 1012 2213 nobis
1025 2186 1069 2213 in-

279 2233 363 2267 gratis
382 2232 499 2261 salutem
515 2233 626 2261 alI‘erre'.‘
643 2232 741 2260 Verum
760 2232 809 2264 illi,
834 2233 907 2268 quod
924 2232 951 2259 in
967 2232 1068 2260 virtute

283 2278 451 2306 laboriosum
468 2283 519 2312 est,
532 2277 708 2306 subscribens
722 2278 781 2313 (per
796 2286 878 2313 quam
893 2278 937 2312 iis,
954 2279 999 2312 qui
1016 2278 1070 2305 sal-

280 2329 388 2357 vantur,
409 2325 471 2353 caeli
502 2330 588 2360 portae
609 2330 688 2353 antea
729 2325 845 2353 occlusae
887 2325 1071 2361 aperiuntur)

282 2377 330 2404 per
346 2371 428 2398 vitam
446 2370 585 2398 laboribus
597 2371 716 2404 plenam,
730 2375 859 2406 tanquam
873 2370 943 2399 Deus
968 2378 999 2398 ac
1014 2371 1068 2397 Do-

283 2415 376 2443 minus
389 2415 505 2443 salutem
513 2416 641 2442 omnibus
653 2415 862 2442 demonstravit.
875 2415 1010 2443 Debemus
1023 2415 1071 2450 igi-

284 2466 329 2488 tur
345 2468 394 2496 pro
406 2461 498 2488 divina
508 2461 625 2496 imagine
633 2460 747 2493 Christi,
764 2461 878 2496 ejusque
890 2461 1071 2488 immaculata:

285 2515 317 2534 ac
332 2507 486 2542 purissima:
512 2507 618 2540 Matris,
632 2508 752 2542 pericula
769 2507 873 2540 subire,
891 2513 921 2535 ut
941 2507 1074 2536 adversus

286 2554 486 2582 moderatorem
502 2554 594 2582 satculi
611 2554 693 2590 hujus
710 2562 796 2589 usque
808 2555 841 2582 ad
851 2555 1012 2589 sanguinem
1026 2555 1073 2581 de-

285 2605 435 2633 certantes,
452 2601 566 2635 gratiam
586 2600 711 2628 invenire
729 2600 877 2636 possimus,
895 2601 1072 2635 quemadmo-

284 2646 349 2673 dum
362 2653 438 2674 sacra
453 2647 603 2681 loquuntur
615 2647 737 2680 oracula,
756 2647 782 2673 in
808 2647 940 2674 auxilium
971 2654 1071 2681 oppor-

285 2697 393 2721 tunum.
410 2691 458 2722 llis
479 2693 596 2729 aliisque
617 2693 774 2728 hujusmodi
788 2693 882 2722 multis
896 2693 1072 2722 sermonibus

326 2767 337 2783 '
353 2773 436 2801 llebr.
451 2771 545 2805 “.16.
578 2771 609 2799 ⁵1
631 2771 702 2799 Petr.
721 2779 751 2804 tt,
771 2771 815 2798 19.

1116 1634 1262 1670 ελοιδόρει,
1290 1634 1337 1661 καὶ
1356 1633 1468 1668 πάσχων
1497 1633 1548 1660 οὐκ
1563 1632 1681 1668 ἠπείλει,
1708 1632 1853 1667 παρεδίδου
1877 1631 1906 1658 δὲ

1116 1678 1156 1716 τῷ
1169 1681 1289 1715 κρίνοντι
1305 1679 1427 1711 δικαίως,
1442 1679 1480 1711 ὡς
1497 1680 1513 1714 ὴ
1527 1679 1664 1714 κορυφαία
1681 1679 1735 1705 τῶν
1749 1678 1906 1705 ἀποστόλων

1116 1726 1237 1761 ἀκρότης
1250 1727 1264 1752 ὁ
1292 1725 1378 1761 μέγας
1392 1725 1493 1759 Πέτρος
1509 1724 1601 1759 φησίν.
1632 1723 1712 1751 Ἀλλὰ
1734 1724 1806 1750 δοκεῖ
1836 1732 1908 1749 τισιν

1117 1771 1239 1806 ἀλγεινὰ,
1252 1771 1296 1798 διὰ
1311 1772 1340 1798 τὸ
1352 1771 1419 1798 πολὺ
1433 1772 1482 1806 τῆς
1499 1770 1665 1806 αἰσθήσεως,
1685 1768 1720 1796 ’.ἀ
1735 1771 1792 1800 τοῖς
1814 1769 1908 1804 σώμα-

1118 1827 1160 1846 σιν
1173 1818 1343 1853 ὲπαγόμενα.
1356 1817 1412 1843 Καὶ
1423 1816 1481 1848 πῶς
1498 1817 1585 1848 ἄλλως
1599 1816 1710 1843 δυνατὸν
1723 1816 1769 1842 τὸν
1788 1814 1907 1850 Χριστοῦ

1118 1862 1183 1900 ἆραι
1196 1863 1278 1898 ζυγὸν
1292 1884 1300 1895 ,
1317 1865 1341 1890 εί
1359 1864 1396 1898 μή
1411 1871 1453 1894 τις
1468 1862 1600 1889 διοδεύσει
1617 1862 1661 1889 διὰ
1676 1862 1771 1889 πασῶν
1782 1861 1836 1888 τῶν
1853 1859 1910 1896 ἡλι-

1118 1910 1186 1937 κιῶν
1202 1910 1354 1946 ἀμέμπτως
1379 1908 1462 1937 αὐτοῦ
1489 1909 1537 1936 καλ⁹
1558 1908 1711 1944 δυνάμεων,
1729 1907 1819 1934 πάντα
1839 1906 1911 1940 γινό-

1121 1965 1200 1992 μενος
1215 1950 1265 1984 ὂσα
1280 1956 1381 1987 ἐκεῖνος
1397 1955 1467 1991 ὑπὲρ
1483 1955 1573 1990 ἡμῶν,
1596 1955 1644 1982 καὶ
1664 1953 1752 1981 ταῦτα
1775 1953 1842 1985 Θεὸς
1861 1952 1911 1983 ὣν,

1119 2003 1167 2029 καὶ
1180 2001 1329 2038 σύνδρομον
1348 2001 1417 2037 ἔχων
1439 2003 1472 2037 τῇ
1498 2001 1627 2037 βουλήσει
1641 2001 1691 2036 τὴν
1716 2000 1844 2035 δύναμιν,
1863 1998 1912 2026 καὶ

1119 2051 1266 2086 δυνάμενος
1279 2051 1367 2082 ἄλλως
1378 2050 1429 2085 τὴν
1440 2050 1519 2086 ἡμῶν
1534 2049 1589 2076 τῶν
1603 2048 1762 2084 ἀχαρίστων
1779 2055 1912 2082 πραγμα-

1119 2095 1265 2125 τεύσασθαι
1279 2096 1435 2131 σωτηρίαν;
1461 2095 1544 2124 Ἀλλὰ
1557 2095 1587 2122 τδ
1601 2095 1729 2122 ἐπίπονον
1744 2093 1913 2128 ὑπογράφων

1120 2144 1170 2179 τῆς
1184 2143 1296 2179 ἀρετῆς,
1308 2143 1342 2169 δι’
1353 2140 1388 2178 ἧς
1400 2143 1456 2174 τοῖς
1484 2141 1648 2177 σωζομένοις
1663 2141 1691 2167 αἱ
1718 2139 1912 2174 κεκλεισμέναι

1121 2189 1204 2215 πύλαι
1219 2188 1383 2223 ἀνοίγονται,
1409 2187 1443 2214 δι’
1460 2187 1592 2214 ἐπιπόνου
1616 2185 1687 2221 βίου,
1710 2185 1748 2216 ὡς
1769 2183 1837 2215 Θεὸς
1866 2181 1913 2209 καὶ

1122 2235 1271 2269 Δεσπότης,
1284 2233 1332 2269 τὴν
1350 2233 1487 2268 σωτηρίαν
1504 2233 1588 2259 πᾶσιν
1602 2228 1739 2262 ὑπέδειξε.
1753 2227 1849 2265 Χρεὼν
1863 2236 1916 2254 τοι-

1123 2279 1225 2316 γαροῦν
1238 2279 1307 2314 ὑπὲρ
1316 2279 1366 2314 τῆς
1382 2278 1545 2314 Οεανδρικῆς
1557 2277 1662 2308 εἰκόνος
1672 2274 1792 2311 Χριστοῦ
1805 2274 1854 2301 καὶ
1865 2275 1916 2308 τῆς

1123 2325 1205 2354 αὐτοῦ
1239 2325 1356 2360 ἀμώμου
1388 2325 1435 2351 καὶ
1463 2323 1656 2359 παναχράντου
1687 2319 1916 2357 προκινδυνεῦσαι

1122 2371 1245 2407 Μητρὸς.
1265 2371 1308 2398 ἵνα
1325 2370 1421 2406 μέχρις
1437 2370 1555 2405 αἵματος
1568 2370 1637 2404 πρὸς
1648 2368 1694 2395 τὸν
1705 2366 1915 2402 κοσμοκράτορα

1121 2415 1169 2442 τοῦ
1180 2415 1278 2446 αἰῶνος
1289 2414 1383 2441 τούτου
1396 2413 1667 2448 ἀντικαθιστάμενοι,
1683 2412 1763 2447 χάριν
1775 2410 1915 2445 εὕροιμεν,

1123 2461 1161 2493 ὡς
1175 2461 1209 2488 τὰ
1223 2461 1283 2496 ἱερά
1296 2469 1363 2496 φησι
1383 2461 1479 2494 Λόγια,
1493 2461 1533 2492 είς
1550 2459 1678 2494 εῠκαιρον
1692 2458 1831 2493 βοήθειαν.
1845 2453 1917 2481 Τού-

1123 2516 1180 2540 τοις
1193 2507 1239 2534 καὶ
1262 2506 1394 2537 τοιούτοις
1408 2505 1500 2536 ἄλλοις
1516 2505 1625 2540 μυρίοις
1651 2503 1753 2537 λογίοις
1767 2502 1830 2532 τοὺς
1846 2498 1917 2533 ὑπὲρ

1122 2553 1240 2589 Χριστοῦ
1249 2551 1494 2587 ἐγκεκλεισμένους
1507 2550 1656 2586 ὑπήλειφε,
1674 2549 1708 2576 δι’
1717 2547 1765 2579 οὓς
1782 2547 1852 2582 τάχα
1867 2545 1917 2571 καὶ

1123 2599 1191 2634 πρὸς
1206 2599 1288 2633 ἄλλην
1307 2598 1492 2632 στελλόμενος,
1507 2596 1556 2632 τὴν
1569 2595 1617 2622 ἐπὶ
1642 2595 1754 2630 Κρήτην
1775 2591 1842 2619 8εοῦ
1867 2591 1916 2626 ὰῤ-

1127 2647 1200 2683 ρἡῳ
1214 2645 1286 2681 λόγῳ
1301 2644 1461 2676 κατέλαϐεν,
1474 2643 1519 2670 ἵνα
1534 2642 1582 2670 καὶ
1597 2642 1679 2678 νῆσος
1693 2641 1769 2668 πᾶσα
1781 2640 1829 2666 καὶ
1842 2638 1920 2673 ἠπει-

1127 2701 1173 2728 ρος
1183 2691 1229 2719 τὸν
1244 2692 1302 2727 βίον
1317 2690 1394 2727 γνοίη
1410 2689 1455 2717 τοῦ
1482 2689 1619 2725 μάκαρος,
1634 2688 1682 2715 καὶ
1705 2686 1777 2723 μετα
1795 2684 1843 2711 τοῦ
1860 2683 1920 2718 βίου

292 2856 385 2877 cavere
411 2849 530 2877 Floritus
556 2847 904 2884 nesciverat.(§regoriutn
920 2848 953 2875 lll
978 2848 1020 2875 hic
1056 2847 1181 2883 intelligit
1201 2852 1265 2875 :ast
1294 2846 1384 2875 Leone
1409 2846 1529 2873 Armeno
1553 2849 1730 2880 persequente
1761 2841 1920 2871 Ecclesiain.

293 2884 380 2913 cidem
394 2885 556 2920 przesidebat
571 2884 600 2912 S.
614 2883 668 2912 Leo
681 2884 727 2912 lll.
