  <div class='ocr_page' id='page_1' title='image "/cluster/home/n/w/nwhite01/storage/ocr_20150623/105/njp.32101077772893/540.png"; bbox 0 0 2077 3157; ppageno 0'>
   <div class='ocr_carea' id='block_1_1' title="bbox 155 190 208 222">
    <p class='ocr_par' dir='ltr' id='par_1_1' title="bbox 155 190 208 222">
     <span class='ocr_line' id='line_1_1' title="bbox 155 190 208 222; baseline 0.019 -1"><span class='ocrx_word' id='word_1_1' title='bbox 155 190 208 222; x_wconf 80' lang='grc'><strong>95⁵1</strong></span> 
     </span>
    </p>
   </div>
   <div class='ocr_carea' id='block_1_2' title="bbox 930 191 1028 232">
    <p class='ocr_par' dir='ltr' id='par_1_2' title="bbox 930 191 1028 232">
     <span class='ocr_line' id='line_1_2' title="bbox 930 191 1028 232; baseline -0.051 -10"><span class='ocrx_word' id='word_1_2' title='bbox 930 191 1028 232; x_wconf 56' lang='lat' dir='ltr'><strong>Vtra.</strong></span> 
     </span>
    </p>
   </div>
   <div class='ocr_carea' id='block_1_3' title="bbox 1730 202 1794 233">
    <p class='ocr_par' dir='ltr' id='par_1_3' title="bbox 1730 202 1794 233">
     <span class='ocr_line' id='line_1_3' title="bbox 1730 202 1794 233; baseline 0 -1"><span class='ocrx_word' id='word_1_3' title='bbox 1730 202 1794 233; x_wconf 70' lang='lat'><strong>953&#39;</strong></span> 
     </span>
    </p>
   </div>
   <div class='ocr_carea' id='block_1_4' title="bbox 157 241 936 289">
    <p class='ocr_par' dir='ltr' id='par_1_4' title="bbox 157 241 936 280">
     <span class='ocr_line' id='line_1_4' title="bbox 157 241 936 280; baseline 0.001 -8"><span class='ocrx_word' id='word_1_4' title='bbox 157 241 204 272; x_wconf 68' lang='grc' dir='ltr'>καὶ</span> <span class='ocrx_word' id='word_1_5' title='bbox 229 245 260 271; x_wconf 79' lang='grc' dir='ltr'>τὸ</span> <span class='ocrx_word' id='word_1_6' title='bbox 290 243 458 278; x_wconf 74' lang='grc' dir='ltr'>ὑπερϐάλλον</span> <span class='ocrx_word' id='word_1_7' title='bbox 481 243 531 277; x_wconf 80' lang='grc' dir='ltr'>τῆς</span> <span class='ocrx_word' id='word_1_8' title='bbox 547 242 691 277; x_wconf 83' lang='grc' dir='ltr'>γνώσεως·</span> <span class='ocrx_word' id='word_1_9' title='bbox 715 245 730 271; x_wconf 81' lang='grc' dir='ltr'>ὃ</span> <span class='ocrx_word' id='word_1_10' title='bbox 756 244 804 272; x_wconf 81' lang='grc' dir='ltr'>καὶ</span> <span class='ocrx_word' id='word_1_11' title='bbox 833 245 936 280; x_wconf 75' lang='grc' dir='ltr'>γέγονε,</span> 
     </span>
    </p>
   </div>
   <div class='ocr_carea' id='block_1_5' title="bbox 987 241 1780 289">
    <p class='ocr_par' dir='ltr' id='par_1_5' title="bbox 994 249 1780 289">
     <span class='ocr_line' id='line_1_5' title="bbox 994 249 1780 289; baseline 0.011 -14"><span class='ocrx_word' id='word_1_12' title='bbox 994 255 1042 276; x_wconf 87' lang='lat' dir='ltr'><strong>eos</strong></span> <span class='ocrx_word' id='word_1_13' title='bbox 1057 249 1105 284; x_wconf 89' lang='lat' dir='ltr'><strong>qui</strong></span> <span class='ocrx_word' id='word_1_14' title='bbox 1123 257 1176 284; x_wconf 87' lang='lat' dir='ltr'><strong>pro</strong></span> <span class='ocrx_word' id='word_1_15' title='bbox 1197 250 1306 279; x_wconf 78' lang='lat' dir='ltr'><strong>Christo</strong></span> <span class='ocrx_word' id='word_1_16' title='bbox 1320 252 1346 279; x_wconf 90' lang='lat' dir='ltr'><strong>in</strong></span> <span class='ocrx_word' id='word_1_17' title='bbox 1362 259 1471 280; x_wconf 83' lang='lat' dir='ltr'><strong>carcere</strong></span> <span class='ocrx_word' id='word_1_18' title='bbox 1491 254 1589 289; x_wconf 72' lang='lat' dir='ltr'><strong>captivi</strong></span> <span class='ocrx_word' id='word_1_19' title='bbox 1607 255 1780 289; x_wconf 88' lang='lat' dir='ltr'><strong>tenebantur,</strong></span> 
     </span>
    </p>
   </div>
   <div class='ocr_carea' id='block_1_6' title="bbox 157 288 692 325">
    <p class='ocr_par' dir='ltr' id='par_1_6' title="bbox 157 288 692 325">
     <span class='ocr_line' id='line_1_6' title="bbox 157 288 692 325; baseline -0.002 -8"><span class='ocrx_word' id='word_1_20' title='bbox 157 290 316 325; x_wconf 80' lang='grc' dir='ltr'>Πνεύματος</span> <span class='ocrx_word' id='word_1_21' title='bbox 330 289 407 322; x_wconf 83' lang='grc' dir='ltr'><strong>ἁγίου</strong></span> <span class='ocrx_word' id='word_1_22' title='bbox 423 288 498 324; x_wconf 84' lang='grc' dir='ltr'><strong>αὑτῷ</strong></span> <span class='ocrx_word' id='word_1_23' title='bbox 514 289 692 322; x_wconf 75' lang='grc' dir='ltr'>οὶακίζοντος.</span> 
     </span>
    </p>
   </div>
   <div class='ocr_carea' id='block_1_7' title="bbox 990 293 1777 334">
    <p class='ocr_par' dir='ltr' id='par_1_7' title="bbox 990 293 1777 334">
     <span class='ocr_line' id='line_1_7' title="bbox 990 293 1777 334; baseline 0.009 -14"><span class='ocrx_word' id='word_1_24' title='bbox 990 293 1195 328; x_wconf 77' lang='lat' dir='ltr'><strong>alloquebatur,</strong></span> <span class='ocrx_word' id='word_1_25' title='bbox 1206 304 1323 330; x_wconf 91' lang='lat' dir='ltr'><strong>quorum</strong></span> <span class='ocrx_word' id='word_1_26' title='bbox 1340 304 1423 325; x_wconf 85' lang='lat' dir='ltr'><strong>causa</strong></span> <span class='ocrx_word' id='word_1_27' title='bbox 1436 299 1639 334; x_wconf 79' lang='lat' dir='ltr'><strong>quamprimum</strong></span> <span class='ocrx_word' id='word_1_28' title='bbox 1652 302 1685 326; x_wconf 87' lang='lat' dir='ltr'><strong>ad</strong></span> <span class='ocrx_word' id='word_1_29' title='bbox 1696 301 1777 328; x_wconf 86' lang='lat' dir='ltr'><strong>aliam</strong></span> 
     </span>
    </p>
   </div>
   <div class='ocr_carea' id='block_1_8' title="bbox 157 337 1783 377">
    <p class='ocr_par' dir='ltr' id='par_1_8' title="bbox 157 337 1783 377">
     <span class='ocr_line' id='line_1_8' title="bbox 157 337 1783 377; baseline 0.005 -10"><span class='ocrx_word' id='word_1_30' title='bbox 157 346 266 374; x_wconf 85' lang='lat' dir='ltr'><strong>quoque</strong></span> <span class='ocrx_word' id='word_1_31' title='bbox 282 338 376 365; x_wconf 86' lang='lat' dir='ltr'><strong>urbem</strong></span> <span class='ocrx_word' id='word_1_32' title='bbox 391 338 478 365; x_wconf 66' lang='lat' dir='ltr'><strong>Cretae</strong></span> <span class='ocrx_word' id='word_1_33' title='bbox 493 337 606 371; x_wconf 85' lang='lat' dir='ltr'><strong>missus,</strong></span> <span class='ocrx_word' id='word_1_34' title='bbox 630 338 759 367; x_wconf 72' lang='lat' dir='ltr'><strong>ineffabili</strong></span> <span class='ocrx_word' id='word_1_35' title='bbox 783 339 829 368; x_wconf 89' lang='lat' dir='ltr'><strong>Del</strong></span> <span class='ocrx_word' id='word_1_36' title='bbox 857 342 939 368; x_wconf 83' lang='lat' dir='ltr'><strong>verbo</strong></span> <span class='ocrx_word' id='word_1_37' title='bbox 959 341 1025 369; x_wconf 90' lang='lat' dir='ltr'><strong>illud</strong></span> <span class='ocrx_word' id='word_1_38' title='bbox 1042 347 1184 370; x_wconf 85' lang='lat' dir='ltr'><strong>assecutus</strong></span> <span class='ocrx_word' id='word_1_39' title='bbox 1201 349 1254 377; x_wconf 78' lang='lat' dir='ltr'><strong>est,</strong></span> <span class='ocrx_word' id='word_1_40' title='bbox 1268 349 1297 373; x_wconf 91' lang='lat' dir='ltr'><strong>ut</strong></span> <span class='ocrx_word' id='word_1_41' title='bbox 1317 346 1404 373; x_wconf 82' lang='lat' dir='ltr'><strong>insula</strong></span> <span class='ocrx_word' id='word_1_42' title='bbox 1418 345 1463 373; x_wconf 87' lang='lat' dir='ltr'><strong>illa</strong></span> <span class='ocrx_word' id='word_1_43' title='bbox 1490 351 1544 373; x_wconf 89' lang='lat' dir='ltr'><strong>tota</strong></span> <span class='ocrx_word' id='word_1_44' title='bbox 1560 355 1621 374; x_wconf 86' lang='lat' dir='ltr'><strong>cum</strong></span> <span class='ocrx_word' id='word_1_45' title='bbox 1633 345 1783 376; x_wconf 77' lang='lat' dir='ltr'><strong>conti‘ncuti</strong></span> 
     </span>
    </p>
   </div>
   <div class='ocr_carea' id='block_1_9' title="bbox 158 383 1784 429">
    <p class='ocr_par' dir='ltr' id='par_1_9' title="bbox 158 383 1784 429">
     <span class='ocr_line' id='line_1_9' title="bbox 158 383 1784 429; baseline 0.004 -15"><span class='ocrx_word' id='word_1_46' title='bbox 158 387 229 414; x_wconf 87' lang='lat' dir='ltr'><strong>beati</strong></span> <span class='ocrx_word' id='word_1_47' title='bbox 244 385 326 419; x_wconf 82' lang='lat' dir='ltr'><strong>hujus</strong></span> <span class='ocrx_word' id='word_1_48' title='bbox 346 383 429 411; x_wconf 89' lang='lat' dir='ltr'><strong>vitam</strong></span> <span class='ocrx_word' id='word_1_49' title='bbox 460 388 541 417; x_wconf 90' lang='lat' dir='ltr'><strong>atque</strong></span> <span class='ocrx_word' id='word_1_50' title='bbox 553 384 798 413; x_wconf 68' lang='lat' dir='ltr'><strong>eminentissimum</strong></span> <span class='ocrx_word' id='word_1_51' title='bbox 814 386 942 414; x_wconf 79' lang='lat' dir='ltr'><strong>virtutem</strong></span> <span class='ocrx_word' id='word_1_52' title='bbox 962 388 1034 416; x_wconf 89' lang='lat' dir='ltr'><strong>illius</strong></span> <span class='ocrx_word' id='word_1_53' title='bbox 1062 396 1095 416; x_wconf 84' lang='lat' dir='ltr'><strong>ac</strong></span> <span class='ocrx_word' id='word_1_54' title='bbox 1109 389 1252 417; x_wconf 89' lang='lat' dir='ltr'><strong>scientiam</strong></span> <span class='ocrx_word' id='word_1_55' title='bbox 1279 391 1531 426; x_wconf 78' lang='lat' dir='ltr'><strong>agnosceret.Quod</strong></span> <span class='ocrx_word' id='word_1_56' title='bbox 1548 393 1648 420; x_wconf 88' lang='lat' dir='ltr'><strong>factum</strong></span> <span class='ocrx_word' id='word_1_57' title='bbox 1661 393 1784 429; x_wconf 84' lang='lat' dir='ltr'><strong>est,Spi-</strong></span> 
     </span>
    </p>
   </div>
   <div class='ocr_carea' id='block_1_10' title="bbox 158 429 781 465">
    <p class='ocr_par' dir='ltr' id='par_1_10' title="bbox 158 429 781 465">
     <span class='ocr_line' id='line_1_10' title="bbox 158 429 781 465; baseline 0 -6"><span class='ocrx_word' id='word_1_58' title='bbox 158 432 210 459; x_wconf 83' lang='lat' dir='ltr'><strong>ritu</strong></span> <span class='ocrx_word' id='word_1_59' title='bbox 222 435 317 458; x_wconf 87' lang='lat' dir='ltr'><strong>sancto</strong></span> <span class='ocrx_word' id='word_1_60' title='bbox 328 429 404 457; x_wconf 89' lang='lat' dir='ltr'><strong>illum</strong></span> <span class='ocrx_word' id='word_1_61' title='bbox 419 429 546 463; x_wconf 77' lang='lat' dir='ltr'><strong>dirigenti</strong></span> <span class='ocrx_word' id='word_1_62' title='bbox 561 433 588 457; x_wconf 86' lang='lat' dir='ltr'><strong>et</strong></span> <span class='ocrx_word' id='word_1_63' title='bbox 603 431 781 465; x_wconf 67' lang='lat' dir='ltr'><strong>gubernante.</strong></span> 
     </span>
    </p>
   </div>
   <div class='ocr_carea' id='block_1_11' title="bbox 193 478 943 518">
    <p class='ocr_par' dir='ltr' id='par_1_11' title="bbox 193 478 943 518">
     <span class='ocr_line' id='line_1_11' title="bbox 193 478 943 518; baseline 0.003 -11"><span class='ocrx_word' id='word_1_64' title='bbox 193 478 235 507; x_wconf 85' lang='grc' dir='ltr'>ιθ’.</span> <span class='ocrx_word' id='word_1_65' title='bbox 252 479 338 506; x_wconf 83' lang='grc' dir='ltr'>Ἔνθα</span> <span class='ocrx_word' id='word_1_66' title='bbox 361 478 409 505; x_wconf 84' lang='grc' dir='ltr'><strong>καί</strong></span> <span class='ocrx_word' id='word_1_67' title='bbox 425 486 486 504; x_wconf 88' lang='grc' dir='ltr'>τινα</span> <span class='ocrx_word' id='word_1_68' title='bbox 508 478 548 514; x_wconf 80' lang='grc' dir='ltr'>τῷ</span> <span class='ocrx_word' id='word_1_69' title='bbox 562 481 610 514; x_wconf 68' lang='grc' dir='ltr'><strong>της</strong></span> <span class='ocrx_word' id='word_1_70' title='bbox 625 480 779 516; x_wconf 74' lang='grc' dir='ltr'>ἐπισκοπῆς</span> <span class='ocrx_word' id='word_1_71' title='bbox 791 482 943 518; x_wconf 82' lang='grc' dir='ltr'>τετιμημέ-</span> 
     </span>
    </p>
   </div>
   <div class='ocr_carea' id='block_1_12' title="bbox 155 523 944 564">
    <p class='ocr_par' dir='ltr' id='par_1_12' title="bbox 155 523 944 564">
     <span class='ocr_line' id='line_1_12' title="bbox 155 523 944 564; baseline 0.001 -10"><span class='ocrx_word' id='word_1_72' title='bbox 155 535 201 554; x_wconf 87' lang='grc' dir='ltr'><strong>νον</strong></span> <span class='ocrx_word' id='word_1_73' title='bbox 214 524 310 561; x_wconf 84' lang='grc' dir='ltr'>βαθμῷ</span> <span class='ocrx_word' id='word_1_74' title='bbox 324 523 483 551; x_wconf 76' lang='grc' dir='ltr'>καταλαϐὼν</span> <span class='ocrx_word' id='word_1_75' title='bbox 498 524 528 550; x_wconf 75' lang='grc' dir='ltr'>ὲν</span> <span class='ocrx_word' id='word_1_76' title='bbox 545 525 661 560; x_wconf 76' lang='grc' dir='ltr'>φρουρᾷ,</span> <span class='ocrx_word' id='word_1_77' title='bbox 673 526 720 552; x_wconf 89' lang='grc' dir='ltr'><strong>καί</strong></span> <span class='ocrx_word' id='word_1_78' title='bbox 735 534 760 552; x_wconf 92' lang='grc' dir='ltr'><strong>τι</strong></span> <span class='ocrx_word' id='word_1_79' title='bbox 778 527 826 554; x_wconf 74' lang='grc' dir='ltr'>καὶ</span> <span class='ocrx_word' id='word_1_80' title='bbox 837 527 944 564; x_wconf 83' lang='grc' dir='ltr'>ἀνθρώ-</span> 
     </span>
    </p>
   </div>
   <div class='ocr_carea' id='block_1_13' title="bbox 156 568 941 607">
    <p class='ocr_par' dir='ltr' id='par_1_13' title="bbox 156 568 941 607">
     <span class='ocr_line' id='line_1_13' title="bbox 156 568 941 607; baseline 0.001 -9"><span class='ocrx_word' id='word_1_81' title='bbox 156 580 234 598; x_wconf 88' lang='grc' dir='ltr'>πινον</span> <span class='ocrx_word' id='word_1_82' title='bbox 248 570 400 605; x_wconf 81' lang='grc' dir='ltr'>πάσχοντα,</span> <span class='ocrx_word' id='word_1_83' title='bbox 415 569 463 596; x_wconf 77' lang='grc' dir='ltr'>καὶ</span> <span class='ocrx_word' id='word_1_84' title='bbox 486 568 625 604; x_wconf 82' lang='grc' dir='ltr'><strong>λογισμοῖς</strong></span> <span class='ocrx_word' id='word_1_85' title='bbox 639 570 853 606; x_wconf 83' lang='grc' dir='ltr'>ἀλλεπαλλήλοις</span> <span class='ocrx_word' id='word_1_86' title='bbox 875 572 941 607; x_wconf 84' lang='grc' dir='ltr'>βαλ-</span> 
     </span>
    </p>
   </div>
   <div class='ocr_carea' id='block_1_14' title="bbox 155 614 939 652">
    <p class='ocr_par' dir='ltr' id='par_1_14' title="bbox 155 614 939 652">
     <span class='ocr_line' id='line_1_14' title="bbox 155 614 939 652; baseline 0.003 -9"><span class='ocrx_word' id='word_1_87' title='bbox 155 617 278 652; x_wconf 82' lang='grc' dir='ltr'>λόμενον,</span> <span class='ocrx_word' id='word_1_88' title='bbox 295 615 343 642; x_wconf 78' lang='grc' dir='ltr'>καὶ</span> <span class='ocrx_word' id='word_1_89' title='bbox 361 614 461 650; x_wconf 81' lang='grc' dir='ltr'>μικροῦ</span> <span class='ocrx_word' id='word_1_90' title='bbox 473 615 528 641; x_wconf 86' lang='grc' dir='ltr'><strong>δεῖν</strong></span> <span class='ocrx_word' id='word_1_91' title='bbox 553 615 743 643; x_wconf 84' lang='grc' dir='ltr'>κινδυνεύοντα</span> <span class='ocrx_word' id='word_1_92' title='bbox 756 617 829 644; x_wconf 82' lang='grc' dir='ltr'>νῶτα</span> <span class='ocrx_word' id='word_1_93' title='bbox 848 618 939 645; x_wconf 84' lang='grc' dir='ltr'>δοῦναι</span> 
     </span>
    </p>
   </div>
   <div class='ocr_carea' id='block_1_15' title="bbox 155 659 936 698">
    <p class='ocr_par' dir='ltr' id='par_1_15' title="bbox 155 659 936 698">
     <span class='ocr_line' id='line_1_15' title="bbox 155 659 936 698; baseline 0.003 -10"><span class='ocrx_word' id='word_1_94' title='bbox 155 663 213 693; x_wconf 81' lang='grc' dir='ltr'>τοῖς</span> <span class='ocrx_word' id='word_1_95' title='bbox 230 660 340 696; x_wconf 86' lang='grc' dir='ltr'>μισοῦσι</span> <span class='ocrx_word' id='word_1_96' title='bbox 354 660 420 687; x_wconf 77' lang='grc' dir='ltr'>Θεὸν</span> <span class='ocrx_word' id='word_1_97' title='bbox 439 659 487 686; x_wconf 81' lang='grc' dir='ltr'>καὶ</span> <span class='ocrx_word' id='word_1_98' title='bbox 501 659 552 696; x_wconf 85' lang='grc' dir='ltr'>τὴν</span> <span class='ocrx_word' id='word_1_99' title='bbox 566 660 648 687; x_wconf 86' lang='grc' dir='ltr'><strong>αὑτοῦ</strong></span> <span class='ocrx_word' id='word_1_100' title='bbox 661 662 753 688; x_wconf 83' lang='grc' dir='ltr'>είκόνα</span> <span class='ocrx_word' id='word_1_101' title='bbox 769 662 936 698; x_wconf 77' lang='grc' dir='ltr'>ὑΰρὶζουσιν,</span> 
     </span>
    </p>
   </div>
   <div class='ocr_carea' id='block_1_16' title="bbox 155 705 940 744">
    <p class='ocr_par' dir='ltr' id='par_1_16' title="bbox 155 705 940 744">
     <span class='ocr_line' id='line_1_16' title="bbox 155 705 940 744; baseline 0.003 -10"><span class='ocrx_word' id='word_1_102' title='bbox 155 706 341 741; x_wconf 78' lang='grc' dir='ltr'>ἀναλαμΰάνει</span> <span class='ocrx_word' id='word_1_103' title='bbox 356 707 413 737; x_wconf 78' lang='grc' dir='ltr'>τοῖς</span> <span class='ocrx_word' id='word_1_104' title='bbox 434 705 533 740; x_wconf 82' lang='grc' dir='ltr'><strong>λόγοις,</strong></span> <span class='ocrx_word' id='word_1_105' title='bbox 558 706 734 741; x_wconf 76' lang='grc' dir='ltr'>ὑποστηρίζει</span> <span class='ocrx_word' id='word_1_106' title='bbox 764 709 820 739; x_wconf 83' lang='grc' dir='ltr'>τοῖς</span> <span class='ocrx_word' id='word_1_107' title='bbox 849 717 940 744; x_wconf 85' lang='grc' dir='ltr'>παρα-</span> 
     </span>
    </p>
   </div>
   <div class='ocr_carea' id='block_1_17' title="bbox 153 751 941 788">
    <p class='ocr_par' dir='ltr' id='par_1_17' title="bbox 153 751 941 788">
     <span class='ocr_line' id='line_1_17' title="bbox 153 751 941 788; baseline 0 -9"><span class='ocrx_word' id='word_1_108' title='bbox 153 753 292 788; x_wconf 84' lang='grc' dir='ltr'>δείγμασι,</span> <span class='ocrx_word' id='word_1_109' title='bbox 304 752 352 779; x_wconf 77' lang='grc' dir='ltr'>καὶ</span> <span class='ocrx_word' id='word_1_110' title='bbox 366 751 620 787; x_wconf 79' lang='grc' dir='ltr'>ὑπεραποθνήσκειν</span> <span class='ocrx_word' id='word_1_111' title='bbox 634 752 743 787; x_wconf 68' lang='grc' dir='ltr'>ἕτοιμον</span> <span class='ocrx_word' id='word_1_112' title='bbox 754 754 941 788; x_wconf 78' lang='grc' dir='ltr'><strong>ἀπειργάζετο</strong></span> 
     </span>
    </p>
   </div>
   <div class='ocr_carea' id='block_1_18' title="bbox 153 796 940 833">
    <p class='ocr_par' dir='ltr' id='par_1_18' title="bbox 153 796 940 833">
     <span class='ocr_line' id='line_1_18' title="bbox 153 796 940 833; baseline 0.001 -8"><span class='ocrx_word' id='word_1_113' title='bbox 153 797 272 833; x_wconf 83' lang='grc' dir='ltr'><strong>Χριστοῦ</strong></span> <span class='ocrx_word' id='word_1_114' title='bbox 285 797 334 831; x_wconf 84' lang='grc' dir='ltr'>τῆς</span> <span class='ocrx_word' id='word_1_115' title='bbox 347 797 451 828; x_wconf 78' lang='grc' dir='ltr'><strong>εἰκόνος</strong></span> <span class='ocrx_word' id='word_1_116' title='bbox 464 796 546 823; x_wconf 84' lang='grc' dir='ltr'>αὐτοῦ</span> <span class='ocrx_word' id='word_1_117' title='bbox 559 805 566 811; x_wconf 94' lang='grc'><strong>·</strong></span> <span class='ocrx_word' id='word_1_118' title='bbox 593 797 646 824; x_wconf 73' lang='grc' dir='ltr'>κᾶν</span> <span class='ocrx_word' id='word_1_119' title='bbox 671 798 685 824; x_wconf 86' lang='grc' dir='ltr'>ὁ</span> <span class='ocrx_word' id='word_1_120' title='bbox 710 798 740 824; x_wconf 85' lang='grc' dir='ltr'>τὸ</span> <span class='ocrx_word' id='word_1_121' title='bbox 756 798 868 831; x_wconf 79' lang='grc' dir='ltr'>ἀσθενὲς</span> <span class='ocrx_word' id='word_1_122' title='bbox 890 799 940 833; x_wconf 75' lang='grc' dir='ltr'>τῆς</span> 
     </span>
    </p>
   </div>
   <div class='ocr_carea' id='block_1_19' title="bbox 153 842 939 880">
    <p class='ocr_par' dir='ltr' id='par_1_19' title="bbox 153 842 939 880">
     <span class='ocr_line' id='line_1_19' title="bbox 153 842 939 880; baseline 0.003 -10"><span class='ocrx_word' id='word_1_123' title='bbox 153 843 236 870; x_wconf 80' lang='grc' dir='ltr'>αὑτοῦ</span> <span class='ocrx_word' id='word_1_124' title='bbox 250 842 338 878; x_wconf 76' lang='grc' dir='ltr'>ψυχῆς</span> <span class='ocrx_word' id='word_1_125' title='bbox 355 842 547 876; x_wconf 70' lang='grc' dir='ltr'>ἐπιστάμενος,</span> <span class='ocrx_word' id='word_1_126' title='bbox 562 842 611 869; x_wconf 79' lang='grc' dir='ltr'>οὐκ</span> <span class='ocrx_word' id='word_1_127' title='bbox 629 843 721 870; x_wconf 79' lang='grc' dir='ltr'>εἴασεν</span> <span class='ocrx_word' id='word_1_128' title='bbox 737 845 819 871; x_wconf 81' lang='grc' dir='ltr'>αὐτὸν</span> <span class='ocrx_word' id='word_1_129' title='bbox 839 854 939 880; x_wconf 71' lang='grc' dir='ltr'>πειραο</span> 
     </span>
    </p>
   </div>
   <div class='ocr_carea' id='block_1_20' title="bbox 154 887 940 926">
    <p class='ocr_par' dir='ltr' id='par_1_20' title="bbox 154 887 940 926">
     <span class='ocr_line' id='line_1_20' title="bbox 154 887 940 926; baseline 0.003 -10"><span class='ocrx_word' id='word_1_130' title='bbox 154 889 250 924; x_wconf 78' lang='grc' dir='ltr'>σθῆναι</span> <span class='ocrx_word' id='word_1_131' title='bbox 280 888 349 921; x_wconf 78' lang='grc' dir='ltr'>ὑπὲρ</span> <span class='ocrx_word' id='word_1_132' title='bbox 366 888 414 923; x_wconf 87' lang='grc' dir='ltr'>τὴν</span> <span class='ocrx_word' id='word_1_133' title='bbox 440 887 566 923; x_wconf 85' lang='grc' dir='ltr'>δύναμιν.</span> <span class='ocrx_word' id='word_1_134' title='bbox 589 889 669 915; x_wconf 85' lang='grc' dir='ltr'><strong>Μετὰ</strong></span> <span class='ocrx_word' id='word_1_135' title='bbox 687 890 785 925; x_wconf 82' lang='grc' dir='ltr'>μικρὸν</span> <span class='ocrx_word' id='word_1_136' title='bbox 799 891 852 926; x_wconf 82' lang='grc' dir='ltr'><strong>γὰρ</strong></span> <span class='ocrx_word' id='word_1_137' title='bbox 871 892 940 926; x_wconf 81' lang='grc' dir='ltr'>πρδς</span> 
     </span>
    </p>
   </div>
   <div class='ocr_carea' id='block_1_21' title="bbox 153 931 976 971">
    <p class='ocr_par' dir='ltr' id='par_1_21' title="bbox 153 931 976 971">
     <span class='ocr_line' id='line_1_21' title="bbox 153 931 976 971; baseline 0.001 -9"><span class='ocrx_word' id='word_1_138' title='bbox 153 935 187 962; x_wconf 77' lang='grc' dir='ltr'><strong>τὰ</strong></span> <span class='ocrx_word' id='word_1_139' title='bbox 201 934 308 961; x_wconf 71' lang='grc' dir='ltr'>ἐκεῖθεν</span> <span class='ocrx_word' id='word_1_140' title='bbox 325 933 574 969; x_wconf 75' lang='grc' dir='ltr'><strong>μεταστειλάμενος</strong></span> <span class='ocrx_word' id='word_1_141' title='bbox 587 935 602 961; x_wconf 90' lang='grc' dir='ltr'><strong>ό</strong></span> <span class='ocrx_word' id='word_1_142' title='bbox 616 934 686 966; x_wconf 80' lang='grc' dir='ltr'>θεῖος</span> <span class='ocrx_word' id='word_1_143' title='bbox 708 935 819 970; x_wconf 84' lang='grc' dir='ltr'>Ἰωσὴφ,</span> <span class='ocrx_word' id='word_1_144' title='bbox 837 936 876 969; x_wconf 87' lang='grc' dir='ltr'>τῷ</span> <span class='ocrx_word' id='word_1_145' title='bbox 890 937 940 971; x_wconf 74' lang='grc' dir='ltr'>μὲν</span> <span class='ocrx_word' id='word_1_146' title='bbox 957 931 976 958; x_wconf 78' lang='grc' dir='ltr'><strong><em>Β</em></strong></span> 
     </span>
    </p>
   </div>
   <div class='ocr_carea' id='block_1_22' title="bbox 153 979 937 1016">
    <p class='ocr_par' dir='ltr' id='par_1_22' title="bbox 153 979 937 1016">
     <span class='ocr_line' id='line_1_22' title="bbox 153 979 937 1016; baseline 0.004 -10"><span class='ocrx_word' id='word_1_147' title='bbox 153 981 294 1015; x_wconf 78' lang='grc' dir='ltr'>ὲπισκόπῳ</span> <span class='ocrx_word' id='word_1_148' title='bbox 309 979 420 1015; x_wconf 83' lang='grc' dir='ltr'><strong>τοιαύτη</strong></span> <span class='ocrx_word' id='word_1_149' title='bbox 436 987 478 1011; x_wconf 82' lang='grc' dir='ltr'><strong>τις</strong></span> <span class='ocrx_word' id='word_1_150' title='bbox 490 979 598 1014; x_wconf 79' lang='grc' dir='ltr'>ἄγκυρα</span> <span class='ocrx_word' id='word_1_151' title='bbox 618 980 706 1015; x_wconf 80' lang='grc' dir='ltr'>καιρῷ</span> <span class='ocrx_word' id='word_1_152' title='bbox 717 981 851 1016; x_wconf 83' lang='grc' dir='ltr'>χειμῶνος</span> <span class='ocrx_word' id='word_1_153' title='bbox 873 982 937 1009; x_wconf 85' lang='grc' dir='ltr'>ἁλλ-</span> 
     </span>
    </p>
   </div>
   <div class='ocr_carea' id='block_1_23' title="bbox 153 1025 936 1060">
    <p class='ocr_par' dir='ltr' id='par_1_23' title="bbox 153 1025 936 1060">
     <span class='ocr_line' id='line_1_23' title="bbox 153 1025 936 1060; baseline 0.001 -7"><span class='ocrx_word' id='word_1_154' title='bbox 153 1026 311 1060; x_wconf 77' lang='grc' dir='ltr'>επαλλήλων</span> <span class='ocrx_word' id='word_1_155' title='bbox 338 1025 475 1060; x_wconf 74' lang='grc' dir='ltr'>λογισμῶν</span> <span class='ocrx_word' id='word_1_156' title='bbox 513 1025 695 1052; x_wconf 77' lang='grc' dir='ltr'>κινδυνεύοντι</span> <span class='ocrx_word' id='word_1_157' title='bbox 726 1026 936 1054; x_wconf 70' lang='grc' dir='ltr'>ἀναδείκνυταιν</span> 
     </span>
    </p>
   </div>
   <div class='ocr_carea' id='block_1_24' title="bbox 152 1069 936 1106">
    <p class='ocr_par' dir='ltr' id='par_1_24' title="bbox 152 1069 936 1106">
     <span class='ocr_line' id='line_1_24' title="bbox 152 1069 936 1106; baseline 0 -9"><span class='ocrx_word' id='word_1_158' title='bbox 152 1071 237 1106; x_wconf 79' lang='grc' dir='ltr'>ἑτέρῳ</span> <span class='ocrx_word' id='word_1_159' title='bbox 250 1071 278 1097; x_wconf 80' lang='grc' dir='ltr'><strong>δὲ</strong></span> <span class='ocrx_word' id='word_1_160' title='bbox 297 1069 400 1106; x_wconf 75' lang='grc' dir='ltr'>ἰδιώτῃ,</span> <span class='ocrx_word' id='word_1_161' title='bbox 426 1070 473 1096; x_wconf 80' lang='grc' dir='ltr'>καὶ</span> <span class='ocrx_word' id='word_1_162' title='bbox 495 1069 541 1096; x_wconf 87' lang='grc' dir='ltr'>διὰ</span> <span class='ocrx_word' id='word_1_163' title='bbox 565 1069 597 1096; x_wconf 73' lang='grc' dir='ltr'>τὸ</span> <span class='ocrx_word' id='word_1_164' title='bbox 613 1069 651 1104; x_wconf 81' lang='grc' dir='ltr'>μὴ</span> <span class='ocrx_word' id='word_1_165' title='bbox 670 1069 765 1104; x_wconf 82' lang='grc' dir='ltr'>φέρειν</span> <span class='ocrx_word' id='word_1_166' title='bbox 776 1071 823 1102; x_wconf 81' lang='grc' dir='ltr'><strong>τὰς</strong></span> <span class='ocrx_word' id='word_1_167' title='bbox 838 1071 870 1097; x_wconf 74' lang='grc' dir='ltr'>ἐκ</span> <span class='ocrx_word' id='word_1_168' title='bbox 887 1070 936 1097; x_wconf 86' lang='grc' dir='ltr'><strong>τοῦ</strong></span> 
     </span>
    </p>
   </div>
   <div class='ocr_carea' id='block_1_25' title="bbox 152 1115 938 1152">
    <p class='ocr_par' dir='ltr' id='par_1_25' title="bbox 152 1115 938 1152">
     <span class='ocr_line' id='line_1_25' title="bbox 152 1115 938 1152; baseline 0.001 -9"><span class='ocrx_word' id='word_1_169' title='bbox 152 1117 267 1151; x_wconf 77' lang='grc' dir='ltr'>πάσχειν</span> <span class='ocrx_word' id='word_1_170' title='bbox 278 1116 356 1147; x_wconf 82' lang='grc' dir='ltr'>ἀνίας</span> <span class='ocrx_word' id='word_1_171' title='bbox 373 1115 529 1151; x_wconf 80' lang='grc' dir='ltr'>συνθεμένῳ</span> <span class='ocrx_word' id='word_1_172' title='bbox 543 1115 574 1142; x_wconf 76' lang='grc' dir='ltr'>τὸ</span> <span class='ocrx_word' id='word_1_173' title='bbox 590 1116 646 1142; x_wconf 74' lang='grc' dir='ltr'><strong>πᾶν</strong></span> <span class='ocrx_word' id='word_1_174' title='bbox 661 1115 712 1150; x_wconf 87' lang='grc' dir='ltr'>τῆς</span> <span class='ocrx_word' id='word_1_175' title='bbox 723 1116 844 1152; x_wconf 74' lang='grc' dir='ltr'>ἀρρήτου</span> <span class='ocrx_word' id='word_1_176' title='bbox 864 1117 938 1144; x_wconf 68' lang='lat' dir='ltr'><strong>obte-</strong></span> 
     </span>
    </p>
   </div>
   <div class='ocr_carea' id='block_1_26' title="bbox 151 1161 954 1198">
    <p class='ocr_par' dir='ltr' id='par_1_26' title="bbox 151 1161 954 1198">
     <span class='ocr_line' id='line_1_26' title="bbox 151 1161 954 1198; baseline 0.001 -9"><span class='ocrx_word' id='word_1_177' title='bbox 151 1162 247 1197; x_wconf 87' lang='grc' dir='ltr'>νομίας</span> <span class='ocrx_word' id='word_1_178' title='bbox 266 1161 412 1188; x_wconf 82' lang='grc' dir='ltr'>διαπτύσαι</span> <span class='ocrx_word' id='word_1_179' title='bbox 426 1161 585 1196; x_wconf 88' lang='grc' dir='ltr'>μυστήριον,</span> <span class='ocrx_word' id='word_1_180' title='bbox 603 1161 649 1194; x_wconf 78' lang='grc' dir='ltr'>ιέτι</span> <span class='ocrx_word' id='word_1_181' title='bbox 673 1169 704 1187; x_wconf 88' lang='grc' dir='ltr'><strong>τε</strong></span> <span class='ocrx_word' id='word_1_182' title='bbox 722 1161 771 1196; x_wconf 86' lang='grc' dir='ltr'>τὴν</span> <span class='ocrx_word' id='word_1_183' title='bbox 797 1161 936 1198; x_wconf 86' lang='grc' dir='ltr'>θεόσωμον</span> <span class='ocrx_word' id='word_1_184' title='bbox 952 1164 954 1166; x_wconf 64' lang='grc'><strong>⁷</strong></span> 
     </span>
    </p>
   </div>
   <div class='ocr_carea' id='block_1_27' title="bbox 151 1206 936 1243">
    <p class='ocr_par' dir='ltr' id='par_1_27' title="bbox 151 1206 936 1243">
     <span class='ocr_line' id='line_1_27' title="bbox 151 1206 936 1243; baseline 0.001 -8"><span class='ocrx_word' id='word_1_185' title='bbox 151 1209 243 1236; x_wconf 73' lang='grc' dir='ltr'>εἰκόνα</span> <span class='ocrx_word' id='word_1_186' title='bbox 257 1207 453 1242; x_wconf 84' lang='grc' dir='ltr'>καταπατῆσαι</span> <span class='ocrx_word' id='word_1_187' title='bbox 468 1206 600 1242; x_wconf 77' lang='grc' dir='ltr'>Χριστοῦ,</span> <span class='ocrx_word' id='word_1_188' title='bbox 614 1206 712 1242; x_wconf 84' lang='grc' dir='ltr'>ἀθρόον</span> <span class='ocrx_word' id='word_1_189' title='bbox 725 1208 893 1243; x_wconf 84' lang='grc' dir='ltr'>περιτυχὼν,</span> <span class='ocrx_word' id='word_1_190' title='bbox 909 1209 936 1236; x_wconf 80' lang='grc' dir='ltr'><strong>τι</strong></span> 
     </span>
    </p>
   </div>
   <div class='ocr_carea' id='block_1_28' title="bbox 153 1252 935 1290">
    <p class='ocr_par' dir='ltr' id='par_1_28' title="bbox 153 1252 935 1290">
     <span class='ocr_line' id='line_1_28' title="bbox 153 1252 935 1290; baseline 0 -8"><span class='ocrx_word' id='word_1_191' title='bbox 153 1256 202 1289; x_wconf 69' lang='grc' dir='ltr'>μὲν</span> <span class='ocrx_word' id='word_1_192' title='bbox 215 1256 263 1281; x_wconf 79' lang='grc' dir='ltr'><strong>οὐκ</strong></span> <span class='ocrx_word' id='word_1_193' title='bbox 275 1252 335 1281; x_wconf 78' lang='grc' dir='ltr'>εἷπε</span> <span class='ocrx_word' id='word_1_194' title='bbox 351 1254 406 1281; x_wconf 85' lang='grc' dir='ltr'>τῶν</span> <span class='ocrx_word' id='word_1_195' title='bbox 421 1253 566 1289; x_wconf 79' lang='grc' dir='ltr'>μαλάττειν</span> <span class='ocrx_word' id='word_1_196' title='bbox 581 1253 690 1280; x_wconf 79' lang='grc' dir='ltr'>εἰδότων</span> <span class='ocrx_word' id='word_1_197' title='bbox 703 1255 749 1281; x_wconf 78' lang='grc' dir='ltr'><strong>καὶ</strong></span> <span class='ocrx_word' id='word_1_198' title='bbox 764 1254 870 1287; x_wconf 81' lang='grc' dir='ltr'>λιθίνας</span> <span class='ocrx_word' id='word_1_199' title='bbox 883 1255 935 1290; x_wconf 78' lang='grc' dir='ltr'>ψυ-</span> 
     </span>
    </p>
   </div>
   <div class='ocr_carea' id='block_1_29' title="bbox 151 1300 937 1337">
    <p class='ocr_par' dir='ltr' id='par_1_29' title="bbox 151 1300 937 1337">
     <span class='ocr_line' id='line_1_29' title="bbox 151 1300 937 1337; baseline 0.001 -10"><span class='ocrx_word' id='word_1_200' title='bbox 151 1301 219 1337; x_wconf 81' lang='grc' dir='ltr'><strong>χάς;</strong></span> <span class='ocrx_word' id='word_1_201' title='bbox 233 1303 297 1327; x_wconf 84' lang='grc' dir='ltr'>ποῖα</span> <span class='ocrx_word' id='word_1_202' title='bbox 313 1301 342 1328; x_wconf 72' lang='grc' dir='ltr'><strong>δὲ</strong></span> <span class='ocrx_word' id='word_1_203' title='bbox 356 1300 462 1335; x_wconf 78' lang='grc' dir='ltr'>δάκρυα</span> <span class='ocrx_word' id='word_1_204' title='bbox 477 1300 527 1326; x_wconf 83' lang='grc' dir='ltr'><strong>οὐκ</strong></span> <span class='ocrx_word' id='word_1_205' title='bbox 540 1300 631 1335; x_wconf 76' lang='grc' dir='ltr'>ἀφῆκε</span> <span class='ocrx_word' id='word_1_206' title='bbox 643 1300 696 1327; x_wconf 80' lang='grc' dir='ltr'>τῶν</span> <span class='ocrx_word' id='word_1_207' title='bbox 707 1300 873 1336; x_wconf 83' lang='grc' dir='ltr'>ὀφθαλμῶν;</span> <span class='ocrx_word' id='word_1_208' title='bbox 886 1301 937 1329; x_wconf 81' lang='grc' dir='ltr'><strong>τὰς</strong></span> 
     </span>
    </p>
   </div>
   <div class='ocr_carea' id='block_1_30' title="bbox 150 1345 936 1382">
    <p class='ocr_par' dir='ltr' id='par_1_30' title="bbox 150 1345 936 1382">
     <span class='ocr_line' id='line_1_30' title="bbox 150 1345 936 1382; baseline 0.001 -9"><span class='ocrx_word' id='word_1_209' title='bbox 150 1349 244 1382; x_wconf 74' lang='grc' dir='ltr'>χεῖρας</span> <span class='ocrx_word' id='word_1_210' title='bbox 273 1345 527 1381; x_wconf 78' lang='grc' dir='ltr'>κατασπαζόμενος,</span> <span class='ocrx_word' id='word_1_211' title='bbox 558 1346 605 1372; x_wconf 80' lang='grc' dir='ltr'><strong>καὶ</strong></span> <span class='ocrx_word' id='word_1_212' title='bbox 634 1346 710 1381; x_wconf 87' lang='grc' dir='ltr'>χείλη</span> <span class='ocrx_word' id='word_1_213' title='bbox 735 1347 775 1381; x_wconf 88' lang='grc' dir='ltr'>τῷ</span> <span class='ocrx_word' id='word_1_214' title='bbox 806 1347 936 1382; x_wconf 83' lang='grc' dir='ltr'>τραχήλῳ</span> 
     </span>
    </p>
   </div>
   <div class='ocr_carea' id='block_1_31' title="bbox 151 1391 937 1428">
    <p class='ocr_par' dir='ltr' id='par_1_31' title="bbox 151 1391 937 1428">
     <span class='ocr_line' id='line_1_31' title="bbox 151 1391 937 1428; baseline 0 -8"><span class='ocrx_word' id='word_1_215' title='bbox 151 1394 326 1428; x_wconf 71' lang='grc' dir='ltr'>προσάπτων,</span> <span class='ocrx_word' id='word_1_216' title='bbox 337 1393 381 1420; x_wconf 76' lang='grc' dir='ltr'>ἵνα</span> <span class='ocrx_word' id='word_1_217' title='bbox 396 1392 564 1427; x_wconf 86' lang='grc' dir='ltr'>μετακινήσῃ</span> <span class='ocrx_word' id='word_1_218' title='bbox 581 1391 675 1418; x_wconf 88' lang='grc' dir='ltr'>τοῦτον</span> <span class='ocrx_word' id='word_1_219' title='bbox 688 1392 740 1418; x_wconf 86' lang='grc' dir='ltr'>τῶν</span> <span class='ocrx_word' id='word_1_220' title='bbox 753 1393 937 1427; x_wconf 79' lang='grc' dir='ltr'>δεδογμένων,</span> 
     </span>
    </p>
   </div>
   <div class='ocr_carea' id='block_1_32' title="bbox 149 1436 940 1474">
    <p class='ocr_par' dir='ltr' id='par_1_32' title="bbox 149 1436 940 1474">
     <span class='ocr_line' id='line_1_32' title="bbox 149 1436 940 1474; baseline -0.001 -8"><span class='ocrx_word' id='word_1_221' title='bbox 149 1439 197 1466; x_wconf 79' lang='grc' dir='ltr'>καὶ</span> <span class='ocrx_word' id='word_1_222' title='bbox 220 1438 300 1474; x_wconf 85' lang='grc' dir='ltr'>πείσῃ</span> <span class='ocrx_word' id='word_1_223' title='bbox 320 1438 364 1465; x_wconf 79' lang='grc' dir='ltr'><strong>διὰ</strong></span> <span class='ocrx_word' id='word_1_224' title='bbox 388 1437 507 1473; x_wconf 79' lang='grc' dir='ltr'>Χριστὸν</span> <span class='ocrx_word' id='word_1_225' title='bbox 523 1436 655 1472; x_wconf 77' lang='grc' dir='ltr'>προέσθαι</span> <span class='ocrx_word' id='word_1_226' title='bbox 670 1438 717 1464; x_wconf 78' lang='grc' dir='ltr'>καὶ</span> <span class='ocrx_word' id='word_1_227' title='bbox 744 1437 793 1473; x_wconf 85' lang='grc' dir='ltr'>τὴν</span> <span class='ocrx_word' id='word_1_228' title='bbox 819 1438 910 1474; x_wconf 81' lang='grc' dir='ltr'>ζωήν·</span> <span class='ocrx_word' id='word_1_229' title='bbox 925 1438 940 1465; x_wconf 83' lang='grc' dir='ltr'><strong>ὃ</strong></span> 
     </span>
    </p>
   </div>
   <div class='ocr_carea' id='block_1_33' title="bbox 148 1483 846 1521">
    <p class='ocr_par' dir='ltr' id='par_1_33' title="bbox 148 1483 846 1521">
     <span class='ocr_line' id='line_1_33' title="bbox 148 1483 846 1521; baseline -0.001 -9"><span class='ocrx_word' id='word_1_230' title='bbox 148 1486 180 1521; x_wconf 81' lang='grc' dir='ltr'><strong>δὴ</strong></span> <span class='ocrx_word' id='word_1_231' title='bbox 195 1486 243 1512; x_wconf 83' lang='grc' dir='ltr'>καὶ</span> <span class='ocrx_word' id='word_1_232' title='bbox 260 1484 397 1515; x_wconf 80' lang='grc' dir='ltr'>τετέλεκε,</span> <span class='ocrx_word' id='word_1_233' title='bbox 410 1484 458 1510; x_wconf 75' lang='grc' dir='ltr'><strong>καὶ</strong></span> <span class='ocrx_word' id='word_1_234' title='bbox 473 1483 558 1516; x_wconf 81' lang='grc' dir='ltr'>ὅπως.</span> <span class='ocrx_word' id='word_1_235' title='bbox 581 1483 637 1517; x_wconf 80' lang='grc' dir='ltr'><strong>ἐγὼ</strong></span> <span class='ocrx_word' id='word_1_236' title='bbox 650 1483 828 1520; x_wconf 83' lang='grc' dir='ltr'>διηγήσομαι.</span> <span class='ocrx_word' id='word_1_237' title='bbox 842 1495 846 1503; x_wconf 75' lang='grc' dir='ltr'><strong>ι</strong></span> 
     </span>
    </p>
   </div>
   <div class='ocr_carea' id='block_1_34' title="bbox 1032 481 1784 518">
    <p class='ocr_par' dir='ltr' id='par_1_34' title="bbox 1032 481 1784 518">
     <span class='ocr_line' id='line_1_34' title="bbox 1032 481 1784 518; baseline 0.011 -11"><span class='ocrx_word' id='word_1_238' title='bbox 1032 481 1076 508; x_wconf 87' lang='lat' dir='ltr'><strong>l9.</strong></span> <span class='ocrx_word' id='word_1_239' title='bbox 1095 481 1197 509; x_wconf 84' lang='lat' dir='ltr'><strong>ibidem</strong></span> <span class='ocrx_word' id='word_1_240' title='bbox 1221 482 1302 510; x_wconf 89' lang='lat' dir='ltr'><strong>etiam</strong></span> <span class='ocrx_word' id='word_1_241' title='bbox 1321 484 1464 518; x_wconf 84' lang='lat' dir='ltr'><strong>quemdam</strong></span> <span class='ocrx_word' id='word_1_242' title='bbox 1491 485 1593 512; x_wconf 82' lang='lat' dir='ltr'><strong>invenit</strong></span> <span class='ocrx_word' id='word_1_243' title='bbox 1620 486 1646 513; x_wconf 94' lang='lat' dir='ltr'><strong>in</strong></span> <span class='ocrx_word' id='word_1_244' title='bbox 1662 495 1784 518; x_wconf 82' lang='lat' dir='ltr'><strong>carcere.</strong></span> 
     </span>
    </p>
   </div>
   <div class='ocr_carea' id='block_1_35' title="bbox 994 526 1784 564">
    <p class='ocr_par' dir='ltr' id='par_1_35' title="bbox 994 526 1784 564">
     <span class='ocr_line' id='line_1_35' title="bbox 994 526 1784 564; baseline 0.01 -12"><span class='ocrx_word' id='word_1_245' title='bbox 994 526 1140 562; x_wconf 84' lang='lat' dir='ltr'><strong>episcopali</strong></span> <span class='ocrx_word' id='word_1_246' title='bbox 1157 527 1288 563; x_wconf 81' lang='lat' dir='ltr'><strong>dignitate</strong></span> <span class='ocrx_word' id='word_1_247' title='bbox 1308 529 1477 564; x_wconf 80' lang='lat' dir='ltr'><strong>insignitum,</strong></span> <span class='ocrx_word' id='word_1_248' title='bbox 1492 531 1537 564; x_wconf 90' lang='lat' dir='ltr'><strong>qui</strong></span> <span class='ocrx_word' id='word_1_249' title='bbox 1567 539 1628 558; x_wconf 86' lang='lat' dir='ltr'><strong>cum</strong></span> <span class='ocrx_word' id='word_1_250' title='bbox 1658 537 1686 559; x_wconf 87' lang='lat' dir='ltr'><strong>ut</strong></span> <span class='ocrx_word' id='word_1_251' title='bbox 1702 534 1784 560; x_wconf 83' lang='lat' dir='ltr'><strong>homo</strong></span> 
     </span>
    </p>
   </div>
   <div class='ocr_carea' id='block_1_36' title="bbox 995 573 1781 613">
    <p class='ocr_par' dir='ltr' id='par_1_36' title="bbox 995 573 1781 613">
     <span class='ocr_line' id='line_1_36' title="bbox 995 573 1781 613; baseline 0.008 -14"><span class='ocrx_word' id='word_1_252' title='bbox 995 573 1115 600; x_wconf 89' lang='lat' dir='ltr'><strong>humano</strong></span> <span class='ocrx_word' id='word_1_253' title='bbox 1130 581 1205 600; x_wconf 87' lang='lat' dir='ltr'><strong>more</strong></span> <span class='ocrx_word' id='word_1_254' title='bbox 1219 578 1368 608; x_wconf 87' lang='lat' dir='ltr'><strong>pateretur,</strong></span> <span class='ocrx_word' id='word_1_255' title='bbox 1382 581 1408 602; x_wconf 85' lang='lat' dir='ltr'><strong>et</strong></span> <span class='ocrx_word' id='word_1_256' title='bbox 1427 575 1539 602; x_wconf 87' lang='lat' dir='ltr'><strong>alternis</strong></span> <span class='ocrx_word' id='word_1_257' title='bbox 1556 577 1694 612; x_wconf 87' lang='lat' dir='ltr'><strong>variisque</strong></span> <span class='ocrx_word' id='word_1_258' title='bbox 1706 579 1765 613; x_wconf 77' lang='lat' dir='ltr'><strong>cogi</strong></span> <span class='ocrx_word' id='word_1_259' title='bbox 1775 594 1781 597; x_wconf 93' lang='lat'><strong><em>-</em></strong></span> 
     </span>
    </p>
   </div>
   <div class='ocr_carea' id='block_1_37' title="bbox 992 618 1783 655">
    <p class='ocr_par' dir='ltr' id='par_1_37' title="bbox 992 618 1783 655">
     <span class='ocr_line' id='line_1_37' title="bbox 992 618 1783 655; baseline 0.008 -11"><span class='ocrx_word' id='word_1_260' title='bbox 992 618 1308 654; x_wconf 84' lang='lat' dir='ltr'><strong>tatiouibusjactaretur,</strong></span> <span class='ocrx_word' id='word_1_261' title='bbox 1318 628 1413 655; x_wconf 88' lang='lat' dir='ltr'><strong>parum</strong></span> <span class='ocrx_word' id='word_1_262' title='bbox 1422 622 1514 648; x_wconf 80' lang='lat' dir='ltr'><strong>aberat</strong></span> <span class='ocrx_word' id='word_1_263' title='bbox 1524 629 1539 648; x_wconf 88' lang='lat' dir='ltr'><strong>a</strong></span> <span class='ocrx_word' id='word_1_264' title='bbox 1550 621 1707 650; x_wconf 90' lang='lat' dir='ltr'><strong>discrimine</strong></span> <span class='ocrx_word' id='word_1_265' title='bbox 1715 624 1783 650; x_wconf 81' lang='lat' dir='ltr'><strong>dan-</strong></span> 
     </span>
    </p>
   </div>
   <div class='ocr_carea' id='block_1_38' title="bbox 991 664 1781 704">
    <p class='ocr_par' dir='ltr' id='par_1_38' title="bbox 991 664 1781 704">
     <span class='ocr_line' id='line_1_38' title="bbox 991 664 1781 704; baseline 0.006 -13"><span class='ocrx_word' id='word_1_266' title='bbox 991 664 1017 691; x_wconf 92' lang='lat' dir='ltr'><strong>di</strong></span> <span class='ocrx_word' id='word_1_267' title='bbox 1030 669 1102 699; x_wconf 74' lang='lat' dir='ltr'><strong>terga</strong></span> <span class='ocrx_word' id='word_1_268' title='bbox 1116 665 1233 692; x_wconf 89' lang='lat' dir='ltr'><strong>inimicis</strong></span> <span class='ocrx_word' id='word_1_269' title='bbox 1251 666 1306 698; x_wconf 90' lang='lat' dir='ltr'><strong>l‘ei,</strong></span> <span class='ocrx_word' id='word_1_270' title='bbox 1319 666 1364 700; x_wconf 86' lang='lat' dir='ltr'><strong>qui</strong></span> <span class='ocrx_word' id='word_1_271' title='bbox 1379 674 1483 693; x_wconf 78' lang='lat' dir='ltr'><strong>sacram</strong></span> <span class='ocrx_word' id='word_1_272' title='bbox 1500 667 1572 694; x_wconf 91' lang='lat' dir='ltr'><strong>illius</strong></span> <span class='ocrx_word' id='word_1_273' title='bbox 1585 667 1728 704; x_wconf 76' lang='lat' dir='ltr'><strong>imaginem</strong></span> <span class='ocrx_word' id='word_1_274' title='bbox 1738 677 1781 696; x_wconf 88' lang='lat' dir='ltr'><strong>as-</strong></span> 
     </span>
    </p>
   </div>
   <div class='ocr_carea' id='block_1_39' title="bbox 993 711 1781 747">
    <p class='ocr_par' dir='ltr' id='par_1_39' title="bbox 993 711 1781 747">
     <span class='ocr_line' id='line_1_39' title="bbox 993 711 1781 747; baseline 0.005 -10"><span class='ocrx_word' id='word_1_275' title='bbox 993 711 1187 745; x_wconf 88' lang='lat' dir='ltr'><strong>pernabantur.</strong></span> <span class='ocrx_word' id='word_1_276' title='bbox 1213 711 1291 739; x_wconf 88' lang='lat' dir='ltr'><strong>Hunc</strong></span> <span class='ocrx_word' id='word_1_277' title='bbox 1313 712 1412 747; x_wconf 87' lang='lat' dir='ltr'><strong>Joscph</strong></span> <span class='ocrx_word' id='word_1_278' title='bbox 1438 712 1638 741; x_wconf 83' lang='lat' dir='ltr'><strong>hortationihus</strong></span> <span class='ocrx_word' id='word_1_279' title='bbox 1668 715 1724 741; x_wconf 88' lang='lat' dir='ltr'><strong>suis</strong></span> <span class='ocrx_word' id='word_1_280' title='bbox 1747 714 1781 742; x_wconf 89' lang='lat' dir='ltr'><strong>ad</strong></span> 
     </span>
    </p>
   </div>
   <div class='ocr_carea' id='block_1_40' title="bbox 993 756 1780 793">
    <p class='ocr_par' dir='ltr' id='par_1_40' title="bbox 993 756 1780 793">
     <span class='ocr_line' id='line_1_40' title="bbox 993 756 1780 793; baseline 0.008 -11"><span class='ocrx_word' id='word_1_281' title='bbox 993 756 1065 783; x_wconf 88' lang='lat' dir='ltr'><strong>viam</strong></span> <span class='ocrx_word' id='word_1_282' title='bbox 1095 757 1218 785; x_wconf 85' lang='lat' dir='ltr'><strong>veritatis</strong></span> <span class='ocrx_word' id='word_1_283' title='bbox 1246 758 1363 790; x_wconf 85' lang='lat' dir='ltr'><strong>reduxit,</strong></span> <span class='ocrx_word' id='word_1_284' title='bbox 1392 759 1523 793; x_wconf 76' lang='lat' dir='ltr'><strong>exemplis</strong></span> <span class='ocrx_word' id='word_1_285' title='bbox 1549 760 1730 792; x_wconf 81' lang='lat' dir='ltr'><strong>continuavit,</strong></span> <span class='ocrx_word' id='word_1_286' title='bbox 1753 765 1780 788; x_wconf 89' lang='lat' dir='ltr'><strong>et</strong></span> 
     </span>
    </p>
   </div>
   <div class='ocr_carea' id='block_1_41' title="bbox 994 801 1780 841">
    <p class='ocr_par' dir='ltr' id='par_1_41' title="bbox 994 801 1780 841">
     <span class='ocr_line' id='line_1_41' title="bbox 994 801 1780 841; baseline 0.006 -13"><span class='ocrx_word' id='word_1_287' title='bbox 994 801 1030 828; x_wconf 89' lang='lat' dir='ltr'><strong>ita</strong></span> <span class='ocrx_word' id='word_1_288' title='bbox 1057 803 1209 837; x_wconf 88' lang='lat' dir='ltr'><strong>disposuit,</strong></span> <span class='ocrx_word' id='word_1_289' title='bbox 1241 808 1270 830; x_wconf 92' lang='lat' dir='ltr'><strong>ut</strong></span> <span class='ocrx_word' id='word_1_290' title='bbox 1295 811 1344 838; x_wconf 90' lang='lat' dir='ltr'><strong>pro</strong></span> <span class='ocrx_word' id='word_1_291' title='bbox 1373 804 1484 832; x_wconf 84' lang='lat' dir='ltr'><strong>Christo</strong></span> <span class='ocrx_word' id='word_1_292' title='bbox 1506 805 1621 840; x_wconf 80' lang='lat' dir='ltr'><strong>ejusque.</strong></span> <span class='ocrx_word' id='word_1_293' title='bbox 1662 806 1780 841; x_wconf 84' lang='lat' dir='ltr'><strong>imagine</strong></span> 
     </span>
    </p>
   </div>
   <div class='ocr_carea' id='block_1_42' title="bbox 993 846 1780 884">
    <p class='ocr_par' dir='ltr' id='par_1_42' title="bbox 993 846 1780 884">
     <span class='ocr_line' id='line_1_42' title="bbox 993 846 1780 884; baseline 0.008 -12"><span class='ocrx_word' id='word_1_294' title='bbox 993 846 1075 873; x_wconf 82' lang='lat' dir='ltr'><strong>vitam</strong></span> <span class='ocrx_word' id='word_1_295' title='bbox 1086 855 1147 874; x_wconf 90' lang='lat' dir='ltr'><strong>cum</strong></span> <span class='ocrx_word' id='word_1_296' title='bbox 1160 850 1288 881; x_wconf 68' lang='lat' dir='ltr'><strong>sanguine</strong></span> <span class='ocrx_word' id='word_1_297' title='bbox 1300 849 1462 883; x_wconf 82' lang='lat' dir='ltr'><strong>profundere</strong></span> <span class='ocrx_word' id='word_1_298' title='bbox 1478 855 1588 884; x_wconf 86' lang='lat' dir='ltr'><strong>paratus</strong></span> <span class='ocrx_word' id='word_1_299' title='bbox 1597 856 1678 878; x_wconf 89' lang='lat' dir='ltr'><strong>esset.</strong></span> <span class='ocrx_word' id='word_1_300' title='bbox 1689 851 1780 884; x_wconf 85' lang='lat' dir='ltr'><strong>Quan—</strong></span> 
     </span>
    </p>
   </div>
   <div class='ocr_carea' id='block_1_43' title="bbox 993 893 1780 931">
    <p class='ocr_par' dir='ltr' id='par_1_43' title="bbox 993 893 1780 931">
     <span class='ocr_line' id='line_1_43' title="bbox 993 893 1780 931; baseline 0.006 -13"><span class='ocrx_word' id='word_1_301' title='bbox 993 899 1074 926; x_wconf 78' lang='lat' dir='ltr'><strong>quam</strong></span> <span class='ocrx_word' id='word_1_302' title='bbox 1097 893 1151 926; x_wconf 91' lang='lat' dir='ltr'><strong>ille,</strong></span> <span class='ocrx_word' id='word_1_303' title='bbox 1168 895 1214 928; x_wconf 85' lang='lat' dir='ltr'><strong>qui</strong></span> <span class='ocrx_word' id='word_1_304' title='bbox 1230 895 1312 921; x_wconf 88' lang='lat' dir='ltr'><strong>animi</strong></span> <span class='ocrx_word' id='word_1_305' title='bbox 1334 895 1407 922; x_wconf 84' lang='lat' dir='ltr'><strong>illius</strong></span> <span class='ocrx_word' id='word_1_306' title='bbox 1429 895 1613 923; x_wconf 79' lang='lat' dir='ltr'><strong>infirmitatem</strong></span> <span class='ocrx_word' id='word_1_307' title='bbox 1635 903 1688 922; x_wconf 92' lang='lat' dir='ltr'><strong>non</strong></span> <span class='ocrx_word' id='word_1_308' title='bbox 1704 897 1780 931; x_wconf 79' lang='lat' dir='ltr'><strong>igno-</strong></span> 
     </span>
    </p>
   </div>
   <div class='ocr_carea' id='block_1_44' title="bbox 992 939 1777 976">
    <p class='ocr_par' dir='ltr' id='par_1_44' title="bbox 992 939 1777 976">
     <span class='ocr_line' id='line_1_44' title="bbox 992 939 1777 976; baseline 0.005 -11"><span class='ocrx_word' id='word_1_309' title='bbox 992 939 1079 972; x_wconf 87' lang='lat' dir='ltr'><strong>rabat,</strong></span> <span class='ocrx_word' id='word_1_310' title='bbox 1107 947 1160 966; x_wconf 92' lang='lat' dir='ltr'><strong>non</strong></span> <span class='ocrx_word' id='word_1_311' title='bbox 1195 941 1319 974; x_wconf 81' lang='lat' dir='ltr'><strong>permisit</strong></span> <span class='ocrx_word' id='word_1_312' title='bbox 1348 941 1424 968; x_wconf 90' lang='lat' dir='ltr'><strong>illum</strong></span> <span class='ocrx_word' id='word_1_313' title='bbox 1455 950 1538 976; x_wconf 89' lang='lat' dir='ltr'><strong>supra</strong></span> <span class='ocrx_word' id='word_1_314' title='bbox 1571 942 1644 969; x_wconf 88' lang='lat' dir='ltr'><strong>vires</strong></span> <span class='ocrx_word' id='word_1_315' title='bbox 1669 943 1777 975; x_wconf 79' lang='lat' dir='ltr'><strong>tentari,</strong></span> 
     </span>
    </p>
   </div>
   <div class='ocr_carea' id='block_1_45' title="bbox 992 984 1780 1022">
    <p class='ocr_par' dir='ltr' id='par_1_45' title="bbox 992 984 1780 1022">
     <span class='ocr_line' id='line_1_45' title="bbox 992 984 1780 1022; baseline 0.005 -11"><span class='ocrx_word' id='word_1_316' title='bbox 992 984 1055 1011; x_wconf 86' lang='lat' dir='ltr'><strong>inde</strong></span> <span class='ocrx_word' id='word_1_317' title='bbox 1074 985 1146 1012; x_wconf 88' lang='lat' dir='ltr'><strong>enim</strong></span> <span class='ocrx_word' id='word_1_318' title='bbox 1166 986 1219 1012; x_wconf 88' lang='lat' dir='ltr'><strong>alio</strong></span> <span class='ocrx_word' id='word_1_319' title='bbox 1245 987 1402 1020; x_wconf 80' lang='lat' dir='ltr'><strong>deportatus</strong></span> <span class='ocrx_word' id='word_1_320' title='bbox 1421 992 1471 1015; x_wconf 86' lang='lat' dir='ltr'><strong>est.</strong></span> <span class='ocrx_word' id='word_1_321' title='bbox 1495 987 1568 1015; x_wconf 89' lang='lat' dir='ltr'><strong>Talis</strong></span> <span class='ocrx_word' id='word_1_322' title='bbox 1594 989 1702 1022; x_wconf 85' lang='lat' dir='ltr'><strong>quidem</strong></span> <span class='ocrx_word' id='word_1_323' title='bbox 1730 996 1780 1015; x_wconf 88' lang='lat' dir='ltr'><strong>an-</strong></span> 
     </span>
    </p>
   </div>
   <div class='ocr_carea' id='block_1_46' title="bbox 991 1028 1779 1068">
    <p class='ocr_par' dir='ltr' id='par_1_46' title="bbox 991 1028 1779 1068">
     <span class='ocr_line' id='line_1_46' title="bbox 991 1028 1779 1068; baseline 0.005 -11"><span class='ocrx_word' id='word_1_324' title='bbox 991 1038 1055 1058; x_wconf 87' lang='lat' dir='ltr'><strong>cora</strong></span> <span class='ocrx_word' id='word_1_325' title='bbox 1072 1028 1240 1059; x_wconf 87' lang='lat' dir='ltr'><strong>fuitdivinus</strong></span> <span class='ocrx_word' id='word_1_326' title='bbox 1255 1031 1353 1067; x_wconf 87' lang='lat' dir='ltr'><strong>.loseph</strong></span> <span class='ocrx_word' id='word_1_327' title='bbox 1373 1033 1501 1068; x_wconf 88' lang='lat' dir='ltr'><strong>episcopo</strong></span> <span class='ocrx_word' id='word_1_328' title='bbox 1516 1033 1552 1061; x_wconf 90' lang='lat' dir='ltr'><strong>illi</strong></span> <span class='ocrx_word' id='word_1_329' title='bbox 1567 1034 1636 1062; x_wconf 90' lang='lat' dir='ltr'><strong>inter</strong></span> <span class='ocrx_word' id='word_1_330' title='bbox 1647 1035 1779 1062; x_wconf 86' lang='lat' dir='ltr'><strong>fluctuan-</strong></span> 
     </span>
    </p>
   </div>
   <div class='ocr_carea' id='block_1_47' title="bbox 992 1077 1776 1114">
    <p class='ocr_par' dir='ltr' id='par_1_47' title="bbox 992 1077 1776 1114">
     <span class='ocr_line' id='line_1_47' title="bbox 992 1077 1776 1114; baseline 0.006 -12"><span class='ocrx_word' id='word_1_331' title='bbox 992 1080 1033 1104; x_wconf 92' lang='lat' dir='ltr'><strong>tes</strong></span> <span class='ocrx_word' id='word_1_332' title='bbox 1053 1077 1184 1111; x_wconf 82' lang='lat' dir='ltr'><strong>procellas</strong></span> <span class='ocrx_word' id='word_1_333' title='bbox 1207 1078 1371 1105; x_wconf 86' lang='lat' dir='ltr'><strong>alternarum</strong></span> <span class='ocrx_word' id='word_1_334' title='bbox 1388 1080 1581 1113; x_wconf 78' lang='lat' dir='ltr'><strong>cogitationum</strong></span> <span class='ocrx_word' id='word_1_335' title='bbox 1603 1079 1776 1114; x_wconf 89' lang='lat' dir='ltr'><strong>periclitanti.</strong></span> 
     </span>
    </p>
   </div>
   <div class='ocr_carea' id='block_1_48' title="bbox 990 1122 1776 1160">
    <p class='ocr_par' dir='ltr' id='par_1_48' title="bbox 990 1122 1776 1160">
     <span class='ocr_line' id='line_1_48' title="bbox 990 1122 1776 1160; baseline 0.008 -12"><span class='ocrx_word' id='word_1_336' title='bbox 990 1122 1042 1149; x_wconf 86' lang='lat' dir='ltr'><strong>Alii</strong></span> <span class='ocrx_word' id='word_1_337' title='bbox 1052 1130 1117 1150; x_wconf 88' lang='lat' dir='ltr'><strong>vero</strong></span> <span class='ocrx_word' id='word_1_338' title='bbox 1135 1123 1225 1151; x_wconf 69' lang='lat' dir='ltr'><strong>idiota:</strong></span> <span class='ocrx_word' id='word_1_339' title='bbox 1237 1132 1268 1151; x_wconf 91' lang='lat' dir='ltr'><strong>ac</strong></span> <span class='ocrx_word' id='word_1_340' title='bbox 1294 1125 1409 1160; x_wconf 78' lang='lat' dir='ltr'><strong>vulgari,</strong></span> <span class='ocrx_word' id='word_1_341' title='bbox 1428 1125 1474 1160; x_wconf 90' lang='lat' dir='ltr'><strong>qui</strong></span> <span class='ocrx_word' id='word_1_342' title='bbox 1503 1126 1639 1154; x_wconf 81' lang='lat' dir='ltr'><strong>tristitiam</strong></span> <span class='ocrx_word' id='word_1_343' title='bbox 1654 1135 1685 1154; x_wconf 82' lang='lat' dir='ltr'><strong>ex</strong></span> <span class='ocrx_word' id='word_1_344' title='bbox 1703 1127 1776 1154; x_wconf 35' lang='lat' dir='ltr'><strong>calas</strong></span> 
     </span>
    </p>
   </div>
   <div class='ocr_carea' id='block_1_49' title="bbox 991 1167 1776 1206">
    <p class='ocr_par' dir='ltr' id='par_1_49' title="bbox 991 1167 1776 1206">
     <span class='ocr_line' id='line_1_49' title="bbox 991 1167 1776 1206; baseline 0.005 -12"><span class='ocrx_word' id='word_1_345' title='bbox 991 1167 1085 1195; x_wconf 87' lang='lat' dir='ltr'><strong>mitate</strong></span> <span class='ocrx_word' id='word_1_346' title='bbox 1098 1176 1147 1195; x_wconf 88' lang='lat' dir='ltr'><strong>sua</strong></span> <span class='ocrx_word' id='word_1_347' title='bbox 1165 1174 1372 1202; x_wconf 61' lang='grc' dir='ltr'>εοηδυνκριιῐοιιι</span> <span class='ocrx_word' id='word_1_348' title='bbox 1387 1170 1456 1197; x_wconf 83' lang='lat' dir='ltr'><strong>ferre</strong></span> <span class='ocrx_word' id='word_1_349' title='bbox 1468 1179 1520 1198; x_wconf 89' lang='lat' dir='ltr'><strong>non</strong></span> <span class='ocrx_word' id='word_1_350' title='bbox 1535 1177 1648 1206; x_wconf 76' lang='lat' dir='ltr'><strong>poterat,</strong></span> <span class='ocrx_word' id='word_1_351' title='bbox 1671 1180 1701 1199; x_wconf 89' lang='lat' dir='ltr'><strong>ac</strong></span> <span class='ocrx_word' id='word_1_352' title='bbox 1714 1180 1776 1206; x_wconf 85' lang='lat' dir='ltr'><strong>pl‘O-</strong></span> 
     </span>
    </p>
   </div>
   <div class='ocr_carea' id='block_1_50' title="bbox 992 1214 1775 1252">
    <p class='ocr_par' dir='ltr' id='par_1_50' title="bbox 992 1214 1775 1252">
     <span class='ocr_line' id='line_1_50' title="bbox 992 1214 1775 1252; baseline 0.006 -13"><span class='ocrx_word' id='word_1_353' title='bbox 992 1218 1083 1247; x_wconf 85' lang='lat' dir='ltr'><strong>pterea</strong></span> <span class='ocrx_word' id='word_1_354' title='bbox 1098 1214 1132 1241; x_wconf 88' lang='lat' dir='ltr'><strong>de</strong></span> <span class='ocrx_word' id='word_1_355' title='bbox 1146 1216 1297 1249; x_wconf 82' lang='lat' dir='ltr'><strong>respuenda</strong></span> <span class='ocrx_word' id='word_1_356' title='bbox 1312 1215 1457 1243; x_wconf 65' lang='lat' dir='ltr'><strong>ineliabilis</strong></span> <span class='ocrx_word' id='word_1_357' title='bbox 1472 1217 1594 1252; x_wconf 86' lang='lat' dir='ltr'><strong>mysterii</strong></span> <span class='ocrx_word' id='word_1_358' title='bbox 1613 1219 1775 1249; x_wconf 72' lang='lat' dir='ltr'><strong>meonomia,</strong></span> 
     </span>
    </p>
   </div>
   <div class='ocr_carea' id='block_1_51' title="bbox 989 1259 1774 1297">
    <p class='ocr_par' dir='ltr' id='par_1_51' title="bbox 989 1259 1774 1297">
     <span class='ocr_line' id='line_1_51' title="bbox 989 1259 1774 1297; baseline 0.005 -11"><span class='ocrx_word' id='word_1_359' title='bbox 989 1264 1016 1286; x_wconf 85' lang='lat' dir='ltr'><strong>ct</strong></span> <span class='ocrx_word' id='word_1_360' title='bbox 1031 1259 1120 1286; x_wconf 89' lang='lat' dir='ltr'><strong>divina</strong></span> <span class='ocrx_word' id='word_1_361' title='bbox 1132 1260 1233 1288; x_wconf 87' lang='lat' dir='ltr'><strong>Christi</strong></span> <span class='ocrx_word' id='word_1_362' title='bbox 1249 1261 1367 1296; x_wconf 80' lang='lat' dir='ltr'><strong>imagine</strong></span> <span class='ocrx_word' id='word_1_363' title='bbox 1393 1262 1578 1290; x_wconf 88' lang='lat' dir='ltr'><strong>conculcanda</strong></span> <span class='ocrx_word' id='word_1_364' title='bbox 1591 1268 1685 1297; x_wconf 87' lang='lat' dir='ltr'><strong>pactus</strong></span> <span class='ocrx_word' id='word_1_365' title='bbox 1701 1268 1774 1294; x_wconf 86' lang='lat' dir='ltr'><strong>erat.</strong></span> 
     </span>
    </p>
   </div>
   <div class='ocr_carea' id='block_1_52' title="bbox 990 1305 1810 1343">
    <p class='ocr_par' dir='ltr' id='par_1_52' title="bbox 990 1305 1810 1343">
     <span class='ocr_line' id='line_1_52' title="bbox 990 1305 1810 1343; baseline 0.005 -12"><span class='ocrx_word' id='word_1_366' title='bbox 990 1312 1051 1331; x_wconf 89' lang='lat' dir='ltr'><strong>cum</strong></span> <span class='ocrx_word' id='word_1_367' title='bbox 1073 1305 1099 1332; x_wconf 91' lang='lat' dir='ltr'><strong>in</strong></span> <span class='ocrx_word' id='word_1_368' title='bbox 1132 1306 1208 1332; x_wconf 92' lang='lat' dir='ltr'><strong>illum</strong></span> <span class='ocrx_word' id='word_1_369' title='bbox 1232 1312 1340 1341; x_wconf 81' lang='lat' dir='ltr'><strong>repente</strong></span> <span class='ocrx_word' id='word_1_370' title='bbox 1367 1308 1517 1340; x_wconf 78' lang='lat' dir='ltr'><strong>incidisset,</strong></span> <span class='ocrx_word' id='word_1_371' title='bbox 1539 1309 1604 1343; x_wconf 89' lang='lat' dir='ltr'><strong>quid</strong></span> <span class='ocrx_word' id='word_1_372' title='bbox 1629 1317 1681 1336; x_wconf 90' lang='lat' dir='ltr'><strong>non</strong></span> <span class='ocrx_word' id='word_1_373' title='bbox 1708 1309 1777 1336; x_wconf 82' lang='lat' dir='ltr'><strong>dixit</strong></span> <span class='ocrx_word' id='word_1_374' title='bbox 1808 1337 1810 1342; x_wconf 39' lang='lat' dir='ltr'><strong>I</strong></span> 
     </span>
    </p>
   </div>
   <div class='ocr_carea' id='block_1_53' title="bbox 988 1352 1776 1388">
    <p class='ocr_par' dir='ltr' id='par_1_53' title="bbox 988 1352 1776 1388">
     <span class='ocr_line' id='line_1_53' title="bbox 988 1352 1776 1388; baseline 0.005 -12"><span class='ocrx_word' id='word_1_375' title='bbox 988 1357 1093 1383; x_wconf 89' lang='lat' dir='ltr'><strong>eorum,</strong></span> <span class='ocrx_word' id='word_1_376' title='bbox 1111 1358 1171 1385; x_wconf 67' lang='lat' dir='ltr'><strong>qua:</strong></span> <span class='ocrx_word' id='word_1_377' title='bbox 1184 1352 1226 1378; x_wconf 91' lang='lat' dir='ltr'><strong>vel</strong></span> <span class='ocrx_word' id='word_1_378' title='bbox 1244 1352 1363 1386; x_wconf 82' lang='lat' dir='ltr'><strong>lapideos</strong></span> <span class='ocrx_word' id='word_1_379' title='bbox 1384 1353 1490 1381; x_wconf 78' lang='lat' dir='ltr'><strong>animos</strong></span> <span class='ocrx_word' id='word_1_380' title='bbox 1504 1359 1616 1388; x_wconf 85' lang='lat' dir='ltr'><strong>possent</strong></span> <span class='ocrx_word' id='word_1_381' title='bbox 1634 1354 1776 1380; x_wconf 73' lang='lat' dir='ltr'><strong>emollire?</strong></span> 
     </span>
    </p>
   </div>
   <div class='ocr_carea' id='block_1_54' title="bbox 988 1395 1775 1433">
    <p class='ocr_par' dir='ltr' id='par_1_54' title="bbox 988 1395 1775 1433">
     <span class='ocr_line' id='line_1_54' title="bbox 988 1395 1775 1433; baseline 0.004 -11"><span class='ocrx_word' id='word_1_382' title='bbox 988 1395 1088 1428; x_wconf 83' lang='lat' dir='ltr'><strong>Quales</strong></span> <span class='ocrx_word' id='word_1_383' title='bbox 1100 1401 1190 1423; x_wconf 81' lang='lat' dir='ltr'><strong>autem</strong></span> <span class='ocrx_word' id='word_1_384' title='bbox 1208 1398 1342 1433; x_wconf 73' lang='lat' dir='ltr'><strong>lacrymas</strong></span> <span class='ocrx_word' id='word_1_385' title='bbox 1358 1399 1392 1426; x_wconf 89' lang='lat' dir='ltr'><strong>ab</strong></span> <span class='ocrx_word' id='word_1_386' title='bbox 1404 1399 1491 1426; x_wconf 90' lang='lat' dir='ltr'><strong>oculis</strong></span> <span class='ocrx_word' id='word_1_387' title='bbox 1502 1407 1556 1426; x_wconf 91' lang='lat' dir='ltr'><strong>non</strong></span> <span class='ocrx_word' id='word_1_388' title='bbox 1567 1399 1675 1427; x_wconf 87' lang='lat' dir='ltr'><strong>emisit?</strong></span> <span class='ocrx_word' id='word_1_389' title='bbox 1690 1399 1775 1426; x_wconf 91' lang='lat' dir='ltr'><strong>mani-</strong></span> 
     </span>
    </p>
   </div>
   <div class='ocr_carea' id='block_1_55' title="bbox 988 1441 1774 1479">
    <p class='ocr_par' dir='ltr' id='par_1_55' title="bbox 988 1441 1774 1479">
     <span class='ocr_line' id='line_1_55' title="bbox 988 1441 1774 1479; baseline 0.005 -11"><span class='ocrx_word' id='word_1_390' title='bbox 988 1441 1038 1468; x_wconf 84' lang='lat' dir='ltr'><strong>bus</strong></span> <span class='ocrx_word' id='word_1_391' title='bbox 1053 1441 1128 1469; x_wconf 87' lang='lat' dir='ltr'><strong>illum</strong></span> <span class='ocrx_word' id='word_1_392' title='bbox 1142 1443 1289 1470; x_wconf 86' lang='lat' dir='ltr'><strong>submissis</strong></span> <span class='ocrx_word' id='word_1_393' title='bbox 1304 1444 1473 1479; x_wconf 78' lang='lat' dir='ltr'><strong>amplexans,</strong></span> <span class='ocrx_word' id='word_1_394' title='bbox 1490 1450 1516 1472; x_wconf 91' lang='lat' dir='ltr'><strong>et</strong></span> <span class='ocrx_word' id='word_1_395' title='bbox 1529 1446 1623 1473; x_wconf 89' lang='lat' dir='ltr'><strong>oscula</strong></span> <span class='ocrx_word' id='word_1_396' title='bbox 1636 1446 1706 1472; x_wconf 86' lang='lat' dir='ltr'><strong>collo</strong></span> <span class='ocrx_word' id='word_1_397' title='bbox 1715 1445 1774 1479; x_wconf 80' lang='lat' dir='ltr'><strong>ejus</strong></span> 
     </span>
    </p>
   </div>
   <div class='ocr_carea' id='block_1_56' title="bbox 997 1487 1774 1524">
    <p class='ocr_par' dir='ltr' id='par_1_56' title="bbox 997 1487 1774 1524">
     <span class='ocr_line' id='line_1_56' title="bbox 997 1487 1774 1524; baseline 0.004 -10"><span class='ocrx_word' id='word_1_398' title='bbox 997 1487 1124 1522; x_wconf 72' lang='lat' dir='ltr'><strong>infigens,</strong></span> <span class='ocrx_word' id='word_1_399' title='bbox 1136 1490 1288 1516; x_wconf 87' lang='lat' dir='ltr'><strong>conabatur</strong></span> <span class='ocrx_word' id='word_1_400' title='bbox 1305 1491 1428 1517; x_wconf 90' lang='lat' dir='ltr'><strong>eumdem</strong></span> <span class='ocrx_word' id='word_1_401' title='bbox 1445 1499 1459 1517; x_wconf 88' lang='lat' dir='ltr'><strong>a</strong></span> <span class='ocrx_word' id='word_1_402' title='bbox 1478 1491 1610 1518; x_wconf 88' lang='lat' dir='ltr'><strong>sententia</strong></span> <span class='ocrx_word' id='word_1_403' title='bbox 1627 1492 1774 1524; x_wconf 75' lang='lat' dir='ltr'><strong>diuum-re,</strong></span> 
     </span>
    </p>
   </div>
   <div class='ocr_carea' id='block_1_57' title="bbox 148 1528 1773 1572">
    <p class='ocr_par' dir='ltr' id='par_1_57' title="bbox 148 1528 1773 1572">
     <span class='ocr_line' id='line_1_57' title="bbox 148 1528 1773 1572; baseline 0.002 -12"><span class='ocrx_word' id='word_1_404' title='bbox 148 1537 175 1560; x_wconf 85' lang='lat' dir='ltr'><strong>et</strong></span> <span class='ocrx_word' id='word_1_405' title='bbox 187 1531 360 1567; x_wconf 84' lang='lat' dir='ltr'><strong>persuadere,</strong></span> <span class='ocrx_word' id='word_1_406' title='bbox 389 1536 417 1558; x_wconf 88' lang='lat' dir='ltr'><strong>ut</strong></span> <span class='ocrx_word' id='word_1_407' title='bbox 437 1535 548 1565; x_wconf 80' lang='lat' dir='ltr'><strong>propter</strong></span> <span class='ocrx_word' id='word_1_408' title='bbox 571 1528 711 1557; x_wconf 89' lang='lat' dir='ltr'><strong>Christum</strong></span> <span class='ocrx_word' id='word_1_409' title='bbox 739 1530 824 1558; x_wconf 82' lang='lat' dir='ltr'><strong>vitam</strong></span> <span class='ocrx_word' id='word_1_410' title='bbox 845 1531 930 1567; x_wconf 87' lang='lat' dir='ltr'><strong>ipsam</strong></span> <span class='ocrx_word' id='word_1_411' title='bbox 950 1533 1138 1568; x_wconf 90' lang='lat' dir='ltr'><strong>profunderet.</strong></span> <span class='ocrx_word' id='word_1_412' title='bbox 1176 1535 1256 1568; x_wconf 79' lang='lat' dir='ltr'><strong>Quod</strong></span> <span class='ocrx_word' id='word_1_413' title='bbox 1287 1543 1353 1563; x_wconf 85' lang='lat' dir='ltr'><strong>sane</strong></span> <span class='ocrx_word' id='word_1_414' title='bbox 1386 1536 1514 1570; x_wconf 88' lang='lat' dir='ltr'><strong>obtinuit,</strong></span> <span class='ocrx_word' id='word_1_415' title='bbox 1545 1537 1773 1572; x_wconf 83' lang='lat' dir='ltr'><strong>quemadmodum</strong></span> 
     </span>
    </p>
   </div>
   <div class='ocr_carea' id='block_1_58' title="bbox 148 1577 438 1613">
    <p class='ocr_par' dir='ltr' id='par_1_58' title="bbox 148 1577 438 1613">
     <span class='ocr_line' id='line_1_58' title="bbox 148 1577 438 1613; baseline -0.014 -6"><span class='ocrx_word' id='word_1_416' title='bbox 148 1587 222 1607; x_wconf 88' lang='lat' dir='ltr'><strong>nunc</strong></span> <span class='ocrx_word' id='word_1_417' title='bbox 239 1586 290 1613; x_wconf 79' lang='lat' dir='ltr'><strong>ego</strong></span> <span class='ocrx_word' id='word_1_418' title='bbox 304 1577 438 1605; x_wconf 88' lang='lat' dir='ltr'><strong>enarrabo</strong></span> 
     </span>
    </p>
   </div>
   <div class='ocr_carea' id='block_1_59' title="bbox 182 1621 936 1662">
    <p class='ocr_par' dir='ltr' id='par_1_59' title="bbox 182 1621 932 1661">
     <span class='ocr_line' id='line_1_59' title="bbox 182 1621 932 1661; baseline -0.001 -8"><span class='ocrx_word' id='word_1_419' title='bbox 182 1631 216 1655; x_wconf 85' lang='grc' dir='ltr'><strong>κ’.</strong></span> <span class='ocrx_word' id='word_1_420' title='bbox 235 1626 353 1661; x_wconf 79' lang='grc' dir='ltr'>Ἑσπέρα</span> <span class='ocrx_word' id='word_1_421' title='bbox 368 1624 418 1660; x_wconf 85' lang='grc' dir='ltr'>μὲν</span> <span class='ocrx_word' id='word_1_422' title='bbox 430 1621 464 1660; x_wconf 79' lang='grc' dir='ltr'>ἦν</span> <span class='ocrx_word' id='word_1_423' title='bbox 477 1625 522 1652; x_wconf 86' lang='grc' dir='ltr'>ὅτε</span> <span class='ocrx_word' id='word_1_424' title='bbox 537 1624 576 1659; x_wconf 84' lang='grc' dir='ltr'>τῷ</span> <span class='ocrx_word' id='word_1_425' title='bbox 598 1622 735 1659; x_wconf 84' lang='grc' dir='ltr'>ἀνθρώπῳ</span> <span class='ocrx_word' id='word_1_426' title='bbox 753 1624 802 1656; x_wconf 84' lang='grc' dir='ltr'><strong>τὰς</strong></span> <span class='ocrx_word' id='word_1_427' title='bbox 824 1624 932 1661; x_wconf 76' lang='grc' dir='ltr'>θαυμαο</span> 
     </span>
    </p>
   </div>
   <div class='ocr_carea' id='block_1_60' title="bbox 987 1621 1774 1662">
    <p class='ocr_par' dir='ltr' id='par_1_60' title="bbox 1023 1625 1774 1662">
     <span class='ocr_line' id='line_1_60' title="bbox 1023 1625 1774 1662; baseline 0.008 -10"><span class='ocrx_word' id='word_1_428' title='bbox 1023 1625 1067 1653; x_wconf 76' lang='lat'><strong>20.</strong></span> <span class='ocrx_word' id='word_1_429' title='bbox 1079 1626 1198 1660; x_wconf 87' lang='lat' dir='ltr'><strong>Tempus</strong></span> <span class='ocrx_word' id='word_1_430' title='bbox 1223 1631 1281 1654; x_wconf 83' lang='lat' dir='ltr'><strong>erat</strong></span> <span class='ocrx_word' id='word_1_431' title='bbox 1306 1627 1501 1662; x_wconf 83' lang='lat' dir='ltr'><strong>vespertinum.</strong></span> <span class='ocrx_word' id='word_1_432' title='bbox 1524 1636 1586 1656; x_wconf 91' lang='lat' dir='ltr'><strong>cum</strong></span> <span class='ocrx_word' id='word_1_433' title='bbox 1607 1629 1774 1660; x_wconf 82' lang='lat' dir='ltr'><strong>admirandis</strong></span> 
     </span>
    </p>
   </div>
   <div class='ocr_carea' id='block_1_61' title="bbox 149 1670 936 1708">
    <p class='ocr_par' dir='ltr' id='par_1_61' title="bbox 149 1670 936 1708">
     <span class='ocr_line' id='line_1_61' title="bbox 149 1670 936 1708; baseline -0.005 -6"><span class='ocrx_word' id='word_1_434' title='bbox 149 1675 209 1705; x_wconf 80' lang='grc' dir='ltr'>σίας</span> <span class='ocrx_word' id='word_1_435' title='bbox 223 1672 400 1708; x_wconf 80' lang='grc' dir='ltr'>παραινέσεις</span> <span class='ocrx_word' id='word_1_436' title='bbox 419 1672 449 1698; x_wconf 76' lang='grc' dir='ltr'>ιν</span> <span class='ocrx_word' id='word_1_437' title='bbox 464 1672 499 1707; x_wconf 77' lang='grc' dir='ltr'>τῇ</span> <span class='ocrx_word' id='word_1_438' title='bbox 529 1670 630 1706; x_wconf 76' lang='grc' dir='ltr'>καρδίᾳ</span> <span class='ocrx_word' id='word_1_439' title='bbox 654 1670 802 1706; x_wconf 81' lang='grc' dir='ltr'>παρέθετο,</span> <span class='ocrx_word' id='word_1_440' title='bbox 823 1671 882 1706; x_wconf 75' lang='grc' dir='ltr'>ἅμα</span> <span class='ocrx_word' id='word_1_441' title='bbox 905 1671 936 1698; x_wconf 71' lang='grc' dir='ltr'><strong>δὲ.</strong></span> 
     </span>
    </p>
   </div>
   <div class='ocr_carea' id='block_1_62' title="bbox 147 1715 935 1755">
    <p class='ocr_par' dir='ltr' id='par_1_62' title="bbox 147 1715 935 1755">
     <span class='ocr_line' id='line_1_62' title="bbox 147 1715 935 1755; baseline -0.004 -9"><span class='ocrx_word' id='word_1_442' title='bbox 147 1718 220 1755; x_wconf 73' lang='grc' dir='ltr'>πρωῒ</span> <span class='ocrx_word' id='word_1_443' title='bbox 235 1719 333 1753; x_wconf 80' lang='grc' dir='ltr'>σπεῖρα</span> <span class='ocrx_word' id='word_1_444' title='bbox 346 1716 500 1752; x_wconf 77' lang='grc' dir='ltr'>βαρϐαρικὴ</span> <span class='ocrx_word' id='word_1_445' title='bbox 519 1716 587 1751; x_wconf 76' lang='grc' dir='ltr'>πρὸς</span> <span class='ocrx_word' id='word_1_446' title='bbox 610 1716 659 1750; x_wconf 85' lang='grc' dir='ltr'>τὴν</span> <span class='ocrx_word' id='word_1_447' title='bbox 675 1715 798 1750; x_wconf 80' lang='grc' dir='ltr'>φρουρὰν</span> <span class='ocrx_word' id='word_1_448' title='bbox 812 1716 935 1752; x_wconf 84' lang='grc' dir='ltr'>παραγέ-</span> 
     </span>
    </p>
   </div>
   <div class='ocr_carea' id='block_1_63' title="bbox 146 1761 934 1801">
    <p class='ocr_par' dir='ltr' id='par_1_63' title="bbox 146 1761 934 1801">
     <span class='ocr_line' id='line_1_63' title="bbox 146 1761 934 1801; baseline -0.004 -9"><span class='ocrx_word' id='word_1_449' title='bbox 146 1774 217 1801; x_wconf 80' lang='grc' dir='ltr'>γονε,</span> <span class='ocrx_word' id='word_1_450' title='bbox 244 1763 414 1800; x_wconf 82' lang='grc' dir='ltr'>ῥινολασίδας</span> <span class='ocrx_word' id='word_1_451' title='bbox 443 1761 602 1797; x_wconf 69' lang='grc' dir='ltr'>ἑπαγομένη</span> <span class='ocrx_word' id='word_1_452' title='bbox 624 1762 672 1788; x_wconf 72' lang='grc' dir='ltr'><strong>καὶ</strong></span> <span class='ocrx_word' id='word_1_453' title='bbox 695 1762 854 1797; x_wconf 79' lang='grc' dir='ltr'>πιεστήρια,</span> <span class='ocrx_word' id='word_1_454' title='bbox 886 1763 934 1790; x_wconf 76' lang='grc' dir='ltr'>καὶ</span> 
     </span>
    </p>
   </div>
   <div class='ocr_carea' id='block_1_64' title="bbox 146 1807 933 1846">
    <p class='ocr_par' dir='ltr' id='par_1_64' title="bbox 146 1807 933 1846">
     <span class='ocr_line' id='line_1_64' title="bbox 146 1807 933 1846; baseline -0.006 -6"><span class='ocrx_word' id='word_1_455' title='bbox 146 1810 275 1846; x_wconf 77' lang='grc' dir='ltr'>ἀνηρώτα</span> <span class='ocrx_word' id='word_1_456' title='bbox 284 1810 330 1837; x_wconf 76' lang='grc' dir='ltr'><strong>τὸν</strong></span> <span class='ocrx_word' id='word_1_457' title='bbox 340 1809 495 1844; x_wconf 83' lang='grc' dir='ltr'>ἄνθρωπον,</span> <span class='ocrx_word' id='word_1_458' title='bbox 510 1807 535 1834; x_wconf 86' lang='grc' dir='ltr'>εἰ</span> <span class='ocrx_word' id='word_1_459' title='bbox 555 1807 593 1842; x_wconf 83' lang='grc' dir='ltr'>μὴ</span> <span class='ocrx_word' id='word_1_460' title='bbox 611 1807 662 1842; x_wconf 87' lang='grc' dir='ltr'>τῆς</span> <span class='ocrx_word' id='word_1_461' title='bbox 678 1807 792 1843; x_wconf 83' lang='grc' dir='ltr'>γνώμης</span> <span class='ocrx_word' id='word_1_462' title='bbox 816 1807 933 1842; x_wconf 81' lang='grc' dir='ltr'>ὑφῆκεν,</span> 
     </span>
    </p>
   </div>
   <div class='ocr_carea' id='block_1_65' title="bbox 147 1852 934 1892">
    <p class='ocr_par' dir='ltr' id='par_1_65' title="bbox 147 1852 934 1892">
     <span class='ocr_line' id='line_1_65' title="bbox 147 1852 934 1892; baseline -0.005 -8"><span class='ocrx_word' id='word_1_463' title='bbox 147 1858 171 1884; x_wconf 77' lang='grc' dir='ltr'>ιι</span> <span class='ocrx_word' id='word_1_464' title='bbox 187 1856 224 1892; x_wconf 79' lang='grc' dir='ltr'>μὴ</span> <span class='ocrx_word' id='word_1_465' title='bbox 237 1853 370 1890; x_wconf 74' lang='grc' dir='ltr'>ἠλλοιώθη</span> <span class='ocrx_word' id='word_1_466' title='bbox 382 1854 453 1881; x_wconf 85' lang='grc' dir='ltr'><strong>κατὰ</strong></span> <span class='ocrx_word' id='word_1_467' title='bbox 472 1861 509 1886; x_wconf 85' lang='grc' dir='ltr'>τι,</span> <span class='ocrx_word' id='word_1_468' title='bbox 522 1852 592 1880; x_wconf 85' lang='grc' dir='ltr'>ἀλλὰ</span> <span class='ocrx_word' id='word_1_469' title='bbox 601 1853 657 1884; x_wconf 82' lang='grc' dir='ltr'>τοῖς</span> <span class='ocrx_word' id='word_1_470' title='bbox 674 1853 728 1888; x_wconf 78' lang='grc' dir='ltr'>πρὸ</span> <span class='ocrx_word' id='word_1_471' title='bbox 753 1852 852 1888; x_wconf 83' lang='grc' dir='ltr'>μικροῦ</span> <span class='ocrx_word' id='word_1_472' title='bbox 873 1862 934 1889; x_wconf 74' lang='grc' dir='ltr'><strong>κρι⁴</strong></span> 
     </span>
    </p>
   </div>
   <div class='ocr_carea' id='block_1_66' title="bbox 147 1899 934 1936">
    <p class='ocr_par' dir='ltr' id='par_1_66' title="bbox 147 1899 934 1936">
     <span class='ocr_line' id='line_1_66' title="bbox 147 1899 934 1936; baseline -0.004 -6"><span class='ocrx_word' id='word_1_473' title='bbox 147 1904 232 1931; x_wconf 82' lang='grc' dir='ltr'>θεῖσιν</span> <span class='ocrx_word' id='word_1_474' title='bbox 243 1901 343 1933; x_wconf 73' lang='grc' dir='ltr'>ὑλικῶς</span> <span class='ocrx_word' id='word_1_475' title='bbox 357 1900 471 1936; x_wconf 67' lang='grc' dir='ltr'>ιμμὲνει</span> <span class='ocrx_word' id='word_1_476' title='bbox 485 1900 533 1927; x_wconf 68' lang='grc' dir='ltr'><strong>κιιῖ¹</strong></span> <span class='ocrx_word' id='word_1_477' title='bbox 549 1899 714 1935; x_wconf 84' lang='grc' dir='ltr'>ἁπαρνεϊται</span> <span class='ocrx_word' id='word_1_478' title='bbox 734 1899 863 1935; x_wconf 88' lang='grc' dir='ltr'>Χριστόν.</span> <span class='ocrx_word' id='word_1_479' title='bbox 877 1901 934 1927; x_wconf 84' lang='grc' dir='ltr'><strong>Καὶ</strong></span> 
     </span>
    </p>
   </div>
   <div class='ocr_carea' id='block_1_67' title="bbox 146 1945 932 1982">
    <p class='ocr_par' dir='ltr' id='par_1_67' title="bbox 146 1945 932 1982">
     <span class='ocr_line' id='line_1_67' title="bbox 146 1945 932 1982; baseline -0.004 -7"><span class='ocrx_word' id='word_1_480' title='bbox 146 1950 186 1981; x_wconf 76' lang='grc' dir='ltr'><strong>ὃς,</strong></span> <span class='ocrx_word' id='word_1_481' title='bbox 202 1948 278 1975; x_wconf 76' lang='grc' dir='ltr'>οὐδὲν</span> <span class='ocrx_word' id='word_1_482' title='bbox 295 1946 526 1982; x_wconf 82' lang='grc' dir='ltr'>ὑποστειλάμενος</span> <span class='ocrx_word' id='word_1_483' title='bbox 540 1945 595 1972; x_wconf 80' lang='grc' dir='ltr'><strong>οὐδ’</strong></span> <span class='ocrx_word' id='word_1_484' title='bbox 610 1945 753 1977; x_wconf 82' lang='grc' dir='ltr'>ὲνδυάσας,</span> <span class='ocrx_word' id='word_1_485' title='bbox 768 1945 835 1972; x_wconf 83' lang='grc' dir='ltr'>ἀλλὰ</span> <span class='ocrx_word' id='word_1_486' title='bbox 856 1946 932 1982; x_wconf 82' lang='grc' dir='ltr'>διαῤ-</span> 
     </span>
    </p>
   </div>
   <div class='ocr_carea' id='block_1_68' title="bbox 148 1990 932 2029">
    <p class='ocr_par' dir='ltr' id='par_1_68' title="bbox 148 1990 932 2029">
     <span class='ocr_line' id='line_1_68' title="bbox 148 1990 932 2029; baseline -0.003 -9"><span class='ocrx_word' id='word_1_487' title='bbox 148 1993 232 2029; x_wconf 76' lang='grc' dir='ltr'>ῥήξας</span> <span class='ocrx_word' id='word_1_488' title='bbox 259 1992 306 2019; x_wconf 82' lang='grc' dir='ltr'>τὸν</span> <span class='ocrx_word' id='word_1_489' title='bbox 327 1991 428 2027; x_wconf 84' lang='grc' dir='ltr'>χιτῶνα</span> <span class='ocrx_word' id='word_1_490' title='bbox 455 1991 503 2018; x_wconf 79' lang='grc' dir='ltr'>καὶ</span> <span class='ocrx_word' id='word_1_491' title='bbox 529 1990 696 2025; x_wconf 78' lang='grc' dir='ltr'>γυμνωθεὶς,</span> <span class='ocrx_word' id='word_1_492' title='bbox 723 1990 852 2026; x_wconf 86' lang='grc' dir='ltr'>’Έτοιμος</span> <span class='ocrx_word' id='word_1_493' title='bbox 876 1991 932 2026; x_wconf 74' lang='grc' dir='ltr'>ἐγώ</span> 
     </span>
    </p>
   </div>
   <div class='ocr_carea' id='block_1_69' title="bbox 145 2033 930 2073">
    <p class='ocr_par' dir='ltr' id='par_1_69' title="bbox 145 2033 930 2073">
     <span class='ocr_line' id='line_1_69' title="bbox 145 2033 930 2073; baseline -0.003 -9"><span class='ocrx_word' id='word_1_494' title='bbox 145 2039 216 2073; x_wconf 77' lang='grc' dir='ltr'>ειμι,</span> <span class='ocrx_word' id='word_1_495' title='bbox 234 2037 338 2070; x_wconf 74' lang='grc' dir='ltr'>ἔλεγεν,</span> <span class='ocrx_word' id='word_1_496' title='bbox 353 2036 376 2063; x_wconf 76' lang='grc' dir='ltr'>εἰ</span> <span class='ocrx_word' id='word_1_497' title='bbox 389 2033 446 2063; x_wconf 72' lang='grc' dir='ltr'>οἷόν</span> <span class='ocrx_word' id='word_1_498' title='bbox 457 2044 488 2062; x_wconf 87' lang='grc' dir='ltr'><strong>τε</strong></span> <span class='ocrx_word' id='word_1_499' title='bbox 501 2035 566 2071; x_wconf 73' lang='grc' dir='ltr'>ἄρα,</span> <span class='ocrx_word' id='word_1_500' title='bbox 583 2035 713 2070; x_wconf 83' lang='grc' dir='ltr'>μυριάκις</span> <span class='ocrx_word' id='word_1_501' title='bbox 727 2036 798 2070; x_wconf 80' lang='grc' dir='ltr'>ὑπὲρ</span> <span class='ocrx_word' id='word_1_502' title='bbox 813 2036 861 2062; x_wconf 86' lang='grc' dir='ltr'><strong>τοῦ</strong></span> <span class='ocrx_word' id='word_1_503' title='bbox 880 2045 930 2071; x_wconf 81' lang='grc' dir='ltr'>με·</span> 
     </span>
    </p>
   </div>
   <div class='ocr_carea' id='block_1_70' title="bbox 145 2080 930 2117">
    <p class='ocr_par' dir='ltr' id='par_1_70' title="bbox 145 2080 930 2117">
     <span class='ocr_line' id='line_1_70' title="bbox 145 2080 930 2117; baseline -0.001 -8"><span class='ocrx_word' id='word_1_504' title='bbox 145 2083 230 2117; x_wconf 75' lang='grc' dir='ltr'>γάλου</span> <span class='ocrx_word' id='word_1_505' title='bbox 244 2081 311 2109; x_wconf 86' lang='grc' dir='ltr'>Θεοῦ</span> <span class='ocrx_word' id='word_1_506' title='bbox 337 2081 384 2108; x_wconf 73' lang='grc' dir='ltr'>καὶ</span> <span class='ocrx_word' id='word_1_507' title='bbox 405 2081 530 2116; x_wconf 87' lang='grc' dir='ltr'>Σωτῆρος</span> <span class='ocrx_word' id='word_1_508' title='bbox 544 2080 702 2108; x_wconf 82' lang='grc' dir='ltr'>ἀποθανεῖν.</span> <span class='ocrx_word' id='word_1_509' title='bbox 728 2080 821 2108; x_wconf 84' lang='grc' dir='ltr'>Ταῦτα</span> <span class='ocrx_word' id='word_1_510' title='bbox 845 2081 930 2108; x_wconf 77' lang='grc' dir='ltr'>εἰπὼν</span> 
     </span>
    </p>
   </div>
   <div class='ocr_carea' id='block_1_71' title="bbox 145 2126 930 2164">
    <p class='ocr_par' dir='ltr' id='par_1_71' title="bbox 145 2126 930 2164">
     <span class='ocr_line' id='line_1_71' title="bbox 145 2126 930 2164; baseline -0.003 -8"><span class='ocrx_word' id='word_1_511' title='bbox 145 2128 194 2156; x_wconf 76' lang='grc' dir='ltr'>καὶ</span> <span class='ocrx_word' id='word_1_512' title='bbox 211 2126 316 2164; x_wconf 74' lang='grc' dir='ltr'>μηδέ[ν]</span> <span class='ocrx_word' id='word_1_513' title='bbox 331 2135 357 2153; x_wconf 88' lang='grc' dir='ltr'><strong>τι</strong></span> <span class='ocrx_word' id='word_1_514' title='bbox 374 2126 453 2153; x_wconf 83' lang='grc' dir='ltr'>πλέον</span> <span class='ocrx_word' id='word_1_515' title='bbox 467 2126 606 2161; x_wconf 79' lang='grc' dir='ltr'>προσθεὶς,</span> <span class='ocrx_word' id='word_1_516' title='bbox 618 2126 697 2161; x_wconf 74' lang='grc' dir='ltr'>χερσὶ</span> <span class='ocrx_word' id='word_1_517' title='bbox 712 2126 817 2162; x_wconf 76' lang='grc' dir='ltr'>δημίων</span> <span class='ocrx_word' id='word_1_518' title='bbox 832 2128 930 2154; x_wconf 76' lang='grc' dir='ltr'>ἑαυτὸν</span> 
     </span>
    </p>
   </div>
   <div class='ocr_carea' id='block_1_72' title="bbox 145 2171 930 2209">
    <p class='ocr_par' dir='ltr' id='par_1_72' title="bbox 145 2171 930 2209">
     <span class='ocr_line' id='line_1_72' title="bbox 145 2171 930 2209; baseline -0.001 -8"><span class='ocrx_word' id='word_1_519' title='bbox 145 2173 253 2202; x_wconf 77' lang='grc' dir='ltr'>εἰσωθεῖ</span> <span class='ocrx_word' id='word_1_520' title='bbox 268 2181 276 2188; x_wconf 74' lang='grc'>⁶</span> <span class='ocrx_word' id='word_1_521' title='bbox 291 2174 305 2200; x_wconf 89' lang='grc' dir='ltr'><strong>ό</strong></span> <span class='ocrx_word' id='word_1_522' title='bbox 322 2172 350 2199; x_wconf 81' lang='grc' dir='ltr'><strong>δὲ</strong></span> <span class='ocrx_word' id='word_1_523' title='bbox 365 2172 447 2208; x_wconf 77' lang='grc' dir='ltr'>(οὕτω</span> <span class='ocrx_word' id='word_1_524' title='bbox 463 2171 619 2208; x_wconf 81' lang='grc' dir='ltr'>προσταγὲν</span> <span class='ocrx_word' id='word_1_525' title='bbox 636 2171 688 2199; x_wconf 75' lang='grc' dir='ltr'>ὑπὸ</span> <span class='ocrx_word' id='word_1_526' title='bbox 704 2172 751 2198; x_wconf 92' lang='grc' dir='ltr'><strong>τοῦ</strong></span> <span class='ocrx_word' id='word_1_527' title='bbox 774 2173 863 2200; x_wconf 69' lang='grc' dir='ltr'>ἐκεῖσε</span> <span class='ocrx_word' id='word_1_528' title='bbox 881 2173 930 2209; x_wconf 84' lang='grc' dir='ltr'><strong>τὴν</strong></span> 
     </span>
    </p>
   </div>
   <div class='ocr_carea' id='block_1_73' title="bbox 144 2218 928 2256">
    <p class='ocr_par' dir='ltr' id='par_1_73' title="bbox 144 2218 928 2256">
     <span class='ocr_line' id='line_1_73' title="bbox 144 2218 928 2256; baseline -0.003 -8"><span class='ocrx_word' id='word_1_529' title='bbox 144 2220 231 2256; x_wconf 81' lang='grc' dir='ltr'>ἀρχὴν</span> <span class='ocrx_word' id='word_1_530' title='bbox 243 2219 432 2254; x_wconf 77' lang='grc' dir='ltr'>περιέποντος)</span> <span class='ocrx_word' id='word_1_531' title='bbox 445 2219 596 2252; x_wconf 81' lang='grc' dir='ltr'>ἁναρτᾶται</span> <span class='ocrx_word' id='word_1_532' title='bbox 607 2218 646 2253; x_wconf 85' lang='grc' dir='ltr'>τῷ</span> <span class='ocrx_word' id='word_1_533' title='bbox 660 2218 741 2254; x_wconf 79' lang='grc' dir='ltr'><strong>ξύλῳ,</strong></span> <span class='ocrx_word' id='word_1_534' title='bbox 753 2219 800 2247; x_wconf 83' lang='grc' dir='ltr'>καὶ</span> <span class='ocrx_word' id='word_1_535' title='bbox 813 2219 885 2246; x_wconf 77' lang='grc' dir='ltr'>ἆπαν</span> <span class='ocrx_word' id='word_1_536' title='bbox 898 2220 928 2246; x_wconf 85' lang='grc' dir='ltr'>τὸ</span> 
     </span>
    </p>
   </div>
   <div class='ocr_carea' id='block_1_74' title="bbox 146 2264 958 2301">
    <p class='ocr_par' dir='ltr' id='par_1_74' title="bbox 146 2264 958 2301">
     <span class='ocr_line' id='line_1_74' title="bbox 146 2264 958 2301; baseline 0 -8"><span class='ocrx_word' id='word_1_537' title='bbox 146 2267 225 2301; x_wconf 80' lang='grc' dir='ltr'>σῶμα</span> <span class='ocrx_word' id='word_1_538' title='bbox 240 2265 393 2300; x_wconf 77' lang='grc' dir='ltr'>καταδελὴς</span> <span class='ocrx_word' id='word_1_539' title='bbox 408 2265 529 2299; x_wconf 84' lang='grc' dir='ltr'>γίνεται·</span> <span class='ocrx_word' id='word_1_540' title='bbox 550 2264 626 2290; x_wconf 70' lang='grc' dir='ltr'>ἔνθεν</span> <span class='ocrx_word' id='word_1_541' title='bbox 650 2273 692 2291; x_wconf 82' lang='grc' dir='ltr'><strong>τοι</strong></span> <span class='ocrx_word' id='word_1_542' title='bbox 719 2265 767 2292; x_wconf 74' lang='grc' dir='ltr'><strong>καὶ</strong></span> <span class='ocrx_word' id='word_1_543' title='bbox 792 2265 928 2301; x_wconf 80' lang='grc' dir='ltr'>ὀφθαλμοὶ</span> <span class='ocrx_word' id='word_1_544' title='bbox 948 2294 958 2301; x_wconf 33' lang='grc' dir='ltr'><strong><em>ὲ</em></strong></span> 
     </span>
    </p>
   </div>
   <div class='ocr_carea' id='block_1_75' title="bbox 143 2310 928 2348">
    <p class='ocr_par' dir='ltr' id='par_1_75' title="bbox 143 2310 928 2348">
     <span class='ocr_line' id='line_1_75' title="bbox 143 2310 928 2348; baseline 0 -9"><span class='ocrx_word' id='word_1_545' title='bbox 143 2312 317 2348; x_wconf 73' lang='grc' dir='ltr'>διερρύησαν,</span> <span class='ocrx_word' id='word_1_546' title='bbox 333 2312 380 2338; x_wconf 77' lang='grc' dir='ltr'>καὶ</span> <span class='ocrx_word' id='word_1_547' title='bbox 396 2311 499 2344; x_wconf 69' lang='grc' dir='ltr'>ἔγκατα</span> <span class='ocrx_word' id='word_1_548' title='bbox 514 2311 551 2342; x_wconf 70' lang='grc' dir='ltr'>ὡς</span> <span class='ocrx_word' id='word_1_549' title='bbox 569 2310 651 2345; x_wconf 71' lang='grc' dir='ltr'>ὕδωρ,</span> <span class='ocrx_word' id='word_1_550' title='bbox 669 2311 819 2343; x_wconf 83' lang='grc' dir='ltr'>Δαυϊτικῶς</span> <span class='ocrx_word' id='word_1_551' title='bbox 830 2313 928 2345; x_wconf 76' lang='grc' dir='ltr'>εἰπεῖν,</span> 
     </span>
    </p>
   </div>
   <div class='ocr_carea' id='block_1_76' title="bbox 144 2356 929 2393">
    <p class='ocr_par' dir='ltr' id='par_1_76' title="bbox 144 2356 929 2393">
     <span class='ocr_line' id='line_1_76' title="bbox 144 2356 929 2393; baseline 0.001 -9"><span class='ocrx_word' id='word_1_552' title='bbox 144 2357 313 2393; x_wconf 67' lang='grc' dir='ltr'>ἐξεκέχυντο,</span> <span class='ocrx_word' id='word_1_553' title='bbox 328 2357 375 2384; x_wconf 76' lang='grc' dir='ltr'>καὶ</span> <span class='ocrx_word' id='word_1_554' title='bbox 389 2356 495 2391; x_wconf 47' lang='lat' dir='ltr'><strong>in:qu</strong></span> <span class='ocrx_word' id='word_1_555' title='bbox 510 2356 584 2383; x_wconf 67' lang='grc' dir='ltr'>ἔνδον</span> <span class='ocrx_word' id='word_1_556' title='bbox 606 2357 791 2393; x_wconf 78' lang='grc' dir='ltr'>ὲθριαμῦεύθη</span> <span class='ocrx_word' id='word_1_557' title='bbox 813 2358 929 2385; x_wconf 84' lang='grc' dir='ltr'>διάπλα-</span> 
     </span>
    </p>
   </div>
   <div class='ocr_carea' id='block_1_77' title="bbox 145 2401 929 2438">
    <p class='ocr_par' dir='ltr' id='par_1_77' title="bbox 145 2401 929 2438">
     <span class='ocr_line' id='line_1_77' title="bbox 145 2401 929 2438; baseline 0 -8"><span class='ocrx_word' id='word_1_558' title='bbox 145 2412 185 2436; x_wconf 85' lang='grc' dir='ltr'><strong>σις</strong></span> <span class='ocrx_word' id='word_1_559' title='bbox 196 2411 204 2419; x_wconf 78' lang='grc'><strong><em>⁸</em></strong></span> <span class='ocrx_word' id='word_1_560' title='bbox 215 2405 231 2438; x_wconf 81' lang='grc' dir='ltr'><strong>ὴ</strong></span> <span class='ocrx_word' id='word_1_561' title='bbox 243 2403 316 2438; x_wconf 77' lang='grc' dir='ltr'>ψυχὴ</span> <span class='ocrx_word' id='word_1_562' title='bbox 334 2403 363 2430; x_wconf 81' lang='grc' dir='ltr'><strong>δὲ</strong></span> <span class='ocrx_word' id='word_1_563' title='bbox 372 2402 409 2438; x_wconf 83' lang='grc' dir='ltr'><strong>τῷ</strong></span> <span class='ocrx_word' id='word_1_564' title='bbox 424 2402 540 2437; x_wconf 77' lang='grc' dir='ltr'>γενναίῳ</span> <span class='ocrx_word' id='word_1_565' title='bbox 554 2401 651 2437; x_wconf 77' lang='grc' dir='ltr'>ἐκείνῳ</span> <span class='ocrx_word' id='word_1_566' title='bbox 662 2403 708 2428; x_wconf 80' lang='grc' dir='ltr'>καὶ</span> <span class='ocrx_word' id='word_1_567' title='bbox 723 2402 761 2429; x_wconf 80' lang='grc' dir='ltr'>ἔτι</span> <span class='ocrx_word' id='word_1_568' title='bbox 778 2403 929 2438; x_wconf 77' lang='grc' dir='ltr'>κατείχετο,</span> 
     </span>
    </p>
   </div>
   <div class='ocr_carea' id='block_1_78' title="bbox 144 2448 929 2485">
    <p class='ocr_par' dir='ltr' id='par_1_78' title="bbox 144 2448 929 2485">
     <span class='ocr_line' id='line_1_78' title="bbox 144 2448 929 2485; baseline -0.001 -9"><span class='ocrx_word' id='word_1_569' title='bbox 144 2451 191 2476; x_wconf 79' lang='grc' dir='ltr'>καὶ</span> <span class='ocrx_word' id='word_1_570' title='bbox 205 2449 325 2484; x_wconf 80' lang='grc' dir='ltr'>γλῶσσα,</span> <span class='ocrx_word' id='word_1_571' title='bbox 341 2449 498 2484; x_wconf 75' lang='grc' dir='ltr'>κεκμηκυῖα</span> <span class='ocrx_word' id='word_1_572' title='bbox 515 2449 572 2479; x_wconf 79' lang='grc' dir='ltr'>τοῖς</span> <span class='ocrx_word' id='word_1_573' title='bbox 597 2448 689 2478; x_wconf 83' lang='grc' dir='ltr'>πόνοις</span> <span class='ocrx_word' id='word_1_574' title='bbox 700 2448 747 2474; x_wconf 67' lang='grc' dir='ltr'>καὶ</span> <span class='ocrx_word' id='word_1_575' title='bbox 768 2450 828 2480; x_wconf 82' lang='grc' dir='ltr'>ταῖς</span> <span class='ocrx_word' id='word_1_576' title='bbox 845 2449 929 2485; x_wconf 75' lang='grc' dir='ltr'>ὑπερ-</span> 
     </span>
    </p>
   </div>
   <div class='ocr_carea' id='block_1_79' title="bbox 143 2493 929 2529">
    <p class='ocr_par' dir='ltr' id='par_1_79' title="bbox 143 2493 929 2529">
     <span class='ocr_line' id='line_1_79' title="bbox 143 2493 929 2529; baseline -0.003 -7"><span class='ocrx_word' id='word_1_577' title='bbox 143 2495 304 2525; x_wconf 77' lang='grc' dir='ltr'>ϐαλλούσαις</span> <span class='ocrx_word' id='word_1_578' title='bbox 331 2494 448 2527; x_wconf 68' lang='grc' dir='ltr'>ὀδύναις,</span> <span class='ocrx_word' id='word_1_579' title='bbox 467 2494 513 2520; x_wconf 86' lang='grc' dir='ltr'>τδν</span> <span class='ocrx_word' id='word_1_580' title='bbox 539 2493 655 2528; x_wconf 72' lang='grc' dir='ltr'>Χριστὸν</span> <span class='ocrx_word' id='word_1_581' title='bbox 669 2494 863 2529; x_wconf 82' lang='grc' dir='ltr'>ἀνεκήρυττεν.</span> <span class='ocrx_word' id='word_1_582' title='bbox 881 2495 929 2520; x_wconf 82' lang='grc' dir='ltr'>Ὃν</span> 
     </span>
    </p>
   </div>
   <div class='ocr_carea' id='block_1_80' title="bbox 142 2538 928 2575">
    <p class='ocr_par' dir='ltr' id='par_1_80' title="bbox 142 2538 928 2575">
     <span class='ocr_line' id='line_1_80' title="bbox 142 2538 928 2575; baseline -0.003 -8"><span class='ocrx_word' id='word_1_583' title='bbox 142 2540 228 2571; x_wconf 75' lang='grc' dir='ltr'>οὓτως</span> <span class='ocrx_word' id='word_1_584' title='bbox 242 2540 318 2575; x_wconf 79' lang='grc' dir='ltr'>όρᾷν,</span> <span class='ocrx_word' id='word_1_585' title='bbox 340 2539 388 2566; x_wconf 72' lang='grc' dir='ltr'>καὶ</span> <span class='ocrx_word' id='word_1_586' title='bbox 400 2538 500 2569; x_wconf 76' lang='grc' dir='ltr'>ἀθλίως</span> <span class='ocrx_word' id='word_1_587' title='bbox 512 2538 617 2573; x_wconf 74' lang='grc' dir='ltr'>ἔχοντα,</span> <span class='ocrx_word' id='word_1_588' title='bbox 636 2538 673 2569; x_wconf 78' lang='grc' dir='ltr'><strong>ὡς</strong></span> <span class='ocrx_word' id='word_1_589' title='bbox 698 2539 812 2570; x_wconf 76' lang='grc' dir='ltr'>ἐκείνοις</span> <span class='ocrx_word' id='word_1_590' title='bbox 830 2539 928 2572; x_wconf 79' lang='grc' dir='ltr'>ἐδόκει,</span> 
     </span>
    </p>
   </div>
   <div class='ocr_carea' id='block_1_81' title="bbox 141 2584 930 2621">
    <p class='ocr_par' dir='ltr' id='par_1_81' title="bbox 141 2584 930 2621">
     <span class='ocr_line' id='line_1_81' title="bbox 141 2584 930 2621; baseline -0.001 -8"><span class='ocrx_word' id='word_1_591' title='bbox 141 2587 167 2614; x_wconf 86' lang='grc' dir='ltr'>οἱ</span> <span class='ocrx_word' id='word_1_592' title='bbox 182 2586 316 2621; x_wconf 83' lang='grc' dir='ltr'>ἀλιτήριοι</span> <span class='ocrx_word' id='word_1_593' title='bbox 340 2585 378 2620; x_wconf 79' lang='grc' dir='ltr'>μὴ</span> <span class='ocrx_word' id='word_1_594' title='bbox 392 2585 552 2620; x_wconf 79' lang='grc' dir='ltr'>ἀνεχόμενοι</span> <span class='ocrx_word' id='word_1_595' title='bbox 565 2584 668 2619; x_wconf 82' lang='grc' dir='ltr'>δήμιοι.</span> <span class='ocrx_word' id='word_1_596' title='bbox 689 2585 823 2615; x_wconf 73' lang='grc' dir='ltr'>παντοίως</span> <span class='ocrx_word' id='word_1_597' title='bbox 846 2594 930 2620; x_wconf 79' lang='grc' dir='ltr'>προσ-</span> 
     </span>
    </p>
   </div>
   <div class='ocr_carea' id='block_1_82' title="bbox 143 2630 936 2668">
    <p class='ocr_par' dir='ltr' id='par_1_82' title="bbox 143 2630 936 2668">
     <span class='ocr_line' id='line_1_82' title="bbox 143 2630 936 2668; baseline 0 -11"><span class='ocrx_word' id='word_1_598' title='bbox 143 2631 354 2664; x_wconf 80' lang='grc' dir='ltr'>πατταλεύουσι,</span> <span class='ocrx_word' id='word_1_599' title='bbox 369 2632 416 2659; x_wconf 84' lang='grc' dir='ltr'>καὶ</span> <span class='ocrx_word' id='word_1_600' title='bbox 439 2631 512 2657; x_wconf 87' lang='grc' dir='ltr'>λίθον</span> <span class='ocrx_word' id='word_1_601' title='bbox 546 2630 661 2665; x_wconf 67' lang='grc' dir='ltr'>ἄραντες</span> <span class='ocrx_word' id='word_1_602' title='bbox 691 2630 863 2666; x_wconf 76' lang='grc' dir='ltr'>πάμμεγα[ν]</span> <span class='ocrx_word' id='word_1_603' title='bbox 880 2632 936 2668; x_wconf 23' lang='grc' dir='ltr'>ἐτι-ν</span> 
     </span>
    </p>
   </div>
   <div class='ocr_carea' id='block_1_83' title="bbox 143 2677 929 2713">
    <p class='ocr_par' dir='ltr' id='par_1_83' title="bbox 143 2677 929 2713">
     <span class='ocr_line' id='line_1_83' title="bbox 143 2677 929 2713; baseline -0.001 -9"><span class='ocrx_word' id='word_1_604' title='bbox 143 2679 240 2712; x_wconf 80' lang='grc' dir='ltr'>αφιᾶσι</span> <span class='ocrx_word' id='word_1_605' title='bbox 252 2679 285 2713; x_wconf 84' lang='grc' dir='ltr'>τῇ</span> <span class='ocrx_word' id='word_1_606' title='bbox 301 2677 407 2713; x_wconf 75' lang='grc' dir='ltr'>κεφαλῇ</span> <span class='ocrx_word' id='word_1_607' title='bbox 421 2685 429 2694; x_wconf 76' lang='grc' dir='ltr'><strong>ι</strong></span> <span class='ocrx_word' id='word_1_608' title='bbox 441 2678 458 2712; x_wconf 88' lang='grc' dir='ltr'><strong>ή</strong></span> <span class='ocrx_word' id='word_1_609' title='bbox 471 2677 498 2704; x_wconf 79' lang='grc' dir='ltr'><strong>δὲ</strong></span> <span class='ocrx_word' id='word_1_610' title='bbox 511 2677 709 2713; x_wconf 78' lang='grc' dir='ltr'>διαρῥήγνυται</span> <span class='ocrx_word' id='word_1_611' title='bbox 734 2677 787 2712; x_wconf 79' lang='grc' dir='ltr'>ἄρα</span> <span class='ocrx_word' id='word_1_612' title='bbox 802 2677 871 2704; x_wconf 83' lang='grc' dir='ltr'>κατὰ</span> <span class='ocrx_word' id='word_1_613' title='bbox 885 2686 929 2712; x_wconf 87' lang='grc' dir='ltr'>μι-</span> 
     </span>
    </p>
   </div>
   <div class='ocr_carea' id='block_1_84' title="bbox 140 2723 891 2760">
    <p class='ocr_par' dir='ltr' id='par_1_84' title="bbox 140 2723 891 2760">
     <span class='ocr_line' id='line_1_84' title="bbox 140 2723 891 2760; baseline -0.001 -9"><span class='ocrx_word' id='word_1_614' title='bbox 140 2725 207 2759; x_wconf 86' lang='grc' dir='ltr'>κρὰ,</span> <span class='ocrx_word' id='word_1_615' title='bbox 226 2724 273 2751; x_wconf 79' lang='grc' dir='ltr'>καὶ</span> <span class='ocrx_word' id='word_1_616' title='bbox 289 2725 306 2760; x_wconf 83' lang='grc' dir='ltr'>ἠ</span> <span class='ocrx_word' id='word_1_617' title='bbox 320 2724 395 2759; x_wconf 86' lang='grc' dir='ltr'>βιαία</span> <span class='ocrx_word' id='word_1_618' title='bbox 408 2724 481 2759; x_wconf 80' lang='grc' dir='ltr'>ψυχὴ</span> <span class='ocrx_word' id='word_1_619' title='bbox 493 2724 584 2759; x_wconf 71' lang='grc' dir='ltr'>ἐκείνη</span> <span class='ocrx_word' id='word_1_620' title='bbox 601 2724 670 2759; x_wconf 71' lang='grc' dir='ltr'>πρὸς</span> <span class='ocrx_word' id='word_1_621' title='bbox 690 2723 756 2750; x_wconf 81' lang='grc' dir='ltr'>Θεὸν</span> <span class='ocrx_word' id='word_1_622' title='bbox 768 2724 891 2759; x_wconf 83' lang='grc' dir='ltr'>ὲκδημεί.</span> 
     </span>
    </p>
   </div>
   <div class='ocr_carea' id='block_1_85' title="bbox 988 1671 1775 1710">
    <p class='ocr_par' dir='ltr' id='par_1_85' title="bbox 988 1671 1775 1710">
     <span class='ocr_line' id='line_1_85' title="bbox 988 1671 1775 1710; baseline 0.004 -11"><span class='ocrx_word' id='word_1_623' title='bbox 988 1671 1225 1699; x_wconf 84' lang='lat' dir='ltr'><strong>cohortationibus</strong></span> <span class='ocrx_word' id='word_1_624' title='bbox 1242 1673 1299 1699; x_wconf 90' lang='lat' dir='ltr'><strong>suis</strong></span> <span class='ocrx_word' id='word_1_625' title='bbox 1312 1672 1338 1699; x_wconf 92' lang='lat' dir='ltr'><strong>in</strong></span> <span class='ocrx_word' id='word_1_626' title='bbox 1352 1679 1400 1700; x_wconf 89' lang='lat' dir='ltr'><strong>cor</strong></span> <span class='ocrx_word' id='word_1_627' title='bbox 1412 1673 1492 1708; x_wconf 89' lang='lat' dir='ltr'><strong>hujus</strong></span> <span class='ocrx_word' id='word_1_628' title='bbox 1513 1674 1633 1701; x_wconf 88' lang='lat' dir='ltr'><strong>hominis</strong></span> <span class='ocrx_word' id='word_1_629' title='bbox 1648 1680 1775 1710; x_wconf 83' lang='lat' dir='ltr'><strong>penetra-</strong></span> 
     </span>
    </p>
   </div>
   <div class='ocr_carea' id='block_1_86' title="bbox 986 1717 1773 1747">
    <p class='ocr_par' dir='ltr' id='par_1_86' title="bbox 986 1717 1773 1747">
     <span class='ocr_line' id='line_1_86' title="bbox 986 1717 1773 1747; baseline 0.004 -3"><span class='ocrx_word' id='word_1_630' title='bbox 986 1717 1036 1744; x_wconf 84' lang='lat' dir='ltr'><strong>vit.</strong></span> <span class='ocrx_word' id='word_1_631' title='bbox 1054 1717 1168 1744; x_wconf 89' lang='lat' dir='ltr'><strong>Summo</strong></span> <span class='ocrx_word' id='word_1_632' title='bbox 1179 1721 1268 1744; x_wconf 87' lang='lat' dir='ltr'><strong>autem</strong></span> <span class='ocrx_word' id='word_1_633' title='bbox 1285 1725 1365 1745; x_wconf 89' lang='lat' dir='ltr'><strong>mane</strong></span> <span class='ocrx_word' id='word_1_634' title='bbox 1378 1719 1478 1746; x_wconf 86' lang='lat' dir='ltr'><strong>cohors</strong></span> <span class='ocrx_word' id='word_1_635' title='bbox 1493 1719 1635 1747; x_wconf 86' lang='lat' dir='ltr'><strong>barbarica</strong></span> <span class='ocrx_word' id='word_1_636' title='bbox 1662 1721 1695 1747; x_wconf 92' lang='lat' dir='ltr'><strong>ad</strong></span> <span class='ocrx_word' id='word_1_637' title='bbox 1712 1728 1773 1747; x_wconf 88' lang='lat' dir='ltr'><strong>car-</strong></span> 
     </span>
    </p>
   </div>
   <div class='ocr_carea' id='block_1_87' title="bbox 989 1762 1775 1798">
    <p class='ocr_par' dir='ltr' id='par_1_87' title="bbox 989 1762 1775 1798">
     <span class='ocr_line' id='line_1_87' title="bbox 989 1762 1775 1798; baseline 0.005 -9"><span class='ocrx_word' id='word_1_638' title='bbox 989 1769 1080 1789; x_wconf 86' lang='lat' dir='ltr'><strong>cerem</strong></span> <span class='ocrx_word' id='word_1_639' title='bbox 1100 1762 1184 1794; x_wconf 85' lang='lat' dir='ltr'><strong>venit.</strong></span> <span class='ocrx_word' id='word_1_640' title='bbox 1198 1762 1289 1790; x_wconf 83' lang='lat' dir='ltr'><strong>ferens</strong></span> <span class='ocrx_word' id='word_1_641' title='bbox 1310 1770 1402 1790; x_wconf 88' lang='lat' dir='ltr'><strong>secum</strong></span> <span class='ocrx_word' id='word_1_642' title='bbox 1413 1763 1529 1798; x_wconf 82' lang='lat' dir='ltr'><strong>forcipes</strong></span> <span class='ocrx_word' id='word_1_643' title='bbox 1542 1767 1574 1791; x_wconf 85' lang='lat' dir='ltr'><strong>ad</strong></span> <span class='ocrx_word' id='word_1_644' title='bbox 1587 1773 1666 1792; x_wconf 88' lang='lat' dir='ltr'><strong>nares</strong></span> <span class='ocrx_word' id='word_1_645' title='bbox 1676 1766 1775 1793; x_wconf 71' lang='lat'><strong>(&quot;5101&quot;</strong></span> 
     </span>
    </p>
   </div>
   <div class='ocr_carea' id='block_1_88' title="bbox 986 1808 1773 1844">
    <p class='ocr_par' dir='ltr' id='par_1_88' title="bbox 986 1808 1773 1844">
     <span class='ocr_line' id='line_1_88' title="bbox 986 1808 1773 1844; baseline 0.004 -9"><span class='ocrx_word' id='word_1_646' title='bbox 986 1808 1120 1842; x_wconf 87' lang='lat' dir='ltr'><strong>quendas,</strong></span> <span class='ocrx_word' id='word_1_647' title='bbox 1132 1812 1160 1835; x_wconf 88' lang='lat' dir='ltr'><strong>et</strong></span> <span class='ocrx_word' id='word_1_648' title='bbox 1175 1808 1227 1835; x_wconf 87' lang='lat' dir='ltr'><strong>alia</strong></span> <span class='ocrx_word' id='word_1_649' title='bbox 1242 1808 1423 1836; x_wconf 85' lang='lat' dir='ltr'><strong>instrumenta</strong></span> <span class='ocrx_word' id='word_1_650' title='bbox 1436 1809 1469 1836; x_wconf 89' lang='lat' dir='ltr'><strong>ad</strong></span> <span class='ocrx_word' id='word_1_651' title='bbox 1481 1810 1646 1844; x_wconf 87' lang='lat' dir='ltr'><strong>torquendos</strong></span> <span class='ocrx_word' id='word_1_652' title='bbox 1660 1811 1773 1838; x_wconf 87' lang='lat' dir='ltr'><strong>miseros</strong></span> 
     </span>
    </p>
   </div>
   <div class='ocr_carea' id='block_1_89' title="bbox 985 1852 1774 1888">
    <p class='ocr_par' dir='ltr' id='par_1_89' title="bbox 985 1852 1774 1888">
     <span class='ocr_line' id='line_1_89' title="bbox 985 1852 1774 1888; baseline 0.004 -9"><span class='ocrx_word' id='word_1_653' title='bbox 985 1855 1058 1886; x_wconf 84' lang='lat' dir='ltr'><strong>apta,</strong></span> <span class='ocrx_word' id='word_1_654' title='bbox 1070 1856 1098 1879; x_wconf 86' lang='lat' dir='ltr'><strong>et</strong></span> <span class='ocrx_word' id='word_1_655' title='bbox 1112 1852 1298 1888; x_wconf 76' lang='lat' dir='ltr'><strong>interrogabat</strong></span> <span class='ocrx_word' id='word_1_656' title='bbox 1316 1853 1465 1885; x_wconf 89' lang='lat' dir='ltr'><strong>hominem,</strong></span> <span class='ocrx_word' id='word_1_657' title='bbox 1475 1861 1508 1880; x_wconf 85' lang='lat' dir='ltr'><strong>an</strong></span> <span class='ocrx_word' id='word_1_658' title='bbox 1527 1859 1659 1888; x_wconf 82' lang='lat' dir='ltr'><strong>perstaret</strong></span> <span class='ocrx_word' id='word_1_659' title='bbox 1677 1855 1702 1881; x_wconf 93' lang='lat' dir='ltr'><strong>in</strong></span> <span class='ocrx_word' id='word_1_660' title='bbox 1712 1863 1774 1882; x_wconf 79' lang='lat' dir='ltr'><strong>sen-</strong></span> 
     </span>
    </p>
   </div>
   <div class='ocr_carea' id='block_1_90' title="bbox 985 1898 1774 1933">
    <p class='ocr_par' dir='ltr' id='par_1_90' title="bbox 985 1898 1774 1933">
     <span class='ocr_line' id='line_1_90' title="bbox 985 1898 1774 1933; baseline 0.003 -8"><span class='ocrx_word' id='word_1_661' title='bbox 985 1898 1081 1930; x_wconf 84' lang='lat' dir='ltr'><strong>tentia,</strong></span> <span class='ocrx_word' id='word_1_662' title='bbox 1094 1898 1215 1933; x_wconf 87' lang='lat' dir='ltr'><strong>nihilque</strong></span> <span class='ocrx_word' id='word_1_663' title='bbox 1223 1899 1296 1926; x_wconf 91' lang='lat' dir='ltr'><strong>eirca</strong></span> <span class='ocrx_word' id='word_1_664' title='bbox 1306 1906 1365 1925; x_wconf 90' lang='lat' dir='ltr'><strong>eam</strong></span> <span class='ocrx_word' id='word_1_665' title='bbox 1378 1899 1538 1926; x_wconf 83' lang='lat' dir='ltr'><strong>immutatus</strong></span> <span class='ocrx_word' id='word_1_666' title='bbox 1548 1899 1652 1933; x_wconf 85' lang='lat' dir='ltr'><strong>fuisset,</strong></span> <span class='ocrx_word' id='word_1_667' title='bbox 1663 1909 1696 1926; x_wconf 88' lang='lat' dir='ltr'><strong>an</strong></span> <span class='ocrx_word' id='word_1_668' title='bbox 1710 1908 1774 1928; x_wconf 90' lang='lat' dir='ltr'><strong>vero</strong></span> 
     </span>
    </p>
   </div>
   <div class='ocr_carea' id='block_1_91' title="bbox 983 1943 1772 1979">
    <p class='ocr_par' dir='ltr' id='par_1_91' title="bbox 983 1943 1772 1979">
     <span class='ocr_line' id='line_1_91' title="bbox 983 1943 1772 1979; baseline 0.004 -9"><span class='ocrx_word' id='word_1_669' title='bbox 983 1951 1045 1971; x_wconf 91' lang='lat' dir='ltr'><strong>cum</strong></span> <span class='ocrx_word' id='word_1_670' title='bbox 1062 1943 1106 1975; x_wconf 89' lang='lat' dir='ltr'><strong>iis,</strong></span> <span class='ocrx_word' id='word_1_671' title='bbox 1119 1944 1163 1978; x_wconf 90' lang='lat' dir='ltr'><strong>qui</strong></span> <span class='ocrx_word' id='word_1_672' title='bbox 1179 1944 1260 1979; x_wconf 86' lang='lat' dir='ltr'><strong>paulo</strong></span> <span class='ocrx_word' id='word_1_673' title='bbox 1289 1949 1353 1971; x_wconf 88' lang='lat' dir='ltr'><strong>ante</strong></span> <span class='ocrx_word' id='word_1_674' title='bbox 1379 1944 1493 1978; x_wconf 70' lang='lat' dir='ltr'><strong>iudicati</strong></span> <span class='ocrx_word' id='word_1_675' title='bbox 1517 1945 1636 1978; x_wconf 80' lang='lat' dir='ltr'><strong>fuerant,</strong></span> <span class='ocrx_word' id='word_1_676' title='bbox 1649 1947 1772 1973; x_wconf 72' lang='lat' dir='ltr'><strong>sentiens</strong></span> 
     </span>
    </p>
   </div>
   <div class='ocr_carea' id='block_1_92' title="bbox 983 1989 1773 2025">
    <p class='ocr_par' dir='ltr' id='par_1_92' title="bbox 983 1989 1773 2025">
     <span class='ocr_line' id='line_1_92' title="bbox 983 1989 1773 2025; baseline 0.003 -9"><span class='ocrx_word' id='word_1_677' title='bbox 983 1989 1055 2017; x_wconf 81' lang='lat' dir='ltr'><strong>circa</strong></span> <span class='ocrx_word' id='word_1_678' title='bbox 1070 1990 1161 2017; x_wconf 87' lang='lat' dir='ltr'><strong>omnia</strong></span> <span class='ocrx_word' id='word_1_679' title='bbox 1177 1990 1314 2017; x_wconf 84' lang='lat' dir='ltr'><strong>Christum</strong></span> <span class='ocrx_word' id='word_1_680' title='bbox 1326 1990 1489 2025; x_wconf 74' lang='lat' dir='ltr'><strong>abnegaret?</strong></span> <span class='ocrx_word' id='word_1_681' title='bbox 1503 1991 1550 2018; x_wconf 80' lang='lat' dir='ltr'><strong>llic</strong></span> <span class='ocrx_word' id='word_1_682' title='bbox 1565 1999 1638 2024; x_wconf 88' lang='lat' dir='ltr'><strong>vero,</strong></span> <span class='ocrx_word' id='word_1_683' title='bbox 1655 1992 1773 2018; x_wconf 85' lang='lat' dir='ltr'><strong>nihilre-</strong></span> 
     </span>
    </p>
   </div>
   <div class='ocr_carea' id='block_1_93' title="bbox 982 2035 1771 2069">
    <p class='ocr_par' dir='ltr' id='par_1_93' title="bbox 982 2035 1771 2069">
     <span class='ocr_line' id='line_1_93' title="bbox 982 2035 1771 2069; baseline 0.003 -7"><span class='ocrx_word' id='word_1_684' title='bbox 982 2035 1143 2068; x_wconf 85' lang='lat' dir='ltr'><strong>formidans,</strong></span> <span class='ocrx_word' id='word_1_685' title='bbox 1160 2042 1206 2062; x_wconf 84' lang='lat' dir='ltr'><strong>aut</strong></span> <span class='ocrx_word' id='word_1_686' title='bbox 1228 2037 1367 2069; x_wconf 55' lang='lat' dir='ltr'><strong>batsitans,</strong></span> <span class='ocrx_word' id='word_1_687' title='bbox 1384 2036 1499 2064; x_wconf 86' lang='lat' dir='ltr'><strong>discissa</strong></span> <span class='ocrx_word' id='word_1_688' title='bbox 1514 2037 1616 2068; x_wconf 87' lang='lat' dir='ltr'><strong>tunica,</strong></span> <span class='ocrx_word' id='word_1_689' title='bbox 1637 2045 1669 2064; x_wconf 91' lang='lat' dir='ltr'><strong>ac</strong></span> <span class='ocrx_word' id='word_1_690' title='bbox 1683 2039 1771 2064; x_wconf 84' lang='lat' dir='ltr'><strong>denu-</strong></span> 
     </span>
    </p>
   </div>
   <div class='ocr_carea' id='block_1_94' title="bbox 981 2075 1772 2117">
    <p class='ocr_par' dir='ltr' id='par_1_94' title="bbox 981 2075 1772 2117">
     <span class='ocr_line' id='line_1_94' title="bbox 981 2075 1772 2117; baseline 0.001 -9"><span class='ocrx_word' id='word_1_691' title='bbox 981 2082 1061 2109; x_wconf 88' lang='lat' dir='ltr'><strong>datus</strong></span> <span class='ocrx_word' id='word_1_692' title='bbox 1076 2090 1083 2109; x_wconf 89' lang='lat'><strong>:</strong></span> <span class='ocrx_word' id='word_1_693' title='bbox 1097 2075 1163 2117; x_wconf 79' lang='lat' dir='ltr'><strong>Ego,</strong></span> <span class='ocrx_word' id='word_1_694' title='bbox 1176 2083 1273 2117; x_wconf 90' lang='lat' dir='ltr'><strong>inquit,</strong></span> <span class='ocrx_word' id='word_1_695' title='bbox 1298 2087 1409 2117; x_wconf 85' lang='lat' dir='ltr'><strong>paratus</strong></span> <span class='ocrx_word' id='word_1_696' title='bbox 1421 2090 1493 2114; x_wconf 87' lang='lat' dir='ltr'><strong>sum,</strong></span> <span class='ocrx_word' id='word_1_697' title='bbox 1507 2083 1530 2110; x_wconf 90' lang='lat' dir='ltr'><strong>si</strong></span> <span class='ocrx_word' id='word_1_698' title='bbox 1544 2082 1598 2109; x_wconf 85' lang='lat' dir='ltr'><strong>fieri</strong></span> <span class='ocrx_word' id='word_1_699' title='bbox 1612 2084 1708 2117; x_wconf 83' lang='lat' dir='ltr'><strong>possit.</strong></span> <span class='ocrx_word' id='word_1_700' title='bbox 1722 2090 1772 2117; x_wconf 85' lang='lat' dir='ltr'><strong>pro</strong></span> 
     </span>
    </p>
   </div>
   <div class='ocr_carea' id='block_1_95' title="bbox 981 2127 1770 2163">
    <p class='ocr_par' dir='ltr' id='par_1_95' title="bbox 981 2127 1770 2163">
     <span class='ocr_line' id='line_1_95' title="bbox 981 2127 1770 2163; baseline 0 -9"><span class='ocrx_word' id='word_1_701' title='bbox 981 2135 1080 2163; x_wconf 74' lang='lat' dir='ltr'><strong>magno</strong></span> <span class='ocrx_word' id='word_1_702' title='bbox 1096 2128 1152 2155; x_wconf 89' lang='lat' dir='ltr'><strong>Deo</strong></span> <span class='ocrx_word' id='word_1_703' title='bbox 1170 2133 1197 2154; x_wconf 89' lang='lat' dir='ltr'><strong>et</strong></span> <span class='ocrx_word' id='word_1_704' title='bbox 1220 2128 1360 2155; x_wconf 79' lang='lat' dir='ltr'><strong>Salvatore</strong></span> <span class='ocrx_word' id='word_1_705' title='bbox 1390 2127 1488 2155; x_wconf 85' lang='lat' dir='ltr'><strong>millies</strong></span> <span class='ocrx_word' id='word_1_706' title='bbox 1516 2135 1547 2154; x_wconf 84' lang='lat' dir='ltr'><strong>ac</strong></span> <span class='ocrx_word' id='word_1_707' title='bbox 1576 2127 1670 2154; x_wconf 88' lang='lat' dir='ltr'><strong>millies</strong></span> <span class='ocrx_word' id='word_1_708' title='bbox 1688 2128 1770 2154; x_wconf 87' lang='lat' dir='ltr'><strong>mori.</strong></span> 
     </span>
    </p>
   </div>
   <div class='ocr_carea' id='block_1_96' title="bbox 981 2173 1774 2209">
    <p class='ocr_par' dir='ltr' id='par_1_96' title="bbox 981 2173 1774 2209">
     <span class='ocr_line' id='line_1_96' title="bbox 981 2173 1774 2209; baseline -0.001 -9"><span class='ocrx_word' id='word_1_709' title='bbox 981 2173 1043 2200; x_wconf 65' lang='lat' dir='ltr'><strong>Haec</strong></span> <span class='ocrx_word' id='word_1_710' title='bbox 1055 2174 1159 2204; x_wconf 81' lang='lat' dir='ltr'><strong>dicens.</strong></span> <span class='ocrx_word' id='word_1_711' title='bbox 1177 2179 1203 2201; x_wconf 90' lang='lat' dir='ltr'><strong>et</strong></span> <span class='ocrx_word' id='word_1_712' title='bbox 1220 2174 1287 2200; x_wconf 88' lang='lat' dir='ltr'><strong>nihil</strong></span> <span class='ocrx_word' id='word_1_713' title='bbox 1307 2174 1424 2209; x_wconf 85' lang='lat' dir='ltr'><strong>amplius</strong></span> <span class='ocrx_word' id='word_1_714' title='bbox 1434 2175 1548 2205; x_wconf 85' lang='lat' dir='ltr'><strong>addens,</strong></span> <span class='ocrx_word' id='word_1_715' title='bbox 1565 2175 1591 2200; x_wconf 93' lang='lat' dir='ltr'><strong>in</strong></span> <span class='ocrx_word' id='word_1_716' title='bbox 1609 2181 1706 2200; x_wconf 89' lang='lat' dir='ltr'><strong>manus</strong></span> <span class='ocrx_word' id='word_1_717' title='bbox 1717 2179 1774 2199; x_wconf 74' lang='lat' dir='ltr'><strong>tor-</strong></span> 
     </span>
    </p>
   </div>
   <div class='ocr_carea' id='block_1_97' title="bbox 981 2218 1770 2253">
    <p class='ocr_par' dir='ltr' id='par_1_97' title="bbox 981 2218 1770 2253">
     <span class='ocr_line' id='line_1_97' title="bbox 981 2218 1770 2253; baseline -0.003 -7"><span class='ocrx_word' id='word_1_718' title='bbox 981 2224 1072 2246; x_wconf 88' lang='lat' dir='ltr'><strong>torum</strong></span> <span class='ocrx_word' id='word_1_719' title='bbox 1104 2226 1164 2245; x_wconf 84' lang='lat' dir='ltr'><strong>sese</strong></span> <span class='ocrx_word' id='word_1_720' title='bbox 1191 2219 1318 2253; x_wconf 78' lang='lat' dir='ltr'><strong>conjecit.</strong></span> <span class='ocrx_word' id='word_1_721' title='bbox 1360 2219 1449 2251; x_wconf 89' lang='lat' dir='ltr'><strong>Tunc,</strong></span> <span class='ocrx_word' id='word_1_722' title='bbox 1480 2219 1515 2246; x_wconf 87' lang='lat' dir='ltr'><strong>ita</strong></span> <span class='ocrx_word' id='word_1_723' title='bbox 1543 2219 1692 2253; x_wconf 77' lang='lat' dir='ltr'><strong>impt‘rantc</strong></span> <span class='ocrx_word' id='word_1_724' title='bbox 1713 2218 1770 2249; x_wconf 90' lang='lat' dir='ltr'><strong>illo,</strong></span> 
     </span>
    </p>
   </div>
   <div class='ocr_carea' id='block_1_98' title="bbox 981 2264 1769 2300">
    <p class='ocr_par' dir='ltr' id='par_1_98' title="bbox 981 2264 1769 2300">
     <span class='ocr_line' id='line_1_98' title="bbox 981 2264 1769 2300; baseline 0 -10"><span class='ocrx_word' id='word_1_725' title='bbox 981 2265 1026 2300; x_wconf 88' lang='lat' dir='ltr'><strong>qui</strong></span> <span class='ocrx_word' id='word_1_726' title='bbox 1045 2265 1080 2291; x_wconf 91' lang='lat' dir='ltr'><strong>ibi</strong></span> <span class='ocrx_word' id='word_1_727' title='bbox 1098 2272 1159 2291; x_wconf 88' lang='lat' dir='ltr'><strong>cum</strong></span> <span class='ocrx_word' id='word_1_728' title='bbox 1185 2264 1300 2298; x_wconf 85' lang='lat' dir='ltr'><strong>imperio</strong></span> <span class='ocrx_word' id='word_1_729' title='bbox 1324 2265 1471 2296; x_wconf 87' lang='lat' dir='ltr'><strong>residebat,</strong></span> <span class='ocrx_word' id='word_1_730' title='bbox 1500 2272 1649 2299; x_wconf 84' lang='lat' dir='ltr'><strong>suspensus</strong></span> <span class='ocrx_word' id='word_1_731' title='bbox 1674 2268 1715 2291; x_wconf 85' lang='lat' dir='ltr'><strong>est</strong></span> <span class='ocrx_word' id='word_1_732' title='bbox 1743 2264 1769 2290; x_wconf 93' lang='lat' dir='ltr'><strong>in</strong></span> 
     </span>
    </p>
   </div>
   <div class='ocr_carea' id='block_1_99' title="bbox 983 2308 1771 2345">
    <p class='ocr_par' dir='ltr' id='par_1_99' title="bbox 983 2308 1771 2345">
     <span class='ocr_line' id='line_1_99' title="bbox 983 2308 1771 2345; baseline 0 -9"><span class='ocrx_word' id='word_1_733' title='bbox 983 2311 1066 2345; x_wconf 75' lang='lat' dir='ltr'><strong>ligno,</strong></span> <span class='ocrx_word' id='word_1_734' title='bbox 1083 2314 1223 2344; x_wconf 91' lang='lat' dir='ltr'><strong>totumque</strong></span> <span class='ocrx_word' id='word_1_735' title='bbox 1235 2310 1307 2337; x_wconf 88' lang='lat' dir='ltr'><strong>illius</strong></span> <span class='ocrx_word' id='word_1_736' title='bbox 1320 2317 1419 2345; x_wconf 88' lang='lat' dir='ltr'><strong>corpus</strong></span> <span class='ocrx_word' id='word_1_737' title='bbox 1431 2314 1473 2338; x_wconf 86' lang='lat' dir='ltr'><strong>est</strong></span> <span class='ocrx_word' id='word_1_738' title='bbox 1488 2310 1676 2337; x_wconf 84' lang='lat' dir='ltr'><strong>dilaceratum.</strong></span> <span class='ocrx_word' id='word_1_739' title='bbox 1693 2308 1771 2336; x_wconf 83' lang='lat' dir='ltr'><strong>Oculi</strong></span> 
     </span>
    </p>
   </div>
   <div class='ocr_carea' id='block_1_100' title="bbox 984 2355 1772 2391">
    <p class='ocr_par' dir='ltr' id='par_1_100' title="bbox 984 2355 1772 2391">
     <span class='ocr_line' id='line_1_100' title="bbox 984 2355 1772 2391; baseline -0.003 -8"><span class='ocrx_word' id='word_1_740' title='bbox 984 2357 1057 2383; x_wconf 85' lang='lat' dir='ltr'><strong>illius</strong></span> <span class='ocrx_word' id='word_1_741' title='bbox 1071 2356 1244 2386; x_wconf 80' lang='lat' dir='ltr'><strong>ellluxeruut.</strong></span> <span class='ocrx_word' id='word_1_742' title='bbox 1259 2361 1287 2383; x_wconf 91' lang='lat' dir='ltr'><strong>et</strong></span> <span class='ocrx_word' id='word_1_743' title='bbox 1311 2356 1442 2383; x_wconf 86' lang='lat' dir='ltr'><strong>interiora</strong></span> <span class='ocrx_word' id='word_1_744' title='bbox 1467 2356 1536 2391; x_wconf 86' lang='lat' dir='ltr'><strong>ejus,</strong></span> <span class='ocrx_word' id='word_1_745' title='bbox 1564 2355 1727 2390; x_wconf 87' lang='lat' dir='ltr'><strong>velutaqua,</strong></span> <span class='ocrx_word' id='word_1_746' title='bbox 1742 2359 1772 2382; x_wconf 92' lang='lat' dir='ltr'><strong>ut</strong></span> 
     </span>
    </p>
   </div>
   <div class='ocr_carea' id='block_1_101' title="bbox 984 2401 1770 2436">
    <p class='ocr_par' dir='ltr' id='par_1_101' title="bbox 984 2401 1770 2436">
     <span class='ocr_line' id='line_1_101' title="bbox 984 2401 1770 2436; baseline -0.003 -7"><span class='ocrx_word' id='word_1_747' title='bbox 984 2410 1044 2429; x_wconf 89' lang='lat' dir='ltr'><strong>cum</strong></span> <span class='ocrx_word' id='word_1_748' title='bbox 1059 2401 1159 2429; x_wconf 84' lang='lat' dir='ltr'><strong>Davide</strong></span> <span class='ocrx_word' id='word_1_749' title='bbox 1172 2402 1278 2436; x_wconf 85' lang='lat' dir='ltr'><strong>loquar,</strong></span> <span class='ocrx_word' id='word_1_750' title='bbox 1296 2401 1382 2429; x_wconf 83' lang='lat' dir='ltr'><strong>effusa</strong></span> <span class='ocrx_word' id='word_1_751' title='bbox 1392 2406 1466 2434; x_wconf 82' lang='lat' dir='ltr'><strong>sunt,</strong></span> <span class='ocrx_word' id='word_1_752' title='bbox 1476 2401 1565 2428; x_wconf 82' lang='lat' dir='ltr'><strong>omnis</strong></span> <span class='ocrx_word' id='word_1_753' title='bbox 1579 2409 1643 2428; x_wconf 85' lang='lat' dir='ltr'><strong>vero</strong></span> <span class='ocrx_word' id='word_1_754' title='bbox 1659 2401 1770 2428; x_wconf 78' lang='lat' dir='ltr'><strong>interior</strong></span> 
     </span>
    </p>
   </div>
   <div class='ocr_carea' id='block_1_102' title="bbox 984 2447 1769 2482">
    <p class='ocr_par' dir='ltr' id='par_1_102' title="bbox 984 2447 1769 2482">
     <span class='ocr_line' id='line_1_102' title="bbox 984 2447 1769 2482; baseline -0.001 -7"><span class='ocrx_word' id='word_1_755' title='bbox 984 2448 1069 2476; x_wconf 89' lang='lat' dir='ltr'><strong>forma</strong></span> <span class='ocrx_word' id='word_1_756' title='bbox 1105 2453 1132 2475; x_wconf 88' lang='lat' dir='ltr'><strong>et</strong></span> <span class='ocrx_word' id='word_1_757' title='bbox 1161 2448 1323 2482; x_wconf 89' lang='lat' dir='ltr'><strong>compositio</strong></span> <span class='ocrx_word' id='word_1_758' title='bbox 1371 2448 1515 2475; x_wconf 73' lang='lat' dir='ltr'><strong>dissoluta.</strong></span> <span class='ocrx_word' id='word_1_759' title='bbox 1553 2447 1651 2476; x_wconf 80' lang='lat' dir='ltr'><strong>Adhuc</strong></span> <span class='ocrx_word' id='word_1_760' title='bbox 1678 2452 1769 2475; x_wconf 85' lang='lat' dir='ltr'><strong>tamen</strong></span> 
     </span>
    </p>
   </div>
   <div class='ocr_carea' id='block_1_103' title="bbox 984 2493 1770 2529">
    <p class='ocr_par' dir='ltr' id='par_1_103' title="bbox 984 2493 1770 2529">
     <span class='ocr_line' id='line_1_103' title="bbox 984 2493 1770 2529; baseline 0 -9"><span class='ocrx_word' id='word_1_761' title='bbox 984 2494 1072 2520; x_wconf 89' lang='lat' dir='ltr'><strong>anima</strong></span> <span class='ocrx_word' id='word_1_762' title='bbox 1089 2494 1212 2529; x_wconf 78' lang='lat' dir='ltr'><strong>generosi</strong></span> <span class='ocrx_word' id='word_1_763' title='bbox 1240 2493 1313 2521; x_wconf 87' lang='lat' dir='ltr'><strong>illius</strong></span> <span class='ocrx_word' id='word_1_764' title='bbox 1343 2493 1370 2520; x_wconf 88' lang='lat' dir='ltr'><strong>in</strong></span> <span class='ocrx_word' id='word_1_765' title='bbox 1397 2501 1510 2528; x_wconf 89' lang='lat' dir='ltr'><strong>corpore</strong></span> <span class='ocrx_word' id='word_1_766' title='bbox 1539 2493 1720 2526; x_wconf 83' lang='lat' dir='ltr'><strong>detinebatur,</strong></span> <span class='ocrx_word' id='word_1_767' title='bbox 1743 2498 1770 2521; x_wconf 78' lang='lat' dir='ltr'><strong>et</strong></span> 
     </span>
    </p>
   </div>
   <div class='ocr_carea' id='block_1_104' title="bbox 984 2539 1769 2574">
    <p class='ocr_par' dir='ltr' id='par_1_104' title="bbox 984 2539 1769 2574">
     <span class='ocr_line' id='line_1_104' title="bbox 984 2539 1769 2574; baseline 0 -8"><span class='ocrx_word' id='word_1_768' title='bbox 984 2540 1085 2574; x_wconf 77' lang='lat' dir='ltr'><strong>lingua,</strong></span> <span class='ocrx_word' id='word_1_769' title='bbox 1102 2540 1273 2574; x_wconf 81' lang='lat' dir='ltr'><strong>quantumvis</strong></span> <span class='ocrx_word' id='word_1_770' title='bbox 1287 2539 1427 2567; x_wconf 81' lang='lat' dir='ltr'><strong>laboribus</strong></span> <span class='ocrx_word' id='word_1_771' title='bbox 1451 2545 1478 2567; x_wconf 85' lang='lat' dir='ltr'><strong>et</strong></span> <span class='ocrx_word' id='word_1_772' title='bbox 1498 2540 1648 2568; x_wconf 79' lang='lat' dir='ltr'><strong>excessivis</strong></span> <span class='ocrx_word' id='word_1_773' title='bbox 1666 2540 1769 2567; x_wconf 86' lang='lat' dir='ltr'><strong>dolori-</strong></span> 
     </span>
    </p>
   </div>
   <div class='ocr_carea' id='block_1_105' title="bbox 983 2585 1765 2621">
    <p class='ocr_par' dir='ltr' id='par_1_105' title="bbox 983 2585 1765 2621">
     <span class='ocr_line' id='line_1_105' title="bbox 983 2585 1765 2621; baseline 0 -9"><span class='ocrx_word' id='word_1_774' title='bbox 983 2585 1034 2612; x_wconf 81' lang='lat' dir='ltr'><strong>bus</strong></span> <span class='ocrx_word' id='word_1_775' title='bbox 1049 2586 1196 2615; x_wconf 85' lang='lat' dir='ltr'><strong>delassata.</strong></span> <span class='ocrx_word' id='word_1_776' title='bbox 1214 2585 1352 2613; x_wconf 82' lang='lat' dir='ltr'><strong>Christum</strong></span> <span class='ocrx_word' id='word_1_777' title='bbox 1363 2590 1453 2613; x_wconf 80' lang='lat' dir='ltr'><strong>tamen</strong></span> <span class='ocrx_word' id='word_1_778' title='bbox 1468 2586 1565 2613; x_wconf 85' lang='lat' dir='ltr'><strong>iterum</strong></span> <span class='ocrx_word' id='word_1_779' title='bbox 1590 2585 1765 2621; x_wconf 73' lang='lat' dir='ltr'><strong>przedicabat.</strong></span> 
     </span>
    </p>
   </div>
   <div class='ocr_carea' id='block_1_106' title="bbox 983 2631 1765 2666">
    <p class='ocr_par' dir='ltr' id='par_1_106' title="bbox 983 2631 1765 2666">
     <span class='ocr_line' id='line_1_106' title="bbox 983 2631 1765 2666; baseline 0 -8"><span class='ocrx_word' id='word_1_780' title='bbox 983 2632 1015 2658; x_wconf 83' lang='lat' dir='ltr'><strong>At</strong></span> <span class='ocrx_word' id='word_1_781' title='bbox 1033 2639 1097 2658; x_wconf 89' lang='lat' dir='ltr'><strong>vero</strong></span> <span class='ocrx_word' id='word_1_782' title='bbox 1118 2640 1179 2658; x_wconf 90' lang='lat' dir='ltr'><strong>cum</strong></span> <span class='ocrx_word' id='word_1_783' title='bbox 1205 2631 1311 2666; x_wconf 77' lang='lat' dir='ltr'><strong>profani</strong></span> <span class='ocrx_word' id='word_1_784' title='bbox 1347 2631 1385 2665; x_wconf 72' lang='lat' dir='ltr'><strong>illi</strong></span> <span class='ocrx_word' id='word_1_785' title='bbox 1407 2632 1594 2666; x_wconf 80' lang='lat' dir='ltr'><strong>immanesque</strong></span> <span class='ocrx_word' id='word_1_786' title='bbox 1627 2632 1765 2663; x_wconf 80' lang='lat' dir='ltr'><strong>satellites,</strong></span> 
     </span>
    </p>
   </div>
   <div class='ocr_carea' id='block_1_107' title="bbox 982 2675 1766 2712">
    <p class='ocr_par' dir='ltr' id='par_1_107' title="bbox 982 2675 1766 2712">
     <span class='ocr_line' id='line_1_107' title="bbox 982 2675 1766 2712; baseline -0.003 -9"><span class='ocrx_word' id='word_1_787' title='bbox 982 2677 1092 2704; x_wconf 93' lang='lat' dir='ltr'><strong>illumin</strong></span> <span class='ocrx_word' id='word_1_788' title='bbox 1104 2683 1157 2704; x_wconf 89' lang='lat' dir='ltr'><strong>tam</strong></span> <span class='ocrx_word' id='word_1_789' title='bbox 1175 2678 1286 2710; x_wconf 87' lang='lat' dir='ltr'><strong>misero,</strong></span> <span class='ocrx_word' id='word_1_790' title='bbox 1302 2682 1382 2712; x_wconf 89' lang='lat' dir='ltr'><strong>prout</strong></span> <span class='ocrx_word' id='word_1_791' title='bbox 1394 2677 1461 2712; x_wconf 84' lang='lat' dir='ltr'><strong>ipsis</strong></span> <span class='ocrx_word' id='word_1_792' title='bbox 1472 2678 1623 2709; x_wconf 84' lang='lat' dir='ltr'><strong>videbatur,</strong></span> <span class='ocrx_word' id='word_1_793' title='bbox 1641 2680 1711 2703; x_wconf 85' lang='lat' dir='ltr'><strong>statu</strong></span> <span class='ocrx_word' id='word_1_794' title='bbox 1725 2675 1766 2702; x_wconf 86' lang='lat' dir='ltr'><strong>in-</strong></span> 
     </span>
    </p>
   </div>
   <div class='ocr_carea' id='block_1_108' title="bbox 983 2721 1763 2759">
    <p class='ocr_par' dir='ltr' id='par_1_108' title="bbox 983 2721 1763 2759">
     <span class='ocr_line' id='line_1_108' title="bbox 983 2721 1763 2759; baseline -0.006 -8"><span class='ocrx_word' id='word_1_795' title='bbox 983 2723 1051 2751; x_wconf 90' lang='lat' dir='ltr'><strong>tueri</strong></span> <span class='ocrx_word' id='word_1_796' title='bbox 1064 2731 1116 2751; x_wconf 91' lang='lat' dir='ltr'><strong>non</strong></span> <span class='ocrx_word' id='word_1_797' title='bbox 1134 2724 1310 2758; x_wconf 75' lang='lat' dir='ltr'><strong>sustinerent,</strong></span> <span class='ocrx_word' id='word_1_798' title='bbox 1332 2724 1513 2759; x_wconf 83' lang='lat' dir='ltr'><strong>undequaque</strong></span> <span class='ocrx_word' id='word_1_799' title='bbox 1527 2731 1590 2751; x_wconf 90' lang='lat' dir='ltr'><strong>eum</strong></span> <span class='ocrx_word' id='word_1_800' title='bbox 1614 2721 1763 2756; x_wconf 79' lang='lat' dir='ltr'><strong>configunt,</strong></span> 
     </span>
    </p>
   </div>
   <div class='ocr_carea' id='block_1_109' title="bbox 141 2769 1763 2812">
    <p class='ocr_par' dir='ltr' id='par_1_109' title="bbox 141 2769 1763 2812">
     <span class='ocr_line' id='line_1_109' title="bbox 141 2769 1763 2812; baseline -0.004 -12"><span class='ocrx_word' id='word_1_801' title='bbox 141 2778 169 2800; x_wconf 86' lang='lat' dir='ltr'><strong>et</strong></span> <span class='ocrx_word' id='word_1_802' title='bbox 184 2781 315 2807; x_wconf 69' lang='lat' dir='ltr'><strong>magnum</strong></span> <span class='ocrx_word' id='word_1_803' title='bbox 340 2777 501 2807; x_wconf 81' lang='lat' dir='ltr'><strong>vastumque</strong></span> <span class='ocrx_word' id='word_1_804' title='bbox 517 2772 632 2807; x_wconf 84' lang='lat' dir='ltr'><strong>lapidem</strong></span> <span class='ocrx_word' id='word_1_805' title='bbox 650 2773 814 2812; x_wconf 70' lang='lat' dir='ltr'><strong>attollentes.</strong></span> <span class='ocrx_word' id='word_1_806' title='bbox 845 2780 928 2807; x_wconf 85' lang='lat' dir='ltr'><strong>super</strong></span> <span class='ocrx_word' id='word_1_807' title='bbox 945 2777 1023 2806; x_wconf 87' lang='lat' dir='ltr'><strong>caput</strong></span> <span class='ocrx_word' id='word_1_808' title='bbox 1042 2771 1116 2799; x_wconf 88' lang='lat' dir='ltr'><strong>illius</strong></span> <span class='ocrx_word' id='word_1_809' title='bbox 1144 2772 1321 2805; x_wconf 88' lang='lat' dir='ltr'><strong>demiserunt,</strong></span> <span class='ocrx_word' id='word_1_810' title='bbox 1336 2772 1410 2807; x_wconf 90' lang='lat' dir='ltr'><strong>quod</strong></span> <span class='ocrx_word' id='word_1_811' title='bbox 1426 2771 1519 2800; x_wconf 66' lang='lat' dir='ltr'><strong>statim</strong></span> <span class='ocrx_word' id='word_1_812' title='bbox 1546 2771 1572 2798; x_wconf 90' lang='lat' dir='ltr'><strong>in</strong></span> <span class='ocrx_word' id='word_1_813' title='bbox 1590 2769 1675 2796; x_wconf 88' lang='lat' dir='ltr'><strong>frusta</strong></span> <span class='ocrx_word' id='word_1_814' title='bbox 1688 2775 1763 2795; x_wconf 86' lang='lat' dir='ltr'><strong>com-</strong></span> 
     </span>
    </p>
   </div>
   <div class='ocr_carea' id='block_1_110' title="bbox 142 2817 1219 2854">
    <p class='ocr_par' dir='ltr' id='par_1_110' title="bbox 142 2817 1219 2854">
     <span class='ocr_line' id='line_1_110' title="bbox 142 2817 1219 2854; baseline -0.002 -9"><span class='ocrx_word' id='word_1_815' title='bbox 142 2819 278 2845; x_wconf 84' lang='lat' dir='ltr'><strong>minutum</strong></span> <span class='ocrx_word' id='word_1_816' title='bbox 299 2822 360 2851; x_wconf 86' lang='lat' dir='ltr'><strong>est;</strong></span> <span class='ocrx_word' id='word_1_817' title='bbox 374 2817 465 2845; x_wconf 73' lang='lat' dir='ltr'><strong>anima</strong></span> <span class='ocrx_word' id='word_1_818' title='bbox 475 2825 540 2845; x_wconf 85' lang='lat' dir='ltr'><strong>vero</strong></span> <span class='ocrx_word' id='word_1_819' title='bbox 557 2818 602 2845; x_wconf 86' lang='lat' dir='ltr'><strong>illa</strong></span> <span class='ocrx_word' id='word_1_820' title='bbox 621 2817 698 2845; x_wconf 88' lang='lat' dir='ltr'><strong>fortis</strong></span> <span class='ocrx_word' id='word_1_821' title='bbox 722 2822 803 2852; x_wconf 85' lang='lat' dir='ltr'><strong>atque</strong></span> <span class='ocrx_word' id='word_1_822' title='bbox 829 2818 928 2845; x_wconf 85' lang='lat' dir='ltr'><strong>invicta</strong></span> <span class='ocrx_word' id='word_1_823' title='bbox 948 2819 980 2845; x_wconf 87' lang='lat' dir='ltr'><strong>ad</strong></span> <span class='ocrx_word' id='word_1_824' title='bbox 994 2817 1078 2844; x_wconf 82' lang='lat' dir='ltr'><strong>Deum</strong></span> <span class='ocrx_word' id='word_1_825' title='bbox 1093 2817 1219 2854; x_wconf 86' lang='lat' dir='ltr'><strong>evolavit.</strong></span> 
     </span>
    </p>
   </div>
   <div class='ocr_carea' id='block_1_111' title="bbox 176 2863 924 2900">
    <p class='ocr_par' dir='ltr' id='par_1_111' title="bbox 176 2863 924 2900">
     <span class='ocr_line' id='line_1_111' title="bbox 176 2863 924 2900; baseline 0.003 -10"><span class='ocrx_word' id='word_1_826' title='bbox 176 2863 229 2890; x_wconf 86' lang='grc' dir='ltr'>κα⁷.</span> <span class='ocrx_word' id='word_1_827' title='bbox 245 2864 336 2890; x_wconf 87' lang='grc' dir='ltr'>Ταῦτα</span> <span class='ocrx_word' id='word_1_828' title='bbox 349 2864 383 2890; x_wconf 86' lang='grc' dir='ltr'>τὰ</span> <span class='ocrx_word' id='word_1_829' title='bbox 395 2864 521 2899; x_wconf 81' lang='grc' dir='ltr'>πάρεργα</span> <span class='ocrx_word' id='word_1_830' title='bbox 533 2865 629 2899; x_wconf 80' lang='grc' dir='ltr'>γέγονε</span> <span class='ocrx_word' id='word_1_831' title='bbox 638 2864 677 2900; x_wconf 82' lang='grc' dir='ltr'>τῷ</span> <span class='ocrx_word' id='word_1_832' title='bbox 691 2865 844 2900; x_wconf 76' lang='grc' dir='ltr'>ύπερμάχῳ</span> <span class='ocrx_word' id='word_1_833' title='bbox 858 2865 924 2900; x_wconf 86' lang='grc' dir='ltr'>Χρι-</span> 
     </span>
    </p>
   </div>
   <div class='ocr_carea' id='block_1_112' title="bbox 143 2907 918 2947">
    <p class='ocr_par' dir='ltr' id='par_1_112' title="bbox 143 2907 918 2947">
     <span class='ocr_line' id='line_1_112' title="bbox 143 2907 918 2947; baseline -0.001 -10"><span class='ocrx_word' id='word_1_834' title='bbox 143 2911 205 2938; x_wconf 79' lang='grc' dir='ltr'>στοῦ</span> <span class='ocrx_word' id='word_1_835' title='bbox 227 2912 325 2946; x_wconf 76' lang='grc' dir='ltr'>Ἰωσήφ</span> <span class='ocrx_word' id='word_1_836' title='bbox 337 2918 343 2925; x_wconf 90' lang='grc'><strong>·</strong></span> <span class='ocrx_word' id='word_1_837' title='bbox 355 2907 430 2942; x_wconf 76' lang='grc' dir='ltr'>οὗτος</span> <span class='ocrx_word' id='word_1_838' title='bbox 447 2911 476 2938; x_wconf 76' lang='grc' dir='ltr'>ὲν</span> <span class='ocrx_word' id='word_1_839' title='bbox 493 2911 588 2947; x_wconf 84' lang='grc' dir='ltr'>Κρήτῃ</span> <span class='ocrx_word' id='word_1_840' title='bbox 600 2910 647 2937; x_wconf 85' lang='grc' dir='ltr'><strong>τοῦ</strong></span> <span class='ocrx_word' id='word_1_841' title='bbox 667 2910 790 2942; x_wconf 82' lang='grc' dir='ltr'>γενναίου</span> <span class='ocrx_word' id='word_1_842' title='bbox 811 2910 918 2946; x_wconf 78' lang='grc' dir='ltr'>διάδρο-</span> 
     </span>
    </p>
   </div>
   <div class='ocr_carea' id='block_1_113' title="bbox 1011 2861 1760 2898">
    <p class='ocr_par' dir='ltr' id='par_1_113' title="bbox 1011 2861 1760 2898">
     <span class='ocr_line' id='line_1_113' title="bbox 1011 2861 1760 2898; baseline -0.005 -7"><span class='ocrx_word' id='word_1_843' title='bbox 1011 2864 1055 2891; x_wconf 79' lang='grc'><strong>21.</strong></span> <span class='ocrx_word' id='word_1_844' title='bbox 1075 2863 1135 2891; x_wconf 58' lang='lat' dir='ltr'><strong>Haec</strong></span> <span class='ocrx_word' id='word_1_845' title='bbox 1149 2868 1213 2891; x_wconf 87' lang='lat' dir='ltr'><strong>sunt</strong></span> <span class='ocrx_word' id='word_1_846' title='bbox 1225 2871 1284 2898; x_wconf 58' lang='lat' dir='ltr'><strong>qua:</strong></span> <span class='ocrx_word' id='word_1_847' title='bbox 1293 2863 1374 2891; x_wconf 92' lang='lat' dir='ltr'><strong>veluti</strong></span> <span class='ocrx_word' id='word_1_848' title='bbox 1384 2861 1573 2898; x_wconf 82' lang='lat' dir='ltr'><strong>perfunctorie.</strong></span> <span class='ocrx_word' id='word_1_849' title='bbox 1587 2867 1618 2887; x_wconf 89' lang='lat' dir='ltr'><strong>ac</strong></span> <span class='ocrx_word' id='word_1_850' title='bbox 1628 2867 1675 2895; x_wconf 86' lang='lat' dir='ltr'><strong>per</strong></span> <span class='ocrx_word' id='word_1_851' title='bbox 1685 2866 1760 2888; x_wconf 85' lang='lat' dir='ltr'><strong>tran-</strong></span> 
     </span>
    </p>
   </div>
   <div class='ocr_carea' id='block_1_114' title="bbox 973 2907 1760 2946">
    <p class='ocr_par' dir='ltr' id='par_1_114' title="bbox 973 2907 1760 2946">
     <span class='ocr_line' id='line_1_114' title="bbox 973 2907 1760 2946; baseline -0.004 -8"><span class='ocrx_word' id='word_1_852' title='bbox 973 2917 1085 2938; x_wconf 85' lang='lat' dir='ltr'><strong>sennam</strong></span> <span class='ocrx_word' id='word_1_853' title='bbox 1110 2915 1297 2946; x_wconf 76' lang='lat' dir='ltr'><strong>propugnator</strong></span> <span class='ocrx_word' id='word_1_854' title='bbox 1322 2909 1424 2937; x_wconf 86' lang='lat' dir='ltr'><strong>Christi</strong></span> <span class='ocrx_word' id='word_1_855' title='bbox 1448 2907 1548 2943; x_wconf 79' lang='lat' dir='ltr'><strong>Joscph</strong></span> <span class='ocrx_word' id='word_1_856' title='bbox 1565 2907 1690 2942; x_wconf 67' lang='lat' dir='ltr'><strong>peregit:</strong></span> <span class='ocrx_word' id='word_1_857' title='bbox 1713 2907 1760 2936; x_wconf 88' lang='lat' dir='ltr'><strong>hic</strong></span> 
     </span>
    </p>
   </div>
  </div>
