2077 3157
271 176 331 213 ’959

826 180 856 210 S.
877 179 1035 211 JOSEPHl
1056 178 1340 210 HYMNOGRAPHI

1856 176 1910 209 960

276 235 329 264 fuit
345 235 471 271 generosi
483 233 566 270 hujus
577 241 626 270 per
634 233 793 262 Cretensem
810 235 948 270 regionem
957 235 1067 262 discur-
1082 262 1085 269 ,

1135 244 1173 267 to;
1182 242 1189 250 ·
1203 234 1325 261 τοιοῦτον
1335 233 1365 261 τδ
1378 233 1550 269 καλλιέρημα
1562 232 1576 260 ὸ
1586 232 1759 269 αἰχμάλωτος
1771 232 1812 268 τῷ
1824 218 1919 265 οὕτοῆ

278 290 337 311 sus.
350 281 511 317 llujusmodi
525 281 676 314 victimam,
685 288 747 308 cum
757 280 880 314 captivus
889 281 1070 314 detineretur,

278 326 345 360 Deo,
353 327 400 361 qui
415 326 451 353 ita
461 333 504 354 res
516 333 580 354 suas
590 326 765 361 disponebat,
780 326 970 359 consecravit,
986 333 1018 353 ac
1031 325 1072 354 fe-

280 373 368 400 liciter
380 377 470 399 votum
484 380 565 400 suum
574 377 719 400 assecutus
732 376 784 405 est,
796 372 975 407 animumque
985 372 1072 399 hone-

278 419 356 446 Italis
375 418 494 446 amicum
512 418 640 453 explevit.
663 417 731 446 Nam
746 418 809 446 licet
825 423 899 446 esset
915 418 942 446 in
960 418 1070 451 exsilio,

279 469 360 499 atque
373 465 400 492 iu
417 473 535 497 carcere,
553 464 673 499 linguam
689 468 781 492 tamen
793 465 906 492 liberam
922 464 955 492 ad
973 464 1072 499 praedi-

278 511 394 538 candam
431 511 559 545 pietatem
591 518 623 538 ac
634 510 793 545 religionem
827 517 936 546 semper
962 509 1068 538 habuit.

279 554 420 582 Pressuris
429 555 650 590 angustiabatur,
659 560 686 582 et
692 554 748 582 Deo
759 559 894 591 martyres
904 555 1073 583 transmitte-

281 599 328 627 bat
341 608 348 627 :
369 600 474 628 catenis
487 600 665 634 gravabatur,
679 605 706 628 et
722 600 826 633 multos
838 608 854 628 a
869 599 962 629 sicarii
973 599 1070 628 Tarta-

282 645 320 672 rei
335 646 462 673 manibus
474 646 615 673 liberabat.

315 691 363 718 21.
382 691 434 718 Sed
450 691 605 727 qualisnam
632 691 714 720 fuerit
731 692 804 720 illius
814 692 848 719 ad
862 692 958 720 urbem
970 691 1087 727 regiam‘

282 744 427 771 regressus
441 745 624 772 exponamus.
635 737 694 765 Nox
709 738 753 765 illa
771 742 840 769 erat,
860 738 887 765 in
903 745 957 773 qua
971 737 1073 766 Christi

282 783 407 810 Natalitia
428 783 570 811 consuevit
583 784 705 811 Ecclesia
733 785 881 812 celebrare.
904 784 1070 820 .Iosephau-

283 834 336 856 tem
349 836 411 856 cum
429 829 511 864 pedes
529 830 710 864 compedibus
739 831 954 862 constrictos,et
973 830 1074 858 collum

282 875 388 902 catenis
400 880 542 910 gravatum
555 876 680 908 haberet,
693 880 776 903 totam
788 876 860 904 illam
874 882 980 904 noctem
993 876 1020 903 iu
1030 876 1073 903 di-

283 920 355 948 vinis
365 920 494 948 laudibus
510 921 691 948 conciueudis
705 921 754 952 illi.
776 921 823 956 qui
840 926 950 956 propter
964 929 1014 949 nos
1037 921 1074 949 si-
1092 914 1112 942 Β

285 966 357 993 milis
379 965 645 994 nobisinell'abiliter
664 967 815 1000 lactusest,
841 967 987 1001 transegit;
1010 975 1076 1002 pro-

284 1011 363 1039 duxit
379 1016 468 1039 autem
485 1020 579 1040 sacros
591 1012 706 1048 hymnos
720 1021 807 1048 usque
817 1013 852 1041 ad
867 1014 931 1050 galli
941 1019 1054 1042 cautum
1067 1023 1075 1048 ;

286 1065 349 1085 cum
366 1065 431 1086 ecce
445 1058 537 1086 subito
549 1059 661 1093 quidam
682 1067 769 1088 canus
794 1060 928 1094 crinibus,
948 1061 1077 1089 sacerdo-

286 1104 333 1131 tali
350 1109 424 1132 veste
450 1104 573 1138 indutus,
600 1106 715 1140 gratiam
732 1106 806 1133 vultu
827 1106 990 1134 emicantem
1021 1115 1078 1142 prae

288 1159 317 1178 sc
336 1150 437 1184 ferens,
453 1151 489 1178 illi
506 1153 642 1186 apparuit,
659 1159 777 1186 cumque
790 1152 826 1179 ita
851 1152 986 1181 allocutus
1013 1158 1055 1181 est
1070 1162 1077 1181 ι

291 1204 301 1221 α
316 1195 407 1229 Nuper
418 1203 451 1224 ex
467 1196 584 1233 Myrensi
603 1197 972 1233 Lyciaecivitatediseedens,
1002 1199 1035 1226 ad
1054 1204 1080 1227 te

289 1246 316 1269 et
330 1242 364 1269 ad
391 1247 463 1269 tuam
479 1243 640 1270 charitatem
661 1243 776 1276 deveni;
792 1243 850 1276 Dei,
872 1249 984 1279 propter
999 1252 1080 1280 quem

288 1287 397 1315 laboras
409 1296 440 1315 ac
453 1288 588 1322 deccrtas,
598 1289 770 1317 velocissima
790 1294 903 1325 urgente
929 1290 1079 1318 celeritate.

288 1334 410 1369 Apporto
424 1339 513 1362 autent
527 1335 574 1362 tibi
586 1341 662 1371 grata
688 1343 721 1363 ac
743 1336 839 1364 festiva
871 1338 967 1364 nuntia
985 1346 991 1365 :
1026 1337 1080 1370 illc,

290 1380 338 1415 qui
355 1381 503 1408 Eeclesiaur
521 1381 568 1408 Dei
583 1382 748 1416 exagitabat,
777 1387 804 1410 ct
816 1390 881 1410 Oves
896 1382 1082 1410 Christidila—

292 1428 369 1454 niare
395 1427 613 1463 aggredicbatur,
645 1429 760 1463 imperio
789 1429 924 1464 privatus,
951 1435 1080 1464 tauquam

290 1473 467 1501 exsecrabilis
481 1481 513 1501 ac
527 1474 714 1507 detestaudns,
739 1474 837 1502 futuris
848 1475 959 1510 jndiciis
970 1476 996 1502 in
1011 1475 1082 1503 diem

292 1519 479 1552 revelatiouis,
493 1520 724 1555 quemadmodqu
738 1521 841 1548 Paulus
866 1521 1016 1556 loquitur“,
1040 1530 1083 1549 re-

293 1569 419 1592 urvatus
434 1570 485 1593 est.
507 1564 544 1592 Te
561 1571 651 1592 autem
665 1572 773 1602 oportet
788 1567 814 1594 in
828 1567 929 1601 regiam
944 1566 1082 1594 civitatem
1097 1583 1118 1610 ο

294 1612 471 1644 conten-dere,
489 1612 673 1640 utcoulirmes
687 1612 820 1647 plurimos
832 1613 918 1648 gratia
931 1612 979 1640 tibi
993 1622 1007 1639 ιι
1020 1613 1083 1648 Spi-

295 1658 349 1684 ritu
369 1663 464 1685 suncto
475 1665 616 1685 concessa.
633 1657 686 1685 Sed
699 1659 775 1693 prius
790 1659 884 1693 accipe
903 1659 954 1686 hoc
976 1659 1083 1694 capitu~

294 1701 361 1735 ium,
377 1707 403 1730 et
418 1704 531 1731 comede
549 1704 643 1731 illud.»
659 1703 810 1732 Videbatur
820 1709 911 1732 autem
933 1705 1033 1733 habere
1058 1706 1084 1733 in

296 1748 408 1776 dextera
421 1749 550 1784 exiguum
564 1750 710 1784 quemdam
727 1749 861 1777 libellum.
876 1749 926 1778 llic
944 1758 1009 1778 vero
1017 1751 1086 1779 scri-

296 1799 382 1829 ptura:
406 1796 515 1830 quidem
543 1795 618 1824 illius
646 1800 790 1824 venustate
820 1796 1029 1825 delectabatur:
1054 1806 1086 1826 ea

296 1849 372 1875 vero,
384 1850 445 1878 qure
459 1842 497 1870 ibi
513 1843 615 1877 scripta
623 1848 713 1876 erant,
730 1843 853 1871 interiori
866 1844 965 1871 animas
976 1848 1088 1879 gutture

297 1887 461 1915 suavissime
476 1888 620 1915 recitabat.
635 1888 819 1916 Erautantem
832 1889 859 1916 in
874 1889 1009 1916 eolibello
1020 1889 1088 1917 scri-

298 1939 343 1967 pla
358 1934 415 1962 hac
428 1934 529 1962 verba:
547 1943 556 1960 ι
574 1934 704 1962 Accelera
728 1938 861 1969 tanquam
880 1935 1049 1968 misericors,
1062 1940 1090 1962 et

298 1978 396 2007 festina
410 1985 539 2014 tanquam
553 1980 696 2008 miserator
709 1979 735 2007 iu
760 1980 928 2015 adjutorintn
945 1987 1088 2008 nostrum:

299 2030 375 2060 potes
387 2026 472 2058 enim,
485 2026 507 2053 si
521 2025 572 2053 vis.
593 2035 601 2052 ι
618 2026 652 2053 Et
663 2026 708 2053 ubi
725 2026 820 2061 jussus
835 2034 851 2053 a
864 2026 957 2054 divino
969 2027 1015 2055 illo
1032 2028 1090 2055 viro

298 2071 444 2100 cecinith
457 2072 513 2099 haec
528 2080 592 2099 cum
606 2080 714 2100 summa
733 2072 879 2100 dulcedine
893 2080 926 2100 ac
945 2073 1090 2106 suavitate,

301 2119 409 2153 aspexit
439 2119 559 2153 sripsum
576 2126 591 2145 a
618 2118 798 2153 compedibus
822 2118 1092 2147 solutumzcateuas

299 2172 376 2197 vero,
390 2165 491 2200 quibus
503 2165 604 2192 collum
618 2165 758 2200 alligatum
774 2169 843 2198 erat,
855 2169 918 2192 ante
931 2165 1013 2200 pedes
1028 2172 1093 2193 suos

299 2210 432 2246 iacentes,
460 2216 487 2238 et
505 2211 609 2238 audivit
635 2211 712 2238 illum
736 2210 870 2238 dicentem
894 2219 926 2238 ιι
971 2211 1093 2245 Sequere

303 2264 357 2285 me.
373 2266 382 2282 ι
394 2257 438 2288 Ει,
450 2266 467 2285 o
479 2257 639 2285 miraculum
653 2258 660 2284 l
673 2265 690 2285 ο
703 2258 797 2286 auxilii
813 2258 997 2286 celeritateml
1011 2266 1028 2285 ο
1044 2258 1091 2286 Dei
1108 2252 1130 2280 θ

303 2303 424 2340 prodigia
438 2304 584 2331 ineﬂabilia
604 2309 686 2340 atque
701 2305 876 2333 admiranda!
892 2305 1040 2333 invisibilis
1053 2305 1093 2333 νίς

303 2350 419 2377 debatur
442 2350 573 2379 intactum
591 2359 681 2379 aerem
699 2351 848 2384 dissecare,
867 2356 896 2380 et
910 2352 983 2380 celer
1003 2352 1092 2380 instar

305 2395 369 2422 Euri
387 2396 420 2424 ad
437 2398 559 2424 omnium
577 2398 725 2425 maximam
738 2398 876 2426 civitatem
899 2405 1011 2426 cursum
1027 2397 1094 2425 diri.

306 2449 379 2476 gere.
393 2441 587 2477 Hujuscemodi
611 2444 663 2472 alis
679 2444 753 2471 novit
770 2443 841 2472 Deus
864 2443 982 2472 feliciter
1009 2444 1095 2472 dedu-

306 2494 378 2519 cere,
393 2487 440 2522 qui
456 2496 503 2516 eor
517 2496 597 2516 suum
608 2489 640 2516 ad
653 2489 728 2517 illum
745 2489 850 2517 faciunt
864 2490 986 2518 evolare.

341 2533 387 2561 25.
404 2533 460 2562 Hoc
471 2541 538 2562 sane
553 2535 714 2563 miraculum
725 2536 758 2564 ad
774 2536 858 2563 Deum
871 2536 981 2572 hymnis
990 2536 1079 2564 collau
1089 2550 1097 2556 -

307 2579 428 2607 dandum
442 2579 542 2616 Ioseph
557 2581 699 2615 incitabat;
720 2582 785 2610 illud
809 2590 873 2610 vero
898 2583 971 2617 quod
1000 2582 1102 2610 deinde

308 2627 418 2660 accidit,
445 2627 479 2655 ad
495 2628 629 2664 lacrymas
654 2633 681 2657 et
696 2628 775 2659 ﬂetus
808 2628 946 2656 excitavit.
968 2627 1096 2656 Nondum

309 2673 382 2701 enim
399 2673 434 2702 ab
444 2674 581 2707 omnibus,
598 2674 644 2710 qui
655 2682 718 2701 eum
743 2674 873 2702 amabant
896 2681 929 2701 ac
958 2673 1097 2701 desidera—

309 2719 386 2754 bant,
402 2726 565 2757 conspectus
578 2721 677 2754 fuerat,
695 2728 758 2748 cum
771 2719 1014 2753 audivit,diviuurn
1032 2718 1094 2747 Gre-

310 2768 427 2802 gorium,
451 2776 626 2798 communem
649 2768 772 2796 omnium
799 2767 1027 2798 consolationem,
1052 2766 1099 2801 qui

312 2822 438 2843 verarum
454 2815 638 2844 Ecclesiarum
646 2822 694 2844 ore
700 2815 901 2850 celebrabatur,
910 2819 937 2844 et
946 2814 1099 2843 animatqu

347 2906 357 2920 ³
366 2905 446 2933 ltum.
463 2914 480 2933 ιι
490 2927 496 2940 ,
506 2906 550 2934 23.

1122 280 1310 315 οἰκονομοῦντι
1325 280 1360 306 τὰ
1374 281 1436 306 κατ’
1451 279 1534 307 αὐτὸν
1548 279 1608 314 Θεῷ
1619 279 1784 314 ἀφιέρωσιν.
1805 279 1873 305 ’Υπέ
1879 288 1909 314 ρ-

1123 333 1188 360 ευγε
1202 325 1252 361 τῆς
1274 323 1402 359 γνώμηςι
1420 324 1557 359 ὑπέρευγε
1571 324 1621 358 τῆς
1636 323 1785 358 φιλοκάλου
1804 322 1908 358 ψυχῆςί

1122 371 1164 398 ὅτι
1180 371 1228 398 καὶ
1252 371 1282 398 ἐν
1297 369 1433 406 ὑπερορίᾳ
1453 371 1501 397 καὶ
1525 371 1556 396 ὲν
1573 370 1681 405 φρουρᾷ
1703 369 1833 404 ἀσίγητον
1853 367 1910 403 εἶχε

1122 416 1172 452 τὴν
1188 416 1326 451 γλῶσσαν,
1341 415 1411 450 μετά
1424 415 1582 452 παρρησίας
1604 414 1846 451 ἀνακηρύττουσαν
1863 415 1911 449 τὴν

1123 462 1277 490 εὐσέϐειαν.
1305 462 1534 497 Ἐστενοχωρεῐτο.
1554 461 1616 492 ταῖς
1639 460 1758 495 θλίψισι,
1783 460 1830 486 καὶ
1852 459 1912 495 Θεῷ

1123 509 1284 544 προσήγαγε
1302 508 1463 544 μάρτυρας)
1483 506 1632 543 ιὸαρύνετο
1646 507 1704 539 τοῖς
1721 506 1853 541 δισμοϊς,.
1863 505 1913 532 καὶ

1123 553 1238 586 πολλοὺς
1250 553 1400 589 erme
1408 552 1525 581 τῶνιτοῦ
1538 552 1710 588 παλαμναίου
1722 551 1834 588 χειρῶν-

1162 699 1215 735 κβ’.
1231 698 1303 726 Ἀλλ’
1317 698 1360 726 οἵα
1370 698 1417 726 καὶ
1434 699 1451 734 ἡ
1468 697 1551 725 αὖτοῦ
1573 697 1654 725 πάλιν
1678 697 1747 734 πρὸς
1761 697 1811 734 τὴν
1833 697 1912 732 βασι-

1124 745 1256 773 λεύουσαν
1274 745 1472 778 ἑπανάζευξις;
1497 745 1529 771 'H
1543 744 1591 778 νὺξ
1609 744 1702 780 παρῆν
1721 745 1765 771 ὅτε
1792 744 1844 778 τὴν
1858 743 1914 770 τῶν

1124 792 1269 827 γενεθλίων
1281 792 1329 819 τοῦ
1339 791 1580 827 Χριστοῦ-ἡμέραν
1593 792 1609 826 ἡ
1629 790 1777 825 Ἐκκλησία
1795 789 1914 818 εἴθισται

1124 839 1210 865 τελεῖν
1221 837 1299 865 *ὁδὶ
1324 837 1371 864 καὶ
1389 836 1460 872 ξύλῳ
1482 836 1528 863 τὸν
1540 836 1609 863 πόδα
1631 835 1837 870 ἑκπιεζὸμενος,
1865 835 1914 861 καὶ

1124 885 1181 915 τοῖς
1194 883 1295 915 κλοιοῖς
1305 883 1351 910 τὸν
1364 882 1500 918 τράχηλον
1520 882 1800 916 κατακαμπτόμενος,
1812 879 1915 907 παννύ-

1127 937 1185 964 χιον
1196 929 1322 955 ἀπετέλει
1331 928 1381 964 τὴν
1394 928 1541 964 ὑμνῳδίαν,
1558 927 1605 954 καὶ
1627 926 1666 962 τῷ
1683 927 1717 953 δι’
1745 927 1819 961 ἡμᾶς
1845 925 1916 960 ὑπὲρ

1128 975 1206 1009 λόγον
1221 975 1282 1002 καθ’
1292 975 1366 1010 ἡμᾶς
1380 974 1492 1009 ὀφθέντι
1503 972 1614 1009 Χριστῷ
1634 972 1821 1008 παρετείνετο,
1834 972 1918 1007 μέχρι

1129 1022 1176 1048 καὶ
1191 1021 1378 1055 ἀλεκτρυόνων
1393 1019 1480 1056 ᾠδῶν.
1496 1020 1551 1046 Καὶ
1563 1020 1596 1055 δὴ
1621 1018 1765 1053 ἐφίσταταί
1780 1027 1821 1049 τις
1841 1017 1916 1052 ὑπὲρ

1130 1067 1217 1103 [ὕπαρ
1227 1066 1251 1102 2]
1264 1066 1362 1101 ἀθρόον
1373 1086 1381 1100 ,
1394 1065 1486 1097 πολιὸς
1501 1064 1550 1100 τὴν
1564 1064 1656 1100 τρίχα,
1673 1063 1842 1098 ἱεροπρεπὴς
1866 1062 1917 1097 τὴν

1130 1112 1243 1148 ἐσθῆτα,
1268 1111 1472 1146 ἀγλαῐζομένην
1486 1111 1526 1145 τῷ
1540 1110 1680 1146 προσώπῳ
1694 1110 1776 1145 χάριν
1788 1107 1919 1143 ἐπιφερό-

1132 1166 1224 1194 μενος,
1240 1157 1363 1192 καὶπρὸς
1373 1157 1455 1183 αὑτὸν
1465 1157 1528 1191 ἄρτι
1543 1155 1643 1191 φησιν’
1657 1164 1667 1181 ι
1689 1155 1736 1181 Ἐκ
1751 1154 1854 1188 Μύρων
1867 1152 1918 1186 τῆς

1131 1203 1235 1234 Λυκίας
1245 1203 1365 1238 ἀπάρας,
1385 1202 1454 1238 πρὸς
1468 1202 1498 1228 σὲ
1511 1201 1557 1228 καὶ
1576 1202 1625 1237 τὴν
1645 1202 1695 1236 σὴν
1708 1201 1819 1236 ἀγάπην
1829 1199 1918 1234 ἀπην-

1132 1255 1212 1281 τησα,
1223 1246 1290 1273 Θεοῦ
1304 1246 1338 1273 δι’
1353 1247 1382 1272 ὃν
1390 1246 1510 1278 ὲναϐλεῖς
1518 1245 1631 1281 ὰπτέρὶρ
1644 1247 1722 1281 τάχει
1731 1246 1781 1281 μὲν
1791 1244 1920 1272 κατεπεί-

1132 1301 1240 1327 γοντος·
1257 1293 1305 1319 καὶ
1319 1293 1351 1327 δή
1366 1301 1407 1318 σοι
1418 1292 1452 1319 τὰ
1467 1292 1578 1327 θυμήρη
1590 1292 1662 1326 λέγω
1686 1291 1866 1327 ἀγγελτήρια,
1882 1291 1920 1322 ὼς

1133 1339 1147 1364 ὸ
1163 1338 1211 1373 μὲν
1226 1339 1275 1373 τὴν
1298 1338 1462 1373 Ἐκκλησίαν
1492 1338 1594 1371 κυκῶν,
1611 1339 1658 1365 καὶ
1680 1338 1921 1373 κατασπαράττειν

1134 1384 1281 1418 ἐπιχειρῶν
1297 1383 1330 1410 τὰ
1344 1383 1470 1418 πρόϐατα
1483 1383 1530 1410 τοῦ
1549 1383 1680 1418 Χριστοῦ,
1691 1383 1860 1419 παραλυθεὶς
1871 1384 1922 1418 τῆς

1134 1429 1232 1464 ἀρχῆς,
1261 1430 1316 1461 τοίς
1341 1429 1446 1456 ἐκεῖθεν
1472 1429 1675 1465 δικαιωτηρίοις
1703 1429 1741 1461 ὡς
1760 1429 1858 1463 ἐναγὴς
1883 1430 1924 1460 εἰς

1136 1475 1242 1511 ἡμέραν
1259 1475 1473 1510 ἀποκαλύψεως,
1500 1475 1538 1507 ὥς
1560 1484 1627 1510 φησι
1646 1475 1762 1507 Παῦλος,
1787 1475 1923 1509 ἀποτετή-

1138 1531 1218 1558 ρηται
1229 1530 1236 1537 ·
1249 1522 1278 1548 δὲ
1292 1522 1321 1549 δὲ
1337 1523 1423 1557 χρεὼν
1436 1522 1486 1557 τὴν
1501 1522 1625 1557 βασιλίδα
1645 1521 1821 1553 καταλαϐεῖν,
1838 1522 1876 1553 ὡς
1892 1522 1925 1548 ἂν

1136 1567 1314 1604 ὲπιστηρίξῃς
1344 1567 1460 1599 πολλοὺς
1485 1569 1518 1603 τῇ
1543 1567 1674 1603 δεδομένῃ
1704 1577 1745 1594 σοι
1767 1567 1843 1603 παρὰ
1877 1567 1926 1593 τοῦ

1135 1613 1294 1648 Πνεῦματος
1308 1612 1410 1648 χάριτι.
1431 1613 1505 1647 Πλὴν
1519 1612 1588 1639 ἀλλὰ
1603 1613 1693 1639 λαϐὼν
1724 1613 1774 1648 τὴν
1795 1612 1928 1646 κεφαλίδα

1136 1659 1247 1694 ταύτην.
1265 1659 1408 1693 κατάφαγε
1425 1658 1517 1694 (ἐῴκει
1532 1659 1586 1694 γὰρ
1610 1658 1812 1696 παρακατέχειν
1835 1659 1869 1693 τῇ
1882 1657 1926 1685 δε-

1138 1705 1182 1742 ξιᾷ
1195 1705 1282 1741 βραχύ
1299 1715 1326 1733 τι
1343 1706 1436 1741 piam
1453 1705 1627 1741 ἀπότμημα).
1646 1715 1656 1732 ι
1683 1705 1712 1732 ’0
1731 1705 1760 1732 δὲ
1783 1704 1927 1740 ὲνηδύνιτο

1141 1752 1190 1788 μὲν
1208 1754 1241 1788 τῇ
1260 1754 1364 1788 γραφῇ,
1379 1753 1436 1786 καὶ,
1451 1761 1461 1778 ι
1472 1753 1516 1784 Ὧς
1529 1752 1606 1788 ἡδέα,
1624 1751 1713 1786 ἔλεγε,
1731 1751 1770 1786 τῷ
1791 1751 1931 1786 νοουμένῳ

1137 1798 1255 1833 λάρυγγι
1271 1799 1320 1833 τῆς
1344 1797 1435 1833 ψυχῆς
1445 1797 1478 1824 τὰ
1490 1796 1670 1832 γιγραμμένα
1684 1796 1777 1823 ταυτίῑ
1793 1805 1803 1822 ι
1824 1793 1887 1830 Εἶχε
1899 1795 1929 1821 δὲ

1139 1844 1156 1879 ἠ
1167 1842 1261 1879 γραφὴ
1279 1843 1350 1870 κατά
1361 1842 1433 1876 λέξιν
1443 1842 1540 1875 οὕτως·
1559 1852 1568 1869 ι
1586 1843 1708 1877 Τάχυνον
1719 1843 1756 1874 ὡς
1768 1841 1930 1877 οίκτίρμων,

1140 1889 1186 1916 καὶ
1201 1888 1320 1916 σπεῦσον
1333 1889 1371 1920 ὡς
1383 1888 1508 1924 ἐλεήμων
1523 1889 1563 1920 εἰς
1575 1888 1626 1923 τὴν
1643 1887 1770 1923 βοήθειαν
1785 1886 1874 1922 ἡμῶν,
1888 1886 1931 1912 ὅτι

1139 1935 1251 1962 δύνασαι
1265 1934 1438 1970 βουλόμενος.
1449 1944 1458 1960 ι
1469 1933 1525 1960 Καὶ
1538 1934 1576 1966 ὡς
1587 1933 1793 1969 ταῦτα,ψάλλειν
1804 1931 1931 1967 ἐμμελῶς

1140 1982 1211 2016 ἄγαν
1223 1981 1271 2008 καὶ
1284 1980 1405 2017 λιγυρῶς
1422 1980 1573 2015 ἐκελεύσθη
1588 1980 1665 2015 παρᾶ
1679 1979 1726 2007 τοῦ
1743 1979 1815 2006 Θείου
1834 1977 1931 2012 ἀνδρὸς

1141 2028 1258 2060 ἐκείνου,
1277 2028 1328 2063 ὁρᾷ
1343 2027 1393 2062 μὲν
1407 2027 1503 2054 ἑαυτὸν
1516 2027 1566 2061 τῆς
1583 2026 1735 2061 ποδοκάκης
1749 2024 1934 2056 ἀπολυθέντα,

1142 2076 1205 2106 τοὺς
1218 2075 1241 2102 δ’
1255 2075 1285 2102 ὲν
1312 2074 1351 2110 τῷ
1377 2075 1507 2110 τραχήλῳ
1523 2075 1630 2107 κλοιοὺς
1652 2074 1796 2109 κειμένους
1820 2074 1850 2100 ὲν
1877 2073 1934 2103 τοῖς

1143 2121 1216 2148 ποσί·
1227 2121 1285 2153 καὶ,
1303 2131 1312 2147 ι
1327 2121 1502 2156 Παρομάρτει
1516 2129 1573 2156 μοι,
1590 2129 1600 2156 ι
1611 2121 1695 2156 ἤκουε
1706 2119 1772 2155 παρ’
1781 2118 1874 2147 αὐτοῦ·
1887 2117 1936 2145 καὶ

1145 2166 1178 2200 (ὣ
1204 2165 1252 2193 τοῦ
1277 2165 1438 2202 θαύματοςι
1463 2166 1486 2193 ὣ
1508 2166 1558 2200 τῆς
1582 2166 1696 2202 ταχείας
1716 2164 1895 2201 ἐπικουρίαςί
1911 2163 1936 2190 ὦ

1144 2212 1198 2240 τῶν
1213 2212 1404 2248 ἀνεκλαλήτων
1429 2213 1475 2239 καὶ¹
1490 2212 1652 2248 παραδόξων
1667 2211 1820 2248 τεραστίων
1837 2209 1935 2241 Θεοῦί)

1144 2260 1266 2295 ἀοράτως
1283 2259 1373 2295 ὼρᾶτο
1401 2259 1448 2286 τὸν
1483 2259 1575 2294 ἀναφῆ
1596 2258 1748 2293 διατέμνων
1773 2257 1854 2293 ἀέρα,
1885 2256 1935 2283 καὶ

1144 2305 1294 2341 ὑπηνέμιος
1312 2305 1406 2340 ὥσπερ
1431 2305 1499 2340 πρὸς
1518 2304 1567 2340 τὴν
1594 2304 1718 2339 μεγάλην
1745 2303 1801 2330 Ιιῶν
1829 2302 1936 2329 πόλεων

1144 2350 1282 2378 ἀπαντῶν.
1296 2350 1435 2382 Τοιούτοις
1453 2348 1509 2377 οἶδε
1535 2349 1600 2382 Θιδς
1616 2350 1673 2380 τοῖς
1693 2349 1804 2385 πτεροῖς
1828 2346 1935 2379 δεξιοῦ-

1147 2398 1208 2426 σοαι
1222 2398 1286 2430 τοὺς
1307 2398 1357 2434 τὴν
1370 2397 1477 2425 ἑαυτῶν
1491 2396 1605 2432 καρδίαν
1616 2396 1685 2432 πρὸς
1696 2395 1801 2423 ἐκεῖνον
1815 2395 1937 2421 ἀναπτε-

1146 2443 1299 2480 ρώσαντας.

1182 2534 1235 2570 κγ’.
1261 2534 1341 2562 Ἀλλά
1356 2534 1411 2571 γάρ
1426 2534 1455 2562 τὸ
1467 2535 1516 2570 μὲν
1533 2534 1625 2569 θαῦμα
1641 2533 1710 2569 πρδς
1725 2532 1864 2568 ὑμνῳδίαν
1879 2532 1940 2559 ἐκί-

1148 2588 1187 2606 νει
1207 2579 1300 2606 τοῦτον
1311 2579 1389 2611 Θεοῦ.
1403 2579 1435 2606 τὸ
1450 2579 1478 2606 δὲ
1497 2579 1604 2614 συμϐὰν
1635 2579 1703 2614 πρὸς
1717 2578 1853 2613 ὀδυρμοὺς
1869 2585 1943 2612 πσρ-

1148 2626 1214 2652 ώθει
1231 2626 1278 2653 καὶ
1303 2626 1419 2662 δάκρυα.
1448 2625 1532 2652 Οὔπω
1549 2625 1604 2662 γὰρ
1630 2625 1698 2652 πᾶσι
1723 2625 1781 2656 τοίς
1808 2622 1942 2650 ποθοῦσιν

1148 2673 1250 2707 ὀφθεὶς,
1270 2672 1465 2708 ἀναμανθάνει,
1481 2672 1519 2704 ὡς
1529 2672 1544 2698 ὁ
1557 2671 1628 2704 θεῖος
1644 2670 1806 2706 Γρηγόριος,
1820 2669 1851 2696 τὸ
1876 2677 1940 2696 κοι-

1150 2719 1194 2744 νδν
1209 2717 1406 2753 παρηγόρημα,
1425 2717 1456 2743 τὸ
1478 2717 1534 2744 τῶν
1558 2715 1729 2751 Ἐκκλησιῶν
1746 2713 1874 2750 ἀληθινὸν
1889 2721 1942 2740 πε-

1152 2763 1302 2802 ριλάλημα,
1331 2764 1362 2790 τδ
1391 2762 1512 2799 ἔμψυχον
1542 2762 1598 2788 τῶν
1623 2761 1730 2796 ἀρετῶν
1753 2759 1944 2793 ἁποτύπωμα,

1154 2810 1259 2842 πολλοῖς
1275 2810 1407 2846 καμάτοις
1424 2808 1633 2845 κατακαμφθεὶς
1649 2808 1696 2835 καὶ
1716 2807 1809 2839 πόνοις
1832 2806 1945 2842 ἀμυθή-
