2077 3157
166 175 216 209 961

946 178 1047 208 VlT-A.

1747 184 1801 216 969

166 246 223 270 τοις
242 236 421 268 κατατακεὶς,
439 236 508 272 πρὸς
525 236 554 263 όν
570 235 663 263 ἐπόθει
675 236 743 263 θεὸν
757 237 937 270 ἐπανέζευξεν

1010 238 1142 265 virtutum
1158 238 1298 274 exemplar
1321 245 1390 273 erat,
1401 241 1497 268 multis
1518 240 1658 270 laboribus
1684 243 1799 278 victum,

164 285 180 311 δ
195 284 243 311 καὶ
253 283 362 320 θρήνων
375 282 503 310 ὑπόθεσιν
514 283 709 319 ποιησάμενος,
721 284 908 319 ἀναλαμϐάνει
924 283 956 311 τὸ

165 330 266 366 σκῆνος
290 331 320 356 ιν
347 330 408 361 ταῖς
426 330 517 365 χερσὶ,
538 330 587 356 καὶ
604 329 642 361 ὡς
662 329 785 366 ἔμψυχον
804 331 855 366 ἤδη
871 331 954 366 ὀρῶν,

163 377 294 407 τοιαύτας
303 376 373 412 πρὸς
389 375 471 402 αὑτὸν
490 376 608 402 ἐποιεῖτο
622 375 672 408 τὰς
687 376 886 412 παρακλήσεις,
906 377 955 404 0a.—

166 421 269 453 λάσσας
282 419 408 455 δακρύων
422 419 452 453 ἐξ
466 419 613 456 ὀφθαλμῶν
631 420 788 457 ἀπορρέων,
804 421 853 449 καὶ
868 422 953 454 πόδας

167 467 321 502 ἐπιϐρέχων
333 466 396 498 τοὺς
404 466 669 502 κὺαγγιλισαμίνους
677 467 788 503 sip!)qu
795 467 841 494 καὶ
850 467 952 502 ἀγαθὰ,

168 512 228 549 μεθ’
241 510 278 539 ὢν
287 513 389 543 ικεῖνος
401 511 524 546 ἐλήλυθε·
536 520 546 538 t
562 512 624 544 Πῶς
638 512 768 548 ὑπομενῶ
781 521 840 544 σου.
851 513 952 548 nam,

165 560 216 594 τὴν
231 558 360 594 στέρησιν
373 566 380 590 ;
393 559 452 590 πῶς
466 558 488 585 δ’
502 557 570 593 άτιρ
585 557 633 585 σοῦ
660 558 700 594 τῷ
723 559 855 595 περιγείῳ
870 558 953 595 χώρῳ

165 604 338 640 παραμενῶς
355 604 404 636 Τίς
415 612 467 639 μου
481 603 512 631 τδ
527 603 685 640 θλιϐόμενον
698 605 747 640 τῆς
757 605 848 641 ψυχῆς
862 605 952 639 λόγοις

165 650 352 686 παρακαλέσει
365 649 416 685 τῆς
434 649 653 685 παρακλήσεωςς
665 650 718 678 τίνι
731 650 759 677 δι
772 651 820 677 καὶ
835 650 880 677 τὸν
893 659 950 686 χει-

166 696 243 731 μῶνα
256 696 311 723 τῶν
323 696 462 731 λογισμῶν
475 697 656 732 άναγνυρίσω
671 698 753 731 noce;
768 697 828 724 τινα
841 698 951 734 εὕροιμι

163 739 207 769 οἷα
220 742 336 776 Χριστὸν
349 741 438 779 ταύτῃ
446 743 479 777 τῇ
491 742 596 778 χαλεπῇ
611 742 732 779 θαλάσσῃ
742 743 781 776 τὸ,
795 743 950 778 Φιμώθητι,

163 787 340 822 ἐπιλέγοντα;
356 789 415 815 Ἰνα
428 788 454 815 τί
469 788 507 823 μὴ
520 788 629 824 πρῶτον
641 788 692 824 ἐμὲ
711 788 749 824 τῷ
765 788 804 824 σῷ
825 788 951 825 Δεσπότῃ

162 834 350 869 προέπεμπες,
364 834 396 860 [ν’
411 831 494 869 εἶχον,
506 834 582 870 παρὰ
604 835 696 870 χερσὶν
719 834 867 870 άποψύχων
889 835 950 866 ταῖς

163 881 234 913 σαῖς,
248 880 303 907 τῶν
313 881 342 907 ἐν
352 880 413 915 ἀέρι
425 880 576 907 ὁδοστατῶν
588 882 635 907 καὶ
648 881 776 916 πονηρῶν
792 880 949 916 φορολόγων

1006 287 1033 310 et.
1047 283 1177 310 aerumnis
1194 283 1345 311 innumeris
1356 285 1523 317 coniectum,
1538 287 1571 313 ad
1600 287 1696 321 Deum,
1717 297 1799 323 quem

1005 327 1188 361 desiderabat,
1205 329 1428 366 emitti-asse”).
1443 330 1501 358 Hoc
1527 337 1657 367 tanquam
1686 333 1799 362 iletuum

1005 381 1038 401 ac
1054 374 1237 410 lacrymarnm
1251 375 1396 403 materiam
1427 377 1579 411 accipiens,
1608 386 1710 414 corpus
1727 380 1800 409 illius

1004 420 1132 448 manibus
1149 421 1367 455 amplexabatur,
1389 426 1416 449 et
1434 427 1563 458 tanquant
1592 425 1682 452 adltnc
1705 425 1799 454 vivum

1004 465 1150 501 aspiceret,
1166 466 1234 494 tales
1253 466 1286 494 ad
1299 474 1361 494 eutn
1379 467 1560 496 allocutiones
1577 469 1735 505 dirige-hau
1749 471 1795 499 tiu-

1003 511 1078 539 mina
1086 512 1269 548 lacrymarum
1279 520 1311 540 ex
1319 512 1407 540 oculis
1417 513 1596 548 profundens,
1606 520 1632 542 et
1643 516 1725 551 pedes
1738 517 1799 546 illos

1003 557 1132 592 lrrigans,
1148 557 1195 592 qui
1210 558 1467 593 evangelizaverant
1486 566 1580 593 pact-tn
1605 568 1638 588 ac
1654 562 1725 590 botta
1735 570 1798 590 cum

1002 603 1104 638 quibus
1125 603 1170 630 ille
1185 604 1309 638 venerat)
1325 610 1332 629 :
1351 612 1361 629 ι
1373 603 1517 637 Quomodo
1539 605 1674 633 sustinere
1691 611 1798 642 potero,

1002 648 1119 681 ol’ater,
1134 649 1234 682 aiebat,
1247 649 1283 676 ita
1296 649 1356 677 sine
1370 654 1397 678 te
1406 650 1488 678 orbus
1506 652 1668 679 remanere?
1682 652 1799 688 Quopa-

1000 697 1046 721 cto
1054 694 1150 728 procul
1167 699 1220 721 ate
1235 694 1261 721 in
1291 694 1342 722 bac
1365 699 1471 722 terrena
1490 696 1602 731 regione
1611 697 1799 731 permanebo?

1000 738 1068 772 Quis
1078 739 1170 767 cordis
1182 740 1234 767 mei
1247 740 1391 774 angustias
1404 741 1580 769 suavissimis
1588 742 1718 777 allaquiis
1726 750 1797 770 con-

1001 785 1133 812 solabitur
1149 785 1226 813 Nini
1241 789 1338 820 potem
1356 785 1503 814 identidem
1534 795 1673 823 exponere
1687 790 1794 825 cogita-

1000 831 1106 858 tionum
1119 839 1243 858 mearum
1261 836 1461 866 tempestatem,
1476 838 1504 859 ttt
1524 833 1633 861 scilicet
1652 833 1794 862 Christum

1000 877 1148 908 inveniam,
1163 877 1210 912 qtti
1238 877 1349 904 turbido
1370 878 1434 905 huic
1463 879 1587 906 mortalis
1607 879 1669 907 vita
1695 880 1793 915 pclago

161 926 211 958 τὰς
229 925 404 961 ⁴καλαμναίας
420 927 514 962 χεῖρας
536 926 746 962 ἀποδιδράσκειν
765 926 810 953 διὰ
824 927 875 961 τῆς
897 926 943 961 σῆς

1000 923 1190 955 couttninctur,
1204 930 1236 950 ac
1251 923 1324 950 dicat
1340 932 1347 950 :
1363 922 1554 958 Compescere,
1569 932 1601 951 ac
1614 925 1728 952 sedare?
1739 926 1811 953 Cur:

162 971 377 1007 παρακλήσεωςς
394 971 466 1007 Πλὴν
478 971 572 1007 ἐπειδὴ
587 972 771 1007 προέδραμες,
786 971 810 998 ὣ
823 973 948 1007 γενναῖος

159 1017 209 1053 τὴν
226 1017 315 1053 ψυχὴν
325 1017 450 1054 καὶπρὸς
462 1018 558 1049 πόνους
569 1018 720 1051 ἀνένόοτος,
733 1018 764 1044 τδ
775 1018 887 1050 ἀσθενὲς
897 1018 947 1053 τῆς

159 1063 230 1098 ἐμῆς
247 1063 336 1099 ψυχῆς
348 1062 533 1100 ἀναρρώννυε,
545 1064 591 1090 καὶ
606 1063 653 1091 σοῦ
675 1066 736 1096 ταῖς
752 1066 869 1097 πυκναῖς
884 1065 948 1092 ἐπι-

159 1109 281 1141 στασίαις
296 1110 326 1135 ἐν
338 1110 416 1136 νυκτὶ
442 1109 492 1144 μὲν
513 1110 561 1137 καὶ
590 1110 619 1136 ἰν
645 1109 736 1146 ἡμέρᾳ
753 1110 822 1146 πρὸς
841 1110 875 1137 τὰ
895 1111 942 1137 τοῦ

158 1154 226 1182 Θεοῦ
245 1154 376 1182 διευθᾶτει
388 1154 531 1190 θελήματα
542 1164 548 1171 ·
564 1154 597 1182 ἶν’
615 1155 668 1182 ὑπὸ
682 1155 731 1191 τὴν
749 1156 855 1182 ἐκείνου
867 1157 947 1192 χεῖρα

157 1200 207 1236 τὴν
223 1201 355 1236 κραταιὰν
367 1200 590 1236 ταπεινούμενος,
607 1201 652 1228 διὰ
675 1202 729 1228 τῶν
747 1201 802 1228 σῶν
826 1210 946 1237 προσευ-

157 1246 225 1280 χῶν,
241 1245 275 1278 ἃς
288 1246 399 1281 ἁμέσως
413 1245 501 1278 τελεῖς
513 1247 546 1281 τῇ
563 1246 689 1282 μακαρίᾳ
701 1246 796 1281 Τριᾱδι
807 1246 948 1281 καταλαμ-

158 1291 287 1327 πόμενος,
301 1291 427 1324 ἀϐλαϐῶς
435 1291 594 1327 διαπεράσω
606 1291 652 1318 τοῦ
666 1291 724 1326 βίου
738 1291 787 1327 τὴν
798 1291 945 1325 θάλασσαν,

156 1337 205 1364 καὶ
221 1337 268 1364 σοῦ
281 1337 318 1373 τῷ
334 1337 424 1373 λιμένι
438 1337 660 1373 προσορμισθεὶς,
675 1337 802 1373 βλέποιμι
815 1346 845 1364 σε
858 1333 946 1373 διηνε-

157 1383 212 1414 κῶς
224 1384 295 1410 κατὰ
310 1383 360 1419 τὴν
379 1383 546 1419 ἀόιὰτμητον
560 1383 667 1410 ἕνωσιν.
684 1393 693 1409 s

996 977 1039 996 nte
1058 970 1176 1003 priorem
1193 969 1227 996 ad
1253 969 1397 996 Dominum
1415 971 1490 997 ttt'um
1515 977 1569 998 non
1585 971 1751 1006 pra-misisti,
1766 975 1795 999 ut

995 1015 1102 1043 scilicet
1114 1022 1221 1050 possem
1241 1023 1289 1050 per
1316 1019 1376 1042 tuas
1401 1023 1500 1042 manus
1521 1017 1670 1051 respirare.
1686 1025 1718 1044 ac
1729 1025 1795 1045 ute-

988 1060 1088 1088 tdiante
1101 1060 1291 1088 consolatione
1303 1065 1348 1088 tua
1366 1062 1549 1096 pessimorum
1564 1070 1653 1090 aereae
1669 1063 1793 1097 regionis

996 1105 1218 1132 statinnariorum
1238 1109 1319 1140 atque
1335 1109 1494 1132 exacturum
1513 1107 1666 1133 datmonum
1697 1112 1794 1134 trucu-

998 1151 1086 1179 lentas
1101 1158 1199 1178 tnanus
1211 1150 1328 1186 eilitgere
1338 1151 1349 1178 ‘l
1359 1150 1562 1184 Verumtamen,
1572 1151 1792 1187 quamloquidcm

999 1196 1332 1232 pmcurristi,generosus
1346 1197 1450 1230 animo,
1463 1201 1489 1224 et
1517 1197 1544 1224 in
1561 1198 1700 1226 laboribus
1716 1199 1794 1225 intle‘

1000 1242 1100 1274 fessus,
1115 1242 1215 1269 anima:
1231 1249 1298 1269 mea
1317 1242 1502 1270 inﬁrmitatem
1521 1245 1680 1275 corrobora,
1694 1249 1720 1271 et
1738 1244 1792 1271 frc-

998 1288 1146 1323 qucntibus
1161 1288 1294 1323 praesidiis
1313 1289 1455 1316 tuisnocte
1482 1298 1515 1317 ac
1531 1289 1576 1316 die
1591 1291 1623 1317 ad
1635 1290 1680 1317 Dei
1692 1291 1791 1317 volun-

999 1336 1084 1360 tatem
1099 1332 1268 1359 eiliciendam
1296 1333 1474 1368 dispone;ut
1501 1335 1555 1361 sub
1586 1334 1690 1369 potenti
1719 1334 1791 1362 illius

998 1386 1081 1406 manu
1093 1378 1266 1411 humiliatus,
1278 1387 1325 1414 per
1335 1379 1402 1406 talos
1411 1387 1517 1414 preces,
1528 1387 1597 1414 quas
1607 1379 1666 1407 sine
1679 1380 1734 1407 ullo
1746 1380 1790 1407 in-

156 1428 288 1455 termedio
302 1428 467 1456 beatissima!
493 1428 621 1455 Trinitati
650 1427 839 1456 lucidissimus
871 1423 1001 1454 eil‘undis,
1018 1424 1079 1450 sine
1112 1422 1264 1451 oll‘eusione
1296 1423 1359 1451 vitae
1374 1423 1457 1459 hujus
1490 1431 1565 1452 mare
1589 1430 1789 1464 pcrtrauscam,

155 1479 182 1502 et
191 1475 224 1502 ad
239 1479 316 1503 tuum
343 1481 452 1511 portum
480 1475 626 1511 appulsus,
654 1483 702 1510 per
732 1473 942 1509 inseparabilem
963 1470 1094 1498 unionem
1113 1474 1138 1497 te
1155 1478 1263 1505 semper
1280 1470 1399 1498 intuear.
1418 1479 1428 1496 ι
1780 1472 1783 1477 ’

189 1521 240 1550 κδ’.
264 1522 357 1555 Οὕτως
386 1523 470 1550 εἰπὼν
495 1523 535 1559 τῷ
553 1523 629 1558 τόπῳ
652 1523 880 1559 προσκαρτερεῖν,
911 1522 940 1548 ὲν

152 1564 228 1602 ᾧπερ
242 1569 256 1595 ὁ
274 1568 345 1601 θεῖος
358 1569 507 1605 Γρηγόριος
521 1569 712 1604 ἐγκλειόμενος
726 1569 776 1604 τῆς
796 1567 942 1603 φιλοσόφου

153 1613 324 1648 παλαίστρας
353 1614 503 1650 ἀντείχετο,
528 1614 655 1650 ἐλόμενος
677 1614 750 1649 ἔχειν
777 1614 831 1640 τῶν
853 1613 941 1640 πόνων

153 1659 342 1695 συμμεριστὴν
361 1659 500 1695 Ἰωάννην,
514 1659 561 1686 τὸν
582 1659 629 1686 τοῦ
647 1659 767 1695 μεγάλου
788 1658 940 1694 Γρηγορίου

151 1707 283 1741 φιτητήν
311 1713 341 1732 τε
367 1705 415 1732 καὶ
441 1705 575 1741 ζηλωτήν.
606 1702 641 1742 ’ῼ
671 1705 828 1741 συμϐιώσεις
847 1705 941 1740 χρόνον

154 1750 261 1786 συχνὸν,
276 1750 364 1777 ἐδόκει
380 1750 526 1786 βλέπεσθαι
539 1751 701 1787 Γρηγόριος,
716 1751 764 1778 καὶ
787 1751 873 1782 διδοὺς
893 1750 941 1777 καὶ

151 1795 297 1830 λαμϐάνων
327 1796 455 1831 ἀφορμὰς
469 1796 584 1832 ἀρετῶν.
601 1796 706 1828 Πολλὰς
733 1796 788 1832 γάρ
810 1794 867 1830 εἶχε
892 1795 940 1822 καὶ

157 1841 284 1875 Ἰωάννης
312 1841 521 1876 ἐπικαθημένας
540 1843 573 1877 τῇ
593 1841 703 1878 γλώσσῃ
732 1842 782 1874 τὰς
813 1841 938 1877 χάριτας,

157 1886 233 1913 Ἐπεὶ
247 1887 275 1913 δὲ
287 1887 335 1913 καὶ
353 1884 441 1921 οὗτος,
454 1887 569 1923 νηστείᾳ
584 1888 633 1915 καὶ
652 1887 794 1924 ἀγρυπνίᾳ
818 1887 939 1914 καταδα‹

152 1933 242 1967 μάσας
254 1933 286 1960 τὸ
301 1933 349 1968 τῆς
363 1934 451 1969 ψυχῆς
465 1934 674 1970 περικάλυμμα,
689 1933 757 1970 πρὸς
770 1933 838 1960 Θεδν
848 1933 939 1969 ἐξεδή-

151 1985 248 2013 μησεν·
267 1978 359 2010 όθεῖος
379 1978 477 2014 Ἰωσὴφ
493 1979 539 2005 τον
548 1979 631 2006 τόπον
650 1977 818 2012 καταλιπὼν,
835 1977 874 2014 τῷ
890 1976 938 2004 τοῦ

152 2023 270 2058 μεγάλου
287 2023 334 2050 καὶ
350 2024 451 2059 χρυσοῦ
478 2023 527 2059 τὴν
553 2024 679 2058 γλῶσσαν
712 2023 836 2050 Ἰωάννου
861 2023 938 2059 σηκῷ

148 2067 342 2102 ἐμφιλοχωρεῖ,
353 2067 392 2099 ῶς
407 2076 469 2094 τινα
491 2067 627 2104 θησαυρὸν
644 2068 816 2102 ἐπαγόμενος
831 2068 936 2103 Γρηγο-

148 2112 208 2146 ρίου
220 2112 250 2138 τὺ
265 2111 412 2147 ἱερώτατον
425 2111 552 2147 λείψανον
568 2112 616 2139 καὶ
635 2112 682 2139 τοῦ
698 2111 780 2139 αὑτοῦ
801 2111 935 2148 μαθητοῦ,

149 2156 253 2184 πολλῶν
268 2156 527 2193 συνδεδραμηκότων
550 2157 622 2184 κατὰ
651 2157 760 2190 ταυτὸν,
783 2156 854 2184 ὥστε
875 2165 936 2184 ποι-

149 2201 295 2237 μαίνεσθαι
309 2202 356 2230 καὶ
369 2201 580 2237 καθοδηγετσθαι
598 2202 730 2238 τεχνικῶς
756 2202 823 2238 παρ’
839 2202 933 2236 αὐτοῦ,

147 2247 195 2274 καὶ
211 2247 334 2283 γλώττης
362 2247 472 2283 ἐκείνης
490 2248 644 2283 ἀκροᾶσθαι
666 2249 716 2284 τῆς
732 2248 876 2284 μελιχρᾶς,
897 2248 934 2280 ὡς

146 2292 232 2319 ἐδίόου
243 2292 291 2320 τοῦ
306 2293 390 2320 τόπου
412 2293 444 2320 τὸ
462 2293 622 2322 πάνσθενον,
639 2293 722 2321 Ὅθεν
749 2294 797 2320 καὶ¹
818 2289 934 2329 πλησίον

143 2337 193 2365 τοῦ
221 2339 315 2372 τόπου,
335 2339 441 2375 ἐρήμου
470 2339 531 2366 τότε
554 2339 644 2375 πάντη
670 2339 860 2375 τυγχάνοντος,
888 2340 935 2366 ἐν·

146 2383 268 2419 ιδρύεται
289 2384 497 2420 φροντιστήριον
509 2391 517 2399 ·
531 2386 560 2412 ἐν
571 2382 594 2419 ᾧ
610 2386 641 2412 τό
658 2393 688 2412 τε
702 2385 804 2420 πλῆθος
819 2385 937 2412 κατατέ-

145 2437 208 2464 μνει
219 2429 274 2455 τῶν
289 2429 492 2465 μαθητῶν,“καὶ
502 2430 555 2466 πρὸ
572 2430 683 2458 πάντων
699 2430 736 2462 ῶς
752 2439 778 2457 τι
793 2430 936 2466 κειμήλιον

145 2473 244 2500 ἄσυλον
260 2473 291 2500 τὸ
304 2474 401 2510 σκῆνος
415 2475 462 2502 τοῦ
477 2475 598 2510 μεγάλου
613 2475 662 2503 καὶ
675 2475 722 2503 τοῦ
740 2476 869 2511 φοιτητοῡ
883 2484 935 2503 κα-

143 2519 292 2547 τατίθεται.

179 2648 228 2676 κε’.
245 2650 283 2677 Οὐ
300 2650 364 2685 μὴν,
379 2650 436 2677 ἀλλ’
460 2650 554 2684 ἐπειδὴ
580 2651 664 2678 πάλαι
678 2652 734 2683 τοῖς
754 2651 931 2684 Θεσσαλικοίς

143 2695 320 2733 ἐνδιατρίϐων
335 2696 430 2730 ὁρίοις,
450 2697 525 2731 παρά
539 2705 610 2729 τινος
628 2697 702 2724 θείου
716 2698 812 2733 ἀνδρὸς
822 2700 869 2725 καὶ
879 2702 930 2733 τὴν

141 2740 244 2774 γνῶσιν
261 2741 293 2768 οὐ
307 2741 439 2777 μιμητοῦ,
452 2741 483 2768 τὸ
499 2741 569 2769 θεῖον
581 2742 626 2769 καὶ
637 2743 792 2778 γερώτατον
803 2743 929 2779 λείψανον

1030 1517 1075 1545 24.
1092 1517 1140 1545 llis
1156 1518 1249 1551 dictis,
1266 1518 1293 1544 itt
1307 1519 1401 1545 eodem
1414 1518 1474 1546 loco
1488 1523 1647 1545 constanter
1663 1526 1788 1553 persevc-

997 1562 1086 1596 ravit,
1112 1563 1139 1590 in
1157 1570 1212 1598 qtto
1233 1563 1342 1590 divinus
1358 1562 1506 1598 Gregorius
1525 1563 1648 1590 inclusus
1668 1564 1789 1598 philoso-

997 1608 1078 1643 phica
1106 1615 1166 1635 sese
1190 1607 1217 1634 in
1236 1608 1360 1642 palaestra
1375 1613 1554 1640 exercuerat,
1576 1608 1712 1643 clegitquc
1734 1608 1785 1636 sibi

997 1653 1103 1680 socium
1131 1653 1255 1680 laborum
1276 1660 1390 1680 suorunt
1413 1652 1545 1680 Joannem
1563 1653 1725 1688 quemdam.
1740 1654 1787 1689 qui

997 1698 1088 1732 magni
1114 1697 1237 1732 Gregorii
1262 1698 1412 1732 discipulus
1438 1704 1497 1725 erat
1521 1703 1603 1733 alqtte
1625 1699 1786 1731 :entttlator,

996 1751 1058 1770 cutn
1082 1751 1138 1778 quo
1164 1743 1251 1770 multo
1274 1746 1395 1778 tempore
1417 1743 1500 1770 vitam
1523 1744 1690 1777 traducens,
1710 1744 1786 1771 vide-

994 1789 1074 1827 batur
1087 1789 1139 1816 sibi
1155 1788 1317 1824 Grcgoriutn
1332 1789 1419 1824 ipsum
1434 1789 1536 1822 vidcrc,
1552 1797 1584 1816 :tc
1597 1789 1680 1816 multa
1699 1789 1783 1816 dabat

993 1839 1020 1861 et
1051 1834 1202 1868 accipiebat
1223 1834 1354 1861 virtutum
1377 1834 1551 1862 dctumcnta.
1575 1834 1679 1861 Etenim
1701 1833 1785 1862 Joan-

995 1887 1044 1907 nes
1059 1880 1142 1906 etiam
1161 1880 1295 1914 plurimas
1314 1880 1341 1906 in
1374 1879 1466 1914 lingua
1486 1880 1606 1907 charites
1632 1881 1783 1908 residentes

992 1924 1120 1952 habebat.
1145 1923 1295 1960 Postquam
1324 1929 1415 1952 autem
1441 1925 1493 1952 istc
1516 1925 1641 1952 similiter
1666 1925 1782 1960 jejuniis

992 1970 1147 2005 vigiliisque
1174 1978 1290 2006 corpore
1313 1971 1435 1998 edomito
1458 1976 1541 2005 atque
1560 1976 1726 2006 consumpto
1747 1972 1782 1999 ad

993 2015 1078 2043 Deum
1099 2016 1243 2050 emigravit
1264 2025 1272 2043 :
1298 2016 1408 2044 divinus
1427 2015 1544 2050 JOscplt,
1561 2016 1621 2043 loco
1642 2016 1689 2043 illo
1703 2017 1783 2044 dere-

991 2062 1072 2094 licto,
1090 2062 1118 2089 iit
1133 2062 1224 2097 magni
1239 2066 1322 2097 atque
1336 2069 1420 2089 aurea
1434 2061 1528 2097 lingua
1546 2062 1651 2096 praediti
1667 2061 1783 2090 Joannis

991 2108 1092 2144 templo
1122 2108 1238 2136 libenter
1264 2108 1498 2141 conversabatur,
1521 2108 1548 2136 in
1569 2116 1625 2144 quo
1650 2113 1780 2144 tanquam

990 2155 1148 2181 thesaurum
1175 2154 1320 2189 quemdam
1343 2154 1547 2181 sacratissimas
1570 2153 1693 2189 Gregorii
1715 2155 1781 2182 reli-

989 2199 1086 2234 quias,
1106 2199 1221 2234 ejusque
1241 2199 1369 2234 discipuli
1396 2199 1553 2227 collocavit.
1573 2199 1668 2227 Multis
1687 2205 1778 2227 autem

990 2247 1023 2273 ad
1045 2254 1108 2273 eum
1128 2247 1374 2278 concurrentibus.
1400 2251 1428 2274 ut
1445 2247 1480 2274 ab
1501 2254 1534 2274 eo
1549 2252 1720 2282 regerentur,
1735 2255 1779 2275 so-

987 2292 1103 2327 lertique
1116 2299 1183 2319 cura
1198 2292 1392 2327 dirigerentur,
1409 2297 1436 2320 et
1449 2292 1550 2326 linguae
1566 2292 1640 2322 illius
1655 2294 1779 2321 mellitis-

987 2337 1064 2366 simaz
1074 2346 1173 2366 arcatta
1188 2338 1324 2371 audirent,
1339 2339 1465 2373 angustia
1480 2338 1532 2366 loci
1544 2345 1591 2366 eos
1601 2339 1776 2368 excludebat.

988 2383 1066 2411 Unde
1080 2391 1143 2411 cum
1158 2383 1247 2411 locum
1264 2384 1444 2418 undequaqttc
1456 2383 1595 2411 desertum
1614 2391 1667 2411 non
1683 2384 1778 2419 procul

986 2428 1050 2456 inde
1064 2429 1225 2461 invenisset,
1238 2428 1275 2456 ibi
1287 2429 1379 2456 sedem
1392 2436 1482 2461 suam,
1498 2436 1628 2457 curarum
1642 2429 1776 2462 scholam.

986 2473 1148 2505 collocavit,
1169 2473 1197 2501 in
1222 2481 1274 2509 qua
1293 2479 1319 2501 et
1345 2474 1546 2510 discipulorum
1569 2475 1775 2502 multitudinem

986 2519 1144 2552 distribuit,
1174 2524 1201 2547 et
1228 2524 1292 2547 ante
1317 2521 1428 2553 omnia,
1459 2525 1588 2554 tanquam
1615 2519 1774 2548 inviolabile

988 2564 1124 2599 quoddam
1141 2565 1354 2592 -mottimeutum
1382 2565 1476 2600 magni
1502 2564 1627 2601 Gregorii
1657 2571 1686 2593 et
1715 2566 1776 2600 ejus

985 2610 1109 2644 discipuli
1125 2618 1225 2646 corpus
1240 2611 1395 2639 collocavit.

1020 2655 1066 2682 25.
1093 2654 1229 2689 Quoniam
1253 2663 1319 2684 vero
1341 2656 1406 2684 olim
1439 2656 1465 2683 in
1488 2655 1655 2684 Thessalicis
1675 2655 1774 2682 ilnibus

984 2701 1067 2728 vitam
1090 2701 1237 2729 traducens
1253 2709 1268 2729 a
1297 2702 1356 2730 viro
1374 2703 1493 2738 quodam
1510 2702 1621 2734 divino,
1641 2705 1667 2728 et
1685 2701 1712 2728 in
1733 2700 1770 2726 di.

984 2746 1046 2773 vina
1066 2747 1181 2775 Scientia
1204 2748 1432 2784 incomparabili,
1448 2748 1555 2776 divinas
1570 2755 1603 2775 ac
1617 2745 1772 2775 sacratissi-

178 2839 398 2883 (‘lElogiumiu
430 2841 538 2871 Menaeis
558 2843 594 2871 20
629 2842 800 2877 Novembris,
823 2845 898 2872 brevi
933 2845 1080 2874 admodum
1111 2851 1232 2883 tempore
1266 2848 1392 2877 reducem
1413 2846 1573 2883 Gregorium
1600 2844 1703 2873 vixisse
1726 2842 1770 2871 in-

139 2875 243 2903 sinuat.
