2077 3157
181 160 235 191 9ίὸ

961 172 1047 202 \"1TA
1053 195 1059 202 .

1760 186 1813 217 966

179 214 220 250 τῷ
233 215 292 250 ήδεῖ
315 216 365 251 τὴν
386 216 541 254 δυναμένην
567 220 717 255 συμϐαλεῖν
731 223 786 254 τοῖς
811 223 954 260 λεγομένοι

179 260 298 274 Σ.ιι...ι.-..
327 262 379 274 νμι
397 265 472 274 -εψην
487 266 515 274 ηε
532 273 537 274 γ
577 265 601 274 ns
655 267 661 274 1
703 266 727 274 -Λ
801 267 828 274 Α.
940 271 946 274 .

1006 229 1132 262 .bantur,
1157 235 1275 259 mentem
1293 233 1428 267 potuisset
1451 235 1629 272 animumque
1654 239 1810 274 advertere,

178 260 308 289 διάνοιαν.
327 262 381 289 Καὶ
396 265 472 291 ποῖον
486 266 541 300 γὰρ
562 265 632 297 εἶδος
653 266 760 294 ἐκεῖθεν
778 267 906 303 φθόγγων
919 271 970 298 οὐκ

178 307 335 334 ὲδιδάσκετο
353 310 510 345 μουσικῶν;
535 311 629 347 ἢποία
649 312 731 348 χάρις
751 314 801 341 οὐκ
828 315 970 351 ἐπέλαμπε

177 354 233 385 τοῖς
247 353 478 390 ᾀσματιζομένοις
491 357 565 393 αὑτῷ
579 366 586 391 ;
608 358 728 386 Ἐκεῖθεν
744 359 827 393 ὕπνος
852 362 900 389 καὶ
913 363 970 394 τοῖς

175 400 247 433 ἄγαν
267 399 401 436 ῥᾳθύμοις
423 402 630 438 ἀπετινάσσετο,
648 405 794 432 σπεύδουσι
815 407 969 443 κηληθῆναι

174 445 224 480 τὴν
235 445 320 480 ἀκοὴν
335 447 405 481 ὁμοῦ
421 448 468 475 καὶ
485 449 605 477 διάνοιαν
623 450 663 486 τῷ
685 451 789 488 λιγυρῷ
803 455 968 490 προσφωνή-

173 499 252 526 ματι.
270 491 412 519 Ἐντεῦθεν
424 493 472 520 καὶ
487 495 543 526 τοῖς
561 495 629 530 πρὸς
641 496 743 532 ἀρετὴν
767 497 881 530 ἑαυτοὺς
906 499 967 525 ἑπι-

174 535 291 563 τείνουσι
303 537 351 570 τῆς
366 537 468 573 ἀρετῆς
482 540 498 575 ή
512 539 568 572 ἕξις
582 542 790 578 κατανενόηται.
813 543 907 571 Ταῦτα
920 544 967 571 καὶ

174 581 198 606 oi
213 581 241 607 ἐν
254 581 352 613 λύπαις
371 583 618 620 ἀναλαμὸἀνοντες,
634 586 664 613 τὸ
677 586 800 623 ἀθυμοῦν
811 589 856 615 καὶ
871 589 966 617 δακνό-

174 635 255 661 μενον
268 627 317 662 τῆς
337 628 426 664 ψυχῆς
452 631 663 667 κατεκοίμιζον·
690 634 796 666 τούτοις
818 635 867 662 καὶ
884 636 910 662 οὶ
936 637 966 663 ὲν

172 673 291 710 εὐθυμία
304 674 381 707 ὄντες
397 678 467 712 πρὸς
481 678 580 714 ἡδονῆς
596 680 657 707 κατ’
675 680 756 708 ἄλλον
780 682 881 718 τρόπον
899 673 964 719 μετ-

174 719 289 746 έπιπτον
299 720 417 756 δάκρυα.
426 723 458 749 Οἱ
472 724 623 759 γράφοντες
635 725 673 758 δὲ,
687 728 744 759 τοῖς
758 727 846 760 ἄλλοις
859 729 964 764 χαίρειν

172 766 294 798 εἰπόντες
311 768 461 803 πονήμασι,
488 771 545 802 τοῖς
569 771 618 797 τοῦ
634 771 709 799 θείου
734 773 833 808 Ἰωσὴφ
845 775 913 802 πολύ
937 784 963 802 τι

171 811 264 847 κέρδος
273 812 490 849 ὲμμελῳδήμασι
503 816 709 852 συνηθροίκασι,
732 819 834 854 μᾶλλον
847 819 876 846 δὲ
903 829 963 847 συν·-

170 857 338 892 αοροεξουσι.
361 859 381 885 Γ
382 859 484 887 λῶσσαι
497 861 552 897 γὰρ
574 863 661 889 πᾶσαι
686 864 756 891 κατὰ
779 865 876 900 φυλὰς,
894 866 963 902 πρὸς

1024 276 1094 302 mira
1109 276 1255 306 dulcedine
1275 279 1441 308 oblectabat.
1457 280 1566 310 Etenim
1587 284 1677 319 qualis
1692 287 1813 315 musico-

1023 330 1084 349 rum
1104 331 1236 351 sonorum
1258 326 1365 359 species
1390 327 1453 355 inde
1469 335 1523 356 non
1542 330 1755 360 addiscebatur?
1769 335 1811 362 vel

1020 367 1110 402 qualis
1124 368 1209 403 gratia
1230 369 1257 396 in
1274 369 1317 402 iis,
1330 378 1391 405 quae
1408 371 1443 398 ab
1455 373 1550 400 eodem
1564 375 1741 410 canebantur,
1756 387 1810 406 non

1020 413 1165 440 elucebat?
1179 413 1245 442 lude
1261 415 1301 442 vel
1320 416 1505 450 ignavissimis
1522 425 1554 445 ac
1582 421 1707 449 socordia
1722 423 1810 456 plenis

1019 466 1134 487 somnus
1150 461 1352 495 excutiebatur,
1371 462 1568 492 festinantibus
1584 466 1617 493 ad
1632 467 1811 498 oblectandas

1018 512 1100 532 aures
1124 506 1207 533 simul
1229 511 1258 533 et
1280 507 1404 534 animum
1427 513 1509 536 cantu
1536 510 1609 538 illius
1632 513 1808 541 suavissimo.

1017 549 1083 578 inde
1105 557 1132 578 et
1149 552 1214 585 illis,
1231 553 1277 587 qui
1297 553 1331 580 ad
1347 555 1475 582 virtutem
1494 556 1671 585 vehementer
1684 559 1808 587 animum

1017 597 1207 629 intendebant.
1238 599 1350 628 virtutis
1380 600 1469 635 ipsius
1494 601 1605 630 habitus
1633 611 1809 638 comparatus

1016 646 1069 668 est.
1087 641 1148 669 Hinc
1164 643 1296 671 memoria
1319 649 1476 678 repetentes
1491 646 1542 679 illi,
1564 648 1610 682 qui
1628 656 1747 677 mcerore
1760 658 1810 685 op-

1016 687 1103 721 pressi
1121 692 1209 720 erant,
1227 689 1312 716 animi
1327 690 1504 724 pusillitatem
1527 699 1561 720 ac
1584 694 1738 722 molestiam
1759 694 1808 724 de-

1015 733 1163 766 ponchaut.
1192 733 1242 762 llis
1266 736 1349 762 etiam
1384 737 1424 764 illi
1445 737 1492 772 qui
1521 739 1686 768 hilaritatem
1720 741 1806 769 animi

1013 777 1237 811 experiebantur,
1254 779 1286 806 ad
1304 780 1452 816 voluptatis
1467 782 1612 819 lacrymas,
1630 786 1678 812 sed
1695 785 1807 814 diverso

1014 822 1106 855 modo,
1126 824 1274 852 transitum
1296 825 1446 855 faciebant.
1474 828 1632 863 Scriptores
1659 835 1751 858 autem
1776 832 1804 859 in

1013 867 1078 894 aliis
1101 869 1231 902 operibus
1258 873 1458 906 componendis
1472 873 1558 902 laetari
1583 881 1753 911 recusantes,
1771 885 1805 905 ex

168 903 217 937 τὴν
234 903 340 931 ἑαυτῶν
359 904 500 933 διάλεκτον
519 908 553 935 τὰ
577 909 754 944 μελετήματα
781 911 954 947 βαλλόμεναιΙ

1013 911 1098 940 divini
1113 912 1214 949 Joseph
1231 903 1349 944 canticis
1371 924 1403 945 ac
1423 919 1541 947 modulis
1560 920 1741 956 collegerunt,
1761 923 1804 950 vel

167 949 216 984 τὴν
229 949 315 977 νύκτα
327 952 417 979 πᾶσαν
430 955 662 988 καταφωτίζουσι,
676 960 723 983 και
738 958 768 984 τὺ
788 958 873 994 αὐτῆς
896 967 959 986 σκο-

167 996 253 1023 τεινὸν
266 997 312 1023 καὶ
325 998 393 1033 πρὸς
406 998 489 1026 ὕπνον
506 1000 651 1037 ἑλκόμενον
670 1005 704 1038 τῇ
718 1006 807 1039 πυκνῇ
831 1012 959 1040 φρυκτω-

168 1041 214 1076 pi;
235 1041 305 1077 πρὸς
323 1043 439 1078 ἡλιακὰς
473 1047 644 1081 φωτοχυσίας
667 1049 892 1083 μεταὸιϐάζουσι,
909 1051 957 1077 καὶ

164 1086 272 1122 χαίρειν
287 1087 325 1122 τῷ
343 1087 420 1124 ὕπνῳ
432 1091 560 1118 εἰποῦσαι
575 1093 630 1125 τοῖς
642 1093 764 1129 ᾄσμασιν
774 1094 953 1131 ὡραΐζονται.

1012 957 1106 991 potius
1126 958 1261 993 colligunt
1283 959 1390 988 lucrum
1416 963 1554 997 quoddam
1575 966 1745 1001 peramplum
1771 974 1805 996 ac

1011 1003 1116 1030 nobile.
1132 1003 1261 1032 Omnium
1275 1006 1349 1033 enim
1365 1007 1466 1043 linguai
1483 1009 1562 1044 juxta
1579 1011 1668 1039 tribus
1683 1020 1757 1044 suas.
1771 1021 1804 1040 ac

1011 1049 1194 1083 proprietates
1213 1050 1328 1085 loquela:
1345 1059 1413 1086 suat,
1427 1061 1474 1088 per
1491 1058 1574 1082 telam
1590 1062 1698 1084 noctem
1716 1058 1803 1086 sacris

1010 1095 1235 1123 meditationibus
1249 1102 1391 1130 vacantes,
1404 1099 1479 1128 illius
1497 1101 1625 1130 tenebras
1639 1110 1671 1130 ac
1684 1111 1798 1131 somnu-

165 1136 288 1171 lcntiam,
307 1134 443 1170 frequenti
460 1137 594 1166 luminum
620 1141 784 1168 accensione
807 1142 834 1168 in
850 1142 955 1171 salares
975 1142 1068 1170 radios
1083 1146 1267 1176 commutant,
1288 1148 1316 1171 et
1332 1145 1422 1173 somni
1446 1146 1592 1176 dulcedine
1629 1148 1682 1176 frui
1720 1157 1801 1178 recu-

164 1186 266 1213 santes,
281 1183 368 1210 sancti
385 1182 466 1217 hujus
480 1183 531 1211 viri
548 1185 664 1214 canticis
678 1186 856 1216 decorantur.

198 1225 250 1256 κζ¹,
264 1227 341 1253 Ἔστι
367 1236 410 1259 τις
427 1228 560 1264 ἄτεγκτος
587 1232 634 1258 καὶ
647 1233 808 1268 ἀμείλικτος
822 1235 870 1262 καὶ
884 1235 953 1271 πρὸς

161 1271 286 1306 Eupin
301 1273 432 1310 ὲπιρῤοὰς
447 1275 559 1311 ἀφυήςς
574 1277 615 1305 Τὰ
631 1279 672 1310 είς
684 1279 734 1315 τὴν
747 1280 888 1316 Παρθένον
905 1282 952 1309 καὶ

161 1318 274 1354 Μητέρα
285 1318 362 1352 Θεοῦ,
386 1321 436 1356 τὴν
450 1322 520 1358 ὑπὲρ
533 1323 612 1357 λόγον
633 1325 821 1354 συλλαϐοῦσαν
838 1328 883 1355 τὸν
898 1328 951 1355 Δό-

161 1373 218 1398 γον,
238 1365 338 1400 λιγυρὰ
358 1367 540 1403 μελῳδήματα
555 1370 651 1404 ἐπιὼν,
668 1371 806 1405 θαλάσσας
823 1373 951 1409 δακρύων

159 1408 222 1442 τοὺς
236 1411 391 1447 ὀφθαλμοὺς
401 1413 568 1450 πληρωθεὶς,
586 1417 633 1444 καὶ
652 1418 702 1453 τὴν
715 1419 837 1447 διάνοιαν
851 1408 950 1448 συντα-

159 1456 229 1488 κεὶς,
244 1457 318 1493 ἀΰλῳ
333 1458 370 1493 νῷ
386 1462 592 1497 κατατρυφήσει
602 1463 657 1490 τῶν
668 1465 769 1500 νοερῶν
782 1465 885 1501 ιύγγων
899 1468 949 1503 τῆς

159 1502 345 1536 κατανύξεως·
361 1506 447 1541 μυρία
464 1506 491 1532 δὲ
514 1507 602 1535 ταῦτα
619 1509 708 1545 τούτῳ
730 1511 899 1539 συντέθειται
917 1502 948 1540 ἐν

1044 1233 1090 1259 2Ἰ.
1106 1232 1153 1260 Est
1171 1233 1308 1267 quispiam
1326 1233 1430 1269 rigidus
1444 1243 1477 1262 ac
1493 1236 1590 1270 durus,
1608 1242 1690 1274 atque
1707 1241 1740 1268 ad
1757 1241 1800 1270 la-

1007 1287 1117 1315 crymas
1129 1280 1310 1308 clluudeudas
1322 1281 1452 1316 ineptus?
1465 1283 1651 1313 Suavissimas
1666 1289 1799 1318 melodias

1006 1324 1041 1351 ab
1054 1331 1087 1351 eo
1101 1325 1222 1359 scriptas
1233 1326 1257 1352 in
1273 1325 1412 1362 Virginem
1424 1335 1456 1354 ac
1469 1327 1515 1356 Dei
1531 1329 1643 1359 Matrem
1657 1333 1724 1368 (10),
1737 1343 1798 1370 qua:

1005 1369 1181 1397 lnell‘abiliter
1207 1370 1327 1398 Verbum
1353 1374 1490 1408 concepit,
1514 1376 1625 1404 assidue
1653 1369 1751 1414 legens
1764 1389 1797 1409 ac

1003 1415 1166 1448 decantatis,
1185 1416 1370 1452 Iacrymarum
1386 1419 1472 1447 maria
1491 1421 1580 1455 plenis
1602 1424 1798 1457 oculis,eﬂun-

1003 1460 1057 1493 det,
1071 1466 1098 1487 et
1111 1465 1203 1488 mente
1213 1462 1434 1497 colliquefactus,
1448 1465 1623 1504 immateriali
1636 1476 1719 1497 sensu
1736 1472 1795 1506 spi-

1002 1505 1149 1533 ritualibus
1171 1508 1393 1541 compunctionis
1424 1509 1530 1538 deliciis
1556 1512 1720 1546 perfruetur.
1747 1505 1794 1544 liae

158 1548 296 1584 διαφόροις
325 1545 497 1585 ἐναλλαγαῖς,
518 1553 566 1580 καὶ
588 1553 663 1589 ἤχων
693 1558 873 1592 κατατομαῖς,
899 1557 946 1585 καὶ

1006 1556 1090 1578 uitem
1111 1552 1238 1579 melodiae
1254 1559 1392 1582 sexcenta;
1412 1561 1488 1588 sunt,
1519 1565 1581 1592 qua:
1606 1559 1641 1586 ab
1655 1567 1689 1587 eo
1710 1562 1794 1590 variis

158 1593 269 1628 ῥυθμῶν
297 1596 427 1623 ποικίλων
445 1597 588 1633 διαφοραῖς
609 1600 640 1626 es
663 1600 713 1635 ἡδύ
732 1610 790 1633 πως
803 1603 948 1638 ἀρωματί-

157 1639 248 1670 ζοντα,
264 1640 394 1668 Βούλεταί
407 1651 448 1674 τις
461 1643 558 1678 μαθεῖν
575 1644 621 1672 τὸν
641 1645 699 1680 βίον
713 1646 762 1673 τοῦ
785 1648 854 1682 πρὸς
877 1649 947 1684 ᾑμέ-

157 1694 207 1721 ραν
223 1687 379 1723 τιμωμένου
392 1689 471 1723 ἁγίου
483 1691 517 1725 τῇ
541 1690 688 1727 Ἐκκλησία
701 1692 747 1719 τοῦ
759 1693 827 1721 Θεοῦ
842 1703 850 1728 ;
871 1695 947 1722 Μετ-

155 1732 278 1768 ερχέσθω
312 1734 343 1760 τὸ
366 1733 519 1771 εὔρυθμον,
547 1737 595 1764 καὶ
620 1737 664 1772 ἐφ’
692 1738 733 1765 ἐνὶ
758 1740 866 1774 ἑκάστῳ
892 1741 947 1768 τῶν

155 1778 305 1814 ᾀδομένων,
332 1780 540 1814 ιπιγινωσκέτω
562 1782 613 1818 τὴν
631 1783 678 1810 τοῦ
708 1783 768 1819 βίου
795 1785 944 1821 διαγωγήν.

155 1825 211 1851 Καὶ
225 1825 279 1856 πᾶς
295 1825 346 1860 μὲν
359 1825 414 1853 τῶν
431 1826 517 1861 ἁγίων
531 1828 578 1854 ὑπ’
593 1829 690 1862 ἐκείνῳ
706 1830 863 1866 τιμώμενος
881 1832 947 1858 ἀνα-

153 1871 308 1898 δείκνυται·
325 1871 408 1903 αὐτὸς
423 1872 450 1899 δὲ
469 1873 500 1900 ἐν
516 1874 601 1900 πᾶσιν
615 1875 711 1910 ὁρᾶται
729 1875 899 1912 τιμώμενος,
915 1878 946 1904 ὲν

153 1916 241 1942 ἄλλων
256 1916 324 1951 βίοις
339 1917 421 1949 αὐτὸς
435 1917 652 1954 ὲξυμνούμενος,
669 1919 713 1947 διὰ
726 1920 757 1948 τδ
771 1920 880 1956 λιγυρὸν
897 1923 946 1950 καὶ

153 1960 289 1996 εὔρυθμον
300 1961 350 1996 τῆς
363 1962 501 1997 ἐμμελοῦς
518 1963 705 1999 μελῳδήσεως.
723 1965 819 1997 Ἄλλος
834 1966 884 2002 μὲν
898 1966 944 1994 οὖν

153 2008 329 2043 μεγαλυνέτω
340 2008 386 2036 τὸν
400 2008 457 2044 βίον
468 2009 515 2036 τοῦ
530 2010 678 2045 μακαρίου,
692 2011 706 2037 6
717 2011 745 2038 δὲ
757 2012 806 2046 τῆς
816 2012 944 2046 γνώσεως

151 2054 181 2080 τὸ
189 2053 355 2089 ὑπερφέρον,
365 2055 465 2085 πάντες
473 2054 501 2081 δὲ
510 2055 599 2081 πάντα
605 2055 705 2091 ἐπίσης
718 2056 766 2083 καὶ
779 2056 824 2084 διὰ
833 2057 943 2085 πάντων

152 2099 379 2134 μεγαλυνέτωσαν
387 2099 436 2135 τὴν
452 2100 530 2136 χάριν
542 2101 589 2128 τοῦ
598 2101 768 2137 Πνεύματος,
783 2104 844 2139 ἥτις
855 2105 942 2141 τούτῳ

150 2143 236 2176 οὕτως
254 2145 411 2180 ἐκκέχυται,
427 2146 465 2178 ὡς
478 2147 519 2179 είς
529 2148 620 2175 πᾶσαν
633 2149 682 2184 τὴν
694 2150 856 2186 οἰκουμένην
867 2152 941 2186 ἔξελς

151 2191 209 2218 θεῖν
217 2191 265 2219 τὸν
281 2191 401 2227 φθόγγον
417 2193 512 2226 αὐτοῦ,
527 2194 576 2221 καὶ
590 2195 630 2226 εἰς
644 2195 679 2222 τὰ
689 2196 796 2232 πέρατα
809 2198 942 2226 πάντατὰ

999 1596 1260 1624 commutationibus
1269 1601 1296 1624 et
1308 1605 1439 1626 soliorum
1450 1601 1665 1635 concisionibus,
1685 1605 1791 1633 variis-

999 1648 1052 1675 que
1086 1641 1278 1676 rhythnmrum
1295 1643 1459 1672 diﬁerentiis
1478 1648 1650 1681 composita,
1667 1649 1791 1677 dulcedi-

998 1694 1060 1714 nem
1072 1687 1273 1721 quodammodo
1284 1693 1368 1724 atque
1377 1690 1490 1718 odorem
1503 1693 1648 1721 suavitatis
1659 1696 1792 1723 aromati-

998 1736 1071 1760 zant.
1083 1732 1222 1768 Estporro
1237 1734 1496 1770 aliquis,quisancti
1507 1737 1593 1772 illius,
1607 1740 1654 1774 qui
1669 1743 1790 1770 currenti

998 1778 1043 1805 die
1057 1778 1092 1806 ab
1104 1779 1226 1807 Ecclesia
1247 1779 1294 1807 Dei
1310 1780 1473 1813 honoratur.
1492 1783 1575 1811 vitam
1592 1785 1732 1814 addiscere
1742 1795 1790 1814 cu-

996 1825 1072 1860 piat?
1085 1825 1216 1861 Capessat
1226 1834 1259 1854 ac
1275 1826 1346 1861 legat
1360 1827 1529 1863 lepidissima
1540 1829 1614 1858 illius
1627 1833 1745 1865 cantica,
1762 1839 1790 1860 et

996 1870 1024 1898 in
1049 1879 1216 1906 unoquoque
1227 1879 1335 1905 eorum,
1354 1881 1414 1908 quae
1439 1879 1589 1909 canuntur,
1619 1878 1683 1905 vita:
1698 1880 1788 1907 sancti

996 1917 1070 1945 illius
1079 1918 1214 1945 rationem
1223 1923 1414 1954 recognoscat.
1428 1920 1460 1947 Et
1473 1921 1595 1956 profecto
1608 1923 1789 1959 uniuscujus-

995 1971 1049 1998 que
1063 1969 1233 1998 sanctorum,
1245 1965 1293 2000 qui
1304 1965 1340 1993 ab
1360 1973 1394 1993 eo
1414 1966 1575 2001 honoratur,
1587 1968 1640 1996 vita
1654 1969 1681 1996 in
1696 1969 1784 1998 lucem

995 2009 1143 2045 profertur,
1153 2010 1294 2046 oculisque
1303 2011 1459 2046 subjicitur.
1469 2012 1530 2048 ipse
1539 2021 1603 2041 vero
1612 2014 1681 2042 inter
1689 2022 1787 2044 omnes

995 2055 1148 2084 honoratus
1164 2061 1287 2092 apparet,
1303 2061 1386 2093 atque
1400 2057 1427 2086 in
1443 2058 1561 2086 aliorum
1577 2060 1633 2088 vita
1649 2060 1707 2096 ipse
1723 2061 1785 2089 lano

994 2103 1075 2130 datur
1101 2108 1214 2138 propter
1239 2104 1405 2132 suavitatem
1432 2109 1459 2132 et
1482 2105 1698 2134 concinnitatem
1724 2107 1786 2136 dul-

993 2149 1112 2176 cissimae
1138 2149 1273 2177 melodiae.
1299 2149 1352 2178 Alii
1375 2151 1458 2186 igitur
1486 2150 1570 2186 hujus
1600 2152 1674 2180 beati
1700 2154 1784 2181 vitam

993 2202 1060 2223 sane
1083 2195 1280 2231 magnificent:
1297 2196 1343 2224 alii
1359 2201 1450 2224 autem
1468 2197 1593 2225 scientiae
1616 2198 1690 2226 illius
1713 2199 1782 2226 emi-

149 2237 205 2264 τῶν
228 2237 433 2274 μελῳδημάτων
456 2239 623 2276 θεοκρότητα
650 2229 771 2276 ῥήματα.
794 2243 862 2279 Περὶ
885 2245 939 2280 γὰρ

149 2282 202 2296 __~__
225 2283 311 2296 ,ιῃηη
332 2284 356 2296 ,ι
381 2285 432 2296 ,με
452 2285 496 2296 ___\
523 2285 628 2296 ,ιηηη
654 2287 661 2296 ι
693 2287 699 2296 .
786 2289 792 2296 ~
833 2290 844 2296 -
905 2291 912 2296 -

1006 2242 1116 2268 tentiam
1127 2229 1144 2275 ξ
1152 2249 1249 2270 omnes
1261 2249 1326 2270 vero
1343 2243 1435 2270 omnia
1449 2243 1593 2278 aequaliter
1607 2248 1635 2271 et
1654 2252 1702 2279 per
1719 2252 1779 2272 om-

1061 2286 1233 2296 _A_V__.,.-_,.
1261 2287 1378 2296 ,μνη
1507 2295 1513 2296 ,
1635 2289 1651 2296 ..
1691 2289 1697 2295 .

149 2282 202 2310 τῶν
222 2283 311 2310 ἄλλων
330 2284 357 2311 τί
381 2285 434 2321 χρὴ
451 2285 499 2312 καὶ
523 2285 629 2320 λέγειν;
650 2287 766 2320 ὁπόσους
784 2289 889 2322 ἐκεῖνος
904 2291 936 2317 ὲκ

149 2329 194 2342 --π
209 2329 289 2342 n..n_:-.
303 2330 352 2342 _=_
373 2331 500 2342 ;__-_.__
516 2331 609 2342 “an”,
627 2341 651 2342 ,,
718 2334 724 2342 .
783 2334 790 2342 ι
843 2335 849 2342 .
906 2336 919 2341 -

1006 2286 1037 2313 lia
1060 2286 1236 2321 magniﬁcent
1261 2287 1381 2322 Spiritus
1401 2288 1530 2323 gratiam,
1556 2296 1619 2324 qua:
1634 2289 1673 2316 ita
1690 2289 1717 2316 in
1734 2290 1783 2317 illo

147 2329 195 2356 τοῦ
208 2329 290 2365 βυθοῦ
303 2330 352 2366 τῆς
371 2331 501 2363 ἀπιστίας
514 2331 662 2364 ἐξείλκυσε,
681 2334 729 2361 καὶ
742 2334 811 2369 πρὸς
824 2335 874 2371 τὴν
888 2336 939 2371 τῆς

1006 2332 1077 2360 :lfusa
1102 2338 1155 2364 est,
1186 2337 1215 2360 ut
1237 2333 1266 2361 in
1282 2340 1392 2361 omnem
1408 2338 1544 2361 terrarum
1562 2335 1655 2363 orbem
1682 2335 1782 2364 exierit

149 2374 229 2408 ἁγίας
245 2375 360 2410 Τριάδος
375 2376 476 2410 γνῶσιν
493 2377 639 2412 ἑρύθμισε·
653 2379 754 2412 πόσους
766 2380 795 2407 δι
810 2380 938 2416 πέπεικε,

1007 2386 1079 2406 onus
1111 2379 1183 2414 ejus,
1211 2383 1240 2407 et
1266 2378 1294 2406 in
1320 2379 1389 2408 ﬁnes
1413 2383 1494 2408 terra:
1523 2380 1669 2409 universos
1695 2382 1780 2409 verba

147 2421 252 2455 χαίρειν
266 2421 354 2447 εἰπεῖν
370 2420 409 2456 τῷ
427 2421 521 2457 κόσμῳ
533 2422 648 2455 καὶτοῖς
661 2424 690 2451 ὲν
707 2425 819 2460 κόσμῳ,
833 2427 880 2453 καὶ
893 2427 938 2453 τὸν

1006 2425 1077 2453 leum
1093 2425 1248 2453 resonantia
1263 2426 1458 2462 _mclodiarum
1475 2425 1545 2461 ejus.
1563 2425 1602 2454 De
1620 2427 1682 2455 aliis
1696 2435 1780 2462 porro

149 2465 255 2500 μονήρη
270 2466 327 2500 βίον
349 2466 526 2494 ἀσπάσασθαι
537 2475 545 2484 ο
562 2467 650 2501 πόσας
665 2469 694 2496 δὲ
714 2472 846 2504 γυναῖκας
869 2481 939 2508 παρ-

1006 2471 1057 2506 [uid
1075 2478 1144 2506 opus
1161 2475 1203 2499 est
1216 2475 1348 2506 praeterea
1362 2471 1465 2504 dicere,
1477 2477 1544 2507 quot
1566 2472 1611 2500 ille
1628 2480 1662 2500 ex
1683 2473 1779 2501 intide-

146 2511 267 2538 θενεύειν
283 2511 421 2544 ἑδίδαξεν,
437 2512 470 2539 ἵν’
490 2512 577 2549 ἔχοιεν
590 2514 640 2546 τὰς
662 2515 807 2551 λαμπάδας
820 2517 939 2545 ἀναπτο-

1006 2518 1078 2545 itatis
1096 2517 1226 2545 barathro
1248 2517 1282 2545 ad
1304 2522 1406 2546 sanctae
1426 2517 1570 2546 Trinitatis
1593 2519 1777 2553 cognitionem

147 2558 384 2593 μέναςδιηνεκῶς,
393 2558 440 2585 καὶ
452 2559 606 2587 συνέλθοιεν
617 2560 656 2596 τῷ
668 2562 803 2597 μνηστῆρι
816 2563 938 2600 Χριστῷ,

1008 2562 1131 2596 duxerit;
1148 2567 1214 2598 quot
1226 2563 1395 2597 persuaserit
1408 2563 1502 2590 mundi
1519 2568 1547 2590 et
1562 2571 1658 2591 eorum
1674 2571 1735 2599 qua:
1747 2564 1775 2591 in

145 2603 208 2638 ἄρτι
225 2604 350 2639 κραυγῆς
361 2604 527 2640 τελουμένης
538 2605 567 2632 ἐν
577 2604 615 2640 τῷ
627 2606 702 2642 μέσῳ
715 2606 747 2642 δὴ
761 2607 811 2643 τῆς
822 2609 919 2640 νυκτός
929 2617 936 2641 ;

1006 2608 1097 2636 uundo
1113 2614 1177 2636 sunt
1197 2608 1297 2644 gaudia
1312 2615 1462 2643 respuere,
1482 2612 1510 2636 et
1525 2608 1677 2636 solitariam
1693 2609 1776 2636 vitam

145 2650 313 2685 amplexari;
331 2655 399 2685 quot
414 2650 531 2679 feminas
550 2651 734 2686 virginitatem
771 2661 882 2682 servare
900 2656 1036 2688 docuerit,
1053 2659 1084 2682 ut
1113 2655 1247 2682 haberent
1280 2654 1391 2682 assidue
1424 2654 1565 2689 lampades
1580 2662 1711 2682 accensas
1725 2672 1732 2686 ,
1749 2657 1776 2681 et

143 2706 206 2726 cum
233 2703 334 2730 sponso
351 2695 461 2724 Christo
481 2697 592 2732 nuptias
615 2698 728 2733 inirent,
742 2700 835 2728 statim
853 2705 937 2736 atque
956 2701 1060 2730 clamor
1075 2701 1166 2729 media
1200 2705 1282 2729 nocte
1292 2699 1388 2728 ﬁeret?

179 2765 236 2820 “ﬁ”
250 2765 607 2820 P‘“il"‘“f‘.".‘.‘“ff‘il"1"
617 2766 775 2820 (ἐμυίξξηηυε
788 2770 938 2820 κείων-ια’
988 2779 1064 2820 rut:
1080 2779 1224 2820 ηυηιοῖηιιιι
1248 2768 1772 2820 “essent”,adesifii‘ztitmtt

179 2809 209 2820 μὲι
227 2809 259 2820 un
280 2809 292 2820 9
327 2809 370 2820 llll‘
405 2810 416 2820 2
432 2810 464 2820 III
568 2810 578 2820 ε
622 2818 626 2820 .
643 2811 684 2820 Ill“
699 2812 719 2820 ιι
736 2812 800 2820 an":
847 2814 884 2820 nn.
899 2814 921 2820 ι,-
1007 2815 1019 2820 ,ι
1068 2812 1124 2820 ita..-
1159 2816 1183 2820 ...
1211 2815 1253 2820 ..ιρι
1280 2815 1320 2820 Α...

143 2801 371 2844 forsitaltt'adh'uc
394 2801 478 2844 latent
495 2801 604 2841 inunss.
621 2801 721 2844 Siculis
735 2805 807 2839 apud
824 2805 938 2844 liasilia-
986 2808 1020 2834 de
1044 2806 1142 2844 Beata,
1158 2808 1184 2834 in
1201 2807 1260 2844 line_
1278 2808 1411 2844 cujusque
1431 2801 1498 2844 odae.
1515 2801 1698 2844 cattelldaruln
1711 2821 1721 2836 ,
1739 2811 1772 2830 ex

142 2844 206 2864 nos.
238 2835 400 2871 Hippolytus
419 2835 625 2886 Maracciusneit
647 2835 804 2886 ϐτωεριῖμιη
827 2840 937 2869 Meuania
987 2843 1115 2870 omnibus
1130 2835 1203 2883 quos
1215 2850 1230 2870 a
1246 2835 1672 2886 Joseplticom‘pqsitoicredidit
1688 2845 1776 2867 ωιιοσ,

142 2878 240 2886 ,ιη-ιιι...
254 2871 372 2886 ἰηιηιηιιιο
389 2877 508 2886 [lanna-nn
542 2879 556 2886 ιι
595 2880 684 2886 an“.--
705 2881 717 2886 .-
740 2875 755 2886 :,
770 2876 785 2886 :.
815 2881 835 2886 -.
851 2877 921 2886 -.,,:
989 2878 1022 2886 ,u
1046 2885 1064 2886 η
1096 2885 1099 2886 ,
1119 2885 1122 2886 ν
1156 2883 1161 2886 .
1186 2882 1191 2886 .
1230 2885 1235 2886 ,
1257 2884 1316 2886 ,,,_.,
1335 2884 1346 2886 _
1368 2883 1419 2886 .-.η

142 2878 242 2900 novem
253 2870 374 2907 integros
389 2877 510 2899 canones
523 2871 556 2900 de
571 2870 686 2907 Dcipara
703 2874 800 2907 edidit,
812 2881 837 2903 et
850 2877 936 2903 maxi-
987 2878 1078 2911 nibus,
1095 2870 1146 2913 per'
1156 2878 1240 2906 totius
1254 2870 1321 2905 anni
1332 2870 1450 2904 olliciuni
1465 2872 1579 2909 sparsis-
