2077 3157
287 175 339 208 967

831 168 860 200 S.
883 169 1038 200 JOSEPHI
1059 168 1336 199 HYMNOGRAPIII

1851 165 1904 196 968

322 231 367 257 38.
387 229 483 256 Verum
498 236 592 255 rursus
606 226 722 254 extorris
738 230 818 260 atque
828 225 906 252 essul
917 232 977 251 esse
988 231 1065 251 com-

1154 222 1208 258 κη’.
1222 223 1258 250 Οὐ
1277 225 1331 257 μὴν
1347 222 1414 249 ἀλλὰ
1431 221 1476 248 καὶ
1487 220 1568 248 πάλιν
1581 220 1725 255 ὑπερόριος
1745 219 1860 253 γίνεται,
1874 221 1906 246 τὸ

287 276 409 310 pellitur;
431 275 545 302 caudam
575 281 624 301 sua
652 275 842 299 commovente
865 270 966 297 Satana
994 270 1070 297 flau-

287 322 407 351 dulcnto.
432 326 459 347 et
486 320 635 354 pessimum
665 318 738 345 illius
763 316 894 351 temporis
919 316 1067 350 imperato-

289 374 345 393 rem
365 366 421 401 (tl)
441 366 585 392 t-xritante.
604 363 661 390 Non
684 363 756 390 enim
772 366 861 397 potest
877 362 901 389 is
916 362 1068 396 quiescere.

286 412 331 445 qui
354 415 483 444 tanquam
500 409 619 436 triticqu
637 409 696 443 pios
711 408 804 434 litleles
821 406 943 434 cribrare
958 406 1069 441 expetit,

288 457 334 484 sed
348 457 454 484 animas
471 456 504 483 ad
527 464 587 483 sese
604 456 736 490 proclives
754 457 862 489 penllus
875 459 1029 482 commovet
1044 458 1072 481 et

287 502 416 535 t'xagitat.
438 500 623 533 Quamobrem
643 500 742 526 iterum
760 499 858 526 bellum
874 498 1005 526 adversus
1018 496 1071 524 Ec-

287 546 397 572 clesiam
422 545 617 572 inconcussam
643 544 802 576 suscitatur,
818 548 845 571 et
864 551 949 571 sacra:
969 542 1071 570 bin-isti

289 594 502 623 sanctorumque
527 589 600 616 illius
626 589 761 622 imagines
784 588 976 624 exploduntur,
1003 595 1072 622 quas

288 643 350 661 «:utn
369 635 560 669 magnanimus
584 639 676 661 noster
694 638 750 660 tota
767 633 858 668 lingua
874 632 1003 667 populum
1023 632 1073 659 ho—

288 687 387 706 norare
407 673 528 712 doceret,
559 684 586 706 et
609 678 753 705 catholica
772 678 987 712 orthodoxaeque
1011 677 1073 705 fidei

287 725 426 761 dogmata.
445 733 498 752 non
517 727 542 752 in
559 726 677 760 privato,
691 729 740 751 aut
757 724 783 751 in
800 724 893 755 domo,
909 725 956 751 sed
974 723 1001 750 in
1016 723 1073 758 pla-

290 771 341 798 teis
365 778 427 798 cum
448 771 573 798 libertate
601 771 777 805 praedicaret,
806 769 968 797 exturbatur
991 773 1074 804 atque

290 817 400 850 ejicitur
415 823 431 842 e
448 816 560 843 civitate
581 816 609 842 in
632 815 771 847 essilium,
790 814 837 841 ubi
855 814 960 849 magnis
980 814 1007 841 in
1023 822 1074 841 au—

289 862 389 897 gustiis
406 862 578 892 versabatur,
595 861 714 895 majores
730 866 820 888 tamen
838 860 978 894 angustias
993 865 1075 895 atque

288 909 449 936 afﬂictiones
475 909 531 943 ipse
550 908 660 943 proprio
679 915 761 935 sensu
786 912 939 942 sponteque
953 907 1071 934 subibat.

288 953 347 982 Non
366 954 451 982 multo
470 959 561 981 autem
586 957 658 988 post,
674 959 799 980 cessante
816 953 900 985 malo,
923 960 955 980 ac
969 958 1073 988 tempe-

289 1005 359 1027 state
379 1000 547 1033 quiescente,
572 998 713 1026 concessis
727 1006 742 1025 a
759 998 812 1025 Deo
828 998 935 1033 imperii
951 998 1072 1026 fascibus

291 1045 501 1079 imperatoribus
526 1043 687 1071 ortlmdoxis
710 1043 777 1078 (l2).
797 1043 894 1070 iterum
921 1043 1072 1071 accersitur

1119 269 1227 304 οὐραῖον
1241 269 1446 303 περισεισαντος
1461 266 1509 294 τοῦ
1526 265 1730 300 πτερνοσκόπου
1743 265 1843 298 Σατὰν,
1858 266 1905 291 καὶ

1119 316 1165 341 τὸν
1185 314 1246 340 τότε
1265 313 1382 348 πονηρὸν
1404 313 1514 348 βασιλέα
1530 314 1698 346 κινήσαντος.
1720 312 1777 338 Οὐκ
1798 309 1831 347 ἦν
1852 311 1905 346 γὰρ

1120 360 1245 394 ἠρεμεῖν,
1260 360 1306 386 τδν
1319 360 1357 391 ὡς
1377 361 1449 386 σῖτον
1465 360 1584 387 σινιάσαι
1601 357 1734 394 ζητοῦντα
1746 357 1808 390 τοὺς
1825 357 1906 384 εὐσε-

1121 405 1178 437 όεῖς
1190 425 1197 438 ,
1213 405 1280 433 ἀλλά
1294 405 1429 437 παντοίως
1444 405 1514 432 κινεῖ
1527 405 1576 437 τὰς
1596 404 1664 440 πρὸς
1675 403 1756 431 αὑτὸν
1765 394 1907 439 Ῐρεπούσας

1120 451 1218 487 ψυχάς.
1233 452 1315 479 Ὅθεν
1329 453 1377 479 καὶ
1389 452 1470 479 πάλιν
1486 452 1603 488 πόλεμος
1615 451 1686 479 κατὰ.
1698 451 1747 486 τῆς
1762 450 1907 478 ἀτινάκτου

1122 497 1290 532 πανταχόθεν
1316 498 1480 533 Ἐκκλησίας
1497 497 1716 534 ἀναρριπίζεται,
1733 497 1779 524 καὶ
1799 496 1832 522 τὰ
1848 495 1909 530 ιερὰ

1124 543 1295 578 μορφώματα
1321 543 1439 579 Χριστοῦ
1465 544 1512 571 καὶ
1539 544 1594 570 τῶν
1615 543 1698 570 αὐτοῦ
1717 542 1802 577 ἁγίων
1826 542 1908 569 πάλιν

1122 588 1277 621 διώκονται,
1290 588 1308 615 ἃ
1323 588 1454 624 τιμᾶσθαι
1468 589 1516 626 ὅλῃ
1533 588 1643 625 γλώσσῃ
1656 587 1687 615 τὸ
1703 588 1803 623 πλῆθος
1816 587 1908 614 ἀναδι-

1122 635 1229 662 δάσκων
1237 635 1252 661 δ
1264 635 1464 669 γενναιότατος,
1477 636 1524 662 καὶ
1536 634 1733 670 ἀνακηρύττων
1740 634 1789 669 τῆς
1801 633 1909 669 ὀρθοδο-

1124 679 1182 712 ξίας
1197 681 1231 707 τὰ
1241 681 1374 716 δόγματα,
1386 681 1437 708 οὐκ
1449 682 1478 708 ὲν
1490 681 1565 716 οἰκίᾳ
1576 681 1629 707 οὐδ’
1642 680 1688 707 ἐπὶ
1698 679 1822 714 δώματος
1834 700 1840 711 ,
1853 678 1910 705 ἀλλ’

1124 727 1154 754 ιν
1172 727 1314 760 πλατείαις
1332 728 1378 754 καὶ
1394 727 1536 763 παρρησίᾳ
1547 746 1555 759 ,
1568 726 1709 759 ἐξωθεῖται
1729 725 1779 760 τῆς
1796 723 1909 756 πόλεως,

1124 773 1171 799 καὶ
1182 769 1217 807 ἧν
1233 773 1263 799 ἐν
1275 772 1409 808 ὑπερορίᾳ
1424 770 1687 807 στενοχωρούμενος,
1700 769 1800 805 μᾶλλον
1814 769 1836 795 δ’
1848 770 1912 795 tau-

1125 819 1170 846 τὸν
1183 819 1414 854 οἰκειογνωμόνως
1429 817 1613 853 στενοχωρῶν.
1626 816 1693 844 Μετ’
1704 816 1735 842 οὺ
1748 815 1814 842 πολὺ
1826 814 1853 841 δὲ
1865 814 1913 849 λή-

1126 864 1220 897 ξαντος
1232 864 1279 891 τοῦ
1288 863 1386 897 κακοῦ,
1397 864 1445 891 καὶ
1457 863 1504 890 τοῦ
1518 862 1653 899 χειμῶνος
1665 862 1850 896 λωφήσαντος,
1866 861 1914 887 καὶ

1128 910 1278 945 ὁρθοδόξοις
1300 910 1431 937 δοθέντων
1443 909 1498 936 τῶν
1513 910 1660 945 σκήπτρων
1681 907 1837 943 βασιλεῦσιν
1860 907 1914 933 ἀπὸ

1127 955 1208 988 Θεοῦ,
1222 956 1416 991 μετακαλεῖται
1426 954 1504 987 αὖθις
1518 955 1590 982 κατά
1600 953 1676 981 Θεόν.
1696 954 1726 980 'U
1737 953 1766 979 δὲ
1777 952 1808 979 οὐ
1824 951 1916 978 πείθε-

1126 1010 1182 1035 ται,
1201 1003 1234 1038 τῇ
1247 1002 1382 1038 ὑπερορίᾳ
1402 1002 1441 1034 ὡς
1460 1001 1618 1037 παραδείσῳ
1631 1000 1676 1028 διὰ
1688 999 1806 1034 Χριστὸν
1821 998 1915 1034 ἡδυνό-

1126 1057 1218 1084 μενος.

292 1090 442 1118 sccundum
476 1089 573 1116 Deum.
588 1088 634 1116 Illo
668 1096 731 1116 vero
762 1095 816 1116 non
850 1088 1064 1125 obtemperayit;
1093 1093 1194 1121 etenim
1223 1094 1250 1121 in
1278 1093 1375 1121 exsilio
1403 1092 1522 1128 paradisi
1552 1091 1723 1120 dulcedinem
1759 1090 1918 1125 degustabat

290 1141 400 1171 propter
410 1135 560 1162 Christum.

323 1182 369 1208 ‘29.
389 1180 440 1208 Sed
465 1181 593 1215 quoniam
620 1181 646 1207 hi
669 1181 846 1208 vehementer
869 1180 1021 1212 instabant.
1046 1189 1081 1209 ac

292 1228 377 1255 veluti
405 1227 515 1254 admoto
536 1228 658 1254 exercitu
683 1228 826 1261 urgebant,
850 1227 894 1254 ille
920 1235 984 1254 vero
1000 1235 1081 1262 repu-

291 1281 374 1308 gnare
399 1280 453 1299 non
480 1273 598 1305 valebat,
623 1273 772 1307 praesertim
795 1273 860 1307 quia
880 1281 978 1307 magno
1006 1273 1081 1302 cives

291 1327 387 1346 amore
413 1319 640 1353 prosequebatur,
669 1319 860 1352 frequentibus
886 1319 1078 1353 imperantium

292 1365 418 1400 p;eeibus
435 1365 564 1396 obedirit,
583 1370 664 1398 atque
690 1364 778 1391 exsilii
809 1365 916 1391 laudent
945 1365 1075 1391 derelicto

292 1410 362 1441 locu,
373 1410 398 1435 in
409 1409 585 1444 Byzantinam
603 1409 696 1435 urbem
711 1409 849 1443 profectus
865 1413 916 1436 est.
933 1409 966 1436 Et
978 1409 1076 1436 nihilu-

292 1463 382 1482 nnnus
402 1463 464 1482 cum
497 1454 614 1481 aliorqu
632 1454 766 1481 h0norutu
783 1454 882 1489 gaudio
898 1454 950 1481 frui
966 1461 1076 1481 recusa-

292 1507 343 1534 ret,
362 1502 404 1528 vix
437 1501 512 1527 illum
538 1506 745 1534 persuaserunt,
769 1505 797 1526 ιιι
826 1499 1075 1526 ccclesiasticorum

1168 1184 1219 1213 ιϐ’.
1236 1185 1310 1222 Πλὴν
1321 1185 1383 1212 imi
1402 1185 1502 1211 ικεῖνοι
1525 1183 1575 1219 μὲν
1588 1182 1728 1210 ιπέκειντο
1742 1181 1916 1209 ἀντιϐολοῦνο

1129 1239 1175 1262 τες
1189 1231 1239 1267 τὴν
1254 1231 1410 1264 ἀνάζευξιν,
1425 1231 1440 1257 ὁ
1455 1230 1484 1257 δὲ
1500 1230 1662 1258 ἀντιτείνειν
1672 1229 1724 1256 οὐκ
1734 1226 1802 1264 εἶχε,
1825 1229 1870 1256 διὰ
1885 1229 1916 1255 τὸ

1130 1276 1178 1303 καὶ
1192 1276 1260 1312 πρὸς
1269 1276 1332 1307 τοὺς
1346 1277 1376 1302 ὲν
1388 1276 1421 1311 τῇ
1446 1275 1525 1302 πόλει
1547 1275 1751 1310 φιλάνθρωπον,
1766 1274 1836 1301 είκει
1853 1275 1914 1306 ταῖς

1128 1321 1183 1347 τῶν
1207 1320 1379 1356 κρατούντων
1403 1321 1520 1351 πυκναῖς
1549 1319 1757 1356 παρακλήσεσι,
1787 1320 1834 1346 καὶ
1865 1319 1915 1354 τὴν

1130 1366 1279 1402 ὑπερορίαν
1293 1366 1360 1397 τέως
1375 1365 1533 1392 καταλιπὼν
1555 1366 1589 1400 τῇ
1610 1364 1752 1396 Βυζαντίδι
1767 1364 1895 1399 ιπιφοιτᾷ
1907 1371 1914 1379 ’

1131 1413 1179 1439 καὶ
1193 1412 1270 1445 μόλις
1282 1413 1342 1447 μὲν,
1356 1411 1479 1438 πείθουσι
1493 1411 1515 1437 δ’
1529 1411 1613 1445 ὅμως,
1630 1412 1690 1441 ταῖς
1700 1409 1793 1441 ἄλλαις
1811 1410 1916 1445 χαίρειν

1130 1458 1242 1484 εἰπόντα
1265 1458 1370 1492 τιμαῖς,
1397 1456 1635 1492 ὲκκλησιαστικὼν
1661 1456 1811 1491 προστῆναι
1841 1464 1913 1490 πρα-

1131 1503 1254 1538 γμάτων,
1280 1504 1327 1529 καὶ
1342 1503 1391 1536 τὴν
1413 1502 1535 1538 φυλακὴν
1549 1501 1765 1537 ιιι-πιστευθῆναι
1789 1501 1843 1528 τῶν
1866 1501 1916 1535 τῆς

294 1549 465 1582 negotiorum
481 1553 575 1573 curam
593 1549 758 1579 capesseret.
776 1552 936 1579 sacramque
951 1544 1076 1572 Ecclesiat

1135 1548 1299 1584 Ἐκκλησίας
1320 1547 1399 1584 ίερῶν
1416 1547 1576 1583 κειμηλίων.
1604 1548 1661 1574 Οὐκ
1679 1546 1805 1574 ἐπείθετο
1817 1547 1845 1574 δὲ
1862 1548 1916 1581 ἄρα

293 1592 492 1626 supellectilem
509 1592 535 1618 in
546 1598 625 1618 suam
641 1590 720 1617 fidem
734 1591 897 1625 sustipcret'.
915 1589 948 1616 Et
963 1590 1077 1617 forsitan

296 1638 466 1673 principibus
481 1644 535 1664 non
551 1637 778 1668 obtemperasset.
798 1644 847 1662 nec
867 1640 1009 1671 propterea
1026 1637 1078 1663 nti-

296 1683 442 1710 nisterium
459 1683 525 1709 illud
540 1682 720 1717 suscepisset,
732 1684 778 1709 scil
795 1683 887 1709 divino
898 1681 1079 1717 lgnatio(i5),

295 1729 341 1763 qui
358 1729 474 1763 plurima
487 1729 587 1755 virtute
600 1732 727 1760 ornatus,
740 1733 767 1754 et
780 1727 1014 1755 ferventissimam
1030 1735 1080 1763 pro

295 1775 407 1801 Christo
422 1774 510 1801 zelum
526 1781 635 1809 gerens,
652 1781 739 1808 nuper
761 1773 962 1808 patriarcltatus
977 1773 1079 1808 guber-

297 1821 395 1847 nacula
413 1821 464 1848 sibi
485 1821 589 1847 credita
620 1824 788 1854 susceperat.
816 1827 869 1846 non
890 1819 1081 1855 obtemperare

296 1875 350 1894 non
360 1868 458 1901 potuit.
472 1866 529 1898 llic,
542 1867 799 1894 excellentissimam
808 1865 919 1902 Joseplti
929 1867 1013 1893 nostri
1023 1867 1079 1894 vir-

295 1916 381 1940 tutem
395 1912 559 1944 admiratus,
571 1911 696 1938 eumdem
716 1911 742 1938 in
753 1911 876 1938 laborum
894 1919 1006 1938 suorum
1019 1919 1081 1946 par-

297 1964 362 1991 tcltt,
378 1962 405 1985 et
432 1958 460 1985 in
479 1958 559 1985 rebus
584 1957 748 1984 necessariis
763 1957 916 1992 adjutorem
939 1965 1081 1986 assumere

296 2003 421 2031 studebat
434 2012 440 2030 :
453 2008 480 2030 et
493 2010 554 2029 cum
564 2002 708 2030 ntinistctii
717 2002 773 2037 jam
784 2003 904 2038 pmdicti
917 2007 1080 2038 praetextum

297 2050 456 2080 invenisset,
473 2049 499 2075 id
517 2048 590 2083 quod
612 2049 743 2083 cupiebat
765 2048 844 2076 facile
865 2049 995 2076 obtinuit.
1014 2048 1081 2076 Fre—

297 2101 412 2129 ιμιευιεε
425 2094 508 2129 igitur
521 2101 583 2120 rum
597 2101 630 2121 eo
643 2101 785 2121 sermones
796 2098 823 2121 ct
835 2094 970 2129 colloquia
986 2095 1083 2122 misce-

297 2139 356 2172 bat,
366 2143 428 2166 etea
442 2146 502 2173 qua:
515 2138 673 2173 ignorabat,
687 2138 721 2165 ab
729 2139 824 2166 eodem
834 2130 1000 2166 addiscebai.
1011 2138 1083 2166 Nihil

299 2191 381 2219 porro
392 2185 453 2211 novi
465 2189 533 2214 erat.
541 2183 625 2218 siqua
637 2183 813 2210 iueffabilium
825 2183 921 2210 uiduae
935 2182 1083 2218 Scriptura

1130 1595 1186 1625 τοῖς
1199 1594 1323 1629 ἄρχουσι,
1339 1594 1387 1620 καὶ
1403 1593 1448 1620 διά
1470 1592 1550 1619 τοῦτο
1573 1592 1624 1628 τὴν
1636 1592 1774 1619 διακονίαν
1800 1591 1915 1627 ἐδέχετο,

1130 1640 1188 1668 ἀλλ’
1208 1641 1331 1676 Ἰγνατίῳ
1345 1640 1384 1675 τῷ
1404 1639 1471 1675 θείῳ
1484 1639 1579 1676 (πολὺς
1593 1639 1622 1665 δὲ
1636 1638 1680 1674 ἄρ’
1696 1635 1774 1670 οὗτος
1787 1639 1836 1673 τὴν
1853 1640 1918 1673 ἀρεσ

1130 1686 1191 1721 τὴν,
1205 1687 1252 1713 καὶ
1267 1686 1312 1713 τὸν
1326 1685 1398 1721 ὑπερ
1415 1685 1534 1721 Χριστοῦ
1550 1685 1630 1720 ζῆλον
1647 1684 1838 1720 θερμότατος),
1855 1684 1918 1720 ἄρτι

1130 1733 1180 1767 τῆς
1195 1731 1402 1767 ἀρχιερωσύνης
1429 1730 1639 1766 ἐμπιστευθέντι
1667 1731 1729 1762 τοὺς
1746 1730 1862 1760 οῐακας’
1889 1730 1919 1761 ὃς

1131 1777 1162 1804 τὸ
1177 1777 1271 1812 περιὸν
1285 1777 1336 1810 τῆς
1348 1776 1450 1812 ἀρετῆς
1461 1776 1539 1802 τοῦδε
1550 1775 1597 1809 τοῦ
1612 1775 1686 1812 ἱεροῦ
1697 1775 1919 1810 δυσωπούμενος,

1132 1820 1262 1847 ἔσπευδεν
1285 1821 1357 1856 ἔχειν
1375 1820 1557 1855 συγκοινωνὸν
1571 1821 1627 1847 τῶν
1655 1821 1755 1853 πόνων,
1786 1821 1839 1847 κάν
1864 1821 1921 1851 τοῖς

1132 1866 1293 1901 ἀναγκαίοις
1305 1866 1481 1902 συλλήπτορα
1491 1873 1499 1882 ”
1514 1866 1562 1893 καὶ
1574 1866 1712 1901 πρόφασιν
1721 1866 1770 1901 τὴν
1783 1865 1921 1892 διακονίαν

1133 1913 1293 1948 εὑράμενος,
1307 1912 1354 1939 τοῦ
1367 1912 1538 1948 ποθουμένου
1555 1913 1697 1947 ἐτύγχανε.
1710 1912 1764 1939 Καὶ
1776 1909 1811 1947 ἦν
1824 1912 1922 1946 ἐκείνῳ

1134 1958 1285 1994 συνομιλῶν
1304 1957 1390 1993 θαμὰ,
1406 1959 1453 1984 καὶ
1467 1958 1531 1993 παρ’
1544 1957 1627 1984 αὐτοῦ
1641 1957 1674 1984 τὰ
1690 1957 1860 1992 ἀγνοούμενα
1881 1957 1921 1983 δι-

1133 2004 1313 2040 δασκόμενος.
1338 2003 1439 2030 Kartva
1459 2004 1487 2030 δὲ
1517 2004 1626 2035 πάντως
1648 2003 1724 2030 οὐδὲν
1746 2003 1773 2029 εἴ
1791 2011 1852 2029 τινα
1867 2002 1923 2029 τῶν

1132 2049 1297 2085 ἀπορρήτων
1333 2049 1383 2084 τῆς
1414 2049 1526 2084 Γραφῆς
1560 2048 1716 2084 μυστηρίων
1745 2048 1842 2083 btetth
1872 2048 1922 2083 μὲν

1133 2094 1266 2130 ἠγνοεῖτο,
1281 2095 1319 2129 τῷ
1330 2092 1359 2121 δὲ
1376 2095 1488 2130 μεγάλῳ
1502 2094 1569 2130 τῷδε
1589 2094 1688 2130 Πατρὶ,
1706 2094 1750 2120 διά
1765 2102 1794 2120 τε
1809 2094 1839 2120 τὸ
1853 2093 1921 2120 πολῦ

1132 2141 1183 2176 τῆς
1200 2140 1318 2176 σπουδῆς
1347 2141 1395 2167 καὶ
1415 2140 1446 2167 τὸ
1473 2140 1568 2175 περιδν
1593 2140 1643 2174 τῆς
1668 2139 1840 2174 καθάρσεως,
1873 2140 1922 2166 καὶ

1134 2184 1298 2219 ιγινώσκετο
1303 2185 1350 2212 καὶ
1357 2185 1434 2221 διηρο
1439 2185 1518 2221 ροῦτο
1525 2185 1594 2220 μετὰ
1601 2185 1700 2220 πολλῆς
1716 2184 1921 2220 μελιχρότητος,

301 2230 492 2265 mysteriorum
502 2230 561 2256 viro
568 2229 705 2257 illiessent
712 2229 814 2264 ignota.
822 2228 1014 2263 Magnoautem
1024 2228 1076 2256 ltuit

1140 2230 1154 2256 ὃ
1167 2231 1289 2265 χάρισμα
1299 2230 1354 2257 τῶν
1377 2232 1452 2267 παρά
1477 2231 1516 2266 τῷ
1541 2231 1652 2266 μεγάλῳ
1671 2230 1770 2265 Παύλῳ
1784 2229 1924 2265 ὑμνουμ-

294 2276 379 2309 Patri,
393 2280 421 2303 et
438 2280 549 2311 propter
568 2275 683 2302 multum
701 2275 834 2307 studium,
846 2278 873 2301 et
885 2279 994 2309 propter
1010 2276 1076 2302 erui-

1130 2285 1183 2303 νων
1197 2277 1281 2310 ἐστὶν,
1292 2276 1372 2304 ἄλλου
1388 2277 1425 2312 μὴ
1439 2277 1637 2312 προσδεόμενον
1650 2277 1722 2304 θείου
1734 2276 1915 2312 χαρίσματος.

296 2329 407 2352 nentem
430 2325 577 2358 puritatem
592 2328 619 2350 et
631 2322 740 2357 cognita
755 2326 843 2354 erant,
862 2321 998 2349 eteadem
1014 2323 1131 2357 plurima
1147 2331 1209 2351 cum
1228 2324 1373 2352 dulcedine
1396 2332 1430 2352 ac
1448 2325 1583 2352 suavitate
1605 2323 1758 2359 explicabat
1778 2333 1785 2351 :
1803 2323 1830 2350 id
1846 2322 1920 2358 quod

296 2371 398 2398 donum
414 2375 465 2402 est,
487 2377 520 2397 ex
543 2369 587 2403 iis,
609 2377 671 2404 quae
688 2377 703 2396 a
719 2377 817 2404 magno
839 2368 970 2403 Apostolo
987 2369 1224 2414 commendantur,
1243 2375 1271 2398 et
1286 2371 1389 2398 nullius
1408 2370 1521 2398 alterius
1535 2371 1600 2398 doni
1616 2370 1736 2405 indigere
1750 2370 1866 2397 videtur.

336 2418 380 2445 50.
409 2416 558 2451 Postquam
582 2421 672 2444 autem
697 2423 813 2451 magnus
835 2415 881 2444 hic
904 2415 1018 2443 antistes
1042 2423 1086 2444 se.

297 2467 406 2491 nectule
435 2462 629 2497 laboribusque
660 2461 814 2489 innumeris
842 2460 984 2488 confectus
1014 2462 1084 2488 cmi-

299 2509 389 2544 gravit
399 2509 431 2536 ad
447 2508 543 2541 lleuut,
563 2507 695 2535 successit
712 2508 738 2535 in
749 2507 810 2542 ejus
824 2507 913 2534 locum
926 2511 954 2534 et
965 2507 1083 2541 patriar-

299 2555 406 2583 ehalem
420 2554 580 2589 dignitatem
593 2553 720 2586 Photius,
735 2553 781 2588 qui
794 2553 819 2579 in
833 2553 950 2587 publicis
960 2552 1083 2580 consiliis

299 2601 328 2628 in
343 2600 480 2628 sententia
496 2599 621 2633 ferenda,
637 2604 664 2627 et
682 2603 792 2634 propter
812 2598 948 2626 sermonis
964 2598 1082 2633 copiam,

334 2702 390 2738 (ll)
401 2701 580 2738 Theophilum
594 2701 708 2738 scilicet,
720 2701 787 2738 utin
804 2700 958 2738 P_role_g_or_n.
969 2699 1085 2738 dictum.

332 2734 389 2774 (12)
402 2734 511 2774 Sunt'bi
527 2736 669 2774 '_I'_heodora
681 2735 862 2774 ct_filiu_s_ejus
874 2734 1086 2774 MichaeluMen:

296 2769 361 2800 duiu
376 2769 466 2799 autem
489 2773 516 2799 in
531 2771 683 2805 Menologio
704 2770 796 2805 Basilii
814 2769 910 2805 imper.
936 2774 995 2801 est,
1011 2769 1084 2803 quod

297 2807 404 2835 nonnisi
433 2804 725 2841 Theophiloﬁntortuo,
747 2804 883 2839 Joscphus
900 2804 1036 2841 scribatur
1050 2811 1084 2841 ex

297 2850 407 2870 carcere
416 2839 526 2878 ereptus
540 2841 572 2870 D.
584 2840 687 2868 Nieolai
702 2847 763 2876 ope,
777 2840 928 2874 iterumque
941 2839 1043 2874 ejectus
1057 2839 1084 2866 in

1168 2416 1201 2445 λ’.
1223 2418 1294 2444 Ἀλλ’
1308 2418 1370 2445 επεὶ
1384 2418 1431 2445 καὶ
1448 2418 1463 2444 ό
1479 2417 1565 2453 μέγας
1588 2417 1733 2452 ἀρχιερεὺς
1754 2414 1832 2449 οὗτος
1847 2417 1923 2453 γήρα.

1135 2461 1360 2496 ὲταλαιπωρεῖτο,
1391 2461 1438 2489 καὶ
1463 2461 1581 2496 καμάτῳ
1601 2461 1738 2488 πολυειδεῖ
1758 2461 1828 2497 πρὸς
1855 2461 1923 2487 Θεὸν

1135 2506 1298 2542 ἑξεδήμησε,
1309 2507 1460 2543 διαδέχεται
1472 2506 1519 2533 τὸν
1540 2506 1590 2541 τῆς
1603 2506 1811 2542 ἀρχιερωσύνης
1826 2506 1923 2541 θρόνον

1134 2552 1149 2578 ὸ
1163 2553 1275 2584 Φώτιος,
1299 2553 1329 2584 ὃς
1355 2552 1405 2588 τῆς
1431 2553 1584 2587 συγκλήτου
1605 2551 1707 2587 βουλῆς
1735 2552 1868 2587 ιτύγχανε
1892 2553 1924 2579 τὸ

1135 2599 1268 2632 πρωτεῖον
1291 2598 1559 2635 ἐπιφερόμενος,διά
1570 2607 1600 2626 τε
1625 2598 1657 2625 τδ
1681 2598 1751 2626 πολὺ
1772 2598 1820 2625 τοῦ
1842 2597 1923 2632 λόγου

1139 2699 1277 2728 exsilium.

1177 2735 1233 2769 (15)
1249 2734 1278 2761 S.
1293 2732 1423 2769 lgnatius.
1441 2734 1488 2769 qui
1500 2734 1598 2762 colitur
1609 2734 1646 2761 25
1667 2733 1772 2765 octob..
1788 2732 1924 2760 Methotllo

1140 2769 1291 2799 successit.
1321 2774 1420 2803 quarto
1451 2774 1512 2804 post
1544 2769 1735 2796 orthodoxiam
1770 2769 1924 2804 restitutam:

1139 2812 1228 2836 anno;
1244 2802 1338 2838 pulsus
1352 2808 1378 2830 et
1390 2802 1488 2839 iterum
1501 2804 1653 2837 restitutus,
1664 2811 1751 2839 usque
1763 2802 1796 2830 ad
1811 2810 1857 2830 an.
1871 2802 1925 2830 879

1139 2839 1229 2866 sedem
1249 2839 1335 2867 tenuit
1347 2838 1569 2873 patriarchalem.
