2077 3157
193 186 247 219 9ὒ9

976 183 1072 219 'vITA.

1769 184 1822 216 970

195 238 244 269 καὶ
260 242 291 269 τὸ
307 242 475 278 ὑπερϐάλλον
498 238 547 279 τῆς
575 245 712 278 γνώσεως,
742 245 789 271 καὶ
815 246 872 280 ἇμα
899 245 942 271 διὰ
957 245 987 270 τὸ

1047 246 1065 270 :t
1083 243 1194 278 propter
1211 242 1333 270 scicntia:
1348 241 1548 274 excellentiam,
1566 245 1591 268 et
1613 245 1724 276 propter
1739 243 1822 268 animi

195 289 281 315 δεινὸν
293 289 340 314 τοῦ
355 289 426 321 νοὸς,
442 291 491 316 καὶ
511 290 581 326 πρὸς
593 290 623 316 τὸ
639 290 777 317 συνθεῖναι
791 291 839 317 καὶ
852 291 985 317 σκευάσαι

196 336 346 371 πράγματα
359 335 521 371 ἐπιτήδειον,
536 337 566 368 ἐξ
580 334 611 363 οὗ
621 337 668 363 καὶ
681 336 730 371 τὴν
741 337 829 371 ἀρχὴν
846 337 894 371 τῆς
906 337 985 371 ἱερω-

198 383 280 416 σύνης
295 381 519 416 ἀπεκληρώσατο,
549 382 593 408 ἵνα
613 383 650 416 μὴ
673 382 744 416 λέγω
770 382 858 409 πάντα
882 382 916 408 τὰ
936 381 985 408 τοῦ

197 428 302 462 ἀνδρὸς,
317 427 363 454 καί
379 436 430 453 που
449 427 497 455 καὶ
514 427 581 463 πρὸς
609 428 738 460 διαϐολὰς
761 429 879 463 χωρήσω
898 428 985 460 τοῦδε,

197 473 251 500 ἀπὸ
267 473 313 499 τοῦ
325 473 486 508 πράγματος
497 474 537 505 είς
551 473 630 500 τοῦτο
646 474 894 509 παραχινούμενος.
914 474 987 508 Πλὴν

197 518 239 544 ὃτι
254 518 300 544 καὶ
315 516 393 549 οὗτος
412 518 451 553 τῷ
467 519 579 554 μεγάλῳ
602 519 692 554 τούτῳ
708 520 797 554 Πατρὶ
821 520 921 555 Ἰωσὴφ
939 520 989 554 τὴν

199 564 259 598 ἴσην
275 564 368 599 ἐτήρει
385 564 478 600 τιμὴν,
496 565 545 591 καὶ
569 564 608 600 τῷ
628 566 703 601 μέσῳ
723 566 772 601 τῆς
796 566 910 601 καρδίας
935 566 988 592 ὐπ-

198 610 330 644 έκρυπτε,
354 609 422 636 Θεοῦ
447 610 590 644 ἄνθρωπον
615 612 767 646 ὀνομάζων,
791 613 839 638 καὶ
855 612 989 646 ίσαγγέλῳ

199 657 270 682 κατὰ
288 656 319 682 τὸ
345 655 454 691 θεμιτὸν
481 657 623 692 προσέχων
649 658 733 693 αὐτῷ.
760 657 856 684 Ἔνθεν
876 667 916 685 τοι
942 658 990 685 καὶ

199 701 262 736 ὅλην
275 701 324 736 τὴν
337 702 465 737 φροντίδα
480 703 535 729 τῶν
563 703 800 739 ὲκκλησιαστικῶν
819 704 991 738 πραγμάτων

199 747 274 783 αὐτῷ
289 747 465 782 ἀναθέμενος,
482 749 593 784 Πατέρα
607 749 737 784 Πατέρων
751 749 853 781 ἐκάλει,
867 750 914 776 καὶ
928 749 991 781 τοὺς

199 793 253 819 τῶν
270 793 385 826 πρώτων
407 793 519 828 βαθμῶν
544 794 723 829 ἀξιουμένους
745 795 794 830 τῆς
824 794 991 830 Ἐκκλησίας

199 837 348 872 παρεκάλει
368 838 454 872 τούτῳ
475 839 632 866 ἀνατιθέναι
656 839 720 873 τοὺς
745 839 911 875 λογισμούς
931 839 945 866 ὂ
960 839 992 874 δὴ

199 885 246 911 καὶ
269 886 322 916 πᾶς
339 885 426 912 ἐτέλει
453 886 500 912 καὶ
525 886 579 920 πρὸ
595 886 645 921 τῆς
669 887 872 922 πατριαρχικῆς
899 895 991 922 παρα-

203 930 337 965 κλήσεως.
354 927 409 957 Ἦν
419 931 485 966 γὰρ,
502 932 573 958 κατὰ
586 931 620 958 τά
633 931 761 968 ’ᾼσματα
776 933 830 958 τῶν
849 932 990 968 ᾀσμάτων.

203 976 301 1011 κομιδῇ
320 976 433 1012 εὐφυὴς,
457 977 603 1009 ἀλώπεκας
626 977 834 1013 ἁμαρτημάτων
863 979 991 1014 κατέχειν

200 1022 332 1057 σμικρὰς,
348 1024 396 1048 καὶ
417 1023 594 1048 ἀποκτέννειν
608 1023 658 1057 τῆς
679 1024 826 1058 νοουμένης
849 1024 903 1058 γῆς
927 1025 991 1056 τοὺς

199 1067 389 1102 ἁμαρτωλοὺς,
402 1068 416 1094 ὃ
443 1077 526 1103 φησιν
540 1069 554 1095 ὁ
584 1069 656 1101 θεῖος
683 1069 777 1101 Δαϐὶδ,
796 1070 841 1096 ναὶ
862 1070 930 1104 δῆτα
945 1069 992 1096 καὶ

199 1113 289 1148 ψυχὴν
305 1113 480 1149 ἐπιστηρίξαι
499 1115 545 1141 καὶ
575 1114 789 1149 βεῦαιώσασθαι,
816 1116 863 1142 καὶ
887 1115 934 1141 τὸν
951 1116 991 1147 είς

202 1159 338 1192 capulari;
354 1158 459 1192 ὀρέξεις
477 1158 555 1194 δίκην
571 1159 690 1194 σφαίρας
709 1160 780 1187 κατὰ
807 1160 928 1196 πρανοῦς
941 1169 992 1187 κυ-

200 1203 324 1238 λιόμενον
338 1204 490 1239 ἀναστῆσαι
507 1204 557 1238 τῆς
575 1205 714 1240 ἁμαρτίας
731 1206 778 1232 καὶ
794 1207 906 1241 ποιῆσαι
923 1214 991 1241 μετ-

201 1250 294 1285 άρσιον
307 1257 313 1264 ·
327 1249 396 1276 ἀλλὰ
421 1250 468 1276 καὶ
479 1250 526 1277 τὸν
539 1251 754 1287 ἀπεριχτυπήτῳ
764 1251 886 1283 συζῶντα
896 1252 991 1287 σχολῇ,

202 1294 249 1320 καὶ
266 1294 325 1324 ταῖς
338 1293 388 1328 τῆς
402 1293 483 1327 ἁγίας
499 1293 614 1329 Τριάδος
630 1295 760 1329 θεωρίαις
779 1294 991 1330 περιλαμπόμε-

202 1345 258 1369 νον,
276 1337 316 1363 ἐτι
329 1338 435 1370 πεῖσαι,
453 1338 491 1373 μὴ
519 1339 637 1373 χαλάσαι
649 1339 680 1366 τὸ
696 1339 768 1366 θεῖον
791 1340 902 1376 πτερὸν,
924 1340 992 1375 μηδὲ

205 1383 437 1418 μτεωρισθῆναι,
458 1384 503 1410 διὰ
527 1385 575 1415 τὰς
602 1385 631 1411 ὲν
649 1384 778 1420 θεωρίαις
805 1385 921 1419 παγίδας
947 1385 992 1421 (δι’

202 1426 240 1456 ὧν
250 1430 265 1456 ὀ
279 1430 482 1464 πτερνοσιιόπος
496 1430 612 1465 οῑήσεως
625 1430 705 1457 πάθει
719 1431 781 1463 τοὺς
793 1430 908 1462 πολλοὺς
924 1431 994 1466 πρὸς

202 1475 234 1502 τδ
247 1475 298 1510 τῆς
309 1475 447 1507 ἀπωλείας
463 1477 621 1511 κατήγαγεν
635 1476 794 1512 βάραθρον),
810 1476 931 1512 γαλήνην
944 1477 994 1512 μὲν

203 1520 337 1547 διδάσκων
353 1521 428 1553 ὅπως
441 1521 600 1549 συνίσταται
617 1523 633 1557 ἡ
651 1522 735 1557 ψυχὴ,
747 1523 795 1548 καὶ
805 1523 880 1554 ὅπως
892 1522 926 1549 τὰ
942 1531 990 1557 φυ-

1038 289 1197 323 gravitatem
1222 288 1325 323 primas
1348 287 1507 320 obtinebat;
1528 291 1556 314 et
1577 287 1604 313 in
1628 287 1826 315 (‘orncinnandis

1038 334 1292 369 pertractandisque
1317 333 1434 368 negotiis
1457 340 1582 368 magnam
1601 332 1718 360 habebat
1732 333 1826 360 dexte—

1039 380 1160 412 ritatem,
1177 380 1249 407 [unde
1274 385 1301 407 et
1325 379 1477 406 sacerdotis
1505 379 1688 414 principatum
1714 380 1829 407 sortitus

1039 431 1080 454 est
1096 427 1151 461 (ne
1178 426 1275 461 loquar
1290 433 1364 453 nunc
1381 426 1414 452 de
1428 426 1534 452 exteris
1556 425 1696 455 omnibus.
1718 433 1778 460 qum
1794 426 1828 453 ad

1039 473 1111 500 hunc
1121 473 1208 500 virum
1227 476 1398 507 spcetant,et
1412 480 1426 499 a
1442 472 1584 507 proposito
1593 479 1720 498 sermone
1730 471 1764 498 ad
1778 479 1826 498 ca-

1039 519 1160 546 lumnias
1183 518 1351 554 divertam).
1383 518 1518 545 Pra-terea
1546 517 1591 544 hic
1619 518 1702 545 etiam
1731 525 1830 551 magno

1041 564 1115 592 Patri
1126 563 1245 599 Josepho
1261 564 1393 599 aequalem
1407 564 1540 590 honorem
1557 563 1744 598 impendebat,
1760 567 1787 589 et
1802 564 1828 589 in

1040 611 1228 638 mediocordis
1239 611 1390 638 recondens
1408 617 1469 637 eum
1492 610 1631 636 hominem
1654 609 1699 636 Dei
1709 609 1827 643 appella-

1040 656 1097 689 bal,
1108 660 1134 682 et
1143 660 1272 688 tanquam
1283 655 1390 690 angelo,
1401 659 1533 689 quantum
1544 654 1585 681 fas
1603 658 1673 686 erat,
1690 654 1777 680 cidem
1788 653 1831 679 in-

1041 700 1169 726 tendebat
1183 708 1190 725 :
1207 707 1315 726 omnem
1340 700 1423 726 etiam
1441 699 1692 727 ecclesiasticorum
1708 698 1831 733 negotio-

1044 752 1106 771 rum
1136 753 1229 772 curam
1261 752 1293 772 ac
1323 745 1534 772 sollicitudinem
1567 745 1593 771 in
1621 752 1653 772 eo
1687 751 1830 779 reponens,

1043 789 1153 817 Patrem
1171 791 1283 818 Patrum
1297 791 1449 822 vocitabat,
1467 795 1493 817 et
1513 798 1570 823 eos,
1595 790 1642 825 qui
1667 790 1693 817 in
1710 790 1831 817 Ecclesia

1043 837 1149 871 primos
1174 838 1275 872 gradus
1303 838 1450 869 habebant,
1480 837 1656 869 hortabatur,
1683 841 1713 864 ut
1742 836 1770 863 in
1799 844 1832 863 eo

1044 883 1129 909 animi
1153 890 1234 910 curas
1261 882 1443 914 collocarent;
1476 882 1548 917 quod
1573 889 1640 909 sane
1661 882 1742 909 etiam
1769 885 1833 908 ante

1044 928 1207 963 patriarcha:
1236 929 1455 955 exhortationem
1480 936 1576 956 omnes
1600 928 1745 955 faciebant.
1769 928 1834 954 Erat

1042 974 1125 1005 enim,
1155 974 1305 1001 secundum
1333 975 1405 1008 quod
1437 975 1464 1001 iu
1495 974 1610 1001 Cautico
1645 974 1834 1001 canticorum“

1044 1019 1177 1054 scriptum
1205 1025 1256 1052 est,
1283 1020 1430 1047 admodum
1453 1019 1565 1047 sedulus
1593 1027 1624 1047 ac
1651 1019 1785 1047 sollicitus
1805 1020 1832 1046 in

1043 1065 1162 1100 parvulis
1197 1070 1372 1100 peccatorum
1408 1066 1535 1101 vulpibus
1570 1066 1718 1100 capiendis,
1746 1070 1774 1093 et
1806 1065 1834 1092 in

1042 1111 1174 1146 spiritalis
1201 1115 1280 1138 terrze
1308 1111 1499 1146 peccatoribus
1517 1132 1524 1144 ,
1547 1111 1624 1146 juxta
1654 1111 1763 1138 Davidis
1791 1111 1831 1137 di-

1050 1161 1137 1189 ctum,
1152 1157 1356 1185 interiiciendis.
1373 1157 1508 1185 Praeterea
1525 1158 1647 1184 animum
1658 1157 1767 1184 assidue
1787 1157 1835 1183 tir-

1048 1203 1151 1235 mabat,
1172 1211 1204 1231 ac
1232 1203 1356 1230 stabilem
1380 1203 1522 1235 reddebat,
1542 1210 1660 1238 cumque
1684 1204 1710 1229 in
1730 1210 1835 1230 morem

1044 1249 1118 1276 orbis
1143 1256 1191 1276 seu
1219 1249 1328 1283 spher:e
1365 1248 1398 1276 ad
1419 1248 1545 1275 carnales
1570 1248 1707 1282 appetitus
1733 1247 1836 1281 peccati

1046 1299 1176 1329 tanquam
1191 1294 1218 1321 in
1236 1294 1341 1322 declive
1355 1294 1520 1327 volveretur,
1536 1294 1694 1322 retrahebat
1713 1299 1796 1328 atque
1808 1294 1837 1320 in

1043 1341 1162 1369 sublime
1169 1340 1299 1375 erigebat.
1310 1340 1435 1375 Cumque
1442 1340 1616 1375 quietissime
1627 1340 1682 1367 otio
1691 1339 1837 1372 frueretur,

1044 1391 1070 1414 et
1085 1392 1187 1414 sanctae
1207 1386 1352 1414 Trinitatis
1377 1386 1529 1414 visionibus
1553 1386 1749 1416 illustraretur,
1766 1393 1838 1412 nun-

1044 1439 1126 1467 quam
1135 1431 1303 1463 remittebat,
1312 1431 1358 1458 sed
1368 1438 1477 1466 semper
1488 1430 1587 1458 divina!
1600 1429 1838 1464 contemplationis

1045 1477 1103 1504 alas
1117 1477 1292 1509 intendebat;
1318 1484 1407 1512 neque
1426 1481 1516 1504 mente
1532 1476 1708 1508 efferebatur,
1727 1480 1839 1510 propter

1045 1523 1159 1558 laqueos
1179 1522 1225 1557 qui
1248 1523 1274 1550 in
1299 1522 1455 1549 visionibus
1481 1522 1668 1556 reperiuntur,
1697 1523 1745 1556 per
1768 1528 1840 1556 quos

206 1566 289 1596 σιχῶς
301 1567 547 1602 ὲγκατεσπαρμένα
558 1567 609 1602 τῆς
619 1567 747 1602 γνώσεως
756 1567 910 1603 σπέρματα,
925 1576 994 1594 παν-

1047 1572 1175 1596 versutus
1190 1568 1296 1595 daemon
1314 1567 1440 1596 elationis
1455 1567 1521 1594 vitio
1537 1568 1638 1595 multos
1665 1568 1691 1594 in
1707 1567 1792 1594 ruinae
1807 1573 1840 1593 ac

204 1610 285 1642 τοίως
299 1612 328 1638 ἑν
342 1612 407 1646 ἡμῖν
422 1613 493 1638 κατὰ
509 1613 607 1647 κρᾶσιν
619 1613 666 1640 καὶ
682 1613 802 1648 ίδιότητα
817 1613 996 1648 μεταποιοῦν-

205 1657 252 1684 ταί
266 1665 296 1684 τε
310 1658 358 1684 καὶ
374 1657 552 1690 ὲπαύξονται,
568 1659 636 1694 πρὸς
651 1659 720 1694 ὅπερ
741 1659 856 1691 ἕκαστος
877 1658 996 1693 πέφυκε.

1050 1614 1213 1649 perditionis
1228 1614 1389 1641 barathrum
1403 1614 1521 1647 induxit,
1533 1613 1760 1648 tranquillitatem
1784 1620 1840 1647 prae

1051 1666 1081 1686 se
1099 1658 1189 1685 ferens
1200 1666 1232 1686 ac
1241 1658 1352 1689 docens,
1363 1666 1396 1685 ne
1405 1659 1497 1685 anima
1513 1658 1628 1686 ulterius
1639 1657 1838 1693 progrediatur,

205 1714 254 1742 sed
270 1715 307 1742 ibi
324 1716 438 1750 gradum
458 1716 547 1748 sistat,
567 1721 594 1744 et
608 1717 798 1752 conquiescat,
812 1722 839 1744 et
856 1721 886 1743 ut
898 1724 928 1744 ea
944 1717 1048 1744 semina
1069 1716 1191 1744 scientiae
1211 1720 1238 1743 et
1252 1714 1427 1750 cognitionis,
1445 1723 1506 1751 qua:
1530 1716 1691 1744 naturaliter
1708 1717 1840 1744 seminata

205 1765 280 1794 sunt,
303 1762 414 1789 omnino
430 1762 457 1789 in
475 1763 566 1796 nobis,
588 1763 666 1797 juxta
682 1767 895 1798 temperaturam
910 1763 984 1790 illam
1001 1771 1034 1790 ac
1052 1762 1247 1798 proprietatem
1268 1766 1472 1789 eommutentur
1491 1767 1518 1789 et
1534 1767 1671 1794 crescant,
1697 1761 1731 1789 ad
1757 1769 1840 1797 quam

208 1810 397 1845 unusquisque
416 1811 577 1838 naturaliter
591 1818 746 1846 propensus
761 1815 813 1838 est.

245 1857 295 1884 λα’.
316 1858 374 1884 Καὶ
391 1858 418 1884 τί
443 1858 481 1894 μὴ
499 1858 570 1893 λέγω
593 1858 628 1885 τὰ
648 1859 735 1893 μείζω
758 1859 805 1885 καὶ
830 1858 999 1893 τελεώτερα;

214 1901 304 1938 Ἐὡρα
316 1904 379 1935 τοὺς
393 1903 550 1938 ὀφθαλμοὺς
563 1904 578 1930 ὁ
588 1905 720 1938 γενναῖος,
732 1904 779 1931 καὶ
788 1904 842 1931 ἀπὸ
857 1904 942 1938 μόνης
951 1904 1001 1939 τῆς

207 1949 295 1984 ὂψεως
310 1949 395 1984 ὁποίῳ
409 1949 491 1976 πάθει
506 1949 622 1981 ἕκαστος
635 1950 786 1985 ὲδεσμεῖτο,
804 1948 1001 1984 μυστηριωδῶς

209 1994 410 2030 προδιέγραφεν
420 2015 427 2028 ,
444 1995 511 2030 ὁμοῦ
527 1996 575 2031 μὲν
593 1995 764 2022 ὑπεκκλίνων
779 1997 828 2031 τὴν
841 1995 920 2028 δόξαν
930 2016 938 2028 ,
957 1994 999 2021 ῐνα

210 2041 248 2076 μή
261 2049 303 2072 τις
315 2041 396 2076 τυχὸν
410 2041 587 2076 ὑπολειφθείη
604 2041 681 2077 παρὰ
697 2042 760 2073 τοὺς
773 2042 898 2073 πολλοὺς,
916 2043 930 2068 ὁ
944 2042 1000 2072 τοῖς

210 2088 292 2114 πᾶσιν
309 2088 425 2122 ἄγγελος
436 2088 624 2124 νομιζόμενος,
640 2088 688 2115 καὶ
708 2088 751 2115 ἵνα
768 2089 804 2124 μὴ
823 2087 1001 2123 ὲντρέψῃετὸν

210 2135 402 2170 ἁμαρτάνοντα
413 2155 420 2168 ,
434 2136 481 2161 καὶ
496 2135 538 2162 διὰ
553 2135 632 2162 τοῦτο
647 2136 747 2171 ποιήσῃ
764 2135 832 2170 πρὸς
847 2135 895 2169 τὴν
910 2135 1001 2169 ἁμαρ-

210 2180 271 2206 τίαν
281 2180 523 2216 ἑπιῤῥεπέστεροψ
535 2180 606 2215 φιλεῖ
617 2181 671 2214 γὰρ
681 2181 712 2207 τὸ
724 2180 793 2211 τέως
801 2180 1000 2215 κρυπτόμενον,

210 2225 258 2252 καὶ
271 2225 308 2257 ὼς
324 2226 454 2261 αἰσχύνης
468 2226 549 2261 ἔργον
561 2226 729 2261 νομίζεσθαιο
740 2226 769 2252 τὸ
779 2226 808 2252 δὲ
822 2226 889 2260 προς
901 2225 1001 2256 πολλὰς

211 2268 296 2300 ἀκοὰς
312 2269 433 2303 ἐμπεσὸν
453 2269 692 2306 εὐκαταφρόνητον
719 2270 758 2305 τῷ
773 2269 902 2304 ποιοῦντι
927 2269 1001 2303 λογί-

212 2313 316 2346 ζισθαι.

251 2402 305 2439 λβ’.
326 2403 407 2431 Ἀλλὰ
427 2402 482 2438 γὰρ
500 2403 561 2430 ἐπεὶ
583 2403 637 2430 ἔδει
657 2403 704 2430 καὶ
727 2403 837 2434 τοῦτον,
861 2402 1002 2438 ἄνθρωπον

215 2448 280 2475 ὅντα
296 2448 342 2475 καὶ
357 2449 387 2475 τὸ
410 2449 491 2484 σῶμα
509 2449 559 2484 τῆς
578 2447 771 2480 ταπεινώσεως
790 2447 1001 2482 περικείμενον,

217 2494 318 2529 μᾶλλον
332 2495 361 2521 δὲ
375 2495 404 2521 ὲν
416 2494 570 2530 ὀστρακίνῳ
585 2495 677 2520 σκεύει
690 2494 736 2520 τοῦ
752 2492 878 2528 σώματος
889 2494 936 2519 τὸν
952 2493 1001 2528 μέ-

215 2548 268 2573 γαν
282 2540 332 2576 τῆς
343 2541 443 2575 ἀρετῆς
458 2540 679 2574 περικρύπτοντα
696 2539 854 2574 μάργαρον,
870 2539 1002 2565 ἀναλῦσαι

216 2586 284 2622 πρὸς
294 2586 340 2612 τδν
351 2587 428 2619 Θεὸν,
442 2587 489 2613 καὶ
504 2587 536 2621 τῇ
548 2586 658 2620 ἁληκτῳ
674 2586 842 2620 μαρμαρυγῇ
857 2585 911 2611 τῶν
923 2584 1003 2612 θειων

218 2631 408 2667 θεωρημάτων
427 2632 539 2667 ἁμέσως
554 2631 750 2665 ὲνωραϊζεσθαι
763 2638 769 2644 ’
790 2630 838 2657 καὶ
861 2629 916 2656 τῶν
942 2630 1007 2656 πολ-

217 2678 273 2705 λῶν
309 2678 430 2713 ίδρώτων
459 2679 504 2705 τὸν
532 2679 627 2713 μισθὸν
661 2677 881 2712 συγκομισασθαι
902 2685 908 2692 ·
936 2679 1009 2703 νοσεῖ

221 2723 271 2759 μιν
283 2724 375 2758 ὀλίγον
385 2745 393 2757 ,
409 2724 454 2751 διὰ
469 2724 498 2751 δὲ
513 2725 588 2756 θείας
609 2723 808 2758 ἀποκαλύψεως
828 2724 937 2758 μυεῖται
960 2723 1008 2757 τὴν

220 2768 364 2804 ἐκδημίαν,
379 2769 496 2803 ἀγγέλου
508 2769 595 2804 τούτῳ
605 2770 675 2796 κατὰ
685 2769 747 2800 τοὺς
758 2767 858 2799 ὕπνους
873 2767 1008 2802 λαλήσαν-

221 2823 276 2845 τος.
298 2815 328 2841 ὀ
345 2814 399 2841 τῶν
415 2815 547 2850 νηστειῶν
563 2815 654 2842 τοίνυν
668 2815 828 2851 παρῳχήκει
842 2813 948 2850 καιρὸς,
963 2814 1009 2840 καὶ

257 2902 270 2921 ⁸
286 2903 366 2932 Cant.
385 2912 415 2933 ιι.
433 2904 476 2930 15.

382 2951 514 2981 ΡΑΤιιοι..
538 2951 596 2981 (in.
612 2950 673 2982 CV.

1087 1855 1132 1882 51.
1150 1854 1203 1882 Sed
1224 1861 1274 1882 cur
1290 1853 1395 1887 majora
1421 1860 1453 1880 ac
1473 1852 1638 1887 perfectiora
1661 1854 1841 1887 prmteream?

1053 1900 1081 1928 Si
1098 1907 1179 1936 quem
1193 1906 1344 1935 generosus
1363 1899 1414 1926 iste
1428 1898 1454 1925 in
1467 1898 1556 1926 oculis
1570 1899 1702 1933 vultuque
1718 1900 1841 1934 aspexis-

1052 1951 1104 1978 set,
1117 1954 1149 1974 ex
1167 1946 1227 1973 solo
1239 1950 1361 1980 aspectu,
1379 1951 1499 1979 quanam
1519 1944 1647 1978 passione
1662 1945 1779 1979 quisque
1795 1945 1842 1971 de-

1053 1992 1198 2022 tineretur,
1229 1991 1340 2017 arcanis
1366 1989 1454 2017 modis
1484 1989 1677 2024 praesignabat,
1705 1994 1732 2016 et
1759 1989 1841 2016 simul

1053 2036 1168 2071 gloriam
1183 2035 1350 2068 declinabat,
1363 2042 1396 2062 ne
1408 2034 1470 2069 quis
1481 2033 1550 2062 forte
1566 2041 1627 2061 cum
1642 2042 1724 2069 supra
1741 2035 1842 2062 mullos

1053 2089 1114 2110 csse
1127 2081 1326 2116 suspicaretur,
1343 2081 1389 2116 qui
1402 2081 1436 2107 ab
1454 2080 1583 2107 omnibus
1597 2080 1709 2115 angelus
1724 2081 1843 2107 aestima-

1054 2128 1160 2154 batur:
1189 2131 1216 2154 et
1241 2134 1275 2154 ne
1302 2130 1459 2161 peccantem
1485 2125 1643 2158 innutriret,
1671 2133 1703 2152 ac
1727 2125 1842 2157 foveret,

1053 2177 1136 2208 atque
1160 2172 1194 2200 ad
1215 2172 1384 2208 peccandum
1411 2170 1513 2198 faceret
1539 2171 1742 2206 procliviorem.
1768 2171 1844 2198 Solet

1055 2219 1127 2246 enim
1146 2219 1173 2246 id
1191 2218 1263 2254 quod
1285 2217 1374 2245 adhuc
1394 2217 1532 2245 occultum
1556 2221 1607 2248 est,
1625 2221 1754 2251 tanquam
1774 2224 1844 2252 opus

1017 2283 1041 2312 Ι)
1059 2270 1137 2300 turpe
1164 2264 1291 2292 censeri:
1323 2263 1398 2299 quod
1426 2271 1491 2291 vero
1523 2263 1556 2290 ad
1586 2261 1732 2289 multorum
1763 2270 1844 2290 aures

1058 2311 1191 2345 pervenit,
1223 2309 1429 2344 contemptibile
1457 2309 1491 2335 ab
1528 2315 1561 2336 eo
1590 2308 1637 2342 qui
1666 2312 1762 2342 peccat
1788 2309 1847 2336 exi-

1054 2357 1171 2384 stimari.

1090 2403 1135 2430 52.
1154 2403 1291 2436 Quoniam
1308 2411 1372 2431 vero
1398 2403 1542 2438 oportebat
1559 2403 1646 2438 ipsum
1668 2404 1761 2436 etiam,
1780 2411 1842 2431 cum
1861 2434 1866 2443 ι

1053 2455 1127 2477 esset
1154 2450 1245 2481 homo,
1275 2456 1301 2477 et
1329 2457 1443 2485 corpore
1468 2449 1633 2478 humilitatis
1656 2450 1844 2478 circumdatus

1055 2500 1137 2528 esset,
1163 2495 1205 2523 vel
1226 2497 1316 2530 potius
1342 2496 1367 2523 in
1396 2503 1460 2523 vase
1481 2496 1557 2523 fictili
1577 2496 1701 2531 corporis
1720 2503 1844 2530 magnam

1056 2542 1166 2569 virtutis
1196 2542 1372 2578 margaritam
1411 2542 1601 2569 absconditam
1636 2542 1846 2572 circumferret;

1058 2588 1212 2620 oportebat.
1240 2588 1364 2621 inquam.
1394 2595 1517 2616 remeare
1542 2589 1574 2616 ad
1607 2588 1704 2619 Deum,
1735 2593 1762 2614 et
1795 2588 1846 2614 im-

1058 2633 1162 2661 mensis
1181 2634 1338 2662 divinarum
1366 2635 1628 2670 coutemplationum
1653 2633 1844 2669 splendor-ibus

1059 2680 1217 2708 immediate
1236 2681 1380 2714 illustrari,
1403 2681 1606 2715 multorumque
1626 2679 1754 2708 sudorum
1773 2686 1846 2705 mer-

1058 2727 1152 2754 cedem
1183 2732 1333 2762 reportare,
1365 2728 1448 2762 ctepit
1472 2726 1672 2762 aliquantulum
1696 2728 1844 2759 aegrotare;

1061 2780 1110 2808 per
1136 2773 1256 2800 divinam
1276 2779 1367 2801 autem
1391 2773 1584 2801 revelationem
1611 2777 1670 2797 sese
1688 2771 1752 2796 hinc
1777 2769 1847 2795 emi-

1062 2822 1204 2852 graturum
1225 2818 1367 2852 intellexit,
1398 2818 1495 2854 angelo
1514 2817 1540 2844 id
1564 2816 1590 2843 in
1615 2815 1720 2842 somnis
1743 2813 1848 2850 signiti-

1618 2950 1655 2980 31
