2077 3157
192 241 245 273 973

189 299 242 333 ἀὴρ
256 299 328 330 ἄπας
344 299 527 335 καθηγιάζετο
542 303 589 330 καὶ
608 305 642 340 τῇ
657 307 688 342 τῇ
703 308 847 336 καταθέσει
867 311 914 338 τοῦ
931 312 982 339 τώ-

188 353 282 378 ματος.

187 399 249 417 rum
273 393 373 426 gemitu
396 394 572 428 abeuntibus,
596 406 629 426 eo
664 402 736 436 quod

976 258 1077 290 ΥΙΤΛ.

762 403 835 431 illius
854 412 999 434 ascensum
1020 410 1158 437 sustinere
1175 418 1229 438 non

1771 279 1825 312 974

996 317 1019 345 Α
1035 314 1133 342 itinere
1149 325 1234 352 nuper
1251 319 1437 355 advenientes.
1454 325 1571 358 gemitus
1592 329 1725 366 fletusque
1742 342 1822 364 voces

1034 360 1061 387 in
1087 369 1151 390 aere
1179 364 1354 400 audiverunt,
1380 370 1506 398 celeriter
1531 376 1658 407 pessimis
1679 379 1822 413 spiritibus
1867 409 1869 411 .

1265 421 1389 449 possent.
1413 417 1563 448 Universos
1581 427 1673 453 autem
1690 433 1736 454 aer
1756 436 1822 457 san-

185 436 368 471 ctiﬁeabatur,
394 444 477 474 atque
502 442 583 470 etiam
609 449 680 472 terra
704 449 830 483 corporis
846 450 920 478 illius
934 453 1116 488 depositione.

755 480 762 483 ,
970 480 977 488 .

219 480 266 508 λε’.
287 483 341 508 Καί
358 492 399 514 τις
413 485 494 520 ἀνὴρ,
512 488 630 523 συνήθης
645 489 682 521 ὠς
698 491 732 518 τὰ
746 493 831 519 πολλὰ
846 495 884 529 τῷ
899 496 980 531 ἁγίῳ,

184 527 230 554 καὶ
249 527 299 563 βίῳ
317 527 396 562 λόγον
413 532 539 565 κοσμῶν,
556 535 602 561 καὶ
617 535 655 570 τῷ
672 537 743 573 λόγῳ
762 539 807 565 τὸν
833 527 890 575 βίον

182 575 318 609 ωραῖζων.
329 575 409 610 ἐῴκει
418 579 488 605 κατὰ
497 579 543 606 τδν
558 582 653 618 καιρὸν
665 584 713 618 τῆς
726 586 859 621 ἐκδημίας
867 589 915 624 τῆς
928 599 980 625 μαι

182 620 282 655 καιρίας
293 621 402 655 ἐκείνης
410 622 499 658 ψυχῆς
511 626 618 661 (ττόρρω
631 628 685 664 γὰρ
696 627 752 664 iv)»
767 620 859 667 φὼνῆς
869 620 979 662 ἀέοῦειν

181 667 317 701 καλούσης
337 668 437 694 αὐτόν·
456 670 562 703 Ἐξιοι,
584 674 631 699 καὶ
659 675 741 709 βλέπε
762 679 904 713 παράδοξα
927 683 975 710 καὶ

181 712 242 739 θεῖα
259 714 416 749 μυστήρια·
435 716 530 751 ἀμέλει
551 718 598 745 καὶ
617 722 666 755 τῆς
688 723 808 755 οἰκείας,
829 725 866 757 ὡς
885 727 973 754 ἐδόκει

179 759 287 794 ἐκείνῳ,
300 760 353 786 ὑπὸ
364 761 412 796 τῆς
425 764 515 797 φωνῆς
527 765 725 798 ἀφυπνισῦέντι
740 771 786 796 καὶ
797 771 895 804 ἐξιόντι
909 775 972 808 ὁρᾶ-

177 805 224 830 ται
243 814 269 831 τι
282 805 365 840 φόὸον
385 808 431 833 καὶ
452 811 541 843 χαρὰν
557 811 690 846 ἐμποιοῦν
707 815 808 850 θέαμα.
831 805 972 853 Ἐφαίνετο

176 851 231 886 γὰρ
244 851 305 878 ὅλον
319 852 350 879 τὸ
365 853 447 886 κῦτος
460 855 507 882 τοῦ
521 857 637 892 οὐρανοῦ
654 861 860 898 διασχιζόμενον
877 866 971 901 σώμα-

175 905 230 929 τος,
243 898 277 924 τὰ
288 898 317 924 δὲ
329 899 457 934 τάγματα
467 902 522 928 τῶν
531 903 617 937 ἁγίων
630 906 757 940 ὁμιλαδὸν
768 909 818 944 τῆς
831 898 970 947 μακαρίας

176 945 308 980 περιοχῆς
330 945 497 983 ὲξερχόμενα
508 969 515 982 ,
533 950 563 977 οὺ
584 951 646 978 καθ’
659 952 757 980 ἕνωσιν
779 955 843 990 μίαν
856 945 969 994 καὶ-τὴν

174 990 270 1025 αὐτὴν,
286 991 354 1018 ἀλλὰ
378 995 526 1029 προηγεῖτο
541 995 591 1030 μὲν
608 997 624 1031 ἡ
640 997 695 1024 τῶν
711 999 869 1028 ἀποστόλων
885 990 969 1038 ἀκρό-
982 995 1007 1024 Β

172 1045 222 1071 της
239 1037 307 1072 μετὰ
322 1038 372 1073 τῆς
391 1039 455 1075 ὅλης
473 1041 563 1068 αὐτῶν
585 1043 748 1079 ὁμηγύρεως
762 1066 769 1076 ,
789 1037 931 1083 μάρτυρες
943 1049 970 1077 δὲ

175 1082 245 1116 μετὰ
258 1083 369 1116 τούτους
382 1087 598 1122 συνεφεπόμενοι
613 1090 821 1124 κατεφαίνοντο,
838 1094 887 1120 καὶ
903 1095 969 1121 καθ-

172 1128 237 1163 εξῆς
249 1130 273 1155 οἱ
287 1130 444 1166 προφῆται,
460 1133 508 1159 καὶ
522 1133 577 1160 τῶν
590 1135 678 1162 ἄλλων
697 1136 778 1169 ὁσίως
796 1138 969 1173 βεϐιωκότων

170 1175 204 1200 τὰ
219 1175 312 1211 στίφη,
330 1176 377 1203 καὶ
396 1178 410 1204 ό
427 1178 480 1204 τῶν
497 1179 705 1215 διαπρεψάντων
720 1183 749 1208 ἐν
766 1183 907 1222 ἁγιωσύνῃ
922 1188 968 1213 καὶ

172 1221 365 1259 ἀρχιερωσύνη
376 1224 582 1259 παναγιὼτατος
600 1227 738 1262 σύλλογος.
756 1229 847 1267 Ἐώρα
859 1221 924 1266 γοῦν
937 1235 967 1260 τὺ

171 1267 313 1302 γινόμενον
332 1269 346 1294 ὁ
364 1270 459 1306 ῥηθεὶς
473 1272 576 1303 ἐκεῖνος
589 1273 669 1308 ἀνὴρ,
689 1274 737 1300 καὶ
749 1275 809 1307 ὅλος
821 1275 854 1312 ἦν
865 1279 967 1314 ἐκπλή-

170 1313 239 1346 ξεως
252 1316 387 1351 καθορῶν·
403 1316 460 1343 ἀλλ’
470 1318 521 1345 οὐκ
532 1319 648 1354 ἠδύνατο
664 1321 812 1356 συμϐαλεῖν
826 1324 863 1359 τῷ
877 1333 966 1360 παρα-

169 1360 252 1398 δόξως
268 1363 403 1398 γινομένῳ
424 1363 563 1399 θεάματι,
580 1365 655 1392 ἐνθεν
678 1375 719 1394 τοι
738 1369 785 1395 καὶ
808 1369 965 1407 διηπορεῖτο

170 1407 231 1434 καθ’
249 1409 355 1440 ἑαυτὸν,
374 1409 406 1435 Τί
418 1411 483 1437 ποτέ
503 1411 561 1438 ἐστι
577 1411 606 1438 τὸ
625 1414 783 1449 όρώμενονς
802 1416 858 1443 Καὶ
870 1417 902 1452 δὴ
916 1419 965 1454 τῆς

169 1455 307 1489 προτέρας
331 1455 418 1481 ἐδόκει
440 1457 488 1482 καὶ
506 1456 583 1489 αὗἸις
602 1458 713 1486 ἀκούειν
734 1461 844 1496 φωνῆς·
868 1463 963 1499 Νῆφε,

168 1499 306 1539 ἄνθρωπε,
321 1501 374 1528 ἰδοῦ
388 1501 417 1527 τὸ
430 1502 569 1539 ὁρώμενον
587 1505 718 1540 πρόδηλον
731 1515 737 1521 ·
756 1507 839 1542 ἤκουε
854 1509 939 1537 ταῦτα
955 1519 961 1526 ·

169 1546 216 1572 καὶ
240 1547 292 1582 ὁρᾷ
314 1548 472 1580 νεανίσκους
495 1549 634 1585 τέσσαρας
655 1551 702 1577 τὸν
723 1553 857 1588 ἀριθμὸν,
875 1557 963 1591 πτερὰ

169 1592 381 1626 περικειμένους
395 1594 442 1620 ἐπὶ
457 1594 511 1620 τῶν
528 1594 622 1630 ὤμων,
638 1597 686 1623 καὶ
700 1597 822 1634 ὡσπερεί
838 1609 899 1628 τινα
914 1602 961 1628 κό-

169 1645 219 1671 ρην
235 1637 296 1671 ἄρτι
312 1638 393 1664 καλὸν
407 1639 454 1665 καὶ
470 1640 518 1675 ἡδὺ
533 1641 749 1677 ἀπολάμπωσιν
764 1645 792 1671 ἐν
806 1645 881 1681 μέσῳ
893 1656 960 1674 κατ-

168 1683 297 1718 έχοντας,
315 1685 363 1711 καὶ
381 1686 438 1717 τοῖς
457 1686 511 1713 τιῗν
527 1687 614 1720 ἁγίων
631 1689 744 1716 ἐκείνων
763 1693 853 1726 χοροῖς
868 1694 961 1720 διακε-
973 1679 995 1710 C

166 1728 331 1764 λευομένους
357 1732 404 1758 καὶ
428 1731 574 1766 λέγονταςο
593 1734 711 1768 Δέξασθε
731 1737 792 1771 μεθ’
814 1738 890 1773 ὑμῶν
911 1740 960 1774 τὴν

168 1776 307 1810 μακαρίαν
319 1777 422 1812 ταύτην
437 1777 546 1813 ψυχὴν,
573 1780 635 1815 ἥτις
655 1781 720 1816 ὑμῖν
748 1783 834 1810 πολλὰ
852 1783 960 1818 διεμελ-

166 1820 254 1855 ᾤδησε
281 1822 474 1857 μελῳδὴματα,
494 1824 564 1858 μετὰ
579 1825 627 1851 καὶ
646 1825 692 1851 τοῦ
703 1826 748 1852 τὸν
762 1827 893 1862 ὑμέτερον
903 1828 959 1862 βίον

165 1867 404 1903 ἀπομιμήσασθαι.
426 1869 481 1895 Καὶ
499 1869 603 1902 πάντας
624 1871 697 1906 ἑώρα
715 1872 818 1908 ταύτην
838 1874 959 1906 ἀσπαζο-

166 1913 265 1945 μένους
286 1913 454 1949 περιχαρῶς,
470 1917 706 1953 προηγησαμένης
722 1918 771 1953 τῆς
784 1919 895 1954 Μητρὸς
910 1920 957 1946 τοῦ

163 1957 243 1985 Θεοῦ.

199 2090 253 2124 λς’.
276 2092 385 2127 Ἀμέλει
412 2094 461 2120 καὶ
481 2095 562 2122 πάλιν
577 2096 703 2132 διηπόρει
715 2097 729 2123 ό
744 2097 896 2132 ἄνθρωπος,
908 2099 956 2130 Τίς

163 2146 231 2164 ποτε
246 2138 274 2165 δὲ
290 2138 359 2174 αὕτη
371 2140 388 2174 ἡ
404 2140 540 2176 τοσαύτης
552 2141 601 2176 τῆς
611 2142 690 2177 δόξης
703 2143 890 2176 ἀπολαϐοῦσα,
908 2146 956 2172 καὶ

163 2184 214 2218 τῆς
232 2183 305 2219 ὑπὲρ
327 2184 406 2218 λόγον
426 2185 509 2220 τιμῆς
524 2194 531 2219 ;
545 2186 601 2212 Καὶ
623 2187 719 2214 ἀκούει
739 2188 793 2215 τῶν
816 2189 955 2224 φερόντων

163 2229 271 2265 ἐκείνην
291 2230 416 2264 ἀγγέλων
428 2231 582 2267 διαπρυσίῳ
599 2234 691 2269 φωνῇ·
708 2230 792 2265 Οὗτός
805 2235 879 2260 ἐστιν
900 2235 956 2261 Ἰω-

162 2274 228 2309 σὴφ,
256 2275 355 2310 Ἰωσὴφ
376 2275 430 2302 τῶν
452 2275 622 2312 Ἐκκλησιῶν
638 2278 653 2313 ἡ
669 2278 870 2313 εὐπρέπεια,ὂς
884 2279 954 2306 ἁπο-

162 2321 264 2348 στόλων
277 2322 323 2348 τὸν
336 2322 393 2357 βίον
404 2323 451 2349 καὶ
466 2323 519 2349 τῶν
538 2324 685 2359 μαρτύρων
700 2325 728 2350 ἐν
741 2324 791 2360 βίῳ
803 2325 894 2357 καλῶς
907 2334 954 2361 μι-
967 2326 991 2355 ῐ)

162 2368 331 2403 μησάμενος,
347 2369 414 2396 ἀλλὰ
434 2370 481 2396 καὶ
501 2370 606 2402 πάντας
622 2372 742 2406 τιμήσας
758 2373 791 2407 τῇ
819 2372 949 2408 δεδομένῃ

160 2414 248 2448 τούτῳ
262 2414 337 2450 παρὰ
347 2414 395 2441 τοῦ
413 2415 572 2450 Πνεύματος
583 2416 686 2451 χάριτι,
710 2417 822 2452 ᾄσματά
847 2427 876 2445 τε
891 2419 950 2446 θεῖα

159 2459 264 2491 τούτοις
277 2460 360 2492 ἀξίως
373 2461 423 2495 τῆς
439 2461 542 2493 οἰκείας
558 2462 653 2496 σοφίας
677 2464 723 2489 καὶ
747 2463 872 2497 γνώσεως
888 2464 951 2491 πλέ-

161 2506 221 2538 ξις,
239 2507 313 2542 παρὰ
328 2508 432 2534 τούτων
444 2506 520 2539 αὖθις
540 2509 726 2544 ἁντιτιμὶται,
745 2510 846 2546 ταύτην
864 2511 950 2538 ὕπαν-

159 2552 208 2587 τὴν
222 2553 289 2587 πρὸς
306 2554 439 2589 οὐρανοὺς
454 2556 615 2590 είσιτήριον,
634 2555 706 2581 οὕτω
721 2555 789 2582 Θεοῦ
805 2556 949 2590 διατάξαν-

159 2606 214 2630 τος,
242 2598 284 2625 ἵνα
299 2600 395 2634 μηδεὶς
417 2600 471 2626 τῶν
494 2602 541 2627 ἀπ’
565 2601 663 2633 αἰῶνος
686 2601 772 2636 ἁγίων
789 2602 856 2638 ἀπῇ,
878 2604 948 2630 ὥστε

159 2643 263 2675 πάντας
279 2644 347 2679 ὁμοῦ
367 2645 570 2681 συνδραμόντας
587 2646 694 2673 τελέσαι
709 2647 755 2673 τὸν
771 2648 948 2684 ἑπιὸατήριον

159 2688 199 2723 τῷ
212 2689 327 2723 γενναίῳ
343 2690 429 2726 τούτῳ
441 2691 547 2727 ζηλωτῇ
562 2700 592 2718 τε
603 2692 650 2718 καὶ
663 2694 779 2728 μιμητῇ.
802 2693 882 2720 Ἀ).λά
894 2695 949 2730 γὰρ

158 2736 206 2760 καὶ
223 2734 263 2761 ἔτι
291 2733 374 2770 βλέπε
399 2736 445 2763 καὶ
473 2738 506 2764 τὰ
523 2737 625 2764 τούτων
651 2738 874 2773 παραδοξότατα·
901 2741 948 2767 καὶ

158 2779 218 2815 ἅμα
232 2781 336 2815 ἔλεγον,
350 2783 397 2808 καὶ
411 2783 473 2815 ὃλος
487 2783 601 2818 οὐρανὸς
624 2784 782 2817 ὲξεκένωτο,
796 2786 843 2812 καὶ
857 2786 947 2819 τάξεις

159 2827 245 2854 πᾶσαι
260 2827 315 2854 τῶν
334 2828 469 2862 οὐρανίων
493 2829 647 2864 δυνάμεων,
667 2831 784 2865 ἐντίμως
804 2833 875 2867 ἄγαν
902 2834 948 2860 καὶ

157 2871 280 2904 εὐλαϐῶς
294 2873 513 2909 κατησπάζοντο,
540 2875 595 2902 Καὶ
611 2877 660 2902 οὐκ
682 2877 722 2903 ἔτι
741 2878 855 2910 δυνατὸς
880 2880 947 2915 ὁρᾷν

158 2915 193 2952 ἦν
206 2919 221 2944 ὁ
241 2919 289 2953 τῆς
306 2919 421 2954 θεωρίας
436 2920 537 2955 ταύτης
549 2921 730 2954 καταξιωῦεὶς
754 2923 789 2950 τὰ
806 2925 945 2958 ἐπέκεινα,

159 2963 212 2990 ὑπὸ
226 2964 325 3000 πολλῆς
340 2965 458 3000 ἀγωνίας
474 2965 564 3001 ἱδρῶτι
576 2967 667 3003 λεπτῷ
679 2969 847 3004 πανταχόθεν
860 2980 946 2998 κατα-

1067 499 1110 526 55.
1126 499 1173 527 Vir
1187 507 1278 530 autem
1291 505 1402 540 quidam
1423 510 1509 537 sancti
1525 510 1605 546 hujus
1621 519 1821 548 consuetudine

1030 543 1132 577 clarus,
1149 548 1195 581 qui
1215 549 1269 576 vita
1285 558 1442 581 sermonem
1463 558 1623 592 exornabat,
1643 565 1670 589 et
1692 570 1821 595 sermone

1028 590 1114 648 v'ilam
1131 592 1290 627 decorabat.
1305 602 1387 632 atque
1403 599 1442 626 illi
1466 603 1544 631 valde
1559 590 1658 635 similis
1675 615 1751 644 erat;
1771 620 1820 648 per

1028 635 1093 648 :l..l
1119 642 1186 648 I—A»r
1335 643 1341 648 '
1440 646 1465 648 ’⁸⁷

1028 635 1093 663 illud
1118 642 1235 674 tempus,
1259 649 1314 677 quo
1333 643 1413 672 beata
1438 646 1512 676 illius
1536 650 1628 679 anima
1652 635 1816 691 emigrab'at.

1027 690 1090 710 eum
1108 686 1202 718 procul
1224 694 1305 721 esset,
1324 697 1419 719 vocem
1435 694 1540 722 audivit
1562 686 1762 736 vocantemvsc,
1785 712 1818 733 ac

1027 728 1182 758 dicentem:
1207 731 1341 768 Egredere
1366 744 1398 765 ac
1421 739 1482 766 vide
1504 740 1650 774 mirabilia.
1675 750 1702 773 et
1725 728 1816 777 divina

1027 776 1169 810 mysteria.
1194 777 1317 815 Denique
1341 790 1354 808 a
1372 782 1500 812 familiari
1522 795 1599 819 voce,
1618 795 1646 817 ut
1669 792 1721 819 sibi
1739 794 1814 822 vidc-

1025 820 1116 852 batur,
1130 824 1352 859 expergefactus,
1366 832 1393 855 et
1410 836 1548 864 egressus,
1569 834 1701 864 visionem
1717 847 1815 873 quam-

1025 866 1087 892 dam
1103 866 1201 896 timore
1216 871 1368 906 gaudioque
1384 873 1490 907 plenam
1509 881 1662 913 conspexit.
1682 866 1814 913 Universa

1024 912 1097 939 enim
1124 915 1185 941 (ια-Η
1213 916 1328 944 latitudo
1349 919 1466 947 discindi
1493 923 1645 957 videbatur,
1673 934 1756 964 atque
1780 940 1813 961 ex

1025 957 1105 985 beato
1121 959 1168 986 illo
1190 961 1251 988 sinu
1273 965 1411 992 turmatim
1427 973 1583 997 sanctorum
1602 957 1810 1009 ordines-exire.

1021 1011 1076 1030 non
1091 1006 1202 1040 quidem
1224 1016 1278 1036 uno
1293 1010 1444 1047 eodemque
1460 1015 1558 1049 modo;
1576 1018 1622 1045 sed
1645 1021 1734 1054 primo
1750 1024 1811 1059 qui-

1025 1049 1053 1059 J-
1067 1058 1080 1059 η
1180 1058 1183 1059 ν
1206 1053 1213 1059 “
1406 1058 1409 1059 ⁷

1023 1049 1083 1076 dem
1108 1053 1294 1086 apostolomm
1311 1058 1456 1085 summitas
1480 1067 1543 1087 cum
1561 1063 1688 1093 universo
1703 1049 1813 1097 illonum

1021 1099 1094 1122 coetu
1115 1098 1263 1131 'proilibat:
1288 1108 1350 1135 post
1367 1102 1416 1130 bos
1441 1110 1533 1133 autem
1558 1114 1694 1146 martyres
1713 1121 1812 1143 conse-

1021 1142 1138 1175 quentes
1149 1146 1335 1178 apparebant:
1349 1150 1488 1183 prophetae
1500 1142 1640 1189 deinceps,
1655 1162 1681 1184 et
1693 1142 1810 1188 aliorum

1020 1193 1180 1217 sanctorum
1216 1192 1262 1226 qui
1281 1193 1345 1221 olim
1363 1196 1498 1229 vixerant,
1519 1200 1604 1232 acies,
1622 1207 1649 1230 et
1669 1206 1812 1238 pontificio

1019 1233 1153 1268 dignitate
1169 1236 1291 1272 insignes
1306 1239 1426 1273 fuerant,
1444 1245 1648 1276 sanctissimum
1665 1251 1810 1287 collegium

1018 1279 1169 1308 visebatur.
1195 1283 1354 1317 Aspicicbat
1377 1294 1442 1322 ergo
1461 1289 1504 1316 vir
1520 1293 1668 1325 przedictus
1688 1296 1714 1324 id
1734 1279 1810 1333 quod

1017 1324 1108 1357 ﬁebat,
1123 1332 1253 1364 totusque
1265 1335 1378 1366 stupore
1391 1335 1488 1368 plenus
1500 1324 1569 1371 erat,
1584 1339 1648 1367 dum
1661 1324 1808 1377 aspiCEret.

1018 1378 1071 1398 non
1089 1377 1178 1401 tamen
1202 1381 1310 1410 poterat
1326 1379 1404 1413 plene
1420 1383 1532 1417 assequi
1555 1389 1638 1420 atque
1655 1387 1809 1426 intelligere

1016 1419 1201 1451 spectaculum
1228 1422 1293 1449 illud
1312 1424 1521 1461 admirandum;
1547 1436 1690 1466 propterea
1717 1419 1808 1465 mcum

1016 1461 1097 1490 dubia
1119 1470 1202 1500 atque
1221 1467 1284 1495 hinc
1309 1469 1372 1497 inde
1388 1472 1490 1506 agitata
1511 1475 1602 1504 aiebat
1615 1479 1672 1513 ipse
1690 1488 1804 1511 secum:

1020 1509 1156 1542 Quidnam
1178 1517 1219 1540 est
1241 1515 1292 1542 hoc
1315 1517 1388 1550 quod
1405 1525 1455 1552 ego
1475 1520 1569 1549 video?
1585 1509 1661 1552 Tunc
1678 1527 1752 1556 visus
1765 1509 1807 1557 est

1014 1555 1066 1582 sibi
1091 1556 1143 1591 ipsi
1162 1566 1256 1586 vocem
1272 1561 1359 1595 illam,
1376 1571 1458 1598 quam
1475 1570 1554 1594 antea
1577 1570 1731 1605 audiverat,
1749 1575 1802 1603 ite-

1014 1609 1074 1628 rum
1089 1603 1183 1631 audire
1205 1605 1340 1634 dicentem
1367 1609 1439 1637 sibi:
1460 1610 1573 1647 Evigila,
1596 1623 1613 1641 ο
1633 1618 1724 1652 homo,
1742 1627 1806 1648 ecce

1014 1648 1188 1676 manifestum
1212 1655 1252 1678 est
1274 1652 1299 1678 id
1325 1653 1399 1688 quod
1424 1655 1518 1684 vides:
1546 1659 1608 1686 audi
1632 1660 1699 1689 haec.
1717 1648 1804 1693 'Tune

1013 1694 1079 1720 vidit
1094 1700 1213 1729 quatuor
1224 1697 1339 1731 juvenes
1355 1700 1493 1730 habemtes
1508 1703 1565 1732 alas
1574 1705 1647 1734 circa
1662 1707 1803 1744 humeros,

1011 1743 1038 1766 et
1050 1740 1130 1768 veluti
1147 1743 1264 1776 puellam
1281 1746 1428 1780 quamdam
1444 1748 1650 1782 pulchritudine
1665 1761 1697 1781 ac
1709 1740 1804 1783 suavi;

1013 1790 1068 1813 tale
1090 1787 1209 1822 undique
1234 1791 1374 1824 perfusam
1399 1797 1523 1822 tenentes
1547 1795 1573 1822 in
1600 1798 1700 1830 medio.
1718 1805 1801 1836 atque

1012 1831 1122 1859 illorum
1135 1839 1295 1862 sanctorum
1307 1836 1400 1865 choris
1412 1839 1601 1874 prmcipientes
1612 1850 1644 1870 ac
1655 1844 1778 1874 dicentes
1791 1857 1799 1874 :

1012 1877 1148 1913 Suscipite
1170 1881 1312 1908 vobiscum
1340 1883 1448 1910 beatam
1476 1885 1547 1913 hanc
1578 1889 1709 1923 animam,
1738 1900 1800 1927 quae

1011 1924 1088 1951 vobis
1107 1925 1240 1959 plurimas
1255 1927 1399 1955 cautiones
1415 1931 1579 1959 suavissime
1595 1934 1733 1963 modulata
1746 1943 1797 1970 est,

1010 1973 1184 2005 vestramque
1209 1971 1293 1998 vitam
1319 1973 1424 2001 imitata
1446 1980 1497 2002 est.
1525 1976 1557 2004 Et
1578 1978 1662 2006 simul
1686 1981 1798 2010 videbat

1010 2015 1070 2042 illos
1091 2023 1187 2044 omnes
1209 2025 1270 2044 eam
1286 2019 1474 2054 amplexantes
1496 2030 1592 2058 magna
1609 2032 1673 2052 cum
1692 2026 1796 2062 laetitia,

1010 2059 1094 2088 Matre
1109 2060 1154 2088 Dei
1173 2062 1338 2098 principium
1358 2065 1440 2101 hujus
1455 2067 1492 2094 rei
1509 2067 1627 2097 faciente

1044 2106 1090 2134 56.
1110 2107 1196 2135 Porro
1211 2117 1321 2137 rursum
1342 2112 1424 2139 homo
1440 2114 1524 2148 cepit
1542 2116 1690 2151 ambigere.
1704 2126 1735 2147 ac
1752 2127 1796 2148 se-

1009 2159 1072 2179 cum
1090 2153 1211 2188 eolloqui
1225 2163 1232 2181 :
1247 2155 1377 2188 Quaenam
1395 2157 1452 2186 haec
1465 2163 1517 2191 est,
1532 2168 1592 2195 qua:
1608 2165 1680 2189 tanta
1694 2163 1794 2192 fruitur

1010 2197 1097 2231 gloria
1113 2202 1196 2233 atque
1217 2198 1346 2227 ineffabili
1366 2202 1485 2229 honore?
1499 2203 1666 2240 Audivitque
1683 2209 1793 2243 angelos

1007 2241 1095 2276 ipsam
1112 2243 1230 2272 ferentes
1251 2246 1342 2274 dicere
1357 2246 1409 2274 sibi
1426 2255 1492 2275 voce
1509 2250 1670 2284 perspicua:
1688 2241 1737 2280 Hic
1750 2259 1795 2282 est

1006 2287 1117 2323 Josepb,
1133 2289 1233 2325 Joseph
1250 2291 1436 2320 Ecclesiarum
1452 2294 1535 2322 decus
1549 2300 1577 2322 et
1589 2303 1791 2332 ornamentum,

1005 2334 1053 2369 qui
1072 2337 1259 2370 apostolorum
1278 2345 1310 2365 ac
1326 2345 1477 2374 martyrum
1494 2341 1575 2368 vitam
1590 2341 1643 2369 vita
1657 2351 1705 2371 sua
1722 2352 1791 2379 pra?-

1004 2380 1077 2408 clare
1093 2381 1216 2410 imitatus
1227 2388 1278 2416 est,
1295 2389 1321 2411 et
1337 2384 1449 2420 insuper
1463 2386 1608 2414 universos
1625 2387 1688 2417 illos
1705 2390 1790 2418 hono-

1003 2426 1075 2453 ravit
1090 2435 1138 2461 per
1153 2429 1268 2462 gratiam
1286 2430 1337 2457 sibi
1359 2438 1373 2457 a
1397 2431 1500 2466 Spiritu
1526 2438 1620 2460 sancte
1638 2434 1766 2463 tributam
1779 2446 1788 2464 ε

1003 2475 1030 2499 ct
1044 2473 1151 2500 cantica
1166 2473 1259 2501 divina
1276 2476 1411 2510 sapientia
1435 2484 1468 2504 ac
1490 2477 1603 2505 scientia
1629 2487 1678 2507 sua
1694 2481 1786 2514 digna,

1004 2518 1029 2545 in
1057 2519 1213 2547 earumdem
1239 2520 1346 2548 laudem
1369 2523 1535 2556 modulatus,
1563 2533 1635 2553 nunc
1661 2527 1696 2554 ab
1721 2528 1787 2562 ipsis

1002 2563 1061 2591 vice
1078 2572 1155 2593 versa
1180 2566 1350 2594 honoratur:
1367 2568 1403 2594 ita
1420 2568 1476 2596 Deo
1491 2569 1637 2598 ordinante
1653 2572 1724 2600 hunc
1740 2581 1787 2600 oc-

1002 2616 1113 2637 cursmn
1140 2610 1166 2637 in
1190 2611 1280 2646 primo
1310 2612 1383 2640 illius
1409 2614 1442 2640 ad
1468 2614 1567 2642 (mlum
1597 2618 1733 2652 ingresul,
1757 2623 1787 2645 ut

1003 2655 1094 2683 nullus
1120 2660 1280 2684 sanctorum
1300 2657 1348 2692 qui
1367 2657 1480 2693 fuerunt
1501 2668 1619 2695 unquam
1638 2669 1653 2688 a
1673 2662 1784 2693 saeculo,

1002 2700 1086 2733 absit,
1104 2701 1151 2728 sed
1169 2709 1264 2730 omnes
1290 2703 1372 2730 simul
1392 2709 1597 2735 concurrentes,
1620 2713 1783 2739 generosum

1003 2745 1077 2773 hunc
1105 2747 1219 2774 zelotem
1237 2751 1264 2774 et
1287 2747 1453 2776 imitatorem
1477 2750 1622 2782 deducant,
1643 2755 1723 2784 atque
1745 2751 1783 2778 illi

1001 2791 1035 2818 ad
1052 2791 1137 2819 cados
1155 2800 1301 2820 ascensum
1321 2793 1432 2821 faciant.
1450 2793 1559 2825 Verum,
1581 2795 1671 2829 aspice
1687 2800 1784 2829 prazte-

1002 2844 1047 2864 rea
1060 2837 1094 2864 ad
1107 2838 1164 2865 hmc
1176 2846 1283 2866 summe
1295 2840 1466 2872 maximeque
1474 2840 1644 2867 admiranda.
1657 2840 1720 2868 Hauc
1731 2842 1780 2875 ait,

999 2887 1027 2910 et
1042 2883 1203 2911 universum
1221 2885 1321 2912 coelum
1338 2889 1499 2913 evacuatum
1515 2889 1596 2919 atque
1610 2886 1781 2916 exinanitum

999 2935 1051 2960 est,
1065 2937 1216 2965 omnesque
1225 2931 1335 2958 ordines
1345 2930 1496 2957 caelestium
1512 2935 1675 2965 potestatum
1687 2940 1780 2968 egres-

999 2982 1047 3006 sre,
1075 2975 1151 3002 illum
1170 2982 1269 3011 magno
1292 2983 1352 3003 cum
1372 2975 1474 3003 honore
1499 2983 1530 3003 ae
1552 2978 1702 3006 reverentia
1723 2985 1781 3006 am-
