2077 3157
286 269 339 301 975
837 263 867 294 s.
889 263 1046 294 JOSEPllI
1067 263 1348 295 HYMNOGRAPIII
1858 260 1906 297 916

286 328 478 364 plexabantur.
494 324 587 360 Neque
603 322 719 351 ulterius
735 322 776 349 vir
796 322 841 350 ille
862 323 955 354 videre
973 323 1072 357 potuit,

1134 324 1303 360 πταζόμενος.
1320 323 1388 351 Τίνα
1401 323 1507 357 ταῦτα;
1528 322 1559 350 Ἢ
1571 322 1639 359 πρὸς
1657 322 1705 359 τὴν
1720 322 1798 358 ἁγίαν
1811 322 1907 360 Τριάδα

287 374 334 409 qui
357 371 515 408 hujusmodi
532 369 688 404 spectaculo
703 367 802 404 dignus
820 367 910 396 factus
924 368 1022 401 fuerat,
1039 370 1075 396 oh

1134 370 1270 405 εἰσαγωγὴ
1283 370 1332 397 καὶ
1346 370 1541 405 προσκύνησις,
1553 370 1570 406 ἡ
1587 369 1720 404 μετὰτῶν
1734 369 1854 407 ἀγγέλων
1864 379 1909 397 παι

287 423 401 450 multam
416 420 554 456 agoniam,
569 418 710 453 animique
721 417 874 451 angustiam
889 417 1074 445 minutissimo

1134 417 1272 452 ράστασις,
1291 417 1308 452 ἡ
1323 416 1442 452 ἆρῤητος
1457 416 1558 450 γνῶσις
1574 414 1659 450 αὐτῆς
1678 415 1753 451 αὐτῷ
1766 417 1910 451 κεχυμένης

287 469 388 496 sudore
411 467 533 501 undique
555 465 680 492 stillante
699 463 839 499 perfusus.
865 463 994 496 Quaenam
1011 467 1076 491 sunt

1134 463 1250 498 ἀμέαως,
1264 463 1308 489 διὰ
1317 463 1365 498 τὴν
1379 462 1464 498 χωρὶς
1479 462 1741 497 παραπετασμάτων
1755 462 1909 497 ἀνάκρισιν.

292 514 367 542 haec?
381 513 421 540 Ad
441 511 645 540 sanctissimam
663 507 824 537 Trinitatem
845 510 978 537 admissio
995 515 1078 545 atque
1097 516 1226 536 acceSSus
1240 514 1268 536 ut
1281 516 1342 536 eam
1357 509 1503 542 adoraret;
1538 513 1629 535 astare
1659 516 1721 535 cum
1738 509 1839 543 angelis
1853 513 1912 536 ante

287 563 379 589 illam:
396 559 543 588 inen'abilis
560 559 593 587 de
611 558 707 587 eadem
727 557 843 585 scientia
858 557 897 584 illi
930 557 990 585 sine
1023 555 1115 584 medio
1136 556 1237 590 infusa,
1263 561 1375 591 propter
1399 555 1678 583 communicationem
1709 556 1768 583 sine
1798 556 1852 584 ullo
1869 564 1913 584 vc-

285 609 397 636 lumine.

323 657 369 683 57.
392 655 486 690 Neque
506 659 572 681 vero
597 659 697 681 novum
718 651 811 687 aliqua
829 657 862 679 ex
886 655 963 686 parte
991 650 1078 678 videri

287 702 380 734 debet,
403 701 427 729 si
453 699 616 735 hujusmodi
644 699 750 726 honore
773 698 800 725 in
826 705 941 725 ascensu
969 703 1018 724 suo
1045 697 1078 723 ad

289 748 389 776 emlum
408 746 507 782 dignus
528 746 618 773 factus
632 749 684 773 est.
706 745 746 772 Ab
762 743 816 772 illis
832 744 905 771 enim
927 743 1079 770 honoratus

289 798 342 827 est,
355 801 417 820 cum
433 791 534 827 quibus
547 790 623 818 illum
642 798 750 825 semper
764 790 893 816 honorari
906 786 1011 824 justum
1026 793 1078 815 est.

291 839 400 867 Etenim
418 839 528 865 illorum
545 837 628 863 vitam
648 835 745 863 sedulo
764 835 912 870 descripsit
926 840 1008 869 atque
1024 834 1080 861 ela-

292 885 412 916 boravit;
429 892 491 911 cum
509 882 643 918 apostolis
659 885 791 916 tanquam
813 880 956 916 apostolus
972 888 1080 908 connu-

289 929 457 961 merandus;
476 935 538 955 etnn
559 925 726 961 martyribus
748 931 878 961 tanquam
898 931 1013 962 martyr,
1033 926 1080 961 qui

1165 646 1215 680 λζ’.
1244 646 1346 674 Καινίιν
1373 646 1402 674 δὲ
1426 647 1536 677 πάντως
1551 646 1629 673 οὐδὲν
1654 647 1678 673 εἱ
1694 647 1820 681 τοιαύτης
1842 648 1870 674 ὲν
1882 649 1914 684 τῇ

1129 695 1215 729 ἀνόδῳ
1231 694 1314 728 τιμῆς
1329 693 1499 729 κατηξίωτο·
1516 692 1593 728 παρά
1611 693 1666 729 γὶρ
1684 693 1790 720 τούτων
1810 693 1917 729 τετίμη-

1130 749 1184 772 ται,
1201 737 1242 771 οἷς
1259 739 1302 766 ἀεὶ
1317 739 1499 774 συντιμᾶσθαι
1513 738 1617 765 δίκαιόν
1630 739 1714 771 ἐστιν,
1732 739 1773 765 ὅτι
1795 740 1842 765 καὶ
1859 740 1918 766 τού-

1130 795 1185 813 των
1199 784 1245 813 τδν
1266 785 1323 821 βίον
1346 784 1574 820 ἀπηκριὸώσατο,
1595 785 1651 816 τοῖς
1673 785 1836 817 ἀποστόλοις
1860 793 1918 812 συν.

1131 832 1346 867 ἀριθμούμενος,
1357 831 1395 863 ὡς
1409 831 1569 863 ἀπόστολος·
1585 831 1641 862 τοῖς
1657 830 1793 866 μάρτυσιν
1802 830 1839 863 ὡς
1851 832 1918 867 μάρ-

1131 887 1180 910 τυς
1201 878 1379 913 ἀναίμακτος,
1400 878 1442 904 ὅτι
1456 877 1502 904 τὸν
1530 877 1612 904 πόνον
1633 877 1734 912 μᾶλλον
1755 877 1875 904 ἐπέτεινε
1886 879 1918 913 τῇ

1131 925 1181 960 τῆς
1195 923 1268 959 ζωῆς
1279 923 1483 959 ἀποκληρώσει,
1496 923 1544 950 καὶ
1554 923 1707 958 παρατάσει
1724 923 1764 958 τῷ
1775 923 1866 959 οἰκείῳ
1876 923 1924 950 τοῦ

294 975 359 1001 licet
382 981 510 1001 cruorem
533 980 588 1000 non
604 972 742 1005 effuderit,
760 973 913 1008 graviorem
934 978 1024 1001 tamen
1043 974 1081 1000 la-

1135 967 1287 1000 συνειδότος
1302 968 1446 1003 μαρτυρὶῳ
1457 967 1680 1002 ἐπαγαλλόμενος
1692 974 1699 981 ·
1718 969 1776 999 τοῖς
1790 968 1872 999 ὁσίοις
1885 968 1920 999 ὡς

291 1020 387 1047 borem
413 1019 540 1046 tolerarit
566 1018 592 1046 in
610 1026 641 1046 ea
661 1019 726 1051 vita,
741 1026 823 1053 quant
843 1018 894 1046 sibi
916 1017 997 1054 elegit
1012 1024 1039 1046 et
1055 1019 1081 1045 in

292 1073 346 1101 qua
360 1065 406 1092 diu
421 1063 541 1095 duravit,
564 1064 641 1092 lamus
657 1064 799 1092 sustinens
822 1064 960 1092 familiare
976 1069 1081 1099 marty-

292 1111 376 1141 rium,
387 1110 458 1144 quml
470 1109 528 1144 ipse
539 1113 646 1136 tantum
659 1113 772 1136 noverat
784 1118 790 1136 :
804 1117 866 1136 cum
876 1109 1083 1137 conlessoribus

294 1161 425 1191 tanquam
440 1155 583 1183 confessor
593 1158 717 1182 sanetam
735 1154 856 1182 animam
870 1163 957 1189 usque
968 1155 1001 1182 ad
1015 1156 1084 1182 ima-

295 1203 463 1238 ginationem
477 1206 581 1230 castam
597 1208 748 1236 puramque
758 1200 878 1228 eﬂieieus
890 1209 898 1227 ε
911 1208 971 1229 cum
989 1201 1022 1228 iis
1037 1201 1083 1236 qui

294 1249 388 1276 futura
421 1248 583 1284 praevident,
624 1252 756 1282 tanquam
786 1255 839 1274 non
865 1255 964 1283 expers
990 1247 1084 1282 gratia:

293 1294 481 1329 praedictionis
500 1293 668 1325 futurorum,
685 1293 748 1328 plus
765 1293 870 1321 habens
890 1301 973 1328 quam
988 1301 1084 1322 omnes

293 1341 339 1369 alii
363 1342 416 1376 (ut
437 1340 541 1376 aliquid
565 1342 626 1375 plus
641 1340 721 1367 beato
740 1339 804 1367 huic
823 1339 961 1376 gratiﬁcer
974 1339 1004 1375 );
1020 1347 1083 1367 nam

294 1393 377 1421 supra
391 1393 487 1413 omnes
510 1385 579 1412 alios
597 1385 656 1419 ipse
677 1384 800 1411 animum
819 1383 948 1419 apposuit
963 1384 996 1411 ad
1015 1392 1084 1419 pan-

294 1430 398 1465 geudas
420 1429 634 1457 cncomiasticas
657 1428 799 1455 cautiones
822 1435 871 1463 per
890 1429 1083 1456 suavissimam

294 1479 380 1510 atque
404 1474 612 1502 ornatissimam
636 1474 800 1501 melodiam:
819 1474 877 1509 ipse
893 1481 957 1502 vero
978 1474 1011 1501 ab
1024 1482 1085 1502 om-

294 1520 378 1548 nibus
400 1521 500 1548 meruit
518 1521 544 1547 in
560 1520 702 1548 ccelestem
719 1520 869 1547 thalamum
886 1527 948 1547 cum
969 1521 1083 1554 honore,

295 1566 361 1593 nulli
384 1567 430 1593 alii
454 1573 598 1598 concesso,
621 1566 772 1593 ascendens
788 1566 897 1594 deduci.
913 1566 998 1602 Magis
1020 1574 1085 1601 ergo

294 1617 322 1639 et
334 1611 444 1644 fruitur,
458 1616 486 1639 et
501 1611 657 1639 confruitur
677 1619 738 1639 eum
758 1611 813 1639 illis
829 1612 933 1639 honore
947 1619 979 1639 ac
994 1612 1085 1647 splen-

294 1657 362 1685 dore
378 1666 393 1685 a
410 1658 586 1685 sanctissima
602 1657 736 1684 Trinitate
747 1658 799 1685 sibi
813 1658 1028 1690 communicato.
1041 1659 1084 1686 cui

1133 1015 1217 1046 ὅσιος,
1231 1013 1316 1048 ἁγνὴν
1330 1011 1381 1047 τὴν
1402 1011 1486 1047 ἁγίαν
1499 1012 1589 1048 ψυχὴν
1610 1012 1659 1040 καὶ
1673 1012 1757 1048 μέχρι
1778 1013 1921 1048 φαντασίας

1134 1060 1378 1096 ἀπεργασάμενος·
1397 1060 1452 1092 τοῖς
1469 1059 1607 1095 προορῶσι
1616 1059 1651 1086 τὰ
1668 1059 1812 1094 μέλλοντα,
1827 1059 1864 1091 ὡς
1877 1059 1922 1094 τῆς

1135 1106 1314 1143 προρρήσεως
1332 1106 1383 1133 οὐκ
1407 1105 1531 1142 ἀμοιρῶν
1560 1105 1607 1132 τοῦ
1635 1105 1825 1141 χαρίσματος·
1845 1105 1922 1132 πλέον

1135 1150 1204 1189 ἔχων
1214 1152 1344 1180 ἁπάντων
1354 1151 1410 1187 (ἵνα
1421 1160 1448 1178 τι
1459 1151 1541 1178 πλέον
1548 1150 1588 1187 τῷ
1600 1151 1729 1187 μακαρίῳ
1744 1151 1922 1188 χαρίσωμαι),

1134 1199 1176 1226 ὃτι
1196 1200 1253 1231 τοῖς
1269 1197 1360 1230 ἀλλοις
1375 1196 1459 1226 πᾶσιν
1473 1197 1555 1229 αὐτὸς
1571 1197 1690 1233 ἐπέθηκε
1705 1197 1751 1224 διὰ
1773 1198 1822 1233 τῆς
1840 1198 1923 1232 ἐμμε-

1134 1244 1198 1277 λοῦς
1215 1242 1349 1280 μελῳδίας
1362 1243 1412 1279 τὴν
1426 1242 1527 1279 ψυχὴν,
1545 1243 1690 1279 εὐκόσμως
1705 1243 1828 1278 ἄγουσαν
1840 1244 1923 1278 ἐγκω-

1137 1290 1268 1325 μιαστικά
1284 1289 1477 1326 μελῳδήματα.
1493 1289 1580 1322 Αὐτὸς
1600 1288 1630 1317 ὁὶ
1645 1289 1722 1325 παρά
1736 1290 1848 1317 πάντων
1863 1289 1924 1324 μίαν

1135 1336 1237 1371 ταύτην
1270 1336 1355 1372 τιμὴν
1389 1336 1565 1372 εισὸατήριον
1592 1335 1765 1372 εἰσουρανίου
1794 1335 1925 1366 παστάδος

1136 1380 1385 1418 [ἀπεκεκλήρωτο],
1406 1381 1506 1417 μᾶλλον
1525 1382 1575 1418 μὲν
1589 1379 1636 1409 οὖν
1655 1382 1704 1409 καὶ
1719 1381 1865 1414 ἀπολαύιι,
1881 1382 1924 1408 καὶ

1135 1428 1319 1455 συναπολαύει
1333 1427 1439 1460 τούτοις
1451 1428 1500 1463 τῆς
1515 1428 1590 1464 παρά
1603 1428 1652 1463 τῆς
1665 1428 1747 1463 ἁγίας
1759 1427 1871 1464 Τριάδος
1886 1435 1924 1454 τι-

1138 1474 1192 1510 μῆς
1206 1483 1237 1500 τε
1263 1474 1311 1501 καὶ
1325 1473 1535 1510 λαμπρότητος·
1551 1471 1569 1511 ᾖ
1583 1474 1802 1510 παριστάμενος,
1818 1473 1864 1501 καὶ
1878 1473 1924 1507 τῆς

1137 1520 1302 1556 ὑπερφὼτου
1325 1520 1509 1556 κατατρυφῶν
1524 1519 1705 1556 ὼραιότητος,
1725 1520 1863 1556 μέμνηται
1879 1519 1924 1554 μὲν

1135 1566 1152 1601 ἡ
1156 1566 1214 1601 μῶν
1222 1565 1276 1592 τῶν
1283 1565 1426 1601 τιμώντων
1434 1566 1525 1600 αὐτὸν,
1535 1566 1670 1593 ἀντιϐολεῖ
1677 1566 1705 1593 δὲ
1713 1566 1848 1602 διηνεκῶς
1855 1565 1924 1596 ὅπως

1139 1613 1186 1640 καὶ⁹
1197 1613 1278 1648 ἡμεῖς
1288 1613 1413 1649 ἀϐρόχως
1423 1612 1473 1648 τὴν
1480 1612 1526 1640 τοῦ
1537 1612 1596 1648 βίου
1604 1612 1821 1648 διαπεράσαντες
1831 1612 1925 1639 θάλασ-

1140 1667 1189 1686 σαν
1209 1659 1278 1694 πρὸς
1289 1659 1335 1685 τὸν
1348 1658 1484 1686 ἄκλυστον
1493 1658 1592 1699 λι-μένα
1607 1658 1874 1695 καθορμισθείημεν.

294 1707 399 1734 astans.
422 1706 449 1730 et
473 1701 688 1736 pulchritudine,
713 1709 774 1736 qua:
797 1701 886 1729 lucem
912 1709 1020 1729 omnem
1047 1707 1170 1736 superat,
1198 1703 1363 1736 oblectatus,
1398 1710 1505 1731 memor
1518 1711 1585 1731 sane
1597 1707 1639 1731 est
1667 1704 1774 1737 nostri,
1788 1703 1834 1740 qui
1849 1703 1921 1730 illum

295 1751 477 1782 honoramus,
494 1754 520 1776 et
533 1749 644 1777 assidue
664 1756 712 1784 pro
738 1747 818 1777 nobis
840 1754 980 1784 precatur,
995 1754 1024 1777 ut
1037 1757 1088 1778 nos
1107 1751 1190 1779 etiam
1205 1751 1266 1778 vitae
1281 1751 1364 1786 hujus
1373 1758 1450 1780 mare
1473 1751 1559 1780 salvis
1587 1751 1718 1780 anchoris
1728 1757 1924 1788 pertranseun-

295 1803 336 1825 tes
351 1797 383 1824 ad
400 1797 657 1832 tranquillissimum
671 1801 780 1832 portum
791 1797 994 1832 perveniamus.

330 1842 376 1870 38.
390 1841 503 1876 Verum,
513 1842 588 1876 ο,οοί
607 1842 709 1870 famule
720 1842 886 1876 ﬁdelissime,
900 1850 1042 1878 compesce
1054 1850 1086 1871 ac

295 1888 360 1916 seda
376 1888 404 1915 in
420 1887 500 1915 nobis
513 1888 678 1915 acerrimum
694 1887 786 1915 carnis
799 1888 933 1922 praelium,
955 1893 983 1915 et
998 1888 1085 1923 impe-

296 1938 347 1967 tra,
364 1933 443 1961 nobis
463 1933 518 1960 tuis
534 1933 606 1968 apud
632 1933 716 1960 Deum
737 1933 991 1967 intercessionibus,
1009 1941 1086 1961 men-

296 1986 350 2007 tem
368 1979 403 2006 ab
418 1979 493 2006 omni
511 1979 736 2014 phantasmatum
752 1979 958 2014 perturbatione
979 1987 1087 2014 semper

294 2026 446 2053 immunem
464 2034 471 2052 :
495 2025 581 2053 habes
604 2026 678 2053 enim
699 2025 893 2053 conﬁdentiam
913 2025 1025 2052 multam
1052 2032 1084 2053 ac

294 2072 462 2105 libertatem,
487 2072 590 2107 quippe
607 2071 654 2107 qui
681 2071 802 2099 animam
819 2076 891 2098 tuam
912 2071 1018 2098 beatam
1033 2078 1084 2106 pro

295 2123 394 2146 saneta
418 2117 493 2145 illius
521 2118 640 2152 imagine
667 2117 795 2153 posuisti,
822 2122 986 2152 sanctosque
1010 2117 1084 2145 illius

296 2164 401 2191 sanctis
424 2163 565 2191 laboribus
587 2163 640 2191 tuis
664 2163 817 2196 honorasti,
841 2170 904 2190 cum
925 2163 1026 2198 quibus
1042 2163 1085 2190 in-

295 2209 413 2236 tercedis
440 2216 490 2244 pro
515 2209 607 2242 nobis,
630 2208 678 2243 qui
707 2216 817 2244 semper
844 2213 1027 2244 protectorem
1051 2215 1084 2235 ac

294 2254 440 2288 praesidem
456 2259 481 2281 te
497 2253 598 2282 habere
612 2261 760 2289 rogamus:
777 2257 804 2281 et
823 2259 941 2281 mentem
959 2258 1082 2280 nostram

1170 1843 1221 1880 λη’.
1239 1842 1318 1877 Ἀλλ’,
1332 1839 1356 1871 ὧ
1369 1842 1437 1870 Θεοῦ
1452 1842 1579 1879 θεράπων
1596 1843 1757 1877 πιστότατε,
1773 1843 1875 1872 παῦσον
1884 1843 1926 1870 τὸν

1135 1890 1165 1917 ἐν
1181 1890 1247 1925 ἡμῖν
1263 1889 1314 1925 τῆς
1327 1889 1429 1924 σαρκὸς
1446 1889 1632 1926 ίσχυρώτατον
1648 1890 1782 1925 πόλεμον,
1797 1890 1844 1917 καὶ
1859 1889 1925 1916 δίδου

1134 1935 1195 1967 ταῖς
1213 1936 1272 1967 σαῖς
1283 1936 1352 1971 πρὸς
1367 1935 1412 1962 τὸν
1426 1935 1493 1962 Θεὸν
1517 1935 1740 1972 παρακλήσεσιν,
1758 1936 1923 1971 ἀφάνταστον

1135 1980 1214 2015 ἡμῶν
1236 1980 1424 2016 διατηρετσθαι
1441 1979 1488 2007 τὸν
1504 1979 1586 2007 νοῦν·
1602 1980 1677 2016 ἔχεις
1695 1980 1754 2016 γὰρ
1774 1979 1925 2017 παρρησίαν

1137 2025 1248 2061 πολλὴν,
1259 2025 1297 2058 ὡς
1307 2025 1439 2058 τεθεικὼς
1450 2025 1500 2062 τὴν
1519 2025 1569 2061 σὴν
1585 2025 1724 2061 μακαρίαν
1747 2027 1838 2062 ψυχὴν
1859 2025 1924 2059 ὑπὲρ

1137 2072 1185 2106 τῆς
1196 2071 1276 2105 ἁγίας
1292 2071 1396 2103 εἰκόνος
1422 2070 1517 2106 αὐτοῦ,
1545 2071 1583 2103 ὡς
1604 2072 1726 2107 τιμήσας
1754 2071 1819 2104 τοὺς
1837 2071 1925 2105 ἀγιους

1137 2118 1221 2144 αὑτοῦ
1233 2118 1290 2149 τοῖς
1305 2118 1362 2150 σοῖς
1371 2117 1460 2152 ἀγίοις
1471 2118 1624 2154 πονήμασι,
1640 2117 1701 2154 μεθ’
1715 2115 1756 2146 ὦν
1769 2117 1924 2154 πρεσϐεύοις

1137 2163 1207 2198 ὑπὲρ
1221 2162 1310 2199 ἡμῶν,
1333 2163 1387 2190 τῶν
1409 2163 1439 2191 σὲ
1465 2164 1623 2199 προστάτην
1643 2163 1716 2199 ἔχειν
1737 2162 1924 2199 ἐπευχομένων

1135 2210 1190 2242 ἀεὶ,
1206 2210 1253 2237 καὶ
1278 2209 1428 2245 ὲλλάμποις
1450 2209 1529 2245 ἡμῶν
1553 2209 1600 2236 τὸν
1617 2208 1680 2236 νοῦν
1707 2208 1812 2244 νοερῶς
1835 2206 1923 2236 τυπῶν

1135 2255 1204 2292 πρὸς
1229 2256 1365 2292 μυστικὴν
1382 2255 1518 2291 μελῳδίαν
1541 2255 1589 2282 τοῦ
1609 2254 1782 2290 Πνεύματος,
1804 2254 1846 2280 ἵνα
1859 2260 1923 2286 συμ·

295 2299 438 2333 splendore
451 2299 603 2334 perfundis,
621 2299 783 2334 spiritaliter
801 2299 955 2327 informaus
969 2299 1002 2326 ad
1025 2307 1082 2334 my-

1139 2302 1240 2338 φωνοίη
1257 2302 1291 2328 τὰ
1308 2302 1361 2335 ἔξω
1383 2303 1439 2334 τοῖς
1451 2301 1569 2335 ἔνδοθεν,
1586 2300 1634 2328 καὶ
1656 2301 1687 2328 τὸ
1708 2301 1846 2336 μακάριον
1871 2298 1922 2334 ᾇδηι

296 2346 364 2374 stiea
381 2346 491 2381 spiritus
506 2345 663 2379 melodiam,
677 2352 707 2373 ut
722 2346 885 2374 exteriorem
893 2350 1003 2373 cautum
1019 2353 1082 2373 cum

296 2390 421 2419 interiori
436 2391 597 2426 coniungat,
624 2396 652 2419 et
667 2391 855 2419 beatissimum
870 2391 957 2419 Deum
974 2392 1080 2420 suavis-

295 2438 366 2465 simo
393 2443 476 2464 cantu
499 2437 637 2465 eollaudet
657 2438 808 2465 secundum
836 2438 974 2466 occultam
1001 2443 1083 2473 atque

296 2481 508 2510 intellectualem
527 2482 661 2511 musicam
680 2491 712 2511 ac
733 2484 961 2517 modulationem,
979 2483 1006 2511 in
1023 2484 1083 2512 loco

296 2528 406 2563 quidem
417 2528 551 2557 ineolatus
563 2537 611 2565 per
624 2533 718 2565 typum
728 2534 756 2557 et
770 2529 929 2566 imaginem,
946 2530 973 2557 in
991 2529 1083 2558 futuro

1137 2347 1208 2374 κατά
1222 2347 1253 2374 τὸ
1266 2348 1388 2383 κρυπτὸν
1409 2347 1456 2374 καὶ
1472 2347 1618 2383 νοούμενον
1640 2346 1772 2382 ἐμμελῶς
1794 2343 1923 2381 pouse-ip-

1136 2400 1216 2427 γημα
1230 2392 1277 2419 καλ.
1293 2391 1458 2428 μελῷδημα,
1469 2392 1498 2419 ἐν
1511 2392 1561 2428 μὲν
1575 2391 1614 2428 τῷ
1625 2392 1702 2427 τόπῳ
1716 2391 1766 2427 τῆς
1783 2389 1923 2425 παροικίας

1137 2438 1281 2470 εἰκονικῶς
1292 2447 1321 2466 τε
1336 2439 1385 2466 καὶ
1399 2439 1534 2473 τυπικῶς,
1549 2439 1580 2466 ἐν
1600 2438 1629 2466 δὲ
1648 2438 1688 2474 τῷ
1704 2438 1829 2474 μέλλοντι
1849 2435 1923 2462 αἰῶνι

1137 2485 1239 2520 νοερῶς
1253 2485 1301 2512 καὶ
1315 2485 1491 2519 τελεπικῶς,
1507 2486 1536 2512 ὲν
1553 2485 1628 2521 αὑτῷ
1640 2485 1763 2521 Χριστῷ,
1784 2483 1823 2519 τῷ
1839 2490 1867 2509 σε
1886 2488 1924 2507 τι·

1138 2532 1256 2566 μήσαντι
1270 2531 1317 2559 καὶ
1326 2531 1466 2564 δοξάσαντι
1477 2532 1517 2564 είς
1529 2532 1592 2564 τοὺς
1603 2531 1715 2563 αιῶνας.
1739 2530 1837 2565 Ἀμήν.

296 2577 387 2601 autem
403 2574 734 2604 mulointellectualiter
769 2580 851 2611 atque
871 2582 972 2604 arcane
993 2575 1022 2603 in
1053 2575 1113 2612 ipso
1149 2575 1271 2609 Christo,
1293 2576 1341 2612 qui
1368 2580 1394 2604 te
1420 2575 1566 2605 honoravit
1589 2580 1616 2604 et
1641 2574 1805 2611 glorificavit
1825 2573 1852 2600 in
1873 2577 1922 2599 sa!-

296 2620 368 2649 cuia.
385 2621 472 2650 Amen
