2077 3157
210 109 265 139 979
764 108 792 136 S.
814 104 971 136 JOSEPHI
992 102 1149 133 HYMNOG
1155 101 1256 131 RAPH
1262 101 1273 130 [
1783 92 1836 126 980

241 164 298 196 :tdi,
317 163 363 198 qui
385 162 531 189 incredibili
549 170 610 196 erga
629 161 676 188 Dei
704 161 817 188 Matrem
835 161 929 187 ardore
944 163 1102 190 testuarunt,
1116 163 1138 184 et
1157 157 1297 183 tenerrima
1322 162 1430 189 prorsus
1450 161 1517 198 erga
1532 151 1650 178 eamdem
1670 150 1768 198 pietate
1781 149 1836 198 eni-

237 212 340 239 ‘erunt;
356 206 421 232 duos
435 205 521 232 solani
535 214 547 232 e
560 206 623 238 tuis,
641 205 692 232 levi
715 209 818 231 tantunt
835 205 938 230 calamo
962 203 1094 234 delibabo,
1111 209 1173 236 erga
1189 199 1409 235 augustissimam
1427 197 1473 224 Dei
1491 195 1605 223 Matrem
1628 193 1836 229 ﬂagrantissimo

235 256 310 287 {lectu
336 252 501 286 conspicuos,
528 260 543 277 a
557 251 646 285 proba:
669 256 737 278 non
760 250 932 285 scriptoribus
951 248 1101 279 recensitos,
1126 255 1157 273 ac
1171 246 1282 273 sununis
1309 245 1389 272 etiam
1409 243 1534 270 laudibus
1561 240 1727 270 celebratos;
1747 246 1836 271 nempe

233 283 328 323 ‘aulum
344 295 526 327 Odescalcum,
544 295 679 330 utriusque
694 283 840 329 signatura:
856 293 1074 327 referendarium,
1091 298 1240 324 episcopum
1257 288 1430 318 Pennensem.
1442 291 1467 314 et
1482 286 1638 313 Adriensem
1649 292 1657 314 .'
1669 285 1715 318 qui
1731 283 1838 309 auditor

238 340 343 367 mrrulis
358 347 469 366 camcree
486 328 650 373 apostolicre,
663 343 688 365 et
703 328 775 373 apud
792 337 889 364 multos
913 336 1044 371 principes
1069 335 1236 363 Christianos
1250 333 1422 368 (nominatim
1438 331 1510 365 apud
1534 329 1727 364 Hispaniarum
1741 328 1837 362 tegent)

237 387 282 412 -dis
308 385 462 419 apostolica:
480 384 599 416 nuntius,
613 389 637 410 et
652 385 812 419 gubernator
834 383 1043 417 provinciarum,
1059 385 1083 406 et
1102 380 1183 406 totius
1204 378 1390 406 ecclesiasticte
1411 376 1522 403 ditionis
1549 375 1672 419 uisitator
1695 373 1837 419 generalis,

233 435 272 455 ost
292 430 388 455 multos
402 437 449 462 pro
467 428 586 455 Romana
612 416 735 454 Ecclesia
756 433 874 460 sumptos
890 426 1004 456 labores,
1020 430 1043 451 et
1061 431 1167 458 operam
1179 422 1281 457 egregie
1296 425 1433 451 navatam,
1455 419 1518 446 obiit
1535 426 1603 444 anno
1622 416 1728 443 Domini
1758 416 1837 462 ιδεξ,

244 473 308 500 ldus
328 460 478 499 Februarii.
491 472 525 498 Et
538 471 647 498 Petrum
667 471 807 506 Georgium
823 470 1005 500 Odescalcuzn,
1020 467 1231 502 protonotarium
1249 465 1435 500 apostolicum,
1454 463 1591 497 utriusque
1609 460 1840 506 signaturis-refe-

230 517 378 547 mrdarium,
398 516 508 550 majoris
525 515 701 550 praesidentia:
721 510 1199 550 abbreviatorem,breviumjustitite
1218 509 1384 543 praefectum.
1409 505 1579 534 Alexandria:
1597 505 1722 538 primum,
1746 503 1840 550 deinde

223 558 345 593 Vigeeoni
359 546 617 592 episcopum,vutque
633 560 702 590 apud
718 556 851 584 Helvetios
867 557 936 583 sedis
947 546 1107 590 apostolica;
1128 554 1261 583 nuntium,
1275 553 1360 579 uirum
1378 550 1484 577 omnino
1500 549 1638 579 eximium,
1655 552 1680 574 et
1696 546 1840 582 compluri-

224 611 262 630 .us
275 603 425 629 litterarum
440 602 615 628 monumentis
633 602 776 627 teternituti
792 601 960 627 meritissimo
974 604 1154 626 consecratum
1165 607 1174 630 ;
1186 598 1230 632 qui
1244 597 1355 630 majores
1369 595 1498 622 honorum
1514 594 1612 628 gradus
1631 593 1750 623 meritus,
1763 599 1841 626 quam

213 645 336 678 adeptus,
351 651 460 670 cursum
472 643 531 670 vita:
544 643 737 669 consummavit
749 651 818 668 anno
829 647 888 675 post
904 647 996 668 natum
1011 643 1044 669 de
1061 642 1169 677 Virgine
1183 641 1350 668 Salvatorem
1365 639 1446 669 i620,
1459 638 1501 665 die
1516 638 1532 664 (i
1545 637 1620 664 Maii.
1636 635 1723 662 Porro
1738 635 1840 662 Paulus

217 688 388 718 Odescalcns,
404 695 462 714 cum
480 691 546 714 esset
565 687 760 721 augustissima:
781 686 906 713 ca'lor'um
934 686 1038 721 Regina-
1057 685 1275 712 constantissimo
1295 684 1404 717 pietate,
1423 687 1503 717 atque
1523 680 1685 708 immutabili
1706 680 1842 706 devotione

187 729 190 731 ’
216 733 350 759 (lt-vinctus
365 732 414 766 (a),
427 731 506 765 jussu
525 730 645 765 Gregorii
661 729 737 756 ΧΙΙΙ
757 729 859 762 Pontif.
877 729 953 756 Max.
970 732 1068 757 electus
1079 734 1128 760 est,
1144 733 1172 755 ut
1185 728 1320 754 Joannam
1339 727 1522 758 Austriacam,
1542 724 1708 752 Ferdinandi
1726 724 1841 750 Cwsaris

216 777 312 810 ﬁlium.
326 776 495 809 eamdemque
513 774 662 805 Francisci,
682 775 770 809 magni
795 773 910 800 Etruria
933 774 1019 806 ducis,
1045 782 1166 805 uxorem,
1195 773 1340 800 Lauretum
1362 777 1475 802 euntem.
1499 770 1554 798 lota
1573 770 1711 804 pomiﬁcia
1730 769 1840 800 ditioue,

215 821 287 855 regio
298 820 370 847 cultu
383 820 522 851 exciperet,
532 823 555 845 et
569 818 604 845 ad
618 818 813 852 optatissimam
831 816 945 852 Virginis
956 818 1038 845 a'detn
1049 819 1188 845 deduceret
1204 826 1213 845 :
1226 826 1285 844 cum
1300 825 1446 852 congruum
1467 816 1574 842 omnino
1598 818 1677 845 esset,
1704 813 1842 840 Iteroinam

219 864 481 898 prwstantissimam.
498 870 599 889 summa
616 861 803 892 benevolentia.
819 867 971 896 summoque
984 868 1048 896 erga
1069 862 1211 892 Deiparam
1231 861 1364 896 Virginem
1386 860 1470 887 animi
1483 859 1580 893 aﬂ‘ectu
1600 857 1809 893 prwdicandam,
1825 865 1842 882 a

215 907 272 934 uiro
286 907 380 940 excipi.
397 905 550 940 deducique,
564 906 608 940 qui
620 910 686 932 esset
706 905 902 939 augustissime
918 905 964 932 Dei
983 905 1081 932 Matris
1109 905 1226 940 Virginis
1246 905 1341 932 Maria:
1357 905 1438 931 cliens
1460 904 1567 930 omnino
1584 902 1709 933 eximius,
1735 900 1843 935 ejusque

215 950 301 976 cultui
315 950 488 984 obsequioque
501 949 664 983 penitissime
678 948 812 975 addictus.
828 947 902 974 Idem
917 957 1019 983 quoque
1035 949 1148 980 Paulus.
1165 958 1225 976 cum
1244 949 1387 976 Rosarium
1402 948 1432 974 Β.
1454 947 1569 982 Virginis
1583 956 1599 974 a
1610 946 1724 980 pueritia
1743 946 1802 979 ipsa
1815 946 1842 971 in

215 993 351 1020 amoribus
374 992 518 1023 habuisset,
535 1001 550 1018 a
566 991 616 1018 Pio
638 991 658 1017 V
677 991 780 1026 Ponti].
800 991 874 1018 Max.
891 992 926 1017 ad
939 991 1072 1020 Joannem
1097 993 1281 1026 Austriacum,
1301 993 1392 1021 Caroli
1412 992 1431 1019 V
1451 992 1568 1020 Cwsaris
1585 991 1671 1026 [ilium
1687 990 1736 1026 (lt),
1754 995 1777 1016 et
1791 989 1844 1016 Ca-

216 1036 308 1063 tholici
327 1037 457 1062 exercitus
469 1040 561 1062 contra
577 1034 676 1061 Turcas
694 1036 891 1069 imperatorem.
903 1035 965 1070 jure
980 1037 1074 1064 merito
1091 1037 1143 1072 fuit
1157 1037 1274 1065 Nuntius
1287 1037 1449 1069 destinatus,
1463 1040 1491 1062 ut
1508 1036 1579 1062 inter
1596 1035 1652 1061 alia
1666 1035 1710 1068 pia
1723 1041 1843 1065 munera,

214 1080 244 1106 in
266 1079 418 1106 classiarios
452 1087 540 1106 omnes
556 1087 614 1105 cum
633 1079 723 1113 fausta
751 1079 868 1106 tictoriec
886 1079 1072 1113 opprecatione
1088 1080 1284 1111 distribuenda,
1301 1081 1354 1115 ipsi
1371 1080 1513 1107 Austriaco
1538 1078 1655 1110 eiusdem
1670 1077 1703 1104 Β.
1726 1076 1844 1112 Virginis

216 1123 359 1150 Rosarium
374 1124 499 1156 deferret.
518 1123 595 1155 Quod
618 1131 696 1156 porro
724 1122 876 1155 Rosarium,
895 1123 958 1149 dum
972 1123 1003 1150 de.
1016 1124 1136 1158 ejusdem
1159 1124 1291 1158 pontiﬁcis
1320 1123 1449 1150 mandato
1466 1123 1492 1149 itt
1511 1122 1579 1148 tanti
1603 1121 1732 1155 principis
1749 1128 1843 1146 manus

215 1169 394 1203 consignaret,
409 1169 449 1195 his
463 1169 555 1198 dictis.
569 1175 601 1194 ex
615 1168 702 1194 cordis
716 1169 848 1202 penetrati
868 1169 972 1199 intimo,
991 1177 1024 1194 ac
1040 1176 1054 1195 ε
1067 1169 1148 1195 totius
1165 1169 1271 1201 ﬁducia:
1287 1167 1425 1194 soliditate
1442 1166 1616 1200 expromptis,
1632 1173 1695 1192 usus
1710 1170 1748 1191 est
1760 1173 1769 1191 :
1785 1176 1793 1189 ι
1811 1163 1844 1190 In

214 1213 264 1239 hoc
282 1213 356 1247 signo
372 1213 466 1239 vinces.
489 1223 498 1238 ι
516 1212 578 1239 [hec
601 1219 688 1238 autent
716 1213 802 1244 verba,
821 1217 848 1239 ut
863 1212 1037 1240 Constantino
1053 1211 1128 1242 olim,
1142 1211 1178 1237 ita
1204 1215 1266 1236 tunc
1283 1210 1391 1236 Austrio
1415 1209 1498 1243 fuisse
1523 1213 1622 1234 certam
1636 1215 1650 1234 ε
1664 1207 1729 1234 ctelo
1745 1207 1844 1240 futura:

215 1256 333 1282 victoria:
345 1256 519 1290 sponsionem,
535 1257 574 1283 rei
584 1261 674 1291 postea
685 1256 875 1282 demonstravit
889 1262 1005 1282 even/ns.
1021 1255 1093 1282 Nam
1105 1256 1240 1286 Austrius,
1254 1263 1314 1282 cum
1325 1254 1467 1281 Rosarium
1479 1254 1511 1280 ab
1529 1253 1674 1280 Odescalco
1690 1253 1843 1287 accepisset,

215 1300 305 1327 diuina
320 1301 438 1335 quadam
455 1301 552 1328 virtute
563 1306 587 1328 et
605 1301 696 1328 robore
715 1301 893 1335 confortatus,
911 1301 964 1328 Deo
978 1307 1002 1327 et
1017 1300 1176 1326 beatissimw
1198 1299 1299 1334 Virgini
1320 1299 1466 1333 conlidens,
1483 1306 1572 1325 omnes
1589 1298 1709 1324 triremes
1726 1302 1750 1323 et
1766 1304 1844 1322 naves

214 1345 336 1376 oisitans.
355 1345 463 1377 milites,
480 1346 558 1372 duces
571 1351 594 1373 et
610 1346 753 1380 principes,
767 1347 811 1380 qui
828 1346 863 1372 ibi
879 1345 1001 1375 aderant,
1019 1345 1197 1378 conﬁrmavit,
1215 1344 1344 1380 simulque
1361 1345 1396 1370 ad
1409 1352 1525 1379 pugnant
1542 1348 1648 1369 strenue
1666 1342 1803 1372 excitavit.
1819 1345 1844 1367 et

212 1389 393 1423 postmodum.
408 1389 526 1423 ejusdem
538 1391 687 1424 pra‘srrtim
704 1389 810 1417 ltosarii
824 1391 932 1422 virtute,
947 1390 978 1417 de
991 1389 1177 1424 potentissima
1193 1388 1341 1415 'l'urcarum
1353 1388 1437 1415 classe
1452 1388 1486 1414 ad
1505 1386 1656 1414 Echinadas
1672 1386 1774 1413 insulas
1787 1385 1844 1420 glu-

214 1433 390 1461 riosissimam
405 1434 544 1460 victoriam
556 1435 711 1468 reportavit.

252 1476 348 1503 Petrus
370 1485 429 1503 vero
455 1475 582 1511 Georgius
609 1476 786 1509 Odrscalcsts,
813 1479 852 1504 vir
868 1479 899 1504 ab
916 1478 1013 1504 eritrtiu
1031 1479 1057 1505 in
1076 1478 1191 1505 Mariam
1220 1477 1363 1512 Deiparam
1397 1476 1530 1512 Virginem
1548 1477 1645 1511 pietate
1663 1480 1688 1502 et
1718 1475 1843 1510 religione

214 1525 347 1549 Meritum
362 1521 560 1554 prtedicandus,
575 1522 644 1548 inter
658 1522 712 1548 alia
726 1523 804 1556 plane
819 1523 968 1553 inmunem.
983 1523 1076 1557 quibus
1090 1523 1308 1549 ardentissimum
1320 1530 1382 1556 erga
1397 1530 1520 1556 magnam
1537 1521 1583 1548 Dei
1598 1521 1711 1548 Matrem
1725 1520 1844 1546 studium

214 1564 363 1592 declarauit
381 1565 429 1600 (ο),
446 1564 599 1590 litterarum
617 1566 791 1592 monumentis
808 1566 842 1592 ad
859 1571 976 1600 posteros
994 1567 1143 1593 transmisit
1156 1574 1220 1601 opus
1236 1566 1314 1600 plane
1329 1566 1472 1600 egregium,
1491 1570 1515 1592 et
1530 1565 1562 1592 ab
1579 1564 1701 1592 erunibus
1722 1563 1844 1590 Mariano

216 1609 300 1636 cultui
314 1609 472 1641 mancipatis
488 1608 595 1635 assidue
612 1609 760 1642 legendam,
775 1609 822 1635 sub
841 1609 918 1636 titulo
934 1609 972 1643 (tl)
990 1620 996 1636 :
1011 1609 1165 1637 lnslitutunt
1179 1609 1333 1637 devotionis
1345 1610 1377 1636 ud
1392 1610 1524 1636 honorum
1541 1609 1707 1636 hculissinnt:
1726 1607 1845 1641 Virginis

219 1652 333 1684 Marias;
350 1657 429 1686 atque
455 1652 561 1685 insuper
585 1659 660 1679 extra
686 1653 758 1679 urbis
776 1652 966 1680 Alexandrinw
990 1655 1095 1683 mantia.
1109 1654 1136 1680 itt
1152 1653 1267 1688 ejusdem
1286 1654 1446 1680 beatissima:
1469 1653 1585 1688 Virginis
1607 1652 1700 1679 Μανίαν
1720 1652 1845 1678 honorem

216 1696 271 1722 tria
289 1696 386 1730 tenrpla
399 1695 577 1722 construenda
601 1696 766 1730 dicendoque
791 1697 903 1724 curavit.
928 1696 991 1724 llwc
1016 1702 1104 1724 autem
1120 1698 1151 1724 de
1164 1697 1217 1724 tuis
1236 1697 1401 1724 solummodo
1421 1697 1550 1724 delibasse
1578 1701 1714 1723 contentus
1730 1698 1802 1728 (nant
1817 1699 1844 1721 ut

217 1739 337 1766 oratione
352 1739 384 1765 de
398 1748 446 1766 sua
461 1739 487 1765 in
504 1741 685 1774 presbyterum
711 1739 893 1774 designatione
918 1741 1052 1767 verissime
1067 1740 1137 1768 dixit
1160 1740 1364 1776 Chrgsostmnus
1380 1749 1388 1768 :
1406 1749 1416 1767 ε
1435 1740 1468 1767 1η
1485 1741 1609 1775 pretiosis
1627 1740 1779 1774 unguentis,
1794 1747 1845 1765 non

217 1789 323 1810 tantum
338 1783 431 1818 siquis
455 1783 575 1817 effundat
599 1783 741 1817 lecgt/tum,
754 1792 843 1810 uerunt
859 1785 939 1811 etiam
959 1785 983 1811 si
998 1785 1058 1819 quis
1074 1784 1113 1811 vel
1128 1784 1239 1810 summis
1263 1785 1355 1818 digitis
1375 1784 1541 1818 superﬁciem
1567 1784 1693 1818 attingat,
1713 1788 1737 1809 et
1757 1791 1845 1809 aerem

217 1834 283 1853 novo
300 1826 378 1852 odore
392 1826 481 1857 tinxit,
497 1831 520 1852 et
539 1831 664 1861 quotquot
682 1827 779 1854 adsunt
797 1829 955 1862 [ragrantite
971 1829 1106 1856 suavitate
1125 1828 1244 1862 repleuit.
1270 1838 1279 1854 ν
1300 1828 1371 1861 Quid
1383 1829 1414 1855 de
1430 1833 1454 1855 te
1473 1828 1573 1859 dicant,
1593 1828 1713 1862 princeps
1728 1828 1846 1853 cntincn-

219 1869 331 1900 tissime,
346 1870 391 1904 qui
409 1870 526 1896 omnium
538 1870 669 1903 majorum
687 1875 795 1897 tuorum
809 1872 934 1905 pietatem
949 1880 1013 1907 erga
1032 1872 1187 1906 Deiparant,
1201 1880 1253 1898 una
1268 1879 1327 1898 cum
1340 1869 1402 1898 aliis
1419 1872 1702 1905 pra'stantissimarum
1719 1871 1846 1897 uirtutum

217 1913 391 1943 ornamentis.
406 1921 455 1939 non
471 1914 557 1940 solum
573 1921 690 1947 loquare,
704 1914 749 1941 sed
759 1915 839 1941 etiant
862 1923 986 1950 superare
1001 1916 1150 1943 studuisti?
1163 1915 1284 1942 Dicerem
1309 1920 1333 1942 te
1350 1915 1474 1942 Ecclesia
1495 1915 1524 1942 S.
1546 1915 1642 1942 Maria:
1654 1916 1686 1942 de
1701 1915 1845 1943 Montibus,

217 1955 248 1982 ab
262 1957 447 1990 patentissima
465 1956 656 1984 miraculorum
676 1958 763 1992 signa,
783 1966 842 1993 qua:
864 1959 901 1986 ibi
923 1959 1040 1993 quotidie
1055 1961 1082 1987 in
1106 1959 1203 1986 Matris
1227 1967 1283 1986 siue
1311 1960 1429 1994 gratiam
1456 1959 1621 1986 demonstrat
1641 1959 1720 1990 Deus,
1743 1959 1770 1984 in
1786 1958 1849 1984 urbe

216 2001 469 2036 [amigeratissimtm
491 2010 542 2028 non
559 2002 615 2028 sine
630 2003 741 2036 speciali
755 2003 851 2031 divini:
863 2004 1034 2038 providentia:

1027 2012 1034 2031 t
1049 2004 1171 2035 consilio,
1187 2007 1362 2037 protectorem
1376 2003 1458 2037 fuisse
1471 2003 1639 2029 meritissime
1658 2003 1847 2032 constitutum;

216 2054 277 2073 cum
290 2054 320 2072 eo
335 2046 450 2072 exsistus
465 2054 528 2080 erga
544 2046 687 2080 Deiparum
714 2046 847 2082 Virginem
867 2048 974 2082 affectu,
992 2053 1020 2075 ut
1043 2049 1069 2074 in
1083 2048 1182 2080 omnia,
1199 2055 1257 2082 quae
1274 2052 1357 2074 tanta
1374 2046 1472 2074 Matris
1492 2047 1617 2073 honorem
1629 2054 1660 2072 uc
1676 2047 1846 2073 reverentiam

217 2095 338 2124 tangunt,
354 2090 437 2124 magis
447 2098 530 2123 prono
543 2099 574 2116 ac
589 2091 694 2117 incenso
708 2092 797 2118 animo
822 2093 948 2126 rapiaris,
964 2101 1045 2128 quam
1057 2092 1092 2118 ad
1110 2097 1254 2126 magnetem
1269 2092 1381 2126 ferrarii,
1397 2097 1476 2126 atque
1490 2091 1524 2118 ad
1540 2091 1605 2118 solis
1619 2095 1705 2117 rotam
1726 2091 1848 2123 rapiatur

217 2133 414 2167 lteliotropium.
432 2133 611 2160 [’ra'dirarem
626 2143 786 2169 propensum
806 2136 951 2163 voluntatis
968 2142 1020 2163 tua:
1033 2137 1161 2168 studium,
1176 2145 1207 2163 ac
1219 2137 1292 2163 cordi
1312 2141 1357 2163 tuo
1371 2137 1482 2163 insitam
1500 2137 1666 2163 teneritatem
1681 2144 1745 2170 erga
1760 2144 1846 2169 augu-

216 2178 364 2204 stissimum
388 2177 548 2204 Lauretunaz
579 2177 695 2212 Virginis
719 2180 888 2209 sacrarium.
912 2180 938 2206 in
960 2189 1011 2215 quo
1037 2181 1151 2214 Deiparu
1176 2182 1276 2215 genita,
1301 2185 1326 2206 et
1347 2181 1471 2212 educata,
1494 2186 1519 2207 et
1536 2180 1564 2206 in
1582 2188 1633 2214 quo
1653 2179 1767 2206 Verbum
1785 2187 1848 2205 caro

217 2222 319 2255 factum
334 2227 393 2254 est;
408 2230 466 2248 cum
488 2222 555 2264 illud
579 2230 630 2249 non
642 2222 728 2249 solum
753 2223 949 2258 religiosissime
971 2225 1111 2255 invisens.
1134 2226 1180 2252 sed
1195 2225 1277 2252 etiam
1300 2225 1326 2250 in
1345 2225 1531 2259 beneﬁciorum
1555 2223 1714 2250 Lauretum:
1734 2223 1849 2258 Virginis

215 2274 279 2300 erga
293 2271 316 2293 te
332 2267 438 2301 signum
462 2267 531 2300 (ipsa
546 2267 614 2293 enim
632 2268 696 2294 votis
714 2268 766 2294 tuis
788 2268 894 2302 benigne
921 2273 1066 2300 annuente,
1088 2269 1163 2303 fuisti
1178 2278 1194 2295 α
1210 2269 1283 2303 gravi
1304 2268 1449 2302 gntturalt's
1467 2268 1668 2302 suppurationis
1691 2269 1850 2302 a'griturtme

217 2311 385 2344 personatus)
402 2311 490 2337 aureis
506 2311 592 2343 donis,
615 2316 660 2337 tua
673 2311 770 2345 pietate
782 2317 806 2338 et
824 2313 1020 2347 magniﬁcentia
1035 2313 1134 2346 digitis,
1150 2312 1339 2339 Itonestuveris.
1358 2311 1523 2339 Celebrarem
1541 2317 1576 2343 te,
1594 2311 1716 2345 adjutum
1737 2319 1850 2346 praeser-

217 2354 265 2380 tim
278 2362 324 2385 ope
338 2353 469 2386 Deiparw,
489 2363 569 2388 quam
581 2355 762 2390 singularibus
787 2356 972 2391 obsequiorum
987 2358 1138 2391 generibus,
1153 2357 1306 2390 magnisque
1317 2356 1480 2382 devotissimi
1502 2355 1615 2389 a/I'ectus
1641 2355 1848 2389 significationi-

216 2398 266 2423 bus
278 2397 327 2422 tibi
340 2398 446 2423 assidue
458 2398 586 2424 demereri
602 2399 773 2432 procurasti;
793 2399 981 2427 Nooariensem
997 2401 1190 2435 episcopatum.
1214 2400 1372 2434 legationem
1395 2398 1606 2430 Ferrariensem,
1623 2404 1702 2433 atque
1717 2398 1772 2425 alia
1791 2406 1850 2424 mu-

219 2449 283 2467 nera
298 2448 315 2466 a
328 2440 387 2466 sede
403 2441 550 2473 apostolica
568 2446 619 2467 tua;
630 2450 701 2469 cura:
715 2444 869 2474 commissa,
886 2453 990 2470 summa
1004 2453 1106 2479 semper
1121 2452 1180 2470 cum
1193 2444 1346 2478 prudentia,
1363 2448 1441 2478 atque
1457 2444 1609 2479 integritate
1624 2443 1828 2470 administrasse
1840 2450 1849 2468 :

218 2492 250 2509 ac
261 2483 377 2516 eiusdem
408 2484 530 2519 Deipara:
551 2485 598 2512 tibi
619 2487 767 2519 patrocinio
787 2487 907 2521 favente,
930 2494 953 2514 te
967 2489 994 2515 in
1014 2488 1136 2515 omnibus
1163 2488 1246 2522 fuisse
1270 2495 1370 2521 seraper
1386 2488 1412 2514 in
1425 2488 1530 2522 judicio
1555 2492 1666 2519 rectum,
1686 2489 1715 2514 in
1733 2486 1849 2513 moribus

217 2527 393 2562 inculpatum,
408 2528 542 2562 ingratiis
554 2534 578 2556 et
595 2529 728 2564 beneﬁciis
746 2536 909 2565 promptum,
925 2541 987 2566 erga
1001 2533 1121 2560 subditos
1142 2533 1292 2567 benignum.
1307 2532 1334 2558 iu
1349 2540 1476 2567 pauperes
1493 2532 1659 2565 muniﬁcum,
1682 2531 1773 2557 animo
1784 2538 1851 2556 cau-

217 2572 319 2600 tlidunt.
333 2572 411 2599 corde
425 2573 568 2606 sincerum,
586 2575 638 2600 vita
648 2583 755 2608 parum,
771 2581 796 2602 et
811 2582 836 2602 ut
854 2577 928 2602 uerbo
944 2577 1044 2609 dicam,
1059 2578 1086 2603 in
1102 2577 1223 2603 omnibus
1238 2577 1322 2602 uirum
1337 2577 1375 2602 tui
1390 2576 1504 2602 nominis
1518 2575 1706 2602 benedictum:
1719 2575 1771 2601 nisi
1783 2575 1850 2606 lucc,

216 2622 240 2643 et
253 2617 391 2651 complura
405 2618 461 2644 alia
474 2617 650 2645 devatissimn:
669 2620 761 2645 menti.-
774 2625 826 2645 tua:
841 2628 903 2654 erga
921 2620 967 2646 Dei
983 2619 1096 2646 Matrem
1112 2619 1272 2648 testimonia.
1287 2623 1311 2644 et
1325 2618 1465 2651 splendida
1483 2617 1601 2650 eiusdem
1617 2617 1664 2643 Dei
1677 2616 1775 2643 Matris
1786 2624 1851 2650 erga

215 2665 241 2689 ιι
257 2659 408 2688 Clementh
425 2668 606 2695 monumenta,
621 2671 681 2697 qua:
698 2663 756 2690 solo
775 2665 893 2690 ueritatis
915 2664 1013 2698 allectu
1032 2668 1151 2698 urgente,
1175 2663 1232 2688 sine
1248 2661 1303 2688 ulla
1320 2661 1510 2688 assentationis
1527 2665 1590 2687 nota
1605 2660 1718 2687 scribere
1733 2668 1850 2692 possem,

262 2756 289 2791 ᾳ)
306 2754 424 2791 ’ζ’μινεεὶι.
444 2754 470 2781 in
490 2753 562 2791 tlist.
582 2754 688 2782 Laur-et.
708 2755 755 2782 lib.
777 2763 812 2786 tv.
831 2763 892 2790 cap.
905 2755 951 2791 25,
1097 2754 1132 2787 (ί)
1148 2753 1276 2791 ρειιειιιιε
1291 2752 1317 2778 in
1335 2751 1419 2791 Italia
1434 2758 1610 2791 sacra,_tt_ml.
1628 2750 1699 2791 Ν..-⁴
1811 2785 1827 2791 η

216 2830 230 2850 c
251 2785 484 2851 (b)9llyuc;nlhus
501 2790 672 2824 Chotlucltus
696 2791 723 2817 in
744 2785 887 2824 'l’rt'umplio
910 2785 1003 2817 nam.
1098 2785 1136 2821 (rt)
1153 2785 1333 2848 Ilieruuytllltts
1347 2787 1475 2816 Ghiliuus
1489 2788 1516 2814 in
1533 2788 1648 2814 Theatra
1671 2785 1792 2813 Virorum
1808 2785 1852 2812 li.-

234 2832 277 2858 a‘p.
317 2844 324 2850 .
1064 2831 1218 2856 tcttttetttm,
1239 2829 1264 2850 et
1280 2832 1293 2849 υ
1309 2831 1336 2848 ιι.
