2077 3157
225 156 277 190 981
411 171 418 175 -
934 164 1054 194 MARIA
1061 164 1117 194 LE.
1807 159 1861 191 982

227 216 324 244 tacitus
339 215 473 250 prazterire
500 224 605 243 omumo
632 225 748 252 cogerer,
768 217 799 244 ob
817 219 980 253 singularem
999 221 1038 247 ttti
1057 221 1142 247 animi
1169 219 1336 251 modestiam,
1358 226 1416 253 quae
1441 217 1543 251 magnis
1564 216 1616 242 tuis
1642 214 1768 242 laudibus
1793 215 1861 241 hanc

226 260 363 294 adjunxit,
381 259 470 286 laudis
495 260 597 286 odium.
621 260 734 295 [inplere
756 263 825 288 enim
847 263 962 298 gloriose
979 265 1081 299 satagis
1099 263 1227 298 inclytam
1244 263 1282 289 tui
1296 261 1460 298 cognominis
1478 260 1616 287 Odescalci
1644 259 1860 294 appellationem.

227 311 286 338 qua:
303 312 318 329 a
332 303 481 330 calcatione
497 304 620 336 odorum,
639 305 667 331 id
675 299 718 332 ἐει
736 305 858 338 laudum,
875 315 926 333 non
943 308 1085 342 incongrue
1100 307 1237 334 derivatur
1251 315 1259 333 :
1274 310 1351 340 atque
1364 305 1422 332 ideo
1436 305 1512 335 odus.
1526 303 1552 330 id
1566 309 1604 330 est
1620 303 1725 332 laudes,
1742 303 1862 337 quamvis

229 353 281 374 tua:
298 348 391 374 virtuti
409 348 515 374 omnino
530 348 645 380 debitas,
663 354 741 384 atque
756 359 771 376 a
787 351 891 377 sincera
907 352 1072 385 confessione
1088 351 1256 377 laudantium
1271 350 1316 376 tibi
1329 349 1473 381 exhibitas,
1489 356 1613 384 generoso
1627 346 1786 373 humilitatis
1800 345 1864 379 pede

228 392 333 418 calcare
346 400 397 417 non
410 391 520 418 desinis.
539 391 635 418 Omnia
647 393 728 427 igitur
741 399 795 420 tua:
812 394 948 421 modestia:
963 395 1116 426 concedens,
1128 400 1152 421 ct
1164 403 1205 422 ea.
1222 394 1317 429 quibus
1331 393 1362 420 de
1378 398 1401 420 te
1416 401 1487 419 meus
1502 392 1633 422 calamus,
1650 400 1665 417 a
1680 390 1737 417 sola
1754 390 1864 416 reritute

228 435 370 469 impulsus.
389 443 440 461 non
465 443 546 461 unum
571 437 697 471 paginam
723 442 809 471 posset
833 446 946 469 ornare,
967 439 993 465 in
1011 439 1106 466 intimo
1133 438 1226 465 ntentis
1250 446 1363 467 recessu.
1388 436 1485 463 ibidem
1503 440 1675 465 telernatura,
1696 433 1837 460 recondens
1856 439 1865 458 :

227 479 315 505 solum
335 480 400 506 milii
414 489 428 505 tt
442 485 466 506 te
479 480 585 506 concedi
600 481 676 507 enim
691 485 760 515 peto.
784 482 898 517 mihique
916 482 987 510 nullo
1005 488 1082 518 pacto
1108 482 1232 516 denegari
1257 481 1447 508 ardentissime
1466 480 1602 512 desidero,
1626 486 1702 513 posse
1719 478 1818 504 scilicet
1837 477 1864 503 in

228 524 280 557 ﬁne
295 523 374 558 hujus
387 524 506 558 epistola:
519 524 580 551 ltuic
596 524 626 551 S.
640 524 750 560 Iosephi
769 525 972 561 Ilgmnographi
985 528 1056 562 operi
1072 527 1206 557 Mariano.
1223 535 1254 553 ac
1269 527 1318 552 tibi
1335 526 1416 552 etiam
1432 525 1493 559 ipsi.
1509 533 1541 551 ea:
1555 523 1645 550 cordis
1661 523 1755 549 intimo
1768 522 1865 548 saltem

230 569 341 594 breuiter
357 568 502 603 gratulari.
521 568 651 596 Gratulor
668 571 751 604 igitur
768 571 829 597 huic
845 572 929 606 operi,
949 571 1074 606 Princeps
1090 570 1308 601 eminentissime,
1324 578 1353 596 eo
1369 569 1439 604 quod
1462 569 1490 595 in
1516 568 1606 594 nmndi
1623 571 1791 601 conspectum
1804 573 1866 599 pro.

230 612 315 644 diens,
333 620 365 639 ex
377 613 608 646 providentissima
626 613 675 640 Dri
692 614 854 649 benignitate
867 621 891 642 te
904 617 1029 643 sortitum
1043 617 1077 643 sit
1100 620 1254 650 patronum.
1273 622 1323 649 quo
1339 614 1366 640 in
1384 613 1505 647 Deiparw
1525 611 1609 643 cultu,
1625 615 1648 637 et
1666 609 1769 637 steteris
1783 608 1865 635 etiam

230 656 351 682 omnibus
368 656 583 684 Christianarum
605 658 731 684 virtutum
745 660 921 691 ornamentis,
938 660 981 686 vix
1000 659 1126 695 majorem
1143 659 1327 693 melioremque
1341 663 1431 690 optare
1447 656 1574 690 potuisset
1589 663 1597 682 :
1614 659 1638 681 et
1651 652 1773 688 gratulor
1783 652 1865 679 etiam

229 700 288 732 tibi,
302 701 364 735 quia
387 699 487 735 Ioseph
509 709 580 728 mens
596 702 635 735 (ut
649 702 758 736 ﬁrmum
778 703 850 737 apud
867 712 907 729 me
928 704 978 739 cst)
995 708 1070 730 tuum
1086 711 1134 730 suo
1157 702 1230 737 operi
1247 701 1393 728 ex/tibitum
1415 699 1557 735 patrocinii
1582 699 1720 727 honorem,
1737 700 1815 731 grata
1831 695 1866 721 sit

230 752 332 778 semper
352 745 490 776 memoria,
506 750 529 772 et
544 745 662 772 sollicita
685 747 755 780 apud
777 746 859 774 Deum
875 756 960 782 prece,
984 753 1196 782 prosecuturus:
1213 751 1290 781 atque
1307 744 1499 780 augustissima
1523 742 1649 770 ctvlorum
1667 741 1780 776 Regina,
1799 741 1866 766 dum

220 789 303 822 .operi
316 789 385 823 quod
398 789 455 823 ejus
469 789 561 816 laudes
578 794 602 816 et
616 791 733 817 cncomiu
749 792 875 819 continet.
888 792 1059 826 protectionis
1072 797 1124 818 tute
1136 791 1252 825 favorem
1268 791 1408 825 impendis,
1425 790 1473 816 hoc
1489 788 1578 815 val'da
1593 787 1708 815 vicissim
1721 784 1865 821 protectio-

229 833 270 858 nis
285 841 340 859 sua:
353 841 416 867 erga
433 838 456 859 Ie
467 833 638 863 exhibitione.
653 840 677 861 et
694 835 780 869 dgnis
796 843 810 860 e
825 835 889 861 coelo
907 835 1059 862 muneribus
1076 836 1109 862 sit
1128 836 1324 870 nﬁluentissime
1337 838 1533 868 contpensaturt

270 877 334 904 Vale
350 877 454 904 interim
470 878 576 911 publico
587 879 653 905 bono
667 887 769 913 magna
781 879 827 906 Dei
843 879 940 906 Multis
953 879 1034 906 cliens
1046 879 1242 911 amantissime,
1261 885 1285 906 et
1300 887 1339 905 me
1350 878 1480 913 [amulum
1492 876 1753 907 tibideditissimunt,
1769 879 1866 902 totatu-

228 929 276 956 que
290 923 520 957 congregationem
537 931 632 954 meam.
648 924 702 949 tuis
722 923 852 958 obsequiis
874 924 1100 953 nddictissimam,
1118 924 1199 950 solita
1216 923 1378 956 benignitate
1395 929 1562 956 prosequere.

265 964 368 997 Romte,
386 974 418 993 ex
433 966 532 993 antibus
550 966 578 994 S.
597 966 692 993 dlariw
705 967 733 993 in
746 966 917 1001 Campitello,
935 975 1005 994 anno
1020 968 1117 994 salutis
1140 967 1220 997 ltitil,
1234 967 1277 993 die
1289 967 1305 992 ti
1317 965 1457 992 Januarii.

631 1043 1860 1056 Μ

909 1097 1190 1142 LECTORI.

266 1173 366 1204 Pnuca.
384 1174 472 1201 amico
497 1173 604 1204 Lector.
621 1174 654 1200 de
669 1180 782 1201 auctore
797 1174 880 1208 hujus
905 1174 1007 1208 onor-is.
1026 1181 1057 1201 ac
1072 1173 1106 1200 de
1126 1182 1208 1208 opere
1223 1173 1282 1208 ipso
1309 1178 1399 1200 tecum
1421 1171 1567 1207 praefabor,
1594 1171 1690 1199 audire
1703 1171 1726 1198 si
1742 1170 1862 1198 libuerit.

229 1216 296 1250 Quis
310 1225 342 1244 ac
355 1223 476 1252 quantus
490 1217 573 1245 fuerit
586 1217 614 1245 S.
634 1216 770 1252 Iosephus
795 1217 1036 1253 llymnograpbus,
1060 1218 1141 1252 cujus
1166 1217 1286 1244 Mariana
1304 1221 1483 1244 monumenta
1506 1223 1580 1243 nunc
1603 1217 1692 1248 primo
1715 1214 1862 1250 spectanda

230 1262 286 1288 tuis
298 1261 385 1288 oculis
405 1261 517 1295 ohjicio,
534 1269 566 1288 ex
582 1261 615 1288 iis
629 1270 690 1296 quze
710 1262 743 1288 de
759 1262 819 1296 ipso
837 1262 863 1288 in
881 1261 1017 1296 principio
1035 1262 1115 1295 hujus
1131 1261 1224 1296 operis
1250 1269 1358 1296 appono
1372 1261 1418 1296 (ne
1435 1261 1462 1288 in
1484 1261 1536 1288 hoc
1553 1260 1693 1288 vestibulo
1713 1264 1738 1287 te
1752 1259 1862 1294 longius

230 1306 332 1339 morer)
347 1305 411 1336 erit,
425 1311 462 1334 ιιι,
472 1313 562 1340 sporn,
580 1305 628 1331 tibi
645 1305 712 1332 satis
728 1313 865 1340 stuporque
891 1305 1078 1334 manifestum.
1095 1305 1207 1341 Iosephi
1232 1305 1305 1338 Vita,
1329 1314 1378 1341 per
1392 1305 1528 1333 Joannem
1547 1305 1652 1340 Magnus
1670 1304 1715 1332 Dei
1734 1303 1863 1331 Ecclesia:

230 1349 544 1383 Const:mtinopolitatue
560 1349 706 1376 diaconum:
727 1357 759 1376 ac
773 1353 910 1376 oratorem
937 1350 1098 1385 composita,
1118 1357 1199 1383 quam
1215 1349 1346 1383 exhibeo,
1359 1352 1448 1376 exstat
1465 1348 1561 1376 (ΕΙ-πρε
1580 1356 1632 1375 ms.
1651 1348 1676 1374 in
1699 1347 1862 1382 pcrantiquo

231 1393 326 1420 codice
342 1394 519 1428 ampli-sima:
542 1393 714 1420 bibliotheca:
729 1393 881 1425 Vaut-amr,
897 1399 924 1420 ct
937 1394 1000 1421 inde
1017 1398 1156 1429 excerpta.
1176 1401 1222 1429 per
1239 1393 1269 1420 P.
1285 1393 1457 1420 Ludovicutn
1477 1392 1672 1424 Marraccinm,
1690 1399 1779 1418 meum
1793 1398 1861 1418 t-on-

229 1438 372 1472 iunctione
386 1439 541 1473 sanguinis,
559 1445 591 1465 ac
614 1437 755 1472 religionis
775 1437 959 1472 professione,
976 1437 1088 1466 fratrem
1105 1445 1267 1472 germanum
1289 1437 1384 1464 Latine
1401 1435 1506 1463 reddita
1528 1439 1579 1463 est.
1605 1434 1700 1462 Exstat
1719 1434 1815 1461 eadem
1834 1433 1860 1460 in

230 1481 326 1509 Grzcco
342 1489 393 1509 ms.
407 1482 501 1509 codice
519 1482 678 1508 monasterii
695 1480 724 1508 S.
740 1480 892 1508 Salvatoris
908 1482 980 1516 apud
1005 1481 1170 1513 Messanam,
1187 1485 1270 1516 atque
1283 1487 1297 1507 a
1311 1479 1392 1507 Patro
1415 1479 1569 1515 Augustino
1585 1478 1699 1505 Floritio
1713 1479 1777 1505 Soc.
1795 1476 1861 1504 Iesu

232 1525 259 1552 in
277 1525 404 1553 Latinum
426 1526 571 1558 translata,
586 1525 658 1552 edita
676 1529 718 1552 est
736 1525 876 1558 Panormi,
897 1525 1033 1561 superiori
1048 1533 1121 1553 anno
1140 1525 1224 1558 1657,
1241 1533 1293 1552 una
1311 1532 1373 1552 cum
1392 1529 1467 1552 tomo
1493 1523 1614 1551 secundo
1629 1523 1721 1557 opcris
1738 1521 1774 1549 De
1793 1522 1862 1549 Vitis

232 1569 284 1598 SS.
306 1569 460 1597 Siculorum
479 1571 509 1596 P.
527 1570 633 1597 Octavii
661 1570 785 1604 Caietaui
812 1570 936 1605 ejusdem
964 1570 1119 1598 Sociclatis.
1142 1569 1202 1597 Vita
1224 1569 1347 1606 Iosephi.
1373 1577 1455 1605 quam
1470 1577 1503 1596 cx
1522 1569 1632 1597 Momms
1664 1568 1796 1603 produco.
1813 1575 1862 1602 per

230 1615 356 1642 eumdem
372 1614 402 1641 Ρ.
420 1614 588 1641 Ludovicum
605 1613 783 1641 Mart-accium
799 1620 840 1641 est
855 1613 934 1642 Latio
950 1615 1024 1642 illata
1043 1615 1092 1651 (a).

268 1658 305 1686 De
317 1665 401 1692 Opere
417 1663 508 1686 autem
525 1659 586 1693 ipso
603 1659 667 1693 quid
683 1658 797 1686 dicam?
816 1659 882 1686 Dico
898 1659 965 1687 illud
982 1667 1014 1687 ex
1029 1659 1150 1691 Mcmcis.
1166 1667 1197 1686 cx
1213 1658 1374 1693 llorologio,
1393 1666 1425 1685 ex
1439 1657 1620 1690 Paraclotico,
1636 1665 1668 1685 ex
1689 1655 1811 1688 Triodin.
1827 1664 1862 1684 ex

231 1702 448 1734 Prntccostario.
465 1711 498 1730 ex
518 1704 630 1735 Rituali,
648 1704 763 1739 aliisque
777 1703 939 1731 Graecorum
959 1703 1158 1735 voluminibus,
1175 1704 1203 1730 in
1219 1703 1320 1738 quibus
1334 1701 1446 1737 Iosephi
1473 1702 1598 1730 Canones
1615 1701 1679 1728 hinc
1697 1701 1760 1727 inde
1772 1701 1860 1734 sparsi

233 1749 420 1783 reperiuntur,
438 1748 522 1775 fuisse
533 1749 676 1775 collectum
695 1757 702 1775 :
718 1753 745 1775 et
759 1748 815 1776 fere
830 1753 916 1776 totum
930 1749 1023 1776 studio
1039 1757 1071 1776 ac
1087 1748 1228 1782 diligentia
1239 1747 1295 1782 jam
1312 1746 1377 1773 dicti
1392 1745 1421 1773 P.
1439 1745 1574 1773 Ludovici
1589 1745 1722 1772 Marracri
1735 1751 1750 1772 e
1765 1743 1863 1771 Grzcco

232 1792 259 1819 in
277 1791 404 1819 Latinum
420 1800 575 1819 sermonem
592 1792 677 1820 fuisse
692 1794 866 1820 translatum.
882 1792 948 1820 Dico
961 1800 1023 1820 esse
1040 1796 1126 1819 totum
1145 1800 1274 1822 aureum.
1293 1796 1381 1818 totum
1406 1798 1574 1826 gemmeum.
1601 1794 1688 1817 totum
1703 1798 1735 1817 cx
1752 1789 1862 1825 pietatis

231 1837 376 1868 saccbaro.
391 1845 423 1864 ac
437 1838 592 1864 devotionis
608 1837 686 1865 melle
701 1842 888 1872 compactum.
904 1845 937 1864 ex
953 1845 1020 1872 quo,
1036 1844 1120 1871 quam
1137 1836 1303 1863 adeotuosus
1323 1835 1408 1863 luerit
1428 1835 1551 1862 auctoris
1572 1835 1599 1862 in
1617 1833 1729 1862 Mariam
1752 1834 1860 1870 genius,

231 1886 315 1913 quam
341 1879 503 1913 ingeniosus
526 1879 651 1910 all'ectus,
665 1883 692 1906 et
711 1887 794 1913 quam
819 1887 905 1913 purus
921 1887 954 1906 ac
969 1879 1079 1907 fervens
1103 1888 1182 1907 amor
1207 1879 1428 1908 luculentissimc
1443 1879 1543 1907 elucet.
1570 1879 1636 1906 Dico
1658 1886 1720 1906 esse
1735 1879 1860 1906 omnium

232 1930 341 1958 semper
360 1923 542 1950 immaculata;
558 1923 680 1958 Virginis
696 1923 884 1950 studiosorum
903 1923 1032 1950 manibus
1050 1923 1206 1955 terendum,
1223 1923 1393 1957 judiciisquc
1413 1922 1597 1957 probandum,
1613 1929 1676 1949 cum
1691 1921 1718 1948 in
1736 1922 1860 1948 omnium

230 1968 332 1996 animis
357 1969 484 2004 pietatem
508 1976 570 2004 erga
594 1976 704 2003 semper
723 1973 751 1996 et
772 1968 902 1996 omnibus
927 1968 1016 1995 modis
1037 1967 1322 1995 immaculatissimam
1348 1966 1488 2003 Virginem
1509 1967 1664 2002 Deiparam,
1692 1974 1745 1993 non
1771 1967 1860 1994 solum

232 2011 328 2040 fovere
345 2013 392 2040 scd
410 2020 510 2048 augere
525 2021 577 2039 non
594 2020 690 2047 parum
711 2013 816 2045 valeat;
832 2020 894 2040 cum
912 2012 973 2039 duri
996 2019 1111 2047 prorsus
1126 2019 1158 2039 ac
1174 2011 1271 2047 lapidei
1288 2011 1382 2040 cordis
1398 2012 1445 2045 sit,
1461 2011 1508 2047 qui
1528 2019 1561 2039 co
1577 2011 1648 2039 lecto
1664 2019 1718 2038 non
1734 2011 1860 2038 emollia-

232 2061 288 2089 tur,
301 2061 328 2084 ct
339 2057 373 2084 ad
388 2056 512 2092 Magnam
529 2056 576 2083 Dei
589 2055 702 2083 Matrem
716 2056 858 2083 ardentius
871 2056 1017 2083 amandam
1034 2064 1088 2084 non
1105 2055 1250 2083 excitetur.
1268 2056 1334 2083 Dico
1347 2063 1409 2084 csse
1424 2055 1592 2083 ditissimum
1611 2054 1858 2090 Gazophylacium,

232 2100 385 2128 innumeris
411 2100 594 2127 Marianarum
622 2100 734 2127 laudum
760 2105 787 2126 et
808 2101 1007 2135 prmconiorum
1032 2101 1145 2128 talentis
1173 2100 1386 2128 refertissimum
1410 2100 1636 2136 :pretiossimam
1666 2099 1858 2126 Aurifodinatn

230 2145 319 2172 sacris
336 2144 458 2179 Dcipnras
472 2152 522 2180 pro
536 2144 670 2172 contione
687 2145 921 2172 declamatoribus
937 2145 1050 2173 uberem
1066 2145 1241 2180 virginalium
1260 2145 1450 2173 cncomiorutn
1469 2144 1613 2172 materiam
1632 2143 1834 2171 ministrantem
1850 2153 1857 2172 :

231 2191 314 2222 atque
333 2188 572 2223 incomparabilem
600 2187 774 2216 Thesaurum
786 2210 794 2221 ,
813 2197 866 2216 non
883 2197 914 2216 cx
933 2197 1031 2224 magna
1048 2189 1107 2216 auri
1131 2190 1172 2216 vel
1188 2189 1296 2224 argenti
1320 2190 1357 2222 vi.
1384 2196 1533 2224 rerumque
1561 2187 1747 2223 pretiosarum
1766 2188 1857 2223 copia.

230 2233 278 2258 sed
295 2240 327 2259 ex
346 2232 445 2267 amplis
458 2233 630 2267 summisque
648 2232 769 2266 Dcipara:
783 2233 903 2268 Virginis
920 2234 1020 2268 opibus
1037 2233 1246 2261 alnuemissime
1263 2237 1435 2269 congestum.
1454 2233 1491 2260 De
1506 2240 1562 2267 quo
1575 2232 1686 2267 quidem
1704 2234 1858 2267 npcrejure

233 2275 331 2303 merito
345 2276 373 2302 in
390 2277 476 2311 ipsius
491 2276 605 2312 Iosephi
622 2276 681 2303 Vita
696 2275 817 2303 Ioannes
834 2276 939 2312 Magna:
954 2276 999 2304 Dei
1016 2277 1140 2304 ecclosiae
1160 2277 1295 2305 diaconus
1310 2284 1337 2304 et
1351 2282 1446 2304 orator
1461 2277 1488 2304 in
1503 2277 1576 2303 hunc
1597 2276 1708 2303 tnodum
1725 2276 1834 2310 scripsit
1849 2285 1856 2303 ε

232 2318 282 2346 Est
294 2320 426 2354 quispiam
450 2321 561 2355 rigidus,
576 2329 608 2347 ac
627 2321 721 2353 durus,
740 2325 818 2355 atque
834 2321 868 2346 ad
887 2320 1020 2356 lacrgmas
1043 2320 1216 2355 e/funtlendus
1232 2321 1358 2355 ineptus?
1378 2320 1557 2348 Suavissimas
1573 2319 1700 2347 melodias
1712 2328 1729 2347 a
1741 2319 1856 2355 loseplto

230 2364 344 2397 scriptas
358 2365 384 2390 in
404 2364 536 2400 Virginem
549 2373 580 2391 ac
596 2364 642 2392 Dei
656 2364 776 2396 Matrem,
795 2373 854 2399 qua:
876 2364 1047 2399 ine/fabiliter
1072 2364 1183 2392 Verbum
1203 2366 1331 2400 concepit.
1357 2365 1465 2392 assidue
1489 2365 1586 2399 legens,
1598 2368 1622 2391 et
1643 2363 1798 2397 decantatis,
1814 2364 1856 2391 la—

231 2415 381 2442 cryntarum
400 2408 486 2434 maria
512 2407 596 2442 plenis
612 2409 694 2435 acutis
709 2409 835 2442 e/fundet,
850 2413 874 2435 et
896 2413 981 2435 mente
997 2408 1109 2443 collique
1133 2409 1220 2442 factus
1236 2409 1410 2436 immateriali
1430 2416 1508 2435 sensu
1525 2408 1711 2442 spiritualibus
1727 2416 1855 2442 compun—

232 2451 328 2477 ctionis
341 2451 443 2478 deliciis
461 2451 621 2486 perfruetur.
640 2451 689 2479 lite
700 2457 788 2478 autent
804 2452 924 2479 melodia:
939 2457 1068 2480 sexcenti:
1082 2458 1154 2483 sunt.
1172 2461 1230 2488 qute
1244 2452 1276 2479 ab
1289 2461 1318 2479 eo
1331 2453 1413 2479 variis
1426 2451 1679 2479 commutationibus
1692 2456 1717 2479 et
1729 2459 1856 2479 sonorum

232 2495 437 2528 concisionibus,
452 2496 582 2530 variisque
595 2494 777 2530 rhythmorum
792 2495 949 2529 differentiis
966 2497 1131 2531 composita,
1145 2496 1312 2523 dulcedinem
1325 2497 1522 2532 quodammado
1540 2500 1620 2531 atque
1642 2496 1749 2524 odorem
1766 2496 1855 2522 suavi-
1880 2498 1883 2500 ’

233 2537 297 2564 tatis
321 2539 510 2566 aromatizant.
531 2538 576 2566 Sic
593 2538 648 2566 illc.
671 2539 763 2568 Certe.
787 2539 875 2566 amice
900 2539 1006 2571 Lector.
1022 2541 1045 2568 si
1068 2542 1102 2568 ad
1122 2549 1154 2569 ea
1173 2549 1235 2576 quae
1248 2549 1263 2568 a
1281 2541 1309 2569 S.
1328 2540 1450 2576 Iosepho
1467 2541 1682 2577 Hymnograpbo
1698 2542 1745 2569 tibi
1760 2541 1787 2568 in
1802 2541 1855 2567 hoc

232 2588 315 2615 opere
329 2581 506 2614 exhibentur.
522 2581 633 2617 legenda
650 2581 772 2608 animum
791 2583 942 2617 oculosque
968 2584 1093 2618 adjicies,
1111 2590 1203 2613 certus
1218 2586 1331 2613 omnino
1351 2594 1411 2612 sum
1436 2586 1469 2612 de
1485 2591 1531 2613 tua
1550 2591 1612 2620 post
1627 2587 1799 2621 degustatum
1815 2584 1853 2612 ibi

234 2626 361 2653 latentem
381 2626 554 2653 dulcedinem
572 2626 599 2653 in
618 2626 732 2660 legendo
760 2628 974 2661 perseverantia,
1002 2637 1053 2656 nec
1069 2629 1165 2657 dubito
1188 2633 1214 2656 te
1241 2629 1395 2661 hnjusmodi
1423 2629 1541 2657 lectione
1556 2630 1584 2657 in
1600 2630 1675 2658 cultu
1704 2635 1853 2662 umoreque

235 2669 355 2705 Virginis
375 2671 577 2704 augustissima:
593 2670 764 2706 Deiparentis
780 2671 903 2705 pristinae
918 2672 1027 2706 pietatis
1042 2673 1223 2708 magnitudini
1241 2680 1349 2705 semper
1365 2673 1467 2708 aliquid
1489 2674 1659 2702 additurum.
1678 2672 1788 2700 Interim
1803 2679 1853 2707 pro

233 2713 286 2741 hoc
303 2713 333 2741 S.
351 2712 463 2749 Iosephi
476 2722 570 2749 opere,
586 2714 659 2749 quod
675 2714 723 2742 tibi
738 2714 766 2741 in
782 2715 926 2749 praesentia
940 2715 1068 2749 exhibeo,
1083 2721 1111 2744 et
1127 2724 1176 2751 pro
1187 2716 1250 2744 aliis
1265 2718 1348 2744 etiam
1367 2717 1416 2745 SS.
1436 2718 1547 2745 Patrum
1561 2718 1588 2744 in
1604 2717 1711 2744 laudem
1730 2715 1852 2750 Dcipam

235 2757 354 2793 Virginis
375 2759 594 2794 praeclarissimis
610 2759 804 2792 monumentis,
819 2767 889 2795 quas,
903 2759 927 2788 si
938 2759 1011 2788 Deus
1027 2759 1110 2787 vitam
1125 2761 1208 2791 vires,
1223 2764 1305 2795 atque
1322 2761 1406 2788 otium
1424 2761 1490 2788 dare
1503 2764 1609 2796 pergat,
1626 2759 1674 2787 tibi
1686 2759 1852 2794 quantocius

231 2803 406 2831 exhibiturus
418 2811 491 2835 sum,
505 2811 598 2839 preces
608 2808 669 2831 tuas
682 2803 753 2838 apud
765 2804 850 2832 Deum
864 2808 890 2832 et
902 2804 1106 2832 sanctissimam
1120 2804 1180 2839 ejus
1195 2804 1338 2832 Parentem
1348 2803 1488 2839 Virginem
1501 2803 1624 2835 Mariam,
1638 2802 1850 2837 modestissime,

232 2847 279 2875 scd
300 2847 499 2874 instantissime
514 2847 635 2882 requiro.
653 2846 727 2875 Vale.

268 2906 307 2938 (α)
324 2903 388 2930 Vith-
401 2911 483 2937 supra
499 2903 550 2931 col.
569 2903 632 2932 951.
