2077 3157
249 161 301 194 983

798 162 827 191 S.
849 159 1006 191 JOSEPHI
1024 158 1304 189 HYMNOGRAPHI

1819 152 1872 186 98K

977 232 1872 244 _.__.__————-————————-——-——-——-

906 333 1219 390 MARIALE

638 466 685 510 S.
722 464 974 511 JOSEPHI
1014 460 1490 508 HYMNOGBAPHI.

242 723 280 750 1n
294 721 429 757 pervigilio
451 719 678 757 NatiuittttisSS.
695 717 934 757 DeiparazACanon
952 717 966 744 1
985 718 1035 757 (μ’),

280 753 539 792 σάίιιδάσνοειὶεΙιίδ
555 756 675 792 (et/nee
696 759 734 781 est
756 763 765 782 :
785 763 795 779 ι
820 755 914 780 Ortum
942 753 1037 788 puclla:

284 789 410 819 Numinis
427 796 497 818 nata:
508 799 573 817 cano
584 789 693 824 Ioseph.

553 846 610 875 Odc
640 847 652 873 1
675 847 726 882 (5).

282 918 304 952 ι
324 917 347 945 l.
362 916 480 944 Ovantes
501 914 582 942 hodie
597 921 658 942 eum
672 913 766 941 laetitia
779 913 887 948 hymnis
901 920 1035 939 canamus

245 963 365 991 divinam
379 963 426 990 Dei
440 962 534 989 Matris
556 961 743 988 nativitatem:
756 959 887 995 gaudium
903 959 974 986 enitn
990 966 1036 993 pe-

245 1011 317 1046 perit
341 1010 471 1036 universo
505 1008 620 1040 mundo,
650 1006 723 1042 quod
754 1006 912 1033 mtestitiam
937 1006 1036 1041 'printze

247 1055 581 1091 parentis‘exterminavit.

281 1101 383 1136 Regina
398 1099 561 1131 castissima,
588 1103 671 1133 atqtte
684 1098 718 1125 ab
740 1097 814 1124 otnni
832 1096 892 1124 labe
911 1096 1036 1124 mundis-

246 1148 326 1181 sima,
341 1147 463 1174 nascitur
477 1154 510 1173 ex
529 1146 626 1177 sterili,
640 1144 732 1172 futura
747 1145 805 1178 ipsa
817 1142 921 1177 peccati
935 1142 1034 1168 sterili-

245 1202 299 1228 tas,
311 1202 393 1230 qualn
410 1195 452 1221 lex
472 1193 688 1229 praedescripsit,
719 1195 746 1219 et
760 1191 915 1218 divinorum
930 1189 1035 1216 theolo-

246 1248 308 1269 rum
321 1247 400 1267 νοοθε
417 1243 593 1274 praemonstra
598 1242 703 1265 verunt.

281 1286 423 1320 Templum
452 1289 479 1312 et
496 1285 628 1319 palatittm
656 1283 737 1318 Regis
762 1283 834 1310 facta
860 1291 900 1315 es,
926 1282 954 1309 in
979 1288 1034 1316 quo

246 1329 351 1357 faciens
369 1329 563 1356 habitationem
584 1336 662 1356 suam
679 1328 723 1355 ille
749 1326 1032 1362 supersubstantialis,

247 1375 345 1403 cliiciat
359 1375 451 1403 ﬁdeles
466 1375 633 1402 domicilium
650 1374 830 1402 sanctissima
844 1373 987 1400 Trinitatis
998 1392 1005 1400 .

266 1421 357 1449 Unica:
372 1421 583 1456 pulchritudinis
598 1421 744 1453 thalamus,
760 1419 806 1447 Dei
822 1419 937 1446 tbtonus
960 1418 1038 1446 altis~

288 1522 333 1558 (l)r
344 1521 395 1558 llic
409 1521 439 1550 S.
453 1521 564 1558 Josephi
579 1529 666 1558 canon
673 1521 711 1558 ~in
728 1521 870 1556 pervigilio
883 1521 1036 1558 nativitatis

248 1556 430 1586 sanctissimae
454 1556 587 1618 Beiram,
609 1556 760 1591 quiGt-aace
776 1560 868 1583 exstat
882 1557 908 1583 in
926 1556 1036 1583 Menmis

248 1593 404 1618 Graecorum
423 1591 474 1618 sub
511 1591 535 1618 ie
551 1591 565 1617 7
586 1592 764 1618 Septembris.
783 1596 811 1618 et
827 1591 855 1617 in
872 1591 966 1618 codice
983 1598 1034 1618 ms.

247 1593 404 1621 Grmcontm
423 1591 474 1618 sub
491 1591 535 1618 die
551 1591 565 1617 7
586 1592 764 1626 Septembris,
783 1596 811 1618 et
827 1591 855 1617 in
872 1591 966 1618 codice
983 1598 1034 1618 ms.

246 1627 418 1657 bibliothecae
443 1625 582 1653 Vaticana:
607 1635 634 1652 ιι.
651 1626 712 1658 779,
730 1634 790 1660 pag.
811 1626 873 1658 157,
897 1633 950 1652 una
974 1633 1035 1652 cunt

247 1634 418 1657 υιυιιοιιιοεειι
447 1634 582 1653 vaucana:
607 1635 634 1652 ιι.
655 1634 712 1658 nu,
748 1634 790 1660 ag.
811 1634 873 1658 tot,
897 1634 950 1652 una
974 1634 1035 1652 cum

247 1662 309 1690 aliis
333 1661 455 1695 ejusdem
479 1660 509 1687 ὃ.
530 1660 639 1694 Iosephi
665 1661 698 1687 de
726 1634 842 1694 Beipara
868 1661 1035 1691 canonibns,

248 1701 348 1731 praeter
363 1696 536 1731 canottesrde
549 1696 751 1731 obdormilione
767 1700 795 1722 et
811 1695 927 1731 zonail}.
949 1695 1038 1730 Virgi-

250 1729 303 1762 itis.
318 1731 414 1758 Latine
431 1729 556 1757 redditus
579 1733 622 1757 est
640 1738 654 1756 a
672 1730 702 1756 P.
728 1730 866 1757 Ludovico
887 1729 1038 1757 Marraccio

249 1771 351 1794 nostrae
370 1765 591 1800 congregationis
608 1764 703 1800 Matris
720 1765 777 1792 Dei.
797 1780 832 1785 -——
854 1764 924 1798 Quid
943 1765 979 1791 sit
993 1773 1039 1800 ca_—

248 1808 304 1829 non
319 1800 390 1835 apud
406 1798 525 1835 Graaéos,
540 1800 654 1834 exponit
677 1799 797 1827 Zonaras
810 1800 837 1826 in
861 1798 1038 1827 Commenta;

247 1837 291 1863 rio
317 1834 350 1863 ad
375 1834 404 1861 S.
427 1834 541 1862 Joannis
567 1835 725 1861 Damasceni
747 1836 874 1862 Canones
901 1835 1038 1862 anastasi-

248 1878 321 1903 mos,
355 1870 415 1898 sive
453 1870 487 1897 de
519 1869 739 1901 Resurrectione,
776 1870 960 1904 conscriptos,
990 1870 1035 1903 qui

248 1905 471 1933 Commentarius
487 1909 576 1932 exstat
591 1912 642 1931 ms.
664 1905 691 1932 in
708 1905 871 1932 bibliotheca
892 1905 1034 1932 Bavariea.

248 1941 342 1968 Canon
358 1945 448 1969 autem
462 1939 518 1966 sive
533 1939 660 1974 hymnus,
675 1947 755 1974 quem
773 1940 800 1967 in
818 1939 917 1967 divinis
940 1940 1036 1967 olﬁciis

249 1980 352 2002 canunt
367 1975 466 2006 Graeci,
491 1974 683 2008 complectitur
703 1974 770 2002 edas
795 1982 911 2002 numero
926 1983 1033 2007 novent,

249 2010 312 2046 quia
329 2010 433 2038 scilicet
445 2009 660 2046 ecclesiasticus
672 2015 774 2046 cantus
793 2009 914 2046 imitatur
936 2017 1032 2036 novent

248 2044 360 2073 ordines
373 2045 531 2079 angelorum
550 2044 642 2071 Iaudes
662 2045 769 2071 divinas
794 2044 821 2071 in
846 2046 916 2072 uelo
933 2053 1034 2072 canen-

249 2081 317 2108 tium
332 2089 339 2108 :
356 2080 398 2107 vel
412 2080 492 2107 etiam
510 2080 675 2106 thenarius
692 2080 743 2107 iste
756 2079 870 2106 odarum
886 2088 920 2107 ex
934 2080 1033 2114 triplici

250 2116 371 2143 ternario
385 2119 527 2146 constans,
545 2115 695 2149 symbolice
717 2119 758 2141 ter
778 2115 925 2142 maximam
942 2114 1034 2141 Trini-

250 2155 333 2177 tatem
353 2151 490 2184 designat,
514 2149 555 2185 ad
565 2149 644 2184 cujus
667 2149 925 2185 laudem‘dir’igitur
945 2150 1034 2177 omnis

249 2185 378 2213 Ecclesixe
404 2183 510 2211 cautus.
536 2183 617 2211 Forte
638 2192 758 2211 canones
781 2183 810 2210 S.
834 2183 946 2219 Iosephi
964 2185 1035 2211 inter

249 2221 318 2248 alios
333 2220 490 2247 Graecorum
502 2220 666 2253 scriptorum
682 2226 802 2247 canones
819 2219 953 2253 insignem
974 2219 1034 2246 lau-

249 2256 312 2283 dem
337 2260 484 2287 merentur,
508 2254 631 2289 adeoque
651 2255 789 2282 excellunt
807 2259 838 2281 ut
856 2255 956 2281 nullam
978 2254 1035 2281 fere

249 2290 483 2324 comparationem
493 2290 658 2316 admittant:
670 2295 735 2316 sunt
747 2290 819 2316 enim
830 2289 1032 2321 venustissimi,

250 2325 474 2361 ingeniosissimi,
496 2329 523 2351 et
541 2325 627 2361 sacris
642 2324 866 2361 conceptionibus
886 2325 968 2361 pleni,
984 2331 1035 2351 nec

253 2359 307 2386 non
325 2366 560 2394 tenerorumrerga
576 2359 720 2393 Deiparant
736 2359 880 2386 aifrctuum
897 2360 973 2394 copia
991 2367 1034 2386 re-

251 2395 472 2421 dundantissimi.
484 2393 561 2422 Unde
572 2395 598 2422 in
609 2395 710 2428 Typico
719 2394 874 2422 Graecorum
884 2393 945 2428 cap.
955 2395 969 2421 7
978 2395 1035 2421 haec

253 2430 395 2461 habentur,
422 2434 450 2455 ut
476 2430 558 2456 rel'crt
585 2429 638 2457 Leo
655 2430 771 2456 Allatius
794 2430 832 2456 De
851 2430 925 2456 libris
942 2429 1034 2456 eccles.

254 2464 370 2493 (ἐι-αβουτ.
382 2464 492 2491 dissert.
506 2463 526 2495 I,
541 2472 603 2498 pag.
617 2464 647 2491 8i
661 2473 668 2490 :
683 2474 691 2490 ι
709 2464 854 2491 Sciendum
873 2469 924 2495 est,
941 2465 963 2491 si
981 2464 1035 2491 Me-

252 2507 341 2527 Itaaum
363 2499 444 2526 habet
459 2500 485 2526 in
502 2500 662 2526 memoriam
683 2499 798 2533 alicujus
813 2500 899 2526 saneti
916 2506 1034 2526 canones

252 2535 390 2561 variorum
403 2538 555 2568 poetarum,
571 2534 593 2561 si
608 2541 694 2561 canon
709 2535 796 2561 aderit
811 2534 914 2561 domini
928 2534 1033 2565 Cosmi,

251 2577 314 2597 eum
341 2569 403 2596 aliis
423 2569 658 2604 anteponendum;
685 2570 707 2596 si
731 2569 836 2596 domini
857 2569 981 2602 Joannis,
1009 2574 1035 2596 et

251 2605 379 2636 aliorum,
394 2612 457 2631 eum
471 2603 518 2639 qui
529 2603 642 2631 Joannis
657 2609 709 2636 est,
725 2605 872 2639 atttcpotti;
889 2605 910 2631 si
932 2604 1032 2631 domini

252 2640 438 2675 Theophanis,
455 2638 622 2672 etaliorum,
641 2639 745 2667 domini
767 2638 942 2675 Theophanis
958 2643 1034 2667 ante-

251 2674 395 2710 poniijlle
415 2675 487 2702 enim
502 2679 565 2701 ante
584 2675 651 2701 alios
669 2674 843 2701 honorandus
861 2678 903 2701 est
919 2684 925 2700 :
945 2675 966 2710 si
986 2674 1036 2700 do-

252 2709 320 2738 mini
341 2709 464 2745 Iosephi,
481 2717 542 2737 eum
564 2710 676 2745 reliquis
687 2709 774 2743 poetis
789 2710 927 2745 pneponi;
946 2709 968 2736 si
984 2716 1038 2745 ca:-

252 2746 302 2773 teri
331 2743 478 2777 defuerint,
493 2745 595 2772 domini
613 2744 743 2774 Joannis;
766 2744 788 2770 si
806 2743 835 2770 hi
863 2752 972 2779 quoque
988 2744 1037 2779 de-

253 2781 365 2813 fuerint,
380 2780 483 2807 domini
494 2779 687 2814 Theophanis;
699 2779 720 2806 si
734 2779 759 2805 bi
775 2779 869 2814 etiam,
879 2778 981 2814 Il0ltljﬂl
992 2778 1039 2805 Jo-

253 2816 330 2850 sepbi
350 2815 457 2843 caeteris
475 2814 602 2842 omnibus
623 2814 754 2848 przeponi.
781 2823 790 2839 ι
811 2813 873 2841 [huc
894 2814 920 2840 in
934 2813 1036 2849 Ὑγιιὶςο

253 2849 291 2880 de
300 2849 410 2885 Josrphi
423 2851 507 2876 nostri
518 2849 679 2885 cattOttibus.

290 2884 328 2923 (2)
353 2883 379 2911 lit
406 2885 490 2914 nostri
514 2884 624 2922 Joseplti
647 2883 771 2917 canticis,
797 2891 842 2912 seu
869 2884 1032 2917 canouibus,

1050 654 1075 683 Δ

1052 1339 1074 1368 Β

1050 1973 1070 2002 C

1052 2649 1072 2676 D

1461 657 1489 685 A'
1494 678 1501 685 .

1097 715 1149 743 Ἐν
1174 714 1332 749 προεορτίᾳ
1359 713 1415 748 τῆς
1435 712 1613 749 Γεννῄσεως
1636 712 1692 747 τῆς
1715 712 1881 749 emporia:

1126 747 1282 783 Θεοτόκού,
1300 750 1406 776 Κανῶν
1426 748 1468 781 A',
1488 747 1524 776 οὖ
1548 749 1568 782 ὴ
1587 749 1763 782 ἀκροστιχίς
1790 747 1856 774 ἐστι
1870 757 1878 763 ο

1128 794 1137 811 ι
1148 785 1300 819 Γέννησιν
1307 783 1390 819 ὑμνῶ
1398 783 1452 817 τῆς
1462 783 1624 816 Θεόπαιδος
1636 784 1728 817 κόρης
1737 783 1859 818 Ἰωσήφ.
1867 792 1879 809 ›

1431 840 1492 876 ᾭόὴ
1505 839 1540 867 α’.

1124 908 1273 944 Γηθόμενοι
1299 909 1420 944 σήμερον
1440 907 1499 942 μετ’
1520 907 1690 941 εὐφροσύνης
1713 907 1879 941 ὑμνήσωμεν

1087 955 1118 982 τὸ
1129 955 1200 982 θιῖον
1216 955 1354 989 γενέθλιον
1370 955 1419 988 τῆς
1436 954 1609 990 Θεομήτορος
1624 961 1629 968 ·
1647 954 1694 979 καὶ
1714 953 1770 988 γὰρ
1783 953 1879 979 τέτωιε

1087 1001 1174 1037 χαρὰν
1188 1003 1221 1037 τῇ
1235 1001 1394 1036 οἰκουμένῃ,
1408 1000 1498 1036 λύπην
1510 1000 1560 1035 τῆς
1578 1000 1791 1035 πρωτομήτερπς
1813 999 1877 1032 ἐξει-

1087 1048 1261 1084 φαγίζουσαν.

1129 1095 1176 1122 Ἐκ
1192 1095 1303 1132 στείρας
1315 1094 1498 1130 προσέρχεται
1511 1094 1563 1129 τῆς
1577 1093 1716 1130 ἁμαρτίας
1733 1093 1750 1128 ἡ
1766 1092 1880 1127 στείρω-

1088 1151 1139 1174 σις,
1155 1142 1188 1177 ἢν
1209 1142 1290 1176 νόμος
1305 1141 1476 1177 προέγραψε,
1492 1141 1540 1167 καὶ
1558 1140 1593 1167 τὰ
1615 1139 1784 1175 κηρύγματα
1810 1147 1878 1174 προ-

1086 1188 1223 1224 εδήλωσαν
1237 1187 1291 1214 τῶν
1305 1187 1385 1214 οεῐων
1401 1187 1553 1223 θεηγόρων,
1562 1188 1579 1223 ἡ
1592 1187 1728 1221 πάναγνος
1742 1187 1877 1213 Δέσποινα

1086 1235 1134 1262 καὶ
1146 1243 1217 1261 πανα
1222 1234 1363 1269 μὼμητος.

1120 1281 1194 1312 Ναὺς
1207 1281 1254 1307 καὶ
1268 1280 1398 1307 παλάτιον
1410 1279 1459 1307 τοῦ
1481 1280 1620 1313 Βασιλέως
1639 1280 1799 1315 γεγένησαι,
1814 1279 1843 1305 ἐν
1856 1275 1879 1312 ᾧ

1087 1326 1135 1361 τὴν
1147 1327 1305 1361 κατοίκησιν
1328 1326 1410 1353 αὑτοῦ
1435 1326 1612 1361 ποιούμενος,
1637 1326 1795 1362 οἰκητήριον
1827 1325 1878 1360 τῆς

1092 1373 1171 1408 ἁγίας
1185 1373 1299 1408 Τριάδος
1314 1372 1426 1404 πιστοὺς
1439 1373 1631 1408 ἀπεργάσηται
1644 1374 1658 1399 ὁ
1669 1371 1841 1407 exigo-Jama

1126 1419 1250 1454 Νυμφῶν
1275 1419 1455 1454 ὠραιότατος,
1482 1419 1577 1454 θρόνος
1603 1418 1672 1445 Θεοῦ
1697 1418 1877 1453 ὑψηλότατος,

1091 1520 1156 1547 illttd
1171 1520 1284 1548 omnino
1299 1520 1419 1547 notabile
1432 1525 1484 1553 est,
1503 1520 1576 1555 quod
1595 1527 1668 1555 sepe
1683 1527 1781 1547 nomen
1794 1528 1876 1549 suum

1089 1555 1224 1583 omissum
1248 1555 1275 1582 in
1290 1556 1381 1587 titulo,
1399 1563 1447 1590 per
1465 1555 1687 1587 acrostichidem,
1701 1555 1760 1582 sive
1774 1555 1877 1587 primas

1091 1591 1265 1625 stropharum
1285 1590 1401 1621 litteras,
1428 1590 1501 1618 circa
1525 1590 1648 1618 ultimam
1668 1597 1776 1625 semper
1796 1591 1879 1617 odam

1092 1626 1134 1652 sui
1162 1626 1260 1652 musici
1278 1626 1391 1653 canonis
1408 1630 1538 1653 accurate
1561 1625 1695 1660 signarit:
1719 1625 1790 1660 quod
1814 1625 1876 1658 ejus

1090 1660 1192 1687 factum
1208 1660 1254 1687 alii
1269 1667 1378 1695 quoque
1395 1660 1550 1695 Grtccorum
1566 1661 1663 1688 melodi
1682 1665 1747 1687 suttt
1765 1660 1876 1687 imitati.

1090 1696 1116 1721 Id
1131 1695 1202 1730 quod
1221 1695 1261 1722 vel
1279 1694 1339 1722 ideo
1355 1694 1488 1722 monitum
1507 1695 1599 1726 velim.
1618 1703 1652 1722 ne
1665 1695 1765 1729 aliquis
1785 1695 1812 1722 in
1832 1695 1876 1721 in-

1089 1729 1221 1764 dagandis
1236 1729 1350 1757 odarum
1364 1730 1524 1757 auctoribus
1539 1731 1613 1758 solos
1627 1730 1816 1765 inspiciendas
1829 1737 1877 1757 ca-

1090 1772 1190 1792 nonum
1207 1765 1301 1792 titulos
1317 1765 1420 1793 credat.
1439 1765 1519 1793 Certe
1535 1772 1597 1792 cum
1622 1764 1758 1792 fateantur
1775 1765 1875 1791 Memea

1088 1799 1208 1836 JoSepbo
1220 1806 1316 1827 nostro
1331 1800 1494 1836 hymnorum
1512 1800 1739 1836 extemporalium
1759 1800 1876 1835 gratiam

1089 1835 1222 1862 divinitus
1235 1835 1325 1862 datam
1340 1835 1435 1868 tuisse,
1454 1839 1484 1862 ut
1502 1840 1609 1861 taceant
1619 1835 1653 1862 de
1668 1835 1876 1862 subilattearunt

1089 1870 1303 1897 acrosticbidum
1327 1870 1398 1896 dono
1423 1871 1511 1904 (quas
1529 1877 1611 1896 nemo
1631 1870 1718 1897 nescit
1740 1870 1878 1904 operosis-

1088 1907 1174 1932 simas
1187 1913 1248 1933 esse
1260 1905 1281 1938 ),
1302 1905 1389 1932 credit
1401 1905 1442 1931 vir
1454 1905 1630 1932 doctissimus
1647 1905 1675 1931 Ρ.
1690 1905 1786 1931 Simon
1804 1903 1878 1931 VIII~

1087 1940 1203 1974 gnereck
1221 1941 1247 1967 in
1264 1939 1391 1966 Mariana
1410 1939 1515 1966 Pietate
1532 1939 1685 1966 Grazcorztm
1704 1940 1732 1966 in
1750 1940 1877 1974 l’rolego-

1089 1975 1176 2010 menis
1194 1984 1221 2002 ιι.
1244 1975 1288 2007 22,
1304 1975 1515 2010 extemporalem
1540 1975 1611 2002 ltanc
1629 1974 1744 2010 gratiam
1764 1975 1796 2001 ad
1815 1975 1876 2001 illos

1086 2009 1269 2043 Josephianos
1289 2010 1316 2036 in
1339 2009 1449 2037 Men:cis
1475 2011 1592 2045 hymnos
1619 2017 1672 2036 non
1699 2010 1873 2040 trahendam,

1086 2045 1132 2078 qui
1146 2050 1253 2072 scatent
1264 2045 1506 2076 acroslichidibns,
1525 2052 1684 2079 quanquam
1703 2050 1808 2072 asserat
1821 2045 1876 2071 diei

1086 2080 1157 2107 forte
1173 2088 1234 2107 non.
1249 2080 1421 2107 incommode
1437 2087 1528 2114 posse,
1543 2080 1579 2106 ob
1600 2080 1626 2106 id
1646 2080 1733 2114 ipsum
1754 2079 1874 2106 divinam

1087 2115 1157 2142 hanc
1181 2115 1298 2150 gratiam
1315 2114 1342 2141 in
1358 2113 1453 2142 eodem
1469 2113 1589 2149 Josepbo
1606 2113 1662 2149 pro
1677 2114 1809 2141 miraculo
1827 2114 1876 2150 ha-

1086 2150 1168 2176 bitam
1188 2157 1259 2180 esse,
1283 2150 1357 2184 quod
1380 2154 1606 2184 cxtemporaneas
1626 2157 1736 2184 quoque
1760 2149 1876 2176 acrosti<

1084 2185 1179 2213 chides
1194 2185 1328 2212 tunderet.

1123 2221 1161 2256 (5)
1185 2220 1261 2256 Scire
1276 2220 1368 2247 forsan
1385 2227 1439 2247 non
1453 2227 1534 2247 nemo
1550 2225 1672 2256 cuperet,
1691 2227 1726 2247 an
1746 2219 1875 2256 haerosc-

1086 2257 1132 2291 pbi
1157 2255 1226 2291 odre,
1244 2260 1272 2283 et
1289 2256 1350 2282 alia:
1365 2256 1424 2283 eda:
1445 2256 1526 2291 etiam
1547 2255 1724 2285 Menteorum.
1741 2260 1768 2282 et
1789 2255 1875 2282 libro-

1087 2290 1145 2318 rum
1169 2290 1326 2317 Graecorum
1355 2290 1618 2321 ecclesiasticarum,
1648 2295 1773 2317 constent
1799 2295 1874 2316 certo

1085 2334 1190 2362 genere
1207 2326 1372 2362 carminum.
1400 2333 1445 2362 att_
1461 2325 1585 2362 oratione
1604 2325 1712 2362 soluta?
1726 2324 1786 2362 Cui_
1799 2325 1871 2351 aliut

1086 2359 1147 2388 cum
1163 2361 1275 2387 Simone
1295 2360 1456 2394 Vuagnerck
1469 2361 1494 2387 itt
1511 2359 1636 2386 Mariana
1654 2360 1751 2394 pietate
1766 2359 1872 2387 (ἔνατο-

1086 2404 1145 2422 rum
1169 2396 1195 2422 ιιι
1216 2395 1421 2430 Prolegomenis
1446 2403 1473 2422 ιι.
1502 2396 1547 2427 3|,
1575 2395 1794 2429 respondendum
1816 2402 1871 2421 non

1087 2431 1182 2463 ltabco,
1198 2438 1279 2464 quam
1300 2431 1359 2456 idco
1377 2431 1468 2457 vocari
1489 2431 1555 2457 odas
1577 2437 1592 2456 a
1612 2430 1723 2462 Graecis,
1745 2431 1818 2464 quod
1844 2430 1870 2456 itt

1086 2465 1213 2499 strophas
1241 2466 1398 2492 dividantur
1425 2465 1577 2492 imitatione
1592 2467 1716 2495 odarum,
1732 2472 1793 2491 eum
1810 2472 1875 2499 pra:-

1086 2500 1179 2527 sertim
1193 2509 1228 2535 t-x
1245 2508 1296 2528 usu
1316 2500 1418 2535 vulgari
1439 2500 1574 2534 signiticet
1589 2500 1640 2526 oda
1659 2500 1790 2534 quidquid
1808 2507 1875 2526 can-

1086 2539 1169 2562 tatur.
1185 2534 1320 2562 Crelerum
1341 2534 1373 2562 ei
1390 2536 1465 2561 nullo
1481 2536 1554 2568 ipsas
1573 2541 1659 2562 tnetro
1674 2541 1800 2562 constare
1820 2535 1875 2561 nisi

1086 2570 1233 2603 aliquando
1243 2569 1333 2605 quoad
1348 2571 1470 2597 senarios
1487 2570 1630 2601 iambicos,
1647 2571 1719 2605 guod
1731 2577 1794 2596 raro
1810 2577 1874 2605 con-

1087 2606 1176 2640 tingit,
1206 2604 1410 2640 deprehendere
1440 2610 1492 2632 est.
1529 2605 1607 2632 Unde
1642 2604 1742 2631 Suidas
1777 2604 1873 2631 scribit

1089 2641 1118 2668 S.
1141 2639 1274 2667 Joannem
1301 2639 1507 2672 Datttascenum,
1537 2640 1574 2666 uti
1603 2645 1629 2666 ct
1655 2639 1716 2673 ejus
1740 2639 1870 2674 collegam

1088 2675 1116 2702 S.
1131 2675 1258 2702 Cosmum
1281 2674 1567 2709 llierosolymitanttnt,
1583 2675 1738 2701 condidisse
1753 2681 1873 2700 canones

1088 2711 1218 2742 musicos,
1237 2716 1293 2737 tum
1309 2710 1430 2736 carmine
1447 2710 1565 2737 iambico
1585 2710 1712 2743 scriptos,
1731 2715 1787 2735 Iutn
1807 2716 1870 2734 ora-

1087 2746 1159 2772 tione
1171 2746 1270 2772 soluta.
1283 2744 1454 2779 Quapropter
1466 2745 1658 2780 ambigendum
1677 2752 1729 2780 non
1744 2748 1796 2780 est,
1814 2743 1871 2780 Me:

1087 2788 1206 2807 natorum
1223 2778 1380 2807 innumeras
1394 2778 1472 2812 edas,
1496 2780 1523 2807 in
1543 2778 1645 2815 Quibus
1667 2779 1768 2815 nullum
1788 2778 1870 2806 iambi

1086 2816 1230 2850 vestigium
1248 2816 1329 2846 lucet,
1346 2815 1373 2841 in
1390 2815 1449 2843 suis
1466 2814 1594 2843 omnibus
1611 2814 1731 2849 strophis
1744 2822 1777 2841 ex
1794 2819 1870 2844 tut-ra

1085 2858 1196 2878 outttttto
1207 2858 1286 2885 prosa
1299 2855 1436 2878 constare.
