2077 3157
1346 129 1373 138 -ς

181 183 234 215 935
886 184 968 215 MAR

1021 185 1070 216 LE.
1754 167 1815 215 '935

183 239 300 270 καθίσας
334 239 418 273 σαρκὶ
448 239 462 266 ὁ
479 238 643 275 ὐπερούσιος
667 239 731 271 τοὺς
747 239 919 275 καθημένους
942 241 969 266 ἐν

1024 242 1111 270 simus
1136 245 1189 272 est,
1205 246 1223 267 ο
1236 239 1335 274 Virgo;
1348 237 1375 265 in
1389 244 1444 273 quo
1475 235 1520 264 ille
1539 235 1638 264 sedens
1658 237 1812 264 secundum

182 285 274 312 σκότει
287 285 435 318 ἀπωλείας,
451 285 558 320 ἐγερεῖς
578 285 648 321 πρὸς
667 284 795 319 γνώσεως
817 285 876 320 φῶς
905 287 969 320 ἀγα-

1025 293 1135 314 carncm
1155 285 1181 320 2
1200 292 1249 312 eos
1273 284 1320 319 qui
1342 284 1369 310 in
1395 282 1557 318 perditionis
1583 282 1705 309 tenebris
1720 282 1816 310 sedent.

181 330 285 365 θᾶτητι.

520 385 580 422 mh
602 384 636 420 γ’-

224 441 303 478 Ἦγῆ
320 443 336 478 ή
358 442 537 478 κατάκαρπος
558 444 591 470 ἐκ
615 443 666 478 γῆς
679 443 807 479 ἀκάρπου
830 446 971 479 γεννᾶται,

180 490 243 526 ἥτις
257 490 458 525 καρπογονήσει
485 489 531 516 τὸν
552 490 677 525 γεωργὸν
702 491 756 517 τῶν
782 491 902 526 ἀγαθῶν,
925 492 973 519 καὶ

181 536 324 572 ζωηφόρον
344 537 464 572 ἀσταχυν
476 537 523 564 τὸν
541 537 678 572 τρέφοντα
693 537 799 570 πάντας
821 538 888 574 θείῳ
912 538 973 566 νεύ-

181 591 259 617 ματι.

216 629 340 664 Σήμερον
355 629 506 665 ἐϐλάστησε
530 630 581 665 τῆς
601 630 783 667 παρθενίαςή
809 632 917 668 ῥάϐδος,
941 634 971 667 ἐξ

179 671 213 710 ἧς
225 675 338 710 ἀνθήσει
350 675 430 707 ἄνθος
444 676 457 702 ὁ
472 676 624 711 φυτουργὸς
639 677 718 712 ἡμῶν
728 678 805 710 Θεὸς,
817 679 851 706 τὰ
862 680 970 715 πονηρά

180 721 358 755 βλαστήματα
369 721 530 756 ἀποτέμνων
544 722 618 758 ἄκρᾳ
633 723 791 758 ἀγαθότητι.

221 766 268 793 ’ἰδὲ
277 767 306 793 τὸ
317 767 464 800 ἀλάξευτον
474 768 537 802 ὅρος
546 769 579 795 ὲκ
594 769 698 804 πέτρας
711 770 809 803 ἀγόνου
820 770 971 806 ἀποτεχθὲν

179 813 225 839 τὸν
237 811 309 840 λίθον
320 815 487 849 καρπογονεῖ
499 815 605 850 νοητὸν.
619 815 649 846 ὃς
661 816 809 855 συντριϐᾕὴν
820 817 970 852 ἐργάσεται

179 859 233 887 τῶν
248 859 351 893 ξοάνων
366 860 475 887 πάντων
488 860 536 888 τοῦ
549 861 710 898 ἀλάστορος.

215 945 306 983 Νόμου
319 948 542 985 προχαράγματά
555 958 585 976 σε
601 950 803 986 προεδήλωσαν.
820 951 910 987 Κόρη·
925 951 971 979 τὸν

180 992 336 1029 Νομοδότην
352 995 384 1021 σὺ
400 995 455 1030 γὰρ
471 995 596 1031 νομίμων
609 996 670 1031 δίχα
693 997 722 1023 ἐν
742 998 843 1033 γαστρὶ
869 1006 969 1033 κυοφοη

180 1039 248 1074 ρετς,
264 1040 402 1076 τηροῦντά
414 1049 443 1067 σε
455 1041 526 1077 ὑπὲρ
542 1041 620 1076 λόγον
633 1042 686 1077 ἄφθ
694 1051 763 1078 apo-1,
782 1044 926 1079 ἀμίαντον.

521 1175 580 1210 ᾮδὴ
595 1175 627 1202 δ’.

222 1231 377 1267 Ὑπερτέρα
393 1231 448 1258 τῶν
466 1232 590 1266 ἀγγέλων
605 1231 651 1259 ἐπὶ
674 1232 727 1267 γῆς
753 1233 822 1268 κόρη
838 1233 970 1267 τίκτεται,

180 1277 209 1305 ὲν
225 1278 364 1313 ἁγιωσύνῃ
388 1275 456 1305 οὖσα
475 1280 523 1306 καὶ
549 1279 684 1315 καθάρσει
701 1279 879 1316 ἀσύγκριτος,
909 1281 972 1316 ἥτις

179 1325 230 1359 τὴν
244 1324 379 1360 κάθαρτιν
408 1326 518 1353 πάντων
541 1326 658 1361 Χριστὸν
677 1326 797 1360 τέξεται,
826 1327 970 1363 ἅγιότητα,

180 1369 229 1396 καὶ
248 1370 368 1406 παντελῆ
385 1371 586 1406 ἀπολύτρωσιν.

215 1415 347 1451 Μακαρία
374 1417 390 1452 ή
414 1416 503 1444 κοιλία
521 1418 537 1452 ή
553 1417 604 1452 τῆς
624 1418 724 1454 Ἀννης
738 1418 904 1454 γεγένηται·
922 1419 972 1455 τὴν

181 1462 235 1496 γὰρ
248 1462 277 1488 ὲν
302 1462 392 1498 κοιλία
421 1462 572 1497 μέλλουσαν
588 1464 687 1498 χωρεῖν
706 1463 752 1490 τὸν
771 1464 907 1500 μακάριον
925 1464 973 1492 καὶ

182 1507 221 1543 μὴ
253 1508 428 1544 χωρούμενον
459 1509 546 1543 Λόγον
569 1509 766 1545 ἀπεγέννησεν,
790 1510 972 1546 ἀναγέννησιν

182 1554 250 1580 πᾶσι
268 1555 374 1585 πιστοῖς
389 1554 589 1589 παρεχόμενον.

1024 331 1154 359 excitabit
1164 331 1197 358 ad
1208 331 1297 358 lucem
1308 329 1428 358 scientiae
1441 333 1551 363 propter
1562 328 1713 356 bonitatem
1724 336 1813 356 suam.

1363 385 1419 414 Ode
1432 385 1450 412 3
1499 395 1503 399 '

1052 446 1119 474 Mira
1135 445 1299 473 fecunditate
1320 443 1433 479 praedita
1459 447 1530 470 terra
1553 449 1585 469 ex
1598 447 1669 469 terra
1692 443 1816 470 nascitur

1023 491 1185 523 infecunda;
1200 495 1228 517 et
1240 488 1467 517 fecundissimum
1487 487 1609 514 fructum
1623 487 1725 522 gignct.
1742 487 1816 521 agri—

1023 537 1111 566 colam
1123 537 1227 564 scilicet
1242 535 1394 567 bonorum;
1411 538 1438 561 et
1454 533 1558 568 spicam
1572 533 1636 560 vita:
1660 533 1814 560 allatriceut

1023 591 1083 618 qua
1094 583 1181 611 nutrit
1198 589 1295 610 omnes
1308 581 1399 608 divina
1413 580 1565 607 voluntate.

1058 628 1204 656 Pullulavit
1213 627 1292 655 hodie
1302 627 1376 661 virga
1385 625 1559 660 virginitatis,
1569 633 1601 652 ex
1616 632 1670 660 qua
1681 625 1730 653 llos
1739 627 1815 654 eﬂlo.

1023 675 1092 703 r'ebit
1109 679 1184 702 sator
1195 678 1288 701 noster
1302 672 1385 704 Deus,
1401 672 1448 706 qui
1462 671 1532 698 mala
1547 671 1671 706 germina
1686 673 1817 701 rescindit

1022 724 1133 757 propter
1147 726 1282 747 summam
1298 717 1450 745 bonitatem
1466 717 1557 744 su'am.

1059 765 1124 793 Vide
1148 764 1285 800 quomodo
1312 771 1392 791 mons
1410 771 1425 790 a
1452 763 1569 798 lapicida
1600 762 1729 797 intactus,
1745 769 1773 791 ct
1800 772 1816 793 a

1022 817 1099 848 petra
1126 810 1213 839 sterili
1249 815 1349 843 natus,
1374 809 1587 838 intellectualem
1614 811 1730 846 lapidem
1757 810 1816 838 fru—

1023 857 1137 889 ctificat,
1150 856 1197 892 qui
1212 856 1339 883 universa
1356 855 1548 890 superbissimi
1566 857 1653 885 hostis
1668 857 1815 885 simulacra

1023 903 1189 937 confringet.

1060 949 1261 984 Expresserunt
1288 951 1314 975 te
1337 953 1400 975 ante
1431 948 1500 984 legis
1525 949 1751 985 prmsignationes
1770 969 1778 980 ,
1799 956 1816 975 ο

1024 995 1115 1022 Puella
1131 1003 1137 1022 :
1151 994 1252 1022 etenim
1265 997 1363 1028 praeter
1380 999 1539 1021 consuetum
1553 1002 1656 1021 morem
1667 993 1817 1029 Legislato—

1024 1047 1081 1068 rem
1095 1039 1121 1066 in
1138 1043 1216 1066 utero
1231 1043 1397 1072 conceptum
1414 1043 1515 1074 gestas,
1533 1039 1580 1073 qui
1597 1043 1623 1076 te
1633 1046 1716 1073 supra
1731 1038 1817 1065 ratio-

1024 1086 1066 1113 nis
1080 1091 1200 1121 captum,
1213 1086 1402 1120 incorruptam
1418 1089 1501 1121 atque
1526 1085 1732 1113 immaculatam
1748 1092 1816 1113 con-

1023 1137 1127 1160 εει-ναι.

1373 1175 1430 1204 Ode
1444 1175 1472 1204 ι.

1058 1232 1150 1268 Longe
1168 1232 1272 1267 angelis
1286 1232 1433 1260 sublimior
1446 1232 1535 1267 puella
1551 1231 1673 1260 nascitur
1686 1231 1713 1259 in
1728 1237 1817 1266 terra;

1023 1286 1085 1314 qua
1109 1278 1136 1306 in
1159 1279 1307 1306 sanctitate
1332 1283 1359 1306 et
1385 1278 1505 1313 puritate
1519 1283 1562 1306 est
1581 1278 1817 1313 incomparabilis,

1023 1328 1050 1351 et
1066 1332 1127 1358 qua:
1151 1323 1290 1351 Christum
1322 1324 1429 1358 pariet,
1456 1323 1579 1351 omnium
1603 1323 1792 1358 purgationem
1807 1342 1815 1356 ,

1023 1370 1278 1402 sanctillcationem.
1291 1375 1319 1398 et
1335 1369 1482 1405 perfectam
1498 1369 1726 1404 redemptionem.

1059 1415 1151 1443 Laetus
1164 1423 1195 1443 ac
1204 1416 1300 1443 beatus
1313 1416 1398 1443 Anna:
1410 1420 1505 1442 uterus
1518 1414 1632 1443 effectus
1640 1420 1699 1448 est;
1713 1415 1816 1443 etenim

1023 1463 1096 1491 illam
1108 1463 1259 1498 generavit,
1276 1470 1337 1497 quae
1357 1461 1474 1489 Verbum
1489 1461 1610 1494 beatum,
1626 1461 1699 1496 quod
1715 1468 1730 1488 a
1743 1461 1816 1488 nulla

1023 1518 1053 1538 re
1068 1510 1128 1545 capi
1145 1513 1243 1544 potest.
1264 1513 1346 1543 atque
1372 1508 1502 1535 omnibus
1520 1507 1645 1535 ﬁdelibus
1665 1514 1813 1542 regenera-

1023 1555 1125 1583 tionem
1147 1553 1296 1589 praestabit,
1310 1553 1336 1580 in
1351 1557 1427 1580 utero
1445 1560 1495 1579 suo
1508 1551 1671 1579 continebit.

217 1599 274 1626 Νῦν
292 1600 306 1626 ὁ
324 1598 406 1634 ζόφος
425 1599 475 1633 τῆς
490 1599 590 1632 κακίας
605 1599 784 1635 ὲκμειοῦσθαι
797 1601 968 1637 ἀπάρχεται·

1058 1601 1124 1628 Atra
1138 1600 1248 1628 malitia:
1255 1600 1342 1634 caligo
1351 1607 1424 1626 nunc
1433 1598 1529 1632 incipit
1538 1597 1664 1625 imminui
1675 1605 1683 1630 ς
1695 1597 1816 1625 animata
1857 1616 1864 1625 .

180 1645 198 1679 ἠ
210 1644 266 1681 γὰρ
278 1644 325 1672 τοῦ
334 1646 410 1681 ἡλίου
425 1646 546 1681 ἔμψυχος
570 1647 669 1682 νεφέλη
682 1647 803 1674 ἀνέτειλε
829 1656 971 1684 στειρωτι-

163 1690 167 1692 ’
181 1691 237 1719 κῶν
251 1692 284 1718 ὲκ
295 1691 417 1725 λαγόνων
430 1693 446 1728 ὴ
462 1693 644 1728 πανάμωμος,
669 1690 704 1729 ἧς
717 1693 767 1730 τὴν
781 1694 908 1730 γέννησιν
920 1694 971 1729 τὴν

182 1738 314 1773 φωταυγῆ
327 1738 515 1774 ὲορτάσωμεν.

222 1783 267 1815 Ὦς
289 1784 468 1819 κατάκαρπος
496 1783 585 1817 ἐλαία,
602 1786 619 1820 ἡ
644 1785 676 1811 ἐκ
694 1785 773 1820 ῥίζης
795 1785 972 1820 βλαστήσασα

187 1829 437 1865 Ὶεσσαὶ,Παρθένε,
457 1830 542 1857 Ἄννα
561 1831 590 1857 σὲ
609 1831 753 1865 βλαστάνει
769 1831 972 1866 βλαστάνουσαν

180 1875 226 1901 τὸν
238 1875 371 1911 ἐλεήμονα
384 1876 481 1910 Λόγον,
495 1873 526 1904 οὗ
548 1877 580 1903 τὸ
603 1876 677 1910 ελεος
700 1878 748 1904 καὶ
767 1878 784 1913 ή
798 1877 912 1913 ἀλήθεια
928 1878 972 1905 διὰ

181 1922 280 1954 παντὸς
292 1923 503 1959 προπορεύεται.

525 1980 585 2016 ᾮδὴ
601 1979 633 2008 ε’.

216 2048 253 2076 Τδ
265 2049 487 2085 ὲσφραγισμένον
506 2049 555 2077 νῦν
579 2049 681 2084 βιϐλίον
692 2050 879 2083 ἀποτίκτεται,
902 2050 971 2086 ὅπερ

179 2096 366 2130 ἀναγνώσεται
389 2097 505 2129 οὐδόλως
521 2098 629 2132 φύσεως
645 2098 720 2133 νόμῳ
740 2097 845 2133 βροτὸς.
868 2099 969 2133 τηρού-

182 2150 263 2176 μενον
274 2143 363 2176 Λόγου
378 2143 418 2174 είς
433 2143 606 2178 κατοίκησιν,
634 2143 726 2175 καθὼς
740 2144 827 2179 βίϐλοι
854 2144 971 2180 προεδή-

180 2187 269 2214 λωσαν
281 2188 419 2224 θεηγόρων
432 2189 461 2216 ὲν
475 2189 623 2224 Πνεύματι,

222 2233 254 2260 Ἦ
266 2234 388 2269 ἄμπελος
401 2236 521 2271 σήμερον
538 2236 635 2271 ἐτέχθη
653 2236 669 2271 ὴ
686 2237 830 2272 σωτήριος,
850 2236 910 2272 ἥτις
925 2235 971 2262 τὸν

1024 1647 1096 1675 enim
1113 1646 1180 1674 solis
1204 1646 1292 1673 nubes
1306 1650 1366 1672 orta
1381 1652 1415 1672 ex
1431 1645 1572 1672 sterilibus
1590 1643 1690 1671 lumbis
1706 1643 1750 1670 illa
1762 1644 1818 1671 sci-

1024 1693 1088 1721 licet
1105 1697 1159 1720 tota
1176 1691 1396 1727 immaculata”)
1414 1690 1513 1726 ;cnjus
1525 1690 1674 1726 fulgentem
1688 1690 1817 1718 nativita-

1024 1744 1078 1768 tem
1095 1738 1211 1767 solemni
1228 1739 1282 1766 ritu
1299 1738 1481 1766 celebremus.

1058 1786 1084 1822 3
1098 1786 1133 1813 Es
1144 1786 1217 1813 velut
1227 1785 1298 1813 oliva
1315 1784 1467 1815 fructifera.
1477 1791 1493 1810 ο
1506 1783 1600 1818 Virgo,
1611 1790 1672 1818 qua:
1683 1790 1715 1810 ex
1727 1782 1819 1810 radice

1023 1832 1100 1860 Jesse
1123 1832 1302 1868 germinasti:
1318 1831 1398 1858 Anna
1423 1835 1449 1857 te
1471 1830 1602 1865 protulit,
1627 1837 1689 1856 mox
1713 1828 1818 1863 produ-

1024 1884 1130 1906 cturam
1146 1877 1264 1905 Verbum
1282 1877 1452 1910 misericors,
1462 1877 1535 1913 quod
1549 1883 1658 1910 semper
1672 1875 1817 1903 miscrico-

1024 1925 1070 1952 dia
1085 1929 1111 1952 et
1124 1924 1226 1952 veritas
1242 1924 1411 1959 prreccdunt.

1361 1978 1418 2007 Ode
1434 1978 1461 2006 5.

1057 2048 1136 2076 Nunc
1159 2048 1227 2076 liber
1246 2051 1371 2083 Signatus
1394 2047 1508 2082 paritur,
1529 2053 1611 2081 quam
1639 2045 1715 2072 nullo
1732 2044 1814 2073 modo

1023 2096 1174 2124 seCundum
1187 2099 1291 2122 naturaa
1311 2094 1396 2128 legem
1412 2093 1483 2127 leget
1498 2092 1620 2120 mortalis
1636 2093 1729 2123 homo,
1747 2100 1810 2119 cum

1022 2146 1180 2170 reservatur
1206 2141 1239 2168 ad
1258 2139 1338 2167 Verbi
1357 2140 1568 2172 habitationem,
1581 2138 1814 2174 quemadmodum

1022 2193 1100 2216 antea
1115 2188 1177 2215 libri
1195 2187 1385 2222 theologorum
1402 2187 1428 2213 in
1444 2185 1547 2221 Spiritu
1567 2185 1785 2213 declaravorunt.

1059 2233 1128 2261 Vitis
1144 2233 1284 2261 salutifera
1299 2233 1378 2260 hodie
1389 2233 1451 2260 data
1473 2237 1525 2266 est,
1540 2240 1642 2267 ex.qua
1657 2232 1751 2259 botrus
1764 2232 1812 2258 ille

181 2280 319 2315 ἀκήρατον
343 2280 457 2316 ἀνθήσει
482 2281 579 2316 βότρυν
593 2282 640 2309 τὸν
664 2282 735 2309 θεῖον
758 2282 872 2316 γλεῦκος
898 2290 968 2317 προ-

1024 2280 1241 2315 incorruptibilis
1270 2280 1413 2310 etilorcbit.
1444 2278 1492 2314 qui
1524 2277 1645 2306 divinum
1691 2282 1812 2305 mustu-u

181 2325 286 2359 χέοντα,
303 2326 332 2359 ἐξ
352 2323 382 2352 οὗ
399 2327 453 2357 πᾶς
467 2327 481 2352 ὁ
497 2328 584 2353 πίνων
600 2327 739 2362 μυστικῶς
754 2327 831 2354 θείαν
851 2328 899 2354 καὶ
917 2335 971 2353 σω-

180 2372 276 2406 τήριον
291 2372 463 2408 εὐφροσύνην
487 2373 674 2408 καρπώσεται.

216 2418 398 2454 Σκιρτήσατε,
414 2419 537 2453 ἄγγελοι,
564 2419 718 2454 ἀνθρώποις
735 2420 946 2456 συγχορεύοντες
962 2428 969 2434 ·

182 2464 301 2500 σήμερον
317 2466 349 2492 ὲκ
373 2465 484 2501 στείρας
513 2466 530 2501 ἡ
558 2466 694 2501 Παρθένος
709 2467 891 2501 ἀποτεχθείσα
917 2466 968 2501 τὴν

180 2511 269 2546 λύπην
286 2511 400 2545 ἔπαυσε,
416 2514 462 2540 καὶ
478 2512 685 2548 προοιμιάζεται
701 2513 789 2549 χαρὰν
804 2515 861 2545 τοῖς
895 2523 965 2540 παν-

178 2557 341 2593 ηγυρίζουσι
354 2559 403 2593 τὴν
420 2559 506 2594 αὐτῆς
520 2559 595 2587 θείαν
609 2559 744 2594 γέννησιν.

215 2602 291 2634 Θεῖος
314 2603 497 2640 προδιέγραψε
514 2605 658 2640 προφήτης
683 2604 871 2640 προδηλότατα
885 2605 967 2640 τόμον

182 2655 212 2674 σε
240 2649 343 2682 καινὸν,
372 2651 400 2676 ὲν
432 2647 455 2684 ᾧ
479 2650 604 2686 δακτύλῳ
628 2650 714 2684 Λόγος
730 2649 858 2686 πατρῴῳ,
879 2650 967 2686 Κόρη,

180 2775 187 2780 _
219 2739 256 2773 (4)
272 2740 393 2780 llzec__est
406 2741 618 2780 velutipropria
686 2741 806 2780 Virginis
822 2747 896 2772 nota.
909 2749 968 2780 _qu_a

180 2776 239 2810 ipsa
253 2776 289 2816 ab
305 2777 443 2816 aliisAda:
452 2776 518 2816 _f_iliis
537 2776 700 2816 secernitur,
718 2776 824 2805 scilicet
842 2777 969 2816 quodsit

180 2815 237 2838 tota
253 2812 438 2840 immaculata.
452 2813 558 2839 Etcum
574 2813 608 2840 de
623 2813 672 2840 hac
688 2821 754 2840 voce
774 2817 830 2840 tota
844 2813 923 2847 quasi
941 2813 966 2839 in

181 2847 368 2885 proverbiutu
378 2848 476 2885 abierit
489 2848 690 2885 apud_ou_t_t_les_:
707 2848 759 2881 Qui
777 2852 874 2885 totum
888 2848 964 2880 dicit,

181 2880 250 2917 nihil
262 2889 302 2908 ex.
314 2883 392 2915 1ιι;1ἰῑ,
411 2880 544 2917 ,Ιυερρίίιιδ
561 2882 590 2910 Β.
608 2880 742 2917 Virginem
765 2888 848 2910 totam
869 2884 966 2909 Ῑηιηιιι-

181 2915 300 2945 culatam
315 2918 464 2954 appellans,
475 2915 510 2946 'iu
531 2919 606 2946 nulla
622 2915 680 2946 vine
700 2918 774 2953 parte
794 2927 854 2946 cam
878 2918 963 2947 fuisse

1022 2327 1171 2361 profundit,
1188 2327 1221 2353 de
1234 2334 1288 2361 quo
1304 2326 1430 2361 quisquis
1441 2325 1555 2361 mystice
1570 2325 1650 2358 bibit.
1664 2324 1764 2352 divina:
1778 2332 1812 2353 ac

1021 2373 1139 2402 salubris
1150 2373 1250 2401 latitia:
1265 2373 1371 2400 fructus
1388 2372 1527 2408 percipiet.

1057 2420 1161 2448 Movete
1178 2420 1304 2451 choreas.
1319 2428 1335 2447 ο
1360 2419 1448 2453 angeli
1464 2418 1634 2446 exsultantes
1653 2417 1735 2445 simul
1750 2424 1811 2444 cum

1022 2467 1190 2495 hominibus.
1217 2467 1301 2494 llodie
1318 2475 1349 2493 ex
1363 2466 1448 2494 sterili
1468 2465 1551 2500 Virgo
1564 2469 1639 2499 nata,
1665 2472 1813 2493 maerorem

1020 2514 1184 2545 eliminavit.
1204 2520 1231 2541 et
1245 2514 1406 2549 principium
1424 2512 1607 2540 dcditlzetitize
1623 2512 1657 2540 iis
1675 2511 1721 2547 qui
1743 2510 1815 2538 divi-

1022 2568 1083 2587 nam
1101 2560 1173 2588 illius
1186 2560 1356 2587 Nativitatem
1377 2559 1582 2586 concelebrant.

1050 2607 1180 2634 indicavit
1195 2611 1222 2634 te
1232 2611 1295 2634 ante
1307 2607 1416 2634 divinus
1424 2606 1556 2641 propheta
1570 2603 1810 2634 manifestissime,

1023 2653 1150 2680 volumen
1168 2660 1269 2680 novum
1289 2657 1314 2680 te
1324 2652 1476 2687 appellans,
1487 2659 1505 2679 o
1516 2651 1610 2679 Puella
1628 2660 1635 2678 :
1652 2651 1679 2677 in
1694 2657 1750 2685 quo
1761 2656 1810 2684 pa-

1019 2741 1183 2770 maculatam
1215 2741 1337 2777 profecto
1370 2742 1467 2769 voluit.
1498 2739 1614 2777 Macula;
1633 2735 1808 2777 enimmfbil

1018 2776 1107 2805 inesse
1123 2778 1203 2805 debet
1215 2772 1267 2805 illi.
1287 2778 1333 2811 qui
1352 2785 1404 2804 non
1421 2778 1447 2804 in
1464 2780 1548 2811 parte.
1569 2774 1615 2811 sed
1633 2772 1660 2805 in
1687 2775 1742 2811 toto
1759 2772 1807 2797 im.

1017 2812 1170 2839 maculatus
1185 2818 1236 2839 est.
1252 2807 1320 2840 Cum
1340 2813 1420 2847 igitur
1439 2807 1470 2838 Βξ
1485 2810 1565 2844 Virgo
1582 2809 1618 2835 sit
1635 2811 1690 2834 tota
1707 2807 1806 2847 imma-

1015 2847 1117 2878 culata,
1138 2847 1227 2882 quoad
1247 2853 1333 2875 totum
1350 2841 1412 2874 ina:
1430 2854 1487 2874 suae
1502 2841 1619 2882 teutptl_s.
1637 2847 1719 2877 atque
1735 2841 1806 2881 ³ἕ¹⁰⁰

1014 2883 1096 2909 etiam
1123 2879 1154 2910 iu'
1170 2884 1230 2917 ipso
1252 2887 1396 2917 conceptu,
1424 2882 1471 2915 qui
1494 2885 1533 2908 cst
1561 2879 1695 2914 cujusque
1717 2879 1806 2913 prima

1014 2925 1088 2951 pars,
1101 2919 1194 2946 dcbuit
1205 2927 1265 2947 csse
1277 2918 1461 2946 iunuaculnta.
