2077 3157
198 193 250 225 9οἹ

905 190 1086 223 MARIALE.

1774 194 1829 227 994

199 251 363 285 κατέχουααι
380 248 501 285 φαιδρῶς
526 248 557 276 τὸ
581 248 678 285 μέλλον
704 248 930 284 ἀπογράφουσαι,
955 251 983 277 ὲκ

1039 248 1184 277 manili-sto
1201 248 1226 277 id
1241 250 1313 285 quod
1338 250 1459 279 l‘uturum
1477 256 1534 279 erat
1545 252 1751 282 subintlieantcs
1767 262 1775 281 :
1793 262 1827 282 ex

197 296 299 331 ταύτης
314 296 369 331 γὰρ
395 295 558 331 τεχθήσεται
577 296 590 322 ὁ
606 294 746 330 φωτισμὸς
781 296 830 330 τῆς
858 295 987 330 γνώσεως

197 343 269 370 λύων
287 343 337 377 τῆς
352 343 456 378 πλάνης
470 342 519 377 τὴν
532 341 662 377 ξόφωσιν.

234 390 359 424 Ζηλοῦσα
383 390 433 424 τὴν
464 388 549 415 πάλαι
585 389 738 425 θεοφρόνως
754 391 771 426 ἡ
788 390 873 417 ’Ἅννα
903 389 987 424 εὐχὴν

199 436 366 471 ἀποπληροῖ,
381 428 429 461 καί
460 444 491 461 σε
514 435 745 471 προσανατίοεται
759 436 798 471 τῷ
815 436 890 471 ἱερῷ,
918 445 987 464 παν-

199 485 310 519 ὁμωμε,
339 482 492 518 ἱερωτάτην
513 481 644 517 σύλληψιν
661 482 813 518 μέλλουσαν
839 483 910 518 ἔχειν
940 484 987 510 καὶ

197 531 335 565 γέννησιν.

233 577 326 608 ’Ἤλιος
354 576 518 612 ὲφήπλωσεν
541 576 667 608 ἀκτῖνας,
693 576 763 612 ὀρῶν
792 575 841 611 τὴν
872 576 987 610 νεφέλην

196 623 243 650 τοῦ
262 623 349 658 φωτὸς
363 623 572 658 ὲφαπλουμένην
596 622 737 658 Πνεύματι
765 622 832 649 Θεοῦ
859 622 932 649 ἔνδον
947 625 987 654 εἰς

198 670 290 703 Ἅγια,
307 669 336 700 ἐξ
350 666 384 704 ἦς
399 669 532 705 ὁμϐρήσει
546 668 645 703 ἄφεσιν
656 670 710 700 τοῖς
733 668 912 704 χερσωθεῖσιν
939 669 986 702 ἐγ-

197 716 347 751 κλήμασιν.

231 762 294 788 Θεοῖ
323 770 357 797 με
372 761 438 793 Θεὸς
456 762 486 788 ἐν
505 761 546 787 σοὶ
565 760 710 796 σκηνώσεις
727 761 760 787 δι’
781 758 884 792 οἶκτον,
916 768 983 787 παν-

197 808 317 843 άχραντε
332 807 412 842 ἁγνὴ,
444 807 583 833 κλαπέντα
617 806 718 841 βρώσει
735 806 868 841 πρότερον
893 806 986 841 ἀπάτῃ

196 855 229 889 τῇ
247 853 295 880 τοῦ
307 854 404 888 ὄφεως,
425 854 472 880 καὶ
488 853 537 888 τῆς
554 852 658 887 φθορᾶς
672 852 723 887 τὴν
738 851 878 887 ἄφθαρτον
903 852 985 878 πάλιν

195 901 303 936 τρυφὴν
320 899 502 927 ἁντιδίδωσιν.

522 996 585 1032 ᾮδὴ
611 996 643 1024 ιτ.

236 1056 320 1092 Ἰεραὶ
353 1055 539 1091 προήγγειλαν
578 1054 711 1089 γλῶσσαι,
742 1053 840 1089 σεμνὴ,
872 1053 983 1080 ισεσθαι

194 1103 294 1139 χωρίον
314 1109 344 1128 σε
365 1101 473 1136 φύσεως
503 1101 551 1135 τῆς
576 1100 738 1135 ἀχωρήτοιλ·
759 1099 804 1126 διὰ
837 1098 918 1125 τοῦτό
951 1106 981 1124 σε

194 1147 271 1184 χοροὶ
285 1146 447 1182 παρθενικαὶ
471 1145 668 1181 προπέμπουσι
697 1144 982 1180 λαμπαδηφοροῦντις

195 1194 235 1225 εις
248 1193 343 1226 Ἅγια.

231 1239 316 1270 κλέος
339 1237 516 1274 ἀπηνέγκατο
550 1236 680 1271 Ὶωακεὶμ
697 1236 780 1272 Ἀννῃ
798 1235 983 1270 συμϐαδίζων,

196 1284 243 1311 καὶ
263 1283 354 1319 φέρων
371 1291 401 1310 σε
418 1284 467 1310 σὺν
482 1282 586 1318 εὐωχίᾳ
614 1282 654 1313 si;
669 1282 715 1307 τὸν
739 1281 818 1315 ἅγιον
832 1281 906 1314 ναὸν,
936 1280 984 1308 ναὲ

195 1330 264 1358 Θεοῦ
285 1330 413 1365 πανάγισ,
443 1330 561 1365 ἄχραντε
581 1321 736 1364 πανάμωμε
751 1328 884 1355 Δέσποινα

229 1417 330 1444 Λύεται
344 1417 481 1452 ἀπὸφασις
496 1416 648 1452 προγονικὴ
661 1424 669 1431 ·
685 1415 801 1452 ἤνθησεν
815 1416 870 1442 ἰδοὺ
885 1415 940 1452 γὰρ
967 1416 984 1451 ή

194 1464 326 1499 ἄμπελος,
342 1465 403 1500 ἥτις
420 1463 581 1500 τὸν-βότρυν
592 1463 638 1489 τὸν
653 1463 793 1498 ἀκήρατον
821 1463 888 1497 ἡμῖν
913 1471 984 1497 καρ-

196 1510 356 1546 πογονήσει,
394 1510 513 1546 φέροντα
545 1507 617 1536 οἶνον
648 1508 820 1544 εὐφροσύνης
849 1510 905 1540 τοῖς
937 1510 985 1535 πέ-

196 1564 285 1592 ρασιν.

196 1648 287 1684 ρηκὼς
309 1647 519 1684 κατεσκήνωσέν
546 1656 594 1674 σου
623 1648 653 1674 ἐν
679 1647 767 1682 νηδύϊ,
800 1647 985 1682 εργαζόμενος

194 1694 274 1729 ἡμῶν
296 1694 347 1729 τὴν
374 1694 524 1729 σωτηρίαν,
548 1693 677 1729 ἄχραντε,
705 1693 797 1728 χάριτι
824 1692 858 1718 δι’
880 1693 985 1728 ἄφατον

194 1740 280 1772 ἔλεος.

531 1783 591 1819 ᾮδὴ
609 1786 639 1810 ι’.

229 1843 349 1878 Νεφέλαι
362 1843 523 1877 ῥανάτωσαν
535 1841 712 1877 δικαιοσύνην
730 1841 861 1877 σήμερον,
882 1841 922 1872 ὡς
950 1842 981 1868 ἐν

193 1889 301 1926 οὐρανῷ
319 1889 374 1925 γὰρ
408 1888 579 1924 ἐφαπλοῦται
605 1888 666 1915 θεία
697 1888 795 1924 νεφέλη
811 1889 839 1914 ὲν
866 1887 906 1922 τῷ
927 1888 983 1922 ναῷ

194 1936 243 1962 τοῦ
262 1935 341 1968 Θεοῦ,
369 1934 428 1970 ἥτις
457 1934 605 1967 ἀποστάξει
632 1932 801 1968 γλυκασμδν,
814 1933 905 1960 πᾶσαν
928 1933 983 1960 τῶν

194 1982 288 2018 ψυχῶν
302 1982 379 2018 ἡμῶν
389 1981 440 2017 τὴν
453 1981 565 2017 πικρίαν
580 1980 735 2016 ὲξαίροντα.

230 2028 298 2064 Ξένη
316 2037 363 2055 σου
375 2029 392 2064 ἡ
406 2027 548 2063 σύλληψις,
566 2027 628 2062 ξένη
643 2035 690 2053 σου
713 2027 730 2062 ἠ
757 2026 893 2062 γέννησις,
918 2025 982 2061 ξένη

194 2075 243 2102 σοῦ
255 2076 272 2110 ἡ
286 2074 410 2110 πρόοδος,
422 2074 558 2110 Παρθένε,
573 2074 590 2109 ὴ
606 2073 680 2100 ἔνδον
695 2072 741 2100 τοῦ
769 2072 844 2108 ἱεροῦ
864 2073 961 2107 ἀγωγή
974 2079 981 2088 ⁸

195 2121 260 2154 ξένα
276 2121 323 2148 καὶ
342 2120 484 2156 παράδοξα
499 2120 534 2148 τὰ
554 2120 588 2147 σὰ
611 2119 689 2155 λόγον
709 2119 908 2155 ὑπρὸαίνοντα
936 2119 984 2146 καὶ

194 2166 326 2200 διάνοιαν,
341 2166 471 2203 ἄχραντε.

229 1579 322 1638 ittqu
343 1610 373 1628 σε
396 1602 568 1636 πανάμωμον
595 1601 610 1628 ὁ
624 1599 812 1634 πλαστσυργὸς
832 1600 918 1634 Λόγος
938 1601 984 1626 εὐ-
998 1579 1019 1608 c

1040 295 1099 330 ipsa
1115 295 1188 322 enim
1211 296 1351 323 nascitura
1367 301 1427 324 erat
1452 297 1616 326 illuminatio
1631 299 1753 327 scientiae
1767 306 1829 335 quae

1038 339 1142 367 erroris
1157 339 1286 368 tenebras
1303 340 1477 368 dissolveret.
1623 375 1629 380 Α

1068 384 1164 412 Divina
1180 386 1313 418 sapientia
1328 387 1440 421 praedita
1456 387 1545 419 Anna,
1562 394 1594 415 ac
1608 388 1665 415 zelo
1682 389 1761 423 plena
1777 398 1829 418 an-

1038 432 1141 466 tiquum
1156 437 1248 459 votum
1265 440 1344 460 sutnn
1370 433 1497 467 complet,
1523 437 1613 469 teque,
1628 442 1645 462 ο
1668 435 1828 464 immacula-

1038 479 1153 511 tissinia,
1167 478 1348 513 prmsentatin
1365 479 1477 513 templo,
1491 486 1551 513 quae
1566 481 1745 509 sacerrimam
1762 490 1828 510 con-

1038 525 1202 558 et-ptionem.
1218 529 1245 551 et
1258 529 1365 559 partum
1387 525 1513 552 habitura
1527 533 1598 553 eras.

1065 570 1201 605 Explicuit
1225 571 1264 598 sol
1278 570 1373 598 radios
1392 578 1468 603 suos,
1486 571 1556 599 lucis
1575 572 1673 599 nubem
1688 574 1829 608 aspiciens

1037 623 1186 649 expan~am
1201 615 1320 650 impulsu
1337 615 1428 643 dii-inn
1441 617 1513 644 intra
1535 617 1636 644 Sancta
1656 624 1828 652 sanctorum,

1037 670 1068 690 ex
1097 670 1151 697 qua
1170 663 1337 698 indulgentia
1366 662 1535 691 desolatione
1553 664 1641 699 plenis
1664 665 1828 694 criminibus

1036 708 1154 743 pluitura
1164 712 1232 736 erat.

1057 753 1145 786 ,Facit
1159 762 1202 781 me
1211 753 1324 782 Deitatis
1341 759 1496 782 consortem
1509 754 1592 788 Deus,
1608 756 1655 791 qui
1668 756 1693 784 in
1711 761 1736 785 te
1748 757 1826 785 habia

1037 799 1116 833 tavit,
1133 807 1150 826 o
1167 804 1222 827 tota
1238 807 1317 834 pura,
1336 804 1363 826 et
1381 805 1467 832 casta,
1491 806 1600 836 propter
1619 810 1696 829 suam
1719 803 1828 831 miseri-

1036 846 1180 873 cordiam:
1205 853 1268 873 cum
1295 846 1371 880 pritts
1398 846 1528 881 deceplul
1561 855 1650 875 essem
1671 857 1720 884 per
1736 850 1827 878 cibum

1038 893 1173 928 serpentis
1204 893 1301 920 fraude
1329 901 1335 919 :
1355 897 1382 920 et
1410 901 1460 928 pro
1484 895 1682 930 corruptione,
1704 896 1828 925 incorru-

1039 939 1149 974 ptibiles
1160 939 1260 966 iterum
1278 938 1391 966 delicias
1408 939 1541 974 rependit.

1377 995 1435 1024 Ode
1454 996 1482 1024 4.

1070 1053 1164 1080 Genus
1180 1060 1290 1080 sacrum
1317 1052 1513 1087 prophetarum
1530 1059 1795 1088 praanttnttaverunt.
1809 1063 1828 1083 ο

1034 1100 1199 1131 veneranda.
1210 1099 1268 1127 lore
1284 1099 1489 1134 receptaculum
1501 1104 1608 1127 natura:
1619 1101 1827 1137 incomprehen-

1035 1145 1125 1173 sibilis
1137 1154 1144 1178 ;
1161 1151 1305 1181 propterea
1319 1145 1466 1181 virginales
1480 1147 1558 1174 chori
1572 1152 1598 1175 te
1616 1150 1786 1178 comitantur
1797 1151 1826 1178 in

1036 1193 1134 1220 Sancta
1149 1197 1307 1219 sanctorum
1317 1199 1380 1219 cum
1393 1193 1578 1228 lampadibus.

1061 1238 1184 1265 Gloriam
1198 1238 1289 1265 retulit
1303 1237 1406 1266 Joacim
1431 1247 1483 1266 una
1506 1246 1569 1267 cum
1591 1240 1669 1268 Anna
1683 1241 1825 1276 incedens,

1034 1283 1164 1310 etlerens
1186 1287 1212 1310 te
1233 1290 1296 1311 cum
1318 1283 1467 1311 festivitate
1485 1285 1621 1313 convivali
1640 1286 1668 1313 in
1695 1288 1825 1324 templum

1035 1334 1160 1356 sanetum
1183 1336 1221 1361 ,ο
1249 1329 1378 1364 templum
1398 1328 1446 1356 Dei
1468 1330 1674 1358 sanctissimum
1688 1351 1697 1364 .
1722 1331 1827 1368 Regina

1035 1377 1093 1401 tota
1113 1381 1191 1408 pura,
1203 1378 1230 1400 et
1241 1373 1414 1401 immaculata
1432 1373 1500 1410 (l0).
1799 1410 1802 1411 ν

1071 1419 1157 1447 Hodie
1165 1420 1260 1455 primis
1275 1420 1434 1455 parentibus
1445 1421 1562 1455 irrogata
1584 1423 1718 1451 sententia
1735 1423 1828 1451 abole-

1037 1469 1080 1490 tur
1097 1473 1104 1490 :
1121 1471 1185 1491 ecce
1199 1465 1272 1491 enim
1290 1464 1382 1491 ﬂoruit
1397 1465 1471 1497 vitis,
1487 1473 1548 1500 qua:
1557 1466 1734 1495 lruetiticabit
1748 1467 1827 1496 nobis

1037 1511 1146 1538 botrum
1165 1511 1419 1546 incorruptibilem,
1436 1511 1594 1540 aﬂerentem
1619 1514 1712 1540 vinum
1728 1513 1829 1542 latitia;

1037 1559 1172 1586 universis
1188 1559 1288 1585 iinibus
1304 1563 1392 1585 terra.

1071 1605 1100 1639 8
1114 1605 1169 1640 (Hj
1191 1605 1297 1632 lmenit
1318 1609 1343 1631 te
1361 1605 1446 1631 solam
1463 1604 1539 1632 omni
1564 1605 1671 1633 macula
1687 1611 1827 1634 carentem

1036 1648 1155 1676 Verbum
1172 1650 1322 1683 plasmator
1339 1657 1441 1683 rerum,
1455 1654 1482 1677 et
1497 1650 1558 1678 ideo
1572 1650 1601 1677 in
1618 1656 1697 1678 utero
1711 1655 1758 1679 tuo
1778 1651 1828 1678 ha.

1035 1695 1131 1722 bitavit
1145 1702 1262 1729 operans
1274 1695 1389 1723 salutent
1399 1700 1524 1724 nostram
1538 1701 1649 1732 propter
1661 1697 1827 1724 ineli'ahilem

1036 1740 1255 1768 misericordiam
1274 1747 1364 1768 suam.

1372 1786 1430 1815 OJe
1459 1788 1487 1816 5.

1071 1842 1157 1878 Large
1172 1843 1268 1878 pluant
1284 1843 1364 1871 hodie
1380 1845 1633 1880 nubesjustitiam;
1647 1846 1748 1874 etenim
1765 1850 1827 1874 tan-

1035 1896 1116 1924 quam
1130 1890 1155 1916 in
1171 1889 1244 1916 ccelo
1257 1890 1423 1924 expanditur
1437 1890 1464 1917 in
1486 1891 1588 1926 templo
1608 1892 1654 1919 Dei
1671 1892 1764 1919 divina
1780 1893 1826 1920 illa

1035 1934 1132 1966 nubes,
1148 1942 1210 1969 quae
1225 1934 1397 1962 dulcedinem
1408 1935 1532 1968 stillabit,
1551 1937 1706 1965 universam
1719 1938 1827 1965 anima-

1035 1988 1095 2008 rum
1111 1985 1233 2008 nostram
1249 1981 1401 2008 amaritiem
1416 1981 1596 2009 auferentem.

1073 2025 1146 2053 Labe
1158 2026 1233 2052 omni
1245 2033 1343 2054 carens
1359 2025 1456 2060 Virgo,
1472 2028 1616 2062 peregrina
1627 2032 1671 2055 est
1683 2029 1827 2064 conceptio

1034 2077 1095 2104 tua;
1125 2073 1268 2107 peregrina
1293 2077 1335 2100 est
1357 2073 1486 2100 nativitas
1507 2077 1563 2106 tua,
1584 2074 1640 2109 (l2)
1666 2075 1827 2109 peregrinus

1035 2116 1188 2150 ingressus,
1205 2122 1232 2143 et
1249 2117 1305 2144 vita
1320 2122 1381 2144 acta
1399 2117 1428 2144 in
1445 2117 1564 2152 templo;
1580 2119 1724 2153 peregrina
1736 2124 1763 2146 et
1776 2121 1825 2147 ad-

1034 2163 1170 2194 miranda.
1182 2167 1209 2190 et
1218 2171 1373 2191 sermonem
1385 2168 1412 2191 et
1424 2163 1616 2199 cogitationem
1629 2166 1827 2194 transcenden-

1035 2208 1073 2236 tia
1088 2209 1181 2236 omnia
1198 2216 1258 2243 quae
1269 2214 1314 2236 tua
1330 2213 1405 2237 sunt.

231 2256 318 2292 Ὅλην
333 2265 363 2283 σε
376 2256 475 2292 ἡγίασε
503 2255 535 2284 τὸ
550 2255 664 2292 Πνεῦμα
691 2256 722 2283 τὺ
745 2255 882 2290 πανάγιον
907 2254 982 2282 ἔνδον

1070 2254 1221 2282 Morantem
1242 2259 1268 2282 te
1281 2256 1309 2282 in
1330 2255 1432 2290 templo
1449 2260 1531 2291 atque
1548 2256 1647 2283 ibidem
1666 2256 1826 2285 cmlestibus

194 2303 241 2331 τοῦ
258 2303 323 2332 ναοῦ
338 2302 520 2340 διαιτωμένην
535 2303 584 2330 καὶ
596 2302 768 2339 τρεφομένην
783 2301 888 2338 τροφὴν
899 2302 982 2338 οὐρά-

194 2357 269 2378 νιον·
284 2350 379 2386 νύμφη
393 2349 440 2377 τοῦ
454 2349 563 2385 Πατρὺς
583 2348 761 2385 περικαλλὴς,
781 2348 842 2376 ὅθεν
857 2347 983 2384 ἐχρημά-

192 2403 272 2428 τισας
285 2397 332 2422 καὶ
345 2395 392 2423 τοῦ
407 2395 495 2430 Λόγου
508 2395 665 2431 γεννήτρια.

229 2486 288 2523 (l0)
302 2486 376 2525 Ergo
386 2486 410 2515 si
426 2490 480 2513 tota
495 2492 565 2525 pura
575 2489 602 2513 et
613 2484 840 2525 immaculata,_in
851 2485 925 2525 nulla
938 2484 979 2512 sui

195 2521 284 2556 parte,
300 2521 350 2550 nec
371 2522 399 2549 in
416 2521 605 2556 conceptione,
620 2527 681 2554 quae
701 2524 743 2547 est
764 2521 981 2556 uniuscujusque

195 2527 284 2556 parte,
300 2530 350 2550 nec
371 2530 399 2549 In
416 2527 605 2556 conceptione,
620 2527 681 2554 quae
701 2527 743 2547 est
764 2527 926 2554 uniusctuus
948 2527 981 2546 ue

193 2558 257 2584 vitae
279 2564 345 2592 pars
366 2557 466 2592 prima,
492 2556 542 2592 fuit
562 2555 669 2592 impura
694 2559 720 2583 et
743 2555 878 2582 maculata
897 2563 904 2582 :
927 2527 981 2588 ὃιιί

192 2592 267 2619 enim
279 2590 458 2624 totum—dicit,
473 2591 539 2618 nihil
552 2590 684 2618 excludit.

230 2626 286 2663 (ll)
310 2627 438 2663 Potestne
457 2633 507 2661 pro
522 2626 696 2663 immaculata
716 2625 751 2663 Β.
774 2625 980 2663 γὶτςῄηἰε-εοη-

194 2660 319 2696 ceptione
339 2660 525 2689 testimonium
546 2660 650 2696 clarius
667 2665 694 2688 et
716 2661 882 2689 luculentius
902 2661 979 2688 inve—

194 2695 264 2725 niri?
288 2696 430 2731 Quomodo
451 2697 523 2724 enitn
546 2695 576 2723 Β.
599 2695 681 2731 Virgo
704 2697 761 2724 sola
787 2697 875 2723 caruit
905 2695 980 2723 omni

193 2733 312 2765 macula,
328 2732 363 2764 si,
382 2731 662 2767 caeterorumiinstsr,
684 2732 813 2767 originan
827 2732 932 2767 macula
952 2731 979 2758 in

194 2774 246 2794 suo
265 2772 398 2802 conceptu
413 2766 536 2794 sorduit?
551 2766 684 2794 Universa
700 2766 773 2794 terra
781 2766 891 2802 Egypti
905 2766 978 2793 Pha-

194 2803 272 2829 raoni
289 2801 421 2829 tributum
435 2801 746 2837 persolvebat,excepla
763 2801 841 2829 terra
851 2801 978 2829 sacerdo—

193 2837 253 2869 tali,
273 2845 335 2873 quae
346 2836 479 2873 immunis
496 2837 531 2873 ab
547 2836 598 2863 hoc
618 2843 700 2864 onere
722 2837 843 2873 fuit;rsic
857 2844 976 2872 quoque,

195 2872 258 2900 licet
282 2871 408 2901 homines
433 2871 529 2907 reliqui
556 2878 656 2907 noxam
683 2872 843 2906 originalem
866 2877 976 2900 contra-

196 2907 301 2942 hentes,
322 2906 523 2943 quodammodo
547 2906 680 2935 tributum
703 2907 819 2936 dminoni
843 2907 975 2942 pendant,

1035 2301 1108 2329 escis
1122 2306 1290 2335 vescentem,
1308 2301 1428 2337 Spiritus
1440 2303 1635 2330 sanctissimus
1650 2307 1734 2330 totam
1745 2311 1827 2331 sanc-

1036 2347 1163 2375 tillcavit:
1177 2348 1250 2376 unde
1260 2348 1462 2383 speciosissima
1479 2356 1580 2384 sponsa
1600 2348 1700 2382 Patris,
1710 2353 1737 2377 ct
1744 2348 1826 2378 Verbi

1036 2393 1162 2422 Genitrix
1178 2393 1250 2422 facta
1270 2402 1313 2422 es.

1030 2484 1090 2521 sola
1116 2491 1208 2513 tamen
1231 2489 1304 2513 terra
1327 2485 1506 2514 sacerdotalis
1532 2485 1627 2519 Maria,
1644 2491 1755 2521 propter
1778 2494 1825 2514 sa-

1030 2520 1168 2556 cerdotem
1180 2521 1317 2556 Christum
1333 2528 1365 2556 ex
1382 2528 1413 2548 ea
1433 2521 1617 2556 gignendum,
1638 2520 1769 2550 immunis
1791 2523 1826 2549 ab

1031 2555 1083 2582 hoc
1101 2556 1188 2591 Stygii
1204 2555 1358 2584 Pharaonis
1372 2555 1473 2583 tributo
1485 2558 1646 2591 permansit.
1844 2557 1847 2559 ’

1070 2564 1083 2582 C
1101 2564 1188 2617 Dlygll
1204 2564 1358 2584 rnaraonts
1372 2564 1473 2583 ll'lDlllO
1485 2564 1646 2591 permanstt.

1067 2590 1123 2631 (εξ)
1170 2591 1295 2633 eregrina
1309 2596 1351 2618 est
1364 2592 1506 2633 conceptio
1531 2596 1577 2633 tua
1601 2600 1607 2619 :
1624 2593 1825 2633 peregrinare!!!

1030 2625 1160 2654 nativitas
1181 2631 1226 2653 tua
1242 2627 1248 2654 Ι
1262 2625 1322 2653 Νοη
1338 2627 1410 2654 enim
1430 2625 1542 2655 decebat
1561 2625 1746 2654 sanctuarium
1764 2627 1823 2660 Dei,

1035 2662 1146 2688 domum
1171 2662 1321 2696 sapientiae,
1347 2661 1535 2696 reliquiarium
1570 2661 1689 2697 Spiritus
1722 2662 1822 2694 sancti,

1035 2703 1131 2724 urnam
1147 2705 1253 2724 manna:
1271 2697 1400 2730 caelestis.
1417 2697 1536 2731 aliquam
1551 2697 1577 2724 in
1590 2704 1620 2724 se
1639 2697 1739 2723 habere
1761 2704 1824 2731 pee-

1032 2731 1087 2758 cati
1103 2732 1201 2767 labem,
1219 2732 1379 2767 atquerirdeo
1403 2732 1462 2760 labe
1477 2732 1551 2760 omni
1566 2739 1666 2767 t-arens
1684 2731 1765 2766 Virgo
1779 2732 1822 2758 di-

1031 2767 1104 2794 citur
1121 2775 1136 2794 a
1155 2766 1285 2802 Josepho.
1310 2766 1425 2795 Vocavit
1448 2771 1540 2794 autem
1562 2766 1699 2801 Josephus
1723 2773 1823 2802 conce-

1029 2801 1149 2838 ptionem
1167 2801 1469 2838 passivamB.Virginis
1489 2801 1671 2838 peregrinam,
1687 2801 1751 2838 quia
1766 2809 1822 2838 non

1029 2841 1058 2864 ut
1072 2837 1189 2874 aliorum
1206 2837 1409 2874 conceptiones’
1426 2837 1454 2865 in
1479 2841 1604 2872 peccato,
1617 2837 1664 2865 sed
1679 2837 1737 2866 sola
1761 2837 1822 2866 sine

1026 2877 1138 2908 peccato
1149 2873 1285 2909 originali.
