2077 3157
172 167 240 201 1001

871 163 1050 195 MARIALE.

1732 154 1800 188 1002

191 228 243 254 ΔΣὺ
271 235 372 262 χωριον
393 227 547 263 εὐρύχωρον
566 226 681 260 γέγονας
696 225 742 251 τοῦ
770 224 869 258 Λόγου,
893 223 955 250 ὅθεν

1043 220 1121 248 Verbi
1143 220 1218 248 locus
1236 224 1262 246 ct
1275 218 1354 246 sedes
1377 217 1549 253 amplissima
1574 222 1602 245 tu
1621 216 1714 244 luisti:
1731 216 1803 244 unde

173 273 277 309 μετῆρέ
292 281 322 298 σε
345 272 413 308 πρὸς
432 273 586 308 εὐρύχωρον
610 271 656 298 καὶ
671 271 757 305 ἅγιον,
771 270 897 302 Θεοτόκε,
911 269 961 304 λῆς

173 319 215 352 ειν
232 318 280 344 καὶ
291 316 411 344 αἰώνιον.

208 362 265 396 Τὴν
275 361 357 396 ἁγίαν
373 370 421 388 σου
430 362 558 397 κοίμησιν
570 361 681 395 ἄγγελοι
691 361 739 388 καὶ
759 360 895 396 ἄνθρωποι
909 368 962 395 μα-

174 407 331 443 καρίζουσι,
349 408 459 434 πάντων
488 408 581 440 πέλεις
597 408 653 442 γὰρ
674 406 828 442 βασίλισσα,
846 405 962 433 Βασιλέα

174 453 297 487 πάντων,
309 453 397 489 Κόρη,
411 453 521 486 τέξασα.

518 553 581 589 mh
589 552 619 581 "-

215 611 244 638 '0
268 611 354 646 τάφος
378 619 425 637 σου
447 609 588 646 κηρύττει,
604 610 770 646 πανάμωμε,
799 610 849 644 τὴν
874 609 963 645 ταφήν

174 667 233 692 σου,
247 659 296 685 καὶ
310 658 360 693 τὴν
375 657 446 693 μετὰ
462 657 587 692 σώματος
603 656 673 693 πρὸς
687 656 818 692 οὐρανοὺς
840 654 888 682 νῦν
911 664 962 690 με·

173 706 315 732 τὰστασιν.

220 749 387 784 ’Υμνήσατε,
407 749 548 784 παρθένοι,
565 748 706 782 δοξάσατε,
729 747 875 780 νεανίσκοι,
896 741 965 783 ups-

176 794 274 821 σὸύται
289 795 336 821 καὶ
349 794 488 830 ἄρχοντες,
500 795 550 829 τῆς
561 793 693 821 Θεοτόκου
706 793 756 828 τὴν
771 793 908 828 κοίμησιν.

1013 272 1040 295 et
1056 267 1091 294 ab
1112 266 1158 293 illo
1172 266 1205 293 ad
1222 265 1354 293 latissime
1380 268 1517 299 patentem
1529 267 1557 290 et
1582 266 1707 290 sanctam
1719 267 1803 296 atque

1013 320 1153 348 nunquam
1162 312 1311 339 desituram
1319 310 1436 345 quietem
1447 309 1580 337 translata
1592 317 1631 341 es,
1644 316 1660 335 ο
1670 308 1800 343 Deiparal

1049 358 1244 385 Dormitionem
1257 362 1331 384 tuam
1347 364 1453 384 sacram
1466 355 1554 390 angeli
1572 355 1654 382 simul
1669 359 1696 381 et
1713 354 1803 381 hami-

1014 413 1062 433 nes
1077 405 1182 432 beatam
1202 402 1285 430 fuisse
1296 402 1467 437 prolitentur.
1484 402 1517 428 Es
1528 401 1599 428 enim
1612 401 1728 428 istorum
1741 407 1802 427 om-

1014 450 1090 478 nium
1109 449 1213 484 regina,
1231 457 1247 475 ο
1262 448 1355 484 Virgo.
1371 453 1400 476 ut
1415 455 1476 483 qua
1486 447 1587 482 Regem
1610 447 1802 474 universorum

1015 496 1174 532 procreasti.

1348 541 1404 570 Ode
1427 542 1453 569 5.

1051 601 1183 629 Omnibus
1198 601 1320 629 tumulus
1335 600 1386 628 iste
1399 603 1463 626 tuus
1481 595 1640 627 declaravit,
1653 593 1802 630 aliquando

1015 650 1042 673 te
1054 646 1141 675 fuisse
1157 647 1318 674 tumulatam
1333 655 1340 674 :
1361 649 1388 673 ct
1401 644 1425 672 is
1448 650 1521 670 nunc
1533 648 1643 677 quoque
1652 640 1741 676 palam
1757 639 1802 666 in-

1013 692 1087 720 dicat
1100 693 1224 728 corporis
1240 692 1280 720 tui
1292 692 1324 719 ad
1340 691 1424 719 caelos
1439 689 1539 717 factam
1555 686 1774 715 translationem.

1050 737 1195 765 Genitricis
1209 737 1256 764 Dei
1278 735 1507 764 obdormitionem
1529 732 1638 767 hymnis
1656 730 1802 762 celebrate,

1014 782 1143 817 virgines,
1168 782 1316 817 gloriﬁcate
1340 781 1417 812 item,
1440 786 1457 806 o
1478 779 1593 814 juvenes
1617 780 1699 811 atque
1713 783 1804 808 senes,

1015 835 1069 854 una
1082 835 1144 855 cum
1159 827 1329 863 principibus
1346 831 1436 854 terrae.

209 882 336 910 Θανοῦσα
359 882 510 914 ἀθανάτους
526 881 644 917 μετέϐης
662 881 730 917 πρὸς
756 880 896 912 κατοικίας
919 881 964 916 ἑχ-

1053 873 1105 909 14
1118 873 1257 901 Exeedens
1270 873 1321 901 hac
1333 872 1389 900 vita
1401 871 1436 899 ad
1456 869 1535 898 sedes
1549 867 1679 896 transiisti
1693 867 1806 894 immor-

176 929 240 966 θρὸν
249 928 428 956 θανατώσασα
442 927 481 963 τῷ
494 926 597 962 τοκετῷ
612 935 670 959 σου,
690 927 855 962 πανάμωμε.

218 1017 369 1045 Ἐκύκλουν
410 1016 566 1052 θεολήπτων
590 1015 695 1052 ἀνδρῶν
721 1024 750 1042 σε
776 1016 964 1051 χοροστασίαι,

176 1063 286 1098 ἑξοδίοις
304 1064 425 1099 ῥήμασιν
444 1062 655 1098 ὑμνολογοῠντές
672 1070 713 1094 σε,
731 1061 875 1089 Δέσποινα.

525 1160 588 1196 ᾮδὴ
596 1160 633 1192 ς’-

218 1208 249 1236 ’0
267 1205 341 1240 οἶκος
356 1207 402 1235 τὸν
410 1207 456 1234 τοῦ
474 1207 572 1238 παντὸς
582 1205 696 1241 συνοχέα
707 1206 722 1232 ό
735 1205 864 1241 χωρήσας
881 1213 966 1240 μετα-

179 1255 266 1282 ϐαίνει
281 1254 392 1289 οίκῆσαι
408 1253 477 1288 πρὸς
504 1252 647 1288 οὐρανοὺς,
667 1251 780 1286 οὐρανὸς
795 1251 966 1287 δεδειγμένος

179 1299 298 1335 Χριστοῦ
310 1299 357 1327 καὶ
372 1299 466 1335 θρόνος
481 1299 528 1326 καὶ
544 1299 616 1334 μέγα
631 1298 774 1330 παλάτιον,
789 1298 806 1332 ὴ
829 1297 968 1332 πάναγνος

180 1345 341 1381 περιστερὰ,
354 1342 389 1381 ἧς
405 1344 480 1372 θείαν
495 1344 663 1380 ὑμνήσωμεν
679 1343 821 1379 κοίμησιν.

221 1476 389 1511 Ύπόπτεροι
401 1477 431 1504 ὲν
446 1476 571 1511 νεφέλαις
588 1475 719 1512 ἀρθέντες
733 1475 820 1509 ἀετοὶ,
837 1476 875 1508 ὡς
897 1475 968 1512 ὑψη-

184 1523 266 1550 πὲται
284 1521 332 1549 τοῦ
348 1522 435 1556 Λόγου
451 1522 615 1557 Γεθσημανῆ
636 1521 821 1554 συνελθόντες,
836 1521 969 1557 Παρθένε,

1017 920 1096 952 tales,
1109 920 1173 955 quia
1184 927 1232 955 per
1248 924 1325 947 tuum
1338 922 1458 954 partum,
1473 915 1620 951 oundique
1633 914 1804 945 intemerata,

1016 970 1129 993 mortem
1142 966 1256 994 all'ccisti
1272 969 1371 993 morte.

1051 1010 1168 1039 Numine
1189 1011 1340 1038 albatorum
1356 1009 1497 1037 hominum
1520 1006 1597 1035 chori
1611 1010 1637 1033 te
1649 1005 1804 1040 cingebant,

1017 1064 1033 1084 ο
1049 1056 1185 1085 Domina!
1202 1057 1388 1084 collaudantes
1402 1061 1428 1083 te
1443 1054 1564 1090 hymnis,
1582 1051 1699 1079 faustam
1712 1050 1760 1078 tibi
1772 1050 1806 1077 ad

988 1137 996 1144 _
1016 1103 1117 1131 caelum
1131 1103 1327 1139 profectionem
1345 1100 1559 1138 gratulantibus.

1363 1145 1420 1174 Ode
1434 1145 1461 1174 6.

1045 1193 1055 1221 l
1067 1194 1092 1221 la
1100 1194 1198 1222 domus
1208 1200 1262 1228 qua
1271 1191 1515 1227 comprehenditur
1526 1190 1619 1218 omnia
1629 1188 1808 1224 comprehen-

1018 1239 1156 1275 dcnsjam
1171 1239 1253 1267 modo
1277 1238 1312 1266 ad
1329 1238 1415 1266 cmlos
1443 1237 1509 1264 facit
1523 1236 1669 1264 transitum
1696 1239 1726 1262 ut
1747 1234 1809 1261 illos

1019 1285 1161 1318 inhabitet,
1169 1285 1227 1320 ipsa
1236 1291 1344 1320 quoque
1351 1283 1451 1312 coelum
1460 1282 1595 1310 exsistens
1606 1286 1698 1316 utpote
1706 1279 1809 1307 Christi

1019 1332 1134 1359 thronus
1144 1330 1302 1364 etejusdem
1313 1337 1441 1366 magnum
1453 1328 1595 1364 palatium,
1609 1327 1667 1359 illa,
1683 1326 1807 1361 inquam,

1019 1377 1174 1405 castissima
1199 1375 1325 1405 columba
1340 1396 1348 1410 ,
1373 1375 1452 1411 cujus
1487 1373 1610 1401 divinam
1635 1372 1809 1400 celebramus

1020 1423 1226 1452 dormitionem.

1073 1469 1216 1505 Tanquam
1229 1469 1334 1497 alarum
1349 1468 1462 1503 remigio
1476 1468 1545 1495 vecti
1557 1468 1583 1495 in
1593 1467 1711 1495 nubibus
1720 1470 1747 1494 et
1760 1473 1811 1494 cett

1021 1515 1102 1544 Verbi
1120 1516 1206 1544 divini
1227 1516 1351 1551 quaedam
1365 1514 1538 1542 altivolantes
1563 1513 1663 1549 aquila:
1679 1513 1706 1540 in
1723 1512 1809 1540 ϐσιιι-

184 1570 231 1596 καὶ
248 1566 409 1604 ἐπιφθάνειν
424 1569 552 1603 ἀπαιρεῖν
572 1576 603 1594 σε
625 1567 778 1603 μέλλοντες,
797 1566 969 1602 πανύμνητε,

1022 1568 1142 1595 semane=
1152 1568 1208 1588 uno
1219 1564 1329 1596 repente
1345 1565 1418 1588 coetu
1433 1559 1548 1587 abitura
1558 1559 1591 1586 ad
1601 1559 1700 1586 coelum
1713 1558 1773 1591 tibi,
1792 1565 1810 1585 ο

184 1615 251 1651 πρὸς
269 1615 396 1650 οὐρανὸν,
423 1613 469 1646 οὒς
490 1614 528 1646 ὡς
541 1613 625 1641 τέκνα
643 1612 709 1640 Υίοῦ
738 1621 786 1640 σου
805 1613 970 1648 ηὑλόγησας.

219 1709 268 1741 Τίς
282 1708 351 1744 αὕτη
368 1709 384 1744 ἠ
398 1708 583 1736 ἀναϐαίνουσα
602 1708 679 1734 πέλει
694 1707 834 1743 κοσμικῶν
848 1707 903 1735 ἀπὸ
917 1715 972 1734 κοι-

185 1756 289 1789 λὰδων;
304 1756 347 1788 τίς
361 1755 432 1790 αὕτη
441 1756 459 1791 ἡ
474 1756 627 1790 προπομπὴ
635 1754 682 1781 καὶ
694 1754 876 1789 προπόρευσις
891 1751 971 1788 ξένης

184 1803 211 1829 τί
225 1802 256 1829 τὸ
267 1802 405 1838 ὁρώμενον
422 1802 497 1838 μέγα
505 1801 654 1837 μυστήριον
665 1808 672 1832 ;
684 1799 718 1826 Ἢ
729 1799 837 1826 πάντων
850 1799 908 1826 ἐστὶ
922 1799 968 1834 βα-

187 1848 267 1882 σιλὶς,
280 1849 327 1875 καὶ
337 1847 430 1884 κυρία,
447 1847 494 1874 καὶ
504 1846 577 1880 δόξα,
594 1846 642 1873 καὶ
658 1845 800 1881 καύχημα.

229 1983 377 2017 Ἰῐλάλαξεν
389 1982 547 2010 ἀποστόλων
557 1982 571 2008 ὁ
588 1981 674 2017 δῆμος
687 1988 735 2006 και
749 1979 875 2015 δακρύων
889 1979 974 2014 ἐπλη-

189 2030 275 2067 ρώθη.
294 2030 375 2066 ἡνίκα
390 2038 438 2056 σου
461 2028 510 2063 τὴν
527 2027 617 2063 ψυχὴν
632 2027 681 2062 τὴν
694 2026 774 2060 ἁγίαν
799 2025 930 2052 λιποῦσαν
944 2025 975 2052 τὸ

188 2076 310 2111 θεοδόχον
325 2075 450 2102 τεθέαται
462 2075 607 2110 σκήνωμα,
622 2074 670 2100 καὶ
681 2072 786 2108 ὕμνησε
815 2071 975 2107 θεοπρεπῶς

188 2130 237 2150 σου
245 2122 295 2158 τὴν
309 2121 397 2154 θείαν,
411 2121 578 2157 πανὰμωμε,
594 2119 733 2155 κοίμησιν.

536 2238 599 2275 ᾭδὴ
615 2239 649 2271 ζ’.

223 2296 335 2333 Νόμους
352 2296 402 2332 τῆς
418 2296 526 2332 φύσεως
550 2295 672 2323 λαθοῦσα
690 2296 724 2331 τῇ
750 2295 848 2330 κυήσει
860 2302 921 2326 σου,
936 2294 976 2329 τῷ

187 2342 314 2380 ἀνομίμφ
336 2341 566 2379 νόμῳθνήσκεις,
583 2342 652 2377 μόνη
675 2341 744 2377 ἁγνὴ
761 2340 895 2374 ζωὼσασα
908 2340 973 2371 τοὺς

188 2389 274 2417 πάλαι
301 2389 533 2425 νενεκρωμένους,
558 2388 690 2424 ἄχραντε,
713 2387 848 2423 ζωηφόρῳ
871 2385 974 2422 τοκετῷ

188 2442 248 2464 σου.

224 2576 308 2604 Μένει
323 2577 402 2610 κενὸς
416 2579 432 2605 ὸ
446 2579 518 2609 θεῖος
545 2577 630 2612 τάφος
648 2585 695 2604 σου
708 2577 755 2604 τοῦ
773 2577 909 2612 σώματος,
925 2577 975 2611 τῆς

190 2623 300 2658 χάριτος
328 2623 502 2660 ἃπλὴρης·
519 2623 658 2658 ποταμοὺς
683 2623 738 2657 γὰρ
764 2623 829 2658 ἡμῖν
858 2623 976 2658 πηγάζει

192 2668 325 2704 ίαμάτων,
342 2669 389 2696 καὶ
404 2669 542 2696 ἀποπαύει
556 2668 691 2704 ῥεύματα,
711 2668 831 2703 παναγία
850 2668 975 2695 Θεοτὸκε.

227 2754 318 2790 Ἥρθη
331 2755 361 2782 τὺ
373 2755 454 2791 σῶμα
466 2755 516 2791 μὲν
528 2755 575 2782 τοῦ
585 2755 685 2791 τάφου,
701 2755 854 2792 παραμένει
869 2755 896 2781 δὲ
912 2755 977 2790 ἡμῖν

1027 1605 1109 1641 Virgo
1120 1606 1154 1634 ab
1169 1606 1296 1634 omnibus
1311 1605 1431 1638 laudata,
1447 1607 1673 1640 supervenerunt,
1696 1610 1766 1638 quos
1782 1608 1810 1630 tu

1026 1657 1056 1680 ut
1076 1652 1145 1680 ﬁlios
1160 1651 1222 1680 Filii
1236 1652 1274 1680 tui
1290 1655 1436 1688 prosecuta
1456 1658 1486 1678 es
1500 1650 1704 1678 benedictione.

1065 1698 1153 1734 Rogo,
1170 1706 1295 1734 quanam
1311 1698 1363 1726 ista
1382 1705 1443 1733 qua:
1455 1696 1578 1724 ascendit
1588 1696 1622 1724 de
1634 1695 1727 1723 mundi
1743 1702 1812 1722 con-

1027 1745 1144 1772 vallibus
1158 1744 1311 1777 ?Quaanam
1322 1744 1381 1771 haec
1390 1747 1445 1771 tam
1460 1742 1538 1770 nobis
1554 1741 1693 1776 incognita
1706 1747 1812 1775 pompas

1026 1789 1153 1818 deductio
1167 1790 1316 1825 procedens
1326 1797 1341 1817 a
1358 1793 1431 1816 terra
1447 1788 1473 1815 in
1488 1787 1587 1816 caelum
1603 1786 1712 1822 usque?
1723 1786 1811 1819 Quam

1026 1841 1068 1863 est
1082 1836 1245 1863 immensum
1263 1836 1334 1863 istud
1347 1834 1507 1870 mysterium
1517 1833 1589 1869 quod
1603 1833 1743 1860 intuemur
1754 1831 1812 1867 jam

1028 1881 1122 1908 nunc?
1136 1881 1269 1908 Nimirum
1293 1879 1416 1907 ascendit
1428 1879 1509 1907 modo
1523 1884 1616 1906 nostra
1629 1877 1751 1905 omnium
1765 1878 1813 1905 do-

1028 1926 1101 1953 mina
1114 1931 1141 1953 et
1155 1926 1258 1960 regina,
1273 1925 1357 1952 decus
1369 1924 1431 1952 item
1443 1929 1470 1952 et
1487 1923 1614 1959 gloriatio
1635 1927 1742 1950 nostra.

1063 1971 1194 1999 Jubilavit
1206 1971 1390 2006 apostolorum
1410 1974 1498 1998 caelus
1506 1974 1532 1998 et
1540 1969 1621 1998 simul
1630 1968 1814 2004 tamenlacry‘

1028 2017 1080 2044 mis
1095 2017 1223 2052 perfusus
1234 2015 1286 2043 fuit
1298 2015 1406 2050 quando
1421 2015 1488 2043 vidit
1500 2015 1538 2042 tui
1553 2014 1677 2049 corporis
1687 2014 1814 2041 taberna-

1028 2062 1130 2094 culum,
1148 2062 1175 2089 in
1191 2068 1246 2096 quo
1263 2060 1347 2088 Deum
1363 2059 1517 2095 suscepisti,
1533 2067 1547 2086 a
1560 2063 1655 2086 sancta
1663 2058 1752 2085 anima
1767 2063 1812 2085 tua

1028 2106 1191 2141 derelinqui.
1207 2106 1296 2139 Quare
1308 2105 1427 2133 divinam
1442 2101 1514 2132 hanc
1524 2104 1643 2139 quietem
1662 2107 1735 2130 luam
1755 2102 1814 2129 lau-

1029 2152 1110 2180 dibus
1126 2152 1172 2179 Dei
1187 2152 1329 2188 majestate
1343 2151 1434 2187 dignis
1454 2155 1618 2186 prosecutus
1638 2149 1698 2182 fuit,
1720 2156 1737 2176 o
1754 2156 1812 2175 OIII-

1029 2195 1110 2224 nibus
1124 2196 1236 2224 omnino
1250 2195 1338 2223 modis
1351 2194 1528 2222 intemerata!

1320 2240 1372 2276 15
1403 2240 1459 2268 Ode
1472 2240 1499 2268 7.

1064 2299 1248 2333 Conceptione
1257 2304 1303 2325 tua
1314 2305 1414 2326 arcana
1424 2297 1574 2332 legitimum
1586 2294 1722 2331 quondam
1735 2299 1814 2321 natu-

1027 2344 1196 2370 mordinem
1212 2343 1463 2378 superasti,eadem
1474 2348 1547 2369 nunc
1562 2346 1652 2368 tamen
1671 2341 1728 2374 lege
1744 2339 1812 2366 ritu-

1028 2397 1082 2424 que
1095 2389 1214 2422 mortali,
1230 2390 1306 2417 subis
1324 2393 1439 2417 mortem
1460 2386 1656 2423 :quantumvis
1669 2390 1747 2421 partu
1768 2389 1814 2411 tuo

1028 2435 1138 2462 vivillco
1163 2435 1288 2462 homines
1307 2435 1458 2462 inveterata
1477 2432 1582 2469 jamdiu
1607 2435 1695 2459 morte
1717 2430 1815 2458 exani-

1031 2485 1119 2508 matas
1130 2480 1163 2507 ad
1175 2481 1257 2507 vitam
1272 2480 1424 2512 reduxeris,
1440 2487 1457 2507 ο
1469 2486 1531 2514 qua:
1549 2478 1607 2506 sola
1622 2484 1684 2505 vere
1698 2484 1728 2504 es
1738 2481 1814 2503 casta

1030 2535 1062 2554 ac
1073 2534 1184 2561 prorsus
1195 2526 1445 2561 immaculatum),

1065 2572 1163 2600 Exstat
1183 2572 1294 2600 divinus
1309 2573 1354 2600 ille
1370 2572 1492 2600 tumulus
1515 2577 1629 2606 corpore
1644 2568 1753 2605 quidem
1767 2572 1813 2594 tuo

1027 2618 1083 2653 jam
1094 2626 1206 2652 vacuus,
1218 2619 1265 2646 sed
1275 2619 1299 2646 is
1310 2619 1396 2654 gratia
1406 2624 1495 2646 tamen
1506 2616 1701 2645 miraculorum
1717 2616 1812 2640 scatet.

1028 2663 1096 2692 Nam
1112 2665 1308 2693 medicinarum
1327 2665 1405 2693 nobis
1424 2663 1512 2691 fundit
1528 2663 1651 2694 ﬂumina,
1671 2659 1812 2693 ,malorum

1030 2715 1120 2737 autem
1138 2710 1253 2738 sul'i‘ucat
1267 2714 1411 2738 torrentes.

1067 2755 1156 2783 Manet
1181 2756 1258 2783 nobis
1274 2755 1428 2783 benedictio
1442 2754 1538 2783 saltem
1565 2756 1621 2784 tua,
1636 2750 1700 2778 licet
1715 2753 1815 2782 corpus

227 2844 283 2882 (19)
303 2843 448 2872 Fuisseme
474 2843 503 2871 Β.
521 2842 605 2879 Virgo
623 2852 736 2882 prorsus
754 2843 942 2876 immaculata,
960 2843 983 2871 si
1004 2845 1075 2879 turpi
1096 2851 1128 2872 ac
1161 2844 1482 2882 detestandagoriginalis
1499 2841 1602 2878 peccati
1624 2837 1731 2867 macula
1762 2834 1815 2863 ali-

190 2881 301 2914 quando
315 2883 496 2914 conspurcata
517 2880 710 2914 apparuiSs-et?

349 2926 483 2956 Ρηιιοιι.
507 2926 565 2956 Gn.
591 2926 652 2956 CV.

1623 2916 1662 2946 3‘2
