2077 3157
271 140 340 173 10m

818 142 848 171 S.
869 142 1025 172 JOSEPHI
1046 143 1329 175 HYMNOGRAPHI

1826 144 1894 179 100i.

268 202 358 228 tuum,
377 201 396 222 ο
411 193 493 230 Virgo
515 193 654 227 inviolata,
677 194 814 222 sublatum
835 195 871 222 sit
893 204 908 222 e
934 195 1053 224 tumulo:

1108 198 1126 232 ἡ
1139 198 1248 234 εὐλογία
1273 208 1332 231 σου,
1355 199 1477 235 Παρθένε
1504 199 1593 236 ἁγνὴτ,
1612 200 1730 235 τυφλοὺς
1759 209 1889 236 φωταγω-

269 243 328 270 huec
336 246 427 269 autem
442 245 487 268 tua
503 240 658 268 benedictio
671 247 760 268 caecos
771 241 804 268 ad
814 241 903 268 lucem
912 241 1050 276 perfruen-

268 288 331 316 dam
347 285 517 317 manuducit,
532 292 564 312 ac
573 285 658 312 divite
670 285 752 313 simul
767 285 856 313 fructn
871 291 978 313 tuorum
993 294 1056 321 erga

269 336 385 362 miseros
399 332 596 361 humanitatem
613 333 750 361 viscerum
766 332 894 368 patefacit
909 333 1056 361 universis.

304 380 450 415 Dignatnm
465 383 506 407 est
518 378 636 407 Verbum
653 379 777 406 divinum
811 379 838 406 in
863 383 888 406 te
907 379 1055 411 conseribi,

268 434 285 454 ο
300 432 400 453 novum
413 424 493 460 plane
506 424 646 456 volumen,
664 424 745 459 idque
760 424 953 458 conjunctione
966 428 1056 452 tecum

268 472 351 504 facta,
370 478 477 499 summe
507 470 667 498 admiranda
681 490 690 503 ,
717 478 802 505 roga,
827 475 857 497 ut
888 478 938 498 nos
960 478 1057 498 omnes

1109 244 1195 278 γοῠσα
1211 265 1220 278 ,
1242 246 1289 272 καὶ
1308 245 1356 273 σοῦ
1378 246 1409 273 τὸ
1440 247 1651 283 εὐσυμπάθητον
1682 247 1893 283 ὑπεμφαίνονσα

1110 291 1256 324 πλουσίως.

1141 381 1215 416 Τόμε
1242 382 1331 416 καινὲ,
1356 383 1386 411 ὲν
1412 379 1435 417 ᾧ
1451 383 1539 418 Λόγος
1559 383 1765 417 ἀναγέγραπται
1791 382 1894 417 συνόδῳ

1106 426 1245 464 ξενοτάτῃ,
1257 427 1349 462 βίϐλου
1360 428 1464 461 πάντας
1479 428 1553 464 ζωῆς
1567 429 1671 456 ίκὲτευε
1682 428 1820 464 γραφῆναι
1831 428 1894 458 τοὺς

1104 472 1154 507 τὴν
1166 474 1269 508 σεπτὴν
1289 482 1336 500 σου
1351 474 1480 509 κοιμησιν
1493 474 1539 501 καί¹
1560 474 1712 509 παράδοξον
1730 473 1892 509 ὑμνοῦντας.

267 519 338 546 libro
353 517 414 545 vitae
427 517 593 550 inseramur,
604 517 762 551 quicunque
780 521 856 543 tuum
873 516 1056 544 venerabilem
1075 522 1102 545 et
1116 523 1212 546 nostro
1243 524 1324 554 captu
1339 520 1507 554 superiorem
1540 519 1769 548 obdormiscentis
1788 518 1892 546 obitum

268 564 378 600 hymnis
400 563 582 593 celebramus.

618 607 676 635 Ode
687 607 714 634 8.

306 654 345 684 Ex
362 654 463 682 ﬁnibus
489 658 569 681 terra:
594 659 784 681 convenerunt
798 654 824 680 in
843 652 908 681 Sion
923 652 1056 681 illustris-

267 700 337 728 sima
355 699 450 726 linium
471 698 545 726 orbis
559 698 708 730 columina,
725 702 754 725 ut
770 697 829 731 tibi,
844 705 861 726 ο
884 697 1056 730 intemerata,

267 747 329 774 vitae
337 745 417 772 linem
429 743 552 776 facienti,
565 751 659 771 curam
676 743 840 771 adhiberent
851 743 1054 779 exsequiarum.

303 792 333 818 In
357 798 441 818 unum
462 790 582 817 collectae
596 796 693 816 omnes
717 789 859 816 hominum
875 789 986 825 linguae,
1003 796 1053 816 an-

1465 608 1526 643 Ὠδὴ
1542 607 1577 643 η’.

1149 653 1196 680 Ἐκ
1212 652 1267 680 τῶν
1287 652 1415 689 περάτων
1443 653 1567 685 ἓλθόντες
1582 653 1607 679 οἱ
1635 653 1761 688 περάτων
1775 662 1892 688 φωτοει-

1105 699 1229 726 δέστατοι
1246 699 1338 726 στύλοι
1353 700 1423 734 πρὸς
1436 701 1486 734 τὴν
1505 699 1574 725 Σιὼν
1587 699 1779 734 παρεγένοντο,
1805 700 1892 736 πέρας

1106 745 1165 781 βίου
1180 745 1318 773 λαϐοῦσαν
1333 745 1463 781 κηδεῦσαι
1482 753 1522 778 σε,
1535 745 1662 780 ᾶχραντε.

1150 791 1366 827 Ῥητορευόντων
1376 791 1406 818 οὔ
1421 790 1509 818 σθένει
1519 791 1593 818 πᾶσα
1608 789 1719 824 γλῶσσα
1733 791 1794 817 οὐδὲ
1805 791 1892 826 ἀγγέ-

267 837 389 873 gelorum
408 836 472 863 item
498 835 622 863 omnium
643 842 702 869 ora,
717 843 772 862 non
788 839 815 863 te
834 835 915 871 digna
939 840 1053 870 possunt

1105 837 1158 864 λων
1174 837 1258 871 ἀξίως
1280 837 1475 873 ἀνευφημῆσαί
1500 845 1530 863 σε
1550 836 1672 871 στόματα
1688 844 1696 853 ’
1718 836 1892 872 ἀσυγκρίτως

268 882 396 918 prosequi
411 881 615 917 praedicatione.
633 879 699 907 Nam
715 881 966 916 incomparabiliter
981 888 1056 908 crea-

269 930 336 957 tnris
346 929 484 960 omnibus,
496 935 512 954 ο
526 927 649 959 Domina,
667 927 819 955 antecellis.

303 974 389 1010 Igitur
404 973 494 1001 omnis
507 973 626 1000 exsultet
641 976 777 1006 creatura,
789 977 816 1000 et
830 972 913 1000 simul
927 972 961 999 ad
982 972 1050 1000 tanti

268 1020 410 1049 transitus
423 1019 476 1055 16
495 1019 613 1046 divinam
628 1025 712 1053 prope
728 1017 890 1054 dignitatem
912 1017 1054 1046 celebran-

267 1067 422 1101 dam,ipsa:
436 1073 546 1100 quoque
571 1064 705 1093 emtorum
730 1065 816 1093 nubes
839 1065 944 1093 stillent
964 1071 1054 1092 rorem

264 1113 390 1148 iustitiae.
439 1135 442 1138 .

302 1158 326 1188 0
340 1158 417 1187 vide!
438 1166 510 1187 nunc
525 1158 632 1185 Domini
651 1157 768 1185 thronus
786 1156 833 1192 qui
856 1157 957 1184 eminet
972 1163 1054 1192 super

267 1204 442 1232 Cherubinos
459 1209 485 1232 et
498 1203 635 1234 Thronos.
650 1203 745 1238 incipit
757 1202 791 1230 de
807 1208 878 1230 terra
893 1202 1006 1236 elevari,
1024 1207 1055 1230 ut

267 1251 296 1278 in
311 1257 440 1286 suprema
450 1249 497 1277 Dei
507 1249 581 1284 regia
592 1249 752 1276 collocetur.
764 1247 822 1281 Illa,
843 1248 968 1284 inquam,
977 1255 1054 1276 crea-

268 1301 394 1324 turarum
409 1296 490 1324 unica
509 1303 524 1322 a
535 1295 618 1323 naevis
630 1294 710 1328 plane
722 1295 851 1322 omnibus
867 1294 968 1322 intacta
984 1293 1051 1329 (20).

611 1339 670 1368 Ode
684 1340 711 1368 9.

301 1386 379 1414 Sicut
404 1385 542 1413 ctelitibus
563 1385 697 1413 illustrior
724 1384 871 1417 universis,
895 1383 1053 1412 laudatores

267 1440 319 1461 nos
345 1431 461 1459 illustris
474 1435 528 1458 tuae
552 1430 762 1458 obdormitionis
784 1434 893 1457 tuarum
908 1429 1053 1465 splendore

264 1477 416 1514 gratiarum
432 1476 556 1504 illumina
568 1476 650 1504 simul
671 1483 703 1503 ac
721 1475 830 1511 penitus
843 1475 963 1503 illustra.

1106 883 1161 919 γὰρ
1171 883 1279 911 πάντων
1293 883 1466 920 ὑπέρκεισαι,
1481 883 1625 910 Δέσποινα.

1148 973 1337 1008 ’Δγαλλιάσθω
1355 973 1372 1008 ἡ
1387 972 1487 1006 κτίσις,
1505 973 1534 1000 αί
1550 971 1660 1007 νεφέλαι
1677 972 1707 999 ὲν
1716 972 1749 1007 τῇ
1765 971 1890 1007 παρούσῃ

1106 1019 1197 1055 ἡμέρᾳ
1208 1018 1381 1054 δικαιοσύνην
1395 1017 1565 1054 ρανάτωσαν,
1583 1016 1634 1052 τῆς
1651 1015 1792 1052 Παρθένου
1801 1014 1890 1050 τιμῶ-

1106 1073 1152 1092 σαι
1163 1065 1213 1099 τὴν
1225 1064 1301 1091 θείαν
1318 1064 1496 1099 μετάστασιν.

1142 1152 1207 1185 Ἴδε,
1224 1152 1238 1179 ὁ
1252 1151 1346 1188 Θρόνος
1357 1152 1460 1188 Κυρίου
1477 1152 1617 1187 ὑπερέχων
1632 1150 1666 1178 τὰ
1674 1150 1806 1186 Χερουὸεὶ
1811 1159 1831 1185 μ
1844 1150 1890 1177 καὶ

1104 1201 1168 1233 τοὺς
1178 1201 1307 1237 Θρόνους,
1321 1199 1404 1236 γῆθεν
1417 1199 1531 1234 ὑψοῦται
1540 1198 1704 1235 τεθήσεσθαι
1716 1200 1756 1230 είς
1768 1198 1890 1234 βασίλεια

1105 1246 1165 1273 θεῖα
1175 1267 1182 1280 ,
1194 1247 1211 1281 ὴ
1227 1246 1295 1282 μόνη
1312 1245 1492 1280 πανάμωμος.

1448 1345 1455 1356 ν
1477 1344 1502 1371 δι
1541 1344 1559 1372 ι.
1600 1349 1607 1356 .

1146 1390 1190 1422 Ὠς
1203 1390 1312 1417 πάντων
1327 1345 1557 1425 φαιδρπέὲανέτιῖῗν
1571 1389 1741 1423 ἐπουρανίων
1751 1389 1815 1420 τοὺς
1829 1389 1884 1424 ὗμ-

1104 1435 1188 1472 νητὰς
1203 1436 1252 1470 τῆς
1267 1436 1383 1472 φαιδρᾶς
1399 1444 1445 1461 σου
1459 1436 1615 1471 κοιμήσεως
1629 1435 1683 1462 τῶν
1699 1435 1755 1462 σῶν
1768 1435 1889 1472 χαρίτων

1103 1481 1142 1516 τῷ
1154 1481 1251 1516 φέγγει
1265 1481 1420 1517 φαίδρυνον,
1441 1481 1569 1516 φώτισον.

300 1522 451 1556 Exsultale,
471 1526 576 1549 mentes
593 1522 716 1549 omnium
728 1525 862 1556 quotquot
877 1519 980 1554 aliquid
1000 1519 1051 1546 ba-

1138 1527 1317 1562 Σκιρτήσατε,
1331 1527 1438 1562 καρδίαι
1471 1527 1579 1554 πάντων
1594 1526 1790 1559 εὐσεϐούντων,
1805 1528 1835 1554 έν
1853 1527 1888 1563 τῇ

264 1568 330 1602 bettt
337 1568 447 1603 pietatis
461 1568 488 1594 in
505 1567 668 1595 celebranda
683 1567 743 1602 ejus
763 1565 975 1598 obdormitione,
990 1572 1051 1600 quae

264 1614 322 1643 sala
345 1615 430 1641 Deum
448 1613 554 1648 genuit,
569 1616 662 1648 utpote
686 1616 791 1639 cuncta:
808 1610 964 1647 patrocinio
991 1611 1050 1645 ejus

263 1665 404 1694 nunquam
413 1658 601 1686 obdormituro
614 1657 822 1685 conservanda.

301 1703 464 1739 Pancgyrice
482 1703 532 1730 tibi
546 1703 699 1738 gratulatur
711 1708 795 1736 terra,
808 1707 835 1731 et
855 1703 938 1732 simul
961 1702 1051 1738 angeli

265 1749 419 1785 tripudiant
444 1749 622 1783 :aggaudent
649 1748 767 1784 denique
797 1756 894 1777 omnes
916 1748 962 1784 qui
988 1752 1052 1776 sunt

264 1796 343 1830 justi,
365 1794 611 1822 obdormiscentem
643 1799 679 1827 te,
703 1802 720 1822 ο
738 1795 826 1830 virgo,
845 1794 955 1830 hymnis
981 1794 1052 1822 cele-

265 1842 386 1868 brantes.

300 1886 417 1914 Hanrire
430 1885 474 1914 fac
489 1886 575 1914 etl‘use
591 1894 697 1920 omnes,
713 1895 729 1914 ο
744 1887 862 1914 amatrix
876 1886 960 1923 Virgo
974 1887 1050 1915 beni-

264 1932 386 1968 gnitatis,
403 1931 437 1959 de
464 1935 573 1959 tuarum
599 1931 711 1960 ﬂumine
736 1932 1006 1965 misericordiarum;
1024 1936 1052 1959 et

264 1977 372 2005 demum
399 1977 514 2004 salutem
545 1977 625 2005 nobis
651 1977 763 2012 largire,
787 1982 827 2010 tu,
853 1985 914 2012 quae
930 1975 1050 2005 Verbum

263 2023 338 2051 omni
359 2030 467 2050 summa
483 2023 604 2050 bonitate
618 2023 760 2058 praeditum
776 2023 893 2058 genuisti

601 2080 653 2115 17
671 2079 715 2107 tv.

264 2136 304 2163 De
318 2135 480 2168 depositione
500 2136 623 2170 pretioue
636 2136 714 2163 venit
733 2136 911 2162 sanctissima:
929 2135 1050 2170 Deipara'.

299 2170 508 2211 iantacIrernis.
533 2171 625 2211 ραιιοη
649 2170 872 2211 Πίθυηειῄυε
889 2172 1050 2211 aqrostichis

1102 1573 1230 1609 κοιμήσει
1238 1573 1288 1608 τῆς
1298 1573 1382 1607 μόνης
1397 1573 1547 1605 θεόπαιδος,
1558 1574 1591 1610 τῇ
1600 1573 1743 1610 ἀκοιμήτῳ
1756 1573 1890 1609 πρεσῦείᾳ

1102 1617 1377 1653 ταύτης-σωζόμεναι.

1143 1708 1175 1735 Ἤ
1189 1710 1224 1743 γῆ
1234 1708 1426 1744 πανηγυρίζει,
1436 1708 1546 1744 ἄγγελοι
1563 1708 1721 1744 σκιρτῶσιν,
1737 1708 1888 1743 ἀγαλλιῶνο

1102 1760 1146 1779 ται
1159 1752 1186 1779 δὲ
1203 1752 1304 1783 πάντες
1316 1753 1341 1780 oi
1353 1753 1462 1787 δίκαιοι,
1483 1754 1513 1780 ὲν
1532 1755 1565 1790 τῇ
1584 1754 1712 1789 κοιμήσει
1725 1762 1783 1787 σου,
1799 1754 1888 1790 Κόρη,

1103 1798 1316 1833 ὑμνολογοῦντές
1331 1807 1372 1826 σε.

1139 1897 1273 1932 Φιλάγαθε
1294 1898 1427 1934 Παρθένε,
1447 1899 1531 1935 ῥᾶνον
1557 1899 1604 1926 ἐπὶ
1618 1899 1722 1930 πάντας
1741 1899 1775 1925 τὰ
1798 1899 1888 1933 ἀγαθά

1103 1952 1151 1970 σου
1166 1943 1242 1980 ὲλέη,
1256 1944 1304 1971 καὶ
1315 1944 1401 1972 σῶσον
1413 1945 1498 1980 ἡμᾶς,
1511 1946 1529 1981 ὴ
1550 1945 1596 1972 τὸν
1619 1944 1777 1979 πανάγαθον
1801 1944 1887 1979 Λόγον

1101 1989 1292 2025 ἀποκυήσασα.

1475 2091 1512 2120 Δ’.

1108 2139 1160 2166 Ἐν
1174 2137 1332 2174 καταθέσει
1346 2137 1401 2172 τῆς
1414 2139 1511 2174 τιμίας
1522 2138 1652 2173 ἐσθῆτος
1660 2139 1715 2174 τῆς
1724 2139 1888 2173 impartam

1140 2173 1297 2214 ρειοτιῐφιου¹
1383 2174 1588 2214 Βλαχέρζαιςη,
1605 2175 1713 2214 Kurd»;
1736 2174 1779 2214 A'_,
1800 2176 1836 2206 οὗ
1867 2177 1886 2209 ἡ

299 2210 363 2244 est;
385 2215 394 2231 ι
419 2205 522 2233 Vestem
546 2205 650 2233 beatam
679 2205 795 2241 Virginis
809 2207 860 2233 diw
883 2205 939 2232 colo
954 2213 963 2232 :
979 2216 989 2232 ι
1004 2205 1051 2232 Jo-

1138 2208 1314 2244 ᾀκροστιχίς
1338 2205 1466 2244 eanth
1481 2205 1622 2243 ’Ἐσθῆτα
1645 2209 1717 2244 τιμῶ
1730 2205 1786 2244 τῆξ·
1813 2205 1888 2238 arar;

298 2241 370 2276 sepia.

607 2285 665 2314 Ode
690 2286 716 2314 Ι.

301 2332 409 2360 Vestem
429 2337 504 2361 tuam
526 2333 710 2360 venerandam
731 2333 828 2368 largita
850 2340 892 2366 es,
915 2339 931 2359 ο
955 2332 1047 2369 Virgo,

302 2424 361 2460 (20)
386 2425 483 2453 Annon
521 2432 627 2460 naevus
648 2424 783 2460 originale
807 2429 960 2460 peccatum,
984 2425 1056 2460 quod

264 2461 385 2487 animam
402 2468 486 2496 quam
501 2460 594 2496 tangit
618 2459 713 2496 findat,
739 2459 847 2496 polluit,
873 2459 1052 2493 contaminat,

264 2502 297 2522 ac
313 2495 420 2523 macula
434 2495 592 2529 turpissima
607 2495 746 2530 aspergit?
760 2495 801 2522 Ab
818 2497 868 2523 hoc
882 2496 964 2528 igitur
980 2503 1055 2523 mevo

263 2531 345 2565 plane
360 2531 445 2558 libera
463 2530 589 2565 Deipara,
605 2534 633 2557 nt
647 2531 682 2557 sit
694 2538 708 2556 a
726 2531 809 2558 ntevis
823 2531 951 2558 omnibus
975 2531 1055 2565 plane

264 2567 387 2592 intacta:
413 2573 467 2592 non
494 2565 566 2592 enim
589 2569 641 2597 est,
663 2570 692 2591 ut
712 2565 767 2592 dixi
787 2566 864 2595 alias.
890 2566 916 2592 in
939 2565 1054 2600 Deipara

263 2601 340 2628 locus
355 2600 460 2636 vulgari
484 2608 516 2628 ac
533 2600 597 2628 trito
612 2600 756 2635 proverbio
774 2609 780 2627 :
801 2600 883 2628 Nulla
900 2601 981 2635 [acia
996 2601 1054 2627 abs-

283 2644 314 2663 ue
328 2644 411 2663 mrvo.
915 2658 918 2662 .

283 2644 298 2662 ιι
328 2644 344 2662 n
406 2656 411 2662 .
915 2658 918 2662 .

263 2644 280 2671 q
299 2644 456 2706 alflvltabes
466 2670 540 2698 lntnc
548 2678 681 2698 canonem
692 2669 784 2697 Graece
793 2675 897 2698 tantum
907 2670 934 2697 in
945 2669 1054 2698 Menaeis

263 2705 421 2733 Grarciirnm
438 2711 491 2733 tam
505 2707 645 2740 impressis
655 2713 735 2740 quam
749 2706 943 2740 manuscriplis
953 2705 1003 2732 sub
1011 2706 1055 2732 die

263 2741 281 2767 2
291 2740 366 2774 Jnlii,
383 2747 410 2768 ct
422 2740 515 2768 Graece
527 2749 579 2768 ms.
597 2741 623 2767 in
635 2742 729 2768 codice
745 2740 915 2768 bibliotheca:
928 2740 1054 2767 Barberi-

265 2783 306 2802 me
321 2785 348 2803 n.
369 2777 428 2808 ΗΟ,
445 2784 506 2811 pag.
521 2776 564 2808 74,
580 2777 641 2802 etin
653 2777 766 2811 antiquo
780 2776 936 2811 Menologio
951 2775 1055 2811 tns._bi-

266 2810 408 2846 bliothccae
426 2809 584 2839 monasterii
598 2809 847 2846 Ct')'pt:t:_Ferrataa.
859 2809 898 2831 -—'
910 2811 959 2837 Die
974 2811 991 2836 2
1004 2809 1053 2837 Ju-

268 2845 295 2872 lii
303 2844 646 2881 apndIConslantinopolim
656 2844 688 2873 in
697 2844 1054 2882 Blachernis'celebrabatur

1139 2242 1233 2278 ἄγνου
1253 2243 1416 2276 Παρθένου.
1435 2253 1443 2269 ι
1463 2244 1586 2278 Ἰωσήφ.

1451 2290 1509 2327 ᾭδὴ
1520 2291 1553 2317 α’.

1144 2334 1261 2370 Ἐσθῆτά
1271 2343 1317 2361 σου
1329 2335 1442 2371 σεπτὴν,
1453 2336 1567 2363 Θεθτόκε
1581 2336 1715 2372 Παρθένε,
1728 2337 1766 2373 τῷ
1775 2337 1888 2372 τιμῶντι

1107 2425 1204 2452 festum
1237 2425 1416 2459 depositionis
1439 2426 1600 2453 venerandae
1625 2428 1708 2455 vestis
1738 2428 1768 2455 Β.
1797 2427 1890 2455 Maris

1107 2460 1236 2495 )firtzinis,
1266 2465 1296 2487 ut
1315 2465 1387 2495 patet
1408 2469 1460 2487 non
1485 2462 1573 2488 solum
1593 2469 1624 2488 ex
1647 2462 1765 2494 Menais,
1790 2463 1837 2489 sed
1854 2471 1888 2490 ea

1108 2494 1270 2521 Kalendario
1293 2494 1448 2522 Grmcorum
1464 2500 1491 2522 ct
1511 2496 1712 2528 Ruthenorum,
1729 2505 1762 2524 ex
1778 2497 1888 2525 Emma-

1106 2530 1186 2557 nuele
1208 2531 1348 2557 Conmeno
1376 2531 1539 2565 imperatore
1564 2531 1590 2557 in
1616 2532 1705 2559 edicto
1732 2533 1766 2559 de
1790 2531 1888 2564 Feriis.

1108 2572 1212 2592 necnon
1227 2572 1258 2591 ex
1274 2565 1382 2592 Molano
1394 2566 1421 2592 in
1452 2565 1647 2594 Additionibus
1666 2567 1701 2594 ad
1717 2567 1888 2594 Usuardum.

1107 2599 1370 2636 Vocabaturautem
1396 2607 1428 2627 ea
1451 2601 1610 2628 solemnitas
1627 2601 1767 2636 Dcpositio
1788 2603 1889 2635 vestis;

1105 2634 1169 2696 auia
1200 2643 1233 2662 eo
1262 2635 1306 2662 die
1337 2636 1455 2670 reposita
1486 2636 1574 2663 fuerat
1606 2634 1689 2664 vestis
1719 2645 1766 2665 seu
1797 2634 1890 2664 tunica

1130 2689 1136 2696 .
1164 2668 1286 2696 Vircinis
1308 2670 1399 2696 Mariae
1421 2671 1448 2696 in
1476 2671 1552 2696 theca
1575 2676 1704 2696 araentea
1727 2673 1754 2696 in
1789 2673 1890 2696 lenmlo

1130 2689 1136 2696 .
1164 2668 1290 2706 Virginis
1308 2668 1399 2697 Mariae
1421 2671 1448 2697 in
1476 2671 1552 2698 theca
1575 2676 1705 2706 argentea
1727 2673 1754 2699 in
1789 2673 1890 2706 templo

1106 2705 1178 2739 quod
1196 2704 1251 2732 Leo
1267 2704 1380 2738 Magnus
1396 2705 1542 2739 imperator
1555 2706 1581 2733 in
1598 2704 1658 2733 loco
1677 2707 1750 2734 dicto
1764 2704 1891 2734 Blachcr-

1107 2741 1149 2776 [iis
1169 2741 1196 2766 in
1206 2740 1346 2776 suburbio
1364 2740 1669 2776 Constantinopolitano
1685 2746 1889 2770 construxerat.

1106 2774 1192 2802 Porro
1205 2774 1319 2811 historia
1331 2775 1365 2802 de
1379 2780 1451 2811 veste
1460 2775 1490 2802 Β.
1507 2774 1625 2810 Virginis
1637 2784 1652 2803 a
1664 2778 1753 2811 primo
1763 2776 1889 2808 exordio,

1106 2815 1136 2837 ut
1151 2817 1210 2837 eam
1227 2818 1259 2837 ex
1274 2810 1382 2837 Menaeis
1400 2810 1555 2838 Gra‘corum
1575 2810 1817 2840 refert’Mattha’ns
1837 2811 1892 2838 ﬂa-

1106 2845 1187 2872 derns
1211 2846 1236 2872 in
1260 2853 1311 2872 suo
1334 2844 1469 2873 Viridario
1491 2845 1661 2881 Sanctorum,
1688 2851 1764 2880 parte
1784 2854 1815 2879 ll,
1839 2846 1891 2874 sub
