  <div class='ocr_page' id='page_1' title='image "/cluster/home/n/w/nwhite01/storage/ocr_20150623/105/njp.32101077772893/565.png"; bbox 0 0 2077 3157; ppageno 0'>
   <div class='ocr_carea' id='block_1_1' title="bbox 271 152 337 183">
    <p class='ocr_par' dir='ltr' id='par_1_1' title="bbox 271 152 337 183">
     <span class='ocr_line' id='line_1_1' title="bbox 271 152 337 183; baseline -0.015 0"><span class='ocrx_word' id='word_1_1' title='bbox 271 152 337 183; x_wconf 87' lang='grc'>1007</span> 
     </span>
    </p>
   </div>
   <div class='ocr_carea' id='block_1_2' title="bbox 813 153 1319 183">
    <p class='ocr_par' dir='ltr' id='par_1_2' title="bbox 813 153 1319 183">
     <span class='ocr_line' id='line_1_2' title="bbox 813 153 1319 183; baseline 0.002 -1"><span class='ocrx_word' id='word_1_2' title='bbox 813 154 840 183; x_wconf 86' lang='lat' dir='ltr'><strong>S.</strong></span> <span class='ocrx_word' id='word_1_3' title='bbox 863 153 1020 182; x_wconf 85' lang='lat' dir='ltr'><strong>JOSEPIII</strong></span> <span class='ocrx_word' id='word_1_4' title='bbox 1040 153 1118 182; x_wconf 81' lang='lat' dir='ltr'><strong>HYM</strong></span> <span class='ocrx_word' id='word_1_5' title='bbox 1125 153 1319 183; x_wconf 77' lang='lat' dir='ltr'><strong>N06RAPHI</strong></span> 
     </span>
    </p>
   </div>
   <div class='ocr_carea' id='block_1_3' title="bbox 1819 153 1890 184">
    <p class='ocr_par' dir='ltr' id='par_1_3' title="bbox 1819 153 1890 184">
     <span class='ocr_line' id='line_1_3' title="bbox 1819 153 1890 184; baseline 0 0"><span class='ocrx_word' id='word_1_6' title='bbox 1819 153 1890 184; x_wconf 71' lang='lat'><strong>1008&#39;</strong></span> 
     </span>
    </p>
   </div>
   <div class='ocr_carea' id='block_1_4' title="bbox 271 207 1062 244">
    <p class='ocr_par' dir='ltr' id='par_1_4' title="bbox 271 208 1057 244">
     <span class='ocr_line' id='line_1_4' title="bbox 271 208 1057 244; baseline 0 -8"><span class='ocrx_word' id='word_1_7' title='bbox 271 216 357 242; x_wconf 88' lang='lat' dir='ltr'><strong>tuam,</strong></span> <span class='ocrx_word' id='word_1_8' title='bbox 383 216 398 234; x_wconf 83' lang='lat'><strong>0</strong></span> <span class='ocrx_word' id='word_1_9' title='bbox 417 209 582 241; x_wconf 76' lang='lat' dir='ltr'><strong>castissima,</strong></span> <span class='ocrx_word' id='word_1_10' title='bbox 605 213 687 244; x_wconf 87' lang='lat' dir='ltr'><strong>atque</strong></span> <span class='ocrx_word' id='word_1_11' title='bbox 712 208 978 240; x_wconf 81' lang='lat' dir='ltr'><strong>immaculatissima,</strong></span> <span class='ocrx_word' id='word_1_12' title='bbox 997 208 1057 236; x_wconf 86' lang='lat' dir='ltr'><strong>l&#39;on-</strong></span> 
     </span>
    </p>
   </div>
   <div class='ocr_carea' id='block_1_5' title="bbox 1112 207 1887 244">
    <p class='ocr_par' dir='ltr' id='par_1_5' title="bbox 1112 207 1887 244">
     <span class='ocr_line' id='line_1_5' title="bbox 1112 207 1887 244; baseline 0 -8"><span class='ocrx_word' id='word_1_13' title='bbox 1112 209 1256 240; x_wconf 70' lang='grc' dir='ltr'>ἀπαύστως</span> <span class='ocrx_word' id='word_1_14' title='bbox 1281 209 1415 243; x_wconf 81' lang='grc' dir='ltr'><strong>βρύουσαν</strong></span> <span class='ocrx_word' id='word_1_15' title='bbox 1435 208 1539 243; x_wconf 82' lang='grc' dir='ltr'>ίάματα</span> <span class='ocrx_word' id='word_1_16' title='bbox 1561 208 1702 243; x_wconf 56' lang='grc' dir='ltr'>κέκτηταις</span> <span class='ocrx_word' id='word_1_17' title='bbox 1721 207 1887 244; x_wconf 76' lang='grc' dir='ltr'>πανάμωμε.</span> 
     </span>
    </p>
   </div>
   <div class='ocr_carea' id='block_1_6' title="bbox 270 253 1000 289">
    <p class='ocr_par' dir='ltr' id='par_1_6' title="bbox 270 253 1000 289">
     <span class='ocr_line' id='line_1_6' title="bbox 270 253 1000 289; baseline -0.001 -8"><span class='ocrx_word' id='word_1_18' title='bbox 270 259 324 282; x_wconf 84' lang='lat' dir='ltr'><strong>tem</strong></span> <span class='ocrx_word' id='word_1_19' title='bbox 342 262 374 282; x_wconf 82' lang='lat' dir='ltr'><strong>ex</strong></span> <span class='ocrx_word' id='word_1_20' title='bbox 390 261 445 289; x_wconf 88' lang='lat' dir='ltr'><strong>quo</strong></span> <span class='ocrx_word' id='word_1_21' title='bbox 460 253 639 282; x_wconf 81' lang='lat' dir='ltr'><strong>medicamina</strong></span> <span class='ocrx_word' id='word_1_22' title='bbox 657 253 842 282; x_wconf 80' lang='lat' dir='ltr'><strong>indelicienter</strong></span> <span class='ocrx_word' id='word_1_23' title='bbox 861 259 1000 281; x_wconf 87' lang='lat' dir='ltr'><strong>emanant.</strong></span> 
     </span>
    </p>
   </div>
   <div class='ocr_carea' id='block_1_7' title="bbox 612 298 712 326">
    <p class='ocr_par' dir='ltr' id='par_1_7' title="bbox 612 298 712 326">
     <span class='ocr_line' id='line_1_7' title="bbox 612 298 712 326; baseline 0.01 -2"><span class='ocrx_word' id='word_1_24' title='bbox 612 298 669 326; x_wconf 88' lang='lat' dir='ltr'><strong>()de</strong></span> <span class='ocrx_word' id='word_1_25' title='bbox 685 298 712 325; x_wconf 75' lang='grc'><strong>4.</strong></span> 
     </span>
    </p>
   </div>
   <div class='ocr_carea' id='block_1_8' title="bbox 309 335 1060 378">
    <p class='ocr_par' dir='ltr' id='par_1_8' title="bbox 309 335 1060 378">
     <span class='ocr_line' id='line_1_8' title="bbox 309 335 1060 378; baseline 0 -8"><span class='ocrx_word' id='word_1_26' title='bbox 309 344 432 371; x_wconf 78' lang='lat' dir='ltr'><strong>Adeste:</strong></span> <span class='ocrx_word' id='word_1_27' title='bbox 459 335 569 370; x_wconf 81' lang='lat' dir='ltr'><strong>unicam</strong></span> <span class='ocrx_word' id='word_1_28' title='bbox 591 343 762 370; x_wconf 87' lang='lat' dir='ltr'><strong>benedictam</strong></span> <span class='ocrx_word' id='word_1_29' title='bbox 788 344 1008 378; x_wconf 83' lang='lat' dir='ltr'><strong>magnilicenius;</strong></span> <span class='ocrx_word' id='word_1_30' title='bbox 1032 347 1060 370; x_wconf 83' lang='lat' dir='ltr'><strong>et</strong></span> 
     </span>
    </p>
   </div>
   <div class='ocr_carea' id='block_1_9' title="bbox 273 388 1057 423">
    <p class='ocr_par' dir='ltr' id='par_1_9' title="bbox 273 388 1057 423">
     <span class='ocr_line' id='line_1_9' title="bbox 273 388 1057 423; baseline -0.003 -7"><span class='ocrx_word' id='word_1_31' title='bbox 273 389 305 416; x_wconf 86' lang='lat' dir='ltr'><strong>ad</strong></span> <span class='ocrx_word' id='word_1_32' title='bbox 328 393 430 415; x_wconf 75' lang='lat' dir='ltr'><strong>vestem</strong></span> <span class='ocrx_word' id='word_1_33' title='bbox 449 388 521 415; x_wconf 89' lang='lat' dir='ltr'><strong>illius</strong></span> <span class='ocrx_word' id='word_1_34' title='bbox 536 396 598 415; x_wconf 92' lang='lat' dir='ltr'><strong>cum</strong></span> <span class='ocrx_word' id='word_1_35' title='bbox 623 388 675 415; x_wconf 85' lang='lat' dir='ltr'><strong>lide</strong></span> <span class='ocrx_word' id='word_1_36' title='bbox 695 388 871 421; x_wconf 82' lang='lat' dir='ltr'><strong>accedamus,</strong></span> <span class='ocrx_word' id='word_1_37' title='bbox 896 395 925 415; x_wconf 92' lang='lat' dir='ltr'><strong>ut</strong></span> <span class='ocrx_word' id='word_1_38' title='bbox 942 389 1057 423; x_wconf 80' lang='lat' dir='ltr'><strong>gratiam</strong></span> 
     </span>
    </p>
   </div>
   <div class='ocr_carea' id='block_1_10' title="bbox 273 433 574 467">
    <p class='ocr_par' dir='ltr' id='par_1_10' title="bbox 273 433 574 467">
     <span class='ocr_line' id='line_1_10' title="bbox 273 433 574 467; baseline -0.003 -7"><span class='ocrx_word' id='word_1_39' title='bbox 273 433 391 467; x_wconf 76' lang='lat' dir='ltr'><strong>Spiritus</strong></span> <span class='ocrx_word' id='word_1_40' title='bbox 404 433 574 460; x_wconf 77' lang='lat' dir='ltr'><strong>hauriamus.</strong></span> 
     </span>
    </p>
   </div>
   <div class='ocr_carea' id='block_1_11' title="bbox 308 477 1058 514">
    <p class='ocr_par' dir='ltr' id='par_1_11' title="bbox 308 477 1058 514">
     <span class='ocr_line' id='line_1_11' title="bbox 308 477 1058 514; baseline -0.004 -8"><span class='ocrx_word' id='word_1_41' title='bbox 308 479 450 514; x_wconf 82' lang='lat' dir='ltr'><strong>Tanquam</strong></span> <span class='ocrx_word' id='word_1_42' title='bbox 469 478 699 514; x_wconf 81' lang='lat' dir='ltr'><strong>pretiosissimum</strong></span> <span class='ocrx_word' id='word_1_43' title='bbox 719 477 890 509; x_wconf 71' lang='lat' dir='ltr'><strong>thesaurum,</strong></span> <span class='ocrx_word' id='word_1_44' title='bbox 913 477 970 504; x_wconf 65' lang='lat' dir='ltr'><strong>haec</strong></span> <span class='ocrx_word' id='word_1_45' title='bbox 990 477 1058 503; x_wconf 78' lang='lat' dir='ltr'><strong>civi-</strong></span> 
     </span>
    </p>
   </div>
   <div class='ocr_carea' id='block_1_12' title="bbox 272 523 1058 559">
    <p class='ocr_par' dir='ltr' id='par_1_12' title="bbox 272 523 1058 559">
     <span class='ocr_line' id='line_1_12' title="bbox 272 523 1058 559; baseline -0.003 -8"><span class='ocrx_word' id='word_1_46' title='bbox 272 531 314 552; x_wconf 80' lang='lat' dir='ltr'><strong>las</strong></span> <span class='ocrx_word' id='word_1_47' title='bbox 338 533 398 559; x_wconf 78' lang='lat' dir='ltr'><strong>qua:</strong></span> <span class='ocrx_word' id='word_1_48' title='bbox 423 529 448 552; x_wconf 87' lang='lat' dir='ltr'><strong>te</strong></span> <span class='ocrx_word' id='word_1_49' title='bbox 477 525 606 556; x_wconf 80' lang='lat' dir='ltr'><strong>honorat,</strong></span> <span class='ocrx_word' id='word_1_50' title='bbox 633 523 779 558; x_wconf 86' lang='lat' dir='ltr'><strong>possidens</strong></span> <span class='ocrx_word' id='word_1_51' title='bbox 803 527 907 550; x_wconf 83' lang='lat' dir='ltr'><strong>vestem</strong></span> <span class='ocrx_word' id='word_1_52' title='bbox 931 527 1016 554; x_wconf 87' lang='lat' dir='ltr'><strong>tuam,</strong></span> <span class='ocrx_word' id='word_1_53' title='bbox 1042 530 1058 549; x_wconf 90' lang='lat'><strong>0</strong></span> 
     </span>
    </p>
   </div>
   <div class='ocr_carea' id='block_1_13' title="bbox 274 567 1056 605">
    <p class='ocr_par' dir='ltr' id='par_1_13' title="bbox 274 567 1056 605">
     <span class='ocr_line' id='line_1_13' title="bbox 274 567 1056 605; baseline -0.004 -8"><span class='ocrx_word' id='word_1_54' title='bbox 274 571 373 605; x_wconf 84' lang='lat' dir='ltr'><strong>puclla,</strong></span> <span class='ocrx_word' id='word_1_55' title='bbox 396 577 458 597; x_wconf 88' lang='lat' dir='ltr'><strong>cum</strong></span> <span class='ocrx_word' id='word_1_56' title='bbox 474 569 526 596; x_wconf 88' lang='lat' dir='ltr'><strong>lidc</strong></span> <span class='ocrx_word' id='word_1_57' title='bbox 544 577 605 596; x_wconf 90' lang='lat' dir='ltr'><strong>eam</strong></span> <span class='ocrx_word' id='word_1_58' title='bbox 621 568 797 604; x_wconf 83' lang='lat' dir='ltr'><strong>amplectitur</strong></span> <span class='ocrx_word' id='word_1_59' title='bbox 810 571 892 602; x_wconf 89' lang='lat' dir='ltr'><strong>atque</strong></span> <span class='ocrx_word' id='word_1_60' title='bbox 905 567 1056 599; x_wconf 86' lang='lat' dir='ltr'><strong>osculatur,</strong></span> 
     </span>
    </p>
   </div>
   <div class='ocr_carea' id='block_1_14' title="bbox 272 615 656 649">
    <p class='ocr_par' dir='ltr' id='par_1_14' title="bbox 272 615 656 649">
     <span class='ocr_line' id='line_1_14' title="bbox 272 615 656 649; baseline 0 -9"><span class='ocrx_word' id='word_1_61' title='bbox 272 620 298 641; x_wconf 89' lang='lat' dir='ltr'><strong>et</strong></span> <span class='ocrx_word' id='word_1_62' title='bbox 315 615 429 649; x_wconf 82' lang='lat' dir='ltr'><strong>gratiam</strong></span> <span class='ocrx_word' id='word_1_63' title='bbox 446 615 509 642; x_wconf 88' lang='lat' dir='ltr'><strong>inde</strong></span> <span class='ocrx_word' id='word_1_64' title='bbox 525 618 656 649; x_wconf 79' lang='lat' dir='ltr'><strong>reportat.</strong></span> 
     </span>
    </p>
   </div>
   <div class='ocr_carea' id='block_1_15' title="bbox 1458 294 1561 330">
    <p class='ocr_par' dir='ltr' id='par_1_15' title="bbox 1458 294 1561 330">
     <span class='ocr_line' id='line_1_15' title="bbox 1458 294 1561 330; baseline 0.01 -9"><span class='ocrx_word' id='word_1_65' title='bbox 1458 295 1520 330; x_wconf 80' lang='grc' dir='ltr'><strong>ᾪδὴ</strong></span> <span class='ocrx_word' id='word_1_66' title='bbox 1530 294 1561 322; x_wconf 85' lang='grc' dir='ltr'><strong>δ’.</strong></span> 
     </span>
    </p>
   </div>
   <div class='ocr_carea' id='block_1_16' title="bbox 1142 334 1890 377">
    <p class='ocr_par' dir='ltr' id='par_1_16' title="bbox 1142 334 1890 377">
     <span class='ocr_line' id='line_1_16' title="bbox 1142 334 1890 377; baseline -0.003 -9"><span class='ocrx_word' id='word_1_67' title='bbox 1142 341 1347 376; x_wconf 80' lang='grc' dir='ltr'>Μεγαλύνωμεν</span> <span class='ocrx_word' id='word_1_68' title='bbox 1355 341 1405 377; x_wconf 83' lang='grc' dir='ltr'>τὴν</span> <span class='ocrx_word' id='word_1_69' title='bbox 1418 334 1503 376; x_wconf 87' lang='grc' dir='ltr'>μόνην</span> <span class='ocrx_word' id='word_1_70' title='bbox 1512 340 1709 376; x_wconf 80' lang='grc' dir='ltr'>εὐλογημένην,</span> <span class='ocrx_word' id='word_1_71' title='bbox 1723 340 1770 367; x_wconf 82' lang='grc' dir='ltr'>καὶ</span> <span class='ocrx_word' id='word_1_72' title='bbox 1783 340 1832 374; x_wconf 80' lang='grc' dir='ltr'>τὴν</span> <span class='ocrx_word' id='word_1_73' title='bbox 1842 340 1890 366; x_wconf 77' lang='grc' dir='ltr'><strong>αὐ⁸</strong></span> 
     </span>
    </p>
   </div>
   <div class='ocr_carea' id='block_1_17' title="bbox 1107 383 1890 422">
    <p class='ocr_par' dir='ltr' id='par_1_17' title="bbox 1107 383 1890 422">
     <span class='ocr_line' id='line_1_17' title="bbox 1107 383 1890 422; baseline -0.003 -10"><span class='ocrx_word' id='word_1_74' title='bbox 1107 386 1155 420; x_wconf 81' lang='grc' dir='ltr'>τῆς</span> <span class='ocrx_word' id='word_1_75' title='bbox 1166 387 1266 422; x_wconf 85' lang='grc' dir='ltr'>ὲσοῆτα</span> <span class='ocrx_word' id='word_1_76' title='bbox 1279 385 1499 421; x_wconf 78' lang='grc' dir='ltr'><strong>προστησώμεθα</strong></span> <span class='ocrx_word' id='word_1_77' title='bbox 1508 384 1610 417; x_wconf 83' lang='grc' dir='ltr'>πίστει,</span> <span class='ocrx_word' id='word_1_78' title='bbox 1621 384 1694 415; x_wconf 74' lang='grc' dir='ltr'>ὅπως</span> <span class='ocrx_word' id='word_1_79' title='bbox 1705 383 1890 420; x_wconf 76' lang='grc' dir='ltr'>ἀρῤυσώμεθα</span> 
     </span>
    </p>
   </div>
   <div class='ocr_carea' id='block_1_18' title="bbox 1107 431 1500 468">
    <p class='ocr_par' dir='ltr' id='par_1_18' title="bbox 1107 431 1500 468">
     <span class='ocr_line' id='line_1_18' title="bbox 1107 431 1500 468; baseline -0.005 -9"><span class='ocrx_word' id='word_1_80' title='bbox 1107 433 1156 468; x_wconf 82' lang='grc' dir='ltr'>τὴν</span> <span class='ocrx_word' id='word_1_81' title='bbox 1176 433 1257 468; x_wconf 77' lang='grc' dir='ltr'>χάριν</span> <span class='ocrx_word' id='word_1_82' title='bbox 1271 432 1319 458; x_wconf 75' lang='grc' dir='ltr'>τοῦ</span> <span class='ocrx_word' id='word_1_83' title='bbox 1331 431 1500 466; x_wconf 85' lang='grc' dir='ltr'>Πνεύματος.</span> 
     </span>
    </p>
   </div>
   <div class='ocr_carea' id='block_1_19' title="bbox 1149 475 1891 513">
    <p class='ocr_par' dir='ltr' id='par_1_19' title="bbox 1149 475 1891 513">
     <span class='ocr_line' id='line_1_19' title="bbox 1149 475 1891 513; baseline -0.007 -8"><span class='ocrx_word' id='word_1_84' title='bbox 1149 479 1192 510; x_wconf 84' lang='grc' dir='ltr'>Ὠς</span> <span class='ocrx_word' id='word_1_85' title='bbox 1208 478 1357 513; x_wconf 78' lang='grc' dir='ltr'><strong>πολύτιμον</strong></span> <span class='ocrx_word' id='word_1_86' title='bbox 1374 477 1551 513; x_wconf 79' lang='grc' dir='ltr'><strong>θησαύρισμα</strong></span> <span class='ocrx_word' id='word_1_87' title='bbox 1577 475 1751 511; x_wconf 76' lang='grc' dir='ltr'><strong>κεκτημένη,</strong></span> <span class='ocrx_word' id='word_1_88' title='bbox 1768 476 1784 510; x_wconf 80' lang='grc' dir='ltr'>ἡ</span> <span class='ocrx_word' id='word_1_89' title='bbox 1801 475 1830 502; x_wconf 83' lang='grc' dir='ltr'>σὲ</span> <span class='ocrx_word' id='word_1_90' title='bbox 1851 483 1891 500; x_wconf 85' lang='grc' dir='ltr'>τι-</span> 
     </span>
    </p>
   </div>
   <div class='ocr_carea' id='block_1_20' title="bbox 1109 521 1890 559">
    <p class='ocr_par' dir='ltr' id='par_1_20' title="bbox 1109 521 1890 559">
     <span class='ocr_line' id='line_1_20' title="bbox 1109 521 1890 559; baseline -0.005 -9"><span class='ocrx_word' id='word_1_91' title='bbox 1109 525 1188 559; x_wconf 85' lang='grc' dir='ltr'>μῶσα</span> <span class='ocrx_word' id='word_1_92' title='bbox 1204 524 1281 555; x_wconf 82' lang='grc' dir='ltr'>πόλις</span> <span class='ocrx_word' id='word_1_93' title='bbox 1295 523 1344 558; x_wconf 85' lang='grc' dir='ltr'>τὴν</span> <span class='ocrx_word' id='word_1_94' title='bbox 1359 522 1461 557; x_wconf 72' lang='grc' dir='ltr'>ἐσθῆτά</span> <span class='ocrx_word' id='word_1_95' title='bbox 1474 531 1532 555; x_wconf 85' lang='grc' dir='ltr'>σου,</span> <span class='ocrx_word' id='word_1_96' title='bbox 1542 521 1629 557; x_wconf 76' lang='grc' dir='ltr'>Κόρη,</span> <span class='ocrx_word' id='word_1_97' title='bbox 1641 522 1731 548; x_wconf 79' lang='grc' dir='ltr'><strong>πίστει</strong></span> <span class='ocrx_word' id='word_1_98' title='bbox 1749 521 1890 548; x_wconf 83' lang='grc' dir='ltr'>κατασπά-</span> 
     </span>
    </p>
   </div>
   <div class='ocr_carea' id='block_1_21' title="bbox 1107 567 1517 604">
    <p class='ocr_par' dir='ltr' id='par_1_21' title="bbox 1107 567 1517 604">
     <span class='ocr_line' id='line_1_21' title="bbox 1107 567 1517 604; baseline -0.005 -9"><span class='ocrx_word' id='word_1_99' title='bbox 1107 570 1192 601; x_wconf 77' lang='grc' dir='ltr'>ζεται,</span> <span class='ocrx_word' id='word_1_100' title='bbox 1209 569 1257 595; x_wconf 82' lang='grc' dir='ltr'>καὶ</span> <span class='ocrx_word' id='word_1_101' title='bbox 1270 568 1348 604; x_wconf 87' lang='grc' dir='ltr'><strong>χάριν</strong></span> <span class='ocrx_word' id='word_1_102' title='bbox 1365 567 1517 603; x_wconf 77' lang='grc' dir='ltr'>κομίζεται.</span> 
     </span>
    </p>
   </div>
   <div class='ocr_carea' id='block_1_22' title="bbox 307 655 1894 696">
    <p class='ocr_par' dir='ltr' id='par_1_22' title="bbox 307 655 1894 696">
     <span class='ocr_line' id='line_1_22' title="bbox 307 655 1894 696; baseline -0.003 -9"><span class='ocrx_word' id='word_1_103' title='bbox 307 662 460 689; x_wconf 81' lang='lat' dir='ltr'><strong>Adoramus</strong></span> <span class='ocrx_word' id='word_1_104' title='bbox 481 666 584 688; x_wconf 81' lang='lat' dir='ltr'><strong>vestem</strong></span> <span class='ocrx_word' id='word_1_105' title='bbox 600 666 685 693; x_wconf 90' lang='lat' dir='ltr'><strong>tuam,</strong></span> <span class='ocrx_word' id='word_1_106' title='bbox 701 668 717 687; x_wconf 95' lang='lat'><strong>0</strong></span> <span class='ocrx_word' id='word_1_107' title='bbox 737 660 971 692; x_wconf 85' lang='lat' dir='ltr'><strong>laudabilissima,</strong></span> <span class='ocrx_word' id='word_1_108' title='bbox 1005 666 1132 696; x_wconf 82' lang='lat' dir='ltr'><strong>tanquam</strong></span> <span class='ocrx_word' id='word_1_109' title='bbox 1170 661 1384 695; x_wconf 79' lang='lat' dir='ltr'><strong>incorruptionis</strong></span> <span class='ocrx_word' id='word_1_110' title='bbox 1403 660 1516 692; x_wconf 78' lang='lat' dir='ltr'><strong>fontem,</strong></span> <span class='ocrx_word' id='word_1_111' title='bbox 1537 664 1564 688; x_wconf 83' lang='lat' dir='ltr'><strong>et</strong></span> <span class='ocrx_word' id='word_1_112' title='bbox 1583 659 1675 695; x_wconf 66' lang='lat' dir='ltr'><strong>gloriae</strong></span> <span class='ocrx_word' id='word_1_113' title='bbox 1696 658 1794 686; x_wconf 86' lang='lat' dir='ltr'><strong>stolam</strong></span> <span class='ocrx_word' id='word_1_114' title='bbox 1821 655 1894 684; x_wconf 78' lang='lat' dir='ltr'><strong>exsi-</strong></span> 
     </span>
    </p>
   </div>
   <div class='ocr_carea' id='block_1_23' title="bbox 273 707 772 736">
    <p class='ocr_par' dir='ltr' id='par_1_23' title="bbox 273 707 772 736">
     <span class='ocr_line' id='line_1_23' title="bbox 273 707 772 736; baseline -0.008 0"><span class='ocrx_word' id='word_1_115' title='bbox 273 713 388 736; x_wconf 84' lang='lat' dir='ltr'><strong>stenlem</strong></span> <span class='ocrx_word' id='word_1_116' title='bbox 405 707 531 734; x_wconf 86' lang='lat' dir='ltr'><strong>omnibus</strong></span> <span class='ocrx_word' id='word_1_117' title='bbox 548 707 724 734; x_wconf 83' lang='lat' dir='ltr'><strong>laudantibus</strong></span> <span class='ocrx_word' id='word_1_118' title='bbox 737 711 772 733; x_wconf 89' lang='lat' dir='ltr'><strong>te.</strong></span> 
     </span>
    </p>
   </div>
   <div class='ocr_carea' id='block_1_24' title="bbox 307 753 1060 788">
    <p class='ocr_par' dir='ltr' id='par_1_24' title="bbox 307 753 1060 788">
     <span class='ocr_line' id='line_1_24' title="bbox 307 753 1060 788; baseline 0 -8"><span class='ocrx_word' id='word_1_119' title='bbox 307 753 406 781; x_wconf 86' lang='lat' dir='ltr'><strong>Munda</strong></span> <span class='ocrx_word' id='word_1_120' title='bbox 431 753 465 781; x_wconf 90' lang='lat' dir='ltr'><strong>ab</strong></span> <span class='ocrx_word' id='word_1_121' title='bbox 491 753 565 780; x_wconf 91' lang='lat' dir='ltr'><strong>omni</strong></span> <span class='ocrx_word' id='word_1_122' title='bbox 594 753 654 781; x_wconf 83' lang='lat' dir='ltr'><strong>labe</strong></span> <span class='ocrx_word' id='word_1_123' title='bbox 683 758 710 780; x_wconf 93' lang='lat' dir='ltr'><strong>ct</strong></span> <span class='ocrx_word' id='word_1_124' title='bbox 739 753 797 780; x_wconf 88' lang='lat' dir='ltr'><strong>sola</strong></span> <span class='ocrx_word' id='word_1_125' title='bbox 821 753 963 780; x_wconf 80' lang='lat' dir='ltr'><strong>benedicta</strong></span> <span class='ocrx_word' id='word_1_126' title='bbox 991 753 1060 788; x_wconf 70' lang='grc'><strong>(24),</strong></span> 
     </span>
    </p>
   </div>
   <div class='ocr_carea' id='block_1_25' title="bbox 273 798 1060 834">
    <p class='ocr_par' dir='ltr' id='par_1_25' title="bbox 273 798 1060 834">
     <span class='ocr_line' id='line_1_25' title="bbox 273 798 1060 834; baseline -0.001 -8"><span class='ocrx_word' id='word_1_127' title='bbox 273 807 334 834; x_wconf 69' lang='lat' dir='ltr'><strong>quae</strong></span> <span class='ocrx_word' id='word_1_128' title='bbox 344 799 491 826; x_wconf 85' lang='lat' dir='ltr'><strong>Cherubiin</strong></span> <span class='ocrx_word' id='word_1_129' title='bbox 517 799 637 826; x_wconf 81' lang='lat' dir='ltr'><strong>sanctior</strong></span> <span class='ocrx_word' id='word_1_130' title='bbox 653 798 821 833; x_wconf 81' lang='lat' dir='ltr'><strong>apparuisti;</strong></span> <span class='ocrx_word' id='word_1_131' title='bbox 832 798 938 826; x_wconf 88' lang='lat' dir='ltr'><strong>animas</strong></span> <span class='ocrx_word' id='word_1_132' title='bbox 951 803 1060 826; x_wconf 87' lang='lat' dir='ltr'><strong>nostras</strong></span> 
     </span>
    </p>
   </div>
   <div class='ocr_carea' id='block_1_26' title="bbox 1155 751 1896 788">
    <p class='ocr_par' dir='ltr' id='par_1_26' title="bbox 1155 751 1896 788">
     <span class='ocr_line' id='line_1_26' title="bbox 1155 751 1896 788; baseline -0.004 -8"><span class='ocrx_word' id='word_1_133' title='bbox 1155 754 1187 780; x_wconf 78' lang='grc' dir='ltr'><strong><em>Ἠ</em></strong></span> <span class='ocrx_word' id='word_1_134' title='bbox 1203 753 1372 788; x_wconf 83' lang='grc' dir='ltr'>πανάμωμος</span> <span class='ocrx_word' id='word_1_135' title='bbox 1389 753 1435 779; x_wconf 77' lang='grc' dir='ltr'>καὶ</span> <span class='ocrx_word' id='word_1_136' title='bbox 1452 752 1518 788; x_wconf 87' lang='grc' dir='ltr'>μόνη</span> <span class='ocrx_word' id='word_1_137' title='bbox 1538 752 1709 787; x_wconf 79' lang='grc' dir='ltr'><strong>εὐλογημένη</strong></span> <span class='ocrx_word' id='word_1_138' title='bbox 1721 751 1776 778; x_wconf 81' lang='grc' dir='ltr'><strong>τῶν</strong></span> <span class='ocrx_word' id='word_1_139' title='bbox 1792 751 1896 786; x_wconf 83' lang='grc' dir='ltr'>Χερου-</span> 
     </span>
    </p>
   </div>
   <div class='ocr_carea' id='block_1_27' title="bbox 1114 796 1895 833">
    <p class='ocr_par' dir='ltr' id='par_1_27' title="bbox 1114 796 1895 833">
     <span class='ocr_line' id='line_1_27' title="bbox 1114 796 1895 833; baseline -0.001 -9"><span class='ocrx_word' id='word_1_140' title='bbox 1114 798 1162 833; x_wconf 71' lang='grc' dir='ltr'>ϐὶμ</span> <span class='ocrx_word' id='word_1_141' title='bbox 1178 799 1302 833; x_wconf 64' lang='grc' dir='ltr'>φανεῖσα,</span> <span class='ocrx_word' id='word_1_142' title='bbox 1314 797 1363 829; x_wconf 78' lang='grc' dir='ltr'><strong>τὰς</strong></span> <span class='ocrx_word' id='word_1_143' title='bbox 1373 797 1463 832; x_wconf 73' lang='grc' dir='ltr'>ψυχὰς</span> <span class='ocrx_word' id='word_1_144' title='bbox 1474 796 1552 832; x_wconf 80' lang='grc' dir='ltr'>ἡμῶν</span> <span class='ocrx_word' id='word_1_145' title='bbox 1567 796 1654 823; x_wconf 84' lang='grc' dir='ltr'>σῶσον</span> <span class='ocrx_word' id='word_1_146' title='bbox 1669 797 1759 831; x_wconf 84' lang='grc' dir='ltr'>πάσης</span> <span class='ocrx_word' id='word_1_147' title='bbox 1770 796 1895 832; x_wconf 84' lang='grc' dir='ltr'>περιστά-</span> 
     </span>
    </p>
   </div>
   <div class='ocr_carea' id='block_1_28' title="bbox 274 842 1062 893">
    <p class='ocr_par' dir='ltr' id='par_1_28' title="bbox 274 843 1057 877">
     <span class='ocr_line' id='line_1_28' title="bbox 274 843 1057 877; baseline -0.005 -4"><span class='ocrx_word' id='word_1_148' title='bbox 274 847 307 873; x_wconf 88' lang='lat' dir='ltr'><strong>ab</strong></span> <span class='ocrx_word' id='word_1_149' title='bbox 317 847 391 874; x_wconf 90' lang='lat' dir='ltr'><strong>omni</strong></span> <span class='ocrx_word' id='word_1_150' title='bbox 404 845 568 873; x_wconf 82' lang='lat' dir='ltr'><strong>adversitate</strong></span> <span class='ocrx_word' id='word_1_151' title='bbox 579 843 697 877; x_wconf 76' lang='lat' dir='ltr'><strong>custodi,</strong></span> <span class='ocrx_word' id='word_1_152' title='bbox 709 844 773 872; x_wconf 92' lang='lat' dir='ltr'><strong>dum</strong></span> <span class='ocrx_word' id='word_1_153' title='bbox 792 848 816 870; x_wconf 89' lang='lat' dir='ltr'><strong>te</strong></span> <span class='ocrx_word' id='word_1_154' title='bbox 827 851 887 871; x_wconf 82' lang='lat' dir='ltr'><strong>cum</strong></span> <span class='ocrx_word' id='word_1_155' title='bbox 903 843 955 871; x_wconf 85' lang='lat' dir='ltr'><strong>tidc</strong></span> <span class='ocrx_word' id='word_1_156' title='bbox 971 844 1057 870; x_wconf 75' lang='lat' dir='ltr'><strong>bonn—</strong></span> 
     </span>
    </p>
   </div>
   <div class='ocr_carea' id='block_1_29' title="bbox 1112 842 1562 893">
    <p class='ocr_par' dir='ltr' id='par_1_29' title="bbox 1114 842 1562 878">
     <span class='ocr_line' id='line_1_29' title="bbox 1114 842 1562 878; baseline 0 -9"><span class='ocrx_word' id='word_1_157' title='bbox 1114 852 1181 874; x_wconf 82' lang='grc' dir='ltr'>σεως</span> <span class='ocrx_word' id='word_1_158' title='bbox 1195 843 1249 870; x_wconf 85' lang='grc' dir='ltr'><strong>τῶν</strong></span> <span class='ocrx_word' id='word_1_159' title='bbox 1260 843 1351 869; x_wconf 82' lang='grc' dir='ltr'>πίστει</span> <span class='ocrx_word' id='word_1_160' title='bbox 1365 842 1508 878; x_wconf 77' lang='grc' dir='ltr'><strong>τιμώντων</strong></span> <span class='ocrx_word' id='word_1_161' title='bbox 1522 850 1562 869; x_wconf 85' lang='grc' dir='ltr'>σε.</span> 
     </span>
    </p>
   </div>
   <div class='ocr_carea' id='block_1_30' title="bbox 275 899 380 919">
    <p class='ocr_par' dir='ltr' id='par_1_30' title="bbox 275 899 380 919">
     <span class='ocr_line' id='line_1_30' title="bbox 275 899 380 919; baseline -0.01 0"><span class='ocrx_word' id='word_1_162' title='bbox 275 899 380 919; x_wconf 89' lang='lat' dir='ltr'><strong>ramus.</strong></span> 
     </span>
    </p>
   </div>
   <div class='ocr_carea' id='block_1_31' title="bbox 581 934 745 970">
    <p class='ocr_par' dir='ltr' id='par_1_31' title="bbox 581 934 745 970">
     <span class='ocr_line' id='line_1_31' title="bbox 581 934 745 970; baseline -0.006 -8"><span class='ocrx_word' id='word_1_163' title='bbox 581 935 634 970; x_wconf 75' lang='grc' dir='ltr'><strong>ιθ</strong></span> <span class='ocrx_word' id='word_1_164' title='bbox 646 934 704 962; x_wconf 89' lang='lat' dir='ltr'><strong>Ode</strong></span> <span class='ocrx_word' id='word_1_165' title='bbox 718 935 745 962; x_wconf 82' lang='lat'><strong>5.</strong></span> 
     </span>
    </p>
   </div>
   <div class='ocr_carea' id='block_1_32' title="bbox 310 978 1059 1016">
    <p class='ocr_par' dir='ltr' id='par_1_32' title="bbox 310 978 1059 1016">
     <span class='ocr_line' id='line_1_32' title="bbox 310 978 1059 1016; baseline -0.005 -6"><span class='ocrx_word' id='word_1_166' title='bbox 310 981 498 1016; x_wconf 88' lang='lat' dir='ltr'><strong>Undequaque</strong></span> <span class='ocrx_word' id='word_1_167' title='bbox 514 980 661 1015; x_wconf 86' lang='lat' dir='ltr'><strong>purissima</strong></span> <span class='ocrx_word' id='word_1_168' title='bbox 684 980 799 1007; x_wconf 89' lang='lat' dir='ltr'><strong>Domina</strong></span> <span class='ocrx_word' id='word_1_169' title='bbox 812 979 881 1015; x_wconf 73' lang='lat'><strong>(25),</strong></span> <span class='ocrx_word' id='word_1_170' title='bbox 904 984 932 1006; x_wconf 88' lang='lat' dir='ltr'><strong>tu</strong></span> <span class='ocrx_word' id='word_1_171' title='bbox 953 978 1059 1006; x_wconf 79' lang='lat' dir='ltr'><strong>donasti</strong></span> 
     </span>
    </p>
   </div>
   <div class='ocr_carea' id='block_1_33' title="bbox 275 1024 1060 1060">
    <p class='ocr_par' dir='ltr' id='par_1_33' title="bbox 275 1024 1060 1060">
     <span class='ocr_line' id='line_1_33' title="bbox 275 1024 1060 1060; baseline -0.005 -5"><span class='ocrx_word' id='word_1_172' title='bbox 275 1024 441 1056; x_wconf 56' lang='lat' dir='ltr'><strong>servis&#39;tuis</strong></span> <span class='ocrx_word' id='word_1_173' title='bbox 458 1031 560 1054; x_wconf 85' lang='lat' dir='ltr'><strong>vestem</strong></span> <span class='ocrx_word' id='word_1_174' title='bbox 583 1033 615 1053; x_wconf 85' lang='lat' dir='ltr'><strong>ac</strong></span> <span class='ocrx_word' id='word_1_175' title='bbox 638 1026 784 1060; x_wconf 87' lang='lat' dir='ltr'><strong>pretiosam</strong></span> <span class='ocrx_word' id='word_1_176' title='bbox 804 1032 901 1052; x_wconf 80' lang='lat' dir='ltr'><strong>zonam</strong></span> <span class='ocrx_word' id='word_1_177' title='bbox 925 1029 1010 1056; x_wconf 78' lang='lat' dir='ltr'><strong>tuam,</strong></span> <span class='ocrx_word' id='word_1_178' title='bbox 1032 1029 1060 1051; x_wconf 94' lang='lat' dir='ltr'><strong>ut</strong></span> 
     </span>
    </p>
   </div>
   <div class='ocr_carea' id='block_1_34' title="bbox 276 1071 880 1101">
    <p class='ocr_par' dir='ltr' id='par_1_34' title="bbox 276 1071 880 1101">
     <span class='ocr_line' id='line_1_34' title="bbox 276 1071 880 1101; baseline -0.005 0"><span class='ocrx_word' id='word_1_179' title='bbox 276 1073 310 1101; x_wconf 77' lang='lat' dir='ltr'><strong>sit</strong></span> <span class='ocrx_word' id='word_1_180' title='bbox 324 1073 379 1101; x_wconf 85' lang='lat' dir='ltr'><strong>illis</strong></span> <span class='ocrx_word' id='word_1_181' title='bbox 390 1073 474 1100; x_wconf 87' lang='lat' dir='ltr'><strong>robur</strong></span> <span class='ocrx_word' id='word_1_182' title='bbox 485 1079 518 1099; x_wconf 88' lang='lat' dir='ltr'><strong>ac</strong></span> <span class='ocrx_word' id='word_1_183' title='bbox 529 1071 654 1099; x_wconf 90' lang='lat' dir='ltr'><strong>divinum</strong></span> <span class='ocrx_word' id='word_1_184' title='bbox 668 1071 880 1098; x_wconf 87' lang='lat' dir='ltr'><strong>munimentum.</strong></span> 
     </span>
    </p>
   </div>
   <div class='ocr_carea' id='block_1_35' title="bbox 309 1115 1058 1151">
    <p class='ocr_par' dir='ltr' id='par_1_35' title="bbox 309 1115 1058 1151">
     <span class='ocr_line' id='line_1_35' title="bbox 309 1115 1058 1151; baseline -0.005 -5"><span class='ocrx_word' id='word_1_185' title='bbox 309 1117 541 1146; x_wconf 83' lang='lat' dir='ltr'><strong>Jucundissimum</strong></span> <span class='ocrx_word' id='word_1_186' title='bbox 554 1117 726 1150; x_wconf 86' lang='lat' dir='ltr'><strong>viridarium,</strong></span> <span class='ocrx_word' id='word_1_187' title='bbox 741 1123 852 1144; x_wconf 87' lang='lat' dir='ltr'><strong>suavem</strong></span> <span class='ocrx_word' id='word_1_188' title='bbox 862 1116 981 1151; x_wconf 78' lang='lat' dir='ltr'><strong>Spiritus</strong></span> <span class='ocrx_word' id='word_1_189' title='bbox 992 1115 1058 1143; x_wconf 89' lang='lat' dir='ltr'><strong>odo-</strong></span> 
     </span>
    </p>
   </div>
   <div class='ocr_carea' id='block_1_36' title="bbox 275 1161 1059 1197">
    <p class='ocr_par' dir='ltr' id='par_1_36' title="bbox 275 1161 1059 1197">
     <span class='ocr_line' id='line_1_36' title="bbox 275 1161 1059 1197; baseline -0.005 -5"><span class='ocrx_word' id='word_1_190' title='bbox 275 1172 333 1192; x_wconf 86' lang='lat' dir='ltr'><strong>rem</strong></span> <span class='ocrx_word' id='word_1_191' title='bbox 350 1164 478 1192; x_wconf 86' lang='lat' dir='ltr'><strong>emittens</strong></span> <span class='ocrx_word' id='word_1_192' title='bbox 492 1163 597 1190; x_wconf 82' lang='lat' dir='ltr'><strong>factum</strong></span> <span class='ocrx_word' id='word_1_193' title='bbox 609 1167 652 1190; x_wconf 88' lang='lat' dir='ltr'><strong>est</strong></span> <span class='ocrx_word' id='word_1_194' title='bbox 665 1162 796 1197; x_wconf 89' lang='lat' dir='ltr'><strong>templum</strong></span> <span class='ocrx_word' id='word_1_195' title='bbox 812 1162 890 1195; x_wconf 90' lang='lat' dir='ltr'><strong>illud,</strong></span> <span class='ocrx_word' id='word_1_196' title='bbox 904 1169 921 1189; x_wconf 90' lang='grc' dir='ltr'><strong>ο</strong></span> <span class='ocrx_word' id='word_1_197' title='bbox 937 1165 993 1188; x_wconf 87' lang='lat' dir='ltr'><strong>tota</strong></span> <span class='ocrx_word' id='word_1_198' title='bbox 1005 1161 1059 1188; x_wconf 79' lang='lat' dir='ltr'><strong>im~</strong></span> 
     </span>
    </p>
   </div>
   <div class='ocr_carea' id='block_1_37' title="bbox 274 1209 904 1245">
    <p class='ocr_par' dir='ltr' id='par_1_37' title="bbox 274 1209 904 1245">
     <span class='ocr_line' id='line_1_37' title="bbox 274 1209 904 1245; baseline -0.005 -7"><span class='ocrx_word' id='word_1_199' title='bbox 274 1211 424 1242; x_wconf 82' lang='lat' dir='ltr'><strong>maculata,</strong></span> <span class='ocrx_word' id='word_1_200' title='bbox 439 1209 466 1237; x_wconf 91' lang='lat' dir='ltr'><strong>in</strong></span> <span class='ocrx_word' id='word_1_201' title='bbox 481 1217 537 1245; x_wconf 86' lang='lat' dir='ltr'><strong>quo</strong></span> <span class='ocrx_word' id='word_1_202' title='bbox 551 1213 597 1237; x_wconf 82' lang='lat' dir='ltr'><strong>tua</strong></span> <span class='ocrx_word' id='word_1_203' title='bbox 616 1209 701 1236; x_wconf 85' lang='lat' dir='ltr'><strong>vestis</strong></span> <span class='ocrx_word' id='word_1_204' title='bbox 715 1212 904 1236; x_wconf 84' lang='lat' dir='ltr'><strong>conservatur.</strong></span> 
     </span>
    </p>
   </div>
   <div class='ocr_carea' id='block_1_38' title="bbox 1427 929 1534 966">
    <p class='ocr_par' dir='ltr' id='par_1_38' title="bbox 1427 929 1534 966">
     <span class='ocr_line' id='line_1_38' title="bbox 1427 929 1534 966; baseline 0 -10"><span class='ocrx_word' id='word_1_205' title='bbox 1427 929 1488 966; x_wconf 83' lang='grc' dir='ltr'><strong>ᾭδὴ</strong></span> <span class='ocrx_word' id='word_1_206' title='bbox 1503 930 1534 956; x_wconf 87' lang='grc' dir='ltr'><strong>ε’.</strong></span> 
     </span>
    </p>
   </div>
   <div class='ocr_carea' id='block_1_39' title="bbox 1143 973 1895 1010">
    <p class='ocr_par' dir='ltr' id='par_1_39' title="bbox 1143 973 1895 1010">
     <span class='ocr_line' id='line_1_39' title="bbox 1143 973 1895 1010; baseline 0 -8"><span class='ocrx_word' id='word_1_207' title='bbox 1143 975 1340 1008; x_wconf 80' lang='grc' dir='ltr'>Σὺ,·Δέσποινα</span> <span class='ocrx_word' id='word_1_208' title='bbox 1362 975 1448 1009; x_wconf 78' lang='grc' dir='ltr'><strong>ἁγνὴ,</strong></span> <span class='ocrx_word' id='word_1_209' title='bbox 1473 977 1529 1006; x_wconf 77' lang='grc' dir='ltr'>τοῖς</span> <span class='ocrx_word' id='word_1_210' title='bbox 1555 975 1610 1005; x_wconf 80' lang='grc' dir='ltr'>σοῖς</span> <span class='ocrx_word' id='word_1_211' title='bbox 1625 974 1729 1006; x_wconf 77' lang='grc' dir='ltr'>δούλοις</span> <span class='ocrx_word' id='word_1_212' title='bbox 1744 973 1895 1010; x_wconf 71' lang='grc' dir='ltr'><strong>δεδώρησαι</strong></span> 
     </span>
    </p>
   </div>
   <div class='ocr_carea' id='block_1_40' title="bbox 1109 1019 1896 1056">
    <p class='ocr_par' dir='ltr' id='par_1_40' title="bbox 1109 1019 1896 1056">
     <span class='ocr_line' id='line_1_40' title="bbox 1109 1019 1896 1056; baseline -0.003 -8"><span class='ocrx_word' id='word_1_213' title='bbox 1109 1021 1273 1056; x_wconf 84' lang='grc' dir='ltr'>κραταίωμα</span> <span class='ocrx_word' id='word_1_214' title='bbox 1287 1021 1335 1056; x_wconf 83' lang='grc' dir='ltr'><strong>τὴν</strong></span> <span class='ocrx_word' id='word_1_215' title='bbox 1349 1020 1468 1056; x_wconf 69' lang='grc' dir='ltr'>ἐσθῆτα,</span> <span class='ocrx_word' id='word_1_216' title='bbox 1482 1021 1530 1047; x_wconf 72' lang='grc' dir='ltr'>καὶ</span> <span class='ocrx_word' id='word_1_217' title='bbox 1552 1020 1647 1055; x_wconf 80' lang='grc' dir='ltr'><strong>τιμίαν</strong></span> <span class='ocrx_word' id='word_1_218' title='bbox 1659 1028 1707 1046; x_wconf 88' lang='grc' dir='ltr'><strong>σου</strong></span> <span class='ocrx_word' id='word_1_219' title='bbox 1728 1019 1827 1055; x_wconf 83' lang='grc' dir='ltr'><strong>ζώνην,</strong></span> <span class='ocrx_word' id='word_1_220' title='bbox 1848 1020 1896 1046; x_wconf 78' lang='grc' dir='ltr'><strong>καὶ</strong></span> 
     </span>
    </p>
   </div>
   <div class='ocr_carea' id='block_1_41' title="bbox 1110 1067 1401 1102">
    <p class='ocr_par' dir='ltr' id='par_1_41' title="bbox 1110 1067 1401 1102">
     <span class='ocr_line' id='line_1_41' title="bbox 1110 1067 1401 1102; baseline 0 -8"><span class='ocrx_word' id='word_1_221' title='bbox 1110 1067 1181 1094; x_wconf 74' lang='grc' dir='ltr'>θεῖον</span> <span class='ocrx_word' id='word_1_222' title='bbox 1198 1067 1401 1102; x_wconf 83' lang='grc' dir='ltr'>περιτείχισμα.</span> 
     </span>
    </p>
   </div>
   <div class='ocr_carea' id='block_1_42' title="bbox 1149 1111 1896 1148">
    <p class='ocr_par' dir='ltr' id='par_1_42' title="bbox 1149 1111 1896 1148">
     <span class='ocr_line' id='line_1_42' title="bbox 1149 1111 1896 1148; baseline -0.003 -8"><span class='ocrx_word' id='word_1_223' title='bbox 1149 1113 1315 1148; x_wconf 79' lang='grc' dir='ltr'>Παράδεισος</span> <span class='ocrx_word' id='word_1_224' title='bbox 1324 1111 1439 1147; x_wconf 80' lang='grc' dir='ltr'>τερπνὸς</span> <span class='ocrx_word' id='word_1_225' title='bbox 1456 1111 1570 1139; x_wconf 77' lang='grc' dir='ltr'><strong>εὐωδίαν</strong></span> <span class='ocrx_word' id='word_1_226' title='bbox 1585 1111 1632 1138; x_wconf 84' lang='grc' dir='ltr'>τοῦ</span> <span class='ocrx_word' id='word_1_227' title='bbox 1645 1111 1813 1147; x_wconf 86' lang='grc' dir='ltr'>Πνεύματος,</span> <span class='ocrx_word' id='word_1_228' title='bbox 1828 1120 1896 1138; x_wconf 86' lang='grc' dir='ltr'>παν-</span> 
     </span>
    </p>
   </div>
   <div class='ocr_carea' id='block_1_43' title="bbox 1113 1157 1896 1195">
    <p class='ocr_par' dir='ltr' id='par_1_43' title="bbox 1113 1157 1896 1195">
     <span class='ocr_line' id='line_1_43' title="bbox 1113 1157 1896 1195; baseline -0.005 -8"><span class='ocrx_word' id='word_1_229' title='bbox 1113 1161 1245 1195; x_wconf 83' lang='grc' dir='ltr'>άχραντε.</span> <span class='ocrx_word' id='word_1_230' title='bbox 1273 1158 1446 1194; x_wconf 81' lang='grc' dir='ltr'>ἀποπέμπων</span> <span class='ocrx_word' id='word_1_231' title='bbox 1465 1159 1480 1184; x_wconf 86' lang='grc' dir='ltr'><strong>ὸ</strong></span> <span class='ocrx_word' id='word_1_232' title='bbox 1499 1159 1561 1190; x_wconf 81' lang='grc' dir='ltr'>ναὸς</span> <span class='ocrx_word' id='word_1_233' title='bbox 1588 1157 1603 1183; x_wconf 82' lang='grc' dir='ltr'><strong><em>ὸ</em></strong></span> <span class='ocrx_word' id='word_1_234' title='bbox 1630 1157 1752 1193; x_wconf 81' lang='grc' dir='ltr'><strong>κατέχων</strong></span> <span class='ocrx_word' id='word_1_235' title='bbox 1773 1157 1822 1192; x_wconf 81' lang='grc' dir='ltr'><strong>τὴν</strong></span> <span class='ocrx_word' id='word_1_236' title='bbox 1845 1157 1896 1193; x_wconf 78' lang='grc' dir='ltr'>σὴν</span> 
     </span>
    </p>
   </div>
   <div class='ocr_carea' id='block_1_44' title="bbox 1113 1204 1373 1240">
    <p class='ocr_par' dir='ltr' id='par_1_44' title="bbox 1113 1204 1373 1240">
     <span class='ocr_line' id='line_1_44' title="bbox 1113 1204 1373 1240; baseline 0 -8"><span class='ocrx_word' id='word_1_237' title='bbox 1113 1205 1216 1240; x_wconf 72' lang='grc' dir='ltr'>ἐσθῆτα</span> <span class='ocrx_word' id='word_1_238' title='bbox 1226 1204 1373 1232; x_wconf 77' lang='grc' dir='ltr'><strong>δέδεικται.</strong></span> 
     </span>
    </p>
   </div>
   <div class='ocr_carea' id='block_1_45' title="bbox 311 1248 1897 1288">
    <p class='ocr_par' dir='ltr' id='par_1_45' title="bbox 311 1248 1897 1288">
     <span class='ocr_line' id='line_1_45' title="bbox 311 1248 1897 1288; baseline -0.006 -4"><span class='ocrx_word' id='word_1_239' title='bbox 311 1256 426 1288; x_wconf 75' lang='lat' dir='ltr'><strong>Repleta</strong></span> <span class='ocrx_word' id='word_1_240' title='bbox 451 1255 526 1283; x_wconf 83' lang='lat' dir='ltr'><strong>omni</strong></span> <span class='ocrx_word' id='word_1_241' title='bbox 550 1255 706 1287; x_wconf 84' lang='lat' dir='ltr'><strong>sanctitate,</strong></span> <span class='ocrx_word' id='word_1_242' title='bbox 732 1253 873 1281; x_wconf 87' lang='lat' dir='ltr'><strong>sanctiﬁca</strong></span> <span class='ocrx_word' id='word_1_243' title='bbox 893 1252 1000 1280; x_wconf 88' lang='lat' dir='ltr'><strong>animas</strong></span> <span class='ocrx_word' id='word_1_244' title='bbox 1023 1257 1048 1279; x_wconf 83' lang='lat' dir='ltr'><strong>et</strong></span> <span class='ocrx_word' id='word_1_245' title='bbox 1079 1257 1195 1285; x_wconf 88' lang='lat' dir='ltr'><strong>corpora</strong></span> <span class='ocrx_word' id='word_1_246' title='bbox 1218 1253 1325 1282; x_wconf 85' lang='lat' dir='ltr'><strong>nostra,</strong></span> <span class='ocrx_word' id='word_1_247' title='bbox 1347 1249 1413 1276; x_wconf 90' lang='lat' dir='ltr'><strong>dum</strong></span> <span class='ocrx_word' id='word_1_248' title='bbox 1426 1252 1529 1276; x_wconf 86' lang='lat' dir='ltr'><strong>vestem</strong></span> <span class='ocrx_word' id='word_1_249' title='bbox 1564 1253 1638 1276; x_wconf 88' lang='lat' dir='ltr'><strong>tuam</strong></span> <span class='ocrx_word' id='word_1_250' title='bbox 1670 1252 1794 1276; x_wconf 82' lang='lat' dir='ltr'><strong>sanctam</strong></span> <span class='ocrx_word' id='word_1_251' title='bbox 1810 1248 1897 1275; x_wconf 88' lang='lat' dir='ltr'><strong>hono-</strong></span> 
     </span>
    </p>
   </div>
   <div class='ocr_carea' id='block_1_46' title="bbox 276 1300 947 1337">
    <p class='ocr_par' dir='ltr' id='par_1_46' title="bbox 276 1300 947 1337">
     <span class='ocr_line' id='line_1_46' title="bbox 276 1300 947 1337; baseline -0.006 -7"><span class='ocrx_word' id='word_1_252' title='bbox 276 1310 379 1335; x_wconf 85' lang='lat' dir='ltr'><strong>ramus,</strong></span> <span class='ocrx_word' id='word_1_253' title='bbox 395 1308 526 1337; x_wconf 89' lang='lat' dir='ltr'><strong>tanquam</strong></span> <span class='ocrx_word' id='word_1_254' title='bbox 539 1301 613 1329; x_wconf 90' lang='lat' dir='ltr'><strong>omni</strong></span> <span class='ocrx_word' id='word_1_255' title='bbox 629 1301 733 1329; x_wconf 88' lang='lat' dir='ltr'><strong>honore</strong></span> <span class='ocrx_word' id='word_1_256' title='bbox 745 1300 947 1334; x_wconf 76' lang='lat' dir='ltr'><strong>dignissimam.</strong></span> 
     </span>
    </p>
   </div>
   <div class='ocr_carea' id='block_1_47' title="bbox 311 1344 1062 1380">
    <p class='ocr_par' dir='ltr' id='par_1_47' title="bbox 311 1344 1062 1380">
     <span class='ocr_line' id='line_1_47' title="bbox 311 1344 1062 1380; baseline -0.004 -6"><span class='ocrx_word' id='word_1_257' title='bbox 311 1347 435 1376; x_wconf 74' lang='lat' dir='ltr'><strong>Geriitrix</strong></span> <span class='ocrx_word' id='word_1_258' title='bbox 460 1347 519 1380; x_wconf 90' lang='lat' dir='ltr'><strong>Dei,</strong></span> <span class='ocrx_word' id='word_1_259' title='bbox 544 1346 588 1375; x_wconf 85' lang='lat' dir='ltr'><strong>l&#39;ac</strong></span> <span class='ocrx_word' id='word_1_260' title='bbox 610 1354 661 1374; x_wconf 88' lang='lat' dir='ltr'><strong>nos</strong></span> <span class='ocrx_word' id='word_1_261' title='bbox 682 1345 781 1380; x_wconf 85' lang='lat' dir='ltr'><strong>templa</strong></span> <span class='ocrx_word' id='word_1_262' title='bbox 798 1345 843 1373; x_wconf 88' lang='lat' dir='ltr'><strong>Dei</strong></span> <span class='ocrx_word' id='word_1_263' title='bbox 865 1346 912 1380; x_wconf 85' lang='lat' dir='ltr'><strong>qui</strong></span> <span class='ocrx_word' id='word_1_264' title='bbox 928 1344 1062 1372; x_wconf 85' lang='lat' dir='ltr'><strong>habitarit</strong></span> 
     </span>
    </p>
   </div>
   <div class='ocr_carea' id='block_1_48' title="bbox 276 1389 1059 1426">
    <p class='ocr_par' dir='ltr' id='par_1_48' title="bbox 276 1389 1059 1426">
     <span class='ocr_line' id='line_1_48' title="bbox 276 1389 1059 1426; baseline -0.006 -5"><span class='ocrx_word' id='word_1_265' title='bbox 276 1393 305 1421; x_wconf 90' lang='lat' dir='ltr'><strong>in</strong></span> <span class='ocrx_word' id='word_1_266' title='bbox 318 1397 354 1426; x_wconf 85' lang='lat' dir='ltr'><strong>te,</strong></span> <span class='ocrx_word' id='word_1_267' title='bbox 368 1393 432 1420; x_wconf 90' lang='lat' dir='ltr'><strong>dum</strong></span> <span class='ocrx_word' id='word_1_268' title='bbox 448 1397 474 1420; x_wconf 90' lang='lat' dir='ltr'><strong>te</strong></span> <span class='ocrx_word' id='word_1_269' title='bbox 489 1393 516 1420; x_wconf 92' lang='lat' dir='ltr'><strong>in</strong></span> <span class='ocrx_word' id='word_1_270' title='bbox 532 1392 632 1426; x_wconf 87' lang='lat' dir='ltr'><strong>templo</strong></span> <span class='ocrx_word' id='word_1_271' title='bbox 647 1395 694 1419; x_wconf 91' lang='lat' dir='ltr'><strong>tuo</strong></span> <span class='ocrx_word' id='word_1_272' title='bbox 708 1391 801 1419; x_wconf 84' lang='lat' dir='ltr'><strong>divino</strong></span> <span class='ocrx_word' id='word_1_273' title='bbox 816 1398 877 1418; x_wconf 76' lang='lat' dir='ltr'><strong>tum</strong></span> <span class='ocrx_word' id='word_1_274' title='bbox 892 1390 945 1418; x_wconf 81' lang='lat' dir='ltr'><strong>ﬁde</strong></span> <span class='ocrx_word' id='word_1_275' title='bbox 955 1389 1059 1424; x_wconf 84' lang='lat' dir='ltr'><strong>gloriﬁ-</strong></span> 
     </span>
    </p>
   </div>
   <div class='ocr_carea' id='block_1_49' title="bbox 276 1446 381 1467">
    <p class='ocr_par' dir='ltr' id='par_1_49' title="bbox 276 1446 381 1467">
     <span class='ocr_line' id='line_1_49' title="bbox 276 1446 381 1467; baseline -0.01 0"><span class='ocrx_word' id='word_1_276' title='bbox 276 1446 381 1467; x_wconf 85' lang='lat' dir='ltr'><strong>camus.</strong></span> 
     </span>
    </p>
   </div>
   <div class='ocr_carea' id='block_1_50' title="bbox 610 1483 722 1512">
    <p class='ocr_par' dir='ltr' id='par_1_50' title="bbox 610 1483 722 1512">
     <span class='ocr_line' id='line_1_50' title="bbox 610 1483 722 1512; baseline -0.027 0"><span class='ocrx_word' id='word_1_277' title='bbox 610 1483 668 1512; x_wconf 89' lang='lat' dir='ltr'><strong>Ode</strong></span> <span class='ocrx_word' id='word_1_278' title='bbox 694 1483 722 1510; x_wconf 81' lang='lat'><strong>6.</strong></span> 
     </span>
    </p>
   </div>
   <div class='ocr_carea' id='block_1_51' title="bbox 311 1515 1096 1565">
    <p class='ocr_par' dir='ltr' id='par_1_51' title="bbox 311 1515 1096 1565">
     <span class='ocr_line' id='line_1_51' title="bbox 311 1515 1096 1565; baseline -0.006 -7"><span class='ocrx_word' id='word_1_279' title='bbox 311 1529 551 1565; x_wconf 79' lang='lat' dir='ltr'><strong>lnexpugnanilem</strong></span> <span class='ocrx_word' id='word_1_280' title='bbox 573 1533 703 1563; x_wconf 81' lang='lat' dir='ltr'><strong>tanquam</strong></span> <span class='ocrx_word' id='word_1_281' title='bbox 727 1535 847 1560; x_wconf 90' lang='lat' dir='ltr'><strong>murum,</strong></span> <span class='ocrx_word' id='word_1_282' title='bbox 866 1534 882 1553; x_wconf 84' lang='grc' dir='ltr'><strong>ο</strong></span> <span class='ocrx_word' id='word_1_283' title='bbox 899 1526 983 1554; x_wconf 81' lang='lat' dir='ltr'><strong>Mater</strong></span> <span class='ocrx_word' id='word_1_284' title='bbox 1000 1534 1061 1554; x_wconf 89' lang='lat' dir='ltr'><strong>om-</strong></span> <span class='ocrx_word' id='word_1_285' title='bbox 1074 1515 1096 1544; x_wconf 71' lang='grc' dir='ltr'><strong>ο</strong></span> 
     </span>
    </p>
   </div>
   <div class='ocr_carea' id='block_1_52' title="bbox 277 1572 1062 1610">
    <p class='ocr_par' dir='ltr' id='par_1_52' title="bbox 277 1572 1062 1610">
     <span class='ocr_line' id='line_1_52' title="bbox 277 1572 1062 1610; baseline -0.005 -7"><span class='ocrx_word' id='word_1_286' title='bbox 277 1576 353 1603; x_wconf 88' lang='lat' dir='ltr'><strong>nium</strong></span> <span class='ocrx_word' id='word_1_287' title='bbox 372 1574 454 1610; x_wconf 74' lang='lat' dir='ltr'><strong>Regis</strong></span> <span class='ocrx_word' id='word_1_288' title='bbox 477 1578 504 1602; x_wconf 88' lang='lat' dir='ltr'><strong>et</strong></span> <span class='ocrx_word' id='word_1_289' title='bbox 524 1573 645 1606; x_wconf 87' lang='lat' dir='ltr'><strong>Domini,</strong></span> <span class='ocrx_word' id='word_1_290' title='bbox 668 1573 768 1600; x_wconf 85' lang='lat' dir='ltr'><strong>dedisti</strong></span> <span class='ocrx_word' id='word_1_291' title='bbox 784 1573 923 1600; x_wconf 89' lang='lat' dir='ltr'><strong>civitatum</strong></span> <span class='ocrx_word' id='word_1_292' title='bbox 941 1572 1062 1600; x_wconf 89' lang='lat' dir='ltr'><strong>omnium</strong></span> 
     </span>
    </p>
   </div>
   <div class='ocr_carea' id='block_1_53' title="bbox 277 1618 980 1656">
    <p class='ocr_par' dir='ltr' id='par_1_53' title="bbox 277 1618 980 1656">
     <span class='ocr_line' id='line_1_53' title="bbox 277 1618 980 1656; baseline -0.007 -7"><span class='ocrx_word' id='word_1_293' title='bbox 277 1621 379 1656; x_wconf 64' lang='lat' dir='ltr'><strong>reginae</strong></span> <span class='ocrx_word' id='word_1_294' title='bbox 393 1624 495 1647; x_wconf 90' lang='lat' dir='ltr'><strong>vestem</strong></span> <span class='ocrx_word' id='word_1_295' title='bbox 511 1624 586 1646; x_wconf 84' lang='lat' dir='ltr'><strong>tuam</strong></span> <span class='ocrx_word' id='word_1_296' title='bbox 601 1623 723 1646; x_wconf 89' lang='lat' dir='ltr'><strong>sanctam</strong></span> <span class='ocrx_word' id='word_1_297' title='bbox 743 1625 775 1645; x_wconf 90' lang='lat' dir='ltr'><strong>ac</strong></span> <span class='ocrx_word' id='word_1_298' title='bbox 786 1618 980 1645; x_wconf 86' lang='lat' dir='ltr'><strong>venerabilem.</strong></span> 
     </span>
    </p>
   </div>
   <div class='ocr_carea' id='block_1_54' title="bbox 314 1662 1064 1700">
    <p class='ocr_par' dir='ltr' id='par_1_54' title="bbox 314 1662 1064 1700">
     <span class='ocr_line' id='line_1_54' title="bbox 314 1662 1064 1700; baseline -0.005 -6"><span class='ocrx_word' id='word_1_299' title='bbox 314 1667 372 1694; x_wconf 83' lang='lat' dir='ltr'><strong>Nos</strong></span> <span class='ocrx_word' id='word_1_300' title='bbox 385 1665 546 1700; x_wconf 73' lang='lat' dir='ltr'><strong>gaudentes,</strong></span> <span class='ocrx_word' id='word_1_301' title='bbox 567 1662 684 1698; x_wconf 72' lang='lat' dir='ltr'><strong>Virginis</strong></span> <span class='ocrx_word' id='word_1_302' title='bbox 694 1663 810 1698; x_wconf 79' lang='lat' dir='ltr'><strong>gratiam</strong></span> <span class='ocrx_word' id='word_1_303' title='bbox 824 1663 1021 1698; x_wconf 83' lang='lat' dir='ltr'><strong>gloriﬁcemus,</strong></span> <span class='ocrx_word' id='word_1_304' title='bbox 1031 1669 1064 1690; x_wconf 89' lang='lat' dir='ltr'><strong>ac</strong></span> 
     </span>
    </p>
   </div>
   <div class='ocr_carea' id='block_1_55' title="bbox 278 1709 1062 1742">
    <p class='ocr_par' dir='ltr' id='par_1_55' title="bbox 278 1709 1062 1742">
     <span class='ocr_line' id='line_1_55' title="bbox 278 1709 1062 1742; baseline -0.008 -3"><span class='ocrx_word' id='word_1_305' title='bbox 278 1711 482 1739; x_wconf 83' lang='lat' dir='ltr'><strong>sanctissimam</strong></span> <span class='ocrx_word' id='word_1_306' title='bbox 497 1709 571 1736; x_wconf 87' lang='lat' dir='ltr'><strong>illius</strong></span> <span class='ocrx_word' id='word_1_307' title='bbox 585 1713 689 1736; x_wconf 84' lang='lat' dir='ltr'><strong>vestem</strong></span> <span class='ocrx_word' id='word_1_308' title='bbox 703 1715 876 1739; x_wconf 84' lang='lat' dir='ltr'><strong>veneremur,</strong></span> <span class='ocrx_word' id='word_1_309' title='bbox 890 1714 923 1735; x_wconf 80' lang='lat' dir='ltr'><strong>ex</strong></span> <span class='ocrx_word' id='word_1_310' title='bbox 935 1714 989 1742; x_wconf 88' lang='lat' dir='ltr'><strong>qua</strong></span> <span class='ocrx_word' id='word_1_311' title='bbox 1001 1714 1062 1735; x_wconf 89' lang='lat' dir='ltr'><strong>om-</strong></span> 
     </span>
    </p>
   </div>
   <div class='ocr_carea' id='block_1_56' title="bbox 278 1753 1061 1785">
    <p class='ocr_par' dir='ltr' id='par_1_56' title="bbox 278 1753 1061 1785">
     <span class='ocr_line' id='line_1_56' title="bbox 278 1753 1061 1785; baseline -0.006 -1"><span class='ocrx_word' id='word_1_312' title='bbox 278 1756 324 1785; x_wconf 85' lang='lat' dir='ltr'><strong>nis</strong></span> <span class='ocrx_word' id='word_1_313' title='bbox 336 1756 441 1784; x_wconf 84' lang='lat' dir='ltr'><strong>sanitas</strong></span> <span class='ocrx_word' id='word_1_314' title='bbox 455 1761 488 1782; x_wconf 82' lang='lat' dir='ltr'><strong>ac</strong></span> <span class='ocrx_word' id='word_1_315' title='bbox 502 1754 588 1781; x_wconf 87' lang='lat' dir='ltr'><strong>robur</strong></span> <span class='ocrx_word' id='word_1_316' title='bbox 603 1753 699 1780; x_wconf 87' lang='lat' dir='ltr'><strong>morbo</strong></span> <span class='ocrx_word' id='word_1_317' title='bbox 713 1753 903 1780; x_wconf 83' lang='lat' dir='ltr'><strong>laborantibus</strong></span> <span class='ocrx_word' id='word_1_318' title='bbox 918 1753 1061 1781; x_wconf 86' lang='lat' dir='ltr'><strong>incessan-</strong></span> 
     </span>
    </p>
   </div>
   <div class='ocr_carea' id='block_1_57' title="bbox 275 1805 488 1836">
    <p class='ocr_par' dir='ltr' id='par_1_57' title="bbox 275 1805 488 1836">
     <span class='ocr_line' id='line_1_57' title="bbox 275 1805 488 1836; baseline -0.005 -7"><span class='ocrx_word' id='word_1_319' title='bbox 275 1806 319 1829; x_wconf 73' lang='lat' dir='ltr'><strong>ter</strong></span> <span class='ocrx_word' id='word_1_320' title='bbox 335 1805 488 1836; x_wconf 84' lang='lat' dir='ltr'><strong>promanat.</strong></span> 
     </span>
    </p>
   </div>
   <div class='ocr_carea' id='block_1_58' title="bbox 1148 1342 1895 1378">
    <p class='ocr_par' dir='ltr' id='par_1_58' title="bbox 1148 1342 1895 1378">
     <span class='ocr_line' id='line_1_58' title="bbox 1148 1342 1895 1378; baseline -0.003 -8"><span class='ocrx_word' id='word_1_321' title='bbox 1148 1343 1239 1375; x_wconf 85' lang='grc' dir='ltr'>Ναοὺς</span> <span class='ocrx_word' id='word_1_322' title='bbox 1263 1343 1337 1378; x_wconf 77' lang='grc' dir='ltr'>ἡμᾶς</span> <span class='ocrx_word' id='word_1_323' title='bbox 1353 1342 1422 1370; x_wconf 80' lang='grc' dir='ltr'>Θεοῦ</span> <span class='ocrx_word' id='word_1_324' title='bbox 1442 1342 1490 1369; x_wconf 78' lang='grc' dir='ltr'>τοῦ</span> <span class='ocrx_word' id='word_1_325' title='bbox 1510 1342 1540 1370; x_wconf 80' lang='grc' dir='ltr'><strong>ὲν</strong></span> <span class='ocrx_word' id='word_1_326' title='bbox 1555 1343 1596 1369; x_wconf 83' lang='grc' dir='ltr'><strong>σοὶ</strong></span> <span class='ocrx_word' id='word_1_327' title='bbox 1618 1342 1810 1378; x_wconf 80' lang='grc' dir='ltr'>ὲνοικήσαντος</span> <span class='ocrx_word' id='word_1_328' title='bbox 1833 1343 1895 1368; x_wconf 77' lang='grc' dir='ltr'><strong>ἀνά-</strong></span> 
     </span>
    </p>
   </div>
   <div class='ocr_carea' id='block_1_59' title="bbox 1113 1387 1898 1423">
    <p class='ocr_par' dir='ltr' id='par_1_59' title="bbox 1113 1387 1898 1423">
     <span class='ocr_line' id='line_1_59' title="bbox 1113 1387 1898 1423; baseline -0.001 -8"><span class='ocrx_word' id='word_1_329' title='bbox 1113 1389 1216 1422; x_wconf 78' lang='grc' dir='ltr'>δειξον,</span> <span class='ocrx_word' id='word_1_330' title='bbox 1232 1389 1347 1415; x_wconf 82' lang='grc' dir='ltr'>Θεοτόκε</span> <span class='ocrx_word' id='word_1_331' title='bbox 1358 1408 1365 1421; x_wconf 93' lang='grc'>,</span> <span class='ocrx_word' id='word_1_332' title='bbox 1383 1389 1447 1420; x_wconf 82' lang='grc' dir='ltr'>τοὺς</span> <span class='ocrx_word' id='word_1_333' title='bbox 1467 1388 1507 1423; x_wconf 82' lang='grc' dir='ltr'>τῷ</span> <span class='ocrx_word' id='word_1_334' title='bbox 1523 1388 1588 1423; x_wconf 83' lang='grc' dir='ltr'>θείῳ</span> <span class='ocrx_word' id='word_1_335' title='bbox 1612 1387 1669 1423; x_wconf 87' lang='grc' dir='ltr'>ναῷ</span> <span class='ocrx_word' id='word_1_336' title='bbox 1684 1396 1732 1414; x_wconf 88' lang='grc' dir='ltr'><strong>σου</strong></span> <span class='ocrx_word' id='word_1_337' title='bbox 1748 1387 1853 1419; x_wconf 81' lang='grc' dir='ltr'>πιστῶς</span> <span class='ocrx_word' id='word_1_338' title='bbox 1867 1396 1898 1414; x_wconf 81' lang='grc' dir='ltr'><strong>σε</strong></span> 
     </span>
    </p>
   </div>
   <div class='ocr_carea' id='block_1_60' title="bbox 1115 1433 1326 1469">
    <p class='ocr_par' dir='ltr' id='par_1_60' title="bbox 1115 1433 1326 1469">
     <span class='ocr_line' id='line_1_60' title="bbox 1115 1433 1326 1469; baseline -0.005 -8"><span class='ocrx_word' id='word_1_339' title='bbox 1115 1433 1326 1469; x_wconf 72' lang='grc' dir='ltr'>μακαρίζοντας.</span> 
     </span>
    </p>
   </div>
   <div class='ocr_carea' id='block_1_61' title="bbox 1452 1478 1569 1515">
    <p class='ocr_par' dir='ltr' id='par_1_61' title="bbox 1452 1478 1569 1515">
     <span class='ocr_line' id='line_1_61' title="bbox 1452 1478 1569 1515; baseline -0.026 0"><span class='ocrx_word' id='word_1_340' title='bbox 1452 1479 1513 1515; x_wconf 59' lang='lat' dir='ltr'><strong>an</strong></span> <span class='ocrx_word' id='word_1_341' title='bbox 1531 1478 1569 1512; x_wconf 85' lang='grc' dir='ltr'><strong>ς’-</strong></span> 
     </span>
    </p>
   </div>
   <div class='ocr_carea' id='block_1_62' title="bbox 1154 1524 1897 1562">
    <p class='ocr_par' dir='ltr' id='par_1_62' title="bbox 1154 1524 1897 1562">
     <span class='ocr_line' id='line_1_62' title="bbox 1154 1524 1897 1562; baseline -0.004 -9"><span class='ocrx_word' id='word_1_342' title='bbox 1154 1526 1305 1558; x_wconf 80' lang='grc' dir='ltr'>Ἀνέδειξας</span> <span class='ocrx_word' id='word_1_343' title='bbox 1330 1528 1363 1562; x_wconf 84' lang='grc' dir='ltr'>τῇ</span> <span class='ocrx_word' id='word_1_344' title='bbox 1386 1525 1483 1552; x_wconf 83' lang='grc' dir='ltr'>πασῶν</span> <span class='ocrx_word' id='word_1_345' title='bbox 1515 1525 1631 1560; x_wconf 77' lang='grc' dir='ltr'><strong>βασιλίδι</strong></span> <span class='ocrx_word' id='word_1_346' title='bbox 1657 1524 1712 1551; x_wconf 85' lang='grc' dir='ltr'>τῶν</span> <span class='ocrx_word' id='word_1_347' title='bbox 1738 1524 1860 1557; x_wconf 69' lang='grc' dir='ltr'><strong>πιῖλεων,</strong></span> <span class='ocrx_word' id='word_1_348' title='bbox 1879 1525 1897 1559; x_wconf 73' lang='grc' dir='ltr'>ἡ</span> 
     </span>
    </p>
   </div>
   <div class='ocr_carea' id='block_1_63' title="bbox 1113 1570 1897 1606">
    <p class='ocr_par' dir='ltr' id='par_1_63' title="bbox 1113 1570 1897 1606">
     <span class='ocr_line' id='line_1_63' title="bbox 1113 1570 1897 1606; baseline -0.003 -8"><span class='ocrx_word' id='word_1_349' title='bbox 1113 1571 1231 1599; x_wconf 81' lang='grc' dir='ltr'>τεκοῦσα</span> <span class='ocrx_word' id='word_1_350' title='bbox 1248 1571 1369 1598; x_wconf 83' lang='grc' dir='ltr'>Βασιλέα</span> <span class='ocrx_word' id='word_1_351' title='bbox 1384 1571 1439 1598; x_wconf 84' lang='grc' dir='ltr'>τῶν</span> <span class='ocrx_word' id='word_1_352' title='bbox 1451 1570 1520 1598; x_wconf 82' lang='grc' dir='ltr'><strong>ὅλων</strong></span> <span class='ocrx_word' id='word_1_353' title='bbox 1533 1572 1580 1598; x_wconf 72' lang='grc' dir='ltr'>καὶ</span> <span class='ocrx_word' id='word_1_354' title='bbox 1596 1571 1708 1606; x_wconf 79' lang='grc' dir='ltr'><strong>Κύριον,</strong></span> <span class='ocrx_word' id='word_1_355' title='bbox 1724 1570 1845 1606; x_wconf 80' lang='grc' dir='ltr'>ἀρῤαγὲς</span> <span class='ocrx_word' id='word_1_356' title='bbox 1859 1570 1897 1601; x_wconf 82' lang='grc' dir='ltr'>ὡς</span> 
     </span>
    </p>
   </div>
   <div class='ocr_carea' id='block_1_64' title="bbox 1112 1616 1729 1653">
    <p class='ocr_par' dir='ltr' id='par_1_64' title="bbox 1112 1616 1729 1653">
     <span class='ocr_line' id='line_1_64' title="bbox 1112 1616 1729 1653; baseline -0.002 -9"><span class='ocrx_word' id='word_1_357' title='bbox 1112 1618 1201 1652; x_wconf 79' lang='grc' dir='ltr'>τεῖχος</span> <span class='ocrx_word' id='word_1_358' title='bbox 1215 1617 1265 1653; x_wconf 80' lang='grc' dir='ltr'>τὴν</span> <span class='ocrx_word' id='word_1_359' title='bbox 1279 1617 1381 1652; x_wconf 82' lang='grc' dir='ltr'>σεπτὴν</span> <span class='ocrx_word' id='word_1_360' title='bbox 1396 1617 1443 1644; x_wconf 75' lang='grc' dir='ltr'>καὶ</span> <span class='ocrx_word' id='word_1_361' title='bbox 1455 1618 1536 1651; x_wconf 76' lang='grc' dir='ltr'>ἁγίαν</span> <span class='ocrx_word' id='word_1_362' title='bbox 1551 1616 1655 1651; x_wconf 73' lang='grc' dir='ltr'>ἐσθῆτά</span> <span class='ocrx_word' id='word_1_363' title='bbox 1672 1625 1729 1643; x_wconf 76' lang='grc' dir='ltr'>σου.</span> 
     </span>
    </p>
   </div>
   <div class='ocr_carea' id='block_1_65' title="bbox 1147 1656 1897 1698">
    <p class='ocr_par' dir='ltr' id='par_1_65' title="bbox 1147 1656 1897 1698">
     <span class='ocr_line' id='line_1_65' title="bbox 1147 1656 1897 1698; baseline -0.003 -9"><span class='ocrx_word' id='word_1_364' title='bbox 1147 1656 1295 1698; x_wconf 71' lang='grc' dir='ltr'>Γηοόμενοι</span> <span class='ocrx_word' id='word_1_365' title='bbox 1320 1663 1371 1697; x_wconf 83' lang='grc' dir='ltr'>τῆς</span> <span class='ocrx_word' id='word_1_366' title='bbox 1397 1662 1537 1698; x_wconf 80' lang='grc' dir='ltr'>Παρθένου</span> <span class='ocrx_word' id='word_1_367' title='bbox 1555 1663 1605 1697; x_wconf 87' lang='grc' dir='ltr'>τὴν</span> <span class='ocrx_word' id='word_1_368' title='bbox 1622 1662 1702 1697; x_wconf 83' lang='grc' dir='ltr'>χάριν</span> <span class='ocrx_word' id='word_1_369' title='bbox 1728 1661 1897 1696; x_wconf 78' lang='grc' dir='ltr'>δοξάσωμεν,</span> 
     </span>
    </p>
   </div>
   <div class='ocr_carea' id='block_1_66' title="bbox 1113 1706 1899 1744">
    <p class='ocr_par' dir='ltr' id='par_1_66' title="bbox 1113 1706 1899 1744">
     <span class='ocr_line' id='line_1_66' title="bbox 1113 1706 1899 1744; baseline -0.001 -9"><span class='ocrx_word' id='word_1_370' title='bbox 1113 1708 1160 1736; x_wconf 70' lang='grc' dir='ltr'>καὶ</span> <span class='ocrx_word' id='word_1_371' title='bbox 1175 1709 1226 1743; x_wconf 81' lang='grc' dir='ltr'><strong>τὴν</strong></span> <span class='ocrx_word' id='word_1_372' title='bbox 1243 1708 1344 1743; x_wconf 80' lang='grc' dir='ltr'>ταύτης</span> <span class='ocrx_word' id='word_1_373' title='bbox 1359 1708 1497 1742; x_wconf 73' lang='grc' dir='ltr'>παναγίαν</span> <span class='ocrx_word' id='word_1_374' title='bbox 1512 1708 1613 1743; x_wconf 71' lang='grc' dir='ltr'>ἐσθῆτα</span> <span class='ocrx_word' id='word_1_375' title='bbox 1628 1708 1800 1743; x_wconf 79' lang='grc' dir='ltr'>τιμήσωμεν,</span> <span class='ocrx_word' id='word_1_376' title='bbox 1822 1709 1852 1740; x_wconf 76' lang='grc' dir='ltr'><strong>ἐξ</strong></span> <span class='ocrx_word' id='word_1_377' title='bbox 1865 1706 1899 1744; x_wconf 75' lang='grc' dir='ltr'>ἧς</span> 
     </span>
    </p>
   </div>
   <div class='ocr_carea' id='block_1_67' title="bbox 1116 1754 1816 1789">
    <p class='ocr_par' dir='ltr' id='par_1_67' title="bbox 1116 1754 1816 1789">
     <span class='ocr_line' id='line_1_67' title="bbox 1116 1754 1816 1789; baseline -0.001 -8"><span class='ocrx_word' id='word_1_378' title='bbox 1116 1755 1192 1781; x_wconf 80' lang='grc' dir='ltr'>πᾶσα</span> <span class='ocrx_word' id='word_1_379' title='bbox 1206 1754 1290 1789; x_wconf 80' lang='grc' dir='ltr'><strong>ρὦις</strong></span> <span class='ocrx_word' id='word_1_380' title='bbox 1304 1754 1465 1781; x_wconf 73' lang='grc' dir='ltr'>ἀσθενοῦσιν</span> <span class='ocrx_word' id='word_1_381' title='bbox 1480 1755 1626 1786; x_wconf 81' lang='grc' dir='ltr'>ἀπαύστως</span> <span class='ocrx_word' id='word_1_382' title='bbox 1642 1754 1816 1789; x_wconf 82' lang='grc' dir='ltr'>προέρχεται.</span> 
     </span>
    </p>
   </div>
   <div class='ocr_carea' id='block_1_68' title="bbox 312 1836 1899 1882">
    <p class='ocr_par' dir='ltr' id='par_1_68' title="bbox 312 1836 1899 1882">
     <span class='ocr_line' id='line_1_68' title="bbox 312 1836 1899 1882; baseline 0 -8"><span class='ocrx_word' id='word_1_383' title='bbox 312 1847 509 1875; x_wconf 79' lang='lat' dir='ltr'><strong>luexhaustum</strong></span> <span class='ocrx_word' id='word_1_384' title='bbox 532 1853 665 1881; x_wconf 86' lang='lat' dir='ltr'><strong>aquarum</strong></span> <span class='ocrx_word' id='word_1_385' title='bbox 691 1846 814 1874; x_wconf 88' lang='lat' dir='ltr'><strong>vitalium</strong></span> <span class='ocrx_word' id='word_1_386' title='bbox 839 1845 940 1874; x_wconf 84' lang='lat' dir='ltr'><strong>l‘ontem</strong></span> <span class='ocrx_word' id='word_1_387' title='bbox 969 1851 994 1873; x_wconf 92' lang='lat' dir='ltr'><strong>te</strong></span> <span class='ocrx_word' id='word_1_388' title='bbox 1010 1846 1147 1878; x_wconf 88' lang='lat' dir='ltr'><strong>novimus,</strong></span> <span class='ocrx_word' id='word_1_389' title='bbox 1181 1853 1198 1873; x_wconf 86' lang='grc' dir='ltr'>ο</span> <span class='ocrx_word' id='word_1_390' title='bbox 1214 1845 1338 1881; x_wconf 86' lang='lat' dir='ltr'><strong>Deipara,</strong></span> <span class='ocrx_word' id='word_1_391' title='bbox 1372 1851 1500 1882; x_wconf 87' lang='lat' dir='ltr'><strong>tuamque</strong></span> <span class='ocrx_word' id='word_1_392' title='bbox 1537 1836 1674 1873; x_wconf 65' lang='lat' dir='ltr'><strong>divinam~</strong></span> <span class='ocrx_word' id='word_1_393' title='bbox 1697 1851 1800 1874; x_wconf 80' lang='lat' dir='ltr'><strong>vestem</strong></span> <span class='ocrx_word' id='word_1_394' title='bbox 1818 1854 1899 1874; x_wconf 86' lang='lat' dir='ltr'><strong>vene-</strong></span> 
     </span>
    </p>
   </div>
   <div class='ocr_carea' id='block_1_69' title="bbox 275 1894 1233 1930">
    <p class='ocr_par' dir='ltr' id='par_1_69' title="bbox 275 1894 1233 1930">
     <span class='ocr_line' id='line_1_69' title="bbox 275 1894 1233 1930; baseline -0.003 -7"><span class='ocrx_word' id='word_1_395' title='bbox 275 1903 384 1928; x_wconf 69' lang='lat' dir='ltr'><strong>ramur,</strong></span> <span class='ocrx_word' id='word_1_396' title='bbox 406 1903 440 1923; x_wconf 81' lang='lat' dir='ltr'><strong>ex</strong></span> <span class='ocrx_word' id='word_1_397' title='bbox 464 1901 518 1930; x_wconf 91' lang='lat' dir='ltr'><strong>qua</strong></span> <span class='ocrx_word' id='word_1_398' title='bbox 543 1902 593 1922; x_wconf 89' lang='lat' dir='ltr'><strong>nos</strong></span> <span class='ocrx_word' id='word_1_399' title='bbox 617 1894 709 1922; x_wconf 85' lang='lat' dir='ltr'><strong>ﬁdeles</strong></span> <span class='ocrx_word' id='word_1_400' title='bbox 732 1894 854 1930; x_wconf 85' lang='lat' dir='ltr'><strong>quotidie</strong></span> <span class='ocrx_word' id='word_1_401' title='bbox 880 1894 1062 1922; x_wconf 88' lang='lat' dir='ltr'><strong>medicamina</strong></span> <span class='ocrx_word' id='word_1_402' title='bbox 1080 1894 1233 1921; x_wconf 87' lang='lat' dir='ltr'><strong>haurimus.</strong></span> 
     </span>
    </p>
   </div>
   <div class='ocr_carea' id='block_1_70' title="bbox 314 1941 1062 1976">
    <p class='ocr_par' dir='ltr' id='par_1_70' title="bbox 314 1941 1062 1976">
     <span class='ocr_line' id='line_1_70' title="bbox 314 1941 1062 1976; baseline -0.001 -7"><span class='ocrx_word' id='word_1_403' title='bbox 314 1942 500 1970; x_wconf 87' lang='lat' dir='ltr'><strong>Substantiam</strong></span> <span class='ocrx_word' id='word_1_404' title='bbox 514 1941 654 1969; x_wconf 84' lang='lat' dir='ltr'><strong>hominum</strong></span> <span class='ocrx_word' id='word_1_405' title='bbox 669 1941 721 1969; x_wconf 84' lang='lat' dir='ltr'><strong>sibi</strong></span> <span class='ocrx_word' id='word_1_406' title='bbox 738 1941 790 1976; x_wconf 89' lang='lat' dir='ltr'><strong>ipsi</strong></span> <span class='ocrx_word' id='word_1_407' title='bbox 801 1941 979 1969; x_wconf 86' lang='lat' dir='ltr'><strong>domesticam</strong></span> <span class='ocrx_word' id='word_1_408' title='bbox 997 1941 1062 1968; x_wconf 83' lang='lat' dir='ltr'><strong>fecit</strong></span> 
     </span>
    </p>
   </div>
   <div class='ocr_carea' id='block_1_71' title="bbox 278 1986 1061 2022">
    <p class='ocr_par' dir='ltr' id='par_1_71' title="bbox 278 1986 1061 2022">
     <span class='ocr_line' id='line_1_71' title="bbox 278 1986 1061 2022; baseline 0 -8"><span class='ocrx_word' id='word_1_409' title='bbox 278 1987 420 2020; x_wconf 87' lang='lat' dir='ltr'><strong>Dominus,</strong></span> <span class='ocrx_word' id='word_1_410' title='bbox 441 1987 570 2014; x_wconf 84' lang='lat' dir='ltr'><strong>habitans</strong></span> <span class='ocrx_word' id='word_1_411' title='bbox 595 1987 621 2014; x_wconf 94' lang='lat' dir='ltr'><strong>in</strong></span> <span class='ocrx_word' id='word_1_412' title='bbox 646 1991 681 2019; x_wconf 91' lang='lat' dir='ltr'><strong>te,</strong></span> <span class='ocrx_word' id='word_1_413' title='bbox 704 1994 720 2014; x_wconf 90' lang='grc' dir='ltr'><strong>ο</strong></span> <span class='ocrx_word' id='word_1_414' title='bbox 745 1986 870 2022; x_wconf 89' lang='lat' dir='ltr'><strong>Deipara,</strong></span> <span class='ocrx_word' id='word_1_415' title='bbox 897 1994 1061 2021; x_wconf 88' lang='lat' dir='ltr'><strong>omnemque</strong></span> 
     </span>
    </p>
   </div>
   <div class='ocr_carea' id='block_1_72' title="bbox 278 2032 826 2062">
    <p class='ocr_par' dir='ltr' id='par_1_72' title="bbox 278 2032 826 2062">
     <span class='ocr_line' id='line_1_72' title="bbox 278 2032 826 2062; baseline -0.005 0"><span class='ocrx_word' id='word_1_416' title='bbox 278 2035 364 2062; x_wconf 78' lang='lat' dir='ltr'><strong>hostia</strong></span> <span class='ocrx_word' id='word_1_417' title='bbox 377 2034 515 2061; x_wconf 62' lang='lat' dir='ltr'><strong>laesionem</strong></span> <span class='ocrx_word' id='word_1_418' title='bbox 528 2032 563 2060; x_wconf 87' lang='lat' dir='ltr'><strong>ab</strong></span> <span class='ocrx_word' id='word_1_419' title='bbox 575 2039 607 2060; x_wconf 86' lang='lat' dir='ltr'><strong>eo</strong></span> <span class='ocrx_word' id='word_1_420' title='bbox 623 2033 826 2060; x_wconf 75' lang='lat' dir='ltr'><strong>exterminavit.</strong></span> 
     </span>
    </p>
   </div>
   <div class='ocr_carea' id='block_1_73' title="bbox 616 2087 719 2115">
    <p class='ocr_par' dir='ltr' id='par_1_73' title="bbox 616 2087 719 2115">
     <span class='ocr_line' id='line_1_73' title="bbox 616 2087 719 2115; baseline 0 0"><span class='ocrx_word' id='word_1_421' title='bbox 616 2087 673 2115; x_wconf 89' lang='lat' dir='ltr'><strong>Ode</strong></span> <span class='ocrx_word' id='word_1_422' title='bbox 693 2089 719 2115; x_wconf 89' lang='lat'><strong>7.</strong></span> 
     </span>
    </p>
   </div>
   <div class='ocr_carea' id='block_1_74' title="bbox 315 2133 1060 2170">
    <p class='ocr_par' dir='ltr' id='par_1_74' title="bbox 315 2133 1060 2170">
     <span class='ocr_line' id='line_1_74' title="bbox 315 2133 1060 2170; baseline -0.003 -7"><span class='ocrx_word' id='word_1_423' title='bbox 315 2135 449 2170; x_wconf 80' lang='lat' dir='ltr'><strong>Depresso</strong></span> <span class='ocrx_word' id='word_1_424' title='bbox 465 2139 547 2169; x_wconf 86' lang='lat' dir='ltr'><strong>atque</strong></span> <span class='ocrx_word' id='word_1_425' title='bbox 562 2133 658 2161; x_wconf 88' lang='lat' dir='ltr'><strong>humili</strong></span> <span class='ocrx_word' id='word_1_426' title='bbox 675 2134 768 2166; x_wconf 87' lang='lat' dir='ltr'><strong>corde,</strong></span> <span class='ocrx_word' id='word_1_427' title='bbox 783 2139 927 2169; x_wconf 87' lang='lat' dir='ltr'><strong>menteque</strong></span> <span class='ocrx_word' id='word_1_428' title='bbox 939 2134 1060 2167; x_wconf 87' lang='lat' dir='ltr'><strong>sublimi,</strong></span> 
     </span>
    </p>
   </div>
   <div class='ocr_carea' id='block_1_75' title="bbox 1157 1941 1900 1976">
    <p class='ocr_par' dir='ltr' id='par_1_75' title="bbox 1157 1941 1900 1976">
     <span class='ocr_line' id='line_1_75' title="bbox 1157 1941 1900 1976; baseline 0.003 -9"><span class='ocrx_word' id='word_1_429' title='bbox 1157 1942 1186 1967; x_wconf 90' lang='grc' dir='ltr'><strong>Ὀ</strong></span> <span class='ocrx_word' id='word_1_430' title='bbox 1207 1941 1308 1976; x_wconf 83' lang='grc' dir='ltr'>Κύριος</span> <span class='ocrx_word' id='word_1_431' title='bbox 1338 1941 1406 1976; x_wconf 76' lang='grc' dir='ltr'>μετὰ</span> <span class='ocrx_word' id='word_1_432' title='bbox 1425 1941 1493 1974; x_wconf 82' lang='grc' dir='ltr'>σοῦ,</span> <span class='ocrx_word' id='word_1_433' title='bbox 1519 1941 1653 1973; x_wconf 83' lang='grc' dir='ltr'>Θεοτόκε,</span> <span class='ocrx_word' id='word_1_434' title='bbox 1679 1941 1825 1976; x_wconf 78' lang='grc' dir='ltr'>γενόμενος</span> <span class='ocrx_word' id='word_1_435' title='bbox 1846 1942 1900 1969; x_wconf 81' lang='grc' dir='ltr'>τῶν</span> 
     </span>
    </p>
   </div>
   <div class='ocr_carea' id='block_1_76' title="bbox 1115 1986 1899 2022">
    <p class='ocr_par' dir='ltr' id='par_1_76' title="bbox 1115 1986 1899 2022">
     <span class='ocr_line' id='line_1_76' title="bbox 1115 1986 1899 2022; baseline 0.001 -10"><span class='ocrx_word' id='word_1_436' title='bbox 1115 1986 1266 2020; x_wconf 74' lang='grc' dir='ltr'>ἀνθρώπων</span> <span class='ocrx_word' id='word_1_437' title='bbox 1282 1986 1370 2021; x_wconf 80' lang='grc' dir='ltr'>ἑαυτῷ</span> <span class='ocrx_word' id='word_1_438' title='bbox 1379 1987 1428 2022; x_wconf 85' lang='grc' dir='ltr'><strong>τὴν</strong></span> <span class='ocrx_word' id='word_1_439' title='bbox 1440 1987 1533 2013; x_wconf 82' lang='grc' dir='ltr'>οὐσίαν</span> <span class='ocrx_word' id='word_1_440' title='bbox 1544 1986 1694 2021; x_wconf 80' lang='grc' dir='ltr'>ᾠκείωσεν,</span> <span class='ocrx_word' id='word_1_441' title='bbox 1705 1989 1752 2013; x_wconf 69' lang='grc' dir='ltr'>καὶ</span> <span class='ocrx_word' id='word_1_442' title='bbox 1761 1987 1808 2013; x_wconf 80' lang='grc' dir='ltr'>τοῦ</span> <span class='ocrx_word' id='word_1_443' title='bbox 1821 1987 1899 2013; x_wconf 83' lang='grc' dir='ltr'>ἀλλο-</span> 
     </span>
    </p>
   </div>
   <div class='ocr_carea' id='block_1_77' title="bbox 1114 2032 1717 2069">
    <p class='ocr_par' dir='ltr' id='par_1_77' title="bbox 1114 2032 1717 2069">
     <span class='ocr_line' id='line_1_77' title="bbox 1114 2032 1717 2069; baseline 0.003 -10"><span class='ocrx_word' id='word_1_444' title='bbox 1114 2040 1189 2059; x_wconf 69' lang='grc' dir='ltr'>τριου</span> <span class='ocrx_word' id='word_1_445' title='bbox 1209 2032 1239 2064; x_wconf 76' lang='grc' dir='ltr'>ἐξ</span> <span class='ocrx_word' id='word_1_446' title='bbox 1252 2032 1336 2067; x_wconf 78' lang='grc' dir='ltr'>αὐτῆς</span> <span class='ocrx_word' id='word_1_447' title='bbox 1353 2033 1444 2060; x_wconf 80' lang='grc' dir='ltr'>πᾶσαν</span> <span class='ocrx_word' id='word_1_448' title='bbox 1462 2032 1565 2068; x_wconf 76' lang='grc' dir='ltr'><strong>βλάὸην</strong></span> <span class='ocrx_word' id='word_1_449' title='bbox 1575 2033 1717 2069; x_wconf 73' lang='grc' dir='ltr'>ἐξώρισεν.</span> 
     </span>
    </p>
   </div>
   <div class='ocr_carea' id='block_1_78' title="bbox 1457 2088 1564 2125">
    <p class='ocr_par' dir='ltr' id='par_1_78' title="bbox 1457 2088 1564 2125">
     <span class='ocr_line' id='line_1_78' title="bbox 1457 2088 1564 2125; baseline -0.019 0"><span class='ocrx_word' id='word_1_450' title='bbox 1457 2089 1518 2125; x_wconf 75' lang='grc' dir='ltr'><strong>’ῼδὴ</strong></span> <span class='ocrx_word' id='word_1_451' title='bbox 1532 2088 1564 2122; x_wconf 75' lang='grc' dir='ltr'><strong>ζ’-</strong></span> 
     </span>
    </p>
   </div>
   <div class='ocr_carea' id='block_1_79' title="bbox 1155 2134 1899 2172">
    <p class='ocr_par' dir='ltr' id='par_1_79' title="bbox 1155 2134 1899 2172">
     <span class='ocr_line' id='line_1_79' title="bbox 1155 2134 1899 2172; baseline 0.001 -11"><span class='ocrx_word' id='word_1_452' title='bbox 1155 2134 1330 2170; x_wconf 70' lang='grc' dir='ltr'>Ὑψηλοτάτῳ</span> <span class='ocrx_word' id='word_1_453' title='bbox 1345 2135 1385 2162; x_wconf 75' lang='grc' dir='ltr'>νοῒ</span> <span class='ocrx_word' id='word_1_454' title='bbox 1401 2136 1447 2162; x_wconf 80' lang='grc' dir='ltr'>καὶ</span> <span class='ocrx_word' id='word_1_455' title='bbox 1462 2137 1577 2171; x_wconf 80' lang='grc' dir='ltr'>ταπεινῇ</span> <span class='ocrx_word' id='word_1_456' title='bbox 1591 2135 1690 2172; x_wconf 79' lang='grc' dir='ltr'>καρδίᾳ</span> <span class='ocrx_word' id='word_1_457' title='bbox 1704 2135 1750 2162; x_wconf 72' lang='grc' dir='ltr'><strong>τοῦ</strong></span> <span class='ocrx_word' id='word_1_458' title='bbox 1767 2135 1899 2170; x_wconf 76' lang='grc' dir='ltr'>βασιλέως</span> 
     </span>
    </p>
   </div>
   <div class='ocr_carea' id='block_1_80' title="bbox 279 2167 1062 2220">
    <p class='ocr_par' dir='ltr' id='par_1_80' title="bbox 279 2179 1061 2214">
     <span class='ocr_line' id='line_1_80' title="bbox 279 2179 1061 2214; baseline -0.004 -6"><span class='ocrx_word' id='word_1_459' title='bbox 279 2181 443 2208; x_wconf 79' lang='lat' dir='ltr'><strong>altissimum</strong></span> <span class='ocrx_word' id='word_1_460' title='bbox 459 2179 544 2214; x_wconf 75' lang='lat' dir='ltr'><strong>Regis</strong></span> <span class='ocrx_word' id='word_1_461' title='bbox 559 2179 687 2206; x_wconf 89' lang='lat' dir='ltr'><strong>thronum</strong></span> <span class='ocrx_word' id='word_1_462' title='bbox 700 2179 883 2213; x_wconf 86' lang='lat' dir='ltr'><strong>glorilicemus</strong></span> <span class='ocrx_word' id='word_1_463' title='bbox 896 2187 904 2211; x_wconf 90' lang='lat'><strong>;</strong></span> <span class='ocrx_word' id='word_1_464' title='bbox 918 2179 1061 2206; x_wconf 81' lang='lat' dir='ltr'><strong>sanctissi-</strong></span> 
     </span>
    </p>
   </div>
   <div class='ocr_carea' id='block_1_81' title="bbox 1112 2167 1899 2220">
    <p class='ocr_par' dir='ltr' id='par_1_81' title="bbox 1114 2167 1899 2220">
     <span class='ocr_line' id='line_1_81' title="bbox 1114 2167 1899 2220; baseline -0.001 -10"><span class='ocrx_word' id='word_1_465' title='bbox 1114 2167 1281 2219; x_wconf 67' lang='grc' dir='ltr'>ὑψηλύτατον</span> <span class='ocrx_word' id='word_1_466' title='bbox 1306 2167 1351 2211; x_wconf 75' lang='grc' dir='ltr'>τὸν</span> <span class='ocrx_word' id='word_1_467' title='bbox 1375 2185 1470 2220; x_wconf 76' lang='grc' dir='ltr'>θρόνον</span> <span class='ocrx_word' id='word_1_468' title='bbox 1502 2167 1659 2219; x_wconf 60' lang='grc' dir='ltr'>δοξασωμεν</span> <span class='ocrx_word' id='word_1_469' title='bbox 1678 2167 1735 2219; x_wconf 51' lang='grc' dir='ltr'><strong>’τὴν</strong></span> <span class='ocrx_word' id='word_1_470' title='bbox 1761 2167 1899 2218; x_wconf 75' lang='grc' dir='ltr'>παναγίαν</span> 
     </span>
    </p>
   </div>
   <div class='ocr_carea' id='block_1_82' title="bbox 280 2225 876 2260">
    <p class='ocr_par' dir='ltr' id='par_1_82' title="bbox 280 2225 876 2260">
     <span class='ocr_line' id='line_1_82' title="bbox 280 2225 876 2260; baseline -0.003 -7"><span class='ocrx_word' id='word_1_471' title='bbox 280 2234 352 2254; x_wconf 90' lang='lat' dir='ltr'><strong>mam</strong></span> <span class='ocrx_word' id='word_1_472' title='bbox 366 2226 469 2254; x_wconf 86' lang='lat' dir='ltr'><strong>scilicet</strong></span> <span class='ocrx_word' id='word_1_473' title='bbox 483 2230 510 2253; x_wconf 88' lang='lat' dir='ltr'><strong>et</strong></span> <span class='ocrx_word' id='word_1_474' title='bbox 522 2225 628 2260; x_wconf 86' lang='lat' dir='ltr'><strong>plenam</strong></span> <span class='ocrx_word' id='word_1_475' title='bbox 644 2225 732 2259; x_wconf 80' lang='lat' dir='ltr'><strong>gratia</strong></span> <span class='ocrx_word' id='word_1_476' title='bbox 748 2225 876 2259; x_wconf 86' lang='lat' dir='ltr'><strong>puellam.</strong></span> 
     </span>
    </p>
   </div>
   <div class='ocr_carea' id='block_1_83' title="bbox 313 2271 1064 2307">
    <p class='ocr_par' dir='ltr' id='par_1_83' title="bbox 313 2271 1064 2307">
     <span class='ocr_line' id='line_1_83' title="bbox 313 2271 1064 2307; baseline -0.001 -8"><span class='ocrx_word' id='word_1_477' title='bbox 313 2271 368 2307; x_wconf 75' lang='grc' dir='ltr'><strong>2ο</strong></span> <span class='ocrx_word' id='word_1_478' title='bbox 383 2272 411 2299; x_wconf 94' lang='lat' dir='ltr'><strong>ln</strong></span> <span class='ocrx_word' id='word_1_479' title='bbox 425 2272 477 2299; x_wconf 89' lang='lat' dir='ltr'><strong>hoc</strong></span> <span class='ocrx_word' id='word_1_480' title='bbox 489 2271 607 2298; x_wconf 88' lang='lat' dir='ltr'><strong>thalamo</strong></span> <span class='ocrx_word' id='word_1_481' title='bbox 616 2274 663 2298; x_wconf 93' lang='lat' dir='ltr'><strong>tuo</strong></span> <span class='ocrx_word' id='word_1_482' title='bbox 675 2271 829 2298; x_wconf 86' lang='lat' dir='ltr'><strong>venerando</strong></span> <span class='ocrx_word' id='word_1_483' title='bbox 841 2272 1064 2298; x_wconf 82' lang='lat' dir='ltr'><strong>asservatam’ve-</strong></span> 
     </span>
    </p>
   </div>
   <div class='ocr_carea' id='block_1_84' title="bbox 278 2316 1061 2351">
    <p class='ocr_par' dir='ltr' id='par_1_84' title="bbox 278 2316 1061 2351">
     <span class='ocr_line' id='line_1_84' title="bbox 278 2316 1061 2351; baseline -0.003 -6"><span class='ocrx_word' id='word_1_484' title='bbox 278 2322 347 2345; x_wconf 80' lang='lat' dir='ltr'><strong>stem</strong></span> <span class='ocrx_word' id='word_1_485' title='bbox 370 2321 444 2344; x_wconf 82' lang='lat' dir='ltr'><strong>luam</strong></span> <span class='ocrx_word' id='word_1_486' title='bbox 474 2325 537 2344; x_wconf 87' lang='lat' dir='ltr'><strong>cum</strong></span> <span class='ocrx_word' id='word_1_487' title='bbox 558 2316 802 2348; x_wconf 85' lang='lat' dir='ltr'><strong>lidehonoramus,</strong></span> <span class='ocrx_word' id='word_1_488' title='bbox 821 2321 949 2351; x_wconf 84' lang='lat' dir='ltr'><strong>tanquam</strong></span> <span class='ocrx_word' id='word_1_489' title='bbox 971 2325 1061 2344; x_wconf 85' lang='lat' dir='ltr'><strong>arcam</strong></span> 
     </span>
    </p>
   </div>
   <div class='ocr_carea' id='block_1_85' title="bbox 277 2364 1062 2399">
    <p class='ocr_par' dir='ltr' id='par_1_85' title="bbox 277 2364 1062 2399">
     <span class='ocr_line' id='line_1_85' title="bbox 277 2364 1062 2399; baseline 0.003 -9"><span class='ocrx_word' id='word_1_490' title='bbox 277 2368 412 2395; x_wconf 85' lang='lat' dir='ltr'><strong>sanctam,</strong></span> <span class='ocrx_word' id='word_1_491' title='bbox 448 2368 475 2390; x_wconf 91' lang='lat' dir='ltr'><strong>et</strong></span> <span class='ocrx_word' id='word_1_492' title='bbox 499 2364 626 2398; x_wconf 89' lang='lat' dir='ltr'><strong>pietatem</strong></span> <span class='ocrx_word' id='word_1_493' title='bbox 647 2364 795 2391; x_wconf 89' lang='lat' dir='ltr'><strong>colentium</strong></span> <span class='ocrx_word' id='word_1_494' title='bbox 815 2364 1022 2399; x_wconf 90' lang='lat' dir='ltr'><strong>protectionem,</strong></span> <span class='ocrx_word' id='word_1_495' title='bbox 1044 2373 1062 2392; x_wconf 91' lang='grc' dir='ltr'><strong>ο</strong></span> 
     </span>
    </p>
   </div>
   <div class='ocr_carea' id='block_1_86' title="bbox 280 2409 971 2438">
    <p class='ocr_par' dir='ltr' id='par_1_86' title="bbox 280 2409 971 2438">
     <span class='ocr_line' id='line_1_86' title="bbox 280 2409 971 2438; baseline -0.006 0"><span class='ocrx_word' id='word_1_496' title='bbox 280 2410 326 2438; x_wconf 89' lang='lat' dir='ltr'><strong>Dei</strong></span> <span class='ocrx_word' id='word_1_497' title='bbox 340 2410 458 2437; x_wconf 82' lang='lat' dir='ltr'><strong>thalamo</strong></span> <span class='ocrx_word' id='word_1_498' title='bbox 468 2409 562 2437; x_wconf 89' lang='lat' dir='ltr'><strong>electe.</strong></span> <span class='ocrx_word' id='word_1_499' title='bbox 969 2411 971 2415; x_wconf 96' lang='lat'>&#39;</span> 
     </span>
    </p>
   </div>
   <div class='ocr_carea' id='block_1_87' title="bbox 314 2454 1061 2491">
    <p class='ocr_par' dir='ltr' id='par_1_87' title="bbox 314 2454 1061 2491">
     <span class='ocr_line' id='line_1_87' title="bbox 314 2454 1061 2491; baseline 0.004 -10"><span class='ocrx_word' id='word_1_500' title='bbox 314 2455 336 2481; x_wconf 83' lang='grc' dir='ltr'><strong>Δ</strong></span> <span class='ocrx_word' id='word_1_501' title='bbox 347 2458 483 2482; x_wconf 87' lang='lat' dir='ltr'><strong>vetustate</strong></span> <span class='ocrx_word' id='word_1_502' title='bbox 497 2454 628 2482; x_wconf 82' lang='lat' dir='ltr'><strong>liberatur</strong></span> <span class='ocrx_word' id='word_1_503' title='bbox 642 2455 732 2483; x_wconf 88' lang='lat' dir='ltr'><strong>omnis</strong></span> <span class='ocrx_word' id='word_1_504' title='bbox 742 2456 788 2491; x_wconf 92' lang='lat' dir='ltr'><strong>qui</strong></span> <span class='ocrx_word' id='word_1_505' title='bbox 801 2463 862 2483; x_wconf 84' lang='lat' dir='ltr'><strong>cum</strong></span> <span class='ocrx_word' id='word_1_506' title='bbox 876 2456 929 2484; x_wconf 81' lang='lat' dir='ltr'><strong>ﬁde</strong></span> <span class='ocrx_word' id='word_1_507' title='bbox 946 2456 1061 2488; x_wconf 83' lang='lat' dir='ltr'><strong>accedit,</strong></span> 
     </span>
    </p>
   </div>
   <div class='ocr_carea' id='block_1_88' title="bbox 277 2499 1061 2537">
    <p class='ocr_par' dir='ltr' id='par_1_88' title="bbox 277 2499 1061 2537">
     <span class='ocr_line' id='line_1_88' title="bbox 277 2499 1061 2537; baseline 0 -9"><span class='ocrx_word' id='word_1_508' title='bbox 277 2505 304 2528; x_wconf 88' lang='lat' dir='ltr'><strong>et</strong></span> <span class='ocrx_word' id='word_1_509' title='bbox 324 2504 448 2527; x_wconf 86' lang='lat' dir='ltr'><strong>sanctam</strong></span> <span class='ocrx_word' id='word_1_510' title='bbox 471 2499 611 2535; x_wconf 83' lang='lat' dir='ltr'><strong>capsulam</strong></span> <span class='ocrx_word' id='word_1_511' title='bbox 636 2500 787 2534; x_wconf 84' lang='lat' dir='ltr'><strong>osculatur,</strong></span> <span class='ocrx_word' id='word_1_512' title='bbox 809 2509 870 2536; x_wconf 63' lang='lat' dir='ltr'><strong>quae</strong></span> <span class='ocrx_word' id='word_1_513' title='bbox 893 2502 1061 2537; x_wconf 85' lang='lat' dir='ltr'><strong>splendidam</strong></span> 
     </span>
    </p>
   </div>
   <div class='ocr_carea' id='block_1_89' title="bbox 278 2543 844 2580">
    <p class='ocr_par' dir='ltr' id='par_1_89' title="bbox 278 2543 844 2580">
     <span class='ocr_line' id='line_1_89' title="bbox 278 2543 844 2580; baseline 0.002 -9"><span class='ocrx_word' id='word_1_514' title='bbox 278 2547 380 2571; x_wconf 81' lang='lat' dir='ltr'><strong>vestem</strong></span> <span class='ocrx_word' id='word_1_515' title='bbox 395 2548 467 2570; x_wconf 84' lang='lat' dir='ltr'><strong>luant</strong></span> <span class='ocrx_word' id='word_1_516' title='bbox 481 2543 612 2577; x_wconf 85' lang='lat' dir='ltr'><strong>continet,</strong></span> <span class='ocrx_word' id='word_1_517' title='bbox 630 2551 647 2571; x_wconf 93' lang='grc' dir='ltr'><strong>ο</strong></span> <span class='ocrx_word' id='word_1_518' title='bbox 660 2543 742 2580; x_wconf 86' lang='lat' dir='ltr'><strong>Virgo</strong></span> <span class='ocrx_word' id='word_1_519' title='bbox 757 2550 844 2572; x_wconf 83' lang='lat' dir='ltr'><strong>casta.</strong></span> 
     </span>
    </p>
   </div>
   <div class='ocr_carea' id='block_1_90' title="bbox 313 2633 1065 2670">
    <p class='ocr_par' dir='ltr' id='par_1_90' title="bbox 313 2633 1065 2670">
     <span class='ocr_line' id='line_1_90' title="bbox 313 2633 1065 2670; baseline 0.001 -9"><span class='ocrx_word' id='word_1_520' title='bbox 313 2634 369 2670; x_wconf 57' lang='grc' dir='ltr'><strong>(ΞΑ)</strong></span> <span class='ocrx_word' id='word_1_521' title='bbox 386 2634 427 2670; x_wconf 79' lang='lat' dir='ltr'><strong>An</strong></span> <span class='ocrx_word' id='word_1_522' title='bbox 443 2634 500 2662; x_wconf 78' lang='lat' dir='ltr'><strong>haec</strong></span> <span class='ocrx_word' id='word_1_523' title='bbox 520 2633 601 2670; x_wconf 73' lang='lat' dir='ltr'><strong>verba</strong></span> <span class='ocrx_word' id='word_1_524' title='bbox 619 2635 802 2662; x_wconf 69' lang='lat' dir='ltr'><strong>immaculata:</strong></span> <span class='ocrx_word' id='word_1_525' title='bbox 817 2634 847 2661; x_wconf 92' lang='lat' dir='ltr'><strong>B.</strong></span> <span class='ocrx_word' id='word_1_526' title='bbox 863 2634 984 2670; x_wconf 76' lang='lat' dir='ltr'><strong>Virginis</strong></span> <span class='ocrx_word' id='word_1_527' title='bbox 999 2643 1065 2662; x_wconf 89' lang='lat' dir='ltr'><strong>con-</strong></span> 
     </span>
    </p>
   </div>
   <div class='ocr_carea' id='block_1_91' title="bbox 275 2669 1064 2705">
    <p class='ocr_par' dir='ltr' id='par_1_91' title="bbox 275 2669 1064 2705">
     <span class='ocr_line' id='line_1_91' title="bbox 275 2669 1064 2705; baseline 0 -9"><span class='ocrx_word' id='word_1_528' title='bbox 275 2669 396 2704; x_wconf 89' lang='lat' dir='ltr'><strong>ceptioni</strong></span> <span class='ocrx_word' id='word_1_529' title='bbox 417 2669 536 2699; x_wconf 80' lang='lat' dir='ltr'><strong>faveam.</strong></span> <span class='ocrx_word' id='word_1_530' title='bbox 553 2669 658 2703; x_wconf 77' lang='lat' dir='ltr'><strong>iudicet</strong></span> <span class='ocrx_word' id='word_1_531' title='bbox 680 2670 774 2697; x_wconf 79' lang='lat' dir='ltr'><strong>lector.</strong></span> <span class='ocrx_word' id='word_1_532' title='bbox 793 2670 874 2698; x_wconf 70' lang='lat' dir='ltr'><strong>Certe</strong></span> <span class='ocrx_word' id='word_1_533' title='bbox 893 2669 943 2705; x_wconf 80' lang='lat' dir='ltr'><strong>ego</strong></span> <span class='ocrx_word' id='word_1_534' title='bbox 963 2670 1064 2697; x_wconf 89' lang='lat' dir='ltr'><strong>intelli-</strong></span> 
     </span>
    </p>
   </div>
   <div class='ocr_carea' id='block_1_92' title="bbox 275 2705 1063 2739">
    <p class='ocr_par' dir='ltr' id='par_1_92' title="bbox 275 2705 1063 2739">
     <span class='ocr_line' id='line_1_92' title="bbox 275 2705 1063 2739; baseline 0 -8"><span class='ocrx_word' id='word_1_535' title='bbox 275 2712 339 2738; x_wconf 72' lang='lat' dir='ltr'><strong>gere</strong></span> <span class='ocrx_word' id='word_1_536' title='bbox 355 2712 409 2731; x_wconf 90' lang='lat' dir='ltr'><strong>non</strong></span> <span class='ocrx_word' id='word_1_537' title='bbox 424 2712 548 2739; x_wconf 87' lang='lat' dir='ltr'><strong>possum,</strong></span> <span class='ocrx_word' id='word_1_538' title='bbox 567 2705 707 2739; x_wconf 87' lang='lat' dir='ltr'><strong>quomodo</strong></span> <span class='ocrx_word' id='word_1_539' title='bbox 728 2705 756 2730; x_wconf 85' lang='lat' dir='ltr'><strong>B.</strong></span> <span class='ocrx_word' id='word_1_540' title='bbox 779 2705 857 2739; x_wconf 82' lang='lat' dir='ltr'><strong>\ii-go</strong></span> <span class='ocrx_word' id='word_1_541' title='bbox 871 2705 996 2732; x_wconf 84' lang='lat' dir='ltr'><strong>absolute</strong></span> <span class='ocrx_word' id='word_1_542' title='bbox 1009 2705 1063 2732; x_wconf 87' lang='lat' dir='ltr'><strong>dici</strong></span> 
     </span>
    </p>
   </div>
   <div class='ocr_carea' id='block_1_93' title="bbox 294 2739 1062 2771">
    <p class='ocr_par' dir='ltr' id='par_1_93' title="bbox 294 2739 1062 2771">
     <span class='ocr_line' id='line_1_93' title="bbox 294 2739 1062 2771; baseline 0 -5"><span class='ocrx_word' id='word_1_543' title='bbox 294 2740 363 2767; x_wconf 86' lang='lat' dir='ltr'><strong>ossit</strong></span> <span class='ocrx_word' id='word_1_544' title='bbox 383 2740 484 2766; x_wconf 88' lang='lat' dir='ltr'><strong>munda</strong></span> <span class='ocrx_word' id='word_1_545' title='bbox 509 2740 543 2765; x_wconf 86' lang='lat' dir='ltr'><strong>ab</strong></span> <span class='ocrx_word' id='word_1_546' title='bbox 555 2740 631 2766; x_wconf 81' lang='lat' dir='ltr'><strong>0mm</strong></span> <span class='ocrx_word' id='word_1_547' title='bbox 648 2740 717 2768; x_wconf 79' lang='lat' dir='ltr'><strong>labe.</strong></span> <span class='ocrx_word' id='word_1_548' title='bbox 744 2745 770 2766; x_wconf 88' lang='lat' dir='ltr'><strong>et</strong></span> <span class='ocrx_word' id='word_1_549' title='bbox 791 2741 848 2767; x_wconf 86' lang='lat' dir='ltr'><strong>sola</strong></span> <span class='ocrx_word' id='word_1_550' title='bbox 864 2740 1018 2771; x_wconf 80' lang='lat' dir='ltr'><strong>benedicta,</strong></span> <span class='ocrx_word' id='word_1_551' title='bbox 1040 2739 1062 2766; x_wconf 85' lang='lat' dir='ltr'><strong>si</strong></span> 
     </span>
    </p>
   </div>
   <div class='ocr_carea' id='block_1_94' title="bbox 274 2773 1062 2809">
    <p class='ocr_par' dir='ltr' id='par_1_94' title="bbox 274 2773 1062 2809">
     <span class='ocr_line' id='line_1_94' title="bbox 274 2773 1062 2809; baseline 0 -9"><span class='ocrx_word' id='word_1_552' title='bbox 274 2773 337 2800; x_wconf 73' lang='lat' dir='ltr'><strong>‘lahe</strong></span> <span class='ocrx_word' id='word_1_553' title='bbox 349 2775 490 2808; x_wconf 82' lang='lat' dir='ltr'><strong>originalis</strong></span> <span class='ocrx_word' id='word_1_554' title='bbox 503 2775 608 2809; x_wconf 88' lang='lat' dir='ltr'><strong>peccati</strong></span> <span class='ocrx_word' id='word_1_555' title='bbox 630 2773 732 2802; x_wconf 66' lang='lat' dir='ltr'><strong>foedata</strong></span> <span class='ocrx_word' id='word_1_556' title='bbox 756 2776 904 2808; x_wconf 81' lang='lat' dir='ltr'><strong>aliquando</strong></span> <span class='ocrx_word' id='word_1_557' title='bbox 925 2775 1062 2809; x_wconf 83' lang='lat' dir='ltr'><strong>apparuit,</strong></span> 
     </span>
    </p>
   </div>
   <div class='ocr_carea' id='block_1_95' title="bbox 274 2809 1063 2843">
    <p class='ocr_par' dir='ltr' id='par_1_95' title="bbox 274 2809 1063 2843">
     <span class='ocr_line' id='line_1_95' title="bbox 274 2809 1063 2843; baseline 0 -8"><span class='ocrx_word' id='word_1_558' title='bbox 274 2813 302 2835; x_wconf 89' lang='lat' dir='ltr'><strong>et</strong></span> <span class='ocrx_word' id='word_1_559' title='bbox 323 2810 465 2836; x_wconf 86' lang='lat' dir='ltr'><strong>communi</strong></span> <span class='ocrx_word' id='word_1_560' title='bbox 491 2809 688 2843; x_wconf 80' lang='lat' dir='ltr'><strong>maledictioni,</strong></span> <span class='ocrx_word' id='word_1_561' title='bbox 716 2814 745 2837; x_wconf 92' lang='lat' dir='ltr'><strong>ut</strong></span> <span class='ocrx_word' id='word_1_562' title='bbox 764 2811 855 2837; x_wconf 69' lang='lat' dir='ltr'><strong>caeteri</strong></span> <span class='ocrx_word' id='word_1_563' title='bbox 880 2817 975 2837; x_wconf 79' lang='lat' dir='ltr'><strong>omnes</strong></span> <span class='ocrx_word' id='word_1_564' title='bbox 1000 2809 1063 2836; x_wconf 77' lang='lat' dir='ltr'><strong>Athe</strong></span> 
     </span>
    </p>
   </div>
   <div class='ocr_carea' id='block_1_96' title="bbox 278 2843 553 2879">
    <p class='ocr_par' dir='ltr' id='par_1_96' title="bbox 278 2843 553 2879">
     <span class='ocr_line' id='line_1_96' title="bbox 278 2843 553 2879; baseline 0.007 -10"><span class='ocrx_word' id='word_1_565' title='bbox 278 2843 337 2876; x_wconf 86' lang='lat' dir='ltr'><strong>lilii,</strong></span> <span class='ocrx_word' id='word_1_566' title='bbox 353 2844 476 2879; x_wconf 82' lang='lat' dir='ltr'><strong>subjecta</strong></span> <span class='ocrx_word' id='word_1_567' title='bbox 492 2844 553 2872; x_wconf 85' lang='lat' dir='ltr'><strong>fuit.</strong></span> 
     </span>
    </p>
   </div>
   <div class='ocr_carea' id='block_1_97' title="bbox 1113 2229 1514 2265">
    <p class='ocr_par' dir='ltr' id='par_1_97' title="bbox 1113 2229 1514 2265">
     <span class='ocr_line' id='line_1_97' title="bbox 1113 2229 1514 2265; baseline 0.002 -10"><span class='ocrx_word' id='word_1_568' title='bbox 1113 2230 1197 2264; x_wconf 86' lang='grc' dir='ltr'>κόρην</span> <span class='ocrx_word' id='word_1_569' title='bbox 1214 2229 1262 2265; x_wconf 84' lang='grc' dir='ltr'>τὴν</span> <span class='ocrx_word' id='word_1_570' title='bbox 1279 2230 1514 2265; x_wconf 82' lang='grc' dir='ltr'>κεχαριτωμένην.</span> 
     </span>
    </p>
   </div>
   <div class='ocr_carea' id='block_1_98' title="bbox 1148 2275 1898 2312">
    <p class='ocr_par' dir='ltr' id='par_1_98' title="bbox 1148 2275 1898 2312">
     <span class='ocr_line' id='line_1_98' title="bbox 1148 2275 1898 2312; baseline 0 -10"><span class='ocrx_word' id='word_1_571' title='bbox 1148 2276 1256 2307; x_wconf 80' lang='grc' dir='ltr'>Παστὰς</span> <span class='ocrx_word' id='word_1_572' title='bbox 1280 2275 1348 2303; x_wconf 76' lang='grc' dir='ltr'>Θεοῦ</span> <span class='ocrx_word' id='word_1_573' title='bbox 1372 2276 1507 2310; x_wconf 82' lang='grc' dir='ltr'>ἑκλεκτὴ,</span> <span class='ocrx_word' id='word_1_574' title='bbox 1527 2276 1557 2302; x_wconf 84' lang='grc' dir='ltr'><strong>ὲν</strong></span> <span class='ocrx_word' id='word_1_575' title='bbox 1580 2277 1613 2312; x_wconf 80' lang='grc' dir='ltr'>τῇ</span> <span class='ocrx_word' id='word_1_576' title='bbox 1633 2277 1720 2311; x_wconf 86' lang='grc' dir='ltr'>σεπτῇ</span> <span class='ocrx_word' id='word_1_577' title='bbox 1746 2285 1793 2302; x_wconf 86' lang='grc' dir='ltr'><strong>σου</strong></span> <span class='ocrx_word' id='word_1_578' title='bbox 1811 2275 1898 2310; x_wconf 77' lang='grc' dir='ltr'>ταύτῃ</span> 
     </span>
    </p>
   </div>
   <div class='ocr_carea' id='block_1_99' title="bbox 1113 2321 1899 2358">
    <p class='ocr_par' dir='ltr' id='par_1_99' title="bbox 1113 2321 1899 2358">
     <span class='ocr_line' id='line_1_99' title="bbox 1113 2321 1899 2358; baseline 0 -11"><span class='ocrx_word' id='word_1_579' title='bbox 1113 2322 1228 2347; x_wconf 65' lang='grc' dir='ltr'>παστάδι</span> <span class='ocrx_word' id='word_1_580' title='bbox 1245 2322 1336 2349; x_wconf 79' lang='grc' dir='ltr'>πίστει</span> <span class='ocrx_word' id='word_1_581' title='bbox 1350 2322 1399 2358; x_wconf 86' lang='grc' dir='ltr'><strong>τὴν</strong></span> <span class='ocrx_word' id='word_1_582' title='bbox 1416 2322 1520 2357; x_wconf 76' lang='grc' dir='ltr'>ἐσθῆτὰ</span> <span class='ocrx_word' id='word_1_583' title='bbox 1539 2331 1585 2348; x_wconf 85' lang='grc' dir='ltr'><strong>σου</strong></span> <span class='ocrx_word' id='word_1_584' title='bbox 1605 2323 1736 2357; x_wconf 84' lang='grc' dir='ltr'>κειμένην</span> <span class='ocrx_word' id='word_1_585' title='bbox 1751 2321 1899 2357; x_wconf 66' lang='grc' dir='ltr'>σεϐόμεθα,</span> 
     </span>
    </p>
   </div>
   <div class='ocr_carea' id='block_1_100' title="bbox 1113 2367 1778 2403">
    <p class='ocr_par' dir='ltr' id='par_1_100' title="bbox 1113 2367 1778 2403">
     <span class='ocr_line' id='line_1_100' title="bbox 1113 2367 1778 2403; baseline -0.002 -8"><span class='ocrx_word' id='word_1_586' title='bbox 1113 2369 1151 2400; x_wconf 84' lang='grc' dir='ltr'>ὡς</span> <span class='ocrx_word' id='word_1_587' title='bbox 1167 2369 1282 2395; x_wconf 73' lang='grc' dir='ltr'>κιῦωτὺν</span> <span class='ocrx_word' id='word_1_588' title='bbox 1300 2369 1382 2402; x_wconf 82' lang='grc' dir='ltr'>ἁγίαν</span> <span class='ocrx_word' id='word_1_589' title='bbox 1398 2369 1447 2395; x_wconf 83' lang='grc' dir='ltr'>καὶ</span> <span class='ocrx_word' id='word_1_590' title='bbox 1461 2368 1646 2395; x_wconf 74' lang='grc' dir='ltr'>εὺσεὸούντων</span> <span class='ocrx_word' id='word_1_591' title='bbox 1662 2367 1778 2403; x_wconf 85' lang='grc' dir='ltr'>σκέπην.</span> 
     </span>
    </p>
   </div>
   <div class='ocr_carea' id='block_1_101' title="bbox 1159 2454 1899 2490">
    <p class='ocr_par' dir='ltr' id='par_1_101' title="bbox 1159 2454 1899 2490">
     <span class='ocr_line' id='line_1_101' title="bbox 1159 2454 1899 2490; baseline -0.004 -8"><span class='ocrx_word' id='word_1_592' title='bbox 1159 2456 1376 2487; x_wconf 60' lang='grc' dir='ltr'>Ἀνακαινιςεται</span> <span class='ocrx_word' id='word_1_593' title='bbox 1396 2456 1449 2486; x_wconf 84' lang='grc' dir='ltr'>πᾶς</span> <span class='ocrx_word' id='word_1_594' title='bbox 1464 2455 1479 2481; x_wconf 83' lang='grc' dir='ltr'><strong><em>ὁ</em></strong></span> <span class='ocrx_word' id='word_1_595' title='bbox 1491 2454 1611 2490; x_wconf 86' lang='grc' dir='ltr'>προσιὼν</span> <span class='ocrx_word' id='word_1_596' title='bbox 1624 2455 1654 2481; x_wconf 78' lang='grc' dir='ltr'><strong>ὲν</strong></span> <span class='ocrx_word' id='word_1_597' title='bbox 1670 2455 1772 2487; x_wconf 85' lang='grc' dir='ltr'>πίστει,</span> <span class='ocrx_word' id='word_1_598' title='bbox 1788 2456 1835 2481; x_wconf 77' lang='grc' dir='ltr'>καὶ</span> <span class='ocrx_word' id='word_1_599' title='bbox 1849 2462 1899 2488; x_wconf 87' lang='grc' dir='ltr'>την</span> 
     </span>
    </p>
   </div>
   <div class='ocr_carea' id='block_1_102' title="bbox 1116 2500 1899 2537">
    <p class='ocr_par' dir='ltr' id='par_1_102' title="bbox 1116 2500 1899 2537">
     <span class='ocr_line' id='line_1_102' title="bbox 1116 2500 1899 2537; baseline -0.004 -9"><span class='ocrx_word' id='word_1_600' title='bbox 1116 2501 1197 2535; x_wconf 82' lang='grc' dir='ltr'>ἁγίαν</span> <span class='ocrx_word' id='word_1_601' title='bbox 1212 2500 1401 2536; x_wconf 81' lang='grc' dir='ltr'>ἀσπαζόμενος</span> <span class='ocrx_word' id='word_1_602' title='bbox 1420 2501 1497 2537; x_wconf 78' lang='grc' dir='ltr'>σορὸν</span> <span class='ocrx_word' id='word_1_603' title='bbox 1513 2500 1563 2536; x_wconf 85' lang='grc' dir='ltr'><strong>τὴν</strong></span> <span class='ocrx_word' id='word_1_604' title='bbox 1584 2501 1752 2536; x_wconf 81' lang='grc' dir='ltr'>κατέχουσαν</span> <span class='ocrx_word' id='word_1_605' title='bbox 1771 2500 1821 2536; x_wconf 85' lang='grc' dir='ltr'>τὴν</span> <span class='ocrx_word' id='word_1_606' title='bbox 1838 2501 1899 2535; x_wconf 80' lang='grc' dir='ltr'>σὴν,</span> 
     </span>
    </p>
   </div>
   <div class='ocr_carea' id='block_1_103' title="bbox 1117 2546 1603 2582">
    <p class='ocr_par' dir='ltr' id='par_1_103' title="bbox 1117 2546 1603 2582">
     <span class='ocr_line' id='line_1_103' title="bbox 1117 2546 1603 2582; baseline 0 -10"><span class='ocrx_word' id='word_1_607' title='bbox 1117 2547 1186 2582; x_wconf 82' lang='grc' dir='ltr'><strong>ἁγνὴ</strong></span> <span class='ocrx_word' id='word_1_608' title='bbox 1199 2546 1332 2582; x_wconf 81' lang='grc' dir='ltr'>Παρθὲνε,</span> <span class='ocrx_word' id='word_1_609' title='bbox 1345 2547 1479 2582; x_wconf 81' lang='grc' dir='ltr'>φωτοειδῆ</span> <span class='ocrx_word' id='word_1_610' title='bbox 1491 2547 1603 2581; x_wconf 79' lang='grc' dir='ltr'>ἐσθῆτα.</span> 
     </span>
    </p>
   </div>
   <div class='ocr_carea' id='block_1_104' title="bbox 1155 2635 1899 2671">
    <p class='ocr_par' dir='ltr' id='par_1_104' title="bbox 1155 2635 1899 2671">
     <span class='ocr_line' id='line_1_104' title="bbox 1155 2635 1899 2671; baseline -0.003 -8"><span class='ocrx_word' id='word_1_611' title='bbox 1155 2636 1212 2670; x_wconf 72' lang='lat'><strong>(25)</strong></span> <span class='ocrx_word' id='word_1_612' title='bbox 1237 2636 1307 2668; x_wconf 87' lang='lat' dir='ltr'><strong>Quid</strong></span> <span class='ocrx_word' id='word_1_613' title='bbox 1323 2640 1365 2663; x_wconf 86' lang='lat' dir='ltr'><strong>est</strong></span> <span class='ocrx_word' id='word_1_614' title='bbox 1386 2643 1447 2663; x_wconf 86' lang='lat' dir='ltr'><strong>esse</strong></span> <span class='ocrx_word' id='word_1_615' title='bbox 1463 2638 1645 2671; x_wconf 87' lang='lat' dir='ltr'><strong>nndequaque</strong></span> <span class='ocrx_word' id='word_1_616' title='bbox 1666 2641 1777 2669; x_wconf 88' lang='lat' dir='ltr'><strong>purum,</strong></span> <span class='ocrx_word' id='word_1_617' title='bbox 1796 2635 1848 2662; x_wconf 93' lang='lat' dir='ltr'><strong>nisi</strong></span> <span class='ocrx_word' id='word_1_618' title='bbox 1865 2642 1899 2661; x_wconf 76' lang='lat' dir='ltr'><strong>ex</strong></span> 
     </span>
    </p>
   </div>
   <div class='ocr_carea' id='block_1_105' title="bbox 1115 2670 1899 2731">
    <p class='ocr_par' dir='ltr' id='par_1_105' title="bbox 1115 2670 1899 2731">
     <span class='ocr_line' id='line_1_105' title="bbox 1115 2670 1899 2705; baseline -0.004 -7"><span class='ocrx_word' id='word_1_619' title='bbox 1115 2671 1190 2698; x_wconf 88' lang='lat' dir='ltr'><strong>omni</strong></span> <span class='ocrx_word' id='word_1_620' title='bbox 1227 2676 1295 2703; x_wconf 83' lang='lat' dir='ltr'><strong>arte,</strong></span> <span class='ocrx_word' id='word_1_621' title='bbox 1317 2675 1398 2705; x_wconf 82' lang='lat' dir='ltr'><strong>atque</strong></span> <span class='ocrx_word' id='word_1_622' title='bbox 1413 2679 1445 2698; x_wconf 77' lang='lat' dir='ltr'><strong>ex</strong></span> <span class='ocrx_word' id='word_1_623' title='bbox 1462 2670 1550 2704; x_wconf 70' lang='lat' dir='ltr'><strong>omni</strong></span> <span class='ocrx_word' id='word_1_624' title='bbox 1579 2678 1661 2698; x_wconf 82' lang='lat' dir='ltr'><strong>eriere</strong></span> <span class='ocrx_word' id='word_1_625' title='bbox 1675 2677 1769 2697; x_wconf 84' lang='lat' dir='ltr'><strong>carere</strong></span> <span class='ocrx_word' id='word_1_626' title='bbox 1784 2670 1899 2704; x_wconf 78' lang='lat' dir='ltr'><strong>impuri-</strong></span> 
     </span>
     <span class='ocr_line' id='line_1_106' title="bbox 1115 2677 1899 2731; baseline -0.001 0"><span class='ocrx_word' id='word_1_627' title='bbox 1115 2706 1188 2731; x_wconf 82' lang='lat' dir='ltr'><strong>tate?</strong></span> <span class='ocrx_word' id='word_1_628' title='bbox 1208 2677 1271 2731; x_wconf 43' lang='lat' dir='ltr'><strong>Edon</strong></span> <span class='ocrx_word' id='word_1_629' title='bbox 1296 2706 1392 2731; x_wconf 81' lang='lat' dir='ltr'><strong>luisset</strong></span> <span class='ocrx_word' id='word_1_630' title='bbox 1410 2706 1493 2731; x_wconf 65' lang='lat' dir='ltr'><strong>igitur</strong></span> <span class='ocrx_word' id='word_1_631' title='bbox 1511 2705 1540 2731; x_wconf 80' lang='grc' dir='ltr'><strong>Β.</strong></span> <span class='ocrx_word' id='word_1_632' title='bbox 1559 2680 1642 2731; x_wconf 51' lang='grc' dir='ltr'>ὕὶηιο</span> <span class='ocrx_word' id='word_1_633' title='bbox 1657 2706 1848 2731; x_wconf 78' lang='lat' dir='ltr'><strong>uiidcuunuue.</strong></span> <span class='ocrx_word' id='word_1_634' title='bbox 1873 2705 1899 2730; x_wconf 88' lang='lat' dir='ltr'><strong>id</strong></span> 
     </span>
    </p>
   </div>
   <div class='ocr_carea' id='block_1_106' title="bbox 1115 2705 1899 2740">
    <p class='ocr_par' dir='ltr' id='par_1_106' title="bbox 1115 2705 1899 2740">
     <span class='ocr_line' id='line_1_107' title="bbox 1115 2705 1899 2740; baseline -0.004 -7"><span class='ocrx_word' id='word_1_635' title='bbox 1115 2706 1188 2733; x_wconf 83' lang='lat' dir='ltr'><strong>tale?</strong></span> <span class='ocrx_word' id='word_1_636' title='bbox 1213 2705 1271 2732; x_wconf 88' lang='lat' dir='ltr'><strong>Non</strong></span> <span class='ocrx_word' id='word_1_637' title='bbox 1296 2706 1392 2733; x_wconf 78' lang='lat' dir='ltr'><strong>luisset</strong></span> <span class='ocrx_word' id='word_1_638' title='bbox 1410 2706 1493 2740; x_wconf 79' lang='lat' dir='ltr'><strong>igitur</strong></span> <span class='ocrx_word' id='word_1_639' title='bbox 1511 2705 1540 2732; x_wconf 80' lang='grc' dir='ltr'><strong>Β.</strong></span> <span class='ocrx_word' id='word_1_640' title='bbox 1559 2705 1642 2740; x_wconf 83' lang='lat' dir='ltr'><strong>Virgo</strong></span> <span class='ocrx_word' id='word_1_641' title='bbox 1657 2706 1848 2740; x_wconf 81' lang='lat' dir='ltr'><strong>undequnque,</strong></span> <span class='ocrx_word' id='word_1_642' title='bbox 1873 2705 1899 2730; x_wconf 88' lang='lat' dir='ltr'><strong>id</strong></span> 
     </span>
    </p>
   </div>
   <div class='ocr_carea' id='block_1_107' title="bbox 1113 2740 1897 2780">
    <p class='ocr_par' dir='ltr' id='par_1_107' title="bbox 1113 2740 1897 2780">
     <span class='ocr_line' id='line_1_108' title="bbox 1113 2740 1897 2780; baseline -0.004 -13"><span class='ocrx_word' id='word_1_643' title='bbox 1113 2744 1156 2780; x_wconf 73' lang='lat' dir='ltr'><strong>est</strong></span> <span class='ocrx_word' id='word_1_644' title='bbox 1165 2748 1198 2767; x_wconf 85' lang='lat' dir='ltr'><strong>ex</strong></span> <span class='ocrx_word' id='word_1_645' title='bbox 1215 2741 1290 2767; x_wconf 90' lang='lat' dir='ltr'><strong>omni</strong></span> <span class='ocrx_word' id='word_1_646' title='bbox 1302 2747 1387 2775; x_wconf 85' lang='lat' dir='ltr'><strong>parte,</strong></span> <span class='ocrx_word' id='word_1_647' title='bbox 1399 2746 1482 2780; x_wconf 75' lang='lat' dir='ltr'><strong>atque</strong></span> <span class='ocrx_word' id='word_1_648' title='bbox 1494 2748 1530 2780; x_wconf 54' lang='lat' dir='ltr'><strong>es</strong></span> <span class='ocrx_word' id='word_1_649' title='bbox 1538 2741 1617 2780; x_wconf 65' lang='lat' dir='ltr'><strong>omni</strong></span> <span class='ocrx_word' id='word_1_650' title='bbox 1627 2747 1725 2780; x_wconf 73' lang='lat' dir='ltr'><strong>genere</strong></span> <span class='ocrx_word' id='word_1_651' title='bbox 1737 2740 1897 2780; x_wconf 77' lang='lat' dir='ltr'><strong>purissima,</strong></span> 
     </span>
    </p>
   </div>
   <div class='ocr_carea' id='block_1_108' title="bbox 1113 2774 1898 2837">
    <p class='ocr_par' dir='ltr' id='par_1_108' title="bbox 1113 2774 1898 2837">
     <span class='ocr_line' id='line_1_109' title="bbox 1113 2774 1898 2837; baseline -0.003 -35"><span class='ocrx_word' id='word_1_652' title='bbox 1113 2775 1135 2837; x_wconf 62' lang='lat' dir='ltr'><strong>sli</strong></span> <span class='ocrx_word' id='word_1_653' title='bbox 1148 2783 1184 2836; x_wconf 68' lang='lat' dir='ltr'><strong>tea</strong></span> <span class='ocrx_word' id='word_1_654' title='bbox 1201 2781 1277 2809; x_wconf 87' lang='lat' dir='ltr'><strong>parte</strong></span> <span class='ocrx_word' id='word_1_655' title='bbox 1289 2774 1479 2810; x_wconf 77' lang='lat' dir='ltr'><strong>conceptionis</strong></span> <span class='ocrx_word' id='word_1_656' title='bbox 1491 2775 1618 2810; x_wconf 85' lang='lat' dir='ltr'><strong>originali</strong></span> <span class='ocrx_word' id='word_1_657' title='bbox 1632 2774 1898 2810; x_wconf 72' lang='lat' dir='ltr'><strong>Tuissetimpuritate</strong></span> 
     </span>
     <span class='ocr_line' id='line_1_110' title="bbox 1132 2815 1266 2837; baseline -0.015 0"><span class='ocrx_word' id='word_1_658' title='bbox 1132 2818 1145 2837; x_wconf 87' lang='lat' dir='ltr'><strong>e</strong></span> <span class='ocrx_word' id='word_1_659' title='bbox 1160 2815 1266 2837; x_wconf 65' lang='lat' dir='ltr'><strong>IITD‘JHI.</strong></span> 
     </span>
    </p>
   </div>
   <div class='ocr_carea' id='block_1_109' title="bbox 1132 2814 1266 2845">
    <p class='ocr_par' dir='ltr' id='par_1_109' title="bbox 1132 2814 1266 2845">
     <span class='ocr_line' id='line_1_111' title="bbox 1132 2814 1266 2845; baseline -0.007 -9"><span class='ocrx_word' id='word_1_660' title='bbox 1132 2814 1266 2845; x_wconf 81' lang='lat' dir='ltr'><strong>eturpata.</strong></span> 
     </span>
    </p>
   </div>
  </div>
