2077 3157
213 196 280 228 1009

913 199 1096 231 MARIALE.

1754 201 1822 234 1010

245 254 380 282 Entuniiat
393 261 487 282 omnes
502 254 599 282 animae
613 255 748 288 sordes,o
782 256 863 292 Virgo
895 258 1084 289 mundissima,
1103 257 1161 284 haec
1176 264 1250 289 arca,
1284 264 1344 293 quae
1358 257 1479 285 continet
1513 263 1614 286 vestem
1650 258 1734 289 illum,
1767 267 1820 292 qua

209 308 309 335 corpus
322 304 400 328 tuum
411 301 594 328 venerandum
608 306 766 336 coopertum
784 301 844 330 fuit.

246 347 429 382 Θεογεννῆτορ
443 347 522 382 ἁγνὴ.
547 347 596 382 τὴν
612 347 642 374 σὲ
660 347 783 384 τιμῶσαν
806 349 884 376 πόλιν
898 350 989 385 λιμοῦ,

1077 351 1199 383 Custodi,
1218 351 1263 378 Dei
1279 351 1400 379 Genitrix
1414 359 1492 387 pura,
1516 351 1587 379 hanc
1603 351 1698 379 urbem
1721 359 1782 386 qua:
1797 355 1824 378 te

211 393 324 428 σεισμοῦ
347 401 377 419 τε
397 394 444 420 καὶ
466 392 614 424 κακώσεως
636 394 746 430 ἁπάσης
769 395 905 431 περίσωζε
918 417 926 430 ,
948 397 994 424 καὶ

210 439 321 475 εθνικῆς
336 439 442 474 ἐφόδου,
460 440 507 466 καὶ
521 439 646 471 ἐναντίας
663 440 776 476 βλάϐης.

560 530 614 566 ῼδὴ
633 529 669 565 η’-

246 575 426 610 Εὐχαρῐστοις
440 576 541 610 φωναῖς
555 575 732 611 ἀνυμνοῠμέν
748 585 776 603 σε
790 577 840 612 τὴν
860 578 992 605 παντοίων

211 621 301 648 καλῶν
314 622 380 657 ἡμῖν
404 621 543 656 πρόξενον,
559 621 605 648 καὶ
619 621 667 656 τὴν
690 622 792 655 σεπτὶτν
819 622 921 658 ἐσθῆτά
945 632 993 650 σου

211 667 405 702 ἀσπαζόμενοι,
415 667 502 703 Κόρη,
511 667 689 700 ἀναϐοῶντες·
700 668 854 703 Εὺλογεϊτε,
865 669 900 696 τὰ
914 669 992 705 ἔργα,

210 713 256 738 τὸν
271 712 382 748 Κύριον.

247 757 350 792 Νοητδν
362 758 399 788 ὡς
409 757 564 793 λαμπάδιον
577 758 685 794 ἔχοντες
701 760 730 785 ἐν
744 759 841 794 λυχνίᾳ
853 759 994 795 τραπέζης

211 802 391 838 προκείμενον
426 802 457 829 τὸ
488 803 558 838 ίερδν
599 804 732 839 μαιρόριον
770 804 820 839 τῆς
856 804 993 838 πανάγνιιλ]

212 847 371 882 Παρθένου,
399 847 449 879 τὰς
479 848 530 883 τῆς
556 849 672 884 καρδίας
703 849 878 884 φωτιζόμεθα
911 851 994 886 κόρας

211 892 353 920 ἑκάστοτε.

247 939 378 973 οὐδαμῶς
397 937 579 974 άμοιροῦντας
593 938 739 971 κατέλιπες
753 939 829 974 ἱερᾶς
845 948 903 974 σου,
921 940 996 975 Παρ-

212 981 282 1015 θένε,
299 982 495 1017 προσψαύσεως
509 983 572 1014 τοὺς
584 982 711 1015 ἀναξίους
724 983 836 1016 δούλους
852 993 899 1011 σου
914 993 921 1001 ·
935 986 996 1012 ἀντὶ

1047 399 1173 431 honorat,
1205 406 1219 425 ιι
1254 398 1340 431 fame,
1370 403 1535 431 terratmolu,
1562 403 1644 433 atque
1671 397 1744 425 omni
1770 396 1825 424 ~af-

1047 445 1184 472 ﬂiciione:
1220 445 1254 472 ab
1281 445 1452 473 ethnicorum
1479 445 1591 480 impetu,
1620 449 1702 479 atque
1732 443 1825 471 hostili
1859 459 1862 462 η

1046 490 1164 518 laesione.

1374 537 1429 564 ()de
1457 537 1483 564 8.

1080 581 1101 609 Ο
1126 583 1248 610 omnium
1277 582 1356 611 nobis
1383 583 1516 610 bonorum
1546 581 1733 614 conciliatrix,
1763 589 1826 609 eum

1044 628 1193 663 gratiarum
1218 629 1324 656 actione
1347 632 1374 655 te
1398 628 1564 655 laudamus:
1584 631 1610 654 et
1627 631 1729 654 vestem
1753 631 1826 654 tuam

1044 674 1226 700 venerabilem
1245 674 1445 706 deosculantes,
1461 681 1477 700 ο
1491 673 1600 705 Puella,
1618 673 1805 700 exelamamns
1819 681 1826 699 :

1044 717 1207 750 Bcnedicite,
1224 726 1316 752 opera,
1331 718 1486 745 Dominum.

1080 763 1193 790 Lumine
1207 763 1263 798 jugi
1290 763 1416 790 fruuntur
1441 763 1513 790 oculi
1534 763 1626 790 cordis
1645 762 1742 793 nostri,
1766 769 1827 788 cum

1046 808 1197 837 habeamus
1218 813 1349 844 tanquam
1373 809 1526 844 lampadem
1553 809 1580 836 in
1602 809 1712 835 lucerna
1729 815 1829 835 mensae

1045 855 1257 890 prominentem,
1275 863 1380 883 sacram
1398 861 1502 883 vestem
1519 855 1681 890 castissimae
1698 853 1827 889 Virginis.

1081 943 1103 970 0
1119 942 1213 978 Virgo.
1230 943 1293 971 licet
1307 943 1434 978 indignos
1455 950 1549 970 servos
1565 949 1637 975 tuos,
1654 942 1729 969 nullo
1749 942 1830 968 modo

1046 988 1182 1023 reliquisti
1200 994 1325 1023 expertes
1341 988 1410 1015 sacri
1435 993 1576 1016 conlactus
1592 988 1646 1020 tui;
1665 987 1764 1014 ctenim
1782 994 1831 1021 pro

212 1029 337 1062 σώματος
349 1028 403 1064 γάρ
417 1036 463 1054 σου
475 1027 522 1054 τοῦ
534 1028 676 1064 ζωηφόρου
690 1028 739 1064 τὴν
752 1029 854 1064 ἐσθῆτὰ
866 1038 911 1056 σου
928 1031 994 1058 πᾶσι

1052 1034 1121 1062 vitali
1143 1041 1260 1070 corpore
1278 1038 1335 1067 tuo,
1356 1039 1456 1061 vestem
1482 1038 1554 1061 tuam
1570 1034 1696 1060 omnibus
1711 1032 1830 1060 donasti.

211 1072 372 1108 δεδώρησαι.

252 1118 413 1154 ’Υμνῳδίαις
431 1118 533 1151 ἐνθέοις
552 1119 715 1155 τιμήσωμεν
727 1119 774 1147 τοῦ
789 1120 857 1147 Θεοῦ
871 1121 994 1157 εὐρύχω-

214 1174 260 1201 ρον
275 1166 407 1200 σκήνωμα
421 1165 470 1200 τὴν
481 1165 510 1192 ὲν
521 1165 642 1201 μητράσι
657 1166 794 1200 πάναγνον
809 1166 858 1202 τὴν
869 1167 995 1202 οὐράνιον

212 1209 312 1244 πύλην,
325 1209 358 1236 δι’
372 1207 406 1245 ἧς
426 1209 553 1245 ἐκλείσθη
566 1210 583 1245 ἡ
604 1209 672 1245 πρὸς
688 1210 802 1238 θάνατον
824 1211 894 1238 πύλη
919 1212 994 1239 εἰσά-

212 1263 310 1290 γουσα.

551 1303 614 1339 per)
628 1304 661 1331 θ’.

255 1348 320 1375 ’1δού
339 1357 368 1375 σε
384 1348 434 1384 τὴν
451 1348 545 1385 κλίνην
563 1349 690 1385 Σολομῶν
710 1349 876 1386 γεραίρομεν
890 1359 996 1386 χαρμο-

215 1393 304 1425 adt/0t;
324 1394 512 1429 μελῳδήμασι,
536 1394 584 1421 καὶ
597 1394 646 1430 τὴν
664 1395 759 1430 τιμίαν
782 1403 829 1422 σου
843 1395 944 1430 ἐσθῆτα
959 1395 998 1427 ὡς

214 1439 298 1474 ἄλλην
313 1439 428 1466 κιύωτδν
447 1439 619 1475 άγιάσματος
645 1439 819 1473 κυκλοῦντες,
843 1440 893 1472 τὰς
912 1441 998 1473 ἰάσεις

214 1484 388 1520 λαμϐάνομεν
401 1485 451 1516 τὰς
463 1485 626 1520 σωτηρίους,
640 1485 684 1512 ἀεὶ
699 1486 832 1520 Παρθένε.

251 1531 339 1566 Ὠρθη
351 1530 399 1557 νῦν
411 1531 429 1566 ἡ
445 1529 505 1557 Θεία
516 1539 563 1557 σου
579 1530 659 1566 σορὸς
673 1533 825 1567 κατέχουσα
836 1531 886 1567 τὴν
899 1532 1000 1567 ἐσθῆτα

214 1576 264 1611 τὴν
271 1576 364 1611 τιμίαν
377 1584 436 1609 σου,
449 1576 544 1611 ὥσπερ
556 1577 646 1611 πηγὴν
660 1576 760 1610 φωτὸς,
777 1577 908 1612 Παρθένε,
924 1578 1000 1604 ἀκτῖ-

215 1631 263 1654 νας
289 1622 413 1657 ἰαμάτων
437 1622 619 1657 ἐκπέμπουσα
642 1622 690 1649 καὶ
719 1623 814 1654 σκότος
838 1622 1000 1658 νοσημάτων

215 1667 360 1698 διώκουσα,
374 1668 407 1703 ῆν
424 1667 492 1702 μετὰ
505 1667 588 1695 πόθου
602 1667 796 1703 ἀσπαζόμεθα.

1084 1123 1257 1152 lllustremus
1281 1124 1382 1151 divinis
1415 1123 1530 1151 canticis
1559 1123 1757 1158 amplissimum
1785 1122 1832 1149 Dei

1050 1170 1267 1203 tabernaculum,
1289 1169 1473 1197 castissimam
1499 1169 1572 1196 inter
1592 1174 1704 1200 matres,
1728 1173 1832 1202 portam

1050 1213 1201 1246 caelestem,
1224 1220 1273 1248 per
1293 1220 1375 1248 quam
1391 1213 1484 1240 clausa
1503 1217 1545 1241 est
1557 1212 1654 1248 janna,
1671 1219 1730 1246 quae
1747 1212 1833 1239 intro-

1049 1258 1166 1286 ducebat
1180 1258 1213 1286 ad
1232 1263 1360 1286 mortem.

1398 1304 1454 1331 Ode
1467 1304 1494 1332 9.

1087 1350 1108 1375 Ο
1129 1348 1212 1384 Virgo
1228 1353 1370 1384 perpetrm,
1391 1348 1510 1384 ingentis
1531 1347 1631 1375 lmtitiae
1642 1347 1756 1375 canticis
1771 1355 1836 1376 ecce

1051 1401 1216 1422 veneramur
1237 1398 1262 1421 te
1283 1393 1410 1421 lectulum
1434 1393 1610 1421 Salomonis:
1634 1399 1666 1419 ac
1686 1393 1834 1428 pretiosam

1052 1444 1153 1468 vestem
1169 1443 1245 1467 tuam
1261 1443 1390 1474 tanquam
1409 1438 1489 1466 aliam
1506 1438 1731 1466 sanctiﬁcationis
1743 1446 1834 1466 aream

1052 1485 1264 1517 circumdantes,
1276 1485 1407 1512 salutares
1422 1484 1474 1519 21
1493 1484 1613 1511 medelas
1624 1484 1782 1519 recipimus.

1088 1530 1165 1559 Sicut
1180 1530 1248 1560 _l'ons
1265 1530 1334 1558 lucis
1348 1530 1407 1557 visa
1430 1534 1482 1563 est,
1510 1537 1527 1557 ο
1542 1528 1635 1564 Virgo,
1656 1537 1718 1556 arca
1736 1529 1779 1556 illa
1795 1529 1836 1556 (li-

1052 1578 1127 1611 vina,
1147 1584 1209 1612 quae
1226 1575 1349 1604 continet
1365 1580 1469 1603 vestem
1488 1579 1561 1602 tuam
1577 1575 1736 1610 pretiosam,
1758 1575 1837 1601 emit-

1053 1629 1113 1652 tens
1124 1623 1215 1651 radios
1231 1622 1417 1654 curationum,
1436 1629 1468 1649 ac
1478 1622 1604 1649 tenebras
1619 1621 1777 1648 morborum
1791 1620 1825 1647 de

1054 1669 1173 1705 pellens;
1188 1669 1248 1697 ideo
1266 1669 1339 1695 illam
1356 1675 1418 1695 cum
1437 1667 1534 1695 affectu
1549 1667 1753 1695 deosculamur.

251 1713 374 1748 Σήμερον
394 1713 588 1748 συγχαίρουσιν
608 1713 685 1748 ἡμῖν,
700 1709 866 1748 πανάμωμε.
884 1721 999 1749 προσκυ-

1091 1714 1237 1742 Exsultant
1256 1713 1401 1741 nobiseum
1423 1713 1515 1746 hodie,
1536 1721 1553 1741 ο
1575 1712 1837 1743 immaculatissinia,

215 1759 292 1794 νήσιι
314 1759 364 1795 τῆς
386 1759 500 1794 ἐσθῆτός
524 1767 571 1786 σου
596 1760 682 1787 πᾶσαι
711 1759 838 1795 οὐράνιαι
853 1759 1000 1794 Δυνάμεις,

216 1805 370 1838 ἀπόστολοι,
390 1805 539 1840 προφῆται,
555 1805 602 1832 καὶ
620 1805 770 1840 μάρτυρες,
794 1807 842 1832 καὶ
856 1805 936 1837 ὅσιοι,
952 1806 1002 1832 καὶ

216 1852 314 1879 δίκαιοι
328 1852 456 1884 ἅπαντες,
476 1851 608 1879 Δέσποινα
621 1853 690 1888 μόνη
705 1853 748 1879 ἀεὶ
761 1852 895 1888 Παρθένε.

258 1898 401 1932 Ἦτίασται
426 1897 548 1933 ἃπασαή
565 1897 620 1933 γῆ,
637 1897 772 1931 πανάγιον
795 1896 843 1924 τοῦ
865 1897 1001 1923 Δεσπότου

218 1944 401 1979 καταγώγιον,
416 1946 449 1979 τῇ
464 1943 610 1970 καταθέσει
623 1943 675 1978 τῆς
690 1943 804 1978 ἐσθῆτος
816 1943 866 1978 τῆς
878 1942 939 1977 σῆς,
955 1942 1003 1969 καὶ

217 1991 232 2016 ὁ
245 1990 326 2016 Δασὶδ
339 1989 522 2024 ὲπαγάλλεται
533 1991 583 2025 τῆς
599 1989 682 2016 πάλαι
700 1988 820 2016 κιΰωτοῦ
847 1988 1003 2024 προτυπού-

219 2043 269 2070 σης
283 2043 313 2061 σε
326 2036 360 2070 τῇ
375 2035 531 2068 καταθέσει,
547 2035 591 2062 ἀεὶ
611 2034 747 2070 Παρθένε.

253 2081 367 2116 Φαιδρδν
377 2081 550 2117 περιὸόλαιον
563 2080 595 2107 τὸ
606 2081 653 2107 σὺν
666 2081 799 2116 μαφόριον
814 2080 943 2115 ἐδωρήσω
955 2080 1003 2107 xui.

219 2126 402 2161 προτείχισμα
423 2127 456 2162 τῇ
481 2135 511 2152 σε
534 2126 641 2162 τιμώσῃ
671 2125 787 2161 βασιλίδι
810 2125 865 2152 τῶν
898 2125 1002 2152 πόλεων

218 2172 324 2205 πασῶν,
341 2172 379 2204 ὡς
399 2172 557 2207 βασίλισσαν
574 2172 701 2200 ἁπάντων
719 2172 882 2207 ποιημάτων
897 2172 1002 2207 τυγχά-

219 2227 328 2251 νουσαν,
342 2218 495 2254 Θεοκυῆτορ
512 2218 736 2254 μητροπάρθενε.

590 2276 628 2302 Ε’.

220 2331 290 2366 Περὶ
304 2330 357 2365 τῆς
369 2332 466 2365 τιμίας
484 2331 575 2365 ζώνης
597 2332 651 2366 τῆς
668 2333 832 2366 «animm-[ac
857 2334 1003 2359 Gsoziiuov

254 2366 360 2394 Κανὼν
375 2367 414 2396 E'.
428 2365 464 2395 οὗ
479 2368 498 2401 ἠ
519 2365 692 2401 άκροσῗιχίς
708 2365 774 2394 ἐστι
785 2376 791 2382 ·
811 2377 820 2392 ι
844 2367 943 2400 Ἰσχύν
961 2375 1000 2401 με

254 2402 311 2436 τὴν
323 2402 384 2436 σὴν
400 2401 508 2434 ζῶσον,
529 2402 605 2436 ἁγνὴ
619 2403 761 2436 Πηρθὲνε.
776 2412 785 2427 ι
807 2401 927 2437 Ἰωσήφ.

564 2459 626 2486 Ὠδὴ
642 2462 677 2486 α’.

564 2459 571 2469 ’
595 2459 618 2485 δ’
642 2462 677 2486 α’.

261 2506 348 2540 ’ἰσχύν
364 2513 398 2540 με
413 2504 487 2532 θείαν
502 2459 627 2536 εὖθ’εὲῶὲ
635 2503 786 2537 περίζωσον
803 2504 1005 2539 ὑμνολογοῦντά

223 2560 269 2578 σου
285 2551 335 2587 τὴν
351 2551 428 2587 ἱερὰν
444 2550 532 2587 ζώνην
547 2551 618 2577 θεῖον
641 2549 864 2585 χρηματίζουσαν
879 2551 912 2585 τῇ
928 2550 1006 2576 πόλει

222 2607 269 2625 σου
283 2598 447 2634 περίζωσμα
465 2597 512 2624 καὶ
528 2596 703 2632 κραταίωμα,
714 2595 800 2631 Κόρη,
816 2596 864 2622 καὶ
881 2596 1002 2631 aeaut;

257 2687 313 2720 (‘26)
328 2687 420 2714 Exstat
439 2687 482 2714 hic
504 2693 593 2714 canon
615 2685 708 2713 Graece
723 2685 749 2712 in
764 2684 872 2712 illenzeis
892 2684 1002 2712 Grch-

223 2729 292 2753 rum,
307 2727 360 2749 tam
375 2722 527 2757 impressis,
537 2728 618 2756 quam
632 2721 834 2757 manuscriptis,
846 2720 954 2757 subdit:
967 2720 999 2747 51

221 2757 346 2790 Augusti‘,
369 2754 423 2790 quo
445 2757 488 2784 die
506 2754 570 2784 oliin
591 2755 826 2789 Constantinopoli
846 2755 871 2782 in
888 2754 1004 2782 Chaleo-

223 2792 325 2825 prateio
342 2791 530 2819 coli-brahaiur
551 2792 648 2819 festum
674 2790 854 2824 Depositionis
880 2790 1005 2825 pretiosa:

223 2834 309 2853 zonm.
328 2834 375 2853 seu
393 2827 494 2860 eingnli
510 2826 689 2854 sanctissima:
701 2825 747 2852 Dei
762 2825 920 2860 Genitricis.

268 2861 326 2896 (‘2'!)
341 2859 598 2896 Przeterrlosephum
613 2866 748 2892 nostrum,
759 2859 1005 2896 sacratampeipa-

223 2903 261 2924 rte
272 2893 369 2924 'zonam
385 2896 492 2932 hymnis
503 2893 530 2924 et
548 2897 672 2924 laudibus
688 2895 833 2924 celebravit
847 2893 875 2922 S.
890 2893 1004 2922 Genna-

1054 1761 1081 1788 in
1101 1761 1261 1788 adoratione
1282 1760 1366 1788 vestis
1387 1763 1451 1793 tuae,
1474 1758 1600 1787 Virtutes
1620 1758 1757 1790 coelestes,
1774 1765 1840 1792 apo~

1053 1806 1127 1838 stoli,
1143 1806 1283 1842 prophetae
1293 1809 1321 1833 et
1332 1810 1484 1840 martyres;
1497 1810 1525 1832 et
1540 1804 1628 1831 sancti
1645 1811 1678 1831 ac
1694 1804 1762 1838 justi
1777 1804 1839 1831 uni—

1054 1851 1144 1885 versi;
1158 1859 1175 1879 o
1190 1852 1306 1878 Domina
1321 1851 1380 1878 sola
1398 1850 1482 1886 Virgo
1501 1854 1644 1885 perpetua.

1087 1898 1279 1932 Propositione
1291 1896 1374 1924 vestis
1389 1901 1453 1928 tuae,
1467 1896 1636 1923 sanctiﬁcata
1649 1899 1692 1922 est
1707 1895 1836 1922 universa

1053 1948 1138 1974 terra.
1163 1951 1179 1971 ο
1202 1943 1407 1971 sanctissimum
1440 1941 1549 1969 Domini
1578 1941 1785 1968 habitaculum:
1812 1945 1841 1967 ct

1053 1989 1201 2017 exsultavit
1217 1989 1282 2016 olim
1299 1988 1381 2016 David
1398 1988 1425 2015 in
1441 1988 1609 2023 expositione
1626 1994 1708 2018 arcae,
1723 1993 1785 2020 quae
1800 1989 1837 2017 te,

1054 2042 1070 2062 ο
1089 2034 1170 2069 Virgo
1183 2039 1325 2070 perpetua,
1342 2033 1545 2068 praetigurabat.

1090 2079 1165 2107 lianc
1185 2085 1286 2107 vestem
1307 2084 1382 2106 tuam
1399 2085 1529 2114 tanquam
1551 2079 1710 2113 praeclarum
1737 2077 1838 2105 vallum

1054 2134 1086 2154 ac
1103 2126 1302 2153 munimentum
1324 2126 1431 2152 donasti
1454 2125 1553 2159 reginae
1568 2124 1690 2151 omnium
1716 2123 1838 2154 urbium,

1055 2180 1114 2207 quae
1129 2178 1154 2200 le
1165 2172 1240 2205 colit,
1249 2172 1331 2199 veluti
1343 2171 1473 2206 Reginam
1484 2171 1606 2198 omnium
1615 2174 1814 2201 creaturarum,
1824 2177 1841 2196 ο

1054 2218 1101 2246 Dei
1121 2218 1242 2247 Genitrix
1260 2217 1343 2254 Virgo
1358 2221 1455 2245 mater.

1438 2272 1458 2299 V

1056 2332 1095 2359 De
1116 2332 1229 2365 pretiosa
1246 2339 1312 2358 zona
1333 2331 1362 2358 Β.
1390 2331 1506 2366 Virginis
1530 2329 1758 2365 Constantinopoli
1778 2330 1842 2356 olim

1089 2371 1233 2399 (reservata,
1252 2367 1343 2393 Comm
1368 2366 1389 2392 V
1407 2366 1475 2401 (26),
1501 2366 1575 2400 cujus
1603 2366 1759 2401 acroatichis
1781 2371 1841 2391 est:

1090 2412 1099 2428 ι
1122 2402 1221 2429 Robore
1232 2409 1271 2428 me
1281 2401 1386 2436 accinge
1403 2406 1458 2432 uta,
1476 2409 1491 2427 ο
1506 2406 1580 2428 casta
1602 2400 1690 2435 Virga.
1709 2409 1718 2425 ι
1732 2400 1840 2434 Ioseph.

1395 2457 1452 2484 0(10
1474 2457 1500 2484 1.

1092 2504 1198 2532 Robore
1224 2504 1316 2530 divino
1336 2503 1485 2530 clementer
1511 2509 1554 2529 me
1579 2502 1720 2530 circumda
1745 2507 1772 2529 et
1796 2509 1842 2529 σοι

1055 2550 1143 2584 cinge,
1158 2557 1174 2575 ο
1190 2549 1349 2576 intemerata
1364 2547 1462 2583 Virgo!
1480 2547 1590 2582 quando
1606 2553 1743 2575 sacratam
1770 2555 1842 2574 nunc

1057 2603 1153 2623 zonam
1167 2600 1240 2622 tuam
1252 2595 1362 2630 hymnis
1373 2594 1483 2621 celebro
1499 2593 1567 2630 (‘27),
1583 2601 1645 2629 qua:
1661 2594 1732 2621 hanc
1743 2585 1841 2620 civitai

1056 2692 1108 2712 nus
1125 2684 1279 2719 patriarcha
1293 2684 1624 2719 Constantinopolitanus.
1640 2686 1666 2709 et
1681 2681 1841 2719 Etﬂhymius

1058 2716 1208 2747 monachus
1229 2719 1391 2753 Zigabeuus,
1409 2716 1524 2753 tlterdue
1539 2719 1565 2745 in
1585 2717 1715 2753 Encomio
1731 2717 1757 2753 in
1773 2716 1841 2742 ado-

1054 2754 1188 2781 ralionem
1208 2751 1368 2781 venerandae
1391 2761 1466 2781 zome
1480 2751 1670 2780 sanctissima:
1701 2751 1840 2783 Dciparae;

1054 2789 1119 2816 item
1147 2789 1279 2824 Georgius
1295 2787 1646 2824 Nieomediensispcanone
1658 2785 1700 2824 _d_o
1726 2785 1841 2824 ¹θεροεεὶ-

1054 2824 1127 2850 tione
1155 2819 1316 2851 veneranda
1346 2831 1422 2851 zona:
1450 2821 1630 2850 sanctissimae
1658 2819 1792 2855 Virginis
1812 2819 1839 2846 in

1055 2858 1223 2889 Blachernis,
1244 2859 1291 2893 qui
1306 2866 1394 2885 canon
1409 2857 1501 2893 Graece
1518 2859 1607 2893 exstat
1627 2863 1678 2881 ms.
1698 2854 1723 2881 in
1745 2854 1841 2881 codice

1056 2893 1229 2922 Bibliotheca:
1252 2889 1409 2921 monasterii
1426 2892 1532 2927 Cryptae
1563 2889 1682 2917 Fcrrata:
1703 2898 1711 2917 :
1733 2896 1839 2917 necnon
