2077 3157
260 171 324 204 1011

804 175 833 204 S.
853 174 1011 205 JOSEPHI
1030 176 1311 208 HYMNOGRAPHI

1807 178 1876 211 1012

259 235 312 257 tem
333 230 387 266 aa
407 233 481 257 tuam
507 229 591 265 cingit
607 234 637 258 ut
658 229 758 257 vallum
773 235 799 258 et
818 230 888 261 forte
903 231 1033 266 quoddam

1092 235 1296 270 περιτείχισμα,
1314 235 1430 270 ἀχραντε
1458 234 1590 271 Παρθάνε,
1616 236 1650 271 τῇ
1683 235 1784 271 ποίμνῃ
1817 244 1874 264 σου.

257 275 487 310 propugnaculum
507 274 542 302 ab
557 275 617 308 ipso
631 276 709 303 nobis
723 273 840 303 Numine
855 283 1016 304 concessum
1030 287 1038 306 :
1058 285 1119 312 qua:
1134 280 1197 307 item
1211 284 1320 308 tuorum
1335 280 1465 308 clientum
1480 288 1588 316 gregem
1625 281 1713 308 munit
1745 286 1874 317 tanquam

258 320 328 347 muri
354 319 464 355 quidam
501 319 621 348 ambitus
646 320 719 348 nulla
747 328 878 363 unquam_
900 323 925 349 vi
960 324 1138 358 rumpendas.

292 364 511 400 Omnipotentem
525 365 653 401 peperisti
670 365 765 398 Deum,
775 373 791 392 ο
805 365 1036 395 incontaminatal

253 409 304 448 'qui
319 419 414 440 omnes
429 412 488 447 pios
509 413 627 448 accingit
649 413 768 440 virtute:
791 413 863 441 unde
887 414 994 441 beatam
1012 418 1039 442 te

258 457 440 490 nominantes,
469 459 539 486 hanc
560 458 701 486 caelestem
727 466 823 486 zonam
847 464 921 487 tuam
942 467 1039 495 magna

256 502 411 529 animorum
427 503 521 530 laetitia
535 504 739 537 deosculamur,
757 509 786 531 ut
796 511 828 531 ex
839 511 892 539 qua
909 509 1040 540 tanquam

256 547 329 574 l'onte
342 547 458 582 gratiam
474 548 618 576 haurimus
637 550 664 575 et
679 549 905 577 misericordiam.

233 596 239 622 ς
289 591 364 619 Bona
388 591 470 620 hodie
495 592 556 621 luce
581 597 677 622 exorta
704 602 766 621 cttm
794 594 914 630 tripudio
940 603 1040 630 magno

233 638 424 667 .cxsultemus
437 644 548 675 pr0pter
561 645 675 668 sacrata
687 649 773 674 zonae,
788 649 849 676 quae
869 647 973 669 castam
990 640 1039 670 Dei

253 682 397 712 Parentem
422 685 518 719 cinxit,
536 686 607 721 apud
626 694 675 715 nos
700 686 745 715 hic
763 687 893 722 depositae
907 687 1039 715 solemni-

254 734 337 756 tatem
352 729 408 765 (28)
421 740 427 758 :
440 738 473 758 ex
488 739 542 766 qua
562 731 643 760 nobis
660 740 728 760 zona
745 737 903 760 contextum
924 737 966 761 est
978 733 1038 761 cin-

1123 371 1159 398 Σὺ
1176 370 1222 398 τὸν
1236 370 1303 398 Θεὸν
1320 370 1367 398 τὸν
1380 371 1496 399 δυνατὸν
1518 371 1638 407 ἐκύησας
1651 371 1871 407 περιζωννύοντα

1087 417 1151 447 τοὺς
1168 415 1290 448 εὐσεσετς
1313 417 1419 447 πάντας
1444 416 1572 452 δύναμιν,
1599 418 1756 453 παναμωμε
1767 426 1774 434 ·
1789 419 1829 446 διό
1842 427 1873 446 σε

1089 461 1289 497 μακαρίζομεν,
1309 461 1357 489 καὶ
1377 461 1427 497 τὴν
1448 461 1524 488 θείαν
1537 470 1585 489 σου
1601 461 1691 497 ζώνην
1713 463 1874 499 παριχαρῶς

1087 507 1272 542 ἀσπαζόμενοι
1287 507 1367 543 χάριν
1380 507 1570 544 ἀπαντλοῢμεν
1584 508 1631 535 καὶ
1645 508 1731 541 ἔλεος.

1123 595 1307 632 Χαρμονικῶς
1320 596 1354 631 τῇ
1370 595 1518 623 καταθέσει
1536 596 1657 632 σήμερον
1669 597 1874 632 πριχορεύσω-

1089 650 1141 678 μεν
1157 642 1209 676 τῆς
1235 642 1311 677 ἱερᾶς
1332 640 1422 674 ζώνης
1446 641 1498 676 τῆς
1520 641 1607 677 ἁγνῆς
1630 641 1783 675 θεόπαιδος,
1797 642 1828 675 ἐξ
1841 640 1875 678 ἧς

1087 687 1154 722 ἡμῖν
1177 685 1340 721 περίζωσμα
1364 685 1522 722 ἀφθαρσίας
1552 685 1681 722 ὑφάνθη,
1704 687 1753 714 καὶ
1778 686 1859 723 ἀδιάῤ

1087 734 1189 768 ῥηκτον
1203 732 1314 768 ἔνδυμα,
1331 732 1379 759 καὶ
1393 721 1524 769 περιϐολὴ
1536 721 1733 769 ἀδιάσπαστος.
1842 721 1848 723 -
1880 721 1891 747 ⁸

253 775 358 809 gulum,
374 776 446 811 quod
466 784 520 804 non
536 776 685 813 corrumpi,
700 782 727 806 ct
741 777 943 812 indumentum,
961 777 1034 814 quod
1051 784 1107 805 non
1139 777 1265 810 lacerari,
1279 781 1306 806 et
1337 777 1455 815 denique
1465 777 1588 814 pallium,
1600 777 1674 814 quod
1690 785 1746 806 non
1765 778 1844 806 avelli
1858 786 1875 807 a

252 819 331 847 nobis
343 823 443 855 potest.

285 867 309 895 0
324 872 401 895 extra
424 875 532 896 omnem
553 868 777 905 reprehensionis
799 871 886 898 aleam
903 869 1036 899 collocata
1052 881 1074 910 Β

251 913 351 949 Virgo!
367 914 484 949 populus
500 919 565 943 tuus
586 923 686 950 magno
698 924 781 944 cursu
796 917 829 944 ad
844 920 920 944 tuam
938 921 1035 952 poten-

251 958 317 985 tiam
334 958 483 991 contendit,
495 963 522 986 et
535 959 562 986 in
577 960 685 988 cunctis
697 960 910 990 adversitatibus
928 961 960 990 ad
974 969 1037 996 pro-

250 1003 397 1031 tectionem
411 1011 441 1031 se
457 1008 532 1032 tuam
547 1004 653 1040 recipit.
670 1003 737 1034 Esto
757 1006 840 1042 igitur
853 1007 961 1035 cunctis
976 1007 1036 1036 loco

249 1048 382 1083 praesidii,
397 1053 426 1077 et
441 1057 612 1085 quaecunque
631 1050 684 1078 sibi
717 1051 783 1086 ipsis
802 1052 946 1087 postulant
961 1053 1036 1080 salu-

250 1094 329 1127 taria,
345 1101 376 1122 ea
389 1094 444 1122 illis
457 1094 549 1122 omnia
565 1095 676 1131 largire,
694 1099 724 1124 tu
745 1104 807 1132 quae
833 1097 956 1132 impertis
971 1098 1033 1126 ani-

250 1139 349 1167 mabus
363 1140 467 1168 nostris
481 1140 671 1168 liberationem
686 1149 702 1168 a
718 1142 933 1172 calamitatibus.

598 1187 655 1216 Ode
673 1188 701 1215 5.

282 1231 445 1260 Βσηονιιιιιτη
464 1240 512 1260 cor
533 1237 670 1267 nostrum,
692 1238 719 1261 et
739 1241 811 1262 novo
834 1235 914 1271 quasi
940 1235 1035 1271 vigore

248 1277 396 1311 hilarescit,
415 1277 480 1305 dum
495 1285 604 1307 sacram
619 1283 705 1312 tuam,
720 1286 738 1307 o
754 1279 847 1315 Virgo,
864 1287 962 1308 zonam
981 1281 1034 1308 ﬁde

246 1321 362 1350 ferventi
385 1323 578 1358 apprehendit,
596 1327 650 1358 qu‘a
673 1323 738 1353 item
760 1333 828 1353 zona
845 1332 894 1353 cor
907 1330 1033 1353 nostrum

245 1367 300 1395 vim
316 1367 406 1396 induit
421 1369 659 1405 inexpugnabilem
681 1370 796 1406 impuris
818 1371 1033 1406 appetitionibus

1130 870 1199 898 ’Υπδ
1213 870 1262 906 τὴν
1276 868 1327 906 σὴν
1338 870 1353 897 ὸ
1370 869 1417 903 σὸς
1430 870 1506 904 λαὸς,
1521 871 1689 907 πανάμωμε,
1712 871 1876 907 προστρέχει

1084 915 1211 952 δύναμιν,
1229 916 1283 942 ὑπὸ
1293 915 1342 952 τὴν
1358 915 1409 952 σὴν
1426 915 1532 953 σκέπην
1553 916 1722 952 καταφεύγει
1738 916 1854 945 πάντοτε
1865 925 1873 932 ·

1086 962 1154 990 πᾶσι
1179 961 1258 997 γενοῦ
1285 960 1416 997 βοήθεια,
1436 962 1487 989 καὶ
1508 961 1543 989 τὰ
1562 962 1631 999 πρὸς
1655 962 1793 998 σωτηρίαν
1816 963 1875 995 τοῖς

1085 1008 1152 1035 πᾶσι
1175 1007 1247 1035 δίδου
1269 1007 1412 1043 αιτήματα
1442 1007 1568 1040 σώζουσα
1591 1007 1687 1037 δεινῶν
1710 1008 1761 1040 τὰς
1785 1007 1876 1044 ψυχὰς

1083 1053 1175 1088 ἡμῶν·

1428 1187 1491 1224 “est
1504 1190 1544 1223 γ’-

1119 1233 1299 1268 Νεουργεϊται
1313 1232 1424 1268 καρδία,
1440 1233 1532 1260 πίστει
1555 1232 1645 1269 θερμῇ
1660 1231 1786 1268 ψαύουσα
1799 1231 1873 1268 ζώνῃ

1084 1279 1145 1314 ῑιρᾷ
1155 1279 1206 1314 τῆς
1221 1278 1372 1315 Παρθένου,
1390 1279 1438 1317 καὶ
1456 1279 1657 1315 πσριζώννυται
1670 1278 1785 1313 δύναμιν
1799 1278 1874 1313 ἄμας

1083 1333 1140 1360 χον,
1155 1323 1227 1351 κατὰ
1237 1324 1333 1352 παθῶν
1342 1324 1517 1361 ἀκαθάρτων,
1530 1324 1684 1360 δυσμενῶν,
1699 1324 1831 1360 ἀσάρκων
1840 1331 1872 1353 τε

1082 1370 1206 1405 ἄτρωτος
1227 1370 1359 1406 μένουσα.

245 1413 424 1447 debellandis,
457 1421 490 1442 ac
512 1414 594 1443 simul
621 1415 685 1444 hinc
710 1405 866 1451 perseverat
885 1415 958 1444 idem
987 1423 1036 1445 cor
1072 1421 1198 1444 nostrum
1228 1405 1350 1451 penitus
1376 1405 1576 1444 invulnerabile
1607 1423 1623 1444 a
1651 1415 1794 1452 spiritibus
1817 1417 1875 1446 ini-

246 1458 337 1486 micis.

288 1505 444 1535 Etiamnum
465 1511 557 1535 manet
571 1507 729 1543 incorrupta
754 1514 824 1536 aena
846 1508 903 1537 haec
913 1511 1031 1540 sacrata,

1119 1507 1204 1536 Μένει
1223 1507 1343 1544 ἄφθορος
1358 1507 1398 1535 ἔτι
1412 1508 1430 1544 ἡ
1445 1507 1507 1544 ἱερὰ
1531 1506 1603 1544 ζώνη
1621 1515 1682 1541 σον,
1700 1507 1763 1543 ἥτις
1778 1516 1827 1534 σου
1839 1507 1871 1534 τὸ

243 1560 306 1589 quae
321 1553 386 1580 olim
406 1561 507 1588 corpus
528 1558 604 1582 tuum
622 1554 704 1582 nullis
722 1561 843 1590 unquam
860 1555 998 1588 sordibus,
1014 1562 1031 1582 o

1084 1554 1219 1590 ἄχραντον
1240 1553 1429 1590 σῶμα,Κ6ρη,
1443 1553 1566 1587 διέζωσε,
1586 1552 1793 1588 καθαγιάζουσα
1807 1552 1871 1584 τοὺς

245 1601 340 1636 Virgo,
358 1600 533 1636 inquinatum
551 1600 756 1633 circumcinxit,
775 1604 802 1628 et
821 1607 948 1634 magnam
971 1600 1035 1628 inde

244 1647 328 1674 trahit
344 1647 480 1681 hodieque
494 1646 641 1673 elIicaciatn
660 1645 713 1681 23
730 1645 763 1673 ad
781 1646 834 1673 hos
854 1653 951 1674 omnes
964 1653 1035 1682 quo-

1087 1599 1208 1632 εὑσισῶς
1225 1600 1400 1634 προσιόντας,
1426 1599 1474 1627 καὶ
1489 1599 1592 1636 φθορᾶς
1607 1599 1766 1635 ἑξαίρουσα,
1783 1598 1871 1626 νόσων

1088 1646 1136 1672 καὶ
1150 1642 1277 1679 θλίψεων.

243 1693 390 1721 dammodo
404 1691 627 1723 sanctiﬁcandos,
645 1692 691 1727 qui
707 1698 737 1719 se
760 1692 804 1726 pie
825 1692 973 1720 conferunt
986 1692 1022 1720 ad
1040 1698 1101 1721 eam
1121 1691 1318 1724 venerandam,
1344 1690 1475 1727 ipsosque
1504 1690 1541 1719 ab
1573 1690 1684 1719 interitu
1699 1698 1748 1726 per
1762 1691 1871 1719 morbos

243 1746 269 1768 et
283 1741 353 1769 alias
368 1740 539 1768 calamitates
552 1740 728 1767 imminentes
745 1739 854 1767 liberat.

282 1786 405 1814 Maxima:
427 1784 639 1820 pulchritudinis
654 1784 754 1812 domus
772 1784 901 1813 exstitisti
923 1789 952 1812 tu
972 1773 1031 1820 ipsa

242 1840 353 1868 quoque
367 1840 414 1866 pro
431 1831 521 1858 Verbo
540 1831 632 1858 divino
646 1839 679 1859 ex
695 1836 720 1858 te
740 1831 893 1864 incarnato,
907 1839 924 1859 ο
945 1831 1031 1861 Mater

242 1879 417 1909 iit-maculata
428 1879 435 1906 l
448 1878 561 1913 jamque
574 1877 627 1906 sibi
641 1878 834 1912 complacitum
851 1882 894 1905 est
911 1878 988 1910 item,
1001 1882 1031 1905 ut

243 1927 301 1955 huc
316 1933 384 1954 zona
400 1930 446 1953 tua
459 1925 486 1952 in
504 1930 599 1952 sancta
611 1924 694 1952 domo
705 1924 770 1956 ista,
785 1931 846 1959 qua:
861 1923 967 1951 nomini
982 1928 1029 1950 tuo

1123 1784 1327 1821 Ἐχρημάτισας
1341 1782 1414 1818 οἶκος
1438 1783 1615 1820 περικαλλὴς,
1631 1785 1762 1820 ἄχραντι,
1783 1785 1871 1820 Λόγου

1082 1831 1130 1858 τοῦ
1150 1832 1182 1857 ὲκ
1196 1831 1243 1859 σοῦ
1255 1831 1454 1866 σαρκωθέντος.
1465 1831 1514 1858 καὶ
1525 1832 1555 1858 ὲν
1570 1831 1644 1867 ἁγίῳ
1653 1840 1700 1859 σου
1716 1832 1785 1867 οῐιῳ
1797 1832 1872 1858 εὐδο-

1083 1877 1218 1912 κήσαντος
1234 1876 1323 1912 ζώνην
1337 1877 1386 1913 τὴν
1407 1877 1457 1912 σὴν
1479 1877 1631 1913 ἰντεθῆναι,
1645 1877 1680 1913 ἢν
1696 1877 1872 1910 κατασπαζό-

1082 1931 1159 1958 μενοι
1172 1922 1355 1957 ἁγιαζόμεθα.

242 1977 401 2001 consecrata
419 1977 471 2004 est,
491 1975 651 2005 reponatur,
688 1978 772 2005 quam
787 1975 814 1998 et
836 1977 886 1998 nos
919 1970 972 2006 piis
991 1969 1093 2006 passim
1117 1969 1220 1997 osculis
1254 1969 1471 2004 irequentantes,
1501 1969 1566 1997 inde
1584 1969 1704 1998 l‘rnctum
1724 1969 1871 2005 quemdam

241 2018 394 2046 sanctitatis
409 2017 576 2045 obtinemus.

277 2065 430 2095 Eminentia
439 2065 519 2101 pretii
535 2072 633 2093 zonam
649 2055 895 2099 tuum,oDeipara,
911 2071 1026 2092 venera-

241 2113 334 2142 διιπάο
348 2112 438 2140 cordis
454 2111 552 2146 juhilo,
573 2118 669 2138 omnes
690 2110 871 2138 circumcirca
887 2110 1027 2145 amplexa:

1117 2063 1173 2098 Τὴν
1198 2062 1292 2098 τιμίαν
1316 2071 1364 2089 σου
1393 2044 1484 2097 ζώνην
1509 2063 1662 2097 τιμητικῶς
1694 2063 1817 2095 ἅπαντας
1841 2064 1872 2091 ιν

1080 2107 1240 2141 ἀγαλλιάσει
1255 2107 1371 2142 καρδίας
1390 2107 1723 2143 περιπτυσσόμεθατιμὴν
1729 2107 1872 2143 ὑπάρχου-

241 2167 315 2192 mur,
343 2162 472 2193 tanquam
505 2157 589 2185 decue
618 2156 836 2184 Christianitatis
873 2157 1025 2188 universae;

1082 2161 1129 2180 σαν
1147 2153 1256 2180 πάντων
1270 2152 1384 2190 atteram,
1405 2152 1531 2185 Θεοτόκε,
1545 2151 1587 2184 ὡς’
1610 2152 1649 2188 τῷ
1667 2152 1812 2189 om:th
1823 2161 1874 2180 σου

241 2204 464 2241 quandoquidem
491 2203 537 2230 illa
560 2207 685 2230 sanctum
709 2209 809 2237 corpus
836 2206 923 2234 tuum,
954 2202 1028 2236 quod

1083 2199 1227 2234 ψαύσασαν
1243 2198 1361 2234 σώματι.

241 2258 321 2277 omne
336 2249 454 2285 pretium
472 2253 500 2276 et
512 2248 645 2275 honorent
656 2252 779 2282 supcrat,
794 2248 927 2283 attingere
945 2247 1027 2283 digna

241 2296 303 2324 fuit.

570 2339 627 2369 Ode
648 2341 676 2370 ι.

277 2385 320 2414 'I‘n
335 2387 446 2421 quidem
468 2386 496 2414 in
522 2386 607 2415 altum
623 2390 761 2420 assumpta
783 2386 817 2414 ad
835 2386 1026 2414 inaccessibile

241 2433 333 2460 lumen
351 2433 491 2460 accessiin
506 2442 513 2460 :
529 2432 679 2460 at-cunctis
697 2433 806 2459 interim
823 2432 930 2459 beatam
943 2436 970 2459 te
985 2432 1026 2459 di-

241 2478 368 2507 centibus
390 2479 452 2506 loco
475 2479 514 2507 tui
539 2478 694 2507 intcmerati
717 2478 852 2515 eorpotis,
878 2478 1027 2513 pretiosam

242 2563 396 2592 anonymus
421 2561 525 2592 auctori
541 2555 830 2592 antiquuerncomio
855 2556 881 2592 in
909 2553 1023 2590 Deposi-

243 2591 345 2619 tionern
363 2599 439 2619 sonte
454 2591 483 2618 8.
501 2591 603 2623 Μανία.
619 2591 691 2626 quod
708 2598 741 2618 ex
762 2591 847 2625 Regio
862 2591 955 2618 (ἔξωθε
970 2599 1021 2618 ms.

241 2628 335 2655 codice
348 2627 429 2658 eruit,
438 2631 465 2654 et
480 2626 576 2654 Latine
586 2634 601 2653 a
615 2635 645 2654 se
658 2626 792 2653 redditum
809 2633 881 2653 anno
894 2626 959 2653 1648
970 2634 1023 2652 una

241 2670 304 2690 cum
322 2661 441 2690 Historia
459 2661 572 2690 haeresis
585 2661 824 2689 Monnthelitarunt
837 2660 949 2688 Parisiis
964 2661 1024 2687 edi-

241 2697 281 2725 dit
306 2697 336 2725 P.
353 2696 517 2725 Franciscus
546 2695 699 2729 Combeﬁs,
724 2694 829 2724 ordinis
857 2693 1024 2723 Praedicato-

243 2740 314 2760 rum.

278 2766 333 2802 (28)
352 2765 744 2802 Sacrosauctam_beatissimat
757 2764 805 2792 Dei
819 2764 913 2793 Matris
925 2773 1026 2802 zonam

242 2800 328 2836 usque
342 2803 410 2830 adeo
428 2801 549 2829 Ecclesia
562 2800 655 2829 Graeca
671 2805 800 2836 venerata
817 2805 870 2836 est,
882 2801 949 2836 utin
966 2800 1026 2834 ejus

243 2835 375 2871 honorem
391 2836 490 2864 festum
507 2835 756 2871 quotannisqdieﬁl
780 2835 882 2871 mensis
900 2835 1025 2871 Augusti,

243 2870 357 2900 solemni
378 2872 433 2900 ritu
451 2869 642 2900 celebrandum
659 2869 809 2898 instituerit
827 2870 853 2897 in
871 2869 1026 2905 rcgia'urbe

1117 2384 1224 2420 Ἥρθης
1248 2384 1316 2420 πρὸς
1331 2384 1388 2419 φῶς
1403 2337 1757 2419 ἄδιὲἱῖεμεταχωρήσασα,
1775 2383 1870 2416 ἔλιπες

1079 2431 1108 2458 δὲ
1123 2433 1178 2463 τοῖς
1188 2439 1217 2458 σε
1229 2430 1429 2466 μακαρίζουσιν
1440 2431 1500 2457 ἀντὶ
1512 2430 1560 2457 τοῦ
1573 2430 1699 2466 σώματός
1714 2439 1775 2463 σου,
1785 2431 1868 2465 ἁγνὴ,

1079 2477 1128 2514 τὴν
1151 2477 1245 2512 τιμίαν
1267 2476 1367 2512 ζώνην,
1395 2476 1486 2511 πηγὴν
1511 2475 1659 2511 θαυμάτων
1679 2476 1871 2512 ὑπάρχουσαν.

1076 2554 1398 2589 Constantinopolitana:
1418 2553 1532 2589 ejusque
1557 2553 1618 2582 festi
1644 2562 1702 2582 non
1727 2554 1816 2582 solum
1841 2554 1870 2582 in

1077 2590 1204 2624 praesenti
1219 2597 1325 2618 canone
1350 2590 1379 2617 S.
1394 2589 1541 2624 Josephus,
1560 2590 1607 2617 sed
1625 2595 1651 2618 et
1672 2589 1827 2617 Germanus
1842 2595 1870 2617 ct

1077 2625 1242 2660 Euthymius
1258 2633 1340 2659 supra
1355 2625 1442 2657 relati,
1463 2625 1625 2653 Emmanuel
1640 2625 1797 2660 Cotnnenus
1816 2626 1869 2650 int-

1097 2659 1187 2687 erator
1215 2660 1242 2687 in
1273 2668 1323 2688 suo
1348 2660 1438 2688 edicto
1463 2661 1498 2687 de
1527 2659 1614 2692 feriis.
1637 2665 1664 2688 et
1702 2659 1867 2686 Kalendaria

1104 2703 1246 2726 raecorum,
1260 2694 1451 2722 Ruthenorum
1476 2699 1504 2722 ct
1524 2694 1654 2729 Syrorum
1675 2695 1814 2729 expressis
1835 2702 1869 2721 ac

1077 2730 1187 2757 disertis
1213 2729 1303 2757 verbis
1333 2730 1491 2757 meminere.
1522 2728 1590 2756 Vide
1616 2728 1809 2757 Colvetieriutn
1839 2729 1867 2756 in

1077 2764 1240 2800 Kalettdario
1252 2764 1373 2800 Mariano
1382 2765 1425 2800 die
1444 2765 1455 2791 l
1468 2764 1607 2800 iAugusti,
1623 2769 1650 2791 et
1662 2769 1740 2800 notas
1758 2768 1867 2792 nostra:

1076 2799 1103 2826 in
1120 2799 1230 2827 lllariale
1248 2799 1277 2827 S.
1293 2799 1422 2828 Germani
1442 2799 1475 2828 ad
1492 2799 1647 2828 orationem
1663 2799 1696 2827 de
1715 2807 1784 2827 zona
1801 2806 1866 2826 san-

1075 2835 1205 2863 ctissituzc
1224 2834 1272 2864 Dei
1286 2833 1390 2863 Matris.
