  <div class='ocr_page' id='page_1' title='image "/cluster/home/n/w/nwhite01/storage/ocr_20150623/105/njp.32101077772893/568.png"; bbox 0 0 2077 3157; ppageno 0'>
   <div class='ocr_carea' id='block_1_1' title="bbox 206 186 276 220">
    <p class='ocr_par' dir='ltr' id='par_1_1' title="bbox 206 186 276 220">
     <span class='ocr_line' id='line_1_1' title="bbox 206 186 276 220; baseline -0.014 0"><span class='ocrx_word' id='word_1_1' title='bbox 206 186 276 220; x_wconf 81' lang='grc'><strong>1013</strong></span> 
     </span>
    </p>
   </div>
   <div class='ocr_carea' id='block_1_2' title="bbox 911 179 1096 212">
    <p class='ocr_par' dir='ltr' id='par_1_2' title="bbox 911 179 1096 212">
     <span class='ocr_line' id='line_1_2' title="bbox 911 179 1096 212; baseline 0 0"><span class='ocrx_word' id='word_1_2' title='bbox 911 179 1096 212; x_wconf 76' lang='lat' dir='ltr'><strong>MARIALE.</strong></span> 
     </span>
    </p>
   </div>
   <div class='ocr_carea' id='block_1_3' title="bbox 1765 172 1837 204">
    <p class='ocr_par' dir='ltr' id='par_1_3' title="bbox 1765 172 1837 204">
     <span class='ocr_line' id='line_1_3' title="bbox 1765 172 1837 204; baseline -0.014 0"><span class='ocrx_word' id='word_1_3' title='bbox 1765 172 1837 204; x_wconf 68' lang='lat' dir='ltr'><strong>101i</strong></span> 
     </span>
    </p>
   </div>
   <div class='ocr_carea' id='block_1_4' title="bbox 202 229 998 278">
    <p class='ocr_par' dir='ltr' id='par_1_4' title="bbox 202 239 997 278">
     <span class='ocr_line' id='line_1_4' title="bbox 202 239 997 278; baseline -0.006 -7"><span class='ocrx_word' id='word_1_4' title='bbox 202 244 250 271; x_wconf 79' lang='grc' dir='ltr'>καὶ</span> <span class='ocrx_word' id='word_1_5' title='bbox 268 243 352 270; x_wconf 85' lang='grc' dir='ltr'>τόπον</span> <span class='ocrx_word' id='word_1_6' title='bbox 379 242 529 278; x_wconf 72' lang='grc' dir='ltr'><strong>σωτηρίας,</strong></span> <span class='ocrx_word' id='word_1_7' title='bbox 563 241 610 269; x_wconf 80' lang='grc' dir='ltr'>καὶ</span> <span class='ocrx_word' id='word_1_8' title='bbox 638 239 796 277; x_wconf 73' lang='grc' dir='ltr'><strong>χαράκωμα</strong></span> <span class='ocrx_word' id='word_1_9' title='bbox 811 239 918 276; x_wconf 87' lang='grc' dir='ltr'>ταύτης</span> <span class='ocrx_word' id='word_1_10' title='bbox 943 239 997 274; x_wconf 83' lang='grc' dir='ltr'>τῆς</span> 
     </span>
    </p>
   </div>
   <div class='ocr_carea' id='block_1_5' title="bbox 1047 229 1838 278">
    <p class='ocr_par' dir='ltr' id='par_1_5' title="bbox 1048 229 1838 271">
     <span class='ocr_line' id='line_1_5' title="bbox 1048 229 1838 271; baseline -0.01 -7"><span class='ocrx_word' id='word_1_11' title='bbox 1048 241 1122 264; x_wconf 84' lang='lat' dir='ltr'><strong>tuam</strong></span> <span class='ocrx_word' id='word_1_12' title='bbox 1138 233 1276 271; x_wconf 87' lang='lat' dir='ltr'><strong>reliquisti</strong></span> <span class='ocrx_word' id='word_1_13' title='bbox 1295 240 1405 265; x_wconf 77' lang='lat' dir='ltr'><strong>zonam,</strong></span> <span class='ocrx_word' id='word_1_14' title='bbox 1423 237 1554 267; x_wconf 86' lang='lat' dir='ltr'><strong>tanquam</strong></span> <span class='ocrx_word' id='word_1_15' title='bbox 1573 229 1769 266; x_wconf 78' lang='lat' dir='ltr'><strong>scaturiginem</strong></span> <span class='ocrx_word' id='word_1_16' title='bbox 1785 231 1838 257; x_wconf 83' lang='lat' dir='ltr'><strong>mi-</strong></span> 
     </span>
    </p>
   </div>
   <div class='ocr_carea' id='block_1_6' title="bbox 201 287 636 326">
    <p class='ocr_par' dir='ltr' id='par_1_6' title="bbox 201 287 636 326">
     <span class='ocr_line' id='line_1_6' title="bbox 201 287 636 326; baseline -0.005 -9"><span class='ocrx_word' id='word_1_17' title='bbox 201 289 304 326; x_wconf 83' lang='grc' dir='ltr'>τιμῶσι</span> <span class='ocrx_word' id='word_1_18' title='bbox 322 297 353 316; x_wconf 87' lang='grc' dir='ltr'><strong>σε</strong></span> <span class='ocrx_word' id='word_1_19' title='bbox 369 287 486 322; x_wconf 82' lang='grc' dir='ltr'>πόλεως,</span> <span class='ocrx_word' id='word_1_20' title='bbox 504 287 636 324; x_wconf 78' lang='grc' dir='ltr'>άχραντε.</span> 
     </span>
    </p>
   </div>
   <div class='ocr_carea' id='block_1_7' title="bbox 239 419 994 459">
    <p class='ocr_par' dir='ltr' id='par_1_7' title="bbox 239 419 994 459">
     <span class='ocr_line' id='line_1_7' title="bbox 239 419 994 459; baseline -0.004 -9"><span class='ocrx_word' id='word_1_21' title='bbox 239 424 310 451; x_wconf 78' lang='grc' dir='ltr'>Νέον</span> <span class='ocrx_word' id='word_1_22' title='bbox 323 423 404 459; x_wconf 74' lang='grc' dir='ltr'>ἡμεῖς</span> <span class='ocrx_word' id='word_1_23' title='bbox 415 423 453 455; x_wconf 83' lang='grc' dir='ltr'><strong>ὡς</strong></span> <span class='ocrx_word' id='word_1_24' title='bbox 466 421 580 458; x_wconf 74' lang='grc' dir='ltr'>οὐρανὸν</span> <span class='ocrx_word' id='word_1_25' title='bbox 596 420 773 456; x_wconf 78' lang='grc' dir='ltr'>ὑπερχόμεθά</span> <span class='ocrx_word' id='word_1_26' title='bbox 786 428 834 448; x_wconf 83' lang='grc' dir='ltr'>σου</span> <span class='ocrx_word' id='word_1_27' title='bbox 849 421 895 447; x_wconf 82' lang='grc' dir='ltr'>τὸν</span> <span class='ocrx_word' id='word_1_28' title='bbox 907 419 994 453; x_wconf 75' lang='grc' dir='ltr'>οἷκον,</span> 
     </span>
    </p>
   </div>
   <div class='ocr_carea' id='block_1_8' title="bbox 204 461 995 505">
    <p class='ocr_par' dir='ltr' id='par_1_8' title="bbox 204 461 995 505">
     <span class='ocr_line' id='line_1_8' title="bbox 204 461 995 505; baseline -0.005 -8"><span class='ocrx_word' id='word_1_29' title='bbox 204 471 234 497; x_wconf 78' lang='grc' dir='ltr'>ὲν</span> <span class='ocrx_word' id='word_1_30' title='bbox 251 467 273 504; x_wconf 82' lang='grc' dir='ltr'>ᾧ</span> <span class='ocrx_word' id='word_1_31' title='bbox 295 468 511 505; x_wconf 85' lang='grc' dir='ltr'>τεθησαύρισται</span> <span class='ocrx_word' id='word_1_32' title='bbox 531 461 657 504; x_wconf 77' lang='grc' dir='ltr'>καθάπερ</span> <span class='ocrx_word' id='word_1_33' title='bbox 679 467 754 502; x_wconf 79' lang='grc' dir='ltr'>ἥλιος</span> <span class='ocrx_word' id='word_1_34' title='bbox 779 466 928 502; x_wconf 80' lang='grc' dir='ltr'>φωτανγής</span> <span class='ocrx_word' id='word_1_35' title='bbox 947 474 995 493; x_wconf 86' lang='grc' dir='ltr'>σου</span> 
     </span>
    </p>
   </div>
   <div class='ocr_carea' id='block_1_9' title="bbox 204 511 997 552">
    <p class='ocr_par' dir='ltr' id='par_1_9' title="bbox 204 511 997 552">
     <span class='ocr_line' id='line_1_9' title="bbox 204 511 997 552; baseline -0.008 -9"><span class='ocrx_word' id='word_1_36' title='bbox 204 517 222 552; x_wconf 82' lang='grc' dir='ltr'><strong>ἠ</strong></span> <span class='ocrx_word' id='word_1_37' title='bbox 234 516 293 543; x_wconf 85' lang='grc' dir='ltr'>θεία</span> <span class='ocrx_word' id='word_1_38' title='bbox 307 515 390 549; x_wconf 82' lang='grc' dir='ltr'>ζώνη,</span> <span class='ocrx_word' id='word_1_39' title='bbox 408 514 488 550; x_wconf 79' lang='grc' dir='ltr'>βολὰς</span> <span class='ocrx_word' id='word_1_40' title='bbox 500 514 649 549; x_wconf 82' lang='grc' dir='ltr'><strong>θαυμάτων</strong></span> <span class='ocrx_word' id='word_1_41' title='bbox 660 512 855 547; x_wconf 74' lang='grc' dir='ltr'><strong>ἐκπέμπουσα,</strong></span> <span class='ocrx_word' id='word_1_42' title='bbox 869 511 915 538; x_wconf 72' lang='grc' dir='ltr'>καὶ</span> <span class='ocrx_word' id='word_1_43' title='bbox 928 511 997 538; x_wconf 89' lang='grc' dir='ltr'>πάν-</span> 
     </span>
    </p>
   </div>
   <div class='ocr_carea' id='block_1_10' title="bbox 204 556 995 597">
    <p class='ocr_par' dir='ltr' id='par_1_10' title="bbox 204 556 995 597">
     <span class='ocr_line' id='line_1_10' title="bbox 204 556 995 597; baseline -0.006 -8"><span class='ocrx_word' id='word_1_44' title='bbox 204 570 259 589; x_wconf 82' lang='grc' dir='ltr'>των</span> <span class='ocrx_word' id='word_1_45' title='bbox 273 561 324 593; x_wconf 85' lang='grc' dir='ltr'><strong>τὰς</strong></span> <span class='ocrx_word' id='word_1_46' title='bbox 348 561 463 597; x_wconf 81' lang='grc' dir='ltr'><strong>καρδίας</strong></span> <span class='ocrx_word' id='word_1_47' title='bbox 484 559 706 594; x_wconf 81' lang='grc' dir='ltr'>καταυγάζουσα,</span> <span class='ocrx_word' id='word_1_48' title='bbox 723 557 809 594; x_wconf 83' lang='grc' dir='ltr'>Κόρη,</span> <span class='ocrx_word' id='word_1_49' title='bbox 829 558 877 584; x_wconf 79' lang='grc' dir='ltr'><strong>καὶ</strong></span> <span class='ocrx_word' id='word_1_50' title='bbox 899 556 995 584; x_wconf 86' lang='grc' dir='ltr'>παθῶν</span> 
     </span>
    </p>
   </div>
   <div class='ocr_carea' id='block_1_11' title="bbox 205 606 546 643">
    <p class='ocr_par' dir='ltr' id='par_1_11' title="bbox 205 606 546 643">
     <span class='ocr_line' id='line_1_11' title="bbox 205 606 546 643; baseline -0.006 -8"><span class='ocrx_word' id='word_1_51' title='bbox 205 608 255 643; x_wconf 85' lang='grc' dir='ltr'>τὴν</span> <span class='ocrx_word' id='word_1_52' title='bbox 267 607 384 643; x_wconf 82' lang='grc' dir='ltr'>ὀμίχλην</span> <span class='ocrx_word' id='word_1_53' title='bbox 398 606 546 634; x_wconf 78' lang='grc' dir='ltr'>διώκουσα.</span> 
     </span>
    </p>
   </div>
   <div class='ocr_carea' id='block_1_12' title="bbox 240 737 995 774">
    <p class='ocr_par' dir='ltr' id='par_1_12' title="bbox 240 737 995 774">
     <span class='ocr_line' id='line_1_12' title="bbox 240 737 995 774; baseline -0.004 -7"><span class='ocrx_word' id='word_1_54' title='bbox 240 740 277 767; x_wconf 78' lang='grc' dir='ltr'>Σὺ</span> <span class='ocrx_word' id='word_1_55' title='bbox 298 739 415 771; x_wconf 80' lang='grc' dir='ltr'>κισωτδς</span> <span class='ocrx_word' id='word_1_56' title='bbox 429 738 477 765; x_wconf 87' lang='grc' dir='ltr'><strong>τοῦ</strong></span> <span class='ocrx_word' id='word_1_57' title='bbox 490 738 587 774; x_wconf 77' lang='grc' dir='ltr'><strong>νοητοῦ</strong></span> <span class='ocrx_word' id='word_1_58' title='bbox 608 739 779 773; x_wconf 82' lang='grc' dir='ltr'>ἁγιάσματος</span> <span class='ocrx_word' id='word_1_59' title='bbox 801 737 995 773; x_wconf 84' lang='grc' dir='ltr'>χρηματίζεις,</span> 
     </span>
    </p>
   </div>
   <div class='ocr_carea' id='block_1_13' title="bbox 205 783 996 822">
    <p class='ocr_par' dir='ltr' id='par_1_13' title="bbox 205 783 996 822">
     <span class='ocr_line' id='line_1_13' title="bbox 205 783 996 822; baseline -0.004 -9"><span class='ocrx_word' id='word_1_60' title='bbox 205 787 335 822; x_wconf 72' lang='grc' dir='ltr'>ἄχραντε,</span> <span class='ocrx_word' id='word_1_61' title='bbox 350 785 520 820; x_wconf 82' lang='grc' dir='ltr'>πανύμνητε.</span> <span class='ocrx_word' id='word_1_62' title='bbox 546 784 594 811; x_wconf 77' lang='grc' dir='ltr'>καὶ</span> <span class='ocrx_word' id='word_1_63' title='bbox 608 784 658 820; x_wconf 81' lang='grc' dir='ltr'>τὴν</span> <span class='ocrx_word' id='word_1_64' title='bbox 678 784 772 819; x_wconf 80' lang='grc' dir='ltr'><strong>τιμίαν</strong></span> <span class='ocrx_word' id='word_1_65' title='bbox 789 783 891 818; x_wconf 77' lang='grc' dir='ltr'>ταύτην</span> <span class='ocrx_word' id='word_1_66' title='bbox 916 783 996 818; x_wconf 79' lang='grc' dir='ltr'>σορὸν</span> 
     </span>
    </p>
   </div>
   <div class='ocr_carea' id='block_1_14' title="bbox 205 828 996 866">
    <p class='ocr_par' dir='ltr' id='par_1_14' title="bbox 205 828 996 866">
     <span class='ocr_line' id='line_1_14' title="bbox 205 828 996 866; baseline -0.004 -9"><span class='ocrx_word' id='word_1_67' title='bbox 205 831 324 866; x_wconf 66' lang='grc' dir='ltr'>ἔχουσαν</span> <span class='ocrx_word' id='word_1_68' title='bbox 338 830 388 865; x_wconf 86' lang='grc' dir='ltr'>τὴν</span> <span class='ocrx_word' id='word_1_69' title='bbox 405 829 494 864; x_wconf 80' lang='grc' dir='ltr'>ζώνην</span> <span class='ocrx_word' id='word_1_70' title='bbox 507 829 541 864; x_wconf 73' lang='grc' dir='ltr'>ἢν</span> <span class='ocrx_word' id='word_1_71' title='bbox 554 829 688 864; x_wconf 80' lang='grc' dir='ltr'><strong>περιοῦσα</strong></span> <span class='ocrx_word' id='word_1_72' title='bbox 703 829 848 864; x_wconf 70' lang='grc' dir='ltr'>ἑφόρεσας,</span> <span class='ocrx_word' id='word_1_73' title='bbox 864 828 996 864; x_wconf 82' lang='grc' dir='ltr'><strong>παρέχεις</strong></span> 
     </span>
    </p>
   </div>
   <div class='ocr_carea' id='block_1_15' title="bbox 205 874 996 912">
    <p class='ocr_par' dir='ltr' id='par_1_15' title="bbox 205 874 996 912">
     <span class='ocr_line' id='line_1_15' title="bbox 205 874 996 912; baseline -0.001 -9"><span class='ocrx_word' id='word_1_74' title='bbox 205 876 245 912; x_wconf 84' lang='grc' dir='ltr'><strong>τῷ</strong></span> <span class='ocrx_word' id='word_1_75' title='bbox 259 876 317 911; x_wconf 84' lang='grc' dir='ltr'>λαῷ</span> <span class='ocrx_word' id='word_1_76' title='bbox 334 884 382 903; x_wconf 86' lang='grc' dir='ltr'>σου</span> <span class='ocrx_word' id='word_1_77' title='bbox 399 874 570 910; x_wconf 81' lang='grc' dir='ltr'>καταφύγιον</span> <span class='ocrx_word' id='word_1_78' title='bbox 589 876 669 908; x_wconf 85' lang='grc' dir='ltr'>πᾶσι,</span> <span class='ocrx_word' id='word_1_79' title='bbox 693 875 741 902; x_wconf 76' lang='grc' dir='ltr'>καὶ</span> <span class='ocrx_word' id='word_1_80' title='bbox 759 875 851 910; x_wconf 79' lang='grc' dir='ltr'>πηγὴν</span> <span class='ocrx_word' id='word_1_81' title='bbox 871 875 996 910; x_wconf 81' lang='grc' dir='ltr'>ἰαμάτων</span> 
     </span>
    </p>
   </div>
   <div class='ocr_carea' id='block_1_16' title="bbox 204 922 352 950">
    <p class='ocr_par' dir='ltr' id='par_1_16' title="bbox 204 922 352 950">
     <span class='ocr_line' id='line_1_16' title="bbox 204 922 352 950; baseline 0 0"><span class='ocrx_word' id='word_1_82' title='bbox 204 922 352 950; x_wconf 77' lang='grc' dir='ltr'>άκένωτον.</span> 
     </span>
    </p>
   </div>
   <div class='ocr_carea' id='block_1_17' title="bbox 1046 275 1838 313">
    <p class='ocr_par' dir='ltr' id='par_1_17' title="bbox 1046 275 1838 313">
     <span class='ocr_line' id='line_1_17' title="bbox 1046 275 1838 313; baseline -0.005 -6"><span class='ocrx_word' id='word_1_83' title='bbox 1046 279 1205 307; x_wconf 86' lang='lat' dir='ltr'><strong>raculorum</strong></span> <span class='ocrx_word' id='word_1_84' title='bbox 1215 283 1245 306; x_wconf 89' lang='lat' dir='ltr'><strong>et</strong></span> <span class='ocrx_word' id='word_1_85' title='bbox 1259 277 1428 313; x_wconf 83' lang='lat' dir='ltr'><strong>ipsissimam</strong></span> <span class='ocrx_word' id='word_1_86' title='bbox 1442 275 1541 304; x_wconf 90' lang='lat' dir='ltr'><strong>salutis</strong></span> <span class='ocrx_word' id='word_1_87' title='bbox 1554 275 1661 307; x_wconf 86' lang='lat' dir='ltr'><strong>sedem,</strong></span> <span class='ocrx_word' id='word_1_88' title='bbox 1673 282 1706 303; x_wconf 86' lang='lat' dir='ltr'><strong>ac</strong></span> <span class='ocrx_word' id='word_1_89' title='bbox 1717 275 1838 310; x_wconf 83' lang='lat' dir='ltr'><strong>denique</strong></span> 
     </span>
    </p>
   </div>
   <div class='ocr_carea' id='block_1_18' title="bbox 1047 321 1838 360">
    <p class='ocr_par' dir='ltr' id='par_1_18' title="bbox 1047 321 1838 360">
     <span class='ocr_line' id='line_1_18' title="bbox 1047 321 1838 360; baseline -0.006 -7"><span class='ocrx_word' id='word_1_90' title='bbox 1047 330 1078 353; x_wconf 91' lang='lat' dir='ltr'><strong>ut</strong></span> <span class='ocrx_word' id='word_1_91' title='bbox 1089 325 1191 352; x_wconf 87' lang='lat' dir='ltr'><strong>vallum</strong></span> <span class='ocrx_word' id='word_1_92' title='bbox 1204 325 1287 360; x_wconf 86' lang='lat' dir='ltr'><strong>hujus</strong></span> <span class='ocrx_word' id='word_1_93' title='bbox 1298 324 1432 356; x_wconf 81' lang='lat' dir='ltr'><strong>civitatis,</strong></span> <span class='ocrx_word' id='word_1_94' title='bbox 1446 330 1508 358; x_wconf 74' lang='lat' dir='ltr'><strong>quae</strong></span> <span class='ocrx_word' id='word_1_95' title='bbox 1526 329 1620 349; x_wconf 82' lang='lat' dir='ltr'><strong>amore</strong></span> <span class='ocrx_word' id='word_1_96' title='bbox 1636 321 1734 357; x_wconf 78' lang='lat' dir='ltr'><strong>ﬂagrat</strong></span> <span class='ocrx_word' id='word_1_97' title='bbox 1749 321 1838 349; x_wconf 92' lang='lat' dir='ltr'><strong>hono-</strong></span> 
     </span>
    </p>
   </div>
   <div class='ocr_carea' id='block_1_19' title="bbox 1047 372 1154 399">
    <p class='ocr_par' dir='ltr' id='par_1_19' title="bbox 1047 372 1154 399">
     <span class='ocr_line' id='line_1_19' title="bbox 1047 372 1154 399; baseline -0.009 0"><span class='ocrx_word' id='word_1_98' title='bbox 1047 372 1087 399; x_wconf 97' lang='lat' dir='ltr'><strong>ris</strong></span> <span class='ocrx_word' id='word_1_99' title='bbox 1102 372 1154 398; x_wconf 92' lang='lat' dir='ltr'><strong>tui.</strong></span> 
     </span>
    </p>
   </div>
   <div class='ocr_carea' id='block_1_20' title="bbox 1082 414 1838 452">
    <p class='ocr_par' dir='ltr' id='par_1_20' title="bbox 1082 414 1838 452">
     <span class='ocr_line' id='line_1_20' title="bbox 1082 414 1838 452; baseline -0.005 -8"><span class='ocrx_word' id='word_1_100' title='bbox 1082 417 1165 446; x_wconf 88' lang='lat' dir='ltr'><strong>Velut</strong></span> <span class='ocrx_word' id='word_1_101' title='bbox 1181 424 1283 445; x_wconf 92' lang='lat' dir='ltr'><strong>novum</strong></span> <span class='ocrx_word' id='word_1_102' title='bbox 1298 415 1435 452; x_wconf 82' lang='lat' dir='ltr'><strong>quoddam</strong></span> <span class='ocrx_word' id='word_1_103' title='bbox 1453 414 1556 442; x_wconf 83' lang='lat' dir='ltr'><strong>coelum</strong></span> <span class='ocrx_word' id='word_1_104' title='bbox 1577 418 1652 442; x_wconf 87' lang='lat' dir='ltr'><strong>tuam</strong></span> <span class='ocrx_word' id='word_1_105' title='bbox 1667 414 1780 441; x_wconf 89' lang='lat' dir='ltr'><strong>domum</strong></span> <span class='ocrx_word' id='word_1_106' title='bbox 1796 414 1838 441; x_wconf 92' lang='lat' dir='ltr'><strong>in-</strong></span> 
     </span>
    </p>
   </div>
   <div class='ocr_carea' id='block_1_21' title="bbox 1046 460 1838 499">
    <p class='ocr_par' dir='ltr' id='par_1_21' title="bbox 1046 460 1838 499">
     <span class='ocr_line' id='line_1_21' title="bbox 1046 460 1838 499; baseline -0.006 -8"><span class='ocrx_word' id='word_1_107' title='bbox 1046 463 1196 499; x_wconf 85' lang='lat' dir='ltr'><strong>gredimur,</strong></span> <span class='ocrx_word' id='word_1_108' title='bbox 1212 471 1228 491; x_wconf 92' lang='lat' dir='ltr'><strong>o</strong></span> <span class='ocrx_word' id='word_1_109' title='bbox 1251 462 1346 497; x_wconf 84' lang='lat' dir='ltr'><strong>Virgo,</strong></span> <span class='ocrx_word' id='word_1_110' title='bbox 1373 462 1401 489; x_wconf 96' lang='lat' dir='ltr'><strong>in</strong></span> <span class='ocrx_word' id='word_1_111' title='bbox 1415 469 1470 497; x_wconf 87' lang='lat' dir='ltr'><strong>quo</strong></span> <span class='ocrx_word' id='word_1_112' title='bbox 1489 460 1561 488; x_wconf 75' lang='lat' dir='ltr'><strong>ccelo</strong></span> <span class='ocrx_word' id='word_1_113' title='bbox 1576 464 1708 495; x_wconf 83' lang='lat' dir='ltr'><strong>tanquam</strong></span> <span class='ocrx_word' id='word_1_114' title='bbox 1725 460 1838 487; x_wconf 86' lang='lat' dir='ltr'><strong>thesau-</strong></span> 
     </span>
    </p>
   </div>
   <div class='ocr_carea' id='block_1_22' title="bbox 1047 505 1839 544">
    <p class='ocr_par' dir='ltr' id='par_1_22' title="bbox 1047 505 1839 544">
     <span class='ocr_line' id='line_1_22' title="bbox 1047 505 1839 544; baseline -0.006 -7"><span class='ocrx_word' id='word_1_115' title='bbox 1047 517 1095 537; x_wconf 86' lang='lat' dir='ltr'><strong>rus</strong></span> <span class='ocrx_word' id='word_1_116' title='bbox 1106 509 1218 544; x_wconf 82' lang='lat' dir='ltr'><strong>quidam</strong></span> <span class='ocrx_word' id='word_1_117' title='bbox 1235 513 1281 536; x_wconf 86' lang='lat' dir='ltr'><strong>tua</strong></span> <span class='ocrx_word' id='word_1_118' title='bbox 1296 507 1391 535; x_wconf 89' lang='lat' dir='ltr'><strong>divina</strong></span> <span class='ocrx_word' id='word_1_119' title='bbox 1409 511 1536 535; x_wconf 85' lang='lat' dir='ltr'><strong>servatur</strong></span> <span class='ocrx_word' id='word_1_120' title='bbox 1555 505 1624 533; x_wconf 82' lang='lat' dir='ltr'><strong>zon‘a</strong></span> <span class='ocrx_word' id='word_1_121' title='bbox 1646 505 1764 540; x_wconf 84' lang='lat' dir='ltr'><strong>(utpote</strong></span> <span class='ocrx_word' id='word_1_122' title='bbox 1776 511 1839 538; x_wconf 64' lang='lat' dir='ltr'><strong>qua:</strong></span> 
     </span>
    </p>
   </div>
   <div class='ocr_carea' id='block_1_23' title="bbox 1047 550 1838 588">
    <p class='ocr_par' dir='ltr' id='par_1_23' title="bbox 1047 550 1838 588">
     <span class='ocr_line' id='line_1_23' title="bbox 1047 550 1838 588; baseline -0.006 -5"><span class='ocrx_word' id='word_1_123' title='bbox 1047 555 1134 583; x_wconf 90' lang='lat' dir='ltr'><strong>Deum</strong></span> <span class='ocrx_word' id='word_1_124' title='bbox 1150 555 1216 582; x_wconf 93' lang='lat' dir='ltr'><strong>olim</strong></span> <span class='ocrx_word' id='word_1_125' title='bbox 1235 555 1306 588; x_wconf 66' lang='lat' dir='ltr'><strong>injse</strong></span> <span class='ocrx_word' id='word_1_126' title='bbox 1317 552 1532 587; x_wconf 85' lang='lat' dir='ltr'><strong>circumdedit),</strong></span> <span class='ocrx_word' id='word_1_127' title='bbox 1549 551 1674 580; x_wconf 83' lang='lat' dir='ltr'><strong>illustres</strong></span> <span class='ocrx_word' id='word_1_128' title='bbox 1688 550 1838 581; x_wconf 78' lang='lat' dir='ltr'><strong>miraculo-</strong></span> 
     </span>
    </p>
   </div>
   <div class='ocr_carea' id='block_1_24' title="bbox 1047 596 1837 633">
    <p class='ocr_par' dir='ltr' id='par_1_24' title="bbox 1047 596 1837 633">
     <span class='ocr_line' id='line_1_24' title="bbox 1047 596 1837 633; baseline -0.003 -5"><span class='ocrx_word' id='word_1_129' title='bbox 1047 609 1108 629; x_wconf 91' lang='lat' dir='ltr'><strong>rum</strong></span> <span class='ocrx_word' id='word_1_130' title='bbox 1124 601 1217 629; x_wconf 88' lang='lat' dir='ltr'><strong>radios</strong></span> <span class='ocrx_word' id='word_1_131' title='bbox 1235 600 1365 628; x_wconf 88' lang='lat' dir='ltr'><strong>emittens</strong></span> <span class='ocrx_word' id='word_1_132' title='bbox 1390 599 1477 627; x_wconf 89' lang='lat' dir='ltr'><strong>instar</strong></span> <span class='ocrx_word' id='word_1_133' title='bbox 1491 599 1569 631; x_wconf 88' lang='lat' dir='ltr'><strong>solis,</strong></span> <span class='ocrx_word' id='word_1_134' title='bbox 1586 605 1685 633; x_wconf 83' lang='lat' dir='ltr'><strong>nempe</strong></span> <span class='ocrx_word' id='word_1_135' title='bbox 1705 596 1837 626; x_wconf 77' lang='lat' dir='ltr'><strong>cordibus</strong></span> 
     </span>
    </p>
   </div>
   <div class='ocr_carea' id='block_1_25' title="bbox 1046 642 1841 679">
    <p class='ocr_par' dir='ltr' id='par_1_25' title="bbox 1046 642 1841 679">
     <span class='ocr_line' id='line_1_25' title="bbox 1046 642 1841 679; baseline -0.006 -5"><span class='ocrx_word' id='word_1_136' title='bbox 1046 647 1171 674; x_wconf 89' lang='lat' dir='ltr'><strong>omnium</strong></span> <span class='ocrx_word' id='word_1_137' title='bbox 1191 645 1381 673; x_wconf 89' lang='lat' dir='ltr'><strong>illuminandis</strong></span> <span class='ocrx_word' id='word_1_138' title='bbox 1395 649 1423 672; x_wconf 87' lang='lat' dir='ltr'><strong>et</strong></span> <span class='ocrx_word' id='word_1_139' title='bbox 1442 643 1598 679; x_wconf 76' lang='lat' dir='ltr'><strong>etl‘ugandis</strong></span> <span class='ocrx_word' id='word_1_140' title='bbox 1620 643 1684 671; x_wconf 89' lang='lat' dir='ltr'><strong>inde</strong></span> <span class='ocrx_word' id='word_1_141' title='bbox 1700 642 1841 679; x_wconf 22' lang='lat' dir='ltr'><strong>malarum.</strong></span> 
     </span>
    </p>
   </div>
   <div class='ocr_carea' id='block_1_26' title="bbox 1046 690 1376 727">
    <p class='ocr_par' dir='ltr' id='par_1_26' title="bbox 1046 690 1376 727">
     <span class='ocr_line' id='line_1_26' title="bbox 1046 690 1376 727; baseline -0.003 -8"><span class='ocrx_word' id='word_1_142' title='bbox 1046 691 1228 727; x_wconf 83' lang='lat' dir='ltr'><strong>cupiditatum</strong></span> <span class='ocrx_word' id='word_1_143' title='bbox 1242 690 1376 718; x_wconf 81' lang='lat' dir='ltr'><strong>tenebris.</strong></span> 
     </span>
    </p>
   </div>
   <div class='ocr_carea' id='block_1_27' title="bbox 1083 734 1837 769">
    <p class='ocr_par' dir='ltr' id='par_1_27' title="bbox 1083 734 1837 769">
     <span class='ocr_line' id='line_1_27' title="bbox 1083 734 1837 769; baseline -0.004 -5"><span class='ocrx_word' id='word_1_144' title='bbox 1083 738 1106 765; x_wconf 87' lang='lat'>0</span> <span class='ocrx_word' id='word_1_145' title='bbox 1135 736 1265 764; x_wconf 77' lang='lat' dir='ltr'><strong>sordibus</strong></span> <span class='ocrx_word' id='word_1_146' title='bbox 1291 737 1408 768; x_wconf 84' lang='lat' dir='ltr'><strong>intacta,</strong></span> <span class='ocrx_word' id='word_1_147' title='bbox 1441 739 1469 763; x_wconf 90' lang='lat' dir='ltr'><strong>et</strong></span> <span class='ocrx_word' id='word_1_148' title='bbox 1494 734 1570 762; x_wconf 93' lang='lat' dir='ltr'><strong>omni</strong></span> <span class='ocrx_word' id='word_1_149' title='bbox 1597 734 1709 762; x_wconf 85' lang='lat' dir='ltr'><strong>laudum</strong></span> <span class='ocrx_word' id='word_1_150' title='bbox 1737 741 1837 769; x_wconf 79' lang='lat' dir='ltr'><strong>genere</strong></span> 
     </span>
    </p>
   </div>
   <div class='ocr_carea' id='block_1_28' title="bbox 1046 779 1838 811">
    <p class='ocr_par' dir='ltr' id='par_1_28' title="bbox 1046 779 1838 811">
     <span class='ocr_line' id='line_1_28' title="bbox 1046 779 1838 811; baseline -0.006 0"><span class='ocrx_word' id='word_1_151' title='bbox 1046 784 1169 811; x_wconf 93' lang='lat' dir='ltr'><strong>certatim</strong></span> <span class='ocrx_word' id='word_1_152' title='bbox 1185 783 1220 810; x_wconf 82' lang='lat' dir='ltr'><strong>ab</strong></span> <span class='ocrx_word' id='word_1_153' title='bbox 1235 782 1364 810; x_wconf 90' lang='lat' dir='ltr'><strong>omnibus</strong></span> <span class='ocrx_word' id='word_1_154' title='bbox 1381 781 1512 808; x_wconf 76' lang='lat' dir='ltr'><strong>colenda!</strong></span> <span class='ocrx_word' id='word_1_155' title='bbox 1531 785 1560 808; x_wconf 88' lang='lat' dir='ltr'><strong>tu</strong></span> <span class='ocrx_word' id='word_1_156' title='bbox 1582 788 1612 808; x_wconf 86' lang='lat' dir='ltr'><strong>es</strong></span> <span class='ocrx_word' id='word_1_157' title='bbox 1637 787 1702 807; x_wconf 82' lang='lat' dir='ltr'><strong>arca</strong></span> <span class='ocrx_word' id='word_1_158' title='bbox 1717 779 1838 807; x_wconf 75' lang='lat' dir='ltr'><strong>sanctifi-</strong></span> 
     </span>
    </p>
   </div>
   <div class='ocr_carea' id='block_1_29' title="bbox 1046 827 1836 863">
    <p class='ocr_par' dir='ltr' id='par_1_29' title="bbox 1046 827 1836 863">
     <span class='ocr_line' id='line_1_29' title="bbox 1046 827 1836 863; baseline -0.006 -6"><span class='ocrx_word' id='word_1_159' title='bbox 1046 830 1164 858; x_wconf 84' lang='lat' dir='ltr'><strong>cationis</strong></span> <span class='ocrx_word' id='word_1_160' title='bbox 1188 829 1302 861; x_wconf 58' lang='lat' dir='ltr'><strong>intimae,</strong></span> <span class='ocrx_word' id='word_1_161' title='bbox 1332 827 1472 856; x_wconf 85' lang='lat' dir='ltr'><strong>intellectu</strong></span> <span class='ocrx_word' id='word_1_162' title='bbox 1499 827 1593 863; x_wconf 87' lang='lat' dir='ltr'><strong>potius</strong></span> <span class='ocrx_word' id='word_1_163' title='bbox 1616 834 1697 862; x_wconf 88' lang='lat' dir='ltr'><strong>quam</strong></span> <span class='ocrx_word' id='word_1_164' title='bbox 1719 830 1836 853; x_wconf 81' lang='lat' dir='ltr'><strong>externo</strong></span> 
     </span>
    </p>
   </div>
   <div class='ocr_carea' id='block_1_30' title="bbox 1046 871 1837 911">
    <p class='ocr_par' dir='ltr' id='par_1_30' title="bbox 1046 871 1837 911">
     <span class='ocr_line' id='line_1_30' title="bbox 1046 871 1837 911; baseline -0.008 -8"><span class='ocrx_word' id='word_1_165' title='bbox 1046 875 1167 911; x_wconf 88' lang='lat' dir='ltr'><strong>quodam</strong></span> <span class='ocrx_word' id='word_1_166' title='bbox 1184 882 1266 903; x_wconf 84' lang='lat' dir='ltr'><strong>sensu</strong></span> <span class='ocrx_word' id='word_1_167' title='bbox 1283 874 1445 907; x_wconf 69' lang='lat' dir='ltr'><strong>delibandte,</strong></span> <span class='ocrx_word' id='word_1_168' title='bbox 1459 877 1486 901; x_wconf 87' lang='lat' dir='ltr'><strong>et</strong></span> <span class='ocrx_word' id='word_1_169' title='bbox 1508 873 1592 901; x_wconf 81' lang='lat' dir='ltr'><strong>simul</strong></span> <span class='ocrx_word' id='word_1_170' title='bbox 1608 873 1661 900; x_wconf 86' lang='lat' dir='ltr'><strong>hoc</strong></span> <span class='ocrx_word' id='word_1_171' title='bbox 1677 871 1837 899; x_wconf 82' lang='lat' dir='ltr'><strong>venerabile</strong></span> 
     </span>
    </p>
   </div>
   <div class='ocr_carea' id='block_1_31' title="bbox 1011 915 1838 954">
    <p class='ocr_par' dir='ltr' id='par_1_31' title="bbox 1011 915 1838 954">
     <span class='ocr_line' id='line_1_31' title="bbox 1011 915 1838 954; baseline -0.004 -9"><span class='ocrx_word' id='word_1_172' title='bbox 1011 918 1032 945; x_wconf 89' lang='grc' dir='ltr'><strong><em>Β</em></strong></span> <span class='ocrx_word' id='word_1_173' title='bbox 1047 920 1242 952; x_wconf 83' lang='lat' dir='ltr'><strong>conditorium,</strong></span> <span class='ocrx_word' id='word_1_174' title='bbox 1272 927 1329 954; x_wconf 89' lang='lat' dir='ltr'><strong>quo</strong></span> <span class='ocrx_word' id='word_1_175' title='bbox 1353 923 1513 947; x_wconf 87' lang='lat' dir='ltr'><strong>asservatur</strong></span> <span class='ocrx_word' id='word_1_176' title='bbox 1534 926 1603 946; x_wconf 83' lang='lat' dir='ltr'><strong>zona</strong></span> <span class='ocrx_word' id='word_1_177' title='bbox 1627 917 1676 945; x_wconf 89' lang='lat' dir='ltr'><strong>tibi</strong></span> <span class='ocrx_word' id='word_1_178' title='bbox 1698 917 1789 944; x_wconf 85' lang='lat' dir='ltr'><strong>adhuc</strong></span> <span class='ocrx_word' id='word_1_179' title='bbox 1810 915 1838 942; x_wconf 88' lang='lat' dir='ltr'><strong>in</strong></span> 
     </span>
    </p>
   </div>
   <div class='ocr_carea' id='block_1_32' title="bbox 205 964 1840 1003">
    <p class='ocr_par' dir='ltr' id='par_1_32' title="bbox 205 964 1840 1003">
     <span class='ocr_line' id='line_1_32' title="bbox 205 964 1840 1003; baseline -0.004 -6"><span class='ocrx_word' id='word_1_180' title='bbox 205 970 286 998; x_wconf 88' lang='lat' dir='ltr'><strong>terris</strong></span> <span class='ocrx_word' id='word_1_181' title='bbox 298 970 380 997; x_wconf 87' lang='lat' dir='ltr'><strong>vitam</strong></span> <span class='ocrx_word' id='word_1_182' title='bbox 390 969 496 1002; x_wconf 67' lang='lat' dir='ltr'><strong>degenti</strong></span> <span class='ocrx_word' id='word_1_183' title='bbox 514 973 656 1003; x_wconf 86' lang='lat' dir='ltr'><strong>usurpata,</strong></span> <span class='ocrx_word' id='word_1_184' title='bbox 674 967 898 1003; x_wconf 60' lang='lat' dir='ltr'><strong>populoﬁtuo</strong></span> <span class='ocrx_word' id='word_1_185' title='bbox 909 967 1023 995; x_wconf 88' lang='lat' dir='ltr'><strong>exhibes</strong></span> <span class='ocrx_word' id='word_1_186' title='bbox 1057 971 1188 1002; x_wconf 81' lang='lat' dir='ltr'><strong>tanquam</strong></span> <span class='ocrx_word' id='word_1_187' title='bbox 1224 966 1360 1002; x_wconf 73' lang='lat' dir='ltr'><strong>refugium</strong></span> <span class='ocrx_word' id='word_1_188' title='bbox 1373 966 1510 1001; x_wconf 64' lang='lat' dir='ltr'><strong>omnibus</strong></span> <span class='ocrx_word' id='word_1_189' title='bbox 1547 969 1674 1001; x_wconf 84' lang='lat' dir='ltr'><strong>paratum</strong></span> <span class='ocrx_word' id='word_1_190' title='bbox 1698 972 1731 992; x_wconf 91' lang='lat' dir='ltr'><strong>ac</strong></span> <span class='ocrx_word' id='word_1_191' title='bbox 1764 964 1840 1000; x_wconf 75' lang='lat' dir='ltr'><strong>velut</strong></span> 
     </span>
    </p>
   </div>
   <div class='ocr_carea' id='block_1_33' title="bbox 203 1015 1236 1054">
    <p class='ocr_par' dir='ltr' id='par_1_33' title="bbox 203 1015 1236 1054">
     <span class='ocr_line' id='line_1_33' title="bbox 203 1015 1236 1054; baseline -0.003 -9"><span class='ocrx_word' id='word_1_192' title='bbox 203 1018 393 1054; x_wconf 71' lang='lat' dir='ltr'><strong>prodigiorum</strong></span> <span class='ocrx_word' id='word_1_193' title='bbox 429 1017 530 1044; x_wconf 72' lang='lat' dir='ltr'><strong>fontem</strong></span> <span class='ocrx_word' id='word_1_194' title='bbox 562 1016 645 1044; x_wconf 92' lang='lat' dir='ltr'><strong>nullis</strong></span> <span class='ocrx_word' id='word_1_195' title='bbox 685 1016 806 1050; x_wconf 72' lang='lat' dir='ltr'><strong>unquam</strong></span> <span class='ocrx_word' id='word_1_196' title='bbox 843 1015 987 1043; x_wconf 84' lang='lat' dir='ltr'><strong>conatibus</strong></span> <span class='ocrx_word' id='word_1_197' title='bbox 1004 1015 1236 1043; x_wconf 77' lang='lat' dir='ltr'><strong>exhauriendum.</strong></span> 
     </span>
    </p>
   </div>
   <div class='ocr_carea' id='block_1_34' title="bbox 240 1060 996 1098">
    <p class='ocr_par' dir='ltr' id='par_1_34' title="bbox 240 1060 996 1098">
     <span class='ocr_line' id='line_1_34' title="bbox 240 1060 996 1098; baseline -0.003 -8"><span class='ocrx_word' id='word_1_198' title='bbox 240 1060 313 1091; x_wconf 83' lang='grc' dir='ltr'>Ἦκε</span> <span class='ocrx_word' id='word_1_199' title='bbox 337 1065 370 1098; x_wconf 81' lang='grc' dir='ltr'>τῇ</span> <span class='ocrx_word' id='word_1_200' title='bbox 395 1064 428 1098; x_wconf 81' lang='grc' dir='ltr'>σῇ</span> <span class='ocrx_word' id='word_1_201' title='bbox 457 1063 535 1089; x_wconf 78' lang='grc' dir='ltr'>πόλει</span> <span class='ocrx_word' id='word_1_202' title='bbox 560 1061 708 1089; x_wconf 76' lang='grc' dir='ltr'>πολύολθον</span> <span class='ocrx_word' id='word_1_203' title='bbox 738 1062 855 1098; x_wconf 86' lang='grc' dir='ltr'><strong>δώρημα</strong></span> <span class='ocrx_word' id='word_1_204' title='bbox 881 1062 898 1097; x_wconf 81' lang='grc' dir='ltr'><strong>ἡ</strong></span> <span class='ocrx_word' id='word_1_205' title='bbox 915 1062 996 1096; x_wconf 88' lang='grc' dir='ltr'>τιμία</span> 
     </span>
    </p>
   </div>
   <div class='ocr_carea' id='block_1_35' title="bbox 1077 1056 1839 1089">
    <p class='ocr_par' dir='ltr' id='par_1_35' title="bbox 1077 1056 1839 1089">
     <span class='ocr_line' id='line_1_35' title="bbox 1077 1056 1839 1089; baseline -0.007 0"><span class='ocrx_word' id='word_1_206' title='bbox 1077 1061 1196 1089; x_wconf 82' lang='lat' dir='ltr'><strong>Advenit</strong></span> <span class='ocrx_word' id='word_1_207' title='bbox 1209 1061 1282 1088; x_wconf 87' lang='lat' dir='ltr'><strong>dono</strong></span> <span class='ocrx_word' id='word_1_208' title='bbox 1306 1059 1412 1087; x_wconf 79' lang='lat' dir='ltr'><strong>civitati</strong></span> <span class='ocrx_word' id='word_1_209' title='bbox 1436 1058 1502 1086; x_wconf 86' lang='lat' dir='ltr'><strong>huic</strong></span> <span class='ocrx_word' id='word_1_210' title='bbox 1522 1062 1577 1085; x_wconf 71' lang='lat' dir='ltr'><strong>ture</strong></span> <span class='ocrx_word' id='word_1_211' title='bbox 1592 1057 1743 1085; x_wconf 87' lang='lat' dir='ltr'><strong>multarum</strong></span> <span class='ocrx_word' id='word_1_212' title='bbox 1760 1056 1839 1084; x_wconf 83' lang='lat' dir='ltr'><strong>valde</strong></span> 
     </span>
    </p>
   </div>
   <div class='ocr_carea' id='block_1_36' title="bbox 203 1103 998 1145">
    <p class='ocr_par' dir='ltr' id='par_1_36' title="bbox 203 1107 996 1145">
     <span class='ocr_line' id='line_1_36' title="bbox 203 1107 996 1145; baseline -0.003 -9"><span class='ocrx_word' id='word_1_213' title='bbox 203 1109 278 1145; x_wconf 87' lang='grc' dir='ltr'>ζώνη</span> <span class='ocrx_word' id='word_1_214' title='bbox 289 1118 346 1140; x_wconf 83' lang='grc' dir='ltr'>σου,</span> <span class='ocrx_word' id='word_1_215' title='bbox 359 1109 529 1145; x_wconf 81' lang='grc' dir='ltr'>πανύμνητε,</span> <span class='ocrx_word' id='word_1_216' title='bbox 539 1109 587 1136; x_wconf 76' lang='grc' dir='ltr'>καὶ</span> <span class='ocrx_word' id='word_1_217' title='bbox 597 1108 732 1144; x_wconf 67' lang='grc' dir='ltr'>κατετίθη</span> <span class='ocrx_word' id='word_1_218' title='bbox 742 1108 900 1144; x_wconf 77' lang='grc' dir='ltr'>περιφανῶς</span> <span class='ocrx_word' id='word_1_219' title='bbox 908 1107 996 1144; x_wconf 79' lang='grc' dir='ltr'>ταύτῃ</span> 
     </span>
    </p>
   </div>
   <div class='ocr_carea' id='block_1_37' title="bbox 1047 1103 1841 1145">
    <p class='ocr_par' dir='ltr' id='par_1_37' title="bbox 1047 1103 1841 1145">
     <span class='ocr_line' id='line_1_37' title="bbox 1047 1103 1841 1145; baseline -0.005 -12"><span class='ocrx_word' id='word_1_220' title='bbox 1047 1106 1205 1134; x_wconf 87' lang='lat' dir='ltr'><strong>l‘elicitatum</strong></span> <span class='ocrx_word' id='word_1_221' title='bbox 1235 1105 1383 1138; x_wconf 83' lang='lat' dir='ltr'><strong>cumulus,</strong></span> <span class='ocrx_word' id='word_1_222' title='bbox 1418 1111 1496 1132; x_wconf 87' lang='lat' dir='ltr'><strong>tuum</strong></span> <span class='ocrx_word' id='word_1_223' title='bbox 1533 1111 1631 1139; x_wconf 82' lang='lat' dir='ltr'><strong>nempe</strong></span> <span class='ocrx_word' id='word_1_224' title='bbox 1670 1103 1841 1145; x_wconf 58' lang='lat' dir='ltr'><strong>cingulum,</strong></span> 
     </span>
    </p>
   </div>
   <div class='ocr_carea' id='block_1_38' title="bbox 204 1154 995 1191">
    <p class='ocr_par' dir='ltr' id='par_1_38' title="bbox 204 1154 995 1191">
     <span class='ocr_line' id='line_1_38' title="bbox 204 1154 995 1191; baseline -0.003 -9"><span class='ocrx_word' id='word_1_225' title='bbox 204 1156 238 1191; x_wconf 76' lang='grc' dir='ltr'><strong>τῇ</strong></span> <span class='ocrx_word' id='word_1_226' title='bbox 252 1155 346 1191; x_wconf 71' lang='grc' dir='ltr'>ἡμέρᾳ</span> <span class='ocrx_word' id='word_1_227' title='bbox 360 1156 389 1182; x_wconf 69' lang='grc' dir='ltr'>ιν</span> <span class='ocrx_word' id='word_1_228' title='bbox 403 1155 490 1190; x_wconf 77' lang='grc' dir='ltr'>τούτῳ</span> <span class='ocrx_word' id='word_1_229' title='bbox 506 1154 572 1190; x_wconf 83' lang='grc' dir='ltr'>θείῳ</span> <span class='ocrx_word' id='word_1_230' title='bbox 596 1155 665 1190; x_wconf 85' lang='grc' dir='ltr'>οίκῳ</span> <span class='ocrx_word' id='word_1_231' title='bbox 690 1162 750 1187; x_wconf 85' lang='grc' dir='ltr'>σου,</span> <span class='ocrx_word' id='word_1_232' title='bbox 768 1154 815 1180; x_wconf 80' lang='grc' dir='ltr'>καὶ</span> <span class='ocrx_word' id='word_1_233' title='bbox 831 1154 929 1188; x_wconf 79' lang='grc' dir='ltr'>γέγονε</span> <span class='ocrx_word' id='word_1_234' title='bbox 945 1162 995 1188; x_wconf 78' lang='grc' dir='ltr'>με·</span> 
     </span>
    </p>
   </div>
   <div class='ocr_carea' id='block_1_39' title="bbox 205 1199 996 1238">
    <p class='ocr_par' dir='ltr' id='par_1_39' title="bbox 205 1199 996 1238">
     <span class='ocr_line' id='line_1_39' title="bbox 205 1199 996 1238; baseline -0.001 -11"><span class='ocrx_word' id='word_1_235' title='bbox 205 1201 302 1237; x_wconf 76' lang='grc' dir='ltr'>γίστης</span> <span class='ocrx_word' id='word_1_236' title='bbox 327 1202 436 1238; x_wconf 71' lang='grc' dir='ltr'>ἑορτῆς,</span> <span class='ocrx_word' id='word_1_237' title='bbox 461 1201 588 1234; x_wconf 78' lang='grc' dir='ltr'>Θιοτόκε,</span> <span class='ocrx_word' id='word_1_238' title='bbox 606 1202 663 1233; x_wconf 80' lang='grc' dir='ltr'>τοῖς</span> <span class='ocrx_word' id='word_1_239' title='bbox 685 1200 796 1236; x_wconf 80' lang='grc' dir='ltr'>θερμῶς</span> <span class='ocrx_word' id='word_1_240' title='bbox 815 1208 846 1227; x_wconf 82' lang='grc' dir='ltr'><strong>σε</strong></span> <span class='ocrx_word' id='word_1_241' title='bbox 865 1199 996 1227; x_wconf 83' lang='grc' dir='ltr'>ποθοῦσιν</span> 
     </span>
    </p>
   </div>
   <div class='ocr_carea' id='block_1_40' title="bbox 206 1247 345 1279">
    <p class='ocr_par' dir='ltr' id='par_1_40' title="bbox 206 1247 345 1279">
     <span class='ocr_line' id='line_1_40' title="bbox 206 1247 345 1279; baseline 0.014 -6"><span class='ocrx_word' id='word_1_242' title='bbox 206 1247 345 1279; x_wconf 78' lang='grc' dir='ltr'>ὑπόθεσις.</span> 
     </span>
    </p>
   </div>
   <div class='ocr_carea' id='block_1_41' title="bbox 243 1378 998 1415">
    <p class='ocr_par' dir='ltr' id='par_1_41' title="bbox 243 1378 998 1415">
     <span class='ocr_line' id='line_1_41' title="bbox 243 1378 998 1415; baseline 0.001 -11"><span class='ocrx_word' id='word_1_243' title='bbox 243 1378 337 1413; x_wconf 76' lang='grc' dir='ltr'>Νόμου</span> <span class='ocrx_word' id='word_1_244' title='bbox 355 1379 432 1406; x_wconf 81' lang='grc' dir='ltr'>σκιαὶ</span> <span class='ocrx_word' id='word_1_245' title='bbox 449 1379 496 1406; x_wconf 81' lang='grc' dir='ltr'><strong>καὶ</strong></span> <span class='ocrx_word' id='word_1_246' title='bbox 509 1379 660 1415; x_wconf 79' lang='grc' dir='ltr'>προφητῶν</span> <span class='ocrx_word' id='word_1_247' title='bbox 671 1378 705 1406; x_wconf 77' lang='grc' dir='ltr'><strong>τὰ</strong></span> <span class='ocrx_word' id='word_1_248' title='bbox 718 1379 869 1414; x_wconf 76' lang='grc' dir='ltr'>αἰνίγματα</span> <span class='ocrx_word' id='word_1_249' title='bbox 881 1378 998 1414; x_wconf 84' lang='grc' dir='ltr'>προεδή-</span> 
     </span>
    </p>
   </div>
   <div class='ocr_carea' id='block_1_42' title="bbox 207 1424 997 1460">
    <p class='ocr_par' dir='ltr' id='par_1_42' title="bbox 207 1424 997 1460">
     <span class='ocr_line' id='line_1_42' title="bbox 207 1424 997 1460; baseline -0.001 -9"><span class='ocrx_word' id='word_1_250' title='bbox 207 1424 271 1451; x_wconf 82' lang='grc' dir='ltr'>λουν</span> <span class='ocrx_word' id='word_1_251' title='bbox 285 1424 395 1452; x_wconf 72' lang='grc' dir='ltr'>ἔσεσθαί</span> <span class='ocrx_word' id='word_1_252' title='bbox 414 1433 456 1457; x_wconf 82' lang='grc' dir='ltr'>σε,</span> <span class='ocrx_word' id='word_1_253' title='bbox 473 1425 605 1460; x_wconf 82' lang='grc' dir='ltr'>πάναγνε,</span> <span class='ocrx_word' id='word_1_254' title='bbox 620 1425 689 1452; x_wconf 74' lang='grc' dir='ltr'>Θεοῦ</span> <span class='ocrx_word' id='word_1_255' title='bbox 706 1424 822 1460; x_wconf 79' lang='grc' dir='ltr'>Μητίρα</span> <span class='ocrx_word' id='word_1_256' title='bbox 839 1424 997 1459; x_wconf 85' lang='grc' dir='ltr'>παναληθῆ,</span> 
     </span>
    </p>
   </div>
   <div class='ocr_carea' id='block_1_43' title="bbox 205 1468 998 1507">
    <p class='ocr_par' dir='ltr' id='par_1_43' title="bbox 205 1468 998 1507">
     <span class='ocr_line' id='line_1_43' title="bbox 205 1468 998 1507; baseline 0 -10"><span class='ocrx_word' id='word_1_257' title='bbox 205 1470 242 1497; x_wconf 75' lang='grc' dir='ltr'><strong>δι’</strong></span> <span class='ocrx_word' id='word_1_258' title='bbox 264 1468 299 1506; x_wconf 80' lang='grc' dir='ltr'><strong>ἧς</strong></span> <span class='ocrx_word' id='word_1_259' title='bbox 325 1471 342 1506; x_wconf 83' lang='grc' dir='ltr'>ἡ</span> <span class='ocrx_word' id='word_1_260' title='bbox 361 1471 469 1507; x_wconf 80' lang='grc' dir='ltr'>κατάρα</span> <span class='ocrx_word' id='word_1_261' title='bbox 497 1471 688 1507; x_wconf 79' lang='grc' dir='ltr'>άπεστειρώθη</span> <span class='ocrx_word' id='word_1_262' title='bbox 717 1471 765 1498; x_wconf 74' lang='grc' dir='ltr'>καὶ</span> <span class='ocrx_word' id='word_1_263' title='bbox 787 1470 889 1506; x_wconf 74' lang='grc' dir='ltr'>ἤνθησε</span> <span class='ocrx_word' id='word_1_264' title='bbox 906 1471 998 1497; x_wconf 87' lang='grc' dir='ltr'>τελεία</span> 
     </span>
    </p>
   </div>
   <div class='ocr_carea' id='block_1_44' title="bbox 206 1514 999 1552">
    <p class='ocr_par' dir='ltr' id='par_1_44' title="bbox 206 1514 999 1552">
     <span class='ocr_line' id='line_1_44' title="bbox 206 1514 999 1552; baseline 0.004 -12"><span class='ocrx_word' id='word_1_265' title='bbox 206 1514 329 1548; x_wconf 73' lang='grc' dir='ltr'>εὐλογία,</span> <span class='ocrx_word' id='word_1_266' title='bbox 344 1515 392 1542; x_wconf 81' lang='grc' dir='ltr'><strong>καὶ</strong></span> <span class='ocrx_word' id='word_1_267' title='bbox 403 1517 537 1552; x_wconf 85' lang='grc' dir='ltr'>σωτήριος</span> <span class='ocrx_word' id='word_1_268' title='bbox 552 1515 633 1552; x_wconf 82' lang='grc' dir='ltr'>χάρις</span> <span class='ocrx_word' id='word_1_269' title='bbox 643 1517 701 1548; x_wconf 76' lang='grc' dir='ltr'>τοῖς</span> <span class='ocrx_word' id='word_1_270' title='bbox 715 1517 745 1543; x_wconf 83' lang='grc' dir='ltr'>ὲν</span> <span class='ocrx_word' id='word_1_271' title='bbox 762 1515 852 1543; x_wconf 79' lang='grc' dir='ltr'>πίστει</span> <span class='ocrx_word' id='word_1_272' title='bbox 866 1515 913 1543; x_wconf 73' lang='grc' dir='ltr'>καὶ</span> <span class='ocrx_word' id='word_1_273' title='bbox 924 1515 999 1552; x_wconf 79' lang='grc' dir='ltr'>πόθῳ</span> 
     </span>
    </p>
   </div>
   <div class='ocr_carea' id='block_1_45' title="bbox 209 1559 386 1595">
    <p class='ocr_par' dir='ltr' id='par_1_45' title="bbox 209 1559 386 1595">
     <span class='ocr_line' id='line_1_45' title="bbox 209 1559 386 1595; baseline 0.017 -9"><span class='ocrx_word' id='word_1_274' title='bbox 209 1559 326 1595; x_wconf 80' lang='grc' dir='ltr'>ὗμνοῦσί</span> <span class='ocrx_word' id='word_1_275' title='bbox 345 1569 386 1589; x_wconf 82' lang='grc' dir='ltr'>σε.</span> 
     </span>
    </p>
   </div>
   <div class='ocr_carea' id='block_1_46' title="bbox 1042 1149 1838 1187">
    <p class='ocr_par' dir='ltr' id='par_1_46' title="bbox 1042 1149 1838 1187">
     <span class='ocr_line' id='line_1_46' title="bbox 1042 1149 1838 1187; baseline -0.004 -8"><span class='ocrx_word' id='word_1_276' title='bbox 1042 1159 1059 1179; x_wconf 92' lang='lat' dir='ltr'><strong>o</strong></span> <span class='ocrx_word' id='word_1_277' title='bbox 1093 1151 1240 1187; x_wconf 66' lang='lat' dir='ltr'><strong>praeconiis</strong></span> <span class='ocrx_word' id='word_1_278' title='bbox 1284 1151 1478 1179; x_wconf 88' lang='lat' dir='ltr'><strong>universorum</strong></span> <span class='ocrx_word' id='word_1_279' title='bbox 1531 1151 1678 1178; x_wconf 81' lang='lat' dir='ltr'><strong>decantata</strong></span> <span class='ocrx_word' id='word_1_280' title='bbox 1714 1149 1801 1184; x_wconf 80' lang='lat' dir='ltr'><strong>Virgo</strong></span> <span class='ocrx_word' id='word_1_281' title='bbox 1829 1168 1838 1181; x_wconf 86' lang='lat'><strong>,</strong></span> 
     </span>
    </p>
   </div>
   <div class='ocr_carea' id='block_1_47' title="bbox 1041 1195 1840 1234">
    <p class='ocr_par' dir='ltr' id='par_1_47' title="bbox 1041 1195 1840 1234">
     <span class='ocr_line' id='line_1_47' title="bbox 1041 1195 1840 1234; baseline -0.006 -7"><span class='ocrx_word' id='word_1_282' title='bbox 1041 1199 1125 1234; x_wconf 86' lang='lat' dir='ltr'><strong>idque</strong></span> <span class='ocrx_word' id='word_1_283' title='bbox 1149 1198 1281 1226; x_wconf 89' lang='lat' dir='ltr'><strong>hodierna</strong></span> <span class='ocrx_word' id='word_1_284' title='bbox 1298 1198 1360 1226; x_wconf 86' lang='lat' dir='ltr'><strong>luce</strong></span> <span class='ocrx_word' id='word_1_285' title='bbox 1379 1197 1407 1225; x_wconf 92' lang='lat' dir='ltr'><strong>in</strong></span> <span class='ocrx_word' id='word_1_286' title='bbox 1430 1197 1482 1225; x_wconf 81' lang='lat' dir='ltr'><strong>hac</strong></span> <span class='ocrx_word' id='word_1_287' title='bbox 1501 1197 1593 1225; x_wconf 87' lang='lat' dir='ltr'><strong>divina</strong></span> <span class='ocrx_word' id='word_1_288' title='bbox 1620 1196 1678 1223; x_wconf 75' lang='lat' dir='ltr'><strong>aede</strong></span> <span class='ocrx_word' id='word_1_289' title='bbox 1711 1201 1758 1224; x_wconf 91' lang='lat' dir='ltr'><strong>tua</strong></span> <span class='ocrx_word' id='word_1_290' title='bbox 1776 1195 1840 1223; x_wconf 89' lang='lat' dir='ltr'><strong>illu-</strong></span> 
     </span>
    </p>
   </div>
   <div class='ocr_carea' id='block_1_48' title="bbox 1046 1242 1840 1277">
    <p class='ocr_par' dir='ltr' id='par_1_48' title="bbox 1046 1242 1840 1277">
     <span class='ocr_line' id='line_1_48' title="bbox 1046 1242 1840 1277; baseline -0.003 -6"><span class='ocrx_word' id='word_1_291' title='bbox 1046 1249 1132 1272; x_wconf 87' lang='lat' dir='ltr'><strong>strem</strong></span> <span class='ocrx_word' id='word_1_292' title='bbox 1156 1244 1184 1271; x_wconf 89' lang='lat' dir='ltr'><strong>in</strong></span> <span class='ocrx_word' id='word_1_293' title='bbox 1202 1244 1315 1272; x_wconf 90' lang='lat' dir='ltr'><strong>modum</strong></span> <span class='ocrx_word' id='word_1_294' title='bbox 1332 1248 1375 1272; x_wconf 86' lang='lat' dir='ltr'><strong>est</strong></span> <span class='ocrx_word' id='word_1_295' title='bbox 1393 1243 1569 1277; x_wconf 88' lang='lat' dir='ltr'><strong>collocatum,</strong></span> <span class='ocrx_word' id='word_1_296' title='bbox 1584 1242 1728 1277; x_wconf 87' lang='lat' dir='ltr'><strong>evasitque</strong></span> <span class='ocrx_word' id='word_1_297' title='bbox 1750 1243 1840 1270; x_wconf 91' lang='lat' dir='ltr'><strong>omni-</strong></span> 
     </span>
    </p>
   </div>
   <div class='ocr_carea' id='block_1_49' title="bbox 1046 1287 1836 1325">
    <p class='ocr_par' dir='ltr' id='par_1_49' title="bbox 1046 1287 1836 1325">
     <span class='ocr_line' id='line_1_49' title="bbox 1046 1287 1836 1325; baseline -0.003 -7"><span class='ocrx_word' id='word_1_298' title='bbox 1046 1290 1098 1318; x_wconf 83' lang='lat' dir='ltr'><strong>bus</strong></span> <span class='ocrx_word' id='word_1_299' title='bbox 1113 1290 1228 1317; x_wconf 78' lang='lat' dir='ltr'><strong>ferventi</strong></span> <span class='ocrx_word' id='word_1_300' title='bbox 1248 1295 1274 1318; x_wconf 89' lang='lat' dir='ltr'><strong>te</strong></span> <span class='ocrx_word' id='word_1_301' title='bbox 1287 1297 1382 1317; x_wconf 86' lang='lat' dir='ltr'><strong>amore</strong></span> <span class='ocrx_word' id='word_1_302' title='bbox 1398 1289 1630 1325; x_wconf 81' lang='lat' dir='ltr'><strong>prnsequentibus</strong></span> <span class='ocrx_word' id='word_1_303' title='bbox 1649 1289 1736 1316; x_wconf 91' lang='lat' dir='ltr'><strong>multo</strong></span> <span class='ocrx_word' id='word_1_304' title='bbox 1757 1287 1836 1316; x_wconf 79' lang='lat' dir='ltr'><strong>festi-</strong></span> 
     </span>
    </p>
   </div>
   <div class='ocr_carea' id='block_1_50' title="bbox 1047 1335 1552 1370">
    <p class='ocr_par' dir='ltr' id='par_1_50' title="bbox 1047 1335 1552 1370">
     <span class='ocr_line' id='line_1_50' title="bbox 1047 1335 1552 1370; baseline 0 -8"><span class='ocrx_word' id='word_1_305' title='bbox 1047 1335 1142 1363; x_wconf 85' lang='lat' dir='ltr'><strong>vitatis</strong></span> <span class='ocrx_word' id='word_1_306' title='bbox 1157 1335 1332 1363; x_wconf 77' lang='lat' dir='ltr'><strong>instituenda:</strong></span> <span class='ocrx_word' id='word_1_307' title='bbox 1346 1340 1552 1370; x_wconf 77' lang='lat' dir='ltr'><strong>argumentum.</strong></span> 
     </span>
    </p>
   </div>
   <div class='ocr_carea' id='block_1_51' title="bbox 1082 1379 1840 1416">
    <p class='ocr_par' dir='ltr' id='par_1_51' title="bbox 1082 1379 1840 1416">
     <span class='ocr_line' id='line_1_51' title="bbox 1082 1379 1840 1416; baseline 0 -8"><span class='ocrx_word' id='word_1_308' title='bbox 1082 1381 1206 1416; x_wconf 82' lang='lat' dir='ltr'><strong>Caligine</strong></span> <span class='ocrx_word' id='word_1_309' title='bbox 1218 1386 1357 1409; x_wconf 88' lang='lat' dir='ltr'><strong>scatentes</strong></span> <span class='ocrx_word' id='word_1_310' title='bbox 1367 1381 1434 1416; x_wconf 83' lang='lat' dir='ltr'><strong>legis</strong></span> <span class='ocrx_word' id='word_1_311' title='bbox 1443 1381 1548 1409; x_wconf 67' lang='lat' dir='ltr'><strong>umbras</strong></span> <span class='ocrx_word' id='word_1_312' title='bbox 1560 1389 1592 1408; x_wconf 86' lang='lat' dir='ltr'><strong>ac</strong></span> <span class='ocrx_word' id='word_1_313' title='bbox 1601 1380 1683 1408; x_wconf 89' lang='lat' dir='ltr'><strong>simul</strong></span> <span class='ocrx_word' id='word_1_314' title='bbox 1693 1379 1840 1415; x_wconf 70' lang='lat' dir='ltr'><strong>aenigmata</strong></span> 
     </span>
    </p>
   </div>
   <div class='ocr_carea' id='block_1_52' title="bbox 1046 1425 1839 1463">
    <p class='ocr_par' dir='ltr' id='par_1_52' title="bbox 1046 1425 1839 1463">
     <span class='ocr_line' id='line_1_52' title="bbox 1046 1425 1839 1463; baseline -0.004 -8"><span class='ocrx_word' id='word_1_315' title='bbox 1046 1427 1244 1462; x_wconf 86' lang='lat' dir='ltr'><strong>prophetarum</strong></span> <span class='ocrx_word' id='word_1_316' title='bbox 1263 1432 1288 1455; x_wconf 92' lang='lat' dir='ltr'><strong>te</strong></span> <span class='ocrx_word' id='word_1_317' title='bbox 1301 1427 1452 1463; x_wconf 82' lang='lat' dir='ltr'><strong>aliquando</strong></span> <span class='ocrx_word' id='word_1_318' title='bbox 1470 1427 1644 1455; x_wconf 82' lang='lat' dir='ltr'><strong>verissimam</strong></span> <span class='ocrx_word' id='word_1_319' title='bbox 1663 1426 1709 1454; x_wconf 89' lang='lat' dir='ltr'><strong>Dei</strong></span> <span class='ocrx_word' id='word_1_320' title='bbox 1725 1425 1839 1454; x_wconf 82' lang='lat' dir='ltr'><strong>Matrem</strong></span> 
     </span>
    </p>
   </div>
   <div class='ocr_carea' id='block_1_53' title="bbox 1048 1472 1841 1509">
    <p class='ocr_par' dir='ltr' id='par_1_53' title="bbox 1048 1472 1841 1509">
     <span class='ocr_line' id='line_1_53' title="bbox 1048 1472 1841 1509; baseline -0.003 -9"><span class='ocrx_word' id='word_1_321' title='bbox 1048 1472 1169 1500; x_wconf 78' lang='lat' dir='ltr'><strong>futuram</strong></span> <span class='ocrx_word' id='word_1_322' title='bbox 1184 1473 1445 1509; x_wconf 54' lang='lat' dir='ltr'><strong>praesigniﬁcaruut,</strong></span> <span class='ocrx_word' id='word_1_323' title='bbox 1458 1480 1476 1501; x_wconf 86' lang='grc' dir='ltr'><strong>ο</strong></span> <span class='ocrx_word' id='word_1_324' title='bbox 1488 1473 1663 1501; x_wconf 88' lang='lat' dir='ltr'><strong>castissimal</strong></span> <span class='ocrx_word' id='word_1_325' title='bbox 1682 1472 1777 1507; x_wconf 87' lang='lat' dir='ltr'><strong>sicque</strong></span> <span class='ocrx_word' id='word_1_326' title='bbox 1792 1478 1841 1506; x_wconf 80' lang='lat' dir='ltr'><strong>per</strong></span> 
     </span>
    </p>
   </div>
   <div class='ocr_carea' id='block_1_54' title="bbox 1049 1517 1839 1554">
    <p class='ocr_par' dir='ltr' id='par_1_54' title="bbox 1049 1517 1839 1554">
     <span class='ocr_line' id='line_1_54' title="bbox 1049 1517 1839 1554; baseline 0 -9"><span class='ocrx_word' id='word_1_327' title='bbox 1049 1522 1075 1545; x_wconf 92' lang='lat' dir='ltr'><strong>te</strong></span> <span class='ocrx_word' id='word_1_328' title='bbox 1090 1523 1115 1546; x_wconf 92' lang='lat' dir='ltr'><strong>et</strong></span> <span class='ocrx_word' id='word_1_329' title='bbox 1128 1519 1231 1554; x_wconf 82' lang='lat' dir='ltr'><strong>peccati</strong></span> <span class='ocrx_word' id='word_1_330' title='bbox 1247 1519 1403 1546; x_wconf 86' lang='lat' dir='ltr'><strong>maledictio</strong></span> <span class='ocrx_word' id='word_1_331' title='bbox 1422 1519 1457 1546; x_wconf 88' lang='lat' dir='ltr'><strong>ad</strong></span> <span class='ocrx_word' id='word_1_332' title='bbox 1474 1519 1620 1554; x_wconf 84' lang='lat' dir='ltr'><strong>quamdam</strong></span> <span class='ocrx_word' id='word_1_333' title='bbox 1642 1518 1721 1553; x_wconf 85' lang='lat' dir='ltr'><strong>quasi</strong></span> <span class='ocrx_word' id='word_1_334' title='bbox 1737 1517 1839 1545; x_wconf 88' lang='lat' dir='ltr'><strong>sterili-</strong></span> 
     </span>
    </p>
   </div>
   <div class='ocr_carea' id='block_1_55' title="bbox 1008 1557 1839 1601">
    <p class='ocr_par' dir='ltr' id='par_1_55' title="bbox 1008 1557 1839 1601">
     <span class='ocr_line' id='line_1_55' title="bbox 1008 1557 1839 1601; baseline -0.001 -9"><span class='ocrx_word' id='word_1_335' title='bbox 1008 1557 1030 1586; x_wconf 79' lang='lat' dir='ltr'><strong>C</strong></span> <span class='ocrx_word' id='word_1_336' title='bbox 1048 1568 1131 1592; x_wconf 86' lang='lat' dir='ltr'><strong>tatem</strong></span> <span class='ocrx_word' id='word_1_337' title='bbox 1151 1564 1262 1592; x_wconf 87' lang='lat' dir='ltr'><strong>redacta</strong></span> <span class='ocrx_word' id='word_1_338' title='bbox 1274 1569 1326 1597; x_wconf 87' lang='lat' dir='ltr'><strong>est,</strong></span> <span class='ocrx_word' id='word_1_339' title='bbox 1342 1570 1370 1592; x_wconf 90' lang='lat' dir='ltr'><strong>et</strong></span> <span class='ocrx_word' id='word_1_340' title='bbox 1383 1565 1507 1593; x_wconf 88' lang='lat' dir='ltr'><strong>vicissim</strong></span> <span class='ocrx_word' id='word_1_341' title='bbox 1521 1572 1587 1593; x_wconf 86' lang='lat' dir='ltr'><strong>vera</strong></span> <span class='ocrx_word' id='word_1_342' title='bbox 1603 1573 1635 1592; x_wconf 84' lang='lat' dir='ltr'><strong>ac</strong></span> <span class='ocrx_word' id='word_1_343' title='bbox 1652 1565 1774 1601; x_wconf 82' lang='lat' dir='ltr'><strong>perfecta</strong></span> <span class='ocrx_word' id='word_1_344' title='bbox 1790 1564 1839 1591; x_wconf 87' lang='lat' dir='ltr'><strong>be-</strong></span> 
     </span>
    </p>
   </div>
   <div class='ocr_carea' id='block_1_56' title="bbox 209 1609 1840 1649">
    <p class='ocr_par' dir='ltr' id='par_1_56' title="bbox 209 1609 1840 1649">
     <span class='ocr_line' id='line_1_56' title="bbox 209 1609 1840 1649; baseline 0.002 -13"><span class='ocrx_word' id='word_1_345' title='bbox 209 1609 330 1637; x_wconf 85' lang='lat' dir='ltr'><strong>nedictio</strong></span> <span class='ocrx_word' id='word_1_346' title='bbox 355 1617 407 1637; x_wconf 89' lang='lat' dir='ltr'><strong>una</strong></span> <span class='ocrx_word' id='word_1_347' title='bbox 433 1617 495 1638; x_wconf 93' lang='lat' dir='ltr'><strong>cum</strong></span> <span class='ocrx_word' id='word_1_348' title='bbox 536 1610 651 1638; x_wconf 88' lang='lat' dir='ltr'><strong>salutari</strong></span> <span class='ocrx_word' id='word_1_349' title='bbox 690 1610 808 1646; x_wconf 76' lang='lat' dir='ltr'><strong>quadam</strong></span> <span class='ocrx_word' id='word_1_350' title='bbox 838 1611 925 1646; x_wconf 79' lang='lat' dir='ltr'><strong>gratia</strong></span> <span class='ocrx_word' id='word_1_351' title='bbox 965 1611 1137 1640; x_wconf 83' lang='lat' dir='ltr'><strong>eiliorescero</strong></span> <span class='ocrx_word' id='word_1_352' title='bbox 1163 1613 1277 1648; x_wconf 83' lang='lat' dir='ltr'><strong>incepit,</strong></span> <span class='ocrx_word' id='word_1_353' title='bbox 1311 1613 1346 1641; x_wconf 90' lang='lat' dir='ltr'><strong>ad</strong></span> <span class='ocrx_word' id='word_1_354' title='bbox 1366 1612 1535 1649; x_wconf 84' lang='lat' dir='ltr'><strong>singularem</strong></span> <span class='ocrx_word' id='word_1_355' title='bbox 1576 1613 1714 1647; x_wconf 87' lang='lat' dir='ltr'><strong>onmium,</strong></span> <span class='ocrx_word' id='word_1_356' title='bbox 1739 1610 1840 1647; x_wconf 90' lang='lat' dir='ltr'><strong>cupida</strong></span> 
     </span>
    </p>
   </div>
   <div class='ocr_carea' id='block_1_57' title="bbox 208 1654 713 1690">
    <p class='ocr_par' dir='ltr' id='par_1_57' title="bbox 208 1654 713 1690">
     <span class='ocr_line' id='line_1_57' title="bbox 208 1654 713 1690; baseline 0.002 -7"><span class='ocrx_word' id='word_1_357' title='bbox 208 1654 262 1683; x_wconf 78' lang='lat' dir='ltr'><strong>Ide</strong></span> <span class='ocrx_word' id='word_1_358' title='bbox 277 1655 325 1683; x_wconf 88' lang='lat' dir='ltr'><strong>tibi</strong></span> <span class='ocrx_word' id='word_1_359' title='bbox 342 1656 532 1690; x_wconf 83' lang='lat' dir='ltr'><strong>servientium,</strong></span> <span class='ocrx_word' id='word_1_360' title='bbox 554 1656 713 1684; x_wconf 85' lang='lat' dir='ltr'><strong>utilitatem.</strong></span> 
     </span>
    </p>
   </div>
   <div class='ocr_carea' id='block_1_58' title="bbox 554 1713 668 1749">
    <p class='ocr_par' dir='ltr' id='par_1_58' title="bbox 554 1713 668 1749">
     <span class='ocr_line' id='line_1_58' title="bbox 554 1713 668 1749; baseline 0.009 -9"><span class='ocrx_word' id='word_1_361' title='bbox 554 1713 619 1749; x_wconf 80' lang='grc' dir='ltr'><strong>ᾯδὴ</strong></span> <span class='ocrx_word' id='word_1_362' title='bbox 636 1713 668 1741; x_wconf 83' lang='grc' dir='ltr'><strong>ε’.</strong></span> 
     </span>
    </p>
   </div>
   <div class='ocr_carea' id='block_1_59' title="bbox 245 1769 1000 1806">
    <p class='ocr_par' dir='ltr' id='par_1_59' title="bbox 245 1769 1000 1806">
     <span class='ocr_line' id='line_1_59' title="bbox 245 1769 1000 1806; baseline 0.004 -10"><span class='ocrx_word' id='word_1_363' title='bbox 245 1769 341 1805; x_wconf 86' lang='grc' dir='ltr'>Ζώνης</span> <span class='ocrx_word' id='word_1_364' title='bbox 362 1769 438 1801; x_wconf 83' lang='grc' dir='ltr'>θείας</span> <span class='ocrx_word' id='word_1_365' title='bbox 454 1769 582 1805; x_wconf 81' lang='grc' dir='ltr'>τεθείσης</span> <span class='ocrx_word' id='word_1_366' title='bbox 605 1770 726 1806; x_wconf 84' lang='grc' dir='ltr'>σήμερον</span> <span class='ocrx_word' id='word_1_367' title='bbox 740 1771 770 1797; x_wconf 81' lang='grc' dir='ltr'>ὲν</span> <span class='ocrx_word' id='word_1_368' title='bbox 784 1771 852 1806; x_wconf 83' lang='grc' dir='ltr'>οίκῳ</span> <span class='ocrx_word' id='word_1_369' title='bbox 865 1780 922 1806; x_wconf 84' lang='grc' dir='ltr'>σου,</span> <span class='ocrx_word' id='word_1_370' title='bbox 941 1772 1000 1799; x_wconf 79' lang='grc' dir='ltr'>θεο-</span> 
     </span>
    </p>
   </div>
   <div class='ocr_carea' id='block_1_60' title="bbox 211 1815 1001 1852">
    <p class='ocr_par' dir='ltr' id='par_1_60' title="bbox 211 1815 1001 1852">
     <span class='ocr_line' id='line_1_60' title="bbox 211 1815 1001 1852; baseline 0.003 -10"><span class='ocrx_word' id='word_1_371' title='bbox 211 1815 346 1852; x_wconf 82' lang='grc' dir='ltr'>χαρίτωτε</span> <span class='ocrx_word' id='word_1_372' title='bbox 359 1835 367 1846; x_wconf 86' lang='grc'><strong>.</strong></span> <span class='ocrx_word' id='word_1_373' title='bbox 397 1816 597 1852; x_wconf 83' lang='grc' dir='ltr'>συνεπανετὲθη</span> <span class='ocrx_word' id='word_1_374' title='bbox 624 1816 736 1850; x_wconf 77' lang='grc' dir='ltr'>ἀγαθῶν</span> <span class='ocrx_word' id='word_1_375' title='bbox 760 1817 837 1844; x_wconf 80' lang='grc' dir='ltr'>πᾶσα</span> <span class='ocrx_word' id='word_1_376' title='bbox 855 1817 928 1850; x_wconf 85' lang='grc' dir='ltr'>δόσις</span> <span class='ocrx_word' id='word_1_377' title='bbox 945 1819 1001 1849; x_wconf 85' lang='grc' dir='ltr'>τοῖς</span> 
     </span>
    </p>
   </div>
   <div class='ocr_carea' id='block_1_61' title="bbox 209 1862 1000 1899">
    <p class='ocr_par' dir='ltr' id='par_1_61' title="bbox 209 1862 1000 1899">
     <span class='ocr_line' id='line_1_61' title="bbox 209 1862 1000 1899; baseline 0.003 -10"><span class='ocrx_word' id='word_1_378' title='bbox 209 1862 352 1898; x_wconf 82' lang='grc' dir='ltr'>χρῄζουσι,</span> <span class='ocrx_word' id='word_1_379' title='bbox 365 1862 413 1889; x_wconf 76' lang='grc' dir='ltr'>καὶ</span> <span class='ocrx_word' id='word_1_380' title='bbox 428 1862 580 1898; x_wconf 80' lang='grc' dir='ltr'>πληροῦται</span> <span class='ocrx_word' id='word_1_381' title='bbox 591 1863 646 1894; x_wconf 84' lang='grc' dir='ltr'>πᾶς</span> <span class='ocrx_word' id='word_1_382' title='bbox 661 1870 705 1893; x_wconf 87' lang='grc' dir='ltr'><strong>τις</strong></span> <span class='ocrx_word' id='word_1_383' title='bbox 720 1863 871 1898; x_wconf 84' lang='grc' dir='ltr'>ἀγιασμοῦ,</span> <span class='ocrx_word' id='word_1_384' title='bbox 884 1863 899 1890; x_wconf 79' lang='grc' dir='ltr'>ὁ</span> <span class='ocrx_word' id='word_1_385' title='bbox 914 1871 1000 1899; x_wconf 78' lang='grc' dir='ltr'>προσ-</span> 
     </span>
    </p>
   </div>
   <div class='ocr_carea' id='block_1_62' title="bbox 210 1909 874 1945">
    <p class='ocr_par' dir='ltr' id='par_1_62' title="bbox 210 1909 874 1945">
     <span class='ocr_line' id='line_1_62' title="bbox 210 1909 874 1945; baseline 0.003 -9"><span class='ocrx_word' id='word_1_386' title='bbox 210 1909 336 1941; x_wconf 83' lang='grc' dir='ltr'>πελάζων</span> <span class='ocrx_word' id='word_1_387' title='bbox 350 1909 400 1941; x_wconf 82' lang='grc' dir='ltr'><strong>τὰς</strong></span> <span class='ocrx_word' id='word_1_388' title='bbox 415 1910 539 1945; x_wconf 83' lang='grc' dir='ltr'>αίτήσεις</span> <span class='ocrx_word' id='word_1_389' title='bbox 562 1909 668 1941; x_wconf 85' lang='grc' dir='ltr'>πιστῶς</span> <span class='ocrx_word' id='word_1_390' title='bbox 683 1909 874 1944; x_wconf 80' lang='grc' dir='ltr'>κομιζόμενος.</span> 
     </span>
    </p>
   </div>
   <div class='ocr_carea' id='block_1_63' title="bbox 1384 1716 1492 1744">
    <p class='ocr_par' dir='ltr' id='par_1_63' title="bbox 1384 1716 1492 1744">
     <span class='ocr_line' id='line_1_63' title="bbox 1384 1716 1492 1744; baseline -0.009 0"><span class='ocrx_word' id='word_1_391' title='bbox 1384 1716 1442 1744; x_wconf 87' lang='lat' dir='ltr'><strong>Ode</strong></span> <span class='ocrx_word' id='word_1_392' title='bbox 1465 1716 1492 1744; x_wconf 84' lang='lat'><strong>5.</strong></span> 
     </span>
    </p>
   </div>
   <div class='ocr_carea' id='block_1_64' title="bbox 1088 1771 1841 1812">
    <p class='ocr_par' dir='ltr' id='par_1_64' title="bbox 1088 1771 1841 1812">
     <span class='ocr_line' id='line_1_64' title="bbox 1088 1771 1841 1812; baseline 0.001 -13"><span class='ocrx_word' id='word_1_393' title='bbox 1088 1771 1237 1807; x_wconf 86' lang='lat' dir='ltr'><strong>Cingulum</strong></span> <span class='ocrx_word' id='word_1_394' title='bbox 1262 1772 1336 1801; x_wconf 87' lang='lat' dir='ltr'><strong>istud</strong></span> <span class='ocrx_word' id='word_1_395' title='bbox 1360 1778 1435 1800; x_wconf 93' lang='lat' dir='ltr'><strong>luum</strong></span> <span class='ocrx_word' id='word_1_396' title='bbox 1452 1772 1588 1805; x_wconf 85' lang='lat' dir='ltr'><strong>divinum,</strong></span> <span class='ocrx_word' id='word_1_397' title='bbox 1604 1772 1692 1812; x_wconf 41' lang='lat' dir='ltr'><strong>[cujus</strong></span> <span class='ocrx_word' id='word_1_398' title='bbox 1714 1772 1796 1800; x_wconf 88' lang='lat' dir='ltr'><strong>hodie</strong></span> <span class='ocrx_word' id='word_1_399' title='bbox 1813 1772 1841 1800; x_wconf 95' lang='lat' dir='ltr'><strong>in</strong></span> 
     </span>
    </p>
   </div>
   <div class='ocr_carea' id='block_1_65' title="bbox 1050 1817 1842 1854">
    <p class='ocr_par' dir='ltr' id='par_1_65' title="bbox 1050 1817 1842 1854">
     <span class='ocr_line' id='line_1_65' title="bbox 1050 1817 1842 1854; baseline 0 -8"><span class='ocrx_word' id='word_1_400' title='bbox 1050 1819 1102 1846; x_wconf 88' lang='lat' dir='ltr'><strong>hac</strong></span> <span class='ocrx_word' id='word_1_401' title='bbox 1123 1817 1215 1846; x_wconf 54' lang='lat' dir='ltr'><strong>domo‘</strong></span> <span class='ocrx_word' id='word_1_402' title='bbox 1226 1824 1272 1846; x_wconf 91' lang='lat' dir='ltr'><strong>tua</strong></span> <span class='ocrx_word' id='word_1_403' title='bbox 1297 1819 1497 1854; x_wconf 87' lang='lat' dir='ltr'><strong>depositionem</strong></span> <span class='ocrx_word' id='word_1_404' title='bbox 1514 1818 1698 1852; x_wconf 82' lang='lat' dir='ltr'><strong>celebramus,</strong></span> <span class='ocrx_word' id='word_1_405' title='bbox 1713 1826 1730 1845; x_wconf 95' lang='grc' dir='ltr'><strong>ο</strong></span> <span class='ocrx_word' id='word_1_406' title='bbox 1745 1818 1842 1853; x_wconf 76' lang='lat' dir='ltr'><strong>singu-</strong></span> 
     </span>
    </p>
   </div>
   <div class='ocr_carea' id='block_1_66' title="bbox 1051 1863 1841 1899">
    <p class='ocr_par' dir='ltr' id='par_1_66' title="bbox 1051 1863 1841 1899">
     <span class='ocr_line' id='line_1_66' title="bbox 1051 1863 1841 1899; baseline -0.001 -8"><span class='ocrx_word' id='word_1_407' title='bbox 1051 1863 1102 1892; x_wconf 90' lang='lat' dir='ltr'><strong>lari</strong></span> <span class='ocrx_word' id='word_1_408' title='bbox 1116 1864 1189 1899; x_wconf 88' lang='lat' dir='ltr'><strong>apud</strong></span> <span class='ocrx_word' id='word_1_409' title='bbox 1209 1864 1294 1892; x_wconf 92' lang='lat' dir='ltr'><strong>Deum</strong></span> <span class='ocrx_word' id='word_1_410' title='bbox 1311 1864 1399 1899; x_wconf 81' lang='lat' dir='ltr'><strong>gratia</strong></span> <span class='ocrx_word' id='word_1_411' title='bbox 1421 1864 1528 1899; x_wconf 82' lang='lat' dir='ltr'><strong>pollens</strong></span> <span class='ocrx_word' id='word_1_412' title='bbox 1542 1863 1643 1899; x_wconf 84' lang='lat' dir='ltr'><strong>Virgo!</strong></span> <span class='ocrx_word' id='word_1_413' title='bbox 1662 1863 1735 1891; x_wconf 90' lang='lat' dir='ltr'><strong>istud</strong></span> <span class='ocrx_word' id='word_1_414' title='bbox 1750 1868 1841 1896; x_wconf 89' lang='lat' dir='ltr'><strong>tuum,</strong></span> 
     </span>
    </p>
   </div>
   <div class='ocr_carea' id='block_1_67' title="bbox 1054 1910 1843 1945">
    <p class='ocr_par' dir='ltr' id='par_1_67' title="bbox 1054 1910 1843 1945">
     <span class='ocr_line' id='line_1_67' title="bbox 1054 1910 1843 1945; baseline 0.001 -8"><span class='ocrx_word' id='word_1_415' title='bbox 1054 1911 1182 1945; x_wconf 88' lang='lat' dir='ltr'><strong>inquam,</strong></span> <span class='ocrx_word' id='word_1_416' title='bbox 1199 1910 1339 1945; x_wconf 89' lang='lat' dir='ltr'><strong>cingulum</strong></span> <span class='ocrx_word' id='word_1_417' title='bbox 1357 1910 1384 1938; x_wconf 92' lang='lat' dir='ltr'><strong>in</strong></span> <span class='ocrx_word' id='word_1_418' title='bbox 1403 1917 1484 1937; x_wconf 90' lang='lat' dir='ltr'><strong>suum</strong></span> <span class='ocrx_word' id='word_1_419' title='bbox 1501 1911 1555 1938; x_wconf 88' lang='lat' dir='ltr'><strong>huc</strong></span> <span class='ocrx_word' id='word_1_420' title='bbox 1570 1911 1744 1942; x_wconf 87' lang='lat' dir='ltr'><strong>comitatum,</strong></span> <span class='ocrx_word' id='word_1_421' title='bbox 1759 1910 1843 1938; x_wconf 88' lang='lat' dir='ltr'><strong>traxit</strong></span> 
     </span>
    </p>
   </div>
   <div class='ocr_carea' id='block_1_68' title="bbox 209 1954 1842 1993">
    <p class='ocr_par' dir='ltr' id='par_1_68' title="bbox 209 1954 1842 1993">
     <span class='ocr_line' id='line_1_68' title="bbox 209 1954 1842 1993; baseline 0.001 -11"><span class='ocrx_word' id='word_1_422' title='bbox 209 1954 431 1984; x_wconf 79' lang='lat' dir='ltr'><strong>iiberalissimam</strong></span> <span class='ocrx_word' id='word_1_423' title='bbox 444 1956 568 1984; x_wconf 91' lang='lat' dir='ltr'><strong>omnium</strong></span> <span class='ocrx_word' id='word_1_424' title='bbox 582 1956 733 1991; x_wconf 85' lang='lat' dir='ltr'><strong>gratiarum</strong></span> <span class='ocrx_word' id='word_1_425' title='bbox 754 1957 873 1992; x_wconf 89' lang='lat' dir='ltr'><strong>copiam,</strong></span> <span class='ocrx_word' id='word_1_426' title='bbox 893 1961 974 1992; x_wconf 89' lang='lat' dir='ltr'><strong>prout</strong></span> <span class='ocrx_word' id='word_1_427' title='bbox 994 1958 1130 1993; x_wconf 85' lang='lat' dir='ltr'><strong>cujusque</strong></span> <span class='ocrx_word' id='word_1_428' title='bbox 1144 1957 1265 1993; x_wconf 86' lang='lat' dir='ltr'><strong>postulat</strong></span> <span class='ocrx_word' id='word_1_429' title='bbox 1283 1957 1482 1992; x_wconf 87' lang='lat' dir='ltr'><strong>indigentia,et</strong></span> <span class='ocrx_word' id='word_1_430' title='bbox 1498 1957 1657 1992; x_wconf 83' lang='lat' dir='ltr'><strong>quicunque</strong></span> <span class='ocrx_word' id='word_1_431' title='bbox 1680 1956 1734 1984; x_wconf 86' lang='lat' dir='ltr'><strong>huc</strong></span> <span class='ocrx_word' id='word_1_432' title='bbox 1747 1963 1842 1983; x_wconf 80' lang='lat' dir='ltr'><strong>acces-</strong></span> 
     </span>
    </p>
   </div>
   <div class='ocr_carea' id='block_1_69' title="bbox 211 2002 1842 2040">
    <p class='ocr_par' dir='ltr' id='par_1_69' title="bbox 211 2002 1842 2040">
     <span class='ocr_line' id='line_1_69' title="bbox 211 2002 1842 2040; baseline 0.001 -12"><span class='ocrx_word' id='word_1_433' title='bbox 211 2002 287 2033; x_wconf 83' lang='lat' dir='ltr'><strong>serit,</strong></span> <span class='ocrx_word' id='word_1_434' title='bbox 303 2002 350 2029; x_wconf 91' lang='lat' dir='ltr'><strong>ille</strong></span> <span class='ocrx_word' id='word_1_435' title='bbox 364 2002 493 2038; x_wconf 78' lang='lat' dir='ltr'><strong>impletur</strong></span> <span class='ocrx_word' id='word_1_436' title='bbox 508 2003 620 2038; x_wconf 89' lang='lat' dir='ltr'><strong>copioso</strong></span> <span class='ocrx_word' id='word_1_437' title='bbox 632 2002 705 2030; x_wconf 91' lang='lat' dir='ltr'><strong>dono</strong></span> <span class='ocrx_word' id='word_1_438' title='bbox 720 2003 920 2036; x_wconf 67' lang='lat' dir='ltr'><strong>sanctimoniae,</strong></span> <span class='ocrx_word' id='word_1_439' title='bbox 941 2004 963 2031; x_wconf 89' lang='lat' dir='ltr'><strong>si</strong></span> <span class='ocrx_word' id='word_1_440' title='bbox 983 2004 1113 2033; x_wconf 89' lang='lat' dir='ltr'><strong>nimirum</strong></span> <span class='ocrx_word' id='word_1_441' title='bbox 1130 2012 1225 2040; x_wconf 88' lang='lat' dir='ltr'><strong>preces</strong></span> <span class='ocrx_word' id='word_1_442' title='bbox 1248 2012 1312 2032; x_wconf 89' lang='lat' dir='ltr'><strong>suas</strong></span> <span class='ocrx_word' id='word_1_443' title='bbox 1329 2004 1413 2032; x_wconf 87' lang='lat' dir='ltr'><strong>corde</strong></span> <span class='ocrx_word' id='word_1_444' title='bbox 1432 2004 1563 2031; x_wconf 89' lang='lat' dir='ltr'><strong>obtulerit</strong></span> <span class='ocrx_word' id='word_1_445' title='bbox 1579 2003 1688 2031; x_wconf 83' lang='lat' dir='ltr'><strong>sincero</strong></span> <span class='ocrx_word' id='word_1_446' title='bbox 1704 2011 1738 2030; x_wconf 86' lang='lat' dir='ltr'><strong>ac</strong></span> <span class='ocrx_word' id='word_1_447' title='bbox 1754 2003 1842 2030; x_wconf 84' lang='lat' dir='ltr'><strong>ﬁdeli&#39;</strong></span> 
     </span>
    </p>
   </div>
   <div class='ocr_carea' id='block_1_70' title="bbox 251 2048 1000 2088">
    <p class='ocr_par' dir='ltr' id='par_1_70' title="bbox 251 2048 1000 2088">
     <span class='ocr_line' id='line_1_70' title="bbox 251 2048 1000 2088; baseline 0.003 -12"><span class='ocrx_word' id='word_1_448' title='bbox 251 2048 416 2085; x_wconf 82' lang='grc' dir='ltr'>Ὦραιώθης,</span> <span class='ocrx_word' id='word_1_449' title='bbox 428 2049 560 2086; x_wconf 84' lang='grc' dir='ltr'>Παρθένε,</span> <span class='ocrx_word' id='word_1_450' title='bbox 577 2050 663 2085; x_wconf 76' lang='grc' dir='ltr'>Λόγον</span> <span class='ocrx_word' id='word_1_451' title='bbox 687 2050 855 2086; x_wconf 83' lang='grc' dir='ltr'>ὡραιότατον</span> <span class='ocrx_word' id='word_1_452' title='bbox 874 2051 1000 2088; x_wconf 84' lang='grc' dir='ltr'>ἀποκυή-</span> 
     </span>
    </p>
   </div>
   <div class='ocr_carea' id='block_1_71' title="bbox 212 2095 1000 2132">
    <p class='ocr_par' dir='ltr' id='par_1_71' title="bbox 212 2095 1000 2132">
     <span class='ocr_line' id='line_1_71' title="bbox 212 2095 1000 2132; baseline 0.004 -11"><span class='ocrx_word' id='word_1_453' title='bbox 212 2102 292 2127; x_wconf 85' lang='grc' dir='ltr'>σασα,</span> <span class='ocrx_word' id='word_1_454' title='bbox 310 2095 358 2122; x_wconf 83' lang='grc' dir='ltr'>καὶ</span> <span class='ocrx_word' id='word_1_455' title='bbox 383 2096 421 2130; x_wconf 82' lang='grc' dir='ltr'>τῷ</span> <span class='ocrx_word' id='word_1_456' title='bbox 438 2095 477 2131; x_wconf 85' lang='grc' dir='ltr'><strong>σῷ</strong></span> <span class='ocrx_word' id='word_1_457' title='bbox 490 2096 585 2131; x_wconf 84' lang='grc' dir='ltr'>ὡραίῳ</span> <span class='ocrx_word' id='word_1_458' title='bbox 601 2095 788 2132; x_wconf 79' lang='grc' dir='ltr'>ἐπευδόκησας</span> <span class='ocrx_word' id='word_1_459' title='bbox 803 2097 872 2131; x_wconf 81' lang='grc' dir='ltr'>οἴκῳ</span> <span class='ocrx_word' id='word_1_460' title='bbox 884 2097 1000 2132; x_wconf 80' lang='grc' dir='ltr'>τεθήσε-</span> 
     </span>
    </p>
   </div>
   <div class='ocr_carea' id='block_1_72' title="bbox 213 2140 999 2179">
    <p class='ocr_par' dir='ltr' id='par_1_72' title="bbox 213 2140 999 2179">
     <span class='ocr_line' id='line_1_72' title="bbox 213 2140 999 2179; baseline 0.004 -12"><span class='ocrx_word' id='word_1_461' title='bbox 213 2140 275 2168; x_wconf 87' lang='grc' dir='ltr'>σθαι</span> <span class='ocrx_word' id='word_1_462' title='bbox 289 2141 338 2177; x_wconf 82' lang='grc' dir='ltr'>τὴν</span> <span class='ocrx_word' id='word_1_463' title='bbox 354 2141 458 2177; x_wconf 84' lang='grc' dir='ltr'>ὡραίαν</span> <span class='ocrx_word' id='word_1_464' title='bbox 477 2141 577 2178; x_wconf 83' lang='grc' dir='ltr'>ζώνην,</span> <span class='ocrx_word' id='word_1_465' title='bbox 592 2142 653 2178; x_wconf 80' lang='grc' dir='ltr'>ἥτις</span> <span class='ocrx_word' id='word_1_466' title='bbox 668 2142 699 2169; x_wconf 85' lang='grc' dir='ltr'>τδ</span> <span class='ocrx_word' id='word_1_467' title='bbox 722 2143 768 2169; x_wconf 87' lang='grc' dir='ltr'>σὸν</span> <span class='ocrx_word' id='word_1_468' title='bbox 792 2142 893 2179; x_wconf 85' lang='grc' dir='ltr'>ὡραῖον</span> <span class='ocrx_word' id='word_1_469' title='bbox 909 2143 999 2178; x_wconf 87' lang='grc' dir='ltr'>σῶμα,</span> 
     </span>
    </p>
   </div>
   <div class='ocr_carea' id='block_1_73' title="bbox 211 2187 619 2224">
    <p class='ocr_par' dir='ltr' id='par_1_73' title="bbox 211 2187 619 2224">
     <span class='ocr_line' id='line_1_73' title="bbox 211 2187 619 2224; baseline 0.002 -10"><span class='ocrx_word' id='word_1_470' title='bbox 211 2187 338 2220; x_wconf 81' lang='grc' dir='ltr'>Θεοτόκε,</span> <span class='ocrx_word' id='word_1_471' title='bbox 353 2189 463 2224; x_wconf 84' lang='grc' dir='ltr'>ὡραίως</span> <span class='ocrx_word' id='word_1_472' title='bbox 477 2189 619 2221; x_wconf 84' lang='grc' dir='ltr'>διέζωσεν.</span> 
     </span>
    </p>
   </div>
   <div class='ocr_carea' id='block_1_74' title="bbox 1088 2050 1841 2088">
    <p class='ocr_par' dir='ltr' id='par_1_74' title="bbox 1088 2050 1841 2088">
     <span class='ocr_line' id='line_1_74' title="bbox 1088 2050 1841 2088; baseline -0.004 -8"><span class='ocrx_word' id='word_1_473' title='bbox 1088 2052 1217 2088; x_wconf 84' lang='lat' dir='ltr'><strong>lnclytam</strong></span> <span class='ocrx_word' id='word_1_474' title='bbox 1235 2051 1270 2079; x_wconf 87' lang='lat' dir='ltr'><strong>ob</strong></span> <span class='ocrx_word' id='word_1_475' title='bbox 1287 2051 1369 2079; x_wconf 84' lang='lat' dir='ltr'><strong>Verbi</strong></span> <span class='ocrx_word' id='word_1_476' title='bbox 1381 2059 1396 2078; x_wconf 88' lang='lat' dir='ltr'><strong>a</strong></span> <span class='ocrx_word' id='word_1_477' title='bbox 1419 2056 1444 2079; x_wconf 83' lang='lat' dir='ltr'><strong>te</strong></span> <span class='ocrx_word' id='word_1_478' title='bbox 1456 2051 1540 2087; x_wconf 81' lang='lat' dir='ltr'><strong>geniti</strong></span> <span class='ocrx_word' id='word_1_479' title='bbox 1552 2050 1794 2085; x_wconf 85' lang='lat' dir='ltr'><strong>pulchritudinem.</strong></span> <span class='ocrx_word' id='word_1_480' title='bbox 1812 2054 1841 2078; x_wconf 93' lang='lat' dir='ltr'><strong>tu</strong></span> 
     </span>
    </p>
   </div>
   <div class='ocr_carea' id='block_1_75' title="bbox 1053 2096 1842 2135">
    <p class='ocr_par' dir='ltr' id='par_1_75' title="bbox 1053 2096 1842 2135">
     <span class='ocr_line' id='line_1_75' title="bbox 1053 2096 1842 2135; baseline -0.003 -9"><span class='ocrx_word' id='word_1_481' title='bbox 1053 2106 1164 2134; x_wconf 87' lang='lat' dir='ltr'><strong>quoque</strong></span> <span class='ocrx_word' id='word_1_482' title='bbox 1181 2099 1280 2135; x_wconf 89' lang='lat' dir='ltr'><strong>inclyta</strong></span> <span class='ocrx_word' id='word_1_483' title='bbox 1299 2106 1330 2126; x_wconf 87' lang='lat' dir='ltr'><strong>es</strong></span> <span class='ocrx_word' id='word_1_484' title='bbox 1348 2097 1553 2133; x_wconf 83' lang='lat' dir='ltr'><strong>pulchritudine</strong></span> <span class='ocrx_word' id='word_1_485' title='bbox 1577 2097 1731 2129; x_wconf 81' lang='lat' dir='ltr'><strong>illustrata;</strong></span> <span class='ocrx_word' id='word_1_486' title='bbox 1758 2096 1842 2124; x_wconf 88' lang='lat' dir='ltr'><strong>simul</strong></span> 
     </span>
    </p>
   </div>
   <div class='ocr_carea' id='block_1_76' title="bbox 1056 2141 1844 2178">
    <p class='ocr_par' dir='ltr' id='par_1_76' title="bbox 1056 2141 1844 2178">
     <span class='ocr_line' id='line_1_76' title="bbox 1056 2141 1844 2178; baseline -0.004 -7"><span class='ocrx_word' id='word_1_487' title='bbox 1056 2147 1083 2171; x_wconf 88' lang='lat' dir='ltr'><strong>et</strong></span> <span class='ocrx_word' id='word_1_488' title='bbox 1101 2144 1126 2171; x_wconf 92' lang='lat' dir='ltr'><strong>in</strong></span> <span class='ocrx_word' id='word_1_489' title='bbox 1144 2144 1196 2171; x_wconf 86' lang='lat' dir='ltr'><strong>hoc</strong></span> <span class='ocrx_word' id='word_1_490' title='bbox 1229 2143 1329 2178; x_wconf 88' lang='lat' dir='ltr'><strong>templo</strong></span> <span class='ocrx_word' id='word_1_491' title='bbox 1348 2149 1395 2171; x_wconf 90' lang='lat' dir='ltr'><strong>tuo</strong></span> <span class='ocrx_word' id='word_1_492' title='bbox 1415 2143 1515 2178; x_wconf 84' lang='lat' dir='ltr'><strong>inclyte</strong></span> <span class='ocrx_word' id='word_1_493' title='bbox 1532 2142 1669 2177; x_wconf 88' lang='lat' dir='ltr'><strong>specioso,</strong></span> <span class='ocrx_word' id='word_1_494' title='bbox 1692 2147 1720 2169; x_wconf 91' lang='lat' dir='ltr'><strong>tu</strong></span> <span class='ocrx_word' id='word_1_495' title='bbox 1738 2141 1844 2176; x_wconf 89' lang='lat' dir='ltr'><strong>placide</strong></span> 
     </span>
    </p>
   </div>
   <div class='ocr_carea' id='block_1_77' title="bbox 1054 2186 1844 2225">
    <p class='ocr_par' dir='ltr' id='par_1_77' title="bbox 1054 2186 1844 2225">
     <span class='ocr_line' id='line_1_77' title="bbox 1054 2186 1844 2225; baseline -0.004 -8"><span class='ocrx_word' id='word_1_496' title='bbox 1054 2189 1109 2224; x_wconf 90' lang='lat' dir='ltr'><strong>pati</strong></span> <span class='ocrx_word' id='word_1_497' title='bbox 1135 2197 1165 2218; x_wconf 87' lang='lat' dir='ltr'><strong>es</strong></span> <span class='ocrx_word' id='word_1_498' title='bbox 1184 2190 1306 2225; x_wconf 84' lang='lat' dir='ltr'><strong>dignata,</strong></span> <span class='ocrx_word' id='word_1_499' title='bbox 1329 2194 1358 2216; x_wconf 93' lang='lat' dir='ltr'><strong>ut</strong></span> <span class='ocrx_word' id='word_1_500' title='bbox 1378 2193 1557 2224; x_wconf 87' lang='lat' dir='ltr'><strong>reponeretur</strong></span> <span class='ocrx_word' id='word_1_501' title='bbox 1576 2188 1684 2223; x_wconf 64' lang='lat' dir='ltr'><strong>inclytae</strong></span> <span class='ocrx_word' id='word_1_502' title='bbox 1704 2188 1767 2215; x_wconf 86' lang='lat' dir='ltr'><strong>item</strong></span> <span class='ocrx_word' id='word_1_503' title='bbox 1784 2186 1844 2222; x_wconf 90' lang='lat' dir='ltr'><strong>pul-</strong></span> 
     </span>
    </p>
   </div>
   <div class='ocr_carea' id='block_1_78' title="bbox 212 2236 1844 2276">
    <p class='ocr_par' dir='ltr' id='par_1_78' title="bbox 212 2236 1844 2276">
     <span class='ocr_line' id='line_1_78' title="bbox 212 2236 1844 2276; baseline 0 -13"><span class='ocrx_word' id='word_1_504' title='bbox 212 2236 378 2265; x_wconf 85' lang='lat' dir='ltr'><strong>chritudinis</strong></span> <span class='ocrx_word' id='word_1_505' title='bbox 404 2246 473 2266; x_wconf 84' lang='lat' dir='ltr'><strong>zona</strong></span> <span class='ocrx_word' id='word_1_506' title='bbox 505 2243 572 2272; x_wconf 87' lang='lat' dir='ltr'><strong>tua,</strong></span> <span class='ocrx_word' id='word_1_507' title='bbox 595 2246 655 2274; x_wconf 72' lang='lat' dir='ltr'><strong>qua:</strong></span> <span class='ocrx_word' id='word_1_508' title='bbox 686 2244 714 2267; x_wconf 88' lang='lat' dir='ltr'><strong>et</strong></span> <span class='ocrx_word' id='word_1_509' title='bbox 739 2243 817 2267; x_wconf 86' lang='lat' dir='ltr'><strong>tuum</strong></span> <span class='ocrx_word' id='word_1_510' title='bbox 848 2239 948 2276; x_wconf 85' lang='lat' dir='ltr'><strong>inclyte</strong></span> <span class='ocrx_word' id='word_1_511' title='bbox 973 2239 1116 2275; x_wconf 84' lang='lat' dir='ltr'><strong>pulchrum</strong></span> <span class='ocrx_word' id='word_1_512' title='bbox 1144 2247 1254 2275; x_wconf 83' lang='lat' dir='ltr'><strong>corpus.</strong></span> <span class='ocrx_word' id='word_1_513' title='bbox 1276 2247 1292 2267; x_wconf 92' lang='grc' dir='ltr'><strong>ο</strong></span> <span class='ocrx_word' id='word_1_514' title='bbox 1321 2240 1446 2274; x_wconf 88' lang='lat' dir='ltr'><strong>Deipara,</strong></span> <span class='ocrx_word' id='word_1_515' title='bbox 1466 2239 1557 2267; x_wconf 87' lang='lat' dir='ltr'><strong>cinctu</strong></span> <span class='ocrx_word' id='word_1_516' title='bbox 1588 2237 1708 2273; x_wconf 89' lang='lat' dir='ltr'><strong>quodam</strong></span> <span class='ocrx_word' id='word_1_517' title='bbox 1741 2236 1844 2272; x_wconf 85' lang='lat' dir='ltr'><strong>inclyto</strong></span> 
     </span>
    </p>
   </div>
   <div class='ocr_carea' id='block_1_79' title="bbox 212 2286 380 2320">
    <p class='ocr_par' dir='ltr' id='par_1_79' title="bbox 212 2286 380 2320">
     <span class='ocr_line' id='line_1_79' title="bbox 212 2286 380 2320; baseline 0.006 -8"><span class='ocrx_word' id='word_1_518' title='bbox 212 2286 380 2320; x_wconf 85' lang='lat' dir='ltr'><strong>perornavit.</strong></span> 
     </span>
    </p>
   </div>
   <div class='ocr_carea' id='block_1_80' title="bbox 249 2329 998 2369">
    <p class='ocr_par' dir='ltr' id='par_1_80' title="bbox 249 2329 998 2369">
     <span class='ocr_line' id='line_1_80' title="bbox 249 2329 998 2369; baseline 0.003 -11"><span class='ocrx_word' id='word_1_519' title='bbox 249 2331 300 2358; x_wconf 92' lang='grc' dir='ltr'>Σοῦ</span> <span class='ocrx_word' id='word_1_520' title='bbox 325 2333 340 2359; x_wconf 82' lang='grc' dir='ltr'>ὁ</span> <span class='ocrx_word' id='word_1_521' title='bbox 363 2333 441 2367; x_wconf 77' lang='grc' dir='ltr'>ἅγιος</span> <span class='ocrx_word' id='word_1_522' title='bbox 466 2329 541 2364; x_wconf 78' lang='grc' dir='ltr'>οἶκος</span> <span class='ocrx_word' id='word_1_523' title='bbox 566 2333 646 2365; x_wconf 76' lang='grc' dir='ltr'>ἄλλος</span> <span class='ocrx_word' id='word_1_524' title='bbox 669 2333 706 2366; x_wconf 83' lang='grc' dir='ltr'><strong>ὡς</strong></span> <span class='ocrx_word' id='word_1_525' title='bbox 733 2332 899 2369; x_wconf 83' lang='grc' dir='ltr'>παράδεισος</span> <span class='ocrx_word' id='word_1_526' title='bbox 932 2334 998 2361; x_wconf 76' lang='grc' dir='ltr'>πᾶσι</span> 
     </span>
    </p>
   </div>
   <div class='ocr_carea' id='block_1_81' title="bbox 1047 2329 1844 2369">
    <p class='ocr_par' dir='ltr' id='par_1_81' title="bbox 1087 2330 1844 2368">
     <span class='ocr_line' id='line_1_81' title="bbox 1087 2330 1844 2368; baseline -0.005 -8"><span class='ocrx_word' id='word_1_527' title='bbox 1087 2332 1180 2360; x_wconf 86' lang='lat' dir='ltr'><strong>Novus</strong></span> <span class='ocrx_word' id='word_1_528' title='bbox 1206 2340 1269 2361; x_wconf 84' lang='lat' dir='ltr'><strong>esse</strong></span> <span class='ocrx_word' id='word_1_529' title='bbox 1293 2332 1438 2368; x_wconf 84' lang='lat' dir='ltr'><strong>paradisus</strong></span> <span class='ocrx_word' id='word_1_530' title='bbox 1465 2331 1564 2360; x_wconf 89' lang='lat' dir='ltr'><strong>domus</strong></span> <span class='ocrx_word' id='word_1_531' title='bbox 1586 2331 1645 2359; x_wconf 70' lang='lat' dir='ltr'><strong>haec</strong></span> <span class='ocrx_word' id='word_1_532' title='bbox 1661 2335 1707 2358; x_wconf 88' lang='lat' dir='ltr'><strong>tua</strong></span> <span class='ocrx_word' id='word_1_533' title='bbox 1722 2330 1844 2357; x_wconf 83' lang='lat' dir='ltr'><strong>creditur</strong></span> 
     </span>
    </p>
   </div>
   <div class='ocr_carea' id='block_1_82' title="bbox 213 2377 1001 2415">
    <p class='ocr_par' dir='ltr' id='par_1_82' title="bbox 213 2377 1001 2415">
     <span class='ocr_line' id='line_1_82' title="bbox 213 2377 1001 2415; baseline 0.004 -12"><span class='ocrx_word' id='word_1_534' title='bbox 213 2377 397 2413; x_wconf 84' lang='grc' dir='ltr'>γνωρίζεται,</span> <span class='ocrx_word' id='word_1_535' title='bbox 440 2378 524 2413; x_wconf 84' lang='grc' dir='ltr'>μέσον</span> <span class='ocrx_word' id='word_1_536' title='bbox 554 2378 853 2415; x_wconf 46' lang='grc' dir='ltr'>κεκτημένοςεῶσπερ</span> <span class='ocrx_word' id='word_1_537' title='bbox 885 2378 1001 2414; x_wconf 76' lang='grc' dir='ltr'>εὔοσμον</span> 
     </span>
    </p>
   </div>
   <div class='ocr_carea' id='block_1_83' title="bbox 216 2423 1000 2460">
    <p class='ocr_par' dir='ltr' id='par_1_83' title="bbox 216 2423 1000 2460">
     <span class='ocr_line' id='line_1_83' title="bbox 216 2423 1000 2460; baseline 0.003 -10"><span class='ocrx_word' id='word_1_538' title='bbox 216 2423 291 2458; x_wconf 73' lang='grc' dir='ltr'>ῥόδον</span> <span class='ocrx_word' id='word_1_539' title='bbox 310 2424 359 2460; x_wconf 84' lang='grc' dir='ltr'>τὴν</span> <span class='ocrx_word' id='word_1_540' title='bbox 373 2424 463 2460; x_wconf 85' lang='grc' dir='ltr'>ζώνην</span> <span class='ocrx_word' id='word_1_541' title='bbox 478 2432 536 2456; x_wconf 85' lang='grc' dir='ltr'>σου,</span> <span class='ocrx_word' id='word_1_542' title='bbox 557 2424 662 2456; x_wconf 85' lang='grc' dir='ltr'>εὐοδίας</span> <span class='ocrx_word' id='word_1_543' title='bbox 686 2424 762 2457; x_wconf 83' lang='grc' dir='ltr'>θείας</span> <span class='ocrx_word' id='word_1_544' title='bbox 786 2425 1000 2460; x_wconf 76' lang='grc' dir='ltr'>ἀποπληροῦσαν</span> 
     </span>
    </p>
   </div>
   <div class='ocr_carea' id='block_1_84' title="bbox 213 2469 999 2506">
    <p class='ocr_par' dir='ltr' id='par_1_84' title="bbox 213 2469 999 2506">
     <span class='ocr_line' id='line_1_84' title="bbox 213 2469 999 2506; baseline 0.001 -10"><span class='ocrx_word' id='word_1_545' title='bbox 213 2469 263 2502; x_wconf 84' lang='grc' dir='ltr'><strong>τὰς</strong></span> <span class='ocrx_word' id='word_1_546' title='bbox 286 2470 399 2505; x_wconf 83' lang='grc' dir='ltr'>καρδίας</span> <span class='ocrx_word' id='word_1_547' title='bbox 421 2471 477 2497; x_wconf 82' lang='grc' dir='ltr'><strong>τῶν</strong></span> <span class='ocrx_word' id='word_1_548' title='bbox 493 2471 597 2502; x_wconf 85' lang='grc' dir='ltr'>πιστῶς</span> <span class='ocrx_word' id='word_1_549' title='bbox 626 2471 806 2506; x_wconf 76' lang='grc' dir='ltr'>προσιόντων,</span> <span class='ocrx_word' id='word_1_550' title='bbox 833 2471 999 2506; x_wconf 88' lang='grc' dir='ltr'>πανάμωμε.</span> 
     </span>
    </p>
   </div>
   <div class='ocr_carea' id='block_1_85' title="bbox 1052 2375 1843 2415">
    <p class='ocr_par' dir='ltr' id='par_1_85' title="bbox 1052 2375 1843 2415">
     <span class='ocr_line' id='line_1_85' title="bbox 1052 2375 1843 2415; baseline -0.004 -9"><span class='ocrx_word' id='word_1_551' title='bbox 1052 2379 1142 2415; x_wconf 88' lang='lat' dir='ltr'><strong>palam</strong></span> <span class='ocrx_word' id='word_1_552' title='bbox 1159 2378 1213 2413; x_wconf 70' lang='lat'><strong>25</strong></span> <span class='ocrx_word' id='word_1_553' title='bbox 1230 2378 1264 2405; x_wconf 88' lang='lat' dir='ltr'><strong>ab</strong></span> <span class='ocrx_word' id='word_1_554' title='bbox 1286 2377 1435 2412; x_wconf 87' lang='lat' dir='ltr'><strong>universis,</strong></span> <span class='ocrx_word' id='word_1_555' title='bbox 1460 2377 1487 2404; x_wconf 91' lang='lat' dir='ltr'><strong>in</strong></span> <span class='ocrx_word' id='word_1_556' title='bbox 1511 2376 1591 2412; x_wconf 87' lang='lat' dir='ltr'><strong>cujus</strong></span> <span class='ocrx_word' id='word_1_557' title='bbox 1615 2375 1736 2411; x_wconf 85' lang='lat' dir='ltr'><strong>paradisi</strong></span> <span class='ocrx_word' id='word_1_558' title='bbox 1751 2375 1843 2404; x_wconf 87' lang='lat' dir='ltr'><strong>medio</strong></span> 
     </span>
    </p>
   </div>
   <div class='ocr_carea' id='block_1_86' title="bbox 1054 2423 1843 2460">
    <p class='ocr_par' dir='ltr' id='par_1_86' title="bbox 1054 2423 1843 2460">
     <span class='ocr_line' id='line_1_86' title="bbox 1054 2423 1843 2460; baseline -0.004 -7"><span class='ocrx_word' id='word_1_559' title='bbox 1054 2426 1142 2453; x_wconf 82' lang='lat' dir='ltr'><strong>instar</strong></span> <span class='ocrx_word' id='word_1_560' title='bbox 1156 2424 1300 2460; x_wconf 84' lang='lat' dir='ltr'><strong>cujusdam</strong></span> <span class='ocrx_word' id='word_1_561' title='bbox 1317 2424 1465 2459; x_wconf 74' lang='lat' dir='ltr'><strong>fragrantis</strong></span> <span class='ocrx_word' id='word_1_562' title='bbox 1479 2431 1550 2452; x_wconf 63' lang='lat' dir='ltr'><strong>rosa!</strong></span> <span class='ocrx_word' id='word_1_563' title='bbox 1562 2431 1631 2451; x_wconf 83' lang='lat' dir='ltr'><strong>zona</strong></span> <span class='ocrx_word' id='word_1_564' title='bbox 1649 2427 1695 2451; x_wconf 91' lang='lat' dir='ltr'><strong>tua</strong></span> <span class='ocrx_word' id='word_1_565' title='bbox 1709 2423 1843 2450; x_wconf 84' lang='lat' dir='ltr'><strong>collocata</strong></span> 
     </span>
    </p>
   </div>
   <div class='ocr_carea' id='block_1_87' title="bbox 1054 2469 1842 2505">
    <p class='ocr_par' dir='ltr' id='par_1_87' title="bbox 1054 2469 1842 2505">
     <span class='ocr_line' id='line_1_87' title="bbox 1054 2469 1842 2505; baseline -0.004 -7"><span class='ocrx_word' id='word_1_566' title='bbox 1054 2470 1187 2504; x_wconf 85' lang='lat' dir='ltr'><strong>cernitur,</strong></span> <span class='ocrx_word' id='word_1_567' title='bbox 1212 2477 1260 2505; x_wconf 88' lang='lat' dir='ltr'><strong>per</strong></span> <span class='ocrx_word' id='word_1_568' title='bbox 1278 2469 1357 2505; x_wconf 87' lang='lat' dir='ltr'><strong>cujus</strong></span> <span class='ocrx_word' id='word_1_569' title='bbox 1377 2469 1558 2505; x_wconf 82' lang='lat' dir='ltr'><strong>t‘ragrantiam</strong></span> <span class='ocrx_word' id='word_1_570' title='bbox 1582 2469 1714 2502; x_wconf 84' lang='lat' dir='ltr'><strong>divinam,</strong></span> <span class='ocrx_word' id='word_1_571' title='bbox 1742 2475 1842 2497; x_wconf 88' lang='lat' dir='ltr'><strong>eorum</strong></span> 
     </span>
    </p>
   </div>
   <div class='ocr_carea' id='block_1_88' title="bbox 215 2515 1842 2553">
    <p class='ocr_par' dir='ltr' id='par_1_88' title="bbox 215 2515 1842 2553">
     <span class='ocr_line' id='line_1_88' title="bbox 215 2515 1842 2553; baseline 0 -11"><span class='ocrx_word' id='word_1_572' title='bbox 215 2515 309 2549; x_wconf 83' lang='lat' dir='ltr'><strong>corda,</strong></span> <span class='ocrx_word' id='word_1_573' title='bbox 325 2517 372 2551; x_wconf 87' lang='lat' dir='ltr'><strong>qui</strong></span> <span class='ocrx_word' id='word_1_574' title='bbox 386 2516 420 2544; x_wconf 86' lang='lat' dir='ltr'><strong>ad</strong></span> <span class='ocrx_word' id='word_1_575' title='bbox 436 2521 462 2544; x_wconf 87' lang='lat' dir='ltr'><strong>te</strong></span> <span class='ocrx_word' id='word_1_576' title='bbox 477 2517 522 2552; x_wconf 87' lang='lat' dir='ltr'><strong>pia</strong></span> <span class='ocrx_word' id='word_1_577' title='bbox 537 2518 654 2553; x_wconf 83' lang='lat' dir='ltr'><strong>quadam</strong></span> <span class='ocrx_word' id='word_1_578' title='bbox 671 2517 839 2545; x_wconf 79' lang='lat' dir='ltr'><strong>conﬁdentia</strong></span> <span class='ocrx_word' id='word_1_579' title='bbox 874 2518 1018 2552; x_wconf 86' lang='lat' dir='ltr'><strong>accedunt,</strong></span> <span class='ocrx_word' id='word_1_580' title='bbox 1039 2517 1180 2553; x_wconf 87' lang='lat' dir='ltr'><strong>voluptate</strong></span> <span class='ocrx_word' id='word_1_581' title='bbox 1202 2517 1362 2545; x_wconf 74' lang='lat' dir='ltr'><strong>plenissima</strong></span> <span class='ocrx_word' id='word_1_582' title='bbox 1386 2517 1565 2550; x_wconf 89' lang='lat' dir='ltr'><strong>inundantur,</strong></span> <span class='ocrx_word' id='word_1_583' title='bbox 1585 2523 1603 2544; x_wconf 85' lang='grc' dir='ltr'><strong>ο</strong></span> <span class='ocrx_word' id='word_1_584' title='bbox 1625 2523 1640 2543; x_wconf 86' lang='lat' dir='ltr'><strong>a</strong></span> <span class='ocrx_word' id='word_1_585' title='bbox 1654 2515 1739 2544; x_wconf 69' lang='lat' dir='ltr'><strong>naavis</strong></span> <span class='ocrx_word' id='word_1_586' title='bbox 1752 2515 1842 2542; x_wconf 87' lang='lat' dir='ltr'><strong>omni-</strong></span> 
     </span>
    </p>
   </div>
   <div class='ocr_carea' id='block_1_89' title="bbox 215 2563 503 2600">
    <p class='ocr_par' dir='ltr' id='par_1_89' title="bbox 215 2563 503 2600">
     <span class='ocr_line' id='line_1_89' title="bbox 215 2563 503 2600; baseline 0.003 -9"><span class='ocrx_word' id='word_1_587' title='bbox 215 2563 268 2591; x_wconf 89' lang='lat' dir='ltr'><strong>bus</strong></span> <span class='ocrx_word' id='word_1_588' title='bbox 282 2564 384 2592; x_wconf 85' lang='lat' dir='ltr'><strong>intacta</strong></span> <span class='ocrx_word' id='word_1_589' title='bbox 402 2564 485 2600; x_wconf 84' lang='lat' dir='ltr'><strong>Virgo</strong></span> <span class='ocrx_word' id='word_1_590' title='bbox 497 2566 503 2592; x_wconf 94' lang='lat' dir='ltr'><strong>l</strong></span> 
     </span>
    </p>
   </div>
   <div class='ocr_carea' id='block_1_90' title="bbox 253 2609 1003 2646">
    <p class='ocr_par' dir='ltr' id='par_1_90' title="bbox 253 2609 1003 2646">
     <span class='ocr_line' id='line_1_90' title="bbox 253 2609 1003 2646; baseline 0.001 -10"><span class='ocrx_word' id='word_1_591' title='bbox 253 2610 378 2646; x_wconf 82' lang='grc' dir='ltr'>ὀμὸρου</span> <span class='ocrx_word' id='word_1_592' title='bbox 395 2609 467 2637; x_wconf 85' lang='grc' dir='ltr'>θείου</span> <span class='ocrx_word' id='word_1_593' title='bbox 488 2610 587 2646; x_wconf 85' lang='grc' dir='ltr'>νεφέλη</span> <span class='ocrx_word' id='word_1_594' title='bbox 604 2611 729 2644; x_wconf 73' lang='grc' dir='ltr'>γέγονας,</span> <span class='ocrx_word' id='word_1_595' title='bbox 756 2610 924 2646; x_wconf 81' lang='grc' dir='ltr'>πανὰμωμε,</span> <span class='ocrx_word' id='word_1_596' title='bbox 939 2611 1003 2638; x_wconf 75' lang='grc' dir='ltr'>ὲναο</span> 
     </span>
    </p>
   </div>
   <div class='ocr_carea' id='block_1_91' title="bbox 216 2656 1005 2693">
    <p class='ocr_par' dir='ltr' id='par_1_91' title="bbox 216 2656 1005 2693">
     <span class='ocr_line' id='line_1_91' title="bbox 216 2656 1005 2693; baseline 0.001 -10"><span class='ocrx_word' id='word_1_597' title='bbox 216 2656 389 2688; x_wconf 80' lang='grc' dir='ltr'>ποστάζουσα</span> <span class='ocrx_word' id='word_1_598' title='bbox 422 2657 558 2693; x_wconf 78' lang='grc' dir='ltr'>δωτηρίας</span> <span class='ocrx_word' id='word_1_599' title='bbox 590 2657 682 2693; x_wconf 78' lang='grc' dir='ltr'><strong>ὕδωρ,</strong></span> <span class='ocrx_word' id='word_1_600' title='bbox 708 2657 756 2684; x_wconf 78' lang='grc' dir='ltr'>καὶ</span> <span class='ocrx_word' id='word_1_601' title='bbox 788 2657 865 2693; x_wconf 88' lang='grc' dir='ltr'>πηγὴ</span> <span class='ocrx_word' id='word_1_602' title='bbox 898 2665 1005 2693; x_wconf 81' lang='grc' dir='ltr'>χερσω-</span> 
     </span>
    </p>
   </div>
   <div class='ocr_carea' id='block_1_92' title="bbox 216 2701 1003 2739">
    <p class='ocr_par' dir='ltr' id='par_1_92' title="bbox 216 2701 1003 2739">
     <span class='ocr_line' id='line_1_92' title="bbox 216 2701 1003 2739; baseline 0.003 -12"><span class='ocrx_word' id='word_1_603' title='bbox 216 2701 303 2728; x_wconf 73' lang='grc' dir='ltr'>θεῖσιν</span> <span class='ocrx_word' id='word_1_604' title='bbox 327 2702 498 2738; x_wconf 79' lang='grc' dir='ltr'>ἐγκλήμασιν</span> <span class='ocrx_word' id='word_1_605' title='bbox 516 2703 584 2739; x_wconf 76' lang='grc' dir='ltr'>πρὸς</span> <span class='ocrx_word' id='word_1_606' title='bbox 603 2703 793 2738; x_wconf 84' lang='grc' dir='ltr'>καρποφορίαν</span> <span class='ocrx_word' id='word_1_607' title='bbox 809 2702 1003 2739; x_wconf 83' lang='grc' dir='ltr'>μεταγαγοῦσα</span> 
     </span>
    </p>
   </div>
   <div class='ocr_carea' id='block_1_93' title="bbox 217 2740 877 2785">
    <p class='ocr_par' dir='ltr' id='par_1_93' title="bbox 217 2740 877 2785">
     <span class='ocr_line' id='line_1_93' title="bbox 217 2740 877 2785; baseline 0.003 -11"><span class='ocrx_word' id='word_1_608' title='bbox 217 2747 378 2781; x_wconf 75' lang='grc' dir='ltr'>εὐσεϐείας·</span> <span class='ocrx_word' id='word_1_609' title='bbox 395 2748 440 2776; x_wconf 75' lang='grc' dir='ltr'><strong>διὰ</strong></span> <span class='ocrx_word' id='word_1_610' title='bbox 458 2740 536 2776; x_wconf 77' lang='grc' dir='ltr'>τοῦτο</span> <span class='ocrx_word' id='word_1_611' title='bbox 553 2749 658 2782; x_wconf 82' lang='grc' dir='ltr'>πιστῶς</span> <span class='ocrx_word' id='word_1_612' title='bbox 675 2757 705 2776; x_wconf 85' lang='grc' dir='ltr'><strong>σε</strong></span> <span class='ocrx_word' id='word_1_613' title='bbox 717 2749 877 2785; x_wconf 77' lang='grc' dir='ltr'>δοξάζομεν.</span> 
     </span>
    </p>
   </div>
   <div class='ocr_carea' id='block_1_94' title="bbox 256 2859 1007 2900">
    <p class='ocr_par' dir='ltr' id='par_1_94' title="bbox 256 2859 1007 2900">
     <span class='ocr_line' id='line_1_94' title="bbox 256 2859 1007 2900; baseline 0.004 -14"><span class='ocrx_word' id='word_1_614' title='bbox 256 2859 431 2900; x_wconf 56' lang='grc' dir='ltr'><strong>(ίξθλβυιρω</strong></span> <span class='ocrx_word' id='word_1_615' title='bbox 450 2860 542 2900; x_wconf 69' lang='lat' dir='ltr'><strong>igitur,</strong></span> <span class='ocrx_word' id='word_1_616' title='bbox 566 2869 632 2900; x_wconf 61' lang='lat' dir='ltr'><strong>quae</strong></span> <span class='ocrx_word' id='word_1_617' title='bbox 650 2869 682 2889; x_wconf 83' lang='lat' dir='ltr'><strong>ex</strong></span> <span class='ocrx_word' id='word_1_618' title='bbox 698 2861 793 2900; x_wconf 44' lang='lat' dir='ltr'><strong>Aliam</strong></span> <span class='ocrx_word' id='word_1_619' title='bbox 806 2869 856 2897; x_wconf 88' lang='lat' dir='ltr'><strong>per</strong></span> <span class='ocrx_word' id='word_1_620' title='bbox 872 2861 1007 2900; x_wconf 79' lang='lat' dir='ltr'><strong>originem</strong></span> 
     </span>
    </p>
   </div>
   <div class='ocr_carea' id='block_1_95' title="bbox 217 2895 1003 2939">
    <p class='ocr_par' dir='ltr' id='par_1_95' title="bbox 217 2895 1003 2939">
     <span class='ocr_line' id='line_1_95' title="bbox 217 2895 1003 2939; baseline 0.003 -16"><span class='ocrx_word' id='word_1_621' title='bbox 217 2895 404 2930; x_wconf 78' lang='lat' dir='ltr'><strong>onutrahitur,</strong></span> <span class='ocrx_word' id='word_1_622' title='bbox 423 2895 476 2924; x_wconf 83' lang='lat' dir='ltr'><strong>non</strong></span> <span class='ocrx_word' id='word_1_623' title='bbox 492 2896 544 2926; x_wconf 83' lang='lat' dir='ltr'><strong>fuit</strong></span> <span class='ocrx_word' id='word_1_624' title='bbox 565 2895 699 2933; x_wconf 80' lang='lat' dir='ltr'><strong>particeps</strong></span> <span class='ocrx_word' id='word_1_625' title='bbox 715 2896 745 2925; x_wconf 87' lang='grc' dir='ltr'><strong>Β.</strong></span> <span class='ocrx_word' id='word_1_626' title='bbox 763 2895 1003 2939; x_wconf 62' lang='grc' dir='ltr'><strong>νὶῐεομειιὶὁιιυὶῃ</strong></span> 
     </span>
    </p>
   </div>
   <div class='ocr_carea' id='block_1_96' title="bbox 1093 2607 1843 2644">
    <p class='ocr_par' dir='ltr' id='par_1_96' title="bbox 1093 2607 1843 2644">
     <span class='ocr_line' id='line_1_96' title="bbox 1093 2607 1843 2644; baseline -0.003 -7"><span class='ocrx_word' id='word_1_627' title='bbox 1093 2609 1224 2638; x_wconf 76' lang='lat' dir='ltr'><strong>Guttatim</strong></span> <span class='ocrx_word' id='word_1_628' title='bbox 1239 2608 1388 2637; x_wconf 88' lang='lat' dir='ltr'><strong>salutarem</strong></span> <span class='ocrx_word' id='word_1_629' title='bbox 1403 2608 1501 2644; x_wconf 70' lang='lat' dir='ltr'><strong>pluvia:</strong></span> <span class='ocrx_word' id='word_1_630' title='bbox 1522 2608 1624 2636; x_wconf 64' lang='lat' dir='ltr'><strong>divinas</strong></span> <span class='ocrx_word' id='word_1_631' title='bbox 1640 2609 1740 2636; x_wconf 88' lang='lat' dir='ltr'><strong>undam</strong></span> <span class='ocrx_word' id='word_1_632' title='bbox 1752 2607 1843 2635; x_wconf 47' lang='lat' dir='ltr'><strong>distil‘</strong></span> 
     </span>
    </p>
   </div>
   <div class='ocr_carea' id='block_1_97' title="bbox 1057 2653 1844 2691">
    <p class='ocr_par' dir='ltr' id='par_1_97' title="bbox 1057 2653 1844 2691">
     <span class='ocr_line' id='line_1_97' title="bbox 1057 2653 1844 2691; baseline -0.004 -8"><span class='ocrx_word' id='word_1_633' title='bbox 1057 2656 1117 2684; x_wconf 82' lang='lat' dir='ltr'><strong>lans</strong></span> <span class='ocrx_word' id='word_1_634' title='bbox 1137 2656 1223 2683; x_wconf 85' lang='lat' dir='ltr'><strong>nubes</strong></span> <span class='ocrx_word' id='word_1_635' title='bbox 1244 2654 1314 2683; x_wconf 79' lang='lat' dir='ltr'><strong>facta</strong></span> <span class='ocrx_word' id='word_1_636' title='bbox 1335 2663 1376 2688; x_wconf 86' lang='lat' dir='ltr'><strong>es,</strong></span> <span class='ocrx_word' id='word_1_637' title='bbox 1397 2662 1414 2682; x_wconf 93' lang='grc' dir='ltr'><strong>ο</strong></span> <span class='ocrx_word' id='word_1_638' title='bbox 1435 2655 1523 2691; x_wconf 69' lang='lat' dir='ltr'><strong>culpae</strong></span> <span class='ocrx_word' id='word_1_639' title='bbox 1539 2655 1630 2683; x_wconf 86' lang='lat' dir='ltr'><strong>omnis</strong></span> <span class='ocrx_word' id='word_1_640' title='bbox 1662 2661 1760 2690; x_wconf 81' lang='lat' dir='ltr'><strong>expers</strong></span> <span class='ocrx_word' id='word_1_641' title='bbox 1782 2653 1844 2681; x_wconf 81' lang='lat' dir='ltr'><strong>Vir-</strong></span> 
     </span>
    </p>
   </div>
   <div class='ocr_carea' id='block_1_98' title="bbox 1056 2699 1841 2738">
    <p class='ocr_par' dir='ltr' id='par_1_98' title="bbox 1056 2699 1841 2738">
     <span class='ocr_line' id='line_1_98' title="bbox 1056 2699 1841 2738; baseline -0.005 -9"><span class='ocrx_word' id='word_1_642' title='bbox 1056 2709 1091 2738; x_wconf 91' lang='lat' dir='ltr'><strong>go</strong></span> <span class='ocrx_word' id='word_1_643' title='bbox 1111 2702 1187 2737; x_wconf 75' lang='lat'><strong>(29)!</strong></span> <span class='ocrx_word' id='word_1_644' title='bbox 1213 2701 1412 2736; x_wconf 86' lang='lat' dir='ltr'><strong>animabusque</strong></span> <span class='ocrx_word' id='word_1_645' title='bbox 1436 2701 1541 2729; x_wconf 84' lang='lat' dir='ltr'><strong>nostris</strong></span> <span class='ocrx_word' id='word_1_646' title='bbox 1566 2704 1676 2736; x_wconf 80' lang='lat' dir='ltr'><strong>propter</strong></span> <span class='ocrx_word' id='word_1_647' title='bbox 1709 2699 1841 2726; x_wconf 81' lang='lat' dir='ltr'><strong>vitiorum</strong></span> 
     </span>
    </p>
   </div>
   <div class='ocr_carea' id='block_1_99' title="bbox 1056 2744 1842 2782">
    <p class='ocr_par' dir='ltr' id='par_1_99' title="bbox 1056 2744 1842 2782">
     <span class='ocr_line' id='line_1_99' title="bbox 1056 2744 1842 2782; baseline -0.005 -7"><span class='ocrx_word' id='word_1_648' title='bbox 1056 2747 1211 2775; x_wconf 83' lang='lat' dir='ltr'><strong>ariditatem</strong></span> <span class='ocrx_word' id='word_1_649' title='bbox 1229 2747 1338 2782; x_wconf 88' lang='lat' dir='ltr'><strong>penitus</strong></span> <span class='ocrx_word' id='word_1_650' title='bbox 1349 2746 1459 2775; x_wconf 88' lang='lat' dir='ltr'><strong>incultis</strong></span> <span class='ocrx_word' id='word_1_651' title='bbox 1472 2747 1585 2775; x_wconf 76' lang='lat' dir='ltr'><strong>exhibes</strong></span> <span class='ocrx_word' id='word_1_652' title='bbox 1609 2750 1635 2773; x_wconf 86' lang='lat' dir='ltr'><strong>te</strong></span> <span class='ocrx_word' id='word_1_653' title='bbox 1648 2749 1678 2772; x_wconf 91' lang='lat' dir='ltr'><strong>ut</strong></span> <span class='ocrx_word' id='word_1_654' title='bbox 1694 2744 1842 2780; x_wconf 80' lang='lat' dir='ltr'><strong>quamdam</strong></span> 
     </span>
    </p>
   </div>
   <div class='ocr_carea' id='block_1_100' title="bbox 1061 2857 1844 2894">
    <p class='ocr_par' dir='ltr' id='par_1_100' title="bbox 1061 2857 1844 2894">
     <span class='ocr_line' id='line_1_100' title="bbox 1061 2857 1844 2894; baseline -0.005 -5"><span class='ocrx_word' id='word_1_655' title='bbox 1061 2867 1117 2889; x_wconf 91' lang='lat' dir='ltr'><strong>non</strong></span> <span class='ocrx_word' id='word_1_656' title='bbox 1139 2860 1263 2889; x_wconf 89' lang='lat' dir='ltr'><strong>absolute</strong></span> <span class='ocrx_word' id='word_1_657' title='bbox 1291 2867 1343 2887; x_wconf 92' lang='lat' dir='ltr'><strong>nec</strong></span> <span class='ocrx_word' id='word_1_658' title='bbox 1369 2866 1431 2887; x_wconf 88' lang='lat' dir='ltr'><strong>vere</strong></span> <span class='ocrx_word' id='word_1_659' title='bbox 1451 2858 1505 2886; x_wconf 84' lang='lat' dir='ltr'><strong>dici</strong></span> <span class='ocrx_word' id='word_1_660' title='bbox 1532 2860 1632 2894; x_wconf 69' lang='lat' dir='ltr'><strong>posset</strong></span> <span class='ocrx_word' id='word_1_661' title='bbox 1645 2857 1736 2885; x_wconf 91' lang='lat' dir='ltr'><strong>omnis</strong></span> <span class='ocrx_word' id='word_1_662' title='bbox 1757 2858 1844 2894; x_wconf 69' lang='lat' dir='ltr'><strong>culpam</strong></span> 
     </span>
    </p>
   </div>
   <div class='ocr_carea' id='block_1_101' title="bbox 1056 2891 1701 2932">
    <p class='ocr_par' dir='ltr' id='par_1_101' title="bbox 1056 2891 1701 2932">
     <span class='ocr_line' id='line_1_101' title="bbox 1056 2891 1701 2932; baseline -0.009 -6"><span class='ocrx_word' id='word_1_663' title='bbox 1056 2903 1165 2932; x_wconf 85' lang='lat' dir='ltr'><strong>expers,</strong></span> <span class='ocrx_word' id='word_1_664' title='bbox 1180 2903 1243 2926; x_wconf 85' lang='lat' dir='ltr'><strong>cum</strong></span> <span class='ocrx_word' id='word_1_665' title='bbox 1258 2895 1401 2931; x_wconf 84' lang='lat' dir='ltr'><strong>originalis</strong></span> <span class='ocrx_word' id='word_1_666' title='bbox 1415 2900 1512 2930; x_wconf 79' lang='lat' dir='ltr'><strong>expers</strong></span> <span class='ocrx_word' id='word_1_667' title='bbox 1524 2891 1579 2921; x_wconf 81' lang='lat' dir='ltr'><strong>non</strong></span> <span class='ocrx_word' id='word_1_668' title='bbox 1594 2891 1701 2921; x_wconf 80' lang='lat' dir='ltr'><strong>luisset.</strong></span> 
     </span>
    </p>
   </div>
  </div>
