2077 3157
268 150 336 183 1015

810 162 840 191 S.
859 162 1017 194 JOSEPIII
1039 164 1321 200 HYMNOGRAPHI

1818 174 1886 207 1016

264 208 403 260 fontanam
425 211 631 247 scaturiginem,
675 221 727 249 qua
756 222 806 244 nos
832 217 936 253 itu-igati
961 220 995 247 ad
1021 220 1159 252 faciendos
1176 224 1282 254 fructus
1317 227 1425 262 pietatis
1460 229 1648 265 fecundamur,
1668 233 1740 260 unde
1776 238 1803 261 et
1827 236 1885 262 sin-

245 278 250 283 .
264 251 350 291 guiari
365 263 390 286 te
402 264 500 287 conatu
516 260 577 288 ﬁdei
599 269 699 290 nostra:
711 263 908 297 glorilicamus.

615 307 671 337 Ode
686 310 715 338 ϐ.

301 350 368 378 Ειιιιι
387 351 434 386 qui
449 357 490 380 est
503 356 567 381 ante
583 355 675 382 omnia
686 357 796 390 saecula,
810 363 839 386 ut
853 367 952 388 novum
969 362 1050 389 nobis

265 394 396 423 infantem
415 399 595 432 progenuisti,
610 405 637 428 et
649 401 730 429 simul
741 404 773 430 ad
791 411 891 432 novum
908 406 981 435 hunc
997 412 1050 435 tua:

264 441 411 468 adventum
434 442 603 477 festivitatis,
625 453 679 480 qua
703 448 815 481 pretiosi
845 449 925 478 hodie
949 452 1049 487 cinguli

264 486 302 513 tui
320 487 410 522 agitur
428 488 574 522 depositio,
595 490 710 519 innovas
728 501 836 528 quoque
855 496 938 523 corda
954 486 1048 525 nostra

264 532 378 560 vetustis
389 533 444 567 jam
456 535 545 569 culpis
559 536 717 571 depravata.

240 596 250 617 ί
300 577 323 607 Ο
352 579 474 614 virginea
500 580 547 608 Dei
571 581 666 614 Mater,
694 591 802 611 sacrum
838 585 890 613 hoc
916 587 1047 622 templum

264 628 339 652 tuum
361 623 423 659 jure
446 626 544 654 merito
569 627 654 662 gignit
673 629 881 658 admirationem
905 632 1046 666 omnibus,

263 673 356 704 utpote
385 670 458 704 quod
487 672 630 700 mirilicam
655 681 751 701 zonam
789 679 864 703 tuam
895 678 1048 711 possidens,

262 716 390 744 omnibus
406 717 466 744 tidei
483 718 556 745 dono
577 719 696 754 praeditis
713 721 825 756 pelagus
844 723 983 758 quoddam
1004 732 1046 752 rc~

261 767 410 797 praesentat
424 765 617 793 remediorum.

295 808 409 836 Cuncta:
429 810 619 838 exhilarantur
641 812 740 840 animm
762 811 888 842 sanctuin
912 816 1048 845 intrantes

262 854 392 888 templum
409 859 496 887 tuum,
518 857 581 890 quia
598 864 674 884 zona:
698 858 780 892 hujus
797 863 850 887 tua:
861 860 888 888 id
908 861 959 889 loci
975 862 1048 895 posi-

261 903 296 926 tu:
321 899 450 926 fruuntur
462 901 690 935 contemplatione
703 912 710 929 :
722 903 772 931 ista
783 905 855 932 enim
870 906 937 933 solis
949 914 1049 941 quam-

261 945 324 973 tlam
338 945 427 972 sereni
448 947 550 973 habens
571 946 680 980 faciem,
695 949 891 984 omnipotentis
910 951 986 979 illum
1004 952 1047 979 di-

262 990 374 1025 vinique
389 991 508 1024 Spiritus
532 992 664 1026 fulgorem
689 994 769 1022 donis
791 1000 874 1030 atque
888 998 983 1031 gratiis
1002 1005 1046 1024 re-
1063 1005 1084 1032 Β

261 1034 372 1067 fertum,
386 1044 434 1063 ceu
447 1037 580 1071 quosdam
593 1046 627 1065 ex
641 1046 670 1066 se
684 1040 775 1067 radios
787 1041 894 1069 vibrare
908 1043 989 1069 solet.

296 1081 455 1108 Animarum
479 1086 634 1109 nostrarum
666 1084 738 1112 vires
769 1086 887 1120 quadam
915 1087 1047 1123 multipli-

261 1126 334 1153 cium
351 1132 525 1162 peccatorum
548 1129 665 1164 paralysi
681 1129 841 1165 dissolutas,
857 1133 935 1166 quasi
956 1134 1048 1161 nervis

261 1171 424 1205 quihusdam
449 1173 607 1206 c0rrobora,
626 1173 755 1210 oVirgo!
779 1181 807 1204 et
831 1177 880 1204 tibi
904 1177 964 1206 illos
981 1186 1049 1213 prte-

262 1222 337 1245 terea
354 1218 454 1246 virtute
472 1219 590 1253 quadam
607 1221 740 1256 singulari
759 1224 943 1260 accingendos
958 1233 1046 1258 sume,

1521 325 1558 358 ς’.

1137 366 1204 393 Νέον
1226 367 1338 401 τέτοκας
1360 371 1426 405 ἡμῖν
1442 372 1479 402 ὡς
1501 371 1606 398 παιδίον
1627 372 1672 399 τὸν
1697 373 1751 407 πρὸ
1773 373 1885 401 πάντων

1100 412 1216 445 αἰώνων,
1230 414 1277 440 καὶ
1289 417 1462 450 καινουργεῖς
1477 417 1592 452 καρδίας
1603 418 1740 453 ἁμαρτίας
1758 419 1881 446 παλαίω-

1100 467 1142 485 σιν
1154 459 1313 495 δεξαμένας,
1322 463 1476 498 καινισμῶν
1485 464 1536 499 τῆς
1545 465 1720 498 καταθέσεως
1731 467 1781 501 τῆς
1789 468 1885 503 τιμίας

1099 503 1189 540 ζώνης
1203 515 1260 540 σου,
1277 507 1354 543 Κόρη
1368 508 1541 545 ἅειπάρθενε.

1135 596 1231 631 ’Ἂγιός
1246 606 1293 624 σου
1305 598 1319 625 ὁ
1334 599 1397 630 ναὸς
1411 599 1567 634 θαυμαστὸς
1580 599 1740 637 δικαιοσῦνῃ
1754 601 1882 637 ὑπάρχει,

1099 642 1137 674 ὥς
1150 652 1192 675 τις
1206 643 1255 678 τὴν
1271 643 1432 679 θαυμαστήν
1445 653 1492 671 σου
1508 645 1595 680 ζώνην
1608 645 1735 680 θαύματα
1749 646 1884 681 βρύουσαν

1099 695 1183 723 κεκτη
1189 689 1279 723 μένος,
1290 690 1346 720 τοῖς
1355 691 1461 721 πιστοῖς
1471 690 1588 724 πέλαγος
1597 691 1735 718 δείκνυται
1751 692 1883 726 ἰαμάτων,

1098 734 1254 770 Θεοκυῆτορ
1274 735 1492 771 μητροπάρθενε.

1134 822 1236 857 ΓέγηΘε
1261 823 1337 849 πᾶσα
1360 822 1433 856 ψυχὴ
1450 822 1579 849 συνιοῦσα
1602 821 1632 848 ὲν
1648 821 1717 856 ἁγίῳ
1744 821 1801 855 ναῷ
1824 829 1883 852 σου,

1099 868 1146 894 καὶ
1163 868 1192 893 ἐν
1204 867 1280 902 αὐτῷ
1294 867 1396 902 ὁρῶσα,
1413 867 1539 899 Θεοτόκε,
1552 867 1602 901 τὴν
1615 867 1704 900 ζώνην
1717 875 1776 898 σου,
1789 866 1884 901 ὥσπερ

1098 912 1173 947 ἥλιον
1199 913 1312 947 φαιδρὸν
1341 913 1442 946 φέγγος
1470 913 1681 948 ἀστράπτουσαν
1706 911 1884 947 χαρισμάτων

1098 960 1145 987 τοῦ
1166 959 1318 996 παντεργοῦ
1334 961 1381 986 καὶ
1394 959 1466 986 θείου
1485 960 1653 995 Πνεύματος.

1132 1089 1277 1124 Νεύρωσον
1302 1089 1391 1124 ἡμῶν,
1415 1089 1496 1125 ἁγνὴ.
1522 1089 1572 1122 τὰς
1588 1090 1701 1126 καρδίας
1720 1089 1884 1126 παρεθείσας

1097 1135 1233 1162 παντοίων
1250 1134 1394 1169 ἁμαρτιῶν
1412 1135 1506 1167 ἰδέαις,
1527 1135 1576 1162 καὶ
1592 1135 1747 1170 περίζωσον
1769 1135 1884 1169 δύναμιν

1097 1181 1160 1212 τοὺς
1174 1180 1224 1215 τὴν
1239 1180 1328 1216 ζώνην
1346 1189 1394 1207 σου
1409 1181 1512 1213 πιστῶς
1529 1182 1566 1212 ὡς
1581 1181 1764 1216 πολυτίμητον
1778 1189 1881 1216 κεκτη-

1099 1226 1198 1260 μένους
1212 1226 1258 1252 καὶ
1271 1225 1452 1261 ἀναφαίρετον
1465 1225 1653 1262 θησαύρισμα.

261 1264 418 1300 quicunque
441 1264 539 1292 eximia
555 1266 685 1302 religione
717 1275 816 1305 zonam
838 1274 926 1305 tuam,
944 1276 975 1299 ut
993 1272 1071 1300 multi
1091 1279 1185 1308 gazam
1212 1272 1291 1306 pretii
1320 1276 1476 1304 asservant.
1495 1272 1568 1299 nulla
1591 1277 1650 1299 arte
1669 1272 1702 1302 de
1719 1271 1771 1307 piis
1789 1278 1884 1300 eorum

261 1311 389 1340 manibus
407 1313 635 1347 extorquendam.

562 1362 618 1398 26
641 1362 745 1392 0de‘7.

297 1407 430 1435 Sublimis
453 1407 486 1435 ad
515 1409 636 1437 ccclestia
664 1410 840 1440 tabernacula
868 1413 1048 1447 proﬁciscens

260 1459 352 1480 rerum
376 1457 529 1481 creatarum
551 1455 673 1482 omnium
697 1456 801 1492 regina,
824 1462 927 1486 nostra:
941 1459 1046 1487 civitati

260 1501 420 1526 cunctarum
446 1499 567 1528 urbium‘
580 1500 682 1536 reginae
704 1509 818 1538 magnas
836 1504 947 1538 reliquit
968 1511 1046 1540 opes,

259 1551 356 1574 sonam
373 1553 470 1580 nempe
494 1553 584 1578 suam,
598 1553 648 1581 per
668 1554 750 1582 quam
776 1547 842 1576 urbs
862 1549 921 1577 haec
947 1554 1043 1578 nostra

259 1589 415 1620 custoditur
434 1591 566 1620 adversus
583 1592 759 1622 incursiones
777 1594 909 1627 hostium,
926 1599 981 1622 tam
996 1596 1044 1631 qui

259 1636 398 1669 videntur,
416 1644 498 1672 quam
513 1637 560 1672 qui
577 1644 631 1665 non
648 1638 786 1666 videntur.

295 1681 362 1710 Tam
384 1682 468 1709 nobili
484 1683 564 1716 fonti,
581 1691 615 1712 ex
629 1691 684 1719 quo
703 1685 828 1713 ebullivit
854 1686 940 1721 gratia
955 1691 982 1715 et
995 1687 1045 1715 mi-

259 1726 408 1767 sericordia
422 1727 526 1761 divina,
543 1728 655 1763 propius
670 1737 744 1757 nunc
757 1730 930 1764 accedamus,
947 1740 1044 1768 nempe

259 1764 433 1807 receptaculo
455 1773 520 1801 huic
541 1774 708 1807 venerando,
728 1776 756 1804 in
778 1784 833 1812 quo
853 1785 921 1806 zona
937 1764 1042 1814 pretio-

260 1817 369 1845 sissima
385 1823 565 1846 conservatur
586 1819 660 1848 illius
681 1820 777 1855 Matris
806 1823 889 1850 slmul
905 1831 937 1852 ac
954 1823 1045 1863 Virgi-

260 1863 314 1894 nis,
330 1871 392 1899 qua:
408 1872 527 1893 massam
544 1866 651 1901 generis
674 1867 789 1896 humani
807 1869 948 1898 adoranda
964 1875 1043 1907 partu

259 1915 312 1935 suo
325 1909 359 1936 ad
377 1917 505 1944 magnum
523 1911 614 1939 evexit
631 1911 726 1940 decus.

294 1954 412 1982 Adorate
440 1956 549 1992 hymnis
579 1957 736 1991 Dominum,
766 1958 889 1988 Virtutes
911 1961 1044 1995 caelorum

258 2000 401 2034 universae,
412 2001 490 2036 cujus
498 2007 525 2029 et
534 2001 711 2035 Genitricem.
729 2004 828 2041 linguae
838 2013 934 2034 omnes
943 2011 1046 2034 morta—

259 2045 520 2081 lium,gloriﬂcate:
548 2048 626 2077 vobis
642 2049 743 2085 quippe
759 2050 833 2078 dono
857 2051 931 2079 dedit
946 2060 1043 2079 zonam

259 2098 349 2121 suam.
368 2091 394 2119 in
409 2092 487 2126 cujus
497 2100 561 2121 vena
574 2098 632 2121 tuto
643 2102 675 2122 ac
688 2095 803 2123 salutari
815 2096 930 2130 ambitu,
946 2098 1044 2125 merito

258 2140 375 2170 possunt
390 2137 525 2171 refugium
543 2146 666 2173 qumrere
686 2139 789 2168 ﬁdeles.

296 2181 416 2217 Urgeant
427 2183 513 2211 nubes
528 2183 608 2212 hodie
616 2185 729 2213 imbrem
738 2185 852 2221 justitiae
864 2187 897 2215 de
905 2188 1044 2223 supernis,

257 2227 479 2262 quandoquidem
500 2237 573 2257 nunc
586 2230 719 2265 deposita:
733 2231 776 2259 hic
790 2240 865 2260 zonae
883 2237 936 2261 tua),
952 2233 1044 2269 agitur

259 2271 403 2304 festivitas,
419 2282 436 2301 υ
456 2282 517 2309 quae
538 2275 597 2310 ipsa
619 2283 649 2306 es
664 2283 773 2312 quoque
793 2278 880 2306 nubes
901 2286 965 2306 vere
988 2279 1043 2306 Deo

259 2319 436 2352 gratissima!
468 2321 551 2348 simul
577 2329 660 2350 omne
692 2323 825 2358 quidquid
853 2325 918 2352 vivit
947 2325 1041 2353 exsul-

257 2364 344 2392 tando
357 2369 449 2393 cantet
464 2375 471 2394 :
487 2367 652 2396 Benedictus
663 2368 752 2397 Deus!

605 2413 662 2443 Ode
683 2415 711 2442 8.

295 2459 325 2486 ln
341 2458 498 2487 sanctuario
509 2459 632 2495 profanis
639 2465 665 2488 et
675 2461 767 2496 impiis
782 2462 935 2495 inaccesso,
952 2463 1041 2492 insu-r

260 2503 352 2531 throni
365 2503 508 2538 cujusdam
521 2505 588 2532 sacri
602 2506 744 2541 reponitur
755 2515 862 2535 summa
873 2516 935 2535 cum
945 2516 1043 2544 pompa

259 2554 288 2578 et
309 2548 400 2576 laetitia
425 2548 479 2576 iste
503 2549 619 2584 loculus,
642 2551 689 2586 qui
713 2553 802 2580 unica:
816 2553 862 2580 Dei
880 2553 1041 2587 Genitricis.

257 2601 285 2626 et
300 2597 471 2625 intemeratae
490 2597 613 2624 omnium
632 2599 733 2633 regina:
749 2607 845 2626 zonam
863 2599 890 2626 in
913 2608 974 2628 sese
989 2601 1046 2628 col-

257 2643 374 2672 locatam
390 2647 476 2676 tenct;
493 2650 525 2671 ex
548 2651 601 2677 qua
623 2643 732 2679 quidem
750 2644 783 2672 iis
805 2645 851 2679 qui
875 2646 970 2673 multis
981 2652 1046 2674 sunt

259 2689 377 2725 peccatis
391 2689 469 2717 fracti
484 2697 517 2716 ac
533 2689 676 2723 debilitati,
698 2690 778 2725 plena
794 2692 862 2719 tanti
883 2692 948 2720 mali
962 2693 1044 2728 quies

258 2743 291 2765 ac
305 2736 438 2764 medicina
458 2736 484 2763 in
504 2742 629 2772 promptu
643 2737 730 2764 adest.

294 2781 399 2809 Revera
419 2789 467 2816 per
485 2786 594 2809 sanctas
611 2790 709 2809 manus
724 2787 796 2816 tuas,
813 2783 888 2811 illum
905 2792 938 2812 ex
958 2789 984 2812 te
1003 2786 1046 2812 in-

260 2831 403 2856 carnatum
425 2827 479 2863 a7
500 2827 527 2854 in
546 2827 626 2855 terris
649 2826 804 2861 Dominum,
829 2833 877 2856 tuo
900 2829 1043 2857 accinxiin

261 2871 383 2911 Cingulo,
406 2873 453 2910 qui
475 2881 570 2904 omnes
595 2881 664 2901 vera:
687 2873 779 2909 pietati
797 2874 903 2905 deditos
925 2875 1043 2910 quodam

1436 1365 1502 1402 ,μὴ
1520 1365 1553 1398 ξι.

1139 1413 1172 1440 Ἦ
1201 1412 1311 1440 πάντων
1338 1412 1483 1447 βασίλισσα
1508 1413 1577 1447 πρὸς
1607 1411 1750 1446 οὐρανίους
1780 1410 1883 1446 σκηνὰς

1095 1459 1253 1495 ἀπαίρουσα
1276 1458 1474 1486 καταλέλοιπεν
1493 1457 1573 1484 ὄλϐον
1595 1458 1629 1492 τῇ
1647 1456 1762 1490 βασιλίδι
1787 1455 1884 1482 πασῶν

1095 1505 1150 1532 τῶν
1167 1505 1273 1532 πόλεων
1290 1504 1340 1539 τὴν
1358 1503 1461 1538 ταύτης
1485 1502 1583 1538 ζώνην,
1603 1503 1637 1529 δι’
1651 1499 1685 1537 ἦς
1702 1501 1883 1536 περιζώσεται

1096 1551 1247 1587 ἐπιδρομῆς
1261 1550 1368 1586 ὁρατῶν
1387 1544 1435 1576 καὶ
1449 1548 1573 1584 ἀοράτων
1590 1547 1706 1586 ὲχθρῷν.

1131 1690 1211 1726 Πηγῇ
1236 1689 1284 1717 νῦν
1302 1689 1489 1725 προσέλθομεν
1516 1687 1709 1722 ἀποσταζούσῃ
1729 1686 1809 1722 χάριν
1836 1685 1884 1712 καὶ

1096 1735 1171 1768 ἕλεος
1185 1738 1219 1772 τῇ
1242 1735 1314 1772 σορῷ
1334 1737 1368 1771 τῇ
1385 1735 1475 1770 τιμία,
1495 1735 1529 1770 τῇ
1553 1733 1706 1769 κατεχούσῃ
1729 1732 1818 1766 ζώνην
1835 1731 1885 1767 τὴν

1097 1781 1231 1816 πάντιμον
1245 1780 1297 1816 τῆς
1318 1779 1475 1815 τιμησάσης
1493 1779 1645 1814 ἀνθρώπων
1661 1777 1693 1804 τδ
1713 1777 1829 1812 φύραμα
1841 1784 1884 1804 τι·

1099 1827 1152 1864 μίῳ
1168 1826 1242 1862 τόκῳ
1256 1825 1352 1862 αὐτῆς,
1363 1824 1503 1861 Παρθένου
1515 1832 1545 1853 τε
1560 1824 1607 1851 καὶ
1623 1823 1743 1860 Μητρός.

1131 1966 1236 1994 Αἰνεῖτε
1251 1965 1297 1992 τδν
1305 1964 1417 2001 Κύριον,
1427 1964 1562 1999 Δυνάμεις
1574 1964 1659 1990 πᾶσαι
1672 1963 1700 1990 αἱ
1712 1962 1883 1997 ὲπουρίνιαι·

1096 2012 1145 2047 τὴν
1155 2011 1249 2038 τοῦτον
1258 2010 1400 2043 τεκοῦσαν,
1408 2009 1560 2048 ἀνθρώπων
1568 2009 1689 2044 γλῶσσαι
1697 2009 1794 2041 πᾶσαι,
1807 2008 1885 2040 δοξά-

1097 2066 1173 2090 σατε,
1189 2058 1230 2084 ὅτι
1253 2057 1304 2092 τὴν
1321 2056 1410 2091 ζώνην
1426 2055 1513 2091 αὐτῆς
1541 2055 1699 2091 ἐδωρήσατο
1723 2053 1883 2089 καταφυγὴν

1097 2103 1185 2139 ἀληθῆ
1200 2103 1248 2130 καὶ
1261 2102 1399 2138 σωτηρίαν
1413 2101 1530 2132 πιστοῖς.

1137 2148 1311 2176 Ῥανάτωσαν
1327 2147 1431 2175 ἄνωθεν
1446 2144 1620 2180 δικαιοσύνην
1638 2145 1749 2178 νεφέλαι
1763 2144 1884 2179 σήμερον

1098 2194 1244 2221 καταθέσει
1260 2193 1309 2228 τῆς
1325 2192 1415 2227 ζώνης
1429 2193 1480 2227 τῆς
1494 2192 1554 2227 σῆς,
1572 2190 1671 2225 νεφέλη
1689 2190 1882 2224 θεοχαρίτιυτε,

1098 2239 1145 2266 καὶ
1172 2238 1326 2274 μελῳδείτω
1347 2238 1421 2274 ψυχὴ
1437 2238 1512 2265 πᾶσα
1534 2237 1685 2272 χαίρουσαο
1702 2234 1853 2270 Εὐλογητὸς
1870 2235 1884 2260 ὀ

1098 2285 1176 2317 Θεός.

1430 2415 1493 2452 ᾮδή
1507 2415 1541 2452 η’-

1129 2463 1228 2499 Θρόνος
1239 2463 1366 2498 καθάπερ
1377 2417 1577 2498 ἃγιοῗδτξσγορδς
1593 2461 1750 2489 ἀνατίθεται
1765 2461 1839 2488 ενδον
1853 2461 1884 2487 ὲν

1094 2510 1201 2541 ἀδύτοις
1221 2510 1304 2545 ἱεροῖς
1328 2509 1496 2545 φαιδρότατα
1513 2508 1563 2544 τῆς
1581 2509 1664 2544 μόνης
1678 2508 1820 2539 θεόπαιδος
1836 2508 1884 2534 καὶ

1097 2555 1231 2590 βασιλίδος
1256 2556 1364 2582 πάντων
1377 2555 1474 2590 ἁγνῆς,
1500 2554 1589 2589 ζώνην
1609 2554 1765 2589 κεκτημένη
1779 2554 1884 2580 ἐπανα-

1097 2600 1302 2635 παυομένην,ὲξ
1314 2597 1410 2636 ἧςτοῖς
1423 2600 1556 2627 κοπιῶσιν
1566 2601 1595 2626 ὲν
1606 2599 1717 2632 πολλαῖς
1731 2598 1884 2634 ἁμαρτίαις

1096 2645 1250 2678 ἀνάπαυσις
1261 2645 1352 2672 τελεία
1370 2646 1534 2681 προέρχεται
1550 2645 1686 2680 ἀφθόνως.
1897 2644 1902 2650 ”

1141 2782 1203 2809 Ἐπὶ
1215 2783 1264 2818 τῆς
1282 2783 1334 2818 γῆς
1351 2783 1396 2809 τὸν
1410 2782 1511 2818 Κύριον
1527 2782 1607 2818 ίερῶς
1620 2782 1818 2817 ὲσωμάτωσας,
1835 2783 1883 2808 καὶ

1099 2829 1192 2862 χερσὶν
1208 2827 1299 2861 ἁγίαις
1317 2827 1424 2863 ἀληθῶς
1448 2827 1591 2859 διέζωσας,
1604 2827 1650 2854 τὸν
1664 2826 1883 2863 περιζωννύοντα

1098 2873 1161 2906 τοὺς
1177 2873 1354 2907 εὐσεϐοῦντας
1367 2873 1482 2909 δύναμιν
1493 2881 1500 2888 ·
1515 2873 1562 2900 νῦν
1576 2873 1605 2902 δὲ
1620 2873 1743 2902 ἁναῦᾶσα
1758 2871 1882 2912 οὐρανῶν
