2077 3157
185 190 255 224 101⁵1
889 193 946 222 ΜΑῙ

997 192 1071 222 \LE.
1733 192 1801 225 1018

183 248 320 284 ὓπεράνω,
338 249 483 281 κατέλιπες
505 249 660 286 ἀνθρώποις
677 250 725 285 τὴν
748 249 843 281 τιμίαν
865 249 946 284 ζώνηι

997 266 1002 280 ι
1017 249 1148 283 singulari
1166 249 1285 284 accingit
1302 250 1408 278 robore.
1425 249 1460 277 At
1475 258 1560 282 nunc.
1583 257 1600 278 ο
1616 251 1735 287 virginea
1754 251 1800 279 Dei

182 295 305 330 Παρθένε
320 295 445 328 Θεοτόκε,
461 295 625 331 κραταίωμα
639 296 686 323 καὶ
700 295 824 330 σκέπην.1

1021 294 1116 328 Mater,
1132 299 1308 330 posteaquam
1330 303 1414 330 super
1430 303 1527 324 omnes
1541 297 1626 324 ccelos
1641 298 1799 329 ascendisti,

182 345 258 368 tuum
284 341 355 368 istud
380 341 534 369 venerabile
559 341 697 376 cingulum
726 341 883 368 hominibus
898 340 1031 375 reliquisti
1063 345 1192 375 tanquam
1227 345 1322 375 potens
1355 341 1492 375 quoddam
1525 341 1724 370 munimentum
1744 350 1800 378 quo

181 391 366 422 protegantur.

216 444 398 480 Νενοσηκόσιν
425 445 503 479 ἴαμα,
529 444 711 471 ὀλισθαίνουσι
737 445 886 480 στήριγμα,
914 453 946 471 κα

1049 441 1141 469 Gratia
1159 442 1203 469 illa
1220 441 1324 474 divina,
1345 450 1407 478 quae
1427 443 1453 471 in
1469 451 1520 471 nos
1533 452 1565 471 ex
1583 448 1635 472 tunc
1656 453 1732 474 zonae
1747 455 1796 475 vc-

179 493 234 523 τοϊς
245 491 412 526 ρᾳθυμοῦσιν
421 491 548 525 εὐθυμία,
563 491 654 522 ἔνθεος
665 490 829 526 κυϐέρνησις
838 490 946 517 πλέουσι

1013 487 1134 515 nerando
1159 487 1234 514 cttltu
1262 487 1415 515 redundare
1442 489 1574 522 cernitur,
1590 490 1658 522 haec,
1673 491 1796 526 inquam,

180 537 399 572 πεπλανημένοις
418 536 612 573 ἐπιστροςὴ,ή
631 537 807 572 παρεπομὲνη
827 538 861 572 τῇ
882 536 946 571 τιμίι

1013 535 1109 570 gratia,
1125 541 1142 561 ο
1163 538 1237 561 casta
1252 533 1335 568 Virgo
1347 555 1354 567 ,
1376 538 1417 561 est
1434 535 1578 563 verissima
1601 537 1796 572 aegrotantibus

179 592 225 609 orm
240 583 322 619 ζώνῃ,
333 583 401 618 ἁγνὴ
418 582 549 617 Παρθένε,
570 583 650 617 χάρις
663 581 772 617 ἀληθῶς
785 581 946 617 χρηματίζει

1012 580 1127 610 medela.
1156 579 1268 615 jamjam
1301 581 1364 607 item
1400 581 1555 609 labentibus
1592 582 1794 617 fulcimentum;

177 629 209 664 ἢν
226 629 312 655 πίστει
330 627 535 664 προσκυνοῦμεν
548 629 588 659 εἰς
606 628 709 658 πάντας
725 628 838 659 αἰῶνας.

1012 630 1142 661 prmterea
1167 626 1237 653 male
1265 626 1394 654 animatis
1417 626 1517 654 divina:
1536 628 1671 662 quoddam
1698 630 1796 657 alacri-

177 675 239 701 tatis
253 675 365 706 donum,
379 674 413 701 ad
430 674 486 701 lucc
503 674 677 701 moderamen
697 678 721 701 ct
742 673 958 708 gubernaculum
976 672 1181 706 na\'iganlibl15,
1213 679 1246 700 ac
1265 672 1383 706 denique
1398 672 1431 700 iis
1465 672 1511 707 qui
1530 673 1702 707 aberrarunt,
1717 674 1795 702 auxi-

176 719 241 747 lium
265 719 344 754 plane
366 726 398 746 ac
420 719 510 746 lumen
533 719 566 746 ad
590 719 816 754 resipisrendum.
840 719 918 747 Unde
933 723 960 746 et
979 717 1054 746 cultu
1089 717 1159 745 ﬁdeli
1176 722 1201 745 te
1216 717 1363 746 adoremus
1379 719 1405 745 in
1421 719 1512 745 omnia
1526 719 1635 746 saecula.

213 787 414 819 Ἐπιτελοῠντες
435 787 554 822 σήμερον
571 787 620 822 τὴν
633 787 716 821 ἁγίαν
740 786 889 814 κατάθεσιν
905 787 943 819 ζώ

1050 785 1091 813 Ob
1107 791 1159 813 tute
1169 786 1268 813 divina:
1283 794 1359 813 zona:
1376 787 1574 820 depositionem
1592 788 1635 816 hic
1650 788 1713 815 olim
1729 797 1791 825 per-

173 842 222 867 νης
238 841 284 860 σου
308 833 357 867 τῆς
377 832 461 864 θείας.
489 832 564 867 ἱερὰν
590 835 743 868 πανήγυριν
757 833 782 859 oi
796 833 884 860 δοῦλοί
908 841 946 859 σοι

1007 836 1109 863 actam,
1135 839 1184 859 nos
1209 832 1281 858 servi
1298 831 1335 858 tui
1356 839 1460 859 sacram
1477 832 1558 860 hodie
1573 834 1719 868 panegyrin
1735 835 1792 862 sive

173 875 294 911 ἄγωμεν,
315 878 363 904 καὶ
385 879 414 904 ὲν
428 878 501 912 χαρᾷ
527 877 650 913 βοῶμεν·
676 878 773 912 Χαῖρε,
793 877 921 909 Θεοτὸκε,
938 878 946 903 i

1006 881 1172 905 conventum
1202 877 1384 908 celebramus,
1411 877 1572 912 magnisque
1602 879 1650 906 tibi
1677 881 1789 909 vocibus

172 923 244 957 χαρὰ
257 922 311 949 τῶν
323 922 458 956 ἀγγέλων,
475 923 520 948 καὶ
537 922 646 948 πάντων
665 921 719 948 τῶν
734 921 885 957 ἀνθρώπων
900 921 946 949 τῶι

1006 922 1079 949 httne
1111 922 1138 949 in
1166 921 1275 948 modum
1295 929 1356 948 cum
1383 921 1473 948 ltctitia
1490 922 1680 956 gratulamur:
1700 923 1789 955 Salve,

173 966 275 998 πιστῶς
286 966 491 1001 μελῳδούντων·
509 966 591 999 Λιιὸς,
607 965 778 1002 ὑπερνψοῦτε
793 966 833 998 είς
846 966 946 997 πάντας

1006 967 1131 999 Deipara,
1145 967 1272 1002 gaudium
1284 975 1313 994 cs
1326 967 1484 1000 angelorum
1497 972 1629 994 eteorum
1641 969 1789 1001 prmsertim

1007 1011 1159 1044 hominum,
1181 1012 1228 1046 qtti
1252 1011 1380 1046 religiose
1405 1019 1477 1038 nunc
1497 1011 1598 1046 iugiter
1622 1011 1790 1040 decantant:

171 1012 233 1044 τοὺς
248 1012 358 1043 αίῶνας.

511 1166 574 1203 ᾯδὴ
585 1166 618 1194 θ’.

211 1234 277 1261 ’1δοῦ
290 1235 307 1268 ἡ
321 1234 380 1261 θεία
389 1234 466 1269 κλίνη
474 1234 520 1261 τοῦ
533 1233 669 1269 Σολομῶν,
681 1233 830 1269 δυνατοὶζῆν
836 1233 952 1261 κυκλοῦ-

170 1288 212 1306 σιν
227 1280 367 1315 ἑξήκοντα,
384 1281 475 1315 ῥήσεις
487 1279 614 1316 Γραφῶν,
627 1277 728 1314 οἷάπερ
742 1280 771 1306 ὲν
781 1279 861 1314 κλίνῃ
876 1279 953 1314 βασι-

169 1325 230 1360 λικῇ
242 1325 314 1360 σορῷ
323 1325 401 1360 τιμία
410 1325 443 1359 σή
448 1333 480 1359 με
485 1333 530 1360 ρον
539 1324 627 1359 ζώνην
638 1323 776 1350 ἅνακλίνει
791 1323 840 1357 τὴν
854 1323 953 1358 ἑαυτῆς

169 1370 322 1402 ἀνάκλισιν,
333 1371 372 1402 εις
385 1371 492 1397 πάντων
501 1370 555 1397 τῶν
569 1368 812 1404 τεταπεινωμένων
823 1369 870 1395 καὶ
878 1369 953 1395 εὐσε‹

169 1416 288 1443 ϐούντων
306 1415 492 1451 περιποίησιν.

168 1462 254 1494 nium,
280 1462 327 1496 qui
349 1467 379 1488 ut
402 1461 501 1496 abiecti
528 1464 752 1493 contemnuntur.
779 1460 813 1488 ad
839 1459 947 1488 illorum

167 1514 219 1541 que
234 1514 324 1534 veram
339 1507 466 1541 pietatem
481 1506 556 1534 cordi
574 1505 684 1533 habent.

207 1576 250 1608 Ὡς
265 1575 343 1606 πόλις
366 1575 496 1611 βασιλέως
521 1575 576 1602 τῶν
596 1573 735 1609 οὐρανῶν,
761 1573 824 1609 περὶ
839 1571 872 1609 ἧς
887 1573 950 1600 ελα-

166 1621 235 1657 λήθη
249 1621 389 1657 παράδοξα
399 1630 406 1637 ·
427 1620 489 1647 ἔθου
502 1621 535 1656 τῇ
553 1621 586 1656 σῇ
602 1619 679 1646 πόλει
693 1619 780 1654 δῶρον
795 1619 886 1654 τίμιον
903 1619 950 1646 καὶ

166 1669 265 1696 σεπτὸν
280 1669 329 1703 τὴν
344 1668 480 1702 παναγίαν
506 1668 618 1704 μνήμην
634 1675 681 1694 σου
696 1667 805 1694 πάντων
819 1667 860 1697 εἰς
879 1674 950 1701 κρα-

165 1715 274 1750 ταίωμα
286 1715 341 1742 τῶν
354 1713 508 1746 ταστῶνβι*
519 1711 553 1749 ἧς
566 1713 591 1740 οἱ
606 1712 773 1748 στεφηφόροι
788 1712 948 1747 τροπῶνται

165 1761 312 1795 πολεμίους
327 1760 467 1796 ὀρθοδοξίᾳ
487 1759 697 1794 διαλάμποντες.

1006 1057 1126 1092 Populus
1139 1056 1257 1089 Domini.
1272 1057 1472 1092 supereraltate
1490 1056 1635 1084 Dominum
1651 1058 1678 1084 iu
1698 1058 1789 1086 omnia

1007 1103 1105 1131 saeula
1115 1104 1122 1130 !

1346 1168 1402 1196 Ode
1422 1168 1449 1196 9.

1038 1234 1156 1266 Intuere,
1184 1234 1310 1266 obsecro,
1329 1241 1389 1260 nam
1420 1235 1470 1262 iste
1497 1234 1606 1262 divintts
1634 1235 1788 1264 Salomonis

1005 1279 1140 1313 lectulus";
1159 1287 1240 1314 quem
1271 1279 1443 1306 circumdant
1467 1280 1607 1314 sexaginta
1631 1280 1715 1308 fortes
1735 1282 1788 1315 (ut

1001 1326 1079 1352 aiunt
1091 1325 1242 1360 Scriptura:
1254 1326 1275 1360 ),
1297 1333 1375 1353 suam
1392 1326 1472 1352 hodie
1490 1334 1585 1352 lunam
1600 1327 1744 1360 pretiosam
1760 1327 1786 1353 in

1002 1369 1094 1398 loculo
1108 1374 1239 1405 tanquam
1257 1372 1284 1397 in
1306 1371 1400 1398 lectica
1416 1371 1488 1404 regia
1506 1371 1623 1405 quodam
1648 1372 1728 1398 modo
1745 1380 1788 1399 re-

1001 1414 1096 1446 clinat,
1113 1415 1196 1449 idque
1210 1415 1236 1441 in
1257 1415 1385 1442 solatium
1406 1418 1434 1441 et
1454 1415 1705 1442 recoueiliatimmm
1725 1423 1787 1441 om-

968 1461 1033 1488 item
1065 1461 1188 1488 omnium
1228 1460 1463 1488 conservationem
1488 1469 1519 1488 ac
1533 1462 1654 1494 tutelam,
1670 1462 1786 1496 quicun-

1040 1572 1145 1608 Oregis
1165 1572 1297 1600 caelorum
1321 1573 1416 1601 civitas
1437 1574 1471 1601 de
1488 1581 1541 1608 qua
1556 1573 1628 1601 dicta
1642 1579 1705 1602 sunt
1727 1575 1786 1610 glo-

1004 1617 1077 1645 riosa
1090 1618 1096 1644 l
1111 1616 1152 1644 Tu
1173 1617 1199 1644 in
1220 1617 1273 1644 hac
1288 1621 1333 1644 tua
1348 1618 1459 1645 civitate
1480 1619 1625 1652 reposuisti
1640 1624 1784 1652 augustum

1002 1667 1030 1690 et
1046 1663 1215 1690 adorandum
1239 1670 1350 1694 munus.
1369 1667 1443 1690 luam
1467 1671 1563 1698 nempe
1579 1671 1674 1691 zonam
1694 1672 1786 1691 sacra-

1001 1708 1145 1740 tissimam,
1176 1712 1206 1735 ut
1221 1712 1295 1736 esset
1314 1709 1370 1743 28
1383 1709 1511 1736 omnibus
1533 1717 1597 1736 vero
1612 1709 1786 1737 credentibus

1000 1754 1138 1789 quoddam
1159 1758 1257 1789 potens
1276 1754 1356 1789 plane
1377 1754 1623 1789 propugnaculum,
1647 1763 1699 1789 qua
1716 1762 1784 1782 zona

164 1806 187 1833 si
205 1814 234 1833 se
251 1807 396 1840 accingam
430 1805 509 1841 quasi
535 1812 568 1832 ac
586 1805 712 1832 muniant
750 1807 844 1831 nostra
865 1801 982 1830 illustria
1002 1800 1158 1836 principum
1190 1798 1410 1827 orthodoxorum
1438 1799 1539 1835 capita,
1567 1800 1693 1827 hostilem
1721 1807 1785 1827 mox

164 1853 294 1887 impetum
310 1851 439 1879 facillime
455 1851 610 1887 proﬂigant.

198 1919 363 1953 Σταλάνξατε,
376 1919 410 1946 τὰ
431 1918 494 1955 ὅρη,
508 1918 561 1947 νῦν
578 1918 754 1953 γλυκασμδν,
766 1917 814 1944 καὶ
841 1915 944 1951 βουνοὶ,

161 1965 332 2000 εὐφροσύνην
349 1964 475 1992 αἰώνιον·
492 1963 669 1999 πατριαρχῶν
693 1963 788 1998 δῆμοι,
803 1962 851 1989 καὶ
875 1970 946 1997 μαρ-

161 2011 252 2046 τύρων
276 2012 376 2042 πάντες
399 2010 492 2045 χοροὶ,
521 2009 576 2036 τῶν
605 2008 754 2044 προφητῶν
769 2009 783 2035 ὸ
799 2007 945 2041 σύλλογος,

162 2056 243 2083 θείων
270 2055 429 2083 ἀποστόλων
454 2055 541 2091 δῆμος
566 2055 683 2087 σεπτὸς,
707 2053 879 2089 εὐφράνθητε
898 2053 948 2079 σὺν

161 2103 244 2129 πᾶσιν
256 2103 332 2137 ἡμῖν,
350 2103 383 2137 τῇ
398 2101 544 2128 καταθέσει
559 2101 608 2136 τῆς
622 2100 698 2132 θείας
714 2099 803 2135 ζώνης
817 2100 866 2135 τῆς
876 2099 943 2126 Θεό-

161 2148 256 2180 παιδος

199 2290 330 2325 Ἦγίασας
345 2289 379 2316 τὰ
392 2289 480 2316 πάντα
494 2288 539 2315 διὰ
550 2289 599 2324 τῆς
611 2288 670 2323 σῆς,
683 2287 802 2321 παναγία
812 2286 945 2321 Ιιαρθένε,

160 2336 293 2370 κυήσεως,
318 2335 366 2361 καὶ
388 2333 435 2360 νῦν
458 2334 524 2368 ἡμῖν
548 2333 668 2363 δέδωκας
683 2332 721 2364 ὡς
735 2331 847 2359 πλείονα
864 2340 947 2365 φωτι-

1029 1913 1144 1944 Stillate,
1164 1917 1281 1943 montes,
1303 1911 1486 1944 dulcedinem,
1502 1915 1530 1939 et
1544 1911 1639 1943 colles,
1663 1911 1783 1939 laetitiam

994 1957 1206 1993 sempiternam!
1224 1957 1279 1984 Vos
1295 1961 1435 1991 praeterea.
1447 1956 1535 1984 tribus
1553 1957 1782 1992 patriarcharum,

994 2006 1022 2029 et
1030 2001 1105 2029 chori
1121 2006 1272 2036 martyrum
1290 2001 1422 2034 universi,
1434 2001 1528 2028 adhaac
1540 2005 1628 2028 cretus
1640 2001 1783 2036 propheta-

996 2055 1069 2079 rum.
1095 2054 1128 2074 ac
1154 2046 1273 2081 denique
1295 2046 1434 2073 adoranda
1456 2046 1557 2073 cohors
1583 2046 1781 2080 apostolorum,

1001 2097 1118 2120 vestram
1138 2091 1282 2119 nobiscum
1299 2099 1395 2119 omnes
1411 2091 1532 2118 lzetitiam
1552 2091 1688 2118 caelestem
1708 2098 1783 2118 com-

1002 2139 1141 2166 municate
1165 2138 1198 2165 ad
1218 2137 1302 2165 divini
1320 2138 1402 2172 hujus
1422 2137 1524 2173 cinguli
1537 2144 1592 2172 quo
1612 2144 1642 2165 se
1656 2137 1719 2164 olim
1736 2135 1782 2163 Dei

995 2185 1117 2213 Geuitrix
1134 2184 1264 2216 accinxit,
1279 2184 1371 2219 dignis
1386 2183 1466 2211 hodie
1480 2183 1569 2211 modis
1587 2183 1780 2210 celebrandam

996 2230 1186 2258 lcstivitatem.

1033 2287 1198 2316 Exhilarasti
1213 2287 1305 2314 omnia
1322 2287 1436 2314 omnino
1456 2287 1572 2322 quadam
1591 2285 1782 2314 benedictione

997 2337 1092 2361 sancta
1117 2341 1164 2367 per
1180 2337 1256 2360 tuum
1281 2332 1499 2364 sanctissimum.
1520 2340 1537 2359 ο
1553 2331 1648 2366 Virgo,
1667 2338 1783 2366 puerpe-

160 2381 227 2415 σμὴν
239 2381 288 2416 τὴν
302 2379 436 2414 παναγίαν
446 2379 534 2414 ζώνην
550 2386 608 2419 aeu,
619 2376 653 2413 ἦς
665 2379 697 2413 τῇ
708 2377 855 2404 καταθέσει
869 2377 943 2408 πᾶσα

997 2378 1082 2409 rium,
1110 2383 1138 2404 et
1164 2385 1237 2405 nunc
1259 2385 1368 2412 quoque
1388 2377 1477 2409 nobis,
1500 2381 1530 2404 ut
1551 2384 1602 2412 ope
1626 2381 1671 2404 tua
1695 2377 1782 2411 magis

159 2427 175 2461 ἡ
195 2426 230 2460 γῆ
245 2425 364 2461 χορεύει,
389 2425 436 2452 καὶ
458 2424 582 2459 γεραίρει
595 2422 629 2449 ’σε
645 2423 696 2459 τὴν
720 2423 808 2458 χαρᾶς
822 2423 942 2457 ὰῤῥήτου

158 2472 370 2506 ἀποπληροῦσαν
385 2471 416 2497 τὸ
428 2470 609 2505 ἀνθρὺπινον.

997 2431 1105 2457 semper
1121 2430 1152 2449 ac
1164 2422 1251 2458 magis
1269 2422 1448 2453 illustremur.
1466 2429 1564 2449 zonam
1588 2422 1688 2449 dedisti
1707 2428 1781 2449 tuatn

998 2468 1222 2499 sacratissimum.
1236 2467 1263 2494 in
1277 2467 1354 2500 cujus
1369 2467 1413 2494 hic
1427 2467 1609 2501 depositionis
1629 2467 1776 2495 festivitate

159 2518 288 2545 universa
305 2517 447 2544 nobiscum
464 2516 582 2543 exsultat
599 2519 670 2542 terra
687 2518 768 2549 teque
786 2515 902 2542 summis
915 2514 1068 2542 animorum
1103 2515 1201 2542 studiis
1233 2514 1360 2545 honorat.
1385 2518 1415 2540 ut
1439 2521 1501 2548 qua:
1527 2513 1678 2541 humanum
1694 2520 1781 2546 genus

159 2569 243 2592 ltllllll
269 2564 397 2592 incﬂ‘abili
418 2563 535 2599 quodam
551 2562 650 2598 gaudio
663 2563 845 2597 complevisti.

193 2623 285 2655 Φιλίας
310 2623 399 2655 δολίας
423 2623 472 2658 τῆς
495 2623 550 2649 τῶν
567 2622 660 2649 παθῶν
685 2621 731 2648 καὶ
755 2621 855 2655 ἐχθροῦ
881 2621 943 2648 καθ’

157 2669 276 2704 ἑκάστην
300 2669 476 2705 πειράζοντος
494 2667 636 2703 ἁμαρτιῶν
654 2667 731 2702 βάρει
757 2666 894 2702 ῥᾳθυμίας
912 2675 942 2693 τε

156 2715 277 2750 χαλεπῆς
300 2715 464 2750 ἀπαγωγῆς,
490 2715 675 2750 πανάχρσντέ,
691 2724 738 2741 και
751 2713 941 2748 αἰχμαλωσίας

158 2760 205 2786 καὶ
219 2761 372 2796 προνομῆς,
388 2760 427 2796 τῷ
442 2761 480 2795 σῷ
495 2760 723 2796 προσπεφευγότα
746 2759 817 2786 ἐλέει
832 2759 877 2786 διὰ
890 2759 940 2785 τά·

158 2813 234 2845 κους,
250 2805 287 2839 ὡς
301 2806 457 2843 συμπαθὴς,
474 2807 555 2844 ἁγνὴ,
572 2806 737 2839 ἀπάλλαξον.

1034 2620 1152 2654 Prteripe
1169 2627 1211 2647 me
1230 2627 1262 2647 ae
1277 2619 1372 2650 libera.
1398 2627 1414 2646 ο
1437 2626 1543 2646 summe
1566 2619 1666 2646 intacta
1681 2616 1777 2651 Virgo.

997 2667 1032 2694 ab
1046 2667 1120 2694 omni
1142 2666 1330 2693 insidiantium
1357 2665 1421 2692 mihi
1437 2665 1624 2700 cupiditatum
1647 2663 1778 2694 amicitia,

992 2713 1027 2740 ab
1046 2712 1149 2739 inimici
1168 2712 1232 2738 item
1257 2711 1455 2739 teutationibus
1475 2710 1651 2746 quotidianis,
1672 2708 1773 2743 quibus

993 2759 1037 2786 ille
1057 2766 1110 2790 me,
1123 2765 1171 2792 per
1191 2762 1302 2791 peccata
1321 2757 1412 2792 gratia
1431 2758 1546 2790 viaeque
1560 2754 1767 2782 dissolutionem
1790 2763 1799 2768 ι

993 2804 1151 2836 maximam,
1167 2803 1290 2838 abripere
1306 2803 1438 2831 violenter
1460 2803 1487 2830 in
1503 2801 1684 2835 captivitatem
1703 2807 1775 2833 pne-

991 2851 1111 2885 damque
1125 2857 1203 2877 suam
1225 2849 1331 2881 nititur,
1358 2849 1390 2876 ad
1408 2853 1482 2876 tuam
1496 2847 1596 2882 quippe
1618 2853 1690 2874 nunc
1704 2852 1774 2873 con-

993 2895 1066 2931 ingio
1083 2894 1308 2928 misericordiam,
1320 2903 1337 2922 ο
1351 2893 1432 2930 Virgo
1446 2892 1612 2921 miscratrixl
