2077 3157
139 167 206 199 1025

840 160 1023 193 MARIALE.

1690 157 1763 195 1026'

137 223 253 257 θήσασα,
269 222 358 255 χαῖρε,
375 220 519 251 Δέσποινα,
534 218 567 245 δι’
587 225 621 254 ης
631 218 719 253 χαρᾶς
735 216 924 252 πληρούμεθα,

982 215 1212 243 immarrcscibilis
1225 214 1342 242 eliloruit
1351 223 1358 242 :
1368 215 1465 250 gaude,
1481 212 1605 248 Domina,
1620 223 1669 251 per
1677 224 1759 252 quam

137 269 184 299 καὶ
197 267 269 301 ζωὴν
285 264 517 300 κληρονομοῦμεν.

177 312 378 347 Ῥητορεύουσα
394 311 424 337 οὺ
441 311 529 336 σθένει
546 310 666 343 γλῶσσα,
684 309 827 340 Δέσποινα,
844 308 925 343 ὑμνο-

138 357 252 392 λογῆσαί
265 365 294 383 σε
308 365 314 371 ·
328 356 397 391 ὑπὲρ
414 356 468 390 γὰρ
482 355 515 382 τὰ
526 356 652 390 Σεραφὶμ
665 354 784 390 ὑψώθης,
798 354 926 388 κυήσασα

139 403 184 430 τὸν
200 402 313 437 βασιλέα
321 401 450 436 Χριστὸν,
469 401 498 427 ὃν
513 400 617 427 ἱκέτευε
633 399 724 434 πάσης
748 398 796 425 νῦν
824 397 924 432 Βλάσης

139 447 274 484 ῥύσασθαι
287 448 351 479 τοὺς
365 446 468 477 πιστῶς
483 454 514 472 σε
533 445 764 480 προσκυνοῦντας.

175 535 302 569 Εὑφημεῖ
323 542 352 560 σε
372 533 561 569 μακαρίζοντα
573 533 607 560 τὰ
619 533 726 568 πέρατα
739 533 785 559 καὶ
803 532 926 567 ἀνακρά-

139 581 180 613 {Et
193 589 249 607 σοι·
263 581 359 615 Χαῖρε,
379 580 393 605 ό
409 581 490 614 τόμος
508 580 537 606 ὲν
547 576 569 613 ᾦ
585 579 710 614 δακτύλῳ
738 579 926 613 ἐγγέγραπται

143 626 250 661 Πατρὸς
265 627 279 652 ὸ
294 627 390 660 Λόγος,
409 625 489 660 ἁγνὴ,
508 625 537 652 ὃν
553 625 656 652 ἱκέτευε
678 624 761 660 βίϐλῳ
776 624 847 659 ζωῆς
865 624 926 655 τοὺς

139 673 248 704 δούλους
260 681 307 699 σου
321 671 508 708 καταγράψαι,
519 671 645 699 Θεοτόκε.

169 759 336 794 ’ἱκετεύομεν
343 759 462 786 οίδοῦλοί
475 767 522 786 σου
537 759 584 786 καὶ
596 759 724 794 κλίνομεν
737 759 801 792 γόνυ
814 758 927 793 καρδίας

139 802 218 837 ἡμῶν
232 809 239 817 ·
251 802 341 828 κλῖνον
355 802 385 828 τὸ
400 802 445 834 οὒς
462 811 520 836 σου,
534 803 614 839 ἁγνὴ,
628 804 673 830 καὶ
688 803 775 830 σῶσον
791 804 856 835 τοὺς
870 803 927 829 θλί-

139 847 201 881 ψεσι
212 846 404 882 βυοιζομένους
415 849 500 883 ἡμᾶς,
525 849 574 875 καὶ
588 849 758 885 συντήρησον
780 849 870 884 πάσης
882 850 927 884 έχ-

139 893 212 928 θρῶν
223 893 349 926 ἁλώσεως
360 894 409 928 τὴν
425 894 475 929 σὴν
489 894 576 926 πόλιν,
592 895 717 922 Θεοτόκε.

459 994 520 1029 ᾮδὴ
535 993 570 1029 η’-

178 1050 265 1085 Νηδύῖ
276 1050 321 1077 τὸν
339 1050 426 1084 Λόγον
443 1050 575 1083 ὑπεδέξω,
595 1050 642 1077 τὸν
659 1051 747 1077 πάντα
759 1050 928 1085 βαστάζοντα

141 1094 305 1127 ἐϐάστασας,
319 1095 436 1128 γάλακτι
446 1094 596 1130 ἐξέθρεψας
608 1094 724 1130 νεύματι
736 1096 782 1122 τὸν
795 1095 928 1130 τρέφοντα

141 1141 191 1175 τὴν
216 1141 380 1175 οἰκουμένην
396 1139 515 1171 ἅπασαν.
544 1139 624 1174 ἁγνὴ,
642 1137 664 1173 ᾧ
692 1139 848 1174 ψάλλομεν·
876 1140 928 1167 Τδν

141 1186 242 1220 Κύριον
257 1186 376 1220 ὑμνεῖτε,
392 1185 427 1211 τὰ
438 1185 517 1220 ἔργα,
527 1186 574 1212 καὶ
588 1185 758 1220 ὑπερυψοῦτε
774 1186 814 1217 εἰς
825 1185 927 1216 πάντας

141 1229 205 1260 τοὺς
217 1229 329 1260 αἰῶνας.

182 1275 302 1309 Μωῡσῆς
318 1275 480 1310 κατενόησεν
493 1275 522 1302 ιν
537 1274 610 1310 βάτῳ
631 1275 662 1302 τὸ
683 1275 755 1310 μέγα
781 1277 929 1311 μυστήριον

141 1319 189 1346 τοῦ
204 1320 284 1346 τόκου
299 1327 364 1346 σου·
381 1312 476 1351 παῖδες
490 1320 693 1354 προεικόνησαν
706 1320 785 1346 τοῦτο
813 1321 929 1356 ἐμφανέ-

143 1374 228 1392 στατα
246 1366 329 1400 μέσον
346 1365 430 1400 πυρὸς
459 1365 618 1401 ἱστάμενοι,’
631 1366 680 1392 καὶ
701 1367 739 1401 μὴ
757 1366 928 1401 φλεγόμενοι,

143 1412 264 1447 ἀκήρατε
277 1412 343 1446 ἁγία
364 1411 485 1447 Παρθένε
495 1420 502 1427 ·
513 1412 573 1439 ὅθεν
585 1420 615 1438 σε
627 1412 765 1448 ὑμνοῦμεν
776 1413 815 1444 είς
827 1413 930 1444 πάντας

141 1459 204 1490 τοὺς
217 1458 329 1490 αἰῶνας.

179 1505 211 1531 Ol
229 1504 324 1540 πρώην
336 1506 426 1541 ἀπάτῃ
438 1505 628 1541 γυμνωθέντες
652 1505 748 1541 στολὴν
775 1504 928 1542 ἀφθαρσίας

975 260 1120 295 implentur
1135 261 1244 296 gaudio,
1257 265 1284 288 et
1294 261 1444 295 accipimus
1461 260 1647 289 hatreditatem
1686 262 1759 290 vitat.

1010 305 1104 333 Delicit
1118 307 1220 341 lingua,
1236 306 1300 333 dum
1318 306 1352 332 de
1365 310 1390 332 te
1405 306 1537 340 loquitur,
1550 313 1567 333 o
1581 307 1704 339 Domina.
1732 308 1758 334 in

976 351 1102 379 laudibus
1119 352 1172 379 luis
1188 360 1196 378 :
1211 353 1311 379 ctenint
1326 359 1409 386 supra
1424 351 1571 379 Cherubim
1599 353 1716 380 exaltata
1729 362 1761 381 es

975 397 1085 432 pariens
1102 405 1192 433 regem
1206 397 1357 430 Christum,
1386 405 1467 432 quem
1489 397 1644 432 deprecare,
1669 404 1696 426 ut
1726 399 1762 426 ab

975 444 1049 471 omni
1064 444 1174 472 laesione
1191 444 1286 471 liberet
1301 451 1374 471 nunc
1390 451 1487 472 omnes
1503 443 1550 479 qui
1566 448 1592 471 te
1612 451 1674 471 cum
1686 446 1761 472 ontni

976 490 1028 517 lide
1043 490 1167 517 adorant.

1012 535 1204 569 lnsignilatnle
1224 540 1249 562 te
1260 535 1399 562 celebrant
1426 542 1459 562 ac
1487 534 1644 562 beatificant
1668 541 1763 563 omnes

977 581 1043 607 lines
1060 585 1149 611 terra‘.
1163 581 1313 608 clamantes
1328 581 1361 607 ad
1385 586 1410 607 te
1426 590 1432 607 :
1452 579 1558 612 Gaude,
1581 579 1719 612 volumen.
1734 580 1763 607 in

977 634 1032 661 quo
1056 627 1187 661 scriptum
1217 631 1259 653 est
1284 627 1368 661 digito
1402 625 1490 653 Patris
1518 624 1657 659 Verbum;
1690 626 1763 661 quod

977 673 1133 707 deprecare,
1151 680 1167 699 ο
1186 678 1261 700 casta
1279 673 1401 708 Deipara,
1427 677 1455 699 ut
1470 672 1497 699 in
1523 671 1594 699 libro
1623 672 1685 699 vita:
1713 672 1763 699 de-

978 719 1081 746 scribat
1098 727 1192 746 servos
1216 723 1288 746 tuos.

1014 764 1196 800 Deprecamur
1213 770 1238 792 te
1251 765 1322 793 Servi
1340 765 1389 797 tui,
1401 769 1428 792 ct
1440 765 1604 792 inelinamtts
1617 771 1686 799 genu
1702 772 1763 792 cor-

978 811 1020 839 dis
1045 811 1130 838 nostri
1146 820 1153 839 :
1175 811 1275 838 inclina
1293 817 1332 842 tu.
1356 818 1373 838 ο
1389 811 1546 845 purissima,
1561 818 1654 837 aurem
1676 814 1762 841 tuam.

980 862 1006 884 et
1015 857 1089 884 salva
1102 864 1164 889 nos.
1181 857 1227 892 qui
1244 853 1270 884 i'n
1292 857 1425 891 profundo
1437 856 1642 884 tribulationum
1658 856 1764 883 demer-

979 904 1084 939 gintur;
1095 903 1213 935 custodi,
1229 911 1245 930 ο
1266 904 1389 938 Deipara,
1405 903 1543 930 civitatem
1559 907 1632 930 tuam
1645 903 1679 929 ab
1688 902 1764 930 omni

979 949 1154 977 inimicorum
1166 949 1378 984 expugnatione.

1279 1003 1331 1039 33
1345 1002 1402 1030 Ode
1418 1003 1445 1030 8.

1013 1059 1035 1087 0
1050 1064 1125 1087 casta
1139 1081 1146 1093 ,
1165 1059 1283 1087 Verbum
1299 1061 1325 1087 itt
1338 1066 1415 1087 utero
1433 1059 1577 1094 suscepisti
1591 1068 1598 1087 :
1612 1064 1764 1095 portantem

978 1106 1069 1132 omnia
1083 1106 1210 1141 portasti.
1227 1106 1333 1134 nutriin
1352 1106 1515 1133 nutrientem
1540 1110 1606 1133 nutu
1635 1113 1684 1133 suo
1703 1106 1766 1132 nni—

979 1158 1089 1179 versum
1103 1156 1238 1178 terrarum
1255 1151 1348 1178 urbem
1362 1160 1369 1184 ;
1386 1151 1429 1179 cui
1445 1151 1586 1185 psallimus
1601 1160 1608 1178 :
1621 1151 1766 1178 Dominum

978 1195 1097 1229 laudate,
1114 1204 1207 1232 opera.
1222 1201 1247 1224 et
1260 1197 1462 1232 superexaltale
1476 1197 1502 1224 in
1516 1196 1607 1224 omnia
1623 1197 1734 1225 saecula.

1014 1284 1121 1321 Moyses
1144 1286 1277 1314 intellexit
1306 1286 1333 1313 in
1356 1293 1426 1314 ruoo
1447 1293 1576 1320 magnum
1603 1285 1764 1321 mysterium

979 1336 1074 1365 partus
1088 1331 1127 1359 tui
1144 1332 1241 1367 :pucri
1257 1332 1468 1367 pra-ﬁgurarum
1494 1331 1562 1359 illud
1592 1332 1766 1367 apertissime

980 1381 1083 1405 stantes
1100 1377 1126 1404 in
1137 1377 1228 1404 medio
1244 1377 1314 1412 ignis
1333 1377 1393 1415 sine
1408 1377 1461 1403 ttlla
1492 1377 1622 1410 laesione;
1646 1378 1717 1404 unde
1729 1381 1766 1409 te,

981 1422 1093 1458 oVirgo
1122 1423 1249 1451 inviolata
1278 1430 1311 1451 ac
1335 1428 1441 1456 sancta,
1461 1423 1603 1450 laudamus
1622 1423 1650 1450 in
1675 1424 1767 1450 omnia

981 1468 1090 1496 saecula.

1019 1514 1143 1542 Versutia
1160 1515 1245 1543 hostis
1255 1521 1334 1543 antea
1349 1515 1453 1547 nudati.
1471 1515 1540 1543 stola
1555 1515 1768 1543 immortalitatis

143 1549 306 1586 ἐνεδύοημεν
314 1553 346 1586 τῇ
361 1552 496 1587 κυοφορία
507 1559 565 1585 σου,
579 1552 627 1579 καὶ
644 1551 670 1578 οἱ
697 1551 875 1587 καθεζόμενοι
902 1552 930 1578 ὲν

983 1559 1070 1587 induti
1086 1568 1182 1588 sumus
1208 1565 1287 1595 partu
1301 1565 1369 1589 tuo:
1394 1565 1422 1589 et
1435 1568 1498 1588 cum
1519 1561 1675 1589 sederemus
1686 1561 1712 1588 in
1728 1565 1768 1588 tc-

145 1596 235 1622 εκότει
254 1596 462 1631 παριπτώσεων
487 1596 544 1630 φῶς
567 1597 814 1630 κατωπτεύσαμεν,
843 1597 930 1630 φωτὸς

144 1643 364 1677 κατοικητήριον,
378 1642 454 1678 Κόρη
464 1650 471 1658 ·
484 1643 545 1669 ὅθεν
564 1651 593 1668 σε
611 1642 749 1678 ὑμνοῦμεν
765 1644 805 1675 είς
827 1643 930 1675 πάντας

144 1687 207 1718 τοὺς
219 1687 331 1719 αἰῶνας.

179 1733 281 1768 Νεκροὶ
292 1733 337 1760 διὰ
355 1733 401 1760 σοῦ
426 1733 635 1765 ζωοποιοῦνταν
652 1734 724 1770 ζωὴν
748 1734 802 1770 γὰρ
830 1733 879 1769 τὴν
889 1735 931 1760 ὲν-

144 1778 295 1805 υπόστατον
311 1779 442 1815 ὲκύησα;’
456 1779 564 1806 amulo:
577 1781 602 1806 οἱ
614 1780 707 1807 ἆλαλοι
719 1780 815 1815 πρώην
824 1789 932 1815 χρημα-

144 1823 278 1857 τίζοντες,
294 1824 391 1860 λεπροὶ
406 1825 648 1860 άποκαθαίρονται,
679 1825 752 1852 νόσοι
777 1825 930 1858 διώκονται,

146 1870 308 1903 πνευμάτων
321 1871 421 1905 ἀερίων
435 1871 469 1898 τὰ
479 1870 568 1906 πλήθη
585 1871 726 1906 ἥττηνται,
738 1871 859 1906 Παρθένε
868 1870 931 1907 βρο-

145 1915 200 1940 τῶν
216 1916 232 1950 ἡ
249 1916 382 1951 σωτηρία.

187 1960 219 1986 Ἢ
227 1961 320 1995 κόσμῳ
330 1961 447 1988 τεκοῦσα
459 1963 607 1998 σωτηρίαν,
614 1962 648 1989 δι’
655 1960 688 1999 ἦς
694 1962 748 1989 ἀπὸ
757 1962 809 1998 γῆς
818 1963 858 1994 είς
866 1962 933 1996 ὕψος

145 2004 279 2041 ἠρθημεν,
295 2008 412 2042 χαίροις,
436 2008 649 2043 παντευλόγητε,
685 2008 774 2044 σκέπη
794 2008 841 2034 καὶ
867 2017 934 2044 κρα-

146 2052 265 2087 ταίωμα,
292 2054 380 2088 τεῖχος
405 2055 453 2080 καὶ
481 2054 614 2090 ὀχύρωμα
649 2053 703 2081 τῶν
731 2053 932 2089 μελῳδούντων,

145 2097 216 2132 ἁγνή
230 2105 238 2112 ·
253 2098 304 2124 Τὸν
321 2099 423 2133 Κύριον
437 2100 558 2134 ὑμνεῖτε,
568 2100 603 2126 τὰ
613 2099 692 2135 ἔργα,
709 2099 755 2126 καὶ
763 2099 934 2134 ὑπερυψοῦτε

145 2143 186 2174 είς
204 2143 308 2174 πάντας
323 2144 384 2175 τοὺς
399 2145 511 2176 αἰῶνας.

466 2211 527 2247 ᾭδὴ
544 2212 576 2239 θ’.

184 2278 244 2305 Ἵνα
262 2287 303 2305 σοι
320 2280 410 2306 πιστοὶ
423 2280 452 2306 ea
469 2281 557 2315 Χαῖρε
569 2282 769 2318 κραυγάζωμεν
784 2284 807 2310 οὶ
831 2283 876 2310 διὰ
888 2284 935 2311 σοῦ

146 2323 198 2363 τῆς
214 2325 301 2359 χαρᾶς
316 2325 424 2360 μέτοχοι
437 2326 578 2360 γενόμενοι
593 2328 641 2363 τῆς
654 2329 750 2361 ἀϊδίου,
770 2329 850 2364 ῥῦσαι
863 2330 936 2364 ἡμᾶς

150 2370 318 2410 πειρασμοῦ,
334 2371 506 2406 βαρϐαρικῆς
526 2373 664 2406 ἁλώσεως,
681 2375 728 2401 καὶ
741 2375 832 2410 πάσης
854 2376 936 2410 ἄλλης

111 2445 119 2448 _
149 2408 257 2450 πληγῆς
282 2415 326 2442 διὰ
351 2415 464 2450 πλῆθος,
476 2417 563 2453 Κόρη,
577 2420 784 2455 π-αραπτώσεων
808 2408 938 2456 ἐπιούσης

147 2458 255 2494 βροτοῖς
285 2459 497 2495 ἁμαρτάνουσιν.

186 2547 292 2582 Ὠφθης
306 2549 445 2584 φωτισμδς
466 2549 546 2585 ἡμῶν
561 2553 608 2577 καὶ
620 2551 777 2586 βεϐαίωσις,
791 2551 852 2578 ὅθεν
869 2551 938 2586 βοῶ-

148 2593 200 2628 μέν
216 2600 274 2619 σοι’
293 2594 390 2630 Χαῖρε,
406 2594 506 2630 ἄστρον
533 2596 630 2622 ἄδυτον
647 2596 755 2631 είσάγον
781 2597 876 2632 κόσμῳ
892 2598 938 2624 τὸν

148 2640 238 2675 μέγαν
247 2640 322 2675 ἥλιον
330 2649 336 2655 ·
347 2642 438 2676 χαῖρε,
449 2641 528 2676 Ἑδὲμ
537 2641 665 2675 ἀνοίξασα
673 2642 722 2677 τὴν
730 2643 935 2677 κεκλεισμένην,

146 2686 218 2720 ἁγνή
232 2694 239 2701 ’
251 2688 340 2721 χαῖρε,
355 2687 435 2713 στύλε
453 2686 550 2722 πύρινε
564 2688 710 2722 εἰσάγουσα
740 2689 780 2720 εἰς
808 2688 857 2724 τὴν
879 2689 935 2715 ἄνω

147 2731 220 2767 ζωὴν
233 2731 263 2758 τὸ
278 2732 446 2767 ἀνθρώπινον
458 2734 545 2768 γένος.

183 2819 295 2855 Στῶμεν
312 2821 434 2854 εὐλαὸὦς
457 2823 486 2849 ὲν
502 2823 568 2858 οἴκῳ
593 2824 660 2850 Θεοῦ
689 2824 767 2860 ἡμῶν
784 2826 830 2851 καὶ
841 2824 938 2859 ἐκϐοής

148 2874 257 2898 σωμεντ
273 2868 475 2903 Χαῖρε,κόσμου
491 2870 637 2906 Δέσποινα·
655 2872 744 2907 χαῖρε,
760 2871 865 2906 Μαρία,
881 2872 938 2898 Κυ-

982 1606 1073 1633 nebris
1097 1611 1281 1641 peccatorum,
1315 1607 1406 1634 lumen
1440 1607 1649 1642 aspeximusro
1667 1607 1767 1641 puella,

981 1651 1092 1679 luminis
1111 1652 1316 1680 habitaculum:
1335 1660 1422 1688 quare
1447 1657 1473 1680 te
1492 1653 1634 1680 laudamus
1661 1653 1688 1680 in
1707 1661 1769 1680 om-

982 1698 1026 1724 nia
1043 1698 1154 1726 saecula.

1017 1742 1190 1771 Suscitantur
1204 1751 1251 1779 per
1262 1748 1288 1772 te
1299 1744 1332 1772 ad
1357 1745 1440 1771 vitam
1457 1745 1580 1778 mortui';
1600 1745 1680 1772 vitam
1695 1745 1768 1772 enim

982 1791 1178 1819 subsistentem
1198 1791 1328 1825 peperisti
1343 1799 1349 1816 :
1371 1791 1482 1818 facundi
1499 1790 1568 1817 ﬁunt
1581 1798 1614 1818 ac
1629 1791 1736 1822 diserti.
1751 1792 1768 1818 ii

983 1837 1027 1871 qui
1039 1837 1120 1872 paulo
1127 1841 1190 1864 ante
1202 1836 1275 1871 loqui
1289 1836 1446 1863 nesciebant
1458 1844 1465 1864 :
1479 1836 1578 1871 leprosi
1591 1837 1768 1868 mundantnr.

983 1884 1071 1910 morbi
1088 1883 1269 1918 depelluntur,
1285 1889 1428 1910 aereorum
1445 1882 1591 1916 spirituum
1604 1883 1709 1917 multipl
1722 1891 1766 1910 crs

983 1929 1070 1956 turba:
1088 1928 1201 1956 devictae
1212 1933 1286 1960 sunt,
1299 1935 1315 1954 ο
1335 1927 1416 1961 Virgo
1432 1927 1505 1954 salus
1519 1927 1670 1954 hominum.

1020 1974 1172 2001 lnnumeris
1186 1973 1421 2001 benedictionibus
1432 1973 1581 2004 cumulata,
1595 1980 1656 2007 qua:
1668 1972 1770 1999 mundo

983 2021 1098 2048 salutem
1114 2019 1253 2054 peperisti,
1277 2026 1325 2053 per
1340 2025 1421 2053 quam
1448 2025 1464 2045 a
1493 2022 1565 2045 terra
1598 2019 1624 2044 itt
1654 2017 1770 2045 sublime

983 2065 1078 2092 elevati
1094 2071 1198 2096 sumus,
1215 2054 1314 2099 gaude;
1328 2071 1344 2090 ο
1356 2068 1429 2091 casta
1453 2063 1596 2098 protectio,
1626 2068 1653 2090 et
1676 2063 1769 2095 robur,

984 2118 1080 2138 murus
1094 2115 1121 2138 et
1134 2110 1275 2137 munimen
1294 2109 1471 2137 canentium:
1492 2109 1634 2136 Demittunt
1652 2108 1769 2140 laudat-1,

985 2164 1079 2192 opera,
1096 2161 1123 2184 et
1137 2155 1337 2191 superexaltate
1353 2156 1380 2182 in
1394 2155 1484 2182 omnia
1504 2155 1612 2182 saecula.

1317 2209 1373 2238 Odc
1381 2210 1409 2238 9.

1021 2279 1043 2307 0
1060 2279 1162 2313 Puella,
1189 2284 1218 2306 ut
1235 2279 1283 2306 tibi
1301 2278 1392 2305 Gaude
1414 2278 1564 2306 clamemus
1589 2284 1638 2304 ttos
1669 2276 1770 2309 ﬁdeles,

986 2326 1033 2360 qui
1051 2333 1098 2360 per
1114 2329 1139 2353 te
1166 2325 1257 2360 gaudii
1279 2325 1425 2359 participes
1454 2324 1517 2351 lacti
1549 2331 1654 2355 Sumus,
1688 2323 1771 2350 libera

988 2378 1038 2398 nos
1062 2378 1077 2397 a
1092 2371 1203 2405 perenni
1227 2371 1388 2402 tentatione,
1407 2377 1421 2396 a
1438 2370 1614 2397 barbarorum
1632 2376 1771 2403 expugna-

988 2416 1073 2448 tione,
1090 2420 1116 2443 et
1132 2416 1166 2443 ab
1182 2416 1256 2443 omtti
1281 2416 1333 2443 alia
1354 2417 1442 2451 plaga.
1457 2423 1517 2451 qua:
1527 2418 1635 2450 propter
1650 2415 1773 2441 multitu-

988 2462 1079 2489 dinem
1092 2467 1278 2496 peccatorum,
1296 2463 1457 2490 mortalibus
1480 2460 1657 2496 peccantibus
1690 2461 1771 2489 adve—

989 2509 1046 2535 ttirc
1060 2509 1138 2536 Solet.

1025 2553 1245 2581 Stabilimentnm
1260 2558 1286 2581 et
1309 2553 1471 2580 illuntinatio
1504 2557 1596 2580 ttostra
1619 2552 1689 2581 facta
1723 2561 1770 2580 cs:

988 2606 1073 2633 quare
1088 2598 1120 2624 ad
1136 2598 1191 2634 34
1205 2603 1232 2625 te
1243 2599 1411 2625 clamamus:
1433 2597 1536 2630 Gaude,
1551 2602 1654 2625 astrum
1670 2598 1772 2624 inocci-

989 2644 1084 2676 duum,
1112 2645 1187 2678 quod
1226 2643 1327 2671 tttuttdo
1369 2651 1496 2678 magnum
1526 2643 1609 2670 solent
1641 2643 1770 2674 attulisti;

994 2689 1092 2724 gaude,
1106 2696 1122 2715 ο
1136 2693 1220 2720 casta,
1232 2695 1293 2723 quae
1309 2688 1465 2722 paradisum
1476 2687 1558 2715 Edem
1573 2688 1694 2715 clausum
1711 2694 1773 2721 ape-

995 2735 1072 2762 ruisti
1086 2743 1094 2768 ;
1110 2734 1208 2769 gaude,
1224 2734 1351 2762 columna
1365 2735 1454 2769 ignea,
1471 2742 1531 2769 qua:
1553 2734 1701 2761 humanum
1727 2740 1774 2768 ge-

993 2789 1045 2808 nus
1060 2781 1086 2808 itt
1103 2788 1250 2815 supernam
1268 2781 1349 2807 vitam
1367 2780 1551 2807 introduxisti.

1029 2826 1059 2853 Et
1075 2827 1199 2861 religiose
1214 2830 1317 2854 stemus
1332 2826 1359 2853 in
1378 2826 1460 2853 domo
1475 2825 1520 2852 Dci
1533 2825 1629 2855 nostri,
1660 2828 1687 2854 et
1717 2825 1774 2850 clt-

993 2880 1117 2900 metnus:
1141 2872 1244 2906 Gaude,
1261 2873 1355 2900 mundi
1376 2872 1467 2907 regina
1483 2872 1598 2906 ;gaudc,
1613 2870 1696 2898 Maria
1713 2878 1772 2898 om-
