2077 3157
174 166 243 200 1033

872 166 1056 198 MARIALE.

1725 162 1794 194 1οΜ

174 225 255 260 ἁγνὴ,
271 225 287 259 ἢ
305 223 359 250 τῶν
383 223 487 250 πιστῶν
511 222 574 255 δόξα
600 223 668 259 μόνη
687 225 897 260 χρηματίσασα·
924 225 963 251 διὸ

1021 223 1085 250 :‘acta
1098 229 1144 250 cs:
1159 221 1277 256 gloriosa
1295 219 1366 248 dicta
1381 224 1445 248 sunt
1461 219 1494 246 de
1507 223 1550 247 te:
1568 221 1793 254 pl‘OplCl‘t‘a,tltl:tl

175 270 324 306 μελλούσης
337 269 417 303 δόξης
433 278 466 304 με
483 269 612 296 κοινωνὸν
632 271 692 302 σαῖς
708 270 868 306 πρεσϐείαις
881 270 959 303 δοξά-

175 316 256 348 ζοντά
278 325 308 342 σε
336 315 484 348 ἀνάδειξον,
509 315 628 351 ἄχραντε
650 316 804 352 πανάμωμε
817 317 959 344 Δέσποινα.

210 409 401 444 Εὐλογημένος
413 410 426 436 6
444 409 561 445 καρπὸς,
579 410 744 445 πανάμωμε,
759 410 774 436 ὁ
788 411 837 445 τῆς
858 411 962 443 κοιλίας

176 464 233 487 σου,
249 455 282 481 δι’
293 452 325 482 οὗ
338 454 429 490 βροτοὶ
438 455 598 490 πάντεςξτῆς
608 456 677 491 ἀρᾶς
690 455 835 492 anteum.
850 456 962 492 εὐλογη-

177 501 245 536 μένη
261 500 395 534 πάναγνε,
417 501 617 536 ἁνερμήνευτον
643 501 746 536 θαῦμα,
777 502 962 537 ἀκατανόητον

175 547 278 582 ὅραμα,
292 546 402 574 πάντων
414 555 443 573 τε
461 546 566 582 βροτῶν
577 547 607 574 τδ
617 547 771 582 διάσωσμα.

216 627 250 654 'H
265 627 319 654 τῶν
333 627 458 662 ἀγγέλων
473 627 592 655 δυσωπεῖ
603 636 644 661 σε,
661 628 760 664 Κύριε,
773 628 878 664 πληθὺς
898 628 963 657 ἑκά-

177 682 264 705 στοτε,
278 673 333 700 τῶν
352 673 482 708 μαθητῶν
497 673 594 709 δῆμος,
617 675 766 709 προφητῶν
781 676 796 702 ὁ
822 675 960 710 σύλλογος,

179 720 325 756 μαρτύρων
341 720 389 747 καὶ
409 720 490 747 ὁσίων
508 728 566 747 σοιν
593 721 637 748 διὰ
651 721 700 757 τῆς
713 722 855 754 Θεοτόκου,
872 722 964 758 ἁμαρ-

177 766 308 802 τημάτων
324 765 497 803 συγχώρησιν
512 766 634 803 δώρησαι
658 768 734 803 ἡμῖν,
750 767 788 800 ὡς
812 767 963 803 φιλάνθρω-

178 821 240 844 πος.

214 859 247 885 Σὲ
255 858 304 894 τὴν
313 859 342 885 ὲν
356 858 520 894 σπλάγχνοις
535 858 696 896 δεξαμένην,
721 860 849 896 ἄχραντε,
862 861 892 888 τὸ
906 861 964 895 φῶς

178 904 208 930 τὸ
221 905 349 933 άστεκτον
359 904 509 932 ὲκδυσωπῶ
522 905 624 932 πίστει·
637 906 687 940 τῆς
700 906 812 942 γεέννης
826 906 906 941 ῥῦσαί
919 916 963 942 με,

178 949 225 975 καὶ
238 949 290 984 τῆς
304 950 491 985 ἀποκειμένης
519 959 566 985 μοι
592 951 637 978 διὰ
664 951 765 986 πλῆθος
788 953 966 988 πταισμάτων

178 991 316 1026 κολάσεως
334 993 527 1029 ὲλευῦέρωσον,
542 994 589 1021 σοῦ
611 996 671 1028 ταῖς
684 995 890 1031 εὐπροσδέκτοις
903 996 965 1032 δεή-

180 1044 265 1063 σεσιν.

527 1091 588 1128 an
603 1091 639 1127 γύ

220 1137 307 1173 Ἱερᾶς
322 1137 461 1169 πολιτείας
480 1138 636 1171 ἀποπεσὼν,
669 1140 800 1175 ἄχραντε,
822 1149 965 1177 παρασυν-

180 1183 299 1218 εϐλήθην
308 1185 365 1215 τοῖς
375 1184 486 1219 κτήνεσι
496 1184 543 1211 καὶ
554 1185 717 1221 κατάκριτος
727 1186 786 1218 ὅλος
801 1187 964 1223 γεγένημαι·

179 1229 198 1263 ἡ
214 1229 259 1255 τὸν
272 1229 383 1264 Κριτὴν
395 1230 523 1256 τετοκυῖα
551 1229 653 1265 πάσης,
674 1231 863 1266 κατακρίσεως
883 1232 965 1267 ῥῦσαι

180 1275 228 1301 καὶ
247 1275 335 1301 σῶσόν
348 1283 393 1309 με.

217 1321 389 1355 Στεναγμοὺς
404 1321 570 1353 ἁνενδότους,
584 1323 629 1349 καὶ
645 1322 760 1358 ψυχικὸν
772 1324 901 1360 δάκρυον,
914 1327 964 1352 καὶ

180 1366 292 1402 διηνεκῆ
307 1376 352 1403 μοι
368 1368 524 1403 παράσχου,
546 1368 629 1405 κόρη,
641 1370 797 1404 γατάνυξιν,
813 1372 886 1403 ὅπως
900 1382 964 1399 πεν-

183 1412 258 1448 θήσω
285 1421 335 1448 μου
350 1413 384 1440 τὰ
410 1415 569 1449 συμφυέντα
595 1424 639 1450 μοι
667 1417 740 1452 πάθη
751 1417 781 1450 ἐξ
801 1418 966 1454 ἀπροσεξίας

183 1467 248 1494 μου,
260 1458 461 1495 Θεοχαρίτωτε.

225 1502 398 1537 Ἐπουράνιαι
412 1502 514 1537 τάξεις,
532 1504 703 1540 λειτουργικὰ
718 1508 870 1542 πνεύματα,
881 1509 965 1545 δῆμος

1014 272 1039 295 te
1052 267 1185 303 gloriﬁcb,
1200 267 1243 294 l'ac
1257 273 1300 293 me
1311 265 1469 300 participem
1490 265 1588 293 futurae
1601 265 1694 300 gloria:
1713 266 1796 292 luter-

1014 313 1184 341 cessionibtts
1199 312 1265 345 tuis,
1279 319 1295 340 ο
1311 311 1424 339 Domina
1437 310 1621 344 immaculata,
1641 311 1712 338 etab
1723 311 1796 338 omni

1014 359 1074 386 labe
1089 358 1177 386 aliena
1196 358 1265 393 (45).

1045 404 1100 440 39
1114 404 1217 432 Carens
1230 404 1303 431 omni
1319 403 1424 430 macula
1438 401 1520 437 Virgo
1532 401 1600 438 (Μ),
1613 405 1668 430 tota
1684 409 1758 430 casta
1767 411 1799 430 ac

1014 451 1166 482 benedicta,
1191 449 1385 485 inexplicabile
1398 448 1573 479 miraculum.
1589 448 1798 482 incomprehen—

1014 496 1093 525 sibile
1106 496 1303 531 spectaculum,
1317 494 1439 522 omnium
1464 493 1621 521 mortalium
1641 494 1728 527 salus,
1752 494 1799 522 bc-

1014 541 1137 570 netlictus
1153 542 1189 568 sit
1204 541 1309 568 fructus
1329 539 1431 568 ventris
1446 539 1496 571 tui,
1512 546 1558 574 per
1570 546 1651 573 quam
1668 547 1718 568 nos
1749 540 1797 567 Ito-

1014 587 1101 615 mines
1115 587 1232 615 universi
1247 594 1262 613 a
1280 585 1470 614 maledictione
1481 584 1587 612 liberati
1602 593 1707 612 sumus.

1049 633 1141 660 Turba
1171 632 1330 667 angelorum
1358 631 1480 666 copiosa,
1508 630 1703 665 discipulorum
1734 639 1800 659 con-

1014 683 1122 709 ventus,
1146 677 1352 712 prophetarum,
1383 679 1534 709 martyrum
1560 681 1588 702 et
1609 674 1798 702 conlcssorum

1015 729 1125 751 tuorum
1143 728 1242 756 cretus,
1258 727 1293 755 te,
1311 721 1436 754 Domine,
1456 727 1564 755 semper
1583 723 1709 755 precatur
1727 729 1734 747 :
1750 728 1800 755 per

1015 769 1159 804 Deiparam
1174 768 1274 804 largire
1292 767 1371 795 nobis
1383 770 1556 802 peccatorum
1568 767 1688 800 veniam,
1698 759 1800 802 Iutpote

1015 815 1156 843 hominum
1173 819 1290 842 amator.

1050 861 1091 888 Ad
1103 865 1139 894 te,
1157 868 1173 888 ο
1197 860 1382 891 immaculata,
1407 867 1469 894 qua
1492 859 1581 895 ignem
1601 859 1800 886 intolerabilem

1019 907 1091 934 itttra
1105 907 1208 934 viscera
1222 906 1377 941 suscepisti,
1399 905 1537 941 supplices
1552 913 1613 933 cum
1630 905 1682 932 lide
1707 912 1801 940 pret-cs

1019 952 1097 980 fero:
1115 960 1131 979 a
1146 952 1269 987 gehenna
1292 951 1365 985 eripe
1392 958 1436 978 me
1447 971 1454 983 ,
1481 956 1509 979 et
1524 958 1539 978 λ
1556 951 1699 986 supplicio,
1729 951 1802 986 quod

1019 1002 1130 1034 propter
1142 997 1344 1024 multitudinem
1369 1000 1545 1032 peccatorum
1576 1005 1698 1024 meorum
1723 1005 1803 1032 para-

1020 1049 1077 1072 tum
1091 1049 1132 1072 est
1145 1043 1224 1077 mihi,
1237 1043 1323 1072 libera
1334 1050 1377 1070 me
1388 1043 1585 1078 acceptissimis
1599 1043 1724 1079 precibus
1735 1043 1801 1072 tuis.

1343 1099 1400 1128 Ode
1415 1100 1442 1127 5.

1055 1146 1090 1174 Ut
1105 1154 1120 1174 a
1132 1146 1218 1175 sacris
1232 1147 1294 1174 vita:
1308 1145 1441 1174 institutis
1455 1145 1554 1178 excidi,
1574 1152 1591 1172 ο
1607 1145 1779 1173 immaculata
1792 1164 1801 1177 ,

1019 1196 1191 1227 comparatus
1203 1199 1263 1219 sum
1277 1191 1419 1226 iumentis,
1433 1195 1460 1219 et
1472 1190 1616 1219 damnatus
1626 1194 1698 1218 totus
1715 1191 1802 1218 lactus

1019 1245 1098 1270 sunt;
1118 1244 1145 1264 tu
1158 1245 1218 1273 quat
1232 1236 1356 1265 Iudicem
1374 1237 1515 1272 peperisti,
1530 1237 1565 1264 ab
1588 1238 1663 1264 omni
1689 1238 1803 1264 damna-

1019 1284 1094 1311 tione
1105 1284 1189 1311 liltera
1203 1291 1257 1317 me,
1271 1288 1297 1310 et
1309 1283 1382 1310 salva
1395 1291 1448 1310 mc.

1053 1330 1197 1357 Assiduam
1232 1329 1483 1364 compunctionem,
1505 1337 1585 1357 veros
1613 1328 1739 1364 gemitus.
1770 1335 1802 1356 ac

1019 1376 1152 1411 lacrymas
1173 1383 1204 1403 ex
1233 1376 1325 1403 animo
1352 1380 1512 1403 emanantes
1533 1375 1655 1403 concede
1685 1375 1761 1406 mihi,
1785 1383 1801 1402 ο

1019 1421 1120 1456 puella,
1134 1425 1163 1448 ut
1173 1421 1319 1456 passiones
1339 1427 1399 1455 qua).
1420 1421 1486 1447 mihi
1511 1428 1544 1448 ex
1561 1427 1619 1447 mea
1640 1419 1802 1455 negligentia

1019 1467 1196 1499 inhaeserant,
1210 1465 1309 1493 deﬂere
1323 1467 1437 1501 possim,
1449 1474 1466 1493 ο
1479 1465 1534 1494 Deo
1546 1466 1712 1501 gratissima.

1054 1513 1170 1548 Digesta:
1192 1519 1240 1547 p:-r
1265 1512 1363 1540 coelum
1390 1513 1550 1547 angelorum
1574 1510 1657 1542 acies,
1686 1511 1804 1538 atltttini-

184 1548 341 1582 προφητῶν,
357 1549 512 1577 ἀποστόλων
524 1559 581 1584 σου,
602 1553 648 1578 καὶ
670 1553 816 1588 μαρτύρων
837 1564 895 1588 σου,
916 1558 965 1585 σὺν

1021 1560 1137 1588 ttratorii
1151 1559 1273 1594 spiritus,
1292 1559 1372 1586 turba
1385 1559 1590 1593 prophetarum,
1602 1557 1800 1592 apostolorum,

183 1595 216 1628 τῇ
245 1593 362 1630 τεκούσῃ
387 1602 426 1626 σε,
450 1594 662 1630 ὲκδυσωποῦσιν,
691 1599 841 1635 οἰκτίρμον,
860 1602 898 1638 τῷ
913 1604 970 1638 λαῴ

186 1647 231 1666 σου
247 1639 366 1675 δώρησαι
382 1641 560 1675 πταισμάτων
575 1642 682 1677 ἄφεσιν.

222 1732 397 1766 Συμπαοείας
409 1742 442 1768 με
458 1734 586 1767 θείας,ὠς
601 1736 758 1771 συμπαθὴς,
778 1738 906 1773 ἅχραντε,
924 1741 970 1768 νῦν

186 1778 359 1811 καταξιῶσαι
388 1779 508 1807 δυσώπει
532 1781 578 1807 τὸν
606 1782 829 1818 εὐσυμπὰθητον,
853 1787 971 1820 τρόπους

186 1827 376 1863 ἀσπλάγχνους
388 1829 434 1855 καὶ
443 1829 615 1864 ἀσυμπαθεῖς
635 1831 811 1865 κεκτημένον,
827 1834 971 1868 μετανοίας

186 1873 304 1908 τρόπους
321 1882 354 1909 με
367 1873 413 1900 νῦν
423 1874 600 1902 ἀνακαλεσαι,

224 2002 280 2037 (l5)
298 2001 361 2030 112cc
374 2009 424 2030 vox
439 2000 620 2033 immaculata,
635 2002 763 2037 adjuncta
784 2001 905 2031 Dominae
926 2011 976 2031 no-

189 2041 253 2065 slra:
267 2037 368 2072 Virgini
387 2037 516 2071 Deipartc,
537 2037 639 2063 exserit
669 2045 765 2065 omnes
799 2038 870 2065 vires
908 2047 974 2066 suas

189 2077 215 2100 et
247 2072 443 2106 plenitudinem
484 2072 610 2107 puritatis
651 2072 795 2107 signiﬁcat,
826 2073 974 2107 excludens

190 2105 299 2135 omnem
327 2108 460 2134 maculam
477 2105 534 2134 sive
559 2105 771 2140 actualem,sive
794 2105 973 2142 originalem;

193 2142 313 2169 nobilius
329 2143 486 2177 signiﬁcatis
505 2142 689 2177 exclusioncm
707 2142 821 2169 maculae
832 2143 973 2177 originalis

191 2177 217 2204 in
238 2176 414 2212 conceptione
431 2177 574 2211 conjuncta
601 2176 713 2211 Virgini,
737 2185 818 2212 quam
833 2177 854 2204 si
876 2176 974 2205 concc-

1019 1613 1051 1634 ac
1067 1610 1214 1641 martyrum
1232 1609 1354 1637 tuorum,
1379 1612 1432 1631 una
1465 1611 1527 1631 cum
1553 1603 1690 1631 Genitrice
1703 1607 1760 1635 tua,
1777 1608 1804 1630 te

1019 1652 1177 1688 suppliciter
1188 1655 1312 1682 exorant,
1326 1658 1343 1678 ο
1367 1651 1524 1678 misericors
1538 1670 1545 1682 ,
1579 1655 1608 1677 ut
1639 1649 1738 1684 populo
1754 1654 1803 1676 tuo

1019 1705 1193 1735 peccatorum
1209 1697 1405 1732 indulgentiam
1431 1697 1567 1732 largiar-is.

1054 1747 1076 1772 Ο
1098 1745 1284 1776 immaculata,
1320 1748 1450 1777 tanquam
1484 1742 1653 1778 compatiens
1693 1749 1805 1776 precare

1019 1792 1096 1819 illum
1112 1791 1158 1825 qui
1175 1789 1294 1817 maxime
1308 1789 1437 1816 omnibus
1458 1789 1634 1823 compatitur,
1659 1793 1689 1815 ut
1701 1796 1744 1815 me
1761 1787 1803 1814 (li—

1019 1838 1083 1864 vina
1098 1835 1289 1869 compassioue
1313 1834 1424 1868 dignum
1450 1833 1571 1861 efﬁciat:
1595 1839 1694 1862 etcum
1713 1840 1803 1860 tnorcs

1021 1883 1151 1914 immites,
1163 1887 1191 1909 ct
1209 1880 1392 1914 eompatientli
1408 1880 1519 1915 ignaros
1537 1880 1684 1911 induerint,
1704 1884 1731 1906 tu
1761 1887 1803 1906 me

1021 1935 1095 1955 nunc
1111 1927 1144 1955 ad
1166 1924 1333 1961 pmnitentiae
1346 1932 1436 1953 mores
1451 1933 1556 1962 revoca.

1028 2004 1140 2040 Virgine
1152 2004 1299 2040 epithctum
1315 2004 1504 2040 intntaculatte,
1519 2009 1600 2040 quam
1621 2001 1643 2029 si
1663 2009 1724 2040 cum
1740 2009 1807 2029 con-

1029 2037 1247 2074 ceptione'ipsa
1293 2039 1517 2074 coniungeretur.
1544 2037 1614 2074 _Vide
1658 2037 1804 2074 flatilernn,

1029 2072 1083 2101 Pro
1100 2074 1176 2101 titulo
1191 2072 1374 2100 immaculata:
1385 2072 1571 2106 corruptionis.
1582 2079 1641 2106 cap.
1657 2072 1683 2103 5,
1700 2080 1726 2099 ιιι
1743 2073 1804 2099 197.

1064 2110 1121 2146 (illi)
1137 2109 1265 2146 Potuitne
1281 2108 1367 2146 Virgo
1375 2109 1450 2136 omni
1467 2108 1692 2146 carerenntacula,
1709 2108 1807 2146 si_ori-

1028 2142 1127 2180 gitialis
1153 2144 1255 2179 peccati
1280 2143 1453 2180 maculanon
1474 2143 1580 2180 caruit:
1594 2142 1686 2180 Nonne
1708 2142 1805 2169 mirum

1028 2177 1238 2214 apparen'quod
1255 2187 1317 2206 cutn
1332 2178 1441 2214 dubitet
1461 2185 1544 2214 nemo
1564 2177 1616 2214 Dei
1635 2177 1745 2214 Matrem
1761 2185 1807 2203 ae-

190 2211 276 2247 ptioni
293 2208 343 2248 ipsi
360 2208 500 2246 jungatur.
519 2212 621 2248 Iudicat
635 2208 707 2248 enim
724 2208 856 2248 originem
875 2218 902 2239 et
913 2213 974 2239 lon-
991 2208 1012 2236 D
1028 2208 1093 2242 tnali
1117 2208 1230 2248 peccato
1249 2221 1387 2248 nunquam
1405 2212 1490 2239 fuisse
1506 2212 1546 2238 vel
1567 2212 1661 2239 leviter
1678 2212 1805 2248 alllatam.

191 2252 256 2278 tem,
275 2247 346 2273 unde
372 2247 542 2280 conceptioni
565 2247 687 2281 provenit
703 2248 773 2280 quod
793 2247 828 2273 sit
846 2247 978 2275 imtnaeth

191 2282 245 2308 lata
264 2286 291 2308 et
314 2282 347 2308 ab
359 2282 433 2309 omni
458 2281 516 2308 labe
540 2282 639 2311 aliena,
655 2289 750 2316 nempe
771 2283 897 2316 gratiam,
917 2290 978 2316 qua:

193 2316 292 2344 animas
307 2315 427 2351 Virginis
441 2317 564 2342 inium-et.
575 2315 656 2350 Virgo
671 2315 743 2343 enim
757 2315 811 2343 non
827 2323 868 2344 est
878 2315 977 2344 imma-

193 2352 282 2378 culata
299 2359 330 2378 ex
346 2352 370 2378 vi
387 2359 442 2378 sua:
465 2352 659 2385 conecptiouis.
678 2353 722 2378 sed
738 2359 770 2378 ex
784 2351 914 2379 bcnelieio
931 2353 976 2378 Dei

193 2386 363 2413 inl‘undentis
378 2387 415 2413 illi
432 2387 557 2419 gratiam,
578 2387 604 2412 iu
629 2387 687 2420 ipso
703 2387 892 2420 ronceptionis
918 2395 977 2414 tno-

191 2426 295 2448 tnento.
309 2422 398 2454 Quare
413 2421 453 2456 (ut
465 2429 539 2447 more
550 2421 712 2456 scholastice
723 2422 828 2455 loquar)
844 2421 901 2448 hanc
914 2430 979 2449 cau-

193 2456 258 2482 salis
272 2463 314 2483 est
327 2463 389 2483 vera
404 2455 488 2490 {quia
505 2456 594 2482 anitua
608 2455 727 2490 Virginis
742 2461 783 2483 est
802 2456 978 2483 immaculata

194 2493 221 2517 in
237 2496 375 2518 momento
389 2492 586 2524 conceptients,
596 2491 739 2525 conceptio
752 2491 810 2524 ipsa
824 2495 866 2518 est
881 2492 978 2518 imma-

193 2525 282 2552 culata
301 2533 355 2553 non
371 2535 386 2552 e
399 2532 504 2553 contra.
515 2526 553 2552 Ad
570 2526 636 2559 ba-c,
653 2525 736 2560 Virgo
750 2530 791 2552 est
804 2526 978 2553 immaculata

194 2561 343 2587 intrinseee
366 2568 415 2595 per
437 2562 562 2595 gratiam,
579 2565 606 2587 et
632 2561 779 2587 carentiam
803 2560 916 2587 macqu
927 2561 978 2595 ipsi

194 2596 371 2622 inhaerentem
383 2603 391 2627 ;
405 2596 546 2630 conceptio
565 2603 629 2622 vero
643 2599 684 2622 est
702 2595 875 2630 immaculata
888 2596 977 2622 solum

194 2631 347 2657 extrinsece
359 2638 405 2664 per
418 2629 666 2657 denominationent
682 2638 696 2656 a
705 2629 888 2664 pttritathuaa
896 2635 938 2658 est
951 2631 977 2656 in

194 2664 316 2699 Virgine.
339 2665 486 2699 Conceptio
505 2666 576 2691 enim
603 2673 691 2699 neque
710 2664 858 2692 intrinsece
891 2670 978 2699 potest

194 2699 296 2727 habere
315 2700 440 2734 gratiam,
454 2708 542 2734 tteque
559 2701 676 2733 culpam,
692 2700 737 2726 sed
760 2705 853 2726 sancta
880 2702 978 2726 dicitur

194 2742 210 2761 a
228 2736 372 2762 sanctitate
399 2737 506 2766 animae,
526 2736 659 2763 maculata
685 2743 748 2762 vero
763 2739 819 2761 tum
844 2735 878 2761 ab
909 2736 978 2762 inle-

195 2771 286 2797 etione
303 2771 416 2798 seminis
432 2779 463 2797 ex
480 2771 570 2798 debito
593 2775 621 2798 et
639 2773 716 2806 quasi
741 2770 905 2802 radicaliter,
921 2775 977 2797 tum

195 2806 346 2832 furtu-aliter
362 2814 377 2833 a
395 2806 499 2833 macula
515 2806 662 2833 inhaerente
678 2807 785 2840 anima),
797 2813 857 2840 qua:
885 2806 977 2833 omnia

195 2842 365 2876 cuthPplioni
383 2842 434 2874 ipsi
460 2842 612 2868 extrinseca
629 2846 701 2868 sunt.
717 2839 840 2868 Nobilius
859 2848 923 2875 ergo
938 2842 977 2867 si<

195 2877 340 2910 gnilicatur
357 2876 461 2910 puritas
483 2877 667 2910 conceptionts
692 2876 882 2911 coniungendo
912 2884 973 2903 cum

356 2924 492 2952 PATROL.
515 2922 572 2951 Gn.
597 2923 662 2953 CV.

1030 2257 1090 2277 esse
1108 2247 1286 2276 nihil-uninus
1302 2247 1347 2281 uiui
1364 2249 1446 2274 velint
1465 2248 1590 2274 lantatam
1612 2247 1714 2274 macula
1728 2248 1807 2278 longe

1030 2285 1145 2318 turpiori
1158 2283 1205 2310 715
1222 2290 1347 2315 sanctus,
1364 2283 1530 2316 impollutus,
1542 2286 1698 2315 segregatus
1713 2289 1728 2308 a
1747 2289 1808 2318 pec-

1029 2317 1166 2346 catoribus
1182 2324 1235 2345 tam
1263 2319 1365 2352 procul,
1380 2323 1410 2343 ut
1435 2317 1587 2343 sanctitatis
1605 2321 1683 2343 notas
1708 2317 1807 2351 popqu

1031 2355 1172 2381 sacriﬁciis
1185 2359 1212 2380 et
1226 2353 1335 2387 templo,
1348 2352 1546 2384 sacerdotibus,
1563 2352 1672 2383 throno.
1693 2359 1724 2387 at;
1745 2353 1808 2377 rel-.—

1029 2390 1091 2424 qnis
1116 2389 1180 2416 olim
1200 2386 1347 2415 lalu'icatnli
1364 2388 1415 2414 sibi
1441 2387 1530 2424 palatii
1547 2387 1626 2424 nudis
1643 2386 1807 2424 imaginibus

1030 2421 1111 2458 atque
1138 2424 1242 2450 umbris
1272 2424 1305 2449 ab
1335 2423 1400 2449 orbe
1415 2423 1535 2458 rotulito
1557 2421 1735 2458 impresserit,
1757 2421 1809 2447 hoc

1031 2456 1119 2492 ipsum
1141 2459 1281 2492 palatium,
1302 2465 1398 2490 nempe
1415 2456 1525 2483 Matrem
1544 2457 1693 2492 divinitatis
1709 2463 1808 2489 corpo-

1030 2491 1276 2525 rattda3,7a-.ternum
1296 2492 1446 2526 attgustale,
1464 2499 1526 2518 cum
1542 2491 1619 2518 facile
1635 2495 1737 2526 posset,
1755 2499 1808 2517 non

1029 2529 1140 2559 exemit,
1158 2528 1273 2558 scilicet,
1291 2535 1304 2552 ιι
1321 2527 1379 2554 labe
1393 2527 1550 2553 detestanda
1569 2525 1670 2560 peccati
1686 2525 1763 2553 nobis
1776 2527 1809 2551 ab

1029 2568 1089 2590 ortu
1107 2562 1262 2597 congeniti?
1276 2561 1309 2589 Et
1324 2563 1350 2589 itt
1366 2561 1418 2588 illis
1433 2562 1466 2588 ab
1480 2569 1538 2589 sese
1554 2562 1699 2595 plurimum
1724 2568 1810 2587 remo-

1031 2598 1075 2629 tis,
1093 2598 1214 2631 fumique
1234 2598 1320 2624 instar
1335 2597 1491 2628 dcl'ecturis,
1510 2597 1542 2623 ad
1559 2605 1588 2623 se
1605 2601 1695 2623 tatucn
1711 2600 1809 2622 utcun-

1030 2640 1082 2666 que
1098 2633 1295 2666 spectantibus.
1307 2633 1434 2666 puritatis
1447 2640 1560 2658 summa:
1573 2632 1710 2660 curiosus,
1727 2638 1808 2663 copu-

1030 2665 1138 2695 lantlain
1156 2668 1205 2694 sibi
1222 2665 1377 2694 arctissimo
1392 2668 1515 2693 otnnitttn
1535 2675 1565 2693 ac
1583 2667 1699 2693 maxime
1714 2665 1808 2691 intimo

1030 2711 1060 2729 ne
1077 2703 1242 2736 sempiterno
1258 2702 1366 2728 vinculo
1385 2702 1520 2735 neglexit?
1537 2702 1637 2728 Passus
1660 2707 1808 2736 exsecran-

1029 2738 1125 2764 tlatum
1137 2734 1262 2764 sordium
1279 2738 1452 2764 contumeliis
1470 2742 1560 2772 patere
1573 2743 1653 2770 quam
1677 2735 1729 2772 sibi
1754 2734 1810 2772 Ma-

1029 2777 1097 2800 trem
1109 2774 1244 2807 delcgerat
1252 2773 1262 2798 ?
1270 2772 1371 2799 Passus
1379 2769 1492 2799 damnent
1502 2769 1610 2799 carnem
1618 2769 1813 2807 semelmancl-

1029 2808 1098 2842 pari.
1108 2805 1188 2841 quam
1198 2808 1294 2834 deinde
1302 2814 1394 2834 secum
1412 2813 1481 2834 esset
1491 2807 1516 2833 in
1532 2811 1690 2842 perpetuum
1698 2805 1812 2838 junrtn-

1031 2839 1077 2869 t‘tts
1086 2843 1097 2868 ?
1106 2839 1170 2869 Vide
1182 2839 1640 2879 [ιῗιξιίυνίϐκλίμιί111111]δ()ί”.ι¹ι¹δ115ίΙὶ
1652 2839 1753 2879 Corona
1761 2848 1811 2879 αρ-

1029 2878 1188 2913 guatiaaima:
1197 2875 1416 2913 Virginis-Matris
1429 2877 1485 2910 Dei,
1496 2880 1574 2903 tract.
1592 2883 1611 2907 ι,
1628 2875 1770 2902 excellent.
1782 2875 1808 2900 7.

1634 2921 1672 2951 33
