2077 3157
264 162 344 194 1035

557 208 611 245 [ιο
625 205 681 235 ea..-
705 205 732 232 ιι.

296 273 364 299 Tota
381 276 459 304 pura,
470 264 592 293 discinde
609 260 759 297 pessimum
773 260 947 293 peccatorum
970 258 1047 278 meo-

262 296 543 348 rttnieliirogra'pliutn
554 296 645 334 divina
659 306 764 332 lancea.
776 309 837 337 quae
849 298 963 336 pupugit
978 296 1047 324 divi-

264 371 329 391 num
341 344 510 389 latus-illius,
525 356 571 390 qui
584 361 618 381 ex
631 357 666 385 te,
677 359 694 379 ο
711 350 802 384 Virgo,
828 348 910 375 homo
924 344 981 372 ﬁeri
1005 346 1048 370 at-

265 417 319 445 que
333 408 402 434 inter
418 404 544 432 homines
557 398 662 428 versari
690 395 787 427 voluit,
815 398 842 445 et
868 398 992 428 precare,
1019 392 1050 445 ut

265 432 315 488 clgo
335 461 349 480 a
363 452 418 479 Deo
433 457 481 485 per
494 454 583 475 meam
611 441 794 478 insipientiam
820 439 973 472 elongatus,
997 432 1050 462 sal-

267 500 416 528 vandorum
435 497 504 524 libro
515 492 647 521 aseribar.

301 526 469 579 indulgentia
486 541 596 575 dignum
611 545 654 565 me
680 535 734 567 l‘ae,
750 541 767 561 ο
782 531 886 579 puella,
908 526 1050 579 qui'vehe-

267 595 372 620 menter
381 574 491 624 "pecco.
504 574 531 613 et
547 585 573 611 iit
589 582 682 618 gravia
692 579 792 608 delicta
809 574 966 612 prolapsusj
978 578 1049 624 sum,

269 642 299 664 nt
313 643 375 664 cum
395 615 509 660 vocibus
523 615 612 665 plenis
626 625 777 662 gratiarum
792 621 902 650 actione
917 623 943 645 te
967 615 1052 652 glori-

269 685 346 711 licem
360 685 387 708 et
405 686 467 706 cum
481 676 575 704 divino
585 672 682 700 affectu
696 668 845 706 gloriﬁcem
857 672 894 698 te,
918 671 980 700 qua:
1003 669 1053 711 ex-

269 725 464 756 cellentissimo
479 726 558 758 partu
577 724 624 747 tuo
647 717 795 745 universos
809 713 878 740 viles
896 714 979 745 atque
1002 707 1052 735 ab-

269 776 365 811 iectos,
379 780 395 800 ο
408 769 567 806 purissima,
588 761 780 800 magniﬁcasti.

306 805 467 847 Beatissima
485 814 588 842 illibata
599 810 718 846 puritate
731 807 826 842 Virgo,
853 805 880 832 in
895 807 920 831 te
948 805 1055 829 natura:

281 873 344 901 eges
360 865 524 892 innovantur
538 867 546 892 ;
561 857 663 886 etenim
681 861 765 889 supra
780 856 906 879 naturam
933 847 1055 896 \‘crbum
1073 873 1095 902 Β

807 146 837 175 S.
859 138 1015 173 JOSEPHl
1037 133 1318 167 HYMNOGRAPHI

1814 128 1897 161 1036-

1405 187 1479 226 ςοδὴ

1134 247 1170 273 Τὸ
1186 245 1304 281 πονηρὸν
1320 244 1463 281 ἁμαρτιῶν
1477 251 1528 279 μου
1543 242 1727 278 χειρόγραφον
1746 240 1807 277 θείᾳ
1824 241 1886 274 λόγ-

1100 302 1147 329 χῃ,
1169 292 1302 326 πάναγνε,
1313 290 1460 327 διάρρηξον
1468 290 1502 325 τῇ
1514 288 1670 323 κεντησάσῃ
1682 286 1758 313 θείαν
1770 286 1889 320 πλευρὰν

1100 339 1148 366 τοῦ
1162 337 1365 373 ἐνανθρωπίσαι
1378 337 1410 363 ἐκ
1428 335 1486 369 σοῦ,
1503 334 1637 370 Παρθένε,
1651 333 1825 368 θελήσαντος,
1843 333 1890 359 καὶ

1103 384 1186 420 βίϐλῳ
1200 392 1234 418 με
1249 382 1388 418 γραφῆναι
1407 380 1560 416 σωζομένον
1572 377 1756 411 humarat,th
1765 377 1891 412 ἀφρόνως

1102 430 1170 457 Θεοῦ
1192 439 1208 467 [ι
1214 428 1410 465 ακρυνόμενον.

1139 521 1199 548 Ἵνα
1229 520 1333 556 φωναῖς
1362 517 1549 555 χαριστηρίοις
1581 514 1684 548 δοξάζω
1704 523 1745 548 σε,
1773 515 1816 542 ἵνα
1828 513 1894 548 θείῳ

1108 566 1179 602 ..όθῳ
1191 566 1337 602 μεγαλύνω
1363 573 1404 596 σε,
1432 564 1482 599 τὴν
1492 563 1532 599 τῷ
1566 562 1689 597 μεγίστῳ
1717 569 1765 587 σου
1790 559 1894 594 τοκετῷ

1104 613 1209 644 πάντας
1245 610 1473 647 σμικρυνθέντας,
1499 608 1665 643 πανάμωμε,
1692 606 1893 642 μεγαλύνασαν,

1107 658 1234 693 μεγάλως
1246 657 1413 692 ἁμιρτῶντα
1420 656 1467 683 καὶ
1478 655 1573 687 δεινῶς
1583 654 1781 689 συμπτωθέντα
1787 661 1895 688 συγχω-

1107 705 1223 740 ρήσεως,
1243 703 1324 739 κόρη,
1340 702 1467 734 ἀξίωσον.

1142 795 1229 830 Νόμοι
1240 794 1268 820 ὲν
1280 792 1322 820 σοὶ
1339 792 1584 827 κεκαινοτόμηνται
1595 790 1714 826 quiesz
1731 790 1801 825 ὑπὲρ
1816 789 1898 824 φύσιν

1108 840 1194 875 Λόγον
1202 840 1256 876 γὰρ
1270 839 1400 874 ὲκύησας’
1410 838 1451 865 διό
1464 846 1493 865 σε
1507 838 1598 864 πίστει
1613 836 1763 863 ὲκδυσωπῶ
1773 836 1819 862 τὴν
1828 836 1898 869 ὑπὲρ

281 879 295 894 ι’
315 879 344 893 ιτδ
360 879 520 892 lllllu‘alnun
562 879 663 886 νιν-η..-
681 879 764 889 --.μη

272 879 422 946 paxperisli:
440 880 583 941 propterea
600 906 626 928 te
638 907 700 927 cum
720 897 774 925 ﬁde
792 901 898 931 precor,
913 897 942 920 ut
954 898 997 919 me
1010 889 1056 926 qui

1121 887 1160 922 ςὴν
1175 886 1256 921 φύσιν
1268 885 1319 920 τὴν
1330 883 1516 920 ἀνθρωπίνην,
1526 882 1693 917 πανὰμωμε,
1708 879 1794 907 πολλά
1807 880 1897 915 ἡμαρ-

1121 932 1213 946 ._..1-..
1229 932 1273 946 ....\
1292 931 1360 946 ρης-τ
1378 929 1567 946 ..-υλνιιιΑέιμι-μι
1598 927 1800 946 ὶπικρηέιίιηυτη
1812 925 1897 946 ηιῖισῆν

273 937 354 991 supra
373 937 522 982 humanam
538 953 663 976 natttram
679 944 764 972 multa
779 939 901 977 peccari,
921 942 948 967 et
964 946 979 965 a
1005 937 1059 964 Deo

273 984 417 1036 elongatns
430 1005 503 1030 sum,
521 997 676 1025 convertas,
690 995 717 1019 et
735 989 840 1017 salvum
868 986 953 1014 facias
975 984 1060 1011 inter-

274 1044 443 1074 cessionibus
455 1042 521 1069 tuis.

311 1092 440 1120 Inimicus
453 1088 541 1118 l‘erox,
566 1082 669 1120 peccati
693 1079 793 1117 jaculis
823 1082 908 1106 lotam
940 1075 1061 1104 animam

275 1146 364 1166 meam
374 1133 560 1164 consauciavit
570 1134 715 1163 meumque
726 1133 774 1154 cor
782 1121 1063 1156 [miliaconcupiscen-

278 1184 324 1212 tiis
345 1176 565 1209 eommaculavit.
582 1179 664 1209 atque
679 1180 694 1199 a
710 1171 754 1198 via
770 1173 843 1197 reeta
872 1166 980 1195 seduxit
1008 1172 1061 1191 mc.

277 1231 421 1264 Propterea
444 1225 532 1253 clamo
543 1221 577 1249 ad
586 1225 621 1253 te,
640 1223 670 1247 ut
683 1218 862 1246 revertentem
879 1211 1023 1247 suscipias,
1038 1214 1065 1238 ct

279 1274 367 1302 salves
380 1278 433 1299 me.

602 1359 660 1389 Ode
670 1359 697 1387 5.
767 1356 776 1388 l

317 1422 434 1450 Maxima
449 1423 477 1446 te
494 1424 603 1452 semper
614 1413 784 1442 beatitudine
813 1411 961 1442 fruentem,
979 1408 1067 1436 beati—

284 1470 365 1496 lirant
393 1473 466 1493 nunc
479 1462 669 1500 generationes
684 1457 890 1494 generationum
909 1463 915 1482 :
940 1459 967 1482 et
985 1454 1068 1482 coale-

282 1520 337 1542 stes
365 1513 480 1540 virtutes
504 1509 589 1538 solam
616 1513 643 1535 te
668 1504 869 1535 concelebrant,
888 1509 905 1529 ο
927 1500 1069 1528 benedicta

1112 932 1276 968 τηκὸτα,κα“ι
1292 931 1360 958 Θεοῦ
1377 929 1579 967 μακρυνθέντα,
1598 927 1802 963 ἐπιστρέψαντα
1812 925 1901 952 σῶσον

1114 978 1274 1014 πρεσόείαις
1285 986 1343 1005 σου.

1158 1071 1187 1098 '0
1206 1070 1341 1106 δυσμενὴς
1350 1071 1400 1105 τῆς
1416 1070 1558 1106 ἁμαρτίας
1573 1069 1628 1101 τοῖς
1645 1067 1734 1104 βέλεσι
1746 1067 1796 1102 τὴν
1810 1065 1902 1101 ψυχήν

1118 1125 1169 1153 μου
1180 1117 1244 1153 ὅλην
1260 1117 1456 1152 ὲτραυμάτισε,
1474 1117 1521 1144 καὶ
1539 1115 1721 1150 κατεμόλυνεν
1735 1113 1840 1149 ἡδοναῖς
1852 1112 1903 1147 τὴν

1117 1164 1186 1200 ἐμὴν
1205 1163 1331 1199 καρδίαν,
1348 1164 1395 1191 καὶ
1408 1163 1459 1199 τῆς
1475 1162 1537 1190 ὁδοῦ
1556 1161 1743 1196 ἀπεπλάνησε,
1769 1158 1903 1194 Παρθένε,

1117 1209 1167 1245 τῆς
1180 1210 1298 1242 εὑθείας’
1309 1209 1354 1237 διὰ
1369 1208 1448 1237 τοῦτο
1461 1209 1517 1242 βοῶ
1530 1216 1581 1241 σοι,
1602 1206 1817 1242 Ἐπιστρέφοντα
1829 1203 1905 1237 δέξαι

1118 1256 1165 1282 καὶ
1181 1254 1267 1283 σῶσόν
1287 1263 1333 1290 με.

1460 1357 1523 1394 est;
1541 1360 1572 1385 ε’.

1157 1416 1252 1444 Γενεαὶ
1265 1415 1366 1450 γενεῶν
1382 1422 1411 1442 σε
1427 1413 1477 1450 τὴν
1491 1412 1708 1448 ἀειμακάριστον
1727 1409 1774 1436 νῦν
1787 1407 1909 1444 μακαρί-

1123 1462 1223 1495 ζουσιν·
1235 1461 1358 1498 οὐρανῶν
1369 1459 1507 1494 δυνάμεις,
1518 1458 1556 1490 ὡς
1569 1458 1603 1484 τὰ
1617 1457 1693 1484 κάτω
1706 1456 1761 1486 τοίς
1778 1455 1834 1481 ἄνω
1849 1461 1911 1479 συν-

1124 1508 1243 1541 άψασαν,
1268 1505 1423 1542 εὐφημοῦσι
1441 1505 1535 1540 μόνην.
1550 1504 1579 1530 ὲν
1593 1502 1716 1538 γυναιξὶν
1728 1499 1910 1536 εὐλογημένη,

284 1561 355 1586 inter
379 1556 518 1588 mulieres,
543 1558 625 1587 atque
648 1550 744 1577 Adami
778 1547 892 1582 eollapsi
917 1546 1071 1580 revocatio;

1127 1554 1174 1582 τοῦ
1188 1553 1318 1585 πεσόντος
1338 1551 1424 1585 ’Δδὰμ
1439 1552 1456 1586 ὴ
1467 1549 1627 1585 ἀνάκλησις.

283 1604 384 1639 quippe
408 1608 468 1636 quae
503 1598 634 1626 inferiora
655 1602 717 1624 eum
744 1591 933 1629 superioribus
961 1590 1071 1626 copula-

285 1650 366 1677 veris.

321 1697 361 1723 Ad
387 1695 439 1722 hoc
454 1697 484 1720 ut
513 1692 617 1725 integer
645 1693 784 1721 sanusque
813 1691 997 1720 perseverem,
1023 1691 1074 1711 nec

287 1744 341 1770 ttllo
360 1741 439 1768 modo
454 1747 469 1766 a
488 1736 593 1766 meliori
608 1738 681 1762 statu
699 1733 852 1764 dimovear,
864 1731 912 1758 sed
926 1735 1000 1758 recto
1023 1735 1074 1757 tra-

288 1789 352 1816 mite
363 1787 496 1818 incedam,
517 1784 624 1818 Deoque
639 1780 737 1816 placita
762 1779 872 1810 faciam,
901 1782 929 1805 tu
954 1784 996 1804 me
1018 1777 1075 1804 vir-

290 1839 345 1860 tute
356 1831 513 1863 corrobora,
528 1835 589 1864 qua:
601 1827 653 1862 41
676 1824 793 1852 Verbum
807 1824 909 1852 bonum
939 1822 1072 1858 peperisti

289 1878 361 1914 quod
378 1886 428 1906 nos
442 1879 476 1904 ab
494 1876 705 1904 irrationalitale
721 1874 858 1902 liberavit.

328 1922 534 1950 lieduntlantem
552 1921 587 1953 ob
603 1919 797 1948 misericordia:
812 1919 939 1954 abyssum
964 1916 1076 1952 sangui-

290 1977 351 1996 nem
371 1972 457 2000 tuum,
473 1975 490 1994 ο
514 1967 646 1999 Verbum,
664 1966 691 1993 in
719 1972 801 1993 cruce
825 1968 912 1992 totum
933 1963 1076 1990 ell‘udisti:

292 2015 352 2041 ideo
367 2014 472 2040 cxsicca
488 2012 647 2047 passionum
677 2018 801 2038 mearum
830 2009 969 2045 abyssum,
997 2012 1024 2036 et
1037 2008 1079 2036 di-

292 2067 374 2095 gnum
392 2066 436 2086 me
451 2057 493 2085 fac
507 2058 644 2085 mediante
659 2056 786 2091 Deipara,
804 2060 835 2083 ut
857 2063 918 2083 cum
947 2061 1078 2089 compun-

290 2107 383 2133 ctione
398 2104 448 2133 tibi
464 2103 518 2131 Deo
532 2103 639 2138 placere
656 2107 683 2130 et
698 2107 792 2137 gratus
806 2109 868 2130 esse
894 2101 1006 2136 possim.

638 2157 694 2185 Ode
706 2156 733 2184 6.

328 2205 436 2243 invenit
464 2221 512 2250 per
533 2218 559 2241 te
585 2211 803 2240 misericordiam
825 2211 944 2238 humana
962 2215 1079 2245 natura;
1100 2226 1122 2254 η

291 2263 394 2291 ctenim
410 2260 615 2289 misericordem
630 2259 773 2286 Dominum
794 2257 933 2292 peperisti,
962 2265 979 2284 ο
1003 2257 1082 2285 mise-

296 2309 380 2337 ratrix
398 2315 430 2335 ac
445 2311 500 2335 tota
517 2313 584 2340 pura
599 2315 607 2333 :
622 2305 696 2333 unde
714 2305 763 2332 tibi
791 2305 926 2340 supplico,
955 2303 1085 2331 miserere

298 2361 395 2382 annua:
410 2360 487 2380 mem.

334 2399 414 2426 Acies
447 2399 670 2432 incorporeorum
699 2396 844 2431 spirituum
872 2399 986 2423 exorant
1011 2400 1047 2427 te,
1067 2403 1085 2422 o

294 2446 418 2476 Christe,
428 2443 563 2478 simulque
571 2448 732 2477 martyrum,
753 2441 961 2476 prophetarum,
977 2445 1004 2468 et
1019 2447 1086 2474 apo-

296 2489 434 2516 stolorum
444 2491 548 2515 omnis:
563 2493 610 2520 per
625 2485 789 2512 Genitricem
810 2489 885 2512 tuam
911 2485 1016 2512 salvum
1045 2483 1087 2510 fac

296 2534 431 2570 populum
455 2536 538 2559 'tnum
566 2532 601 2558 ab
640 2530 715 2558 otnni
746 2530 941 2557 circumstante
977 2529 1088 2555 calami-

302 2585 367 2608 tale.

336 2625 458 2654 Cultoris
478 2624 569 2652 nescia
586 2627 674 2656 terra,
689 2631 750 2658 qua:
775 2622 925 2657 agricolam
946 2621 1086 2656 peperisti,

299 2673 483 2708 omniumque
497 2671 666 2703 Creatorem,
683 2670 880 2706 sylvescentem
912 2669 1088 2704 passionibus

303 2721 423 2746 animam
441 2727 541 2751 meam,
553 2717 722 2745 l'ructiferam
732 2716 825 2750 redde,
839 2716 974 2744 mediante
998 2716 1089 2743 divina

300 2767 429 2794 scientia.
811 2785 819 2791 .

341 2814 379 2839 ΑιΙ
394 2813 477 2840 Deum
492 2820 535 2839 me
557 2811 718 2840 deducentia
746 2815 879 2846 prmeepta
904 2809 1090 2846 transgressus

303 2866 378 2892 illi".
407 2864 433 2887 et
448 2864 543 2895 spoule
559 2859 688 2894 pessimis
704 2858 882 2893 passiottibus
898 2866 991 2886 servus
1004 2857 1091 2884 fartus

1166 1691 1311 1726 Διαμένειν
1339 1698 1372 1724 με
1385 1688 1465 1720 σῶον,
1485 1687 1523 1722 μὴ
1534 1684 1768 1722 περιτρεπόμενον
1793 1682 1915 1713 στάσεως

1127 1737 1293 1773 κρείττονος,
1309 1734 1367 1762 ἀλλ’
1381 1731 1646 1767 εὐθυποροῦντα,καὶ
1660 1729 1720 1764 Θεῷ
1733 1729 1767 1755 τὰ
1780 1728 1916 1762 εὐάρεστα

1128 1772 1293 1817 πράττοντα,
1305 1778 1499 1814 ὲνδυνάμωσόν
1523 1786 1568 1813 με,
1595 1776 1642 1802 τὸν
1671 1774 1773 1809 ἀγαθὸν
1796 1772 1917 1800 τεκοῦσα

1128 1828 1214 1862 Λόγον
1228 1827 1274 1854 τὸν
1290 1826 1362 1862 ἡμᾶς
1374 1825 1469 1856 ἀνοίας
1484 1823 1647 1860 ῥυσάμενον.

1171 1920 1201 1947 '0
1213 1918 1244 1946 τὸ
1257 1916 1329 1953 αἷμά
1346 1925 1405 1949 σου,
1426 1915 1508 1950 Λόγε,
1528 1914 1573 1941 διὰ
1590 1911 1813 1948 ὑπερῦάλλουσαν
1827 1909 1919 1939 ἐλέους

1131 1967 1248 1994 ᾶῦυσσον
1262 1965 1291 1991 ἐν
1305 1962 1415 1998 σταυρῷ
1442 1960 1574 1993 κενώσας,
1596 1959 1652 1985 τῶν
1672 1957 1767 1984 παθῶν
1791 1965 1843 1992 μου
1869 1955 1920 1989 τὴν

1132 2012 1250 2040 ἄϐυσσον
1262 2010 1389 2046 ξήρανον,
1407 2007 1454 2035 καὶ
1464 2005 1646 2042 ὲγκαταρύξει
1661 2013 1702 2031 σοι
1729 2003 1768 2038 τῷ
1793 2001 1853 2036 Θεῷ
1875 2001 1920 2026 εὺ-

1131 2057 1285 2094 αρεστῆσαι
1296 2056 1340 2083 διὰ
1355 2055 1406 2089 τῆς
1420 2053 1553 2081 Θεοτόκου
1564 2051 1691 2083 ἀξίωσον.

1415 2183 1418 2185 _
1448 2155 1511 2191 ᾮδὴ
1532 2153 1570 2187 ς’.

1177 2214 1306 2249 Ίιλέηται
1331 2212 1375 2239 διὰ
1387 2210 1435 2238 σοῦ
1450 2212 1467 2247 ἡ
1479 2210 1559 2244 φύσις
1582 2208 1632 2243 τῆς
1647 2205 1863 2242 ἀνορωπόςητος-
1878 2203 1925 2229 τδν

1139 2261 1274 2296 ἐλεήμονα
1293 2259 1347 2294 γὰρ
1358 2258 1478 2292 ἐκύησας
1494 2256 1608 2291 Κύριον,
1630 2253 1747 2288 ἐλεῆμον
1777 2251 1900 2285 πάναγνε
1913 2259 1920 2264 ·

1137 2308 1198 2335 ὅθεν
1214 2305 1330 2333 δυσωπῶ
1345 2313 1386 2339 σε,
1400 2304 1450 2339 τὴν
1461 2302 1530 2338 ἐμὴν
1541 2300 1629 2336 ψυχὴν
1645 2299 1767 2334 ἐλέησον.

1174 2395 1236 2422 Τῶν
1250 2393 1416 2428 ἀσωμάτων,
1429 2391 1541 2427 Χριστὲ,
1555 2390 1590 2418 τὰ
1614 2390 1741 2425 τάγματα
1772 2387 1929 2415 δυσωποῦσί

1141 2451 1182 2474 σε,
1204 2440 1352 2479 μαρτύρων
1362 2448 1403 2470 τε.
1429 2437 1588 2474 προφητῶν,
1618 2437 1665 2463 καὶ
1691 2435 1745 2462 τῶν
1771 2434 1930 2461 ἀποστόλων

1142 2494 1201 2514 σου·
1218 2486 1263 2512 διὰ
1273 2485 1324 2520 τῆς
1333 2484 1466 2519 τεκούσης
1481 2491 1522 2515 σε,
1537 2483 1583 2509 τὸν
1595 2482 1659 2509 λαόν
1671 2489 1718 2508 σου
1729 2479 1798 2511 σῶζε
1807 2479 1862 2506 ἀπὸ
1875 2479 1929 2505 πά-

1141 2542 1190 2568 σης
1209 2532 1405 2568 περιστάσεως.

1182 2625 1217 2651 Ίι
1231 2624 1409 2660 ἀγεώργητος
1428 2623 1463 2658 γῆ
1483 2623 1529 2649 τὸν
1544 2621 1668 2657 γεωργὸν
1683 2621 1700 2656 ὴ
1722 2620 1859 2655 κυήσασα,
1885 2619 1935 2645 καὶ

1144 2671 1255 2698 πάντων
1273 2670 1457 2706 Δημιουργδν,
1468 2669 1517 2704 τὴν
1541 2667 1750 2702 ὑλομανήσασαν
1766 2666 1857 2701 ψυχήν
1880 2674 1933 2700 μου

1144 2719 1200 2749 τοῖς
1232 2717 1343 2749 πάθεσι,
1388 2716 1473 2748 δεῖξον
1500 2708 1544 2749 καί

1144 2763 1329 2797 ἐπιγνώσεως.

1181 2808 1308 2843 Παρέἤην
1323 2808 1371 2839 τὰς
1384 2806 1494 2838 ἐντολὰς
1517 2806 1567 2837 τὰς
1599 2805 1666 2840 πρὸς
1694 2805 1760 2830 Θεδν
1784 2803 1937 2838 ὁδηγούσας

1146 2865 1192 2891 με,
1209 2857 1255 2882 καὶ
1272 2855 1356 2881 θέλων
1374 2855 1428 2886 τοῖς
1442 2855 1570 2888 πονηροῖς
1585 2851 1751 2886 δεδούλωμαι
1770 2851 1868 2877 πάθεσι
1881 2849 1938 2875 se

1388 2716 1473 2748 δεῖξον
1500 2714 1677 2750 καρποφόρον
1710 2713 1754 2739 διὰ
1779 2713 1828 2747 τῆς
1859 2711 1935 2742 θείας
