2077 3157
253 180 321 212 1030

794 175 825 204 S.
849 172 1005 204 JOSEPHI
1023 170 1178 202 HYMNOG
1184 169 1301 199 ΠΛΓΠΙ

1799 161 1868 194 1040

248 247 309 265 rum
320 237 518 267 ministrorum,
533 233 747 261 venerandorum
767 231 954 266 apostolorum
964 234 1028 257 tuo—

1089 228 1241 255 ὶποστόλων
1258 235 1314 254 σου,
1332 224 1475 260 ἱεραρχῶν,
1490 223 1646 259 προφητῶν,
1661 223 1708 248 καὶ
1724 220 1869 256 μαρτύρων

255 292 324 317 tum,
355 283 572 312 hierareharum,
599 279 803 313 prophetarum,
835 280 862 303 et
885 279 1034 310 martyrum

252 330 522 366 gIm-iosissimorum,
540 325 782 359 confessorumque
799 328 921 350 tuorum.

288 377 432 406 Horresco,
448 381 464 399 0
480 373 536 400 sole
549 379 606 403 rex,
619 378 650 398 ac
665 370 841 397 vehementer
860 366 976 394 formido
991 373 1035 393 se-

251 421 367 449 cundum
381 419 525 446 adventum
542 421 628 448 tuum,
644 423 706 443 cunt
720 415 770 442 sim
782 417 856 440 totus
872 411 1032 442 damnatus,

251 474 277 496 et
293 468 394 496 auxilio
410 466 577 498 consilioque
595 463 762 494 destitutus;
795 464 938 495 propterea
955 462 1032 485 ante-

250 523 332 550 quam
349 514 410 541 ﬁnis
437 512 572 544 adveniat,
589 510 622 538 ad
640 515 665 537 te
681 509 782 539 clamo,
805 515 822 533 ο
837 505 950 533 Domine
964 504 1033 531 :Per

250 568 310 587 eant
327 567 387 594 qua:
407 563 431 585 te
447 558 550 592 genuit,
567 563 647 591 parce
677 554 753 586 mihi,
768 557 795 580 et
822 555 898 579 salva
913 557 966 583 me,
986 549 1037 577 mi-

251 605 379 638 sericors,
395 606 463 632 bone
479 608 507 631 et
519 607 624 630 amator
640 601 792 628 hominum.

1090 273 1218 306 εὐκλεῶν,
1239 273 1286 298 καὶ
1299 272 1382 298 ὁσίων
1395 279 1452 297 σου.

1125 365 1230 399 Φρίττω
1242 361 1374 396 ςου,μόνε
1397 360 1518 396 βασιλεῦ,
1544 359 1593 394 τὴν
1618 357 1746 393 δευτέραν
1768 365 1871 391 παρου-

1090 411 1150 437 σὶαν
1166 409 1213 436 καὶ
1225 408 1344 438 δέδοικα.
1358 407 1417 438 ὅλος
1429 407 1591 441 κατάκριτος
1602 403 1773 440 ἠπορημένος
1784 402 1872 436 ὑπάρ-

1088 464 1154 491 χων,
1169 455 1254 489 Κύριε
1267 462 1274 469 ·
1290 453 1330 480 διὸ
1341 451 1394 487 πρὸ
1404 451 1497 483 τέλους
1510 459 1550 477 σοι
1567 451 1633 485 βοῶ·
1650 449 1699 476 Διὰ
1714 448 1764 483 τῆς
1775 447 1871 473 τεκού-

1091 510 1140 536 σης
1159 510 1199 532 σε,
1215 501 1307 535 φεῖσαι
1323 499 1369 525 καὶ
1391 497 1478 524 σῶσόν
1499 505 1544 532 με,
1559 495 1684 530 ὲλεῆμον,
1707 494 1802 528 ἀγαθὲ,
1824 492 1872 519 καὶ

1091 547 1275 582 φιλάνθρωπε.

991 661 1105 698 441x

602 726 636 754 In
653 725 848 754 sanctissimam
878 723 1018 758 Deiparam
1047 721 1138 749 Canon
1151 720 1192 748 IX
1205 720 1261 756 (45)
1297 719 1492 749 Pnraclcticus.

585 795 642 823 Ode
659 796 686 822 Ι.

287 851 507 889 Οξδειιιοιίεςίηια,
522 854 578 877 tota
595 847 831 882 immaculataMG)
846 851 872 874 et
885 854 963 881 pura,
977 852 1038 881 quae

253 899 372 926 Verbum
386 897 432 924 Dei
440 896 515 923 omni
526 896 672 923 sanctitate
684 895 820 929 superius,
841 899 924 927 supra
935 896 1039 919 natura:

1416 787 1473 816 Ode
1487 788 1515 817 5.

1128 844 1170 871 Ab
1185 844 1321 872 horrenda
1333 843 1530 878 disquisitione,
1544 849 1575 870 ac
1591 841 1775 874 damnatione,
1784 840 1819 868 ab
1827 840 1875 868 ho-

1091 889 1213 917 minibus
1229 889 1341 924 iniquis,
1358 888 1405 924 qui
1417 888 1504 924 gratis
1525 887 1690 915 conturbant
1714 894 1767 919 me,
1795 891 1874 920 atque

254 945 364 971 modum
384 942 514 978 genuisti,
525 949 622 969 omnes
637 940 788 971 sanetitica,
804 943 832 966 et
850 938 984 973 guberna,
995 941 1037 963 at-
1052 943 1076 973 Β
1091 935 1124 962 ab
1133 935 1207 962 omni
1222 943 1256 963 an
1264 935 1353 970 gustia
1362 942 1424 970 qua:
1438 942 1482 962 me
1492 933 1606 966 invadit,
1619 933 1702 961 libera
1712 940 1755 959 me
1766 940 1874 960 servum

253 998 305 1025 quc
317 998 332 1017 a
347 989 522 1024 passionibus
529 987 658 1020 emuuda,
672 986 740 1014 etab
757 984 895 1020 ingruenti
910 982 1036 1019 periculo

254 1037 420 1072 quantocius
435 1035 532 1063 libera.

558 1089 722 1117 'l‘lteotocion.

289 1141 311 1168 Ο
328 1138 507 1176 patrocinium
520 1135 642 1164 omnium
659 1134 789 1165 ﬁdelium,
802 1131 910 1163 assiste,
925 1134 951 1158 et
961 1129 1037 1157 auxi-

255 1188 322 1215 liare
357 1185 423 1213 mihi
451 1191 466 1211 a
485 1182 616 1210 molestiis
634 1181 700 1208 vita:
729 1179 926 1208 circumvento,
952 1182 1040 1210 neque

255 1232 397 1268 permittas
416 1237 460 1257 me
477 1227 605 1255 ﬂuctibus
619 1226 692 1254 illius
708 1223 860 1252 immodicis
875 1221 982 1258 agitari,
1007 1227 1040 1248 ac

256 1278 378 1310 conteri;
394 1276 441 1304 sed
451 1273 568 1303 extende
579 1272 674 1300 auxilii
691 1271 728 1299 lui
741 1276 865 1301 manum,
888 1272 913 1296 to
932 1273 1038 1302 precor,

256 1332 273 1352 ο
286 1323 384 1360 puella.

586 1364 645 1392 Ode
657 1364 689 1391 5.

289 1414 385 1442 Ofons
400 1420 478 1448 pure,
502 1419 534 1440 ex
545 1418 600 1446 quo
632 1410 759 1437 Christus
785 1404 933 1435 emanavit,
955 1402 1038 1448 irrigat

256 1461 374 1488 animant
388 1447 487 1489 meam,
501 1465 562 1492 qum
576 1455 698 1483 omnium
721 1453 879 1489 passionum
894 1453 962 1477 testu
987 1447 1037 1475 ad-

257 1507 383 1539 uritur,et
402 1502 635 1540 abingruentibus
653 1499 787 1528 molestiis
801 1497 876 1526 salva
889 1502 943 1523 me.

551 1555 572 1583 Τ
573 1555 721 1582 Iteotocion.

290 1605 404 1640 OVirgo
423 1610 501 1639 pura,
516 1601 696 1637 patrocinium
728 1598 862 1630 omnium,
891 1594 965 1631 quod
980 1599 1036 1621 non

257 1651 441 1680 contunditur,
459 1652 568 1683 protvge
583 1653 636 1677 me.
650 1650 678 1673 et
693 1644 778 1672 libera
798 1650 842 1670 me
858 1642 892 1669 ab
913 1639 987 1676 operi

257 1695 439 1726 eoul‘usionis,
452 1698 477 1721 Ie
486 1700 590 1728 precor,
609 1696 636 1719 et
652 1691 686 1718 ab
705 1689 860 1718 horninibus
869 1687 915 1723 qui
931 1692 1039 1720 semper

257 1744 367 1771 student
382 1741 483 1768 inferre
500 1739 601 1766 malum
615 1737 691 1764 mihi.

564 1782 724 1819 asont.

291 1833 437 1867 Deprecor,
448 1829 597 1861 oDomina,
615 1827 762 1857 bonitatem
793 1832 878 1859 tuam,
910 1825 1042 1853 auxiliare

257 1878 335 1910 mihi,
352 1877 416 1904 dum
444 1876 643 1915 tribulationes,
667 1881 694 1903 et
721 1873 886 1902 tentationcs
909 1871 1042 1899 invadunt

257 1931 312 1956 me,
325 1921 518 1957 etgravissinta
534 1924 692 1955 tempestate
703 1919 842 1954 exagitant
860 1925 907 1946 cor
932 1923 1035 1944 meum.

559 1975 580 2002 Τ
582 1975 728 2004 Iwotocion.

294 2031 331 2059 Ne
342 2031 476 2066 despicias
487 2039 531 2059 me
560 2034 718 2066 tempestate
731 2030 882 2065 iactatum;
906 2038 941 2058 ne
960 2031 1040 2059 derc-

256 2078 366 2113 linquas
382 2085 424 2104 me
452 2078 653 2105 calamitatibus
673 2076 873 2105 circumdatum
884 2081 912 2105 et
929 2078 1040 2106 assidue

257 2126 395 2157 attritum,
414 2131 431 2151 ο
447 2123 569 2158 Deipara,
588 2123 718 2151 auxilium
732 2123 861 2151 ﬁdelium.
889 2144 893 2148 .

296 2213 350 2249 (i5)
366 2213 459 2240 Graeca
475 2213 587 2249 desunt1
598 2212 676 2240 Ευιτ.
696 2227 732 2233 -
750 2212 800 2249 llic
815 2211 930 2249 Iosephi
941 2221 1037 2249 canon

259 2247 314 2277 nuit
328 2249 416 2276 solum
433 2252 475 2274 est
487 2248 513 2274 in
530 2247 558 2274 S.
575 2247 726 2282 Deiparam,
736 2248 782 2274 sed
793 2248 873 2274 etiam
886 2249 912 2274 in
924 2248 1041 2276 Michae-

261 2286 312 2311 lem
328 2283 475 2318 principem
489 2283 611 2319 emlestis
637 2282 750 2319 milium,
764 2288 791 2319 et
814 2289 924 2310 sanctos
948 2284 1039 2319 Aeyu-

261 2316 342 2346 diuos
380 2323 559 2352 sanctumque
581 2316 732 2352 Nicolaum.
760 2317 826 2349 Qua:
853 2325 918 2344 vero
955 2316 1041 2346 in'eo

259 2358 339 2380 erant
350 2360 403 2380 non
422 2351 584 2386 pertinentia
598 2351 632 2379 ad
644 2351 672 2378 Β.
686 2351 833 2386 Virginem,
844 2360 906 2380 cum
923 2353 975 2380 huc
987 2361 1041 2381 non

261 2389 396 2417 facerent,
407 2385 533 2414 cbitsttlto
546 2387 648 2414 omissa
663 2385 745 2413 sunti
754 2385 915 2420 Desumptus
937 2392 978 2414 est
991 2395 1042 2414 au-

262 2428 316 2450 tem
327 2429 360 2448 cx
372 2421 488 2456 quoniam
500 2429 551 2447 ms.
562 2421 730 2448 bibliothecae
739 2421 847 2456 Crypta:
862 2422 979 2449 Ferratas
991 2422 1042 2449 sub

261 2463 378 2483 numero
392 2456 437 2486 95,
452 2456 528 2489 cujus
547 2456 641 2483 titulus
655 2461 715 2483 est:
738 2456 854 2483 Cunancs
879 2457 1041 2484 Anastaximi

260 2497 285 2518 et
317 2491 573 2517 Stauroannstasimi
611 2496 635 2517 et
664 2490 823 2517 Auabullmti
859 2491 1042 2519 Oetam/torum

262 2527 350 2554 Eclius
361 2525 472 2560 primus,
486 2526 577 2560 inquo
594 2525 662 2552 libro
678 2529 741 2552 Sunt
757 2526 847 2559 plures
859 2527 903 2553 alii
920 2534 1040 2553 canones

261 2562 384 2622 t‘ﬁilsdem
408 2559 539 2594 Joscphi,’
561 2568 594 2588 ex
618 2560 718 2595 quibus
742 2560 891 2588 'l'heotoria
916 2563 1041 2595 superius

261 2605 276 2622 a
297 2607 303 2622 ι
317 2603 374 2622 IIXI.

261 2596 374 2624 adduxi.

298 2631 354 2666 (46)
369 2629 470 2657 Totalis
494 2629 660 2666 B.VVirginis
674 2630 858 2658 tmmaculatio
878 2638 930 2658 non
954 2635 1042 2665 potest

258 2665 324 2694 cum
341 2666 431 2700 aliqua
452 2665 557 2692 macula
573 2665 640 2692 bene
657 2665 802 2697 coluererc,
823 2673 985 2700 quocunque
1001 2666 1042 2692 in-

260 2701 345 2729 stanti
358 2702 398 2728 vel
414 2704 538 2735 tempore
551 2700 586 2727 sit
603 2700 659 2726 haec
675 2701 780 2727 macula
798 2705 949 2733 contracta,
964 2706 1044 2734 atque

261 2738 322 2763 ideo
338 2736 437 2763 obnixe
460 2740 487 2762 et
502 2735 659 2762 necessario
674 2736 819 2762 tenendum
838 2736 867 2762 S.
882 2735 1044 2769 Josephum.

261 2773 326 2798 dum
343 2771 484 2805 Deiparam
501 2776 585 2799 totam
601 2770 802 2797 immaculatam
816 2770 956 2801 salutavit,
971 2771 1044 2797 illam

260 2807 362 2833 nullius
387 2806 489 2840 peccati
513 2805 630 2835 ntaculn,
651 2805 733 2831 etiam
763 2805 791 2831 in
819 2805 907 2840 primo
921 2806 1044 2838 instanti,

259 2841 345 2867 luisse
356 2841 524 2875 deturpatam
540 2840 696 2867 credidisse.

295 2875 352 2909 (‘7)
370 2876 438 2908 Quid
454 2881 494 2903 est
513 2876 654 2910 Deiparant
671 2883 731 2902 esse
748 2875 1044 2909 immaculalissinmm,

1092 985 1175 1017 tuum
1190 981 1325 1014 inutilem,
1347 980 1407 1014 tibi,
1419 987 1436 1008 o
1447 979 1613 1012 castissima,
1635 977 1750 1006 ferventi
1777 976 1875 1004 aﬂ‘eetu

1092 1026 1299 1061 supplicantem.

1355 1069 1526 1098 Theotocion.

1124 1125 1248 1154 Concede
1259 1124 1337 1158 mihi,
1354 1124 1480 1157 Domina,
1496 1123 1599 1152 imbres
1617 1123 1800 1158 lacrymarum
1813 1122 1877 1157 qui-

1091 1172 1142 1200 bus
1160 1172 1307 1199 abluantur
1324 1171 1420 1199 sordes
1442 1169 1538 1198 miseri
1551 1169 1641 1197 cordis
1652 1168 1714 1201 mei,
1729 1168 1803 1196 etab
1833 1169 1877 1194 in-

1090 1217 1250 1252 gruentibus
1264 1217 1392 1252 periculis
1415 1216 1501 1244 libera
1525 1220 1620 1248 me,ut
1647 1222 1754 1250 semper
1765 1220 1792 1242 te
1819 1221 1877 1241 ma-

1090 1263 1215 1297 gniﬁeem
1229 1270 1292 1291 cum
1313 1262 1416 1294 laetitia,
1427 1269 1444 1289 ο
1458 1261 1513 1289 Deo
1529 1259 1702 1289 charissima.

1397 1306 1454 1334 Ode
1470 1307 1497 1334 8.

1125 1352 1268 1387 Tanquam
1276 1359 1308 1379 ea
1320 1359 1382 1386 quae
1396 1351 1516 1378 divinam
1531 1350 1650 1385 pluviam
1662 1349 1816 1384 suscepisti,
1830 1349 1877 1376 de-

1089 1398 1162 1426 sicca
1178 1397 1422 1426 intercessionibus
1433 1397 1487 1424 tuis
1503 1396 1614 1424 flumina
1624 1396 1785 1424 delictorum
1798 1402 1873 1422 meo-

1089 1452 1162 1477 rum,
1177 1449 1204 1472 et
1218 1445 1397 1472 tentalionum
1418 1443 1520 1471 imbres
1533 1443 1674 1476 imminue,
1684 1446 1712 1471 et
1731 1442 1805 1470 salva
1820 1449 1875 1469 me.

1371 1488 1540 1516 Tlteotocion.

1122 1535 1145 1564 0
1159 1536 1274 1563 Domina
1287 1542 1365 1570 pura,
1381 1542 1443 1569 quae
1458 1533 1544 1562 catlos
1557 1533 1666 1561 excedis
1688 1532 1875 1568 amplitudine,

1089 1581 1238 1617 liberam
1249 1588 1297 1608 nos
1311 1575 1448 1615 supplices
1468 1584 1530 1607 tuos
1539 1579 1574 1606 ab
1590 1579 1664 1606 omni
1687 1578 1832 1614 angustia;
1849 1583 1876 1605 et

991 1639 1042 1666 bus
1055 1631 1078 1662 c
1094 1628 1121 1654 in
1137 1626 1312 1655 tribulatione
1323 1625 1468 1653 consolare
1478 1632 1573 1653 omnes
1585 1624 1744 1653 dilatatione
1755 1624 1835 1656 bona,
1847 1628 1877 1651 ut

1092 1677 1119 1700 te
1129 1671 1228 1700 debitis
1242 1671 1371 1698 laudibus
1389 1670 1584 1698 beatiﬁcemus.

1439 1715 1495 1743 Ode
1507 1716 1534 1744 9.
1549 1721 1552 1744 ἔ

1126 1764 1148 1792 0
1164 1763 1278 1791 Domina
1287 1763 1381 1798 Virgo,
1397 1763 1471 1798 eripe
1487 1771 1531 1791 me
1544 1770 1560 1790 a
1570 1762 1628 1790 luto
1639 1761 1753 1798 peccati,
1779 1761 1806 1789 in
1830 1769 1878 1789 eo-

1091 1808 1153 1837 dem
1172 1809 1299 1841 intixum;
1312 1812 1339 1835 et
1355 1808 1552 1842 periclitantem
1568 1807 1653 1835 libera
1675 1814 1690 1834 a
1720 1807 1876 1834 tentationi-

1093 1855 1144 1883 bus
1160 1854 1378 1882 adversariorum
1390 1861 1421 1882 ac
1436 1854 1569 1881 malorum
1584 1852 1734 1884 hominum,
1755 1853 1801 1888 qui
1815 1860 1877 1888 gra-

1091 1902 1127 1930 tis
1140 1900 1305 1929 conturbant
1317 1907 1371 1933 me,
1388 1903 1416 1928 et
1431 1899 1549 1935 graviter
1562 1905 1606 1926 me
1628 1897 1770 1926 invadunt.

1391 1945 1560 1972 TlteotOct‘on.

1125 1994 1166 2020 Tu
1185 1999 1246 2028 qua:
1270 1991 1340 2019 lueis
1363 1997 1393 2019 es
1421 1989 1615 2023 habitaculum,
1641 1996 1658 2017 ο
1680 1989 1877 2016 immaculatis.

1088 2040 1160 2068 sima
1169 2038 1243 2073 (47);
1264 2037 1363 2065 anima:
1378 2043 1445 2064 mete
1454 2036 1581 2063 tenebras
1593 2040 1621 2063 et
1637 2035 1816 2063 tentationmn
1832 2043 1876 2063 ne-

1091 2083 1170 2110 bulos
1181 2081 1308 2109 celeriter
1315 2080 1428 2115 expelle,
1438 2084 1464 2107 ct
1475 2087 1490 2106 a
1508 2079 1587 2107 malis
1602 2079 1788 2114 ingruentibus
1800 2079 1876 2107 salva

1091 2134 1146 2161 me,
1159 2134 1265 2162 precor,
1283 2126 1348 2155 dum
1363 2130 1389 2154 te
1405 2125 1519 2154 ﬁdeliter
1529 2124 1664 2153 collaudo.

1092 2215 1145 2243 nisi
1157 2216 1243 2250 ipsam
1259 2214 1402 2250 privilegio
1412 2214 1631 2249 singularissimo
1643 2221 1678 2250 ac
1690 2213 1875 2250 praerogativa

1094 2249 1191 2277 omnes
1203 2257 1250 2283 per
1260 2249 1462 2284 generationem
1479 2250 1630 2276 naturalem
1655 2249 1690 2276 ab
1709 2249 1811 2276 Adamo
1825 2249 1875 2276 de-

1054 2301 1080 2331 1)
1094 2284 1876 2331 essetam:ﬁeri“"915331-993?laeserenjieeir:

1093 2327 1202 2354 cunqtte
1231 2320 1344 2346 macula!
1379 2319 1544 2353 superasse?
1572 2319 1698 2354 Admissa
1728 2324 1816 2346 autem
1847 2320 1873 2346 in

1094 2354 1125 2381 Β.
1135 2353 1246 2388 Virgine
1263 2354 1368 2381 macula
1378 2353 1480 2388 peccati
1490 2353 1641 2388 originalis,
1649 2354 1740 2387 plures
1747 2361 1778 2380 ex
1789 2359 1876 2388 poste-

1094 2390 1131 2416 ris
1140 2389 1215 2420 Adte,
1223 2389 1309 2423 quoad
1320 2389 1422 2422 peccati
1438 2390 1585 2415 carentiam
1602 2388 1628 2414 in
1639 2388 1779 2420 munditia,
1789 2392 1814 2414 et
1825 2396 1874 2421 pu-

1093 2425 1185 2455 ritate,
1206 2431 1220 2450 a
1234 2423 1263 2450 B.
1280 2423 1390 2457 Virgine
1403 2430 1458 2450 non
1469 2427 1664 2457 superarentur
1679 2431 1686 2450 :
1703 2431 1765 2449 nam
1776 2430 1873 2449 omnes

1093 2458 1210 2485 infantes
1227 2459 1396 2489 innocentes,
1412 2458 1458 2492 qui
1478 2463 1538 2492 post
1560 2458 1723 2492 baptismum
1750 2458 1873 2485 moriun-

1095 2499 1148 2524 tur,
1161 2498 1304 2528 antequam
1325 2493 1358 2518 ad
1374 2500 1453 2528 usum
1475 2492 1590 2528 rationis
1606 2493 1774 2526 perveniant,
1791 2497 1873 2525 quot—

1094 2533 1161 2562 quot
1181 2526 1263 2554 etiam
1284 2528 1367 2553 adulti
1391 2526 1500 2561 perfeeti
1522 2526 1614 2561 jtnlicii
1635 2534 1667 2554 ac
1693 2527 1806 2554 rationis
1821 2534 1871 2553 ex-

1092 2567 1194 2597 pertes,
1202 2568 1285 2588 totum
1296 2563 1421 2596 νίιίθβυιξ
1431 2562 1547 2589 stadium
1558 2563 1848 2596 lwrcurrerunt,,niodo
1856 2569 1872 2588 a

1094 2596 1204 2632 peccato
1215 2597 1340 2631 originali
1353 2597 1460 2623 lavacro
1470 2597 1682 2632 regenerationis
1694 2596 1870 2628 mundcntnr,

1094 2630 1187 2659 essent
1203 2630 1280 2666 aeque
1296 2632 1460 2658 immaculati
1477 2638 1509 2657 ac
1524 2630 1605 2665 Virgo
1621 2631 1793 2664 beatissima;
1806 2636 1872 2658 sunt

1093 2666 1165 2693 enim
1182 2674 1260 2701 pares
1281 2667 1370 2700 quoad
1392 2666 1493 2700 peccati
1519 2666 1632 2693 actualis
1647 2666 1805 2697 cat-entiam,
1821 2673 1873 2694 nec

1093 2701 1250 2728 beatissima
1264 2701 1344 2736 Virgo
1363 2701 1478 2736 abiipsis
1492 2701 1518 2736 in
1532 2701 1702 2736 imtnunitate
1715 2701 1803 2736 ailrabe
1814 2702 1873 2727 ori-

1093 2736 1176 2770 ginali
1213 2735 1366 2763 dissideret.
1399 2735 1476 2763 Unde
1502 2735 1646 2763 deducitur
1677 2736 1706 2762 Β.
1735 2735 1871 2770 Virginem

1091 2771 1180 2804 quoad
1194 2771 1295 2805 peccati
1314 2772 1494 2804 Impnritatcm
1519 2770 1632 2804 reliquis
1653 2770 1687 2798 ab
1702 2771 1806 2797 Adamo
1819 2771 1868 2797 de-

1094 2805 1292 2840 set-mlentilms
1309 2806 1418 2840 speciali
1440 2804 1580 2839 privilegio
1597 2813 1650 2832 non
1668 2811 1805 2840 priestare,
1820 2813 1870 2832 nec

1094 2847 1156 2866 vere
1168 2848 1182 2866 a
1201 2839 1229 2866 S.
1247 2839 1365 2873 .losepho
1378 2846 1404 2867 et
1420 2841 1480 2868 aliis
1496 2840 1597 2874 passim
1616 2839 1743 2868 Patribus
1756 2841 1870 2867 salutari

1095 2876 1383 2902 intutaculatissixnum.
