2077 3157
233 212 235 214 ‘
250 193 318 243 tota

787 211 817 241 S.
836 209 993 241 JOSEPHI
1013 209 1297 240 HYMNOGRAPHI

1795 201 1865 234 10M

247 270 356 301 ruisset,
368 267 529 296 intermedio
543 267 691 296 inimicitiae
706 267 808 302 pariete
837 269 954 301 sublato,
977 275 1025 303 pa-

1094 269 1159 300 λὼν,
1174 263 1290 304 εἰρήνην
1305 265 1479 303 ἐμεσίτευσε,
1496 264 1543 292 καὶ
1558 263 1630 300 ζωὴν
1645 261 1806 298 ἐϐράϐευσε,
1818 261 1866 289 καὶ

245 323 304 343 cem
316 314 477 348 interposuit
491 322 499 347 ;
516 314 652 349 vitataque
663 321 695 341 ac
721 313 843 342 divinam
861 315 1027 349 redemptio-

245 368 307 388 nem
321 360 434 395 largitus
448 365 498 388 est.

282 405 364 441 Virgo
389 410 462 434 casta
496 413 557 442 post
580 413 685 443 partum
720 408 905 443 permansisti,
920 415 938 435 ο
964 415 1029 435 san-

246 451 381 485 ctissima;
401 451 483 479 Deum
496 453 568 480 enim
579 453 695 481 Verbum
713 455 830 490 genuisti
843 453 960 481 similem
977 458 1030 479 no-

244 498 288 526 bis
296 497 406 531 factum,
421 499 480 526 sine
495 504 616 534 peccato.

291 544 362 572 Sana
378 545 490 572 vulnera
517 546 609 574 cordis
634 546 698 577 mei,
715 553 732 573 ο
752 547 863 581 puella;
888 551 915 575 et
938 553 1031 577 motus

245 587 344 615 animae
358 595 424 616 mea;
442 593 516 616 recto
528 597 560 616 ac
573 589 643 618 felici
655 591 765 618 tramite
788 591 885 626 dirige,
903 598 919 619 ο
936 592 1030 627 Virgo,

246 633 280 660 ad
296 632 343 660 Dei
356 633 520 662 voluntatem
539 634 699 663 faciendam.

289 677 381 711 Salve,
397 686 414 705 ο
445 680 525 706 unica
551 679 672 707 Genitrix
698 681 782 712 illius,
805 682 850 716 qui
876 689 1031 711 carnem...

245 724 445 757 emendicavit;
473 725 569 757 salve,
600 725 713 760 collapsi
742 727 837 754 mundi
868 728 982 761 erectio,
1015 736 1033 756 ο

247 770 518 802 immaculatissima;
536 771 622 805 salve,
633 772 758 799 maeroris
766 773 911 801 dissolutio
925 782 933 807 ;
946 774 1032 807 salve,

248 814 322 842 salus
332 814 451 843 ﬁdelium
465 825 472 848 ;
491 815 578 849 salve,
594 816 691 844 throne
706 816 752 845 Dei
765 817 907 846 altissime.

283 859 374 888 Mente
387 860 556 888 revolventes
572 861 733 903 diviniloqui
746 863 895 898 prophetat,
911 864 1034 899 mysterii

248 906 288 932 tui
302 905 526 940 profunditatem,
541 913 558 933 ο
584 906 666 941 Virgo
680 927 688 939 ,
721 908 882 942 prophetico
905 916 1034 943 praenun-

250 951 477 984 tiaveruntillud,
491 951 546 987 48
562 952 654 980 divino
666 952 767 988 Spiritu
795 953 922 982 illustrati
953 963 959 981 :
987 961 1036 982 nos

249 1003 317 1024 vero
332 1003 395 1024 cum
420 997 529 1024 illorum
544 997 672 1025 vaticinia
700 1005 783 1033 opere
810 999 946 1034 completa
964 1007 1038 1028 nunc

250 1042 305 1070 laeti
318 1043 486 1073 intueamur.
503 1043 653 1072 credimus.

288 1087 311 1115 0
323 1088 423 1123 puella.
441 1089 571 1117 omnibus
586 1089 727 1118 miraculis
748 1090 946 1124 admirabilior,
961 1090 1037 1119 illum

251 1133 381 1166 genuisti,
395 1134 441 1168 qui
453 1138 496 1161 est
508 1138 570 1162 ante
584 1135 676 1162 omnia
690 1135 800 1168 saecula,
818 1136 898 1164 nobis
921 1136 1037 1164 similem

250 1178 354 1206 factum
368 1183 480 1214 propter
490 1186 626 1206 summam
652 1179 870 1208 misericordiam
892 1187 980 1212 suam,
1008 1187 1039 1209 ut

251 1222 342 1250 salvos
358 1222 458 1251 faceret
472 1230 531 1257 eos,
541 1223 588 1259 qui
602 1229 704 1252 canunt
719 1231 727 1252 :
742 1224 906 1253 Benedictus
916 1231 956 1258 es,
966 1224 1039 1253 Deus

254 1272 363 1304 patrum
383 1273 550 1296 nostrorum.

289 1313 393 1342 Divinis
404 1315 493 1343 verbis
509 1315 564 1343 tuis
580 1315 720 1343 hominum
737 1316 929 1351 generationes
950 1317 1038 1345 inlue-

253 1366 357 1393 rentes,
387 1361 493 1388 beatam
519 1365 546 1389 te
573 1362 676 1395 dicunt,
707 1369 724 1389 ο
740 1369 849 1397 semper
870 1362 1038 1396 beatissima,

255 1406 375 1434 suaviter
387 1406 562 1435 concinentes
575 1415 583 1434 :
599 1406 760 1441 Benedicite,
774 1407 864 1435 omnia
879 1415 973 1442 opera,
987 1407 1039 1436 Do-

243 1451 374 1479 minum.
893 1462 901 1485 ,

291 1497 315 1525 0
326 1498 418 1534 Virgo,
433 1498 568 1526 honorum
584 1500 712 1533 amatrix,
725 1500 824 1528 bonam
836 1500 911 1528 cnice
919 1500 1038 1527 animam

256 1551 357 1576 meam,
371 1544 474 1578 peccati
489 1545 593 1572 malitia
622 1546 820 1581 depravatam;
841 1550 868 1573 tu
890 1546 962 1573 enim
995 1546 1040 1573 bo-

257 1598 324 1617 num
338 1590 422 1618 Deum
436 1598 467 1618 ac
480 1590 627 1618 Dominum
643 1591 784 1626 peperisti.

257 1652 301 1681 Ex
316 1653 421 1682 Canotte
432 1655 459 1681 in
474 1653 786 1717 pervigiliizhbtgminum,
809 1663 854 1682 seu
871 1653 1038 1690 Epipltaniw,

618 1698 642 1716 te
681 1711 686 1717 .

618 1698 642 1716 te
659 1698 686 1717 ο.

294 1744 525 1772 0miracu'orum
541 1744 719 1772 miraculum!
735 1744 879 1778 Quomodo
905 1743 978 1772 Deus
993 1751 1041 1772 no-

261 1793 328 1821 ster,
348 1789 393 1823 qui
414 1793 455 1816 est
482 1789 606 1824 superior
629 1791 703 1817 omni
725 1793 861 1820 creatura.
888 1793 996 1816 creatur
1013 1793 1041 1816 et

260 1834 411 1868 plasmatur
419 1841 451 1861 ex
468 1833 514 1861 Dei
530 1833 616 1861 Matre
625 1843 632 1867 ;
641 1839 668 1861 et
682 1834 820 1861 voluntate
833 1840 881 1860 sua
892 1837 1004 1860 renovat
1015 1836 1042 1859 et

259 1880 376 1915 plasmat
386 1880 482 1907 iterum
493 1887 542 1907 nos
555 1888 587 1907 ex
601 1887 682 1915 aqua,
696 1884 722 1907 et
735 1879 833 1915 spiritu
847 1878 922 1906 solus
942 1878 1042 1906 beneﬁ-

260 1934 309 1954 cus
325 1926 503 1961 pl.nsmatione
519 1927 636 1954 maxime
649 1925 823 1954 admirabili?

296 1971 467 1999 Horrescunt
486 1971 640 2004 cherubim,
664 1976 745 2007 atque
770 1972 897 2001 universa
925 1972 1044 2000 caelestis

260 2023 358 2046 natura
372 2018 407 2045 ob
421 2016 598 2046 reverentiam
608 2017 768 2045 venerandae
780 2018 864 2052 prolis
878 2017 1044 2045 tuzeincom-

260 2063 464 2100 prehensibilis,
482 2070 499 2091 ο
510 2063 780 2097 immaculatissima,
789 2071 851 2099 quae
862 2063 961 2091 similis
974 2062 1045 2090 facta

261 2114 305 2138 est
320 2110 400 2138 nobis
415 2114 527 2144 propter
543 2109 708 2138 ineffabilem
724 2110 939 2139 misericordiam
956 2116 1044 2142 suam,

261 2161 290 2184 ct
307 2157 455 2184 secundum
467 2163 575 2184 carnem
595 2156 732 2191 baptizata
752 2161 811 2190 est;
828 2156 906 2192 cujus
926 2155 1045 2184 divinam

263 2201 460 2237 apparitionem
479 2209 552 2229 nunc
566 2209 662 2229 omnes
679 2201 849 2229 exultantes
864 2201 1046 2229 celebramus.

1080 315 1156 343 Θείαν
1168 316 1369 350 ἀπολύτρωσιν.

1115 408 1252 444 Παρθένος
1271 408 1339 443 ἁγνὴ
1353 407 1422 442 μετὰ
1431 406 1480 442 τὴν
1493 404 1603 440 κύησιν,
1617 401 1748 436 παναγία,
1763 399 1852 433 aiens.

1080 463 1129 486 νας
1143 463 1149 470 -
1165 454 1232 481 Θεὸν
1257 454 1344 488 Λόγον
1356 453 1410 488 γὰρ
1425 451 1575 486 ἐγέννησας
1599 449 1664 484 ἡμῖν
1689 444 1866 482 ὁμοιωθέντα,

1080 501 1165 536 χωρὶς
1180 499 1328 536 ἁμαρτίας.

1117 534 1206 573 Ἴασαί
1218 534 1269 581 μου
1282 545 1317 572 τὰ
1327 544 1482 581 τραύματα,
1503 541 1583 577 κόρη.
1599 540 1647 574 τῆς
1667 536 1802 581 καρδιαςὶ
1821 534 1869 581 καὶ

1081 578 1265 619 κατευόδωσον
1284 591 1333 625 τῆς
1344 578 1432 625 (ψυχῆς
1447 596 1498 624 μου
1512 587 1547 614 τὰ
1560 585 1698 620 κινήματα
1721 582 1762 613 εἰς
1787 578 1867 612 Θεοῦ,

1081 637 1216 673 Παρθένε,
1230 636 1265 664 τὰ
1276 636 1427 671 θελήματα.
1710 629 1713 632 ’

1116 671 1213 718 Χαῖρε,
1230 682 1297 717 μόνη
1311 680 1430 708 τεκοῦσα
1445 679 1538 706 τδν....
1552 676 1641 712 σάρκα
1655 671 1864 707 πτωχεύσαντα,

1082 728 1225 765 χαῖρε,τοῦ
1237 728 1364 758 πεσόντος
1377 724 1562 760 ἐπανόρθωσις
1575 722 1689 756 κόσμου,
1703 718 1868 765 πανάμωμει

1083 763 1268 811 ξαίρελύπης
1282 773 1368 804 λύσις·
1381 772 1471 807 χαῖρε,
1486 768 1588 796 πιστῶν
1602 768 1619 802 ὴ
1633 764 1764 800 σωτηρία·
1776 763 1868 798 χαῖρε,

1084 822 1162 858 θρόνε
1169 820 1236 848 Θεοῦ
1252 818 1413 854 ὑψηλότατε.

1118 868 1273 902 Νοήσαντες
1302 864 1428 898 θεηγόροι
1455 860 1595 896 προφῆται
1625 854 1776 902 μυστήριόν
1803 861 1869 902 σου,

1086 898 1229 948 Παρθένε,
1246 910 1277 937 τὸ
1300 909 1380 944 βάθος
1412 904 1590 943 προφητικῶς
1626 898 1870 948 προκατήγγειλαν

1089 944 1179 990 codro,
1196 955 1442 993 φωταγωγούμενοι
1472 952 1537 986 θείῳ
1558 950 1588 977 ἒν
1617 948 1758 993 Πνεύματι
1782 954 1790 962 ·
1825 944 1873 970 καὶ

1091 1003 1138 1031 νῦν
1171 1003 1252 1038 ἡμεῖς
1275 999 1432 1036 περιχαρῶς
1455 998 1505 1029 τὰς
1527 995 1661 1032 ἐμφάσεις
1688 992 1805 1028 ὁρῶντες
1825 998 1873 1016 πι-

1092 1048 1233 1083 στεύομεν.

1132 1082 1359 1129 Ὑπερθαὺμαστε
1380 1085 1451 1126 κόρη
1462 1083 1484 1123 ,⁷
1495 1088 1540 1115 τδν
1565 1086 1618 1122 πρὸ
1629 1084 1739 1112 πάντων
1767 1082 1874 1129 αἱῴνων

1091 1128 1278 1176 ὲκυοφόρησας
1295 1139 1360 1173 ⁴ἡμῖν
1374 1134 1551 1172 ὁμοιωθέντα,
1563 1133 1597 1160 δι’
1622 1131 1714 1176 ἄκραν
1738 1128 1875 1176 εὐσπλαγο

1092 1173 1182 1221 χνιαν,
1193 1173 1243 1211 ἰνα
1257 1183 1333 1222 σώσῃ
1344 1181 1407 1213 τοὺς
1420 1180 1577 1216 ψοὶλλοντας⁴
1590 1185 1597 1193 ·
1619 1176 1648 1204 '0
1682 1174 1736 1202 τῶν
1749 1173 1874 1209 πατέρωι

1093 1231 1171 1267 ήμῶν
1185 1230 1261 1263 Θεὺς,
1274 1227 1420 1263 εὐλογητὸς
1432 1223 1468 1253 εἴ.

1133 1320 1250 1357 Ῥήμασί
1259 1329 1306 1347 σου
1319 1318 1401 1350 θείοις
1415 1317 1510 1352 γενεαὶ
1524 1315 1659 1351 ἑπόμεναι
1668 1311 1758 1340 αἰτῶν
1772 1307 1877 1357 ᾀνθρῷ-

1093 1377 1152 1396 πων
1174 1354 1366 1403 μακαρίζομεν
1385 1372 1415 1390 σε
1434 1362 1483 1398 τὴν
1500 1359 1725 1396 ἀειμακάριστον,
1751 1356 1798 1383 καὶ
1815 1354 1878 1390 μελ-

1091 1402 1212 1450 ῳδοῦμεν
1224 1422 1230 1429 ·
1244 1412 1396 1445 Εὑλογεϊτε,
1413 1409 1502 1437 πάντα
1512 1407 1547 1435 τὰ
1560 1407 1639 1442 ἔργα,
1656 1404 1701 1432 τὸν
1711 1402 1824 1438 Κύριον.

1126 1504 1261 1539 Φιλάγαθε
1275 1501 1408 1538 Παρθένε,
1423 1500 1473 1535 τὴν
1487 1497 1684 1532 κεκακωμένην
1702 1495 1735 1530 τῇ
1755 1491 1879 1539 ἁμαρτςᾳ

1091 1552 1181 1588 ψυχήν
1197 1537 1246 1585 μου
1259 1548 1413 1584 ἀγάουνονο
1436 1546 1483 1573 τὸν
1506 1543 1607 1579 ἀγαθὸν
1620 1543 1637 1578 ἡ
1665 1539 1783 1569 τεκοῦσα
1812 1537 1879 1564 Θεὸν

1053 1606 1076 1635 c
1092 1599 1139 1626 καὶ
1152 1597 1264 1631 Κύριον.

1122 1658 1173 1686 Ἐκ
1187 1657 1240 1684 τοῦ
1250 1655 1385 1688 Κανόνος
1394 1654 1429 1681 ἐν
1441 1651 1596 1697 προςορτίᾳ
1603 1648 1662 1677 τῶν
1671 1648 1789 1682 Φώτων,
1807 1647 1881 1683 ἠμέ-

1437 1696 1526 1723 ρςιγ-

1127 1748 1159 1775 Ὠ
1177 1745 1269 1781 θαῦμα
1278 1743 1440 1779 θαυμάτωνῖι
1462 1741 1548 1773 Πῶςό
1566 1739 1656 1775 πάσης
1673 1738 1802 1765 ἐπέκεινα
1821 1736 1881 1764 κτε-

1093 1800 1163 1825 σεως
1179 1792 1244 1824 Θεδς
1255 1792 1272 1827 ἡ
1277 1790 1335 1826 μῶν
1349 1789 1472 1821 κτίζεται
1487 1787 1534 1814 καὶ
1545 1785 1690 1813 πλάττεται
1701 1785 1732 1811 ὲκ
1745 1784 1795 1819 τῆς
1807 1783 1874 1809 Θεο-

1094 1839 1222 1874 μήτορος,
1239 1837 1286 1864 καὶ
1312 1834 1470 1870 καινουργεῖ
1496 1832 1627 1867 θελήματι
1638 1831 1685 1857 καὶ
1710 1829 1876 1856 ἀναπλάττει

1092 1884 1177 1921 ἡμᾶς,
1192 1883 1227 1911 δι⁹
1241 1883 1337 1913 ὕδατος
1351 1881 1398 1908 καὶ
1410 1878 1565 1914 πνεύματος
1574 1877 1671 1904 πλάσιν
1685 1874 1880 1910 θαυμασιωτά-

1092 1939 1152 1966 την,
1161 1931 1175 1956 ὸ
1191 1929 1270 1964 μόνος
1288 1926 1436 1962 εὐεργέτης
1448 1933 1456 1957 ;

1128 1974 1238 2009 Φρίττει
1257 1970 1393 2008 χερουὸὶμ.
1407 1969 1454 1996 καὶ
1471 1968 1548 1995 πᾶσα
1561 1965 1691 2002 οὐράνιος
1706 1965 1798 2001 φύσις,
1812 1972 1883 1992 παν-

1094 2021 1204 2056 άμωμε,
1233 2018 1279 2045 τὸν
1314 2016 1385 2051 ὑπὲρ
1414 2013 1568 2050 κατάληψιν
1602 2012 1702 2039 σεπτόν
1731 2017 1780 2038 σοι)
1803 2011 1884 2037 τόκον

1101 2065 1274 2102 ὁμοιωθέντα
1293 2064 1370 2099 ἡμῖν,
1386 2061 1420 2088 δι’
1436 2059 1635 2095 εὐσπλαγχνίαν
1650 2058 1763 2092 ἄφατον,
1773 2057 1819 2084 καὶ
1836 2057 1884 2091 βα-

1095 2112 1243 2139 πτισθέντα
1270 2108 1362 2144 σαρκὶ,
1382 2103 1412 2135 οὗ
1425 2107 1475 2141 τὴν
1499 2105 1575 2132 θείαν
1595 2104 1696 2136 πάντες
1723 2102 1883 2136 ἐπιφάνειαν

1096 2157 1262 2194 ἑορτάζομεν
1276 2154 1324 2182 νῦν
1339 2152 1532 2188 ἀγαλλόμενοι.

264 2265 307 2293 Ex
316 2265 420 2293 Canam:
435 2265 464 2292 in
479 2269 584 2292 sanctos
599 2265 766 2300 septuaginta
791 2264 936 2299 apostolos,
952 2262 995 2290 die
1015 2262 1041 2291 4.

1104 2266 1151 2293 Ἐκ
1164 2265 1218 2293 τοῦ
1244 2263 1379 2302 Rat/orae
1392 2262 1436 2302 εζς
1455 2259 1526 2302 τοὺς
1540 2259 1645 2302 ἁγίους
1674 2256 1885 2292 ἐϐδομήκοντα

300 2365 428 2393 Divinum
458 2364 532 2400 regis
567 2364 698 2399 palatium
732 2364 910 2396 honoremus.
933 2363 960 2390 in
981 2371 1048 2399 quo,

266 2411 494 2447 quemadmodum
511 2411 569 2446 ipse
596 2410 692 2442 voluit,
714 2410 870 2442 habitavit;
903 2409 1048 2444 innuptam

265 2464 299 2484 ac
307 2456 395 2484 solam
407 2455 564 2490 Deiparam,
577 2462 626 2490 per
635 2462 718 2490 quam
728 2455 845 2483 deil'tcati
861 2462 968 2487 sumus,
991 2454 1050 2482 col-

266 2503 422 2531 laudemus.

301 2549 357 2585 49
372 2549 452 2576 Casta
467 2552 530 2575 ante
542 2552 661 2582 partum,
679 2547 706 2573 in
724 2551 815 2582 partu,
827 2550 855 2573 ct
871 2550 931 2581 post
943 2551 1049 2581 partum

267 2603 342 2629 vere,
367 2602 384 2622 o
403 2593 484 2629 Virgo
506 2592 602 2625 Mater,
622 2591 792 2626 apparuisti:
813 2591 897 2617 Deum
914 2591 986 2618 enim
1003 2597 1052 2624 pc-

266 2640 373 2677 peristi,
402 2647 483 2675 quem
522 2638 708 2674 apostolorum
739 2636 882 2671 collegium
909 2635 1052 2663 manifeste

267 2686 434 2723 praedicavit.
1020 2703 1026 2708 .

305 2733 486 2761 Beatissimus
499 2731 564 2759 olim
581 2729 775 2765 prophetarum
790 2728 890 2755 chorus
905 2727 992 2755 sacris
1006 2733 1053 2754 va-

270 2811 448 2847 Cytherorum
462 2807 701 2847 cpiscopotedhidit
718 2805 852 2847 Antonius
870 2804 989 2847 Pjiiellus
1002 2803 1055 2847 Ve-

272 2840 355 2874 netiis
371 2854 443 2874 aliud
457 2840 536 2876 1329,
555 2840 581 2872 in
595 2840 623 2872 4.
638 2843 706 2870 Cum
731 2845 821 2868 autem
844 2840 870 2866 in
886 2840 1005 2876 Menaeis.
1020 2840 1054 2866 de

272 2881 373 2915 quibus
392 2881 522 2915 diximus,
531 2875 643 2914 plurimi
656 2876 816 2915 sparsim-in
825 2875 946 2915 quolibet
962 2881 1054 2915 mense

274 2911 381 2943 exstent
402 2915 453 2943 sub
473 2911 582 2950 Juscphi
598 2913 683 2942 nosui
711 2911 821 2939 nomine
845 2911 880 2938 de
898 2913 1053 2938 sanctorum

1287 2283 1655 2330 [ἆσὶἑότὶξᾶοὖξῖἦιῖέρᾆὲι.

1134 2365 1171 2391 Τὸ
1188 2364 1260 2390 θεῖον
1275 2361 1407 2389 παλάτιον
1420 2359 1467 2387 τοῦ
1485 2358 1618 2394 βασιλέως
1634 2358 1805 2392 τιμήσωμεν,
1822 2357 1852 2383 ἐν
1862 2352 1885 2390 ᾧ

1098 2410 1300 2445 κατεσκήνωσε,
1317 2407 1408 2438 καθὼς
1430 2405 1549 2441 ἠθέλησε
1562 2412 1569 2419 ·
1581 2403 1630 2439 τὴν
1645 2403 1825 2438 ἀπείρανδρον
1837 2403 1885 2428 καὶ

1101 2457 1185 2493 μόνην
1196 2454 1338 2486 Θεοτόκον,
1352 2451 1386 2479 δι’
1399 2449 1432 2488 ἧς
1446 2450 1616 2486 ὲθεώθημεν,
1641 2449 1884 2484 ὑμνολογήσωμεν.

1140 2547 1223 2583 ’Δγνὴ
1237 2543 1289 2582 πρὸ
1303 2544 1349 2572 τοῦ
1363 2543 1456 2576 τόκου,
1470 2542 1518 2570 καὶ
1538 2543 1567 2569 ὲν
1581 2536 1666 2576 τόκῳζ
1676 2539 1724 2567 καὶ
1757 2539 1826 2574 μετὰ
1841 2538 1887 2565 τό-

1101 2603 1148 2621 κον
1175 2592 1292 2627 ἀληθῶς,
1323 2588 1548 2625 Παρθενομῆτορ,
1575 2586 1717 2620 πέφηνας·
1748 2584 1815 2610 Θεὸν
1831 2584 1888 2618 γὰρ

1101 2639 1272 2674 ἁπεκύησας,
1286 2637 1317 2664 ὃν
1328 2635 1485 2664 ἀποστόλων
1519 2632 1646 2667 σύλλογος
1664 2629 1822 2666 περιφανῶς
1840 2630 1889 2657 ἀν-

1103 2682 1249 2719 εκήρυξεν.

1107 2767 1116 2777 ν
1137 2732 1170 2758 Σὲ
1183 2729 1391 2767 μακαριώτατος
1408 2727 1492 2755 πάλαι
1505 2726 1586 2762 χορὸς
1595 2725 1649 2752 τῶν
1661 2722 1888 2761 προφητευόντων

1103 2806 1229 2834 laudibus
1242 2812 1372 2837 canones,
1388 2812 1421 2832 ex
1439 2804 1482 2832 his
1496 2802 1598 2835 omnia,
1614 2809 1675 2837 quae
1693 2801 1727 2828 ad
1741 2799 1884 2837 Deiparatn

1103 2842 1272 2876 spectabant,
1285 2835 1423 2874 decerpta,
1437 2846 1509 2867 nunc
1525 2835 1631 2874 piorum
1644 2836 1731 2865 oculis
1741 2844 1802 2864 sese
1819 2835 1888 2862 00e-

1103 2881 1167 2905 runt
1178 2876 1290 2912 legenda
