2077 3157
203 210 272 242 1015

897 210 1078 242 ΜΛΒΙΑΙΕ.

1750 206 1818 238 1046

199 273 229 294 εν
240 267 546 303 ’Πνεύματιθεηγορίαις
560 268 645 303 ἱεραῖς
658 268 817 304 θεοπρεπῶς
831 268 985 304 κατονομά-

1049 268 1140 296 iciniis
1167 269 1193 297 in
1218 268 1322 304 Spiritu
1344 268 1474 296 divinitus
1489 272 1525 301 te,
1545 274 1562 295 o
1578 266 1740 298 castissima,
1757 273 1820 301 por-

199 315 255 346 ζει.
272 314 402 347 πάναγνε,
415 313 503 348 πύλην
518 314 566 340 καὶ
581 314 643 349 ὅρος
659 316 815 342 κατάσκιον.

235 355 275 384 Τὰ
289 358 401 392 δμματα
416 357 542 392 φώτισον,
566 358 686 393 Παρθένε
698 377 706 390 ,
719 358 768 394 τῆς
780 358 892 394 καρδίας
923 368 986 394 μου,

200 402 307 437 λάμψον
317 412 362 438 μοι
372 404 467 430 ἀκτῖνα
477 404 631 438 μετανοίας,
639 404 751 436 σκότους
761 413 794 439 με
806 404 888 439 ῥῦσαι
895 404 988 431 διαιω-

201 449 331 482 νίζοντος,
354 448 424 484 πύλη
449 449 496 476 τοῦ
510 449 610 484 φωτὸς,
628 450 802 485 Χριστιανῶν
831 450 939 478 πάντων
957 451 989 478 τὸ

202 495 371 530 προσφύγιον
383 495 437 522 τῶν
450 495 553 526 πιστῶς
573 495 765 530 ἁνυμνούντων
780 504 822 523 σε.

243 540 335 576 Ὑμνῶ
350 549 390 573 σε,
403 541 469 575 μόνη
481 541 651 576 πανὸιμνητε·
669 541 774 575 δοξάζω
785 550 826 574 σε,
842 542 886 568 ἀεὶ
899 541 988 568 θεοδό-

203 587 294 620 ξαστε,
311 587 358 614 καὶ
371 587 515 622 μακαρίζω
533 596 562 613 σε
578 587 612 622 ἢν
620 588 712 621 γενεαὶ
727 587 910 622 μακαρίζουσι
933 587 989 614 τῶν

203 633 314 667 γενεῶν,
330 633 450 669 Παρθένε
461 633 675 669 θεομακάριστε.

242 714 429 750 Ἱλαστήριον¹
456 714 624 749 πανάμωμε,
649 714 797 748 γεγένησαι
816 713 990 749 ἁμαρτανόνο

202 769 257 787 των
271 760 324 792 ἀεὶ,
338 759 456 786 τεκοῦσα
470 760 616 795 ὑπερφυῶς
627 761 673 787 τοῦ
688 761 790 795 κόσμου
809 760 855 787 τὸν
877 760 989 795 αῑροντα

204 805 253 838 τὴν
272 805 407 840 ἁμαρτίαν
423 805 551 841 Χριστὸν,
565 802 587 839 ᾧ
598 807 791 840 κραυγάζομεν
801 814 808 821 ·
828 806 857 833 '0
872 805 926 832 τῶν
934 814 989 832 πα-

203 852 291 887 τέρων
306 851 408 886 Κύριος
423 852 470 879 καὶ
484 852 561 884 Θεὸς,
574 852 720 887 εὐλογητὸς
735 850 772 879 εἷ.

1039 319 1104 346 tam,
1121 318 1149 342 el.
1165 319 1281 342 montem
1298 315 1456 341 umbrosum
1474 312 1634 340 nominavit.

1073 359 1209 392 lllumina,
1226 367 1243 387 ο
1259 359 1352 395 Virgo.
1367 360 1463 387 oculos
1476 358 1566 386 cordis
1584 357 1647 389 mei,
1662 356 1758 390 eﬂ'nlge
1775 363 1822 383 su-

1037 412 1086 439 per
1101 412 1144 431 me
1158 405 1325 439 pmnitentiaa
1338 405 1429 437 radio;
1446 412 1460 430 a
1477 403 1595 430 tenebris
1610 401 1822 438 perennantibus

1038 450 1122 477 libera
1139 458 1193 482 me,
1215 457 1232 477 ο
1252 456 1329 485 porta
1351 450 1431 480 lucis.
1451 449 1586 484 refugium
1603 448 1726 476 omnium
1745 446 1823 474 Chri-

1040 494 1192 521 stianorum
1210 498 1236 521 te
1250 494 1364 522 fideliter
1380 494 1559 521 laudantium.

1075 539 1169 567 Laudo
1190 545 1225 572 te,
1239 548 1256 567 ο
1270 540 1328 567 sola
1345 540 1426 574 digna
1442 540 1516 566 omni
1532 539 1611 566 laude
1629 547 1635 566 :
1651 537 1772 573 glorifico
1787 540 1822 568 te,

1039 594 1056 613 ο
1070 593 1177 621 semper
1191 593 1206 612 a
1229 585 1287 613 Deo
1306 585 1553 620 gloriﬁcatissitna:
1571 589 1598 612 et
1613 583 1738 611 beatiﬁco
1756 586 1793 615 te,
1808 590 1825 606 η

1043 629 1123 666 Virgo
1145 631 1236 658 divina
1259 631 1426 658 beatitudine
1450 629 1620 660 felicissima,
1642 635 1725 663 quam
1745 634 1826 662 gene-

1040 678 1161 705 rationes
1176 677 1380 712 generationum
1399 677 1505 704 beatam
1525 675 1671 711 appellant.

1077 723 1262 757 Expiatorium
1288 722 1358 750 facta
1383 730 1424 754 es,
1445 729 1462 749 ο
1484 722 1642 756 purissima,
1662 726 1756 747 eorum
1779 717 1828 752 qui

1041 768 1151 796 assidue
1172 768 1344 803 delinquunt,
1368 775 1450 802 supra
1473 771 1575 794 natura:
1602 766 1724 793 ordinem
1747 764 1828 792 enixa

1040 812 1190 845 Christum,
1215 813 1261 847 qui
1290 812 1361 840 tollit
1386 817 1529 847 peceatum
1555 811 1669 843 mundi,
1695 809 1728 837 ad
1745 816 1827 844 quem

1041 859 1191 886 clamamus
1214 867 1222 886 :
1252 859 1384 887 Dominus
1421 865 1453 886 ac
1477 857 1549 886 Deus
1578 861 1697 893 patrum,
1716 854 1830 882 benedi-

1041 909 1102 932 ctus
1120 912 1161 932 es.

199 953 203 979 ι
241 947 275 974 Ὦ
292 946 384 981 θαῦμα
395 947 522 974 ἐπέκεινα
540 947 701 982 θαυμάτωνί
730 948 792 979 Πῶς
815 947 919 979 τίκτεις
944 947 991 974 καὶ

1077 960 1100 988 0
1124 961 1298 993 miraculum,
1325 960 1398 996 quod
1421 959 1514 987 omnia
1535 959 1668 987 miracula
1686 963 1830 987 transcen-

210 994 301 1029 μένεις
328 993 531 1029 παρθενεύουσα
545 1013 553 1026 ,
583 993 706 1028 πάναγνε
724 994 882 1028 θεόνυμφε;
904 994 990 1027 Λόγον

205 1039 259 1074 γὰρ
275 1038 421 1074 ἐγέννησας
431 1039 478 1066 τδν
495 1039 534 1074 τῷ
554 1039 642 1075 Πατρὶ
662 1039 839 1074 συνάναρχον,
855 1036 877 1072 ᾧ
890 1039 990 1070 πάντες

205 1084 353 1119 ψάλλομεν·
367 1084 420 1111 Τὸν
439 1084 541 1120 Κύριον
560 1085 681 1119 ὑμνεῖτε,
697 1084 732 1112 τὰ
749 1084 830 1120 ἔργα,
845 1084 892 1111 καὶ
909 1084 993 1120 ὑπερ-

207 1128 305 1164 υψοῦτε
319 1129 359 1161 εις
372 1131 476 1161 πάντας
490 1129 554 1161 τοὺς
565 1129 676 1161 αἰῶνας.

240 1173 343 1207 Φὲγγος
356 1174 500 1208 ἀστραπῆς
519 1172 566 1200 τοῦ
582 1173 662 1200 τόκου
678 1181 724 1200 σου
735 1173 840 1208 ἔλαμψε
865 1173 914 1200 καὶ
926 1181 992 1200 κατ-

208 1220 351 1254 ιφαιδρυνε
363 1220 453 1246 πᾶσαν
465 1220 515 1255 τὴν
522 1218 644 1254 ὑφήλιον,
655 1219 703 1246 καὶ
717 1219 763 1246 τὸν
776 1220 931 1255 προστάτην
945 1219 992 1246 τοῦ

210 1266 322 1296 σκότους
333 1265 428 1299 ὤλεσε,
437 1265 620 1300 Θεογεννῆτορ
636 1264 768 1300 πάναγνε,
779 1265 904 1299 ἀγγέλων
924 1265 990 1292 καύο

196 1319 297 1345 γημα,
317 1312 364 1337 καὶ
390 1310 542 1346 ἀνθρώπων
567 1311 676 1338 πάντων
704 1311 738 1338 τδ
757 1311 912 1346 διάσωσμα,
938 1311 993 1338 τῶν

209 1355 359 1388 ἀπαύστοις
374 1357 476 1391 φωναῖς
487 1355 682 1392 εὐφημούντων
694 1364 739 1384 σε.

217 1471 267 1498 Ἔνι
276 1471 329 1499 τοῦ
340 1471 476 1504 Kay-(frag.
488 1472 532 1504 εἰς
544 1470 601 1506 τὴν
613 1471 704 1498 ὁσίαν
714 1471 829 1506 μητέρα
843 1471 928 1506 ἡμῶν
941 1472 994 1499 Δο-

457 1507 578 1541 μνικαν,
595 1506 690 1541 ἡμέρᾳ
701 1505 720 1541 η
728 1505 746 1540 ’.

245 1578 301 1606 Καὶ
316 1579 370 1614 πρὸ
383 1578 464 1606 τόκου
477 1578 606 1614 ἄφθορος,
621 1577 701 1614 ἁγνὴ,
715 1578 762 1605 καὶ
778 1578 847 1614 μετὰ
861 1578 912 1614 τὴν
927 1577 995 1614 κύη-

213 1633 255 1651 σιν
263 1625 362 1660 Μήτηρ
373 1625 452 1657 Θεοῦ,
470 1624 616 1659 ὑπερφυῶς
628 1623 768 1658 διέμεινας
783 1631 790 1638 ·
806 1624 868 1651 ὅθεν
885 1633 915 1651 σε
942 1634 995 1651 πο-

213 1671 319 1706 θήσασα
333 1670 398 1706 θείῳ
405 1669 544 1704 Πνεύματι
560 1670 576 1704 ή
590 1670 721 1704 Δομνὶκα,
735 1669 824 1697 ὀπίσω
845 1678 892 1696 σου
911 1670 997 1705 ἄφθο-

213 1725 259 1752 ρος
275 1716 415 1753 προσήχθη
428 1715 466 1751 τῷ
482 1715 649 1752 παμϐασιλεῑ
660 1716 717 1751 Υῐῷ
733 1725 792 1751 σου,
806 1716 936 1752 ἄχραντε.

248 1813 422 1849 Δυνάμωσον,
447 1813 631 1849 πανάχραντε,
654 1814 685 1841 τὸ
712 1814 825 1847 ἀσθενές
850 1823 913 1850 μου,
951 1816 999 1843 Δέ-

214 1859 443 1895 σποινσ,δύναμιν
455 1860 504 1896 τὴν
514 1860 696 1896 τοῦὙψιστου
708 1861 820 1894 τέξασα,
829 1861 878 1896 τὴν
887 1861 919 1888 τδ
930 1859 999 1889 εἶναι

214 1907 281 1932 πᾶσι
296 1905 492 1941 προσέχουσαν,
506 1906 553 1933 καὶ
565 1906 701 1942 Δομνικας
716 1907 766 1941 τὴν
786 1906 896 1942 μνήμην
912 1915 999 1942 μεγα-

215 1951 345 1979 λύνασαν.

249 2009 417 2045 Νεκρώσεως
429 2010 492 2041 τοὺς
507 2010 624 2046 χιτῶνας
634 2008 722 2044 ’Λδὰμ
732 2009 875 2042 ὲξεδύσατο
889 2011 923 2046 τῇ
940 2010 1001 2047 θείᾳ

215 2057 340 2091 γεννήσει
354 2064 411 2090 σου,
427 2056 474 2082 καὶ
486 2056 536 2092 τὴν
551 2056 647 2091 στολὴν
661 2056 829 2091 ἠμφιάσατο,
859 2056 939 2091 μόνος
968 2057 1001 2092 ἢν

215 2102 345 2136 ὲξύφανεν
358 2102 386 2128 ἐν
401 2103 434 2137 τῇ
443 2101 541 2136 γαστρί
555 2109 602 2128 σου
613 2103 628 2129 ὁ
641 2101 728 2136 Λόγος
743 2101 965 2137 σωματούμενος.

251 2147 347 2180 ’Λγιον
365 2145 478 2181 Κύριον,
495 2147 656 2182 Κυριοτόκε,
675 2147 723 2173 τοῦ
750 2146 848 2179 παντὸς
876 2146 1001 2183 τέτοκας,

214 2191 245 2217 ὃν
258 2191 290 2217 ὲκ
304 2190 393 2226 ψυχῆς
405 2191 524 2226 Δομνίκα
552 2191 683 2225 ποθοῦσα,
710 2191 805 2219 παθῶν
832 2191 1003 2227 φθοροποιῶν

216 2238 420 2275 κατακυριεύει,
430 2238 564 2274 Παρθένε,
575 2238 698 2274 ὑμνοῦσα
710 2247 753 2267 σε.

251 2337 436 2372 Δι’ὲμὲ,κατ’
455 2337 506 2371 ἐμὲ
531 2336 700 2372 ἐχρημάτισε
731 2336 832 2372 βρέφος
862 2337 876 2363 ὸ
906 2337 1005 2364 παντέ-

217 2384 297 2415 λειος,
329 2382 511 2415 ἁνακαινὶζων
544 2391 578 2418 με
603 2382 794 2410 παλαιωθέντα
823 2381 932 2415 πάθεσι,
961 2381 1006 2409 διὰ

219 2429 277 2462 σοῦ,
295 2429 416 2464 παναγία
428 2429 573 2464 θεόνυμφε.

259 2485 346 2520 Ίτχύς
363 2494 425 2520 μου,
443 2485 491 2512 καὶ
505 2485 633 2520 ὕμνησις.
647 2485 695 2512 καὶ
712 2486 836 2521 σωτηρία
853 2485 970 2522 ὑπάρχει
991 2487 1006 2513 ὀ

219 2533 331 2568 Κύριος,
341 2533 354 2559 ὅ
362 2534 399 2565 λσε
416 2533 527 2568 Μητέρα
536 2533 673 2567 πάναγνον
686 2534 733 2560 καὶ
741 2534 852 2568 νύμφην
863 2534 1006 2568 ἀνύμφευ-

219 2588 264 2605 τον
279 2579 521 2615 προεκλεξάμενος,
535 2579 564 2606 ὃν
581 2580 651 2615 ὑπὲρ
664 2578 719 2606 τῶν
735 2579 835 2607 δούλων
846 2588 893 2607 σου
908 2580 951 2608 ἀεὶ
967 2580 1006 2615 μὴ

219 2625 346 2662 διαλίπῃς
360 2625 532 2660 πρεσϐεύειν,
551 2625 682 2661 ἅχραντε.

262 2682 291 2709 '0
301 2683 462 2719 ὑπερούσιος
478 2683 543 2715 Θεὸς
554 2682 692 2710 οὐσιοῦται
705 2682 740 2709 δι’
751 2683 825 2718 ἡμᾶς
835 2683 868 2709 ἐκ
882 2682 937 2710 τῶν
951 2682 1006 2710 σῶν

221 2728 393 2763 σπλάγχνων,
410 2728 459 2763 τὴν
474 2728 622 2764 φθαρεῖσαν
643 2729 737 2756 οὐσίαν
754 2729 936 2763 ξὰνακαινίσαι
956 2730 1006 2764 ζη-

220 2773 286 2807 τῶν,
301 2774 336 2801 δι’
352 2772 454 2807 οἶκτον,
470 2774 604 2810 Παρθένε,
616 2775 664 2802 καὶ
680 2774 765 2809 ἔλεον,
779 2775 794 2801 ό
811 2775 1007 2811 δεδοξασμένος

220 2816 261 2848 εις
275 2817 379 2850 πάντας
390 2819 453 2850 τοὺς
468 2818 580 2850 αἰῶνας.
619 2855 624 2858 Ι

256 2908 351 2935 Φείσαί
360 2917 423 2944 μου,
438 2908 532 2945 Κύριε,
549 2910 723 2946 φεῖσαιιὸταν
736 2911 837 2948 μέλλῃς
853 2920 887 2947 με
898 2912 1002 2948 κρῖναι,

1043 1006 1095 1034 dit!
1111 1007 1255 1040 Quomodo
1269 1006 1353 1041 paris,
1368 1010 1394 1034 et
1410 1013 1553 1041 permanes
1567 1005 1662 1041 Virgo,
1674 1013 1691 1033 ο
1705 1005 1830 1033 castissi-

1044 1059 1088 1079 ma
1100 1060 1199 1087 sponsa
1213 1051 1277 1078 Dei?
1292 1051 1426 1079 Nimirum
1443 1051 1562 1079 Verbum
1575 1051 1648 1078 Patri
1663 1055 1828 1079 comternum

1043 1097 1172 1132 genuisti,
1202 1097 1246 1124 cui
1271 1104 1366 1124 omnes
1384 1097 1551 1130 psallhnus:
1583 1095 1714 1130 [.audate,
1739 1097 1831 1123 omnia

1043 1150 1136 1177 opera,
1149 1147 1176 1170 et
1193 1143 1392 1177 superexaltate
1406 1142 1550 1170 D‘ominum
1566 1143 1592 1169 in
1611 1143 1703 1170 omnia
1715 1142 1827 1170 stecula.

1078 1187 1162 1215 Jul-ar
1176 1187 1290 1223 fulgoris
1307 1192 1400 1223 partus
1423 1187 1461 1215 tui
1485 1187 1596 1219 effulsit,
1618 1192 1700 1223 atqtte
1717 1188 1829 1215 univer-

1043 1241 1104 1260 sum
1121 1238 1256 1261 terrarum
1275 1234 1368 1260 orbem
1387 1233 1528 1262 laetissimo
1541 1234 1644 1261 lumine
1658 1233 1785 1268 perfudit,
1800 1241 1832 1260 ac

1044 1280 1219 1307 tenebrarum
1237 1280 1386 1315 principem
1409 1279 1539 1315 perdidit,
1555 1287 1571 1307 ο
1587 1279 1634 1306 Dei
1645 1279 1766 1306 Genitrix
1783 1286 1830 1305 ea-

1043 1325 1176 1358 stissima,
1199 1325 1358 1360 angelorum
1386 1326 1525 1361 gloriatio,
1543 1330 1625 1360 atque
1640 1325 1762 1352 omnium
1782 1324 1832 1351 ho-

1045 1371 1148 1399 minum
1165 1371 1252 1406 salus,
1269 1371 1316 1407 qui
1339 1371 1541 1400 incessantibus
1561 1371 1674 1399 vocibus
1691 1375 1717 1398 te
1733 1377 1832 1398 emice-

1045 1417 1161 1445 lebrant.

1047 1478 1091 1506 Ea:
1116 1479 1223 1508 (Iunone
1260 1480 1287 1507 in
1323 1484 1442 1507 sanctam
1470 1479 1584 1507 Matrem
1625 1484 1744 1507 nostram
1777 1479 1833 1506 Do-

1326 1516 1452 1548 muicam,
1467 1515 1508 1542 die
1521 1516 1547 1543 8.

1082 1588 1152 1615 Ante
1161 1591 1267 1622 partum
1281 1587 1450 1622 incorrupta,
1460 1585 1542 1614 etiam
1556 1589 1618 1622 post
1630 1591 1737 1622 partum
1750 1585 1833 1620 Virgo

1048 1633 1225 1669 permansisti
1244 1641 1325 1668 supra
1351 1638 1456 1660 natura:
1479 1633 1615 1665 ordinem,
1634 1641 1651 1660 o
1674 1632 1720 1659 Dei
1739 1632 1833 1660 Slater.

1048 1679 1230 1712 Quamobrem
1247 1678 1301 1714 50
1318 1679 1446 1707 Domnica
1463 1683 1489 1706 te
1504 1679 1530 1706 in
1552 1677 1655 1713 Spiritu
1678 1684 1772 1706 sancto
1787 1678 1836 1705 de-

1049 1726 1184 1758 siderans,
1199 1731 1260 1761 post
1269 1729 1294 1753 te
1309 1726 1465 1761 incorrupta
1478 1726 1595 1754 adducta
1604 1729 1655 1758 est,
1667 1732 1684 1752 ο
1695 1725 1835 1757 inviolata,

1049 1773 1105 1807 regi
1121 1772 1243 1800 omnium
1257 1772 1326 1800 Filio
1336 1777 1392 1801 tuo.

1083 1817 1248 1851 Corrobora,
1271 1826 1288 1846 o
1305 1819 1546 1846 intemeratissima
1571 1819 1695 1852 Domina,
1721 1819 1837 1846 infirmi-

1051 1867 1132 1890 tatem
1155 1871 1255 1897 meam,
1270 1868 1298 1891 tu
1314 1871 1376 1898 quae
1396 1864 1524 1892 virtutem
1542 1865 1676 1892 Altissimi
1696 1865 1836 1900 peperisti,

1050 1915 1111 1943 quae
1135 1909 1264 1937 omnibus
1292 1909 1340 1937 dat
1366 1916 1438 1943 esse,
1468 1915 1495 1937 et
1517 1910 1655 1938 Domnica:
1675 1911 1834 1937 memoriam

1051 1954 1218 1988 magnitleat.
1687 1956 1689 1958 ’

1086 2007 1190 2036 Tunica
1212 2009 1385 2037 mortalitatis
1401 2009 1477 2037 exuit.
1497 2009 1630 2042 Adamus,
1650 2009 1741 2037 divino
1758 2014 1836 2043 partu

1052 2059 1109 2088 tuo,
1136 2060 1162 2083 et
1186 2055 1274 2083 induit
1297 2063 1327 2084 se
1354 2056 1434 2089 stola,
1459 2064 1539 2091 quam
1562 2055 1734 2083 incarnatum
1772 2055 1838 2083 Ver-

1052 2102 1117 2129 bum
1147 2101 1234 2130 solum
1258 2101 1286 2129 in
1318 2107 1397 2129 utero
1426 2107 1472 2130 tuo
1506 2102 1656 2130 contexuit.

1090 2147 1220 2175 Sanctum
1233 2147 1355 2176 onmium
1371 2148 1515 2175 Dominum
1530 2149 1669 2184 peperisti.
1685 2157 1702 2176 ο
1716 2149 1839 2176 Domini—

1053 2201 1130 2230 para,
1165 2201 1247 2229 quem
1281 2202 1315 2221 ex
1347 2194 1438 2222 animo
1470 2193 1599 2222 Domnica
1629 2195 1839 2230 cont-upisccus,

1054 2240 1213 2274 passionum
1236 2239 1439 2268 mortiferarum
1465 2239 1631 2274 dominatur,
1656 2244 1692 2274 te,
1710 2248 1726 2267 ο
1746 2239 1839 2276 Virgo,

1055 2285 1225 2313 collaudans.

1089 2340 1204 2375 Propter
1216 2347 1258 2367 me
1275 2339 1362 2367 factus
1374 2343 1415 2367 est
1428 2339 1526 2366 similis
1541 2339 1592 2366 mei
1611 2339 1702 2367 infans
1718 2339 1772 2372 ille,
1792 2341 1838 2375 qui

1055 2390 1097 2414 est
1109 2385 1343 2421 perfectissimus,
1363 2390 1392 2412 ut
1406 2392 1449 2412 me
1465 2384 1641 2419 passiunibus
1660 2384 1840 2413 inveteratum

1054 2435 1198 2458 renovaret
1211 2437 1258 2464 per
1273 2435 1309 2463 te,
1322 2437 1338 2457 ο
1352 2429 1526 2457 sanctissima
1543 2429 1590 2457 Dei
1607 2436 1718 2464 sponsa.

1091 2486 1232 2515 Fortitudo
1245 2494 1313 2519 mea,
1330 2490 1358 2514 et
1372 2485 1431 2514 laus
1446 2491 1473 2513 et
1487 2486 1567 2514 salus
1574 2493 1633 2513 mea
1644 2485 1839 2519 esl‘DOminus,

1056 2532 1103 2567 qui
1124 2537 1150 2559 te
1173 2531 1285 2559 Matrem
1310 2531 1587 2563 intaminatissimam,
1604 2535 1632 2558 et
1651 2538 1780 2565 sponsam
1799 2531 1841 2557 in-

1056 2583 1168 2613 nuptam
1186 2577 1282 2613 elegit;
1296 2577 1368 2613 apud
1382 2584 1462 2612 quem
1477 2584 1512 2604 ne
1527 2577 1842 2612 praetermittas-assidue

1055 2631 1106 2658 pro
1121 2623 1211 2651 servis
1224 2622 1277 2650 tuis
1288 2623 1465 2655 intercedere,
1481 2630 1499 2650 ο
1514 2623 1656 2650 inviolata.

1093 2679 1369 2715 Supersubstantialis
1381 2679 1490 2707 Deuslit
1500 2679 1654 2707 substantia
1669 2681 1778 2714 propter
1788 2684 1839 2705 nos

1055 2734 1090 2754 ex
1109 2726 1262 2754 visceribus
1282 2727 1346 2760 tuis,
1365 2727 1547 2755 substantiam
1563 2730 1720 2761 corruptam
1747 2725 1839 2752 redin-

1056 2776 1163 2806 tegrare
1176 2771 1297 2807 cupiens,
1318 2779 1335 2799 ο
1350 2771 1444 2807 Virgo,
1463 2776 1576 2806 propter»
1587 2777 1664 2798 suam
1682 2769 1839 2797 misericor-

1056 2817 1139 2850 diam,
1165 2820 1192 2844 et
1215 2817 1360 2852 pietatem,
1386 2816 1432 2851 qui
1460 2820 1502 2844 est
1529 2814 1664 2851 gloriosus
1690 2813 1719 2841 in
1747 2814 1840 2842 omnia

1057 2863 1164 2892 saecula.

1093 2909 1179 2938 llarce
1192 2909 1272 2943 mihi,
1286 2907 1410 2942 Domine,
1424 2915 1504 2944 parce
1518 2915 1580 2935 cum
1597 2907 1704 2935 veneris
1719 2907 1752 2935 ad
1766 2906 1840 2943 judi-
