2077 3157
243 158 332 218 "ton

807 185 838 214 S.
858 183 1015 215 JOSEPHI
1037 184 1313 215 lIYMNOGRAPIII

1820 181 1889 213 1058

265 239 382 267 cundum
406 247 466 272 me,
482 245 508 266 et
534 247 566 267 ne
586 248 628 267 me
655 240 820 268 condemnes
837 241 870 267 ad
889 241 996 276 ignem,
1017 248 1050 267 nc

1102 241 1148 268 καὶ
1165 241 1203 276 μὴ
1218 241 1402 276 χαταδικάσῃς
1420 248 1452 275 με
1466 239 1506 272 εἰς
1524 238 1590 274 πῦρ,
1608 238 1646 274 μὴ
1679 238 1718 273 τῷ
1746 237 1892 273 ουμῷ,σου

265 285 292 312 in
308 285 346 312 ira
367 290 412 312 tua
428 293 526 320 arguas
541 294 599 318 me;
624 291 749 321 precatur
766 291 791 313 te
816 286 907 321 Virgo,
927 295 986 321 qua:
1002 294 1050 321 pc-

265 331 335 366 perit
361 335 397 362 te,
413 338 429 357 ο
454 331 572 363 Christe.
596 339 648 359 una
676 340 739 359 cum
762 332 922 368 angelorum
950 332 1050 365 turbis,

264 384 346 412 atque
360 377 503 405 ordinibus
518 383 686 405 sanctorum.

265 433 308 461 Ea:
324 434 430 462 Canam
451 435 479 461 in
495 434 545 462 SS.
566 434 720 470 Ilermglum
735 440 759 462 et
784 435 963 463 Strulonicum
979 435 1050 463 Mill.

599 471 640 497 die
661 471 705 498 15.

297 521 442 555 Dominus,
454 523 500 558 qui
518 531 533 550 a
547 523 621 551 nulla
635 530 761 551 creatura
773 525 833 559 capi
851 529 899 552 aut
915 524 1050 552 contineri

262 573 362 601 potest,
388 568 415 596 in
441 574 477 601 te,
500 568 626 602 Domina,
648 569 816 602 continetur,
839 573 949 604 propter
972 577 1049 597 suam

262 614 480 642 misericordiam
505 614 556 650 51
580 615 668 644 factus
691 616 785 649 homo,
810 620 839 643 ut
864 615 988 643 homines
1003 622 1050 650 per

263 659 427 687 inrll‘abilem
452 660 648 689 humanitatem
676 669 708 689 ac
737 661 931 696 benignitatem
958 661 1049 688 salvos

261 707 354 734 faciat.

296 751 320 780 0
333 752 521 785 sanctissima,
535 759 596 786 qua:
608 752 813 780 sanctissimum
832 751 950 780 Verbum
966 759 1048 787 pepe-

262 797 335 830 risti,
356 798 495 826 sanctiﬁca
516 797 622 826 animas
637 802 665 825 et
684 805 799 832 corpora
819 803 925 831 nostra.
945 799 1008 826 dum
1023 803 1049 826 te

262 844 338 871 ontni
352 843 431 871 laude
446 843 635 878 dignissimam
646 843 844 871 beatiﬁcatnus.

299 890 421 918 Renovat
443 889 589 917 humanam
617 894 743 916 naturam
765 897 853 918 novus
875 889 975 923 infans,
997 890 1048 918 Do-

263 935 365 968 minus,
387 935 434 970 qui
450 940 492 963 est
512 940 575 963 ante
590 934 701 967 saecula,
720 942 855 970 apparens
872 943 905 963 cx
928 935 1048 971 Virgine,
1065 927 1087 956 Β

263 981 353 1008 factus
363 981 455 1009 homo.
470 980 508 1008 llli
528 981 725 1009 concinamus:
742 980 846 1014 Gloria,
861 980 987 1015 Domine,
1003 989 1051 1017 po-

264 1026 355 1053 tentia:
375 1030 438 1054 tute.

300 1071 385 1100 Deum
411 1079 495 1107 supra
512 1079 623 1100 omnem
645 1072 783 1101 sermonis
804 1072 960 1108 mentisque
981 1079 1049 1100 con-

263 1122 371 1154 ceptum
388 1118 519 1154 genuisti,
535 1123 563 1145 et
573 1118 662 1153 qualis
677 1118 768 1146 fueras
783 1122 845 1146 ante
858 1123 978 1152 parturn,
989 1122 1052 1154 post

264 1168 373 1198 partum
387 1162 468 1190 etiam
494 1163 668 1198 perntansisti
683 1162 769 1198 virgo,
788 1170 804 1191 ο
818 1167 894 1191 casta
912 1161 967 1191 Deo
982 1163 1051 1190 cha-

264 1207 386 1235 rissima.

299 1252 462 1281 Passionum
486 1253 577 1281 carnis
609 1260 676 1282 mea:
705 1252 817 1286 ﬂuctus,
847 1258 873 1282 te
898 1261 1006 1289 precor,
1033 1260 1050 1281 o

263 1299 363 1335 puella,
382 1299 423 1326 iac
443 1299 595 1334 quiescere,
614 1307 646 1327 ac
662 1299 744 1326 veluti
759 1298 926 1332 obdormire,
944 1305 1050 1333 semper

263 1346 387 1380 vigilanti
403 1346 598 1373 intercessione
612 1349 675 1379 tua;
692 1353 780 1381 neque
799 1345 874 1373 siuas
887 1352 930 1373 mc
943 1345 969 1372 in
985 1352 1049 1380 pru-

264 1392 458 1421 l'undissimum
475 1392 579 1426 peccati
597 1398 721 1419 somnum
738 1391 870 1418 incidere.

299 1436 350 1470 Te,
367 1444 428 1472 quae
442 1437 505 1464 vita:
515 1444 615 1464 manna
628 1437 654 1464 in
673 1442 750 1464 utero
765 1436 891 1471 portasti,
907 1443 977 1463 urna
992 1434 1049 1468 illa,

263 1490 325 1517 qua:
343 1489 445 1510 manna
458 1482 628 1513 continebat,
644 1481 708 1508 olim
730 1481 872 1509 verissime
887 1488 920 1509 ac
932 1480 1050 1508 manife-

265 1528 386 1556 stissime
400 1527 600 1563 praeﬁgurabat.
622 1527 768 1555 Benedicta
785 1531 813 1555 tu
834 1528 861 1554 in
878 1525 1050 1563 mulieribus,

264 1582 281 1602 ο
299 1573 413 1601 Domina
432 1573 592 1608 purissima.

299 1620 428 1655 Aperitur
449 1626 496 1653 per
513 1623 539 1646 te
554 1619 654 1646 iterum
675 1617 805 1652 antiquus
829 1617 875 1644 ille
889 1615 1047 1649 Paradisus.
1062 1608 1085 1637 (ἶ

266 1671 293 1694 et
317 1665 502 1693 introducitur
525 1665 553 1692 in
571 1673 632 1692 eum
661 1664 742 1692 homo
763 1669 843 1692 antea
857 1663 1013 1696 damnatus,
1031 1670 1048 1690 ο

266 1716 342 1738 casta
361 1711 416 1738 Deo
432 1710 604 1738 charissima.
633 1710 665 1737 Et
683 1710 753 1736 Deus
771 1709 913 1736 verissime
932 1709 1049 1736 assumit

267 1756 408 1783 hominum
428 1763 548 1782 massam
565 1754 742 1783 claman‘ium
761 1764 769 1782 :
797 1754 936 1787 Laudate,
954 1754 1047 1783 omnia

265 1809 359 1836 opera,
378 1800 535 1828 Dominum.

301 1847 507 1875 Exhorrescunt
530 1846 671 1875 cherubim
691 1845 812 1874 videntes
829 1845 947 1875 Verbum
969 1846 1047 1880 illud,

266 1893 339 1928 quod
354 1893 426 1921 inter
440 1899 489 1920 eos
504 1892 632 1920 inell‘abili
650 1892 733 1920 verbo
756 1895 808 1924 est,
827 1897 854 1920 et
873 1892 1048 1927 residet,,ge-

266 1943 366 1966 statuat
384 1938 516 1966 maternis
528 1938 601 1966 ulnis
615 1938 671 1965 tuis
683 1937 825 1971 infantem,
844 1946 860 1966 ο
873 1939 1048 1967 sanctissima

265 1983 391 2019 Domina,
406 1991 467 2019 quae
482 1991 527 2013 res
539 1991 636 2012 omnes
649 1987 755 2012 creatas
773 1983 914 2020 dignitatis
935 1984 1048 2013 celsitu-

265 2030 329 2058 dine
340 2030 482 2065 praecellis.

441 2092 484 2120 Ea:
501 2093 584 2120 altera
602 2093 629 2120 in
637 2093 742 2122 eosdem
755 2092 873 2122 Conone.

301 2165 450 2201 Compesce
473 2170 647 2200 peccatorum
669 2173 791 2193 meorum
812 2164 913 2197 (luxus,
931 2169 972 2199 tu,
989 2171 1050 2199 qua:

266 2211 364 2238 mortis
373 2210 555 2246 corruptelam
565 2215 644 2246 partu
653 2214 700 2238 tuo
709 2210 852 2238 exsiccasti
862 2219 870 2244 ;
880 2215 907 2237 et
916 2218 1049 2246 compun-

266 2257 385 2285 ctionem
397 2256 518 2284 concede
532 2255 611 2288 mihi,
624 2263 641 2284 ο
655 2255 702 2284 Dei
714 2255 837 2284 Genitrix
854 2256 1011 2291 purissima.

301 2301 413 2329 Gladius
434 2300 479 2328 ille
508 2300 654 2332 versatilis,
681 2300 727 2335 qui
752 2298 875 2328 Paradisi
905 2301 1047 2336 ingressus

269 2346 462 2381 pra‘cludcbat,
483 2345 622 2373 erubescit
637 2353 669 2373 ac
688 2346 791 2380 pudore
812 2345 985 2380 perfunditur
1008 2347 1048 2373 vi-

266 2392 334 2419 dens
349 2391 470 2418 lanceam
483 2390 570 2424 illam,
587 2399 647 2426 qua:
657 2390 756 2418 Filium
772 2397 859 2424 tuum,
872 2399 889 2420 ο
898 2391 981 2428 Virgo
991 2392 1048 2419 illa-

267 2442 318 2467 ter,
335 2436 497 2465 vulneravit.

302 2481 356 2517 52
384 2480 426 2509 Me
453 2481 480 2509 in
506 2481 621 2517 segnitie
649 2482 841 2515 dormientem,
871 2486 898 2510 et
930 2483 1048 2517 peccatis

266 2532 439 2563 coopertum,
457 2528 490 2555 ad
511 2529 697 2563 paenitentiam
717 2528 816 2562 excita,
840 2535 857 2556 ο
883 2529 1047 2562 castissima,

267 2579 397 2609 tanquam
411 2573 493 2602 Verbi
515 2574 609 2602 Mater.

302 2619 445 2653 Tanquam
461 2619 588 2654 pulchra,
606 2624 737 2656 tanquam
761 2620 896 2656 speciosa,
916 2625 1047 2656 tanquam

265 2666 393 2702 puritatis
416 2665 522 2701 fulgore
552 2674 712 2698 coruscans.
742 2666 859 2694 Verbum
891 2668 1046 2702 speciosum

267 2712 354 2739 forma
367 2712 517 2746 corporasti
530 2719 563 2740 ac
580 2712 718 2748 peperisti,
730 2720 746 2740 ο
757 2712 841 2748 Virgo
852 2712 939 2740 Mater
951 2722 958 2740 :
973 2713 1047 2748 quod

266 2758 359 2786 divina
374 2758 534 2793 operatione
553 2759 681 2787 omnibus
695 2759 741 2787 dat
754 2767 815 2788 esse
834 2767 867 2788 ex
883 2760 985 2788 divitiis
1002 2760 1049 2788 be-

266 2804 408 2846 nignitatis
420 2812 488 2833 suae.

302 2848 386 2882 Sana,
407 2858 424 2878 ο
444 2851 558 2886 Deipara
587 2850 679 2886 Virgo,
706 2855 833 2887 tanquam
865 2852 1046 2887 compatiens,

266 2896 408 2930 passiones
424 2896 540 2925 inﬁrmae
561 2897 660 2926 animae
677 2905 753 2931 metu,
775 2903 803 2926 et
817 2897 940 2926 dolorem
955 2898 1046 2927 cordis

1105 287 1216 322 ἐλέγξῃς
1230 295 1275 322 με,
1283 287 1402 313 δυσωπεῖ
1413 294 1442 312 σε
1456 286 1606 320 Παρθένος,
1617 285 1635 319 ἦ
1646 293 1675 311 σε
1687 293 1788 320 κυοφορ
1795 287 1893 318 ignea,

1104 333 1216 368 Χριστὲ,
1234 332 1289 359 τῶν
1302 332 1426 366 ἀγγέλων
1437 331 1472 358 τὰ
1487 331 1586 367 πλήθη,
1598 331 1646 357 καὶ
1659 330 1713 357 τῶν
1728 330 1807 356 ὁσίων
1822 331 1891 364 τάγ-

1107 386 1192 412 ματα.

1110 434 1159 461 Ἐκ
1171 434 1224 461 τοῦ
1238 434 1373 466 Ιιανόνος
1388 434 1432 466 εὶς
1447 433 1520 466 τοὺς
1533 433 1636 467 ἁγίους
1648 433 1802 466 μάρτυρας
1823 433 1894 466 Ἔρ-

1217 470 1318 503 μυλον
1332 469 1380 496 καί
1396 469 1604 503 Στρατόνικον,
1621 468 1715 502 ἡμέρῃ
1730 467 1782 502 sf.

1143 523 1290 558 ’Υπάρχων
1305 524 1320 550 ὁ
1335 523 1406 551 κατὰ
1422 523 1505 557 φύσιν
1520 523 1621 558 Κύριος
1639 524 1722 549 πᾶσιν
1737 522 1892 557 ἀχώρητος,

1103 571 1132 597 ὲν
1145 570 1186 597 σοὶ
1227 571 1367 607 χωρεῖται,
1411 570 1556 602 Δέσποινα,
1582 569 1677 605 βροτὸς
1705 569 1894 604 εὐσπλαγχνίᾳ

1102 616 1258 650 γενόμενος,
1276 615 1319 642 ἵνα.
1347 615 1461 650 βροτοὺς
1491 615 1526 642 δι’
1554 616 1658 650 ἄφατον
1686 614 1893 650 φιλανθρωπίαν

1100 661 1278 697 διασώσηται.

1142 753 1294 789 Ὑπεραγία
1306 753 1455 790 ὑπεράγων
1467 753 1553 787 Λόγον
1570 753 1706 788 κυήσασα,
1722 752 1890 786 καθαγῐασον

1099 798 1176 834 ἡμῶν
1189 798 1236 825 καὶ
1245 799 1294 831 τὰς
1305 799 1393 834 ψυχὰς
1403 799 1450 826 καὶ
1459 797 1493 825 τὰ
1500 798 1614 834 σώματα
1623 798 1677 824 τῶν
1686 797 1891 834 μακαριζόντων

1099 853 1130 872 σε
1145 845 1193 880 τὴν
1210 844 1424 881 παναμώμητον.

1135 898 1268 931 Νεωργεῖ
1287 897 1338 933 τὴν
1361 897 1562 933 ἀνθρωπότητα
1587 897 1646 924 νέον
1678 895 1789 931 βρέφος,
1807 896 1822 922 ὁ
1837 895 1893 932 πρὸ

1103 944 1209 972 αἰώνων
1225 943 1338 979 Κύριος,
1353 943 1447 978 ὀφθεὶς
1460 944 1491 970 ἐκ
1503 943 1653 979 Παρθένου,
1671 943 1718 969 καὶ
1739 942 1831 977 βροτὸς
1846 950 1891 975 γε·

1103 987 1215 1022 νόμενος
1223 994 1231 1002 '
1243 987 1319 1022 αὐτῷ
1337 987 1539 1023 μελῳδήσωμεν
1551 995 1558 1003 ·
1569 987 1640 1021 Δόξα
1656 988 1690 1022 τῇ
1700 987 1814 1022 δυνάμει
1831 995 1892 1019 σου,

1103 1033 1200 1068 Κύριε.

1147 1077 1283 1112 Ἐκύησας
1299 1077 1366 1105 Θεὸν
1378 1077 1450 1114 ὑπὲρ
1463 1077 1543 1112 λόγον
1555 1077 1604 1105 καὶ
1617 1077 1732 1111 ἔννοιαν,
1745 1078 1793 1104 καὶ
1817 1077 1891 1112 ἔμει-

1104 1132 1152 1156 νας
1168 1124 1238 1159 μετὰ
1249 1125 1327 1152 τόκον
1342 1124 1380 1157 ὡς
1405 1124 1458 1161 πρὸ
1473 1124 1555 1152 τόκου
1572 1125 1717 1160 παρθένος,
1733 1124 1802 1159 ἁγνὴ
1823 1125 1889 1151 Θεο-

1104 1170 1248 1206 χαρίτωτε.

1139 1261 1279 1296 Κοίμησον
1295 1259 1350 1287 τῶν
1367 1260 1462 1288 παθῶν
1471 1260 1521 1296 τῆς
1532 1260 1632 1297 σαρκός
1646 1270 1698 1297 μου
1712 1261 1746 1288 τὰ
1779 1260 1812 1287 uti
1817 1269 1890 1296 ματα

1103 1308 1136 1343 τῇ
1148 1307 1289 1344 ἀκοιμήτῳ
1302 1315 1359 1341 σου,
1368 1307 1448 1344 κόρη,
1466 1307 1566 1344 ἱκεσίᾳ,
1578 1308 1689 1343 δέομαι,
1709 1308 1755 1335 καὶ
1769 1308 1806 1344 μὴ
1816 1307 1890 1344 δώῃς

1104 1354 1241 1389 ἁμαρτίας
1254 1354 1416 1389 ἀφυπνῶσαί
1432 1363 1467 1391 με
1482 1354 1566 1382 ὕπνον
1581 1354 1742 1390 βαρύτατον.

1139 1435 1173 1463 Σὲ
1201 1435 1250 1472 τὴν
1263 1435 1294 1462 τδ
1317 1435 1474 1471 μάννατῆς’
1492 1435 1564 1471 ζωῆς
1577 1437 1608 1462 ὲν
1629 1435 1719 1471 κοιλίᾳ.
1741 1435 1888 1470 φέρουσαν,

1104 1480 1188 1507 πάλαι
1202 1480 1366 1515 μανναδόχος
1385 1480 1504 1516 στάμνος
1532 1481 1570 1512 ὡς
1598 1480 1708 1515 ἀληθῶς
1729 1480 1888 1515 προετύπου

1104 1526 1305 1562 ἔμφανέστατα,
1321 1526 1499 1562 Εὐλογημένη
1514 1527 1546 1554 σὺ
1556 1528 1585 1554 ὲν
1598 1527 1716 1562 γυναιξὶ,
1731 1527 1888 1562 πανάμωμε

1103 1572 1246 1600 Δέσποινα.

1138 1618 1289 1652 ’Λνοίγεται
1312 1617 1393 1646 πάλιν
1412 1618 1457 1646 διὰ
1475 1618 1522 1645 σοῦ
1534 1619 1549 1645 ὀ
1564 1618 1630 1654 πρὶν
1645 1619 1823 1654 Παρὰδεισος,
1840 1618 1888 1644 καὶ

1099 1662 1276 1697 ἐπεισάγεται
1289 1664 1303 1690 ὁ
1318 1664 1384 1699 πρὶν
1395 1665 1559 1699 κατάκριτος
1571 1664 1725 1699 ἄνθρωπος,
1742 1664 1790 1691 καὶ
1808 1663 1887 1690 Θεοῦ-

1102 1709 1341 1746 ταιὰληθέστατα,
1361 1710 1543 1746 Θεοχαρίτωτε
1559 1710 1638 1745 ἁγνὴ,
1661 1710 1764 1746 βροτῶν
1779 1710 1810 1736 τὸ
1837 1709 1889 1744 φύ-

1101 1763 1186 1790 ραμα,
1198 1755 1254 1782 τῶν
1266 1756 1391 1791 βοόντων·
1410 1757 1504 1784 Πάντα
1515 1756 1548 1783 τὰ
1558 1756 1636 1792 ἔργα,
1651 1757 1760 1791 ὑμνεῖτε
1774 1755 1819 1782 τὸν
1832 1755 1888 1782 Κύ-

1100 1809 1169 1836 ριον.

1133 1847 1241 1883 Φρίττει
1254 1843 1388 1883 χερουΰὶμ
1402 1847 1561 1883 καθορῶντα
1576 1848 1621 1875 τὸν
1630 1849 1658 1876 ἐν
1671 1849 1763 1880 αὐτοῖς
1775 1849 1889 1884 ὰρῤήτῳ

1099 1892 1171 1928 λόγῳ
1184 1893 1415 1929 ιπικαϐεζόμενον
1430 1894 1526 1929 Λόγον,
1546 1894 1650 1930 μητρὸς
1664 1894 1796 1928 ἀγκάλαις
1821 1894 1887 1928 βρέ-

1099 1947 1149 1973 φος
1165 1939 1349 1975 κρατούμενόν
1361 1948 1419 1974 σου,
1436 1941 1558 1975 παναγὶα
1567 1941 1714 1973 Δέσποινα,
1731 1941 1888 1976 ὑψηλοτέρα

1099 1984 1189 2022 πάσης
1203 1985 1330 2018 κτίσεως.

1174 2097 1224 2125 Ἐκ
1235 2097 1288 2126 τοῦ
1295 2097 1399 2132 ἐτέρου
1413 2099 1548 2131 Κανόνας
1560 2099 1604 2132 εις
1611 2098 1683 2133 τοὺς
1695 2099 1816 2132 αὐτούς.

1135 2170 1239 2206 Στῆσόν
1258 2180 1308 2206 μου
1323 2171 1461 2207 ἁμαρτίας
1476 2172 1539 2205 τοὺς
1559 2171 1681 2207 ὀχετοὺς,
1697 2173 1714 2207 ὴ
1735 2172 1782 2199 τοῦ
1808 2172 1890 2200 θανά-

1099 2226 1147 2244 του
1160 2217 1209 2252 τὴν
1224 2217 1328 2252 φθορὰν
1341 2217 1380 2252 τῷ
1391 2217 1463 2253 τόκῳ
1479 2226 1527 2244 σου
1545 2218 1703 2253 μαράνασα,
1721 2218 1768 2245 καὶ
1797 2219 1886 2246 κατά-

1063 2276 1085 2303 D
1101 2263 1175 2296 νυξίν
1190 2271 1236 2298 μοι
1250 2263 1305 2295 δὺς,
1317 2263 1472 2299 Θεοκυῆτορ
1488 2264 1654 2298 πανάμωμε.

1140 2309 1274 2344 Ῥομφαιία
1288 2309 1319 2336 τὸ
1334 2309 1399 2344 πρὶν
1414 2310 1431 2344 ἡ
1449 2309 1618 2344 στρεφομένη
1632 2309 1682 2340 τὰς
1696 2309 1816 2340 εἰσόδους
1841 2318 1888 2344 μοι

1100 2353 1218 2388 διδοῦσα,
1234 2354 1381 2389 αἰδουμένη
1402 2354 1452 2390 τὴν
1465 2355 1646 2389 κεντήσασαν,
1662 2355 1884 2391 Παρθενομῆτορ,

1100 2400 1211 2436 λόγχην,
1226 2401 1271 2428 τὸν
1287 2401 1319 2428 ὲκ
1331 2400 1378 2427 σοῦ
1391 2400 1531 2436 τεχθέντα.

1140 2487 1275 2524 Ῥᾳθυμίᾳ
1301 2487 1478 2520 καθεύδοντα,
1494 2487 1541 2514 καὶ
1562 2490 1593 2524 τῇ
1608 2489 1730 2525 ἁμαρτίᾳ
1748 2489 1885 2523 συγκαλυ-

1101 2533 1244 2567 πτόμενον,
1255 2533 1322 2567 πρὸς
1336 2532 1479 2567 μετάνοιάν
1493 2540 1536 2567 με,
1548 2533 1679 2566 πάναγνε,
1689 2533 1727 2564 ὡς
1741 2533 1786 2558 τοῦ
1796 2533 1885 2565 Λόγου

1100 2579 1200 2614 Μήτηρ
1214 2579 1391 2606 ἀνακάλεσαι.

1141 2626 1184 2656 '0;
1198 2625 1278 2659 καλὴ,
1290 2625 1326 2654 ὡς
1340 2624 1437 2659 ὡραία,
1447 2624 1485 2655 ὡς
1494 2625 1527 2659 τῇ
1535 2623 1703 2659 καθαρότητι
1712 2622 1884 2658 περιαστρά-

1100 2678 1215 2703 πτουσα,
1244 2669 1290 2696 τὸν
1311 2669 1411 2705 ὡραῖον
1429 2669 1520 2696 κάλλει
1545 2668 1729 2703 ὲσωμάτωσας
1737 2668 1822 2702 Λόγον
1835 2667 1886 2696 καὶ

1100 2716 1222 2748 τέτοκας,
1239 2715 1285 2742 τὸν
1296 2716 1326 2742 τὸ
1336 2713 1405 2742 εἶναι
1426 2716 1492 2742 πᾶσι
1503 2714 1680 2750 Θεουργικῶς,
1708 2713 1886 2750 Παρθενομῆ-

1099 2769 1161 2797 τορ,
1178 2761 1365 2798 παρεχόμενον
1381 2760 1488 2796 πλούτῳ
1503 2760 1698 2797 χρηστότητος.

1135 2853 1176 2880 Τὰ
1192 2852 1264 2887 πάθη
1281 2852 1330 2886 τῆς
1347 2851 1512 2887 ἀσθενούσης
1530 2859 1582 2886 μου
1607 2851 1708 2886 ψυχῆς.
1724 2851 1814 2878 καὶτὸ
1839 2851 1888 2879 ἆλ-

1101 2907 1147 2934 γος
1164 2898 1214 2934 τῆς
1235 2899 1359 2934 καρδίας,
1372 2897 1505 2934 Παρθένε,
1528 2897 1576 2924 καὶ
1595 2897 1643 2924 τοῦ
1667 2898 1726 2930 νοὸς
1745 2898 1883 2933 ἐκτροπάς
