2077 3157
205 211 274 245 1019

900 215 1019 245 ΜΜΗᾹ
1026 215 1081 245 LE.

1755 211 1826 245 1050

204 265 402 300 πολυτρόπους.
417 265 453 297 ὡς
473 266 629 302 συμπαθὴς,
658 266 784 299 Θεοτόκε,
811 267 990 302 θεράπευσον,

1045 268 1107 300 mei,
1124 271 1277 301 mentisque
1297 267 1388 294 varias
1403 268 1578 302 evagationes
1603 271 1630 294 et
1655 273 1762 296 errores
1778 278 1784 296 :
1802 274 1830 296 et

205 312 254 338 καὶ
265 311 384 338 κότιασον
398 311 429 338 τὸ
440 312 557 346 χαλεπὸν
576 313 630 339 τῶν
664 312 758 340 παθῶν
769 321 819 348 μου
848 313 992 341 κλυδώνιον

206 357 313 392 δέομαι.

240 402 319 428 Λύων
348 402 397 438 τῆς
424 402 495 435 Εὔας
504 404 553 438 τὴν
581 403 716 438 κατάραν,
743 403 793 438 τὴν
822 404 992 440 πανάμωμον

205 447 370 482 κατῴκησας
395 448 529 483 γαστέρα,
556 448 682 482 εὐλογίας
700 449 792 484 πηγὴν
817 449 922 483 βλύζων
937 453 993 482 τοῖς

207 494 306 530 βοῶσιν
318 502 324 509 ·
343 494 542 530 Εὐλογημένος,
562 496 697 529 πάναγνε,
712 495 726 521 ὁ
741 495 845 530 καρπὸς
869 497 919 532 τῆς
943 497 993 532 σῆς

206 539 322 570 κοιλίας.
544 551 551 555 -

247 584 276 610 '0
291 585 363 611 κατὰ
378 585 466 612 πάντα
479 585 580 618 τέλειος
601 587 648 613 καὶ
677 589 710 624 τῇ
738 589 818 624 φύσει
847 588 994 625 ἀπρόσιτος

207 631 284 666 ὤφθη
296 631 423 667 πρόσιτός
436 640 481 666 μοι
492 632 582 667 σάρκα
593 634 786 669 περικείμενος
799 635 831 661 ὲκ
844 634 902 667 σοῦ,
914 634 994 661 ἀπει-

207 678 331 713 ρόγαμε·
354 677 384 704 ὃν
410 678 526 710 ἐκτενῶς
551 679 657 706 ἱκέτευε
685 679 739 706 τῶν
758 681 878 715 ἀνομιῶν
903 689 952 714 μου
966 680 996 707 τὸ

207 723 315 758 φορτίον
333 723 490 757 σκορπίσαι,
504 723 550 750 καὶ
566 724 650 751 σῶσαι
680 724 866 760 μελῳδοῦντα·
890 724 996 760 Ὶερείς.

206 769 352 803 εὐλογεῖτε·
368 768 442 802 λαὸς,
458 769 633 805 ὑπερυψοῦτε
657 770 775 806 Χριστὸν
792 772 833 803 εἰς
845 771 908 803 τοὺς
933 771 997 798 αἰῶ-

207 822 269 846 νας.
344 821 348 838 λ

242 861 337 888 Φεϊσαί
348 870 410 897 μου,
421 861 524 898 Σῶτερ,
539 863 553 890 6
565 864 671 898 τεχθεὶς
685 863 731 891 καὶ
747 863 873 899 φυλάξας
888 865 939 899 τὴν
953 873 998 890 τε-

207 906 309 934 κοῦσάν
324 916 353 935 σε
368 907 487 943 ἄφθορον
500 910 570 943 μή
583 909 633 945 τὴν
647 909 756 944 κύησιν,
783 910 847 937 ὅταν
881 909 997 946 καθίσῃς

206 953 297 987 κρῖναι
307 953 341 980 τὰ
359 953 428 989 ἔργα
439 962 502 988 μου,
518 955 568 985 τὰς
585 955 704 990 ἀνομίας
721 955 861 991 παρορῶν,
879 958 927 982 καὶ
948 957 998 988 τὰς

206 999 343 1034 ἁμαρτίας
359 1008 421 1034 μου,
439 1000 477 1032 ὠς
497 1000 667 1036 ἁμάρτητος,
684 1001 853 1037 ὲλιήμωνώς
869 1001 935 1033 Θεὸς
949 1003 997 1029 καὶ

205 1044 409 1080 φιλάνθρωπος.

204 1088 259 1117 Ἐκ
267 1091 320 1119 τοῦ
330 1091 464 1125 Κανόνας
471 1092 514 1124 εις
523 1091 577 1119 τὸν
585 1092 670 1126 ἅγιον
680 1091 826 1126 Ἰωάννην
837 1094 891 1121 τὸν
899 1093 997 1121 Καλύ-

477 1128 578 1160 ϐητον,
594 1128 689 1162 ἡμέρᾳ
703 1132 746 1155 ιε’.

239 1180 379 1212 Χαλεπαίς
391 1181 486 1208 παθῶν
500 1181 668 1214 ἐπιϐουλαῖς.
678 1183 757 1219 κόρη,
775 1184 988 1220 χειμαζόμενος,

205 1226 254 1253 καὶ
278 1227 441 1262 προσϐολαῖς
459 1228 605 1263 ἁμαρτιῶν
634 1230 823 1265 κλονούμενος,
852 1230 900 1257 σοῦ
926 1230 996 1265 πρὶς

205 1274 255 1308 τὴν
269 1274 418 1309 ἀκοίμητον
433 1275 612 1308 προστασίαν,
628 1275 800 1310 πανύμνητε.
813 1276 889 1312 πόοῳ
905 1285 991 1305 κατα-

207 1320 319 1357 φεύγων
334 1321 474 1355 Οίκτειρόν
489 1329 535 1356 με,
549 1321 646 1354 σῶσον,
668 1321 853 1356 ’Λειπάρϐενε.

241 1459 400 1495 Μυρῐπνουν
411 1459 449 1492 ὡς
463 1459 538 1495 ῥόδον
555 1458 610 1486 ἀπὸ
621 1458 898 1494 κοιλάδων,ἆχραντε,
915 1460 929 1487 ὁ
941 1468 994 1487 κα-

206 1505 288 1540 θαρός
304 1513 333 1531 σι
348 1504 458 1540 εὕρατο,
484 1505 533 1531 καὶ
551 1505 580 1531 ὲν
596 1504 671 1539 μέσῳ
697 1513 744 1532 σου
771 1506 994 1541 κατεσκήνωσεν,

207 1550 321 1582 εὐωδίας
338 1550 487 1586 πληρώσας
506 1549 536 1576 τὺ
551 1550 731 1585 ἀνθρώπινον.

243 1603 354 1630 Ίθυνόν-
365 1612 415 1639 μου
437 1604 486 1638 τῆς
502 1602 592 1638 ψυχῆς
616 1603 666 1634 τὰς
681 1604 814 1639 κινήσεις,
828 1604 995 1640 πανάμωμε,

1042 314 1233 350 gravissimam
1264 313 1439 341 aﬂeetionum
1471 321 1595 340 mearum
1627 318 1828 348 tempestatem,

1042 367 1144 395 quaeso,
1158 367 1314 394 compesce.

1078 403 1114 432 Ut
1135 404 1196 432 Evze
1217 405 1340 433 solveres
1365 404 1599 437 maledictioncm,
1621 409 1729 432 uterum
1754 406 1828 433 omni

1043 455 1181 478 carentem
1206 450 1267 478 labe
1293 450 1472 483 inbabitasti,
1492 449 1690 477 benedictionis
1724 449 1828 478 fontem

1043 495 1186 523 eﬂ‘undens
1209 495 1243 522 iis
1260 495 1307 530 qui
1333 495 1478 524 clamant:
1503 495 1677 528 Benedictus,
1694 503 1710 522 ο
1733 496 1827 524 castis-

1043 542 1124 572 sima.
1140 541 1246 568 fructus
1263 541 1367 569 ventris
1387 542 1439 569 tui.

1079 587 1131 619 Qui
1141 595 1189 622 per
1196 587 1288 614 omnia
1296 587 1432 621 perfectus
1441 591 1494 620 est,
1503 591 1530 615 et
1541 591 1640 614 natura
1652 587 1831 614 inaccessibi-

1045 633 1091 665 lis,
1106 632 1195 660 lactus
1210 637 1253 660 est
1269 632 1336 660 mihi
1351 632 1520 660 acccssibilis
1535 640 1618 660 carne
1634 633 1830 664 circumdatus,

1045 686 1079 706 ex
1105 683 1131 706 te
1155 682 1278 713 accepta,
1293 686 1310 706 ο
1331 678 1457 713 innupta.
1477 678 1610 706 Eumdem
1627 683 1656 706 tu
1677 679 1756 706 enixe
1771 687 1827 713 pre-

1046 732 1120 757 care,
1150 729 1180 752 ut
1210 724 1308 752 alievct
1336 732 1405 752 onus
1438 724 1613 759 iniquitatum
1644 732 1777 757 mearum,
1806 728 1831 751 et

1046 771 1134 799 salvet
1159 777 1202 798 me
1232 770 1422 799 concinentem
1437 779 1445 797 :
1461 770 1634 804 Sacerdotes,
1659 771 1829 804 benedieite;

1047 816 1154 852 populi,
1170 816 1372 851 superexaltate
1384 816 1523 843 Christum
1540 816 1568 843 in
1580 816 1691 844 sazcula.

1082 863 1167 890 Parce
1182 862 1248 889 milii
1266 861 1391 890 Salvator
1405 862 1450 896 qui
1469 867 1550 889 natus
1562 869 1602 894 es,
1620 866 1647 888 et
1665 861 1831 889 Genitricem

1049 911 1122 934 tuam
1147 911 1208 942 post
1234 911 1340 942 partum
1357 907 1544 940 incorruptam
1562 907 1755 939 conservasti,
1769 914 1831 933 cum

1050 952 1160 980 sedebis
1175 952 1320 989 utjudiccs
1336 960 1418 988 opera
1433 959 1510 985 mea;
1531 951 1712 980 dissimulans
1732 952 1830 986 iniqui-

1049 1003 1118 1026 tates
1138 1005 1224 1031 meas,
1239 1002 1266 1025 et
1280 1002 1388 1032 peccata
1402 1005 1462 1025 mea
1476 1003 1605 1032 tanquam
1619 997 1805 1032 impeccabilis
1821 1018 1829 1030 ,

1048 1043 1204 1072 misericors
1218 1049 1247 1071 ut
1263 1043 1346 1077 Deus,
1361 1048 1388 1071 et
1403 1043 1544 1071 hominum
1558 1047 1677 1071 amator.

1101 1088 1257 1118 ExCanone
1269 1089 1298 1116 in
1318 1089 1347 1117 S.
1362 1089 1491 1117 Joannem
1506 1088 1666 1125 Calybitam,
1680 1089 1722 1116 die
1737 1088 1780 1116 15.

1085 1177 1286 1206 Molestissimis
1305 1177 1464 1213 passionum
1486 1176 1645 1209 insullibus,
1665 1177 1743 1212 quasi
1762 1181 1832 1204 lem-

1048 1225 1198 1258 pestatibus
1215 1225 1376 1258 exagitatus,
1393 1227 1420 1251 et
1431 1227 1604 1258 peccatorum
1626 1223 1726 1251 ictibus
1753 1223 1831 1258 quasi

1048 1269 1176 1297 ﬂuctibus
1204 1277 1356 1297 concussus
1380 1269 1414 1296 ad
1445 1268 1608 1296 indefessum
1636 1269 1831 1303 protectioneun

1049 1321 1121 1344 tuam
1138 1315 1266 1350 confugio
1292 1323 1354 1343 cum
1376 1315 1484 1348 aﬂ‘cctu,
1505 1321 1523 1342 ο
1545 1314 1634 1350 puella
1659 1314 1733 1341 oumi
1753 1314 1832 1341 laude

1046 1362 1217 1398 dignissima.
1242 1361 1370 1390 Miserere
1394 1361 1458 1395 mei,
1483 1365 1509 1390 et
1537 1360 1613 1389 salva
1638 1367 1691 1393 me,
1715 1367 1731 1388 ο
1751 1360 1832 1395 Virgo

1046 1414 1189 1445 perpetua.

1081 1455 1133 1491 53
1146 1455 1214 1483 Cum
1228 1460 1254 1484 te
1268 1459 1398 1491 tanquam
1412 1462 1502 1483 rosam
1514 1454 1677 1482 redolentem
1693 1460 1777 1488 purus
1788 1452 1832 1478 ille

1046 1501 1074 1529 in
1085 1502 1254 1529 convallibus
1265 1501 1420 1537 reperisset,
1430 1509 1446 1528 ο
1455 1499 1630 1533 inviolata,in
1643 1499 1732 1527 medio
1741 1499 1779 1526 tui
1789 1499 1832 1524 ha-

1046 1547 1154 1580 bitavit,
1169 1547 1317 1574 humanum
1331 1554 1417 1582 genus
1432 1546 1596 1574 suavissimo
1612 1545 1722 1580 replens
1736 1544 1830 1572 odore.

1045 1593 1071 1627 ι,
1081 1593 1171 1629 Dirige
1193 1598 1283 1621 motus
1311 1593 1410 1621 animae
1433 1600 1510 1624 mete,
1526 1598 1543 1619 ο
1562 1591 1719 1626 purissima,
1742 1591 1774 1617 ad
1792 1590 1833 1616 di-

206 1649 273 1685 προς
290 1649 349 1676 θεῖα
360 1636 575 1684 προστάγματα,
585 1648 632 1676 τοῦ
651 1650 683 1676 ὲκ
698 1636 814 1685 γαστρός
829 1660 875 1678 σου
892 1636 994 1686 ὲπκλόμζ

1049 1640 1114 1667 vina
1137 1639 1211 1667 illius
1227 1643 1372 1674 prmeepta,
1387 1639 1434 1674 qui
1451 1646 1483 1665 ex
1502 1643 1579 1665 utero
1596 1642 1643 1664 tuo
1658 1636 1831 1668 eoruscavit;

205 1696 314 1731 ψαντος,
331 1695 414 1730 ζάλης
426 1694 595 1730 λυτρουμένη
610 1703 644 1730 με
658 1695 712 1723 τῶν
725 1698 753 1723 ὲν
764 1696 803 1731 τῷ
817 1696 866 1732 βίῳ
878 1696 993 1724 σκανδά-

205 1742 260 1768 λων
277 1741 424 1777 μεσιτείαις
441 1750 500 1768 σου.
538 1742 540 1744 ’

247 1787 420 1824 Ἐμμανουήλ
435 1788 480 1815 τὸν
497 1788 622 1816 ἁπάντων
637 1788 776 1823 Δεσπότην
794 1788 898 1820 τίκτεις
911 1787 995 1823 ἀφθό-

208 1841 272 1868 ρως,
287 1832 402 1867 μείνασα
416 1833 549 1868 παρθένος
564 1834 611 1861 καὶ
628 1834 696 1866 μετὰ
709 1833 798 1867 τόκον,
815 1833 992 1869 Παρθενομῆ-

204 1886 254 1913 sep
265 1885 272 1893 '
287 1878 317 1904 ὃν
330 1878 477 1911 ἀπαύστως
490 1878 610 1906 δυσώπει
623 1878 758 1914 ἐπηρείας
772 1878 879 1914 ἐχθρῶν
890 1877 996 1914 λυτρώ-

207 1921 304 1948 σασοαι
322 1923 385 1955 τοὺς
399 1922 453 1950 ὑπὸ
461 1923 510 1959 τὴν
523 1924 629 1959 σκέπην
640 1923 688 1959 τὴν
701 1924 750 1960 σὴν
759 1923 994 1958 καταφεύγοντας.

241 2006 310 2033 Ὶσου
316 2006 379 2042 ργὸν
393 2007 439 2033 καὶ
455 2005 601 2043 σύνθρονον
615 2006 653 2041 τῷ
666 2006 773 2033 τεκόντι
792 2006 878 2041 Λόγον
892 2007 925 2033 ὲκ
944 2015 995 2041 γα-

206 2052 288 2086 στρός
297 2061 356 2085 σου,
368 2053 449 2087 ἁγνὴ,
461 2053 657 2088 ἐσωμάτωσας,
667 2052 692 2079 δι
700 2052 707 2063 ¹
716 2052 917 2088 εὐσπλαγχνίαν
926 2053 996 2086 ἄφα-

204 2106 251 2124 τον
263 2098 292 2124 τὸ
306 2098 444 2134 ἡμέτερον
460 2098 521 2125 ὅλον
535 2098 701 2134 φορέσαντα.

246 2187 400 2224 ’Υμνοῦμεν
413 2188 459 2215 τὸν
471 2188 551 2216 τόκον
567 2197 627 2221 σου,
643 2188 824 2224 εὐλογημένη,
836 2188 876 2216 δι’
885 2184 916 2216 οὗ
931 2188 993 2215 ἐλυ-

205 2234 350 2270 τρώθημεν
360 2234 411 2270 τῆς
430 2235 513 2262 πάλαι
537 2235 736 2270 κατακρίσεως,
760 2234 849 2261 καίσε
876 2233 995 2269 μακαρί-

206 2279 301 2314 ζομεν,
316 2279 528 2314 οεομακάριστι,
546 2280 632 2315 μόνην
647 2280 681 2316 ἡν
695 2281 838 2316 ἠγάπησεν
848 2279 910 2306 ὁῶν
919 2279 996 2306 εὐλο-

206 2335 242 2361 γη
245 2327 325 2361 μένος
339 2326 386 2353 καὶ
404 2325 591 2361 ὑπερένδοξος.

246 2416 369 2452 Ῥεῖορον
385 2416 498 2443 ἅένναον
510 2416 576 2451 ἡμῖν
585 2417 641 2448 τοῖς
653 2415 868 2451 προστρέχουσιν
891 2417 931 2448 ιίς
952 2416 992 2450 σὲ,

205 2464 287 2499 ἁγνὴ,
305 2462 451 2498 τιηγάζεις,
466 2459 496 2489 οὗ
511 2462 560 2497 τὴν
570 2462 689 2497 ἄφθορον
704 2463 784 2497 χάριν
814 2462 993 2498 ἀωρῤυόμε-

206 2518 258 2542 νοι,
276 2508 324 2535 σοῦ
340 2507 479 2543 ὺμνοῦμεν
491 2507 538 2534 τὸν
548 2507 639 2539 τόκον,
655 2507 838 2542 πανάχραντι,
848 2507 894 2534 καὶ
909 2507 995 2542 ὑπερ-

207 2554 328 2589 υψοῦμεν
341 2554 381 2585 είς
394 2554 498 2585 πάντας
518 2554 579 2584 τοὺς
594 2552 707 2584 αἰῶνας.

240 2600 330 2631 (bene;
343 2599 528 2634 οἱκτιτήριονή
545 2599 636 2634 μήτρα
648 2606 696 2624 σου
716 2598 874 2634 γεγένηται,
903 2599 938 2627 δι’
961 2594 992 2626 οὗ

207 2645 265 2680 φῶς
280 2646 306 2672 οἱ
322 2645 351 2672 ὲν
366 2645 454 2672 σκότει
475 2643 544 2672 ιὶδον
574 2644 724 2679 καθήμενοι
736 2652 744 2661 ’
761 2644 824 2671 ὅθεν
840 2653 870 2671 σε
892 2646 994 2679 φωναῖς

206 2692 357 2726 ἁσιγήτοις,
371 2692 467 2727 Μῆτερ
477 2691 555 2722 Θεοῦ,
570 2691 615 2717 ἀεὶ
631 2690 814 2726 ἁνυμνοῦμεν.
843 2692 891 2718 καὶ
918 2691 994 2727 πόθῳ

206 2738 373 2774 γεραίρομεν
385 2738 435 2774 τὴν
453 2738 548 2765 ἐλπίδα
564 2738 618 2765 τῶν
628 2737 721 2773 ψυχῶν
745 2738 835 2773 ήμῶν.

212 2835 260 2863 Ἐκ
274 2835 326 2863 τοῦ
343 2836 477 2868 Κανόνος
490 2836 533 2868 εις
564 2837 621 2870 τὴν
647 2837 859 2870 προσκύνησιν
876 2836 930 2870 τῆς
950 2844 994 2864 τι-

237 2872 310 2905 μίας
323 2871 460 2903 ἁλύσεως
470 2871 522 2898 τοῦ
533 2871 618 2904 ἁγίου
637 2872 687 2898 καὶ
704 2872 902 2906 πανευφήμου
919 2873 992 2900 ἀπο-

242 2907 356 2932 στόλου
370 2906 492 2940 Πέτρου,
508 2906 602 2940 ἡμέρᾳ
615 2910 664 2938 ις’.

250 2951 396 2986 Ῥομφαῐαι
409 2952 494 2979 πᾶσαι
507 2951 593 2979 δολίου
605 2952 712 2987 ἐχοριιῦ,
723 2952 840 2988 ἄχραντε
853 2953 985 2989 Παίιοέπ,

1047 1691 1130 1723 atque
1149 1694 1164 1714 a
1185 1691 1345 1721 tempestate
1361 1685 1553 1714 scandalurum
1572 1683 1653 1719 hujus
1675 1683 1738 1710 vita:
1759 1682 1833 1717 eripe

1046 1740 1090 1761 me
1105 1732 1348 1760 intercessionibus
1359 1731 1424 1759 tuis.

1082 1777 1213 1806 Omnium
1241 1776 1386 1804 Dominum
1416 1774 1577 1802 Emmanuel
1598 1774 1658 1802 sine
1679 1773 1731 1800 viri
1750 1779 1832 1807 opera

1046 1823 1181 1860 peperisti,
1193 1830 1306 1850 manens
1316 1822 1393 1857 virgo
1405 1826 1466 1856 post
1480 1825 1599 1856 partum.
1609 1827 1625 1848 ο
1636 1819 1719 1854 Virgo
1735 1818 1831 1846 Mater.

1048 1869 1180 1898 Eumdem
1203 1869 1373 1896 incessanter
1389 1874 1473 1895 exora
1498 1870 1529 1894 ut
1561 1865 1597 1893 ab
1619 1865 1740 1893 hostium
1757 1865 1834 1891 inva-

1046 1915 1172 1942 sionibus
1202 1913 1353 1941 liberentur
1373 1912 1423 1944 illi,
1446 1912 1492 1947 qui
1517 1910 1680 1946 confugiunt
1701 1910 1753 1938 sub
1772 1916 1834 1944 pro-

1045 1960 1190 1988 tectionem
1208 1964 1293 1986 tuam.

1082 2004 1213 2037 Verbum,
1237 2004 1310 2039 quod
1335 2002 1439 2039 aequale
1459 2008 1502 2030 est
1521 2003 1548 2030 in
1567 2001 1736 2038 operatione,
1756 2005 1784 2028 et
1801 2001 1830 2028 in

1045 2050 1154 2084 throno,
1170 2049 1287 2085 genitori
1300 2057 1360 2082 suo,
1377 2056 1410 2076 ex
1427 2048 1576 2076 visceribus
1595 2048 1650 2075 tuis
1667 2046 1830 2082 eorporasti,

1045 2104 1062 2124 ο
1085 2100 1178 2129 casta;
1204 2101 1287 2130 atque
1312 2094 1376 2122 inde
1400 2099 1511 2129 propter
1534 2093 1700 2121 ineﬂ'abilem
1722 2091 1832 2119 miscri-

1045 2143 1168 2170 cordiam
1183 2149 1272 2175 suam,
1289 2146 1372 2168 totum
1386 2145 1511 2167 naturam
1527 2144 1650 2167 nostram
1671 2138 1830 2173 assumpsit.

1083 2187 1190 2216 Prolem
1207 2192 1282 2215 tuam
1304 2187 1460 2218 laudamus,
1483 2193 1500 2214 ο
1516 2186 1668 2219 benedicta,
1689 2193 1737 2221 per
1751 2193 1834 2221 quam

1048 2234 1083 2262 ab
1105 2234 1217 2268 antiqua
1240 2233 1415 2260 damnatione
1430 2232 1564 2267 redempti
1576 2239 1694 2265 sumus;
1726 2235 1752 2259 te
1769 2238 1834 2258 vero

1048 2280 1247 2312 beatillcamus,
1277 2286 1294 2306 ο
1322 2279 1415 2306 divina
1445 2277 1574 2306 felicitate
1597 2277 1833 2310 cumulatissima;

1011 2322 1130 2362 unam
1153 2327 1239 2353 solam
1271 2326 1366 2354 dilexit
1393 2324 1439 2352 ille
1460 2324 1508 2360 qui
1538 2329 1581 2352 est
1614 2324 1773 2352 benedictus
1801 2331 1835 2351 ac

1047 2372 1280 2408 supergloriosus.

1082 2418 1208 2446 Fluvium
1231 2425 1377 2453 perennem
1392 2417 1472 2445 nobis
1486 2417 1605 2445 elfundis
1625 2418 1835 2446 recurrentibus

1046 2465 1079 2491 ad
1098 2469 1134 2497 te,
1154 2471 1171 2491 ο
1194 2468 1287 2496 casta;
1302 2464 1383 2498 cujus
1401 2463 1512 2491 uberem
1532 2464 1648 2499 gratiam
1666 2464 1832 2497 delibantes.

1046 2513 1154 2543 partum
1179 2513 1255 2535 tuum
1280 2508 1433 2541 laudamus,
1456 2516 1475 2535 ο
1496 2507 1720 2542 inviolatissima,
1738 2514 1765 2536 et
1784 2517 1833 2536 su-

1047 2553 1248 2589 pcrexaltamus
1265 2554 1291 2581 in
1308 2554 1402 2581 omnia
1414 2553 1526 2581 saecula.

1081 2600 1163 2628 Lucis
1192 2600 1378 2628 habitaculum
1405 2604 1497 2627 venter
1519 2604 1583 2627 tuus
1605 2599 1697 2627 lactus
1713 2604 1765 2629 est.
1784 2606 1831 2633 per

1045 2654 1128 2680 quam
1143 2646 1269 2673 sedentes
1291 2646 1318 2672 in
1334 2645 1454 2673 tenebris
1470 2645 1598 2672 viderunt
1625 2645 1715 2671 lumen
1733 2653 1740 2671 ε
1758 2645 1829 2670 unde

1045 2696 1071 2719 te
1087 2690 1241 2718 incessabili
1258 2697 1324 2717 voce
1334 2697 1441 2725 semper
1455 2690 1611 2719 laudamus.
1626 2697 1643 2716 ο
1663 2689 1707 2715 Dei
1725 2688 1827 2720 Mater;

1044 2740 1071 2762 et
1099 2742 1161 2762 cum
1191 2734 1290 2762 all‘ectu
1317 2743 1482 2764 veneramur
1512 2740 1538 2764 te
1569 2742 1645 2769 spem
1672 2734 1828 2761 animarum

1047 2785 1217 2808 nostrarum.

1045 2833 1089 2861 Ea:
1108 2834 1214 2863 Canone
1230 2835 1257 2861 in
1275 2835 1458 2862 adorationem
1478 2835 1599 2869 pretioue
1617 2839 1716 2862 catena:
1743 2835 1828 2862 amicti

1218 2876 1243 2898 cl
1256 2871 1440 2906 gluriosissimi
1453 2869 1539 2902 Petri,
1555 2871 1597 2896 die
1608 2870 1648 2897 l6.

1079 2951 1201 2981 Frameu:
1219 2953 1353 2981 universo:
1373 2951 1460 2979 dolosi
1482 2951 1568 2979 hostis
1592 2952 1745 2980 deiecerunt
1769 2961 1827 2981 υιιιι
