  <div class='ocr_page' id='page_1' title='image "/cluster/home/n/w/nwhite01/storage/ocr_20150623/105/njp.32101077772893/587.png"; bbox 0 0 2077 3157; ppageno 0'>
   <div class='ocr_carea' id='block_1_1' title="bbox 260 193 1879 247">
    <p class='ocr_par' dir='ltr' id='par_1_1' title="bbox 260 193 1879 247">
     <span class='ocr_line' id='line_1_1' title="bbox 260 193 1879 247; baseline -0.007 -1"><span class='ocrx_word' id='word_1_1' title='bbox 260 214 325 247; x_wconf 67' lang='lat' dir='ltr'><strong>test</strong></span> <span class='ocrx_word' id='word_1_2' title='bbox 801 213 832 244; x_wconf 92' lang='lat' dir='ltr'><strong>s.</strong></span> <span class='ocrx_word' id='word_1_3' title='bbox 851 213 1009 244; x_wconf 66' lang='lat' dir='ltr'><strong>roseum</strong></span> <span class='ocrx_word' id='word_1_4' title='bbox 1026 193 1309 243; x_wconf 67' lang='lat' dir='ltr'><strong>HYMNOGRAPIII</strong></span> <span class='ocrx_word' id='word_1_5' title='bbox 1809 202 1879 236; x_wconf 79' lang='lat'><strong>1052</strong></span> 
     </span>
    </p>
   </div>
   <div class='ocr_carea' id='block_1_2' title="bbox 259 261 1050 307">
    <p class='ocr_par' dir='ltr' id='par_1_2' title="bbox 259 269 1039 307">
     <span class='ocr_line' id='line_1_2' title="bbox 259 269 1039 307; baseline -0.005 -7"><span class='ocrx_word' id='word_1_6' title='bbox 259 276 337 305; x_wconf 86' lang='lat' dir='ltr'><strong>nino,</strong></span> <span class='ocrx_word' id='word_1_7' title='bbox 359 281 375 300; x_wconf 88' lang='lat'><strong>0</strong></span> <span class='ocrx_word' id='word_1_8' title='bbox 397 273 478 307; x_wconf 78' lang='lat' dir='ltr'><strong>Virgo</strong></span> <span class='ocrx_word' id='word_1_9' title='bbox 494 270 634 299; x_wconf 80' lang='lat' dir='ltr'><strong>inviolata.</strong></span> <span class='ocrx_word' id='word_1_10' title='bbox 654 277 701 304; x_wconf 89' lang='lat' dir='ltr'><strong>per</strong></span> <span class='ocrx_word' id='word_1_11' title='bbox 719 269 854 302; x_wconf 80' lang='lat' dir='ltr'><strong>lanceam,</strong></span> <span class='ocrx_word' id='word_1_12' title='bbox 870 277 925 304; x_wconf 84' lang='lat' dir='ltr'><strong>qua</strong></span> <span class='ocrx_word' id='word_1_13' title='bbox 945 270 1039 296; x_wconf 83' lang='lat' dir='ltr'><strong>vulne-</strong></span> 
     </span>
    </p>
   </div>
   <div class='ocr_carea' id='block_1_3' title="bbox 1102 261 1878 307">
    <p class='ocr_par' dir='ltr' id='par_1_3' title="bbox 1102 261 1878 307">
     <span class='ocr_line' id='line_1_3' title="bbox 1102 261 1878 307; baseline -0.01 -12"><span class='ocrx_word' id='word_1_14' title='bbox 1102 269 1201 300; x_wconf 77' lang='grc' dir='ltr'><strong>τελείως</strong></span> <span class='ocrx_word' id='word_1_15' title='bbox 1215 267 1348 301; x_wconf 74' lang='grc' dir='ltr'><strong>ἐξέλιπον,</strong></span> <span class='ocrx_word' id='word_1_16' title='bbox 1368 261 1463 300; x_wconf 70' lang='grc' dir='ltr'><strong>ἀφόὗ</strong></span> <span class='ocrx_word' id='word_1_17' title='bbox 1473 264 1557 299; x_wconf 73' lang='grc' dir='ltr'>λόγχῃ</span> <span class='ocrx_word' id='word_1_18' title='bbox 1588 264 1694 298; x_wconf 74' lang='grc' dir='ltr'>ἐτρώθη</span> <span class='ocrx_word' id='word_1_19' title='bbox 1710 263 1730 307; x_wconf 48' lang='grc' dir='ltr'><strong>(ί</strong></span> <span class='ocrx_word' id='word_1_20' title='bbox 1750 262 1798 297; x_wconf 85' lang='grc' dir='ltr'>τὴν</span> <span class='ocrx_word' id='word_1_21' title='bbox 1829 261 1878 296; x_wconf 83' lang='grc' dir='ltr'><strong>σήν</strong></span> 
     </span>
    </p>
   </div>
   <div class='ocr_carea' id='block_1_4' title="bbox 260 304 1050 351">
    <p class='ocr_par' dir='ltr' id='par_1_4' title="bbox 260 304 1042 351">
     <span class='ocr_line' id='line_1_4' title="bbox 260 304 1042 351; baseline -0.005 -5"><span class='ocrx_word' id='word_1_22' title='bbox 260 304 349 346; x_wconf 83' lang='lat' dir='ltr'><strong>ratum</strong></span> <span class='ocrx_word' id='word_1_23' title='bbox 370 323 411 346; x_wconf 88' lang='lat' dir='ltr'><strong>est</strong></span> <span class='ocrx_word' id='word_1_24' title='bbox 433 304 550 344; x_wconf 65' lang='lat' dir='ltr'><strong>verbum</strong></span> <span class='ocrx_word' id='word_1_25' title='bbox 573 315 627 351; x_wconf 65' lang='grc'><strong>54.</strong></span> <span class='ocrx_word' id='word_1_26' title='bbox 642 315 720 347; x_wconf 88' lang='lat' dir='ltr'><strong>illud,</strong></span> <span class='ocrx_word' id='word_1_27' title='bbox 738 315 812 350; x_wconf 86' lang='lat' dir='ltr'><strong>quod</strong></span> <span class='ocrx_word' id='word_1_28' title='bbox 836 320 943 342; x_wconf 87' lang='lat' dir='ltr'><strong>uterum</strong></span> <span class='ocrx_word' id='word_1_29' title='bbox 965 321 1042 342; x_wconf 86' lang='lat' dir='ltr'><strong>tuum</strong></span> 
     </span>
    </p>
   </div>
   <div class='ocr_carea' id='block_1_5' title="bbox 1102 304 1879 351">
    <p class='ocr_par' dir='ltr' id='par_1_5' title="bbox 1102 304 1879 349">
     <span class='ocr_line' id='line_1_5' title="bbox 1102 304 1879 349; baseline -0.012 -8"><span class='ocrx_word' id='word_1_30' title='bbox 1102 313 1215 349; x_wconf 75' lang='grc' dir='ltr'>(αστέρα</span> <span class='ocrx_word' id='word_1_31' title='bbox 1228 313 1277 348; x_wconf 85' lang='grc' dir='ltr'>τὴν</span> <span class='ocrx_word' id='word_1_32' title='bbox 1291 312 1442 347; x_wconf 78' lang='grc' dir='ltr'>ἀμόλυντον</span> <span class='ocrx_word' id='word_1_33' title='bbox 1457 310 1571 345; x_wconf 80' lang='grc' dir='ltr'>οἰκήσας</span> <span class='ocrx_word' id='word_1_34' title='bbox 1587 309 1683 342; x_wconf 80' lang='grc' dir='ltr'>Λόγος·</span> <span class='ocrx_word' id='word_1_35' title='bbox 1702 304 1733 334; x_wconf 81' lang='grc' dir='ltr'>οὖ</span> <span class='ocrx_word' id='word_1_36' title='bbox 1751 307 1790 342; x_wconf 86' lang='grc' dir='ltr'>τῷ</span> <span class='ocrx_word' id='word_1_37' title='bbox 1815 307 1879 340; x_wconf 84' lang='grc' dir='ltr'>γλυ-</span> 
     </span>
    </p>
   </div>
   <div class='ocr_carea' id='block_1_6' title="bbox 261 352 1050 400">
    <p class='ocr_par' dir='ltr' id='par_1_6' title="bbox 261 360 1043 400">
     <span class='ocr_line' id='line_1_6' title="bbox 261 360 1043 400; baseline -0.005 -9"><span class='ocrx_word' id='word_1_38' title='bbox 261 365 435 400; x_wconf 84' lang='lat' dir='ltr'><strong>impollutum</strong></span> <span class='ocrx_word' id='word_1_39' title='bbox 459 362 632 393; x_wconf 82' lang='lat' dir='ltr'><strong>iultabitavit,</strong></span> <span class='ocrx_word' id='word_1_40' title='bbox 656 360 735 395; x_wconf 82' lang='lat' dir='ltr'><strong>cujus</strong></span> <span class='ocrx_word' id='word_1_41' title='bbox 762 361 924 388; x_wconf 82' lang='lat' dir='ltr'><strong>dulcissimo</strong></span> <span class='ocrx_word' id='word_1_42' title='bbox 950 368 1043 388; x_wconf 84' lang='lat' dir='ltr'><strong>amore</strong></span> 
     </span>
    </p>
   </div>
   <div class='ocr_carea' id='block_1_7' title="bbox 1102 352 1877 400">
    <p class='ocr_par' dir='ltr' id='par_1_7' title="bbox 1102 352 1877 394">
     <span class='ocr_line' id='line_1_7' title="bbox 1102 352 1877 394; baseline -0.01 -8"><span class='ocrx_word' id='word_1_43' title='bbox 1102 360 1203 394; x_wconf 77' lang='grc' dir='ltr'>ιυτὰτῳ</span> <span class='ocrx_word' id='word_1_44' title='bbox 1213 358 1260 385; x_wconf 85' lang='grc' dir='ltr'>νῦν</span> <span class='ocrx_word' id='word_1_45' title='bbox 1276 357 1381 393; x_wconf 82' lang='grc' dir='ltr'>τρῶσαι</span> <span class='ocrx_word' id='word_1_46' title='bbox 1395 356 1476 392; x_wconf 74' lang='grc' dir='ltr'>ἔρωτι</span> <span class='ocrx_word' id='word_1_47' title='bbox 1503 355 1553 390; x_wconf 84' lang='grc' dir='ltr'>τὴν</span> <span class='ocrx_word' id='word_1_48' title='bbox 1583 353 1698 390; x_wconf 82' lang='grc' dir='ltr'><strong>καρδίαν</strong></span> <span class='ocrx_word' id='word_1_49' title='bbox 1733 361 1784 388; x_wconf 87' lang='grc' dir='ltr'><strong>μου</strong></span> <span class='ocrx_word' id='word_1_50' title='bbox 1809 352 1877 379; x_wconf 81' lang='grc' dir='ltr'>καθ-</span> 
     </span>
    </p>
   </div>
   <div class='ocr_carea' id='block_1_8' title="bbox 260 408 872 446">
    <p class='ocr_par' dir='ltr' id='par_1_8' title="bbox 260 408 872 446">
     <span class='ocr_line' id='line_1_8' title="bbox 260 408 872 446; baseline -0.007 -9"><span class='ocrx_word' id='word_1_51' title='bbox 260 418 358 446; x_wconf 67' lang='grc' dir='ltr'><strong>ιιι-εί·οΓ</strong></span> <span class='ocrx_word' id='word_1_52' title='bbox 379 415 405 436; x_wconf 89' lang='lat' dir='ltr'><strong>te</strong></span> <span class='ocrx_word' id='word_1_53' title='bbox 423 416 496 435; x_wconf 76' lang='lat' dir='ltr'><strong>IIIIth</strong></span> <span class='ocrx_word' id='word_1_54' title='bbox 513 413 542 434; x_wconf 91' lang='lat' dir='ltr'><strong>ut</strong></span> <span class='ocrx_word' id='word_1_55' title='bbox 559 408 686 434; x_wconf 85' lang='lat' dir='ltr'><strong>vulneres</strong></span> <span class='ocrx_word' id='word_1_56' title='bbox 702 415 750 435; x_wconf 78' lang='lat' dir='ltr'><strong>(‘Ol&#39;</strong></span> <span class='ocrx_word' id='word_1_57' title='bbox 769 415 872 434; x_wconf 88' lang='lat' dir='ltr'><strong>meum.</strong></span> 
     </span>
    </p>
   </div>
   <div class='ocr_carea' id='block_1_9' title="bbox 294 452 1044 488">
    <p class='ocr_par' dir='ltr' id='par_1_9' title="bbox 294 452 1044 488">
     <span class='ocr_line' id='line_1_9' title="bbox 294 452 1044 488; baseline -0.005 -5"><span class='ocrx_word' id='word_1_58' title='bbox 294 455 424 483; x_wconf 84' lang='lat' dir='ltr'><strong>Cobibuit</strong></span> <span class='ocrx_word' id='word_1_59' title='bbox 441 462 526 486; x_wconf 88' lang='lat' dir='ltr'><strong>mors,</strong></span> <span class='ocrx_word' id='word_1_60' title='bbox 542 453 587 480; x_wconf 91' lang='lat' dir='ltr'><strong>ubi</strong></span> <span class='ocrx_word' id='word_1_61' title='bbox 609 453 642 480; x_wconf 89' lang='lat' dir='ltr'><strong>ad</strong></span> <span class='ocrx_word' id='word_1_62' title='bbox 669 458 694 481; x_wconf 88' lang='lat' dir='ltr'><strong>te</strong></span> <span class='ocrx_word' id='word_1_63' title='bbox 712 453 844 488; x_wconf 76' lang='lat' dir='ltr'><strong>pervenit.</strong></span> <span class='ocrx_word' id='word_1_64' title='bbox 868 452 1044 480; x_wconf 83' lang='lat' dir='ltr'><strong>irrcfrenabi-</strong></span> 
     </span>
    </p>
   </div>
   <div class='ocr_carea' id='block_1_10' title="bbox 260 499 1043 535">
    <p class='ocr_par' dir='ltr' id='par_1_10' title="bbox 260 499 1043 535">
     <span class='ocr_line' id='line_1_10' title="bbox 260 499 1043 535; baseline -0.005 -7"><span class='ocrx_word' id='word_1_65' title='bbox 260 502 312 529; x_wconf 84' lang='lat' dir='ltr'><strong>lem</strong></span> <span class='ocrx_word' id='word_1_66' title='bbox 329 501 459 535; x_wconf 89' lang='lat' dir='ltr'><strong>impetum</strong></span> <span class='ocrx_word' id='word_1_67' title='bbox 471 500 538 534; x_wconf 82' lang='lat'><strong>(50);</strong></span> <span class='ocrx_word' id='word_1_68' title='bbox 550 503 578 526; x_wconf 81' lang='lat' dir='ltr'><strong>tu</strong></span> <span class='ocrx_word' id='word_1_69' title='bbox 592 499 663 525; x_wconf 88' lang='lat' dir='ltr'><strong>enim</strong></span> <span class='ocrx_word' id='word_1_70' title='bbox 675 499 734 526; x_wconf 86' lang='lat' dir='ltr'><strong>sola</strong></span> <span class='ocrx_word' id='word_1_71' title='bbox 751 499 965 526; x_wconf 73' lang='lat' dir='ltr'><strong>immortalitatis</strong></span> <span class='ocrx_word' id='word_1_72' title='bbox 981 499 1043 525; x_wconf 78' lang='lat' dir='ltr'><strong>fon—</strong></span> 
     </span>
    </p>
   </div>
   <div class='ocr_carea' id='block_1_11' title="bbox 261 546 863 582">
    <p class='ocr_par' dir='ltr' id='par_1_11' title="bbox 261 546 863 582">
     <span class='ocr_line' id='line_1_11' title="bbox 261 546 863 582; baseline -0.003 -8"><span class='ocrx_word' id='word_1_73' title='bbox 261 553 315 574; x_wconf 90' lang='lat' dir='ltr'><strong>tem</strong></span> <span class='ocrx_word' id='word_1_74' title='bbox 330 546 470 582; x_wconf 79' lang='lat' dir='ltr'><strong>peperisti,</strong></span> <span class='ocrx_word' id='word_1_75' title='bbox 488 554 504 573; x_wconf 91' lang='lat'><strong>0</strong></span> <span class='ocrx_word' id='word_1_76' title='bbox 522 546 635 579; x_wconf 79' lang='lat' dir='ltr'><strong>Deipara</strong></span> <span class='ocrx_word' id='word_1_77' title='bbox 651 553 760 580; x_wconf 85' lang='lat' dir='ltr'><strong>semper</strong></span> <span class='ocrx_word' id='word_1_78' title='bbox 776 546 863 580; x_wconf 80' lang='lat' dir='ltr'><strong>virgo.</strong></span> 
     </span>
    </p>
   </div>
   <div class='ocr_carea' id='block_1_12' title="bbox 295 592 1045 629">
    <p class='ocr_par' dir='ltr' id='par_1_12' title="bbox 295 592 1045 629">
     <span class='ocr_line' id='line_1_12' title="bbox 295 592 1045 629; baseline -0.005 -7"><span class='ocrx_word' id='word_1_79' title='bbox 295 595 436 629; x_wconf 76' lang='lat' dir='ltr'><strong>Tanquam</strong></span> <span class='ocrx_word' id='word_1_80' title='bbox 452 593 650 628; x_wconf 83' lang='lat' dir='ltr'><strong>amplissimum</strong></span> <span class='ocrx_word' id='word_1_81' title='bbox 665 593 796 627; x_wconf 77' lang='lat' dir='ltr'><strong>palatium</strong></span> <span class='ocrx_word' id='word_1_82' title='bbox 822 592 980 619; x_wconf 76' lang='lat' dir='ltr'><strong>inhabitans</strong></span> <span class='ocrx_word' id='word_1_83' title='bbox 997 600 1045 619; x_wconf 86' lang='lat' dir='ltr'><strong>rex</strong></span> 
     </span>
    </p>
   </div>
   <div class='ocr_carea' id='block_1_13' title="bbox 260 640 1046 673">
    <p class='ocr_par' dir='ltr' id='par_1_13' title="bbox 260 640 1046 673">
     <span class='ocr_line' id='line_1_13' title="bbox 260 640 1046 673; baseline -0.004 -5"><span class='ocrx_word' id='word_1_84' title='bbox 260 640 384 668; x_wconf 90' lang='lat' dir='ltr'><strong>omnium</strong></span> <span class='ocrx_word' id='word_1_85' title='bbox 405 644 529 666; x_wconf 86' lang='lat' dir='ltr'><strong>sanetum</strong></span> <span class='ocrx_word' id='word_1_86' title='bbox 548 643 656 665; x_wconf 89' lang='lat' dir='ltr'><strong>uterum</strong></span> <span class='ocrx_word' id='word_1_87' title='bbox 675 643 763 670; x_wconf 85' lang='lat' dir='ltr'><strong>tuum,</strong></span> <span class='ocrx_word' id='word_1_88' title='bbox 781 643 941 673; x_wconf 66' lang='grc' dir='ltr'>εοΐυυτιιιυε</span> <span class='ocrx_word' id='word_1_89' title='bbox 963 645 1046 673; x_wconf 88' lang='lat' dir='ltr'><strong>appa-</strong></span> 
     </span>
    </p>
   </div>
   <div class='ocr_carea' id='block_1_14' title="bbox 260 683 665 718">
    <p class='ocr_par' dir='ltr' id='par_1_14' title="bbox 260 683 665 718">
     <span class='ocr_line' id='line_1_14' title="bbox 260 683 665 718; baseline -0.01 -4"><span class='ocrx_word' id='word_1_90' title='bbox 260 686 326 718; x_wconf 86' lang='lat' dir='ltr'><strong>ruit,</strong></span> <span class='ocrx_word' id='word_1_91' title='bbox 343 693 360 713; x_wconf 91' lang='grc' dir='ltr'><strong>ο</strong></span> <span class='ocrx_word' id='word_1_92' title='bbox 374 685 488 712; x_wconf 87' lang='lat' dir='ltr'><strong>Domina</strong></span> <span class='ocrx_word' id='word_1_93' title='bbox 502 683 665 718; x_wconf 67' lang='lat' dir='ltr'><strong>purissima;</strong></span> 
     </span>
    </p>
   </div>
   <div class='ocr_carea' id='block_1_15' title="bbox 297 730 1046 764">
    <p class='ocr_par' dir='ltr' id='par_1_15' title="bbox 297 730 1046 764">
     <span class='ocr_line' id='line_1_15' title="bbox 297 730 1046 764; baseline -0.005 -5"><span class='ocrx_word' id='word_1_94' title='bbox 297 732 340 759; x_wconf 79' lang='lat' dir='ltr'><strong>Me</strong></span> <span class='ocrx_word' id='word_1_95' title='bbox 357 739 431 758; x_wconf 88' lang='lat' dir='ltr'><strong>nunc</strong></span> <span class='ocrx_word' id='word_1_96' title='bbox 451 730 598 758; x_wconf 89' lang='lat' dir='ltr'><strong>multorum</strong></span> <span class='ocrx_word' id='word_1_97' title='bbox 617 734 790 764; x_wconf 81' lang='lat' dir='ltr'><strong>peccatorum</strong></span> <span class='ocrx_word' id='word_1_98' title='bbox 812 731 933 764; x_wconf 91' lang='lat' dir='ltr'><strong>pomlere</strong></span> <span class='ocrx_word' id='word_1_99' title='bbox 949 737 1046 764; x_wconf 77' lang='lat' dir='ltr'><strong>grava-</strong></span> 
     </span>
    </p>
   </div>
   <div class='ocr_carea' id='block_1_16' title="bbox 261 774 1045 811">
    <p class='ocr_par' dir='ltr' id='par_1_16' title="bbox 261 774 1045 811">
     <span class='ocr_line' id='line_1_16' title="bbox 261 774 1045 811; baseline -0.004 -6"><span class='ocrx_word' id='word_1_100' title='bbox 261 783 331 811; x_wconf 92' lang='lat' dir='ltr'><strong>tum,</strong></span> <span class='ocrx_word' id='word_1_101' title='bbox 356 777 479 808; x_wconf 84' lang='lat' dir='ltr'><strong>subleva,</strong></span> <span class='ocrx_word' id='word_1_102' title='bbox 515 775 686 807; x_wconf 83' lang='lat' dir='ltr'><strong>oinviolata,</strong></span> <span class='ocrx_word' id='word_1_103' title='bbox 723 775 907 803; x_wconf 83' lang='lat' dir='ltr'><strong>corroborans</strong></span> <span class='ocrx_word' id='word_1_104' title='bbox 938 783 982 803; x_wconf 89' lang='lat' dir='ltr'><strong>me</strong></span> <span class='ocrx_word' id='word_1_105' title='bbox 1010 774 1045 802; x_wconf 87' lang='lat' dir='ltr'><strong>ad</strong></span> 
     </span>
    </p>
   </div>
   <div class='ocr_carea' id='block_1_17' title="bbox 261 821 857 858">
    <p class='ocr_par' dir='ltr' id='par_1_17' title="bbox 261 821 857 858">
     <span class='ocr_line' id='line_1_17' title="bbox 261 821 857 858; baseline -0.005 -8"><span class='ocrx_word' id='word_1_106' title='bbox 261 823 427 858; x_wconf 87' lang='lat' dir='ltr'><strong>portandum</strong></span> <span class='ocrx_word' id='word_1_107' title='bbox 445 821 614 849; x_wconf 86' lang='lat' dir='ltr'><strong>levissimum</strong></span> <span class='ocrx_word' id='word_1_108' title='bbox 630 821 725 855; x_wconf 81' lang='lat' dir='ltr'><strong>jugum</strong></span> <span class='ocrx_word' id='word_1_109' title='bbox 741 821 857 848; x_wconf 77' lang='lat' dir='ltr'><strong>Christi.</strong></span> 
     </span>
    </p>
   </div>
   <div class='ocr_carea' id='block_1_18' title="bbox 296 865 1047 900">
    <p class='ocr_par' dir='ltr' id='par_1_18' title="bbox 296 865 1047 900">
     <span class='ocr_line' id='line_1_18' title="bbox 296 865 1047 900; baseline -0.004 -5"><span class='ocrx_word' id='word_1_110' title='bbox 296 868 421 895; x_wconf 81' lang='lat' dir='ltr'><strong>Pellieeis</strong></span> <span class='ocrx_word' id='word_1_111' title='bbox 444 866 618 895; x_wconf 78' lang='lat' dir='ltr'><strong>mortalitatis</strong></span> <span class='ocrx_word' id='word_1_112' title='bbox 640 866 741 894; x_wconf 85' lang='lat' dir='ltr'><strong>tunicis</strong></span> <span class='ocrx_word' id='word_1_113' title='bbox 758 866 869 893; x_wconf 86' lang='lat' dir='ltr'><strong>indutus</strong></span> <span class='ocrx_word' id='word_1_114' title='bbox 883 871 925 893; x_wconf 85' lang='lat' dir='ltr'><strong>est</strong></span> <span class='ocrx_word' id='word_1_115' title='bbox 941 865 1047 900; x_wconf 87' lang='lat' dir='ltr'><strong>primus</strong></span> 
     </span>
    </p>
   </div>
   <div class='ocr_carea' id='block_1_19' title="bbox 1095 402 1266 430">
    <p class='ocr_par' dir='ltr' id='par_1_19' title="bbox 1095 402 1266 430">
     <span class='ocr_line' id='line_1_19' title="bbox 1095 402 1266 430; baseline -0.012 0"><span class='ocrx_word' id='word_1_116' title='bbox 1095 402 1210 430; x_wconf 78' lang='grc' dir='ltr'>ικετεύω</span> <span class='ocrx_word' id='word_1_117' title='bbox 1225 410 1266 428; x_wconf 83' lang='grc' dir='ltr'><strong>σε.</strong></span> 
     </span>
    </p>
   </div>
   <div class='ocr_carea' id='block_1_20' title="bbox 1132 450 1880 492">
    <p class='ocr_par' dir='ltr' id='par_1_20' title="bbox 1132 450 1880 492">
     <span class='ocr_line' id='line_1_20' title="bbox 1132 450 1880 492; baseline -0.011 -8"><span class='ocrx_word' id='word_1_118' title='bbox 1132 457 1216 492; x_wconf 88' lang='grc' dir='ltr'>Ἐστη</span> <span class='ocrx_word' id='word_1_119' title='bbox 1232 456 1313 492; x_wconf 79' lang='grc' dir='ltr'>μέχρι</span> <span class='ocrx_word' id='word_1_120' title='bbox 1331 455 1400 482; x_wconf 85' lang='grc' dir='ltr'>σουό</span> <span class='ocrx_word' id='word_1_121' title='bbox 1416 453 1530 484; x_wconf 78' lang='grc' dir='ltr'>θάνατος</span> <span class='ocrx_word' id='word_1_122' title='bbox 1549 451 1598 487; x_wconf 86' lang='grc' dir='ltr'><strong>τῆς</strong></span> <span class='ocrx_word' id='word_1_123' title='bbox 1620 450 1807 486; x_wconf 78' lang='grc' dir='ltr'>ἀκατασχέτου</span> <span class='ocrx_word' id='word_1_124' title='bbox 1834 451 1880 486; x_wconf 81' lang='grc' dir='ltr'><strong>ὁρ-</strong></span> 
     </span>
    </p>
   </div>
   <div class='ocr_carea' id='block_1_21' title="bbox 1097 497 1880 539">
    <p class='ocr_par' dir='ltr' id='par_1_21' title="bbox 1097 497 1880 539">
     <span class='ocr_line' id='line_1_21' title="bbox 1097 497 1880 539; baseline -0.011 -7"><span class='ocrx_word' id='word_1_125' title='bbox 1097 504 1164 539; x_wconf 79' lang='grc' dir='ltr'><strong>μῆςο</strong></span> <span class='ocrx_word' id='word_1_126' title='bbox 1177 504 1210 530; x_wconf 79' lang='grc' dir='ltr'>σὺ</span> <span class='ocrx_word' id='word_1_127' title='bbox 1225 503 1278 538; x_wconf 82' lang='grc' dir='ltr'>γὰρ</span> <span class='ocrx_word' id='word_1_128' title='bbox 1295 503 1363 538; x_wconf 87' lang='grc' dir='ltr'>μόνη</span> <span class='ocrx_word' id='word_1_129' title='bbox 1379 501 1471 531; x_wconf 71' lang='grc' dir='ltr'>ἔτεκες</span> <span class='ocrx_word' id='word_1_130' title='bbox 1483 499 1533 535; x_wconf 78' lang='grc' dir='ltr'>τὴν</span> <span class='ocrx_word' id='word_1_131' title='bbox 1548 498 1641 534; x_wconf 84' lang='grc' dir='ltr'>πηγὴν</span> <span class='ocrx_word' id='word_1_132' title='bbox 1655 499 1703 534; x_wconf 79' lang='grc' dir='ltr'>τῆς</span> <span class='ocrx_word' id='word_1_133' title='bbox 1719 497 1880 529; x_wconf 75' lang='grc' dir='ltr'><strong>ἀθανασίας,</strong></span> 
     </span>
    </p>
   </div>
   <div class='ocr_carea' id='block_1_22' title="bbox 1094 548 1450 584">
    <p class='ocr_par' dir='ltr' id='par_1_22' title="bbox 1094 548 1450 584">
     <span class='ocr_line' id='line_1_22' title="bbox 1094 548 1450 584; baseline 0 -8"><span class='ocrx_word' id='word_1_134' title='bbox 1094 551 1210 577; x_wconf 79' lang='grc' dir='ltr'>Θεοτόκε</span> <span class='ocrx_word' id='word_1_135' title='bbox 1228 548 1450 584; x_wconf 79' lang='grc' dir='ltr'>μητροπάρθενε.</span> 
     </span>
    </p>
   </div>
   <div class='ocr_carea' id='block_1_23' title="bbox 1136 590 1883 630">
    <p class='ocr_par' dir='ltr' id='par_1_23' title="bbox 1136 590 1883 630">
     <span class='ocr_line' id='line_1_23' title="bbox 1136 590 1883 630; baseline -0.009 -8"><span class='ocrx_word' id='word_1_136' title='bbox 1136 596 1179 627; x_wconf 82' lang='grc' dir='ltr'>Ὠς</span> <span class='ocrx_word' id='word_1_137' title='bbox 1192 595 1324 622; x_wconf 84' lang='grc' dir='ltr'>παλάτιον</span> <span class='ocrx_word' id='word_1_138' title='bbox 1340 593 1497 630; x_wconf 81' lang='grc' dir='ltr'><strong>εὐρύχωρον</strong></span> <span class='ocrx_word' id='word_1_139' title='bbox 1520 593 1699 626; x_wconf 78' lang='grc' dir='ltr'><strong>κατοικήσας,</strong></span> <span class='ocrx_word' id='word_1_140' title='bbox 1713 591 1728 618; x_wconf 80' lang='grc' dir='ltr'><strong>ό</strong></span> <span class='ocrx_word' id='word_1_141' title='bbox 1754 590 1883 625; x_wconf 78' lang='grc' dir='ltr'>βασιλεὺς</span> 
     </span>
    </p>
   </div>
   <div class='ocr_carea' id='block_1_24' title="bbox 1094 635 1882 676">
    <p class='ocr_par' dir='ltr' id='par_1_24' title="bbox 1094 635 1882 676">
     <span class='ocr_line' id='line_1_24' title="bbox 1094 635 1882 676; baseline -0.009 -8"><span class='ocrx_word' id='word_1_142' title='bbox 1094 641 1148 668; x_wconf 80' lang='grc' dir='ltr'><strong>τῶν</strong></span> <span class='ocrx_word' id='word_1_143' title='bbox 1163 642 1232 668; x_wconf 75' lang='grc' dir='ltr'>ὅλων</span> <span class='ocrx_word' id='word_1_144' title='bbox 1244 641 1292 676; x_wconf 86' lang='grc' dir='ltr'>τὴν</span> <span class='ocrx_word' id='word_1_145' title='bbox 1309 641 1390 674; x_wconf 79' lang='grc' dir='ltr'>ἁγίαν</span> <span class='ocrx_word' id='word_1_146' title='bbox 1404 648 1451 666; x_wconf 81' lang='grc' dir='ltr'><strong>σου</strong></span> <span class='ocrx_word' id='word_1_147' title='bbox 1470 639 1578 675; x_wconf 81' lang='grc' dir='ltr'><strong>μήτραν</strong></span> <span class='ocrx_word' id='word_1_148' title='bbox 1597 637 1677 674; x_wconf 80' lang='grc' dir='ltr'>ὤφθη</span> <span class='ocrx_word' id='word_1_149' title='bbox 1697 635 1882 671; x_wconf 81' lang='grc' dir='ltr'>σωματούμε-</span> 
     </span>
    </p>
   </div>
   <div class='ocr_carea' id='block_1_25' title="bbox 1096 683 1481 718">
    <p class='ocr_par' dir='ltr' id='par_1_25' title="bbox 1096 683 1481 718">
     <span class='ocr_line' id='line_1_25' title="bbox 1096 683 1481 718; baseline -0.005 -8"><span class='ocrx_word' id='word_1_150' title='bbox 1096 692 1151 715; x_wconf 80' lang='grc' dir='ltr'>νος,</span> <span class='ocrx_word' id='word_1_151' title='bbox 1164 683 1320 718; x_wconf 80' lang='grc' dir='ltr'>πανάμωμε</span> <span class='ocrx_word' id='word_1_152' title='bbox 1336 683 1481 709; x_wconf 81' lang='grc' dir='ltr'>Δέσποινα,</span> 
     </span>
    </p>
   </div>
   <div class='ocr_carea' id='block_1_26' title="bbox 1131 721 1884 763">
    <p class='ocr_par' dir='ltr' id='par_1_26' title="bbox 1131 721 1884 763">
     <span class='ocr_line' id='line_1_26' title="bbox 1131 721 1884 763; baseline -0.011 -8"><span class='ocrx_word' id='word_1_153' title='bbox 1131 727 1332 763; x_wconf 81' lang='grc' dir='ltr'>Βεδαρυμένον,</span> <span class='ocrx_word' id='word_1_154' title='bbox 1358 727 1488 762; x_wconf 80' lang='grc' dir='ltr'>ἄχραντε,</span> <span class='ocrx_word' id='word_1_155' title='bbox 1517 725 1557 762; x_wconf 82' lang='grc' dir='ltr'><strong>τῷ</strong></span> <span class='ocrx_word' id='word_1_156' title='bbox 1589 725 1682 761; x_wconf 79' lang='grc' dir='ltr'>φόρτῳ</span> <span class='ocrx_word' id='word_1_157' title='bbox 1699 723 1755 751; x_wconf 83' lang='grc' dir='ltr'><strong>τῶν</strong></span> <span class='ocrx_word' id='word_1_158' title='bbox 1777 721 1884 749; x_wconf 83' lang='grc' dir='ltr'>πολλῶν</span> 
     </span>
    </p>
   </div>
   <div class='ocr_carea' id='block_1_27' title="bbox 1097 768 1885 810">
    <p class='ocr_par' dir='ltr' id='par_1_27' title="bbox 1097 768 1885 810">
     <span class='ocr_line' id='line_1_27' title="bbox 1097 768 1885 810; baseline -0.009 -8"><span class='ocrx_word' id='word_1_159' title='bbox 1097 774 1304 810; x_wconf 77' lang='grc' dir='ltr'><strong>ἁμαρτημάτων</strong></span> <span class='ocrx_word' id='word_1_160' title='bbox 1320 773 1470 809; x_wconf 80' lang='grc' dir='ltr'>ὲλάφρυνόν</span> <span class='ocrx_word' id='word_1_161' title='bbox 1484 781 1521 808; x_wconf 79' lang='grc' dir='ltr'>με</span> <span class='ocrx_word' id='word_1_162' title='bbox 1545 772 1604 804; x_wconf 81' lang='grc' dir='ltr'>νῦν,</span> <span class='ocrx_word' id='word_1_163' title='bbox 1620 771 1716 807; x_wconf 74' lang='grc' dir='ltr'>φέρειν</span> <span class='ocrx_word' id='word_1_164' title='bbox 1742 770 1788 797; x_wconf 77' lang='grc' dir='ltr'><strong>τὸν</strong></span> <span class='ocrx_word' id='word_1_165' title='bbox 1801 768 1885 804; x_wconf 70' lang='grc' dir='ltr'>ζυγὸν</span> 
     </span>
    </p>
   </div>
   <div class='ocr_carea' id='block_1_28' title="bbox 1097 818 1674 855">
    <p class='ocr_par' dir='ltr' id='par_1_28' title="bbox 1097 818 1674 855">
     <span class='ocr_line' id='line_1_28' title="bbox 1097 818 1674 855; baseline -0.005 -8"><span class='ocrx_word' id='word_1_166' title='bbox 1097 820 1285 855; x_wconf 77' lang='grc' dir='ltr'>ὲνδυναμοῦσα</span> <span class='ocrx_word' id='word_1_167' title='bbox 1299 819 1417 855; x_wconf 82' lang='grc' dir='ltr'><strong>Χριστοῦ</strong></span> <span class='ocrx_word' id='word_1_168' title='bbox 1430 819 1461 846; x_wconf 82' lang='grc' dir='ltr'>τδ</span> <span class='ocrx_word' id='word_1_169' title='bbox 1477 818 1674 854; x_wconf 77' lang='grc' dir='ltr'>ἐλαφρότατον.</span> 
     </span>
    </p>
   </div>
   <div class='ocr_carea' id='block_1_29' title="bbox 1132 861 1883 902">
    <p class='ocr_par' dir='ltr' id='par_1_29' title="bbox 1132 861 1883 902">
     <span class='ocr_line' id='line_1_29' title="bbox 1132 861 1883 902; baseline -0.008 -9"><span class='ocrx_word' id='word_1_170' title='bbox 1132 865 1303 902; x_wconf 83' lang='grc' dir='ltr'>Νεκρώσεως</span> <span class='ocrx_word' id='word_1_171' title='bbox 1315 865 1494 900; x_wconf 84' lang='grc' dir='ltr'>δερματίνους</span> <span class='ocrx_word' id='word_1_172' title='bbox 1503 863 1620 900; x_wconf 83' lang='grc' dir='ltr'>χιτῶνας</span> <span class='ocrx_word' id='word_1_173' title='bbox 1634 862 1771 890; x_wconf 73' lang='grc' dir='ltr'>ἑνδέδυται</span> <span class='ocrx_word' id='word_1_174' title='bbox 1785 861 1800 888; x_wconf 82' lang='grc'>6</span> <span class='ocrx_word' id='word_1_175' title='bbox 1813 869 1883 896; x_wconf 82' lang='grc' dir='ltr'>προ-</span> 
     </span>
    </p>
   </div>
   <div class='ocr_carea' id='block_1_30' title="bbox 262 908 1050 948">
    <p class='ocr_par' dir='ltr' id='par_1_30' title="bbox 262 911 1046 948">
     <span class='ocr_line' id='line_1_30' title="bbox 262 911 1046 948; baseline -0.003 -8"><span class='ocrx_word' id='word_1_176' title='bbox 262 918 358 948; x_wconf 86' lang='lat' dir='ltr'><strong>pater;</strong></span> <span class='ocrx_word' id='word_1_177' title='bbox 381 912 496 940; x_wconf 85' lang='lat' dir='ltr'><strong>Creator</strong></span> <span class='ocrx_word' id='word_1_178' title='bbox 527 912 600 939; x_wconf 88' lang='lat' dir='ltr'><strong>enim</strong></span> <span class='ocrx_word' id='word_1_179' title='bbox 631 911 678 938; x_wconf 90' lang='lat' dir='ltr'><strong>illo</strong></span> <span class='ocrx_word' id='word_1_180' title='bbox 708 911 905 946; x_wconf 85' lang='lat' dir='ltr'><strong>superindutus</strong></span> <span class='ocrx_word' id='word_1_181' title='bbox 933 914 986 944; x_wconf 86' lang='lat' dir='ltr'><strong>est,</strong></span> <span class='ocrx_word' id='word_1_182' title='bbox 1013 918 1046 938; x_wconf 80' lang='lat' dir='ltr'><strong>ex</strong></span> 
     </span>
    </p>
   </div>
   <div class='ocr_carea' id='block_1_31' title="bbox 1102 908 1885 948">
    <p class='ocr_par' dir='ltr' id='par_1_31' title="bbox 1102 908 1885 948">
     <span class='ocr_line' id='line_1_31' title="bbox 1102 908 1885 948; baseline -0.009 -8"><span class='ocrx_word' id='word_1_183' title='bbox 1102 913 1203 948; x_wconf 81' lang='grc' dir='ltr'>πάτωρ·</span> <span class='ocrx_word' id='word_1_184' title='bbox 1214 913 1229 939; x_wconf 80' lang='grc' dir='ltr'><strong>ὸ</strong></span> <span class='ocrx_word' id='word_1_185' title='bbox 1246 912 1302 948; x_wconf 83' lang='grc' dir='ltr'><strong>γὰρ</strong></span> <span class='ocrx_word' id='word_1_186' title='bbox 1312 911 1432 945; x_wconf 76' lang='grc' dir='ltr'><strong>Κτίστης</strong></span> <span class='ocrx_word' id='word_1_187' title='bbox 1442 910 1523 938; x_wconf 77' lang='grc' dir='ltr'>αὐτὸν</span> <span class='ocrx_word' id='word_1_188' title='bbox 1534 910 1701 942; x_wconf 70' lang='grc' dir='ltr'>ἐπενδύεται,</span> <span class='ocrx_word' id='word_1_189' title='bbox 1712 909 1746 935; x_wconf 77' lang='grc' dir='ltr'>ὲκ</span> <span class='ocrx_word' id='word_1_190' title='bbox 1759 908 1815 935; x_wconf 83' lang='grc' dir='ltr'><strong>τῶν</strong></span> <span class='ocrx_word' id='word_1_191' title='bbox 1829 908 1885 934; x_wconf 87' lang='grc' dir='ltr'><strong>σῶν</strong></span> 
     </span>
    </p>
   </div>
   <div class='ocr_carea' id='block_1_32' title="bbox 262 946 1050 994">
    <p class='ocr_par' dir='ltr' id='par_1_32' title="bbox 262 946 1048 994">
     <span class='ocr_line' id='line_1_32' title="bbox 262 946 1048 994; baseline -0.005 -6"><span class='ocrx_word' id='word_1_192' title='bbox 262 946 417 988; x_wconf 69' lang='lat' dir='ltr'><strong>visceribus</strong></span> <span class='ocrx_word' id='word_1_193' title='bbox 436 959 502 992; x_wconf 84' lang='lat' dir='ltr'><strong>tuis,</strong></span> <span class='ocrx_word' id='word_1_194' title='bbox 524 966 542 987; x_wconf 91' lang='grc' dir='ltr'><strong>ο</strong></span> <span class='ocrx_word' id='word_1_195' title='bbox 569 958 729 994; x_wconf 86' lang='lat' dir='ltr'><strong>purissima,</strong></span> <span class='ocrx_word' id='word_1_196' title='bbox 753 958 926 986; x_wconf 86' lang='lat' dir='ltr'><strong>ineﬂ&#39;abiliter</strong></span> <span class='ocrx_word' id='word_1_197' title='bbox 954 957 1048 985; x_wconf 86' lang='lat' dir='ltr'><strong>incar-</strong></span> 
     </span>
    </p>
   </div>
   <div class='ocr_carea' id='block_1_33' title="bbox 1102 946 1770 994">
    <p class='ocr_par' dir='ltr' id='par_1_33' title="bbox 1102 946 1770 994">
     <span class='ocr_line' id='line_1_33' title="bbox 1102 946 1770 994; baseline -0.009 -8"><span class='ocrx_word' id='word_1_198' title='bbox 1102 946 1226 994; x_wconf 71' lang='grc' dir='ltr'>αἱμάτων</span> <span class='ocrx_word' id='word_1_199' title='bbox 1240 946 1392 993; x_wconf 77' lang='grc' dir='ltr'>σαρκωθεὶς</span> <span class='ocrx_word' id='word_1_200' title='bbox 1404 956 1476 991; x_wconf 84' lang='grc' dir='ltr'>ὑπὲρ</span> <span class='ocrx_word' id='word_1_201' title='bbox 1491 956 1582 990; x_wconf 70' lang='grc' dir='ltr'>λόγον,</span> <span class='ocrx_word' id='word_1_202' title='bbox 1603 954 1770 990; x_wconf 77' lang='grc' dir='ltr'>πανάμωμε.</span> 
     </span>
    </p>
   </div>
   <div class='ocr_carea' id='block_1_34' title="bbox 263 1011 358 1033">
    <p class='ocr_par' dir='ltr' id='par_1_34' title="bbox 263 1011 358 1033">
     <span class='ocr_line' id='line_1_34' title="bbox 263 1011 358 1033; baseline -0.011 0"><span class='ocrx_word' id='word_1_203' title='bbox 263 1011 358 1033; x_wconf 86' lang='lat' dir='ltr'><strong>natus.</strong></span> 
     </span>
    </p>
   </div>
   <div class='ocr_carea' id='block_1_35' title="bbox 300 1048 1047 1086">
    <p class='ocr_par' dir='ltr' id='par_1_35' title="bbox 300 1048 1047 1086">
     <span class='ocr_line' id='line_1_35' title="bbox 300 1048 1047 1086; baseline -0.004 -8"><span class='ocrx_word' id='word_1_204' title='bbox 300 1051 357 1083; x_wconf 87' lang='lat' dir='ltr'><strong>llle,</strong></span> <span class='ocrx_word' id='word_1_205' title='bbox 381 1050 428 1086; x_wconf 86' lang='lat' dir='ltr'><strong>qui</strong></span> <span class='ocrx_word' id='word_1_206' title='bbox 453 1050 480 1077; x_wconf 91' lang='lat' dir='ltr'><strong>in</strong></span> <span class='ocrx_word' id='word_1_207' title='bbox 506 1054 605 1077; x_wconf 89' lang='lat' dir='ltr'><strong>terram</strong></span> <span class='ocrx_word' id='word_1_208' title='bbox 630 1054 759 1084; x_wconf 86' lang='lat' dir='ltr'><strong>tanquam</strong></span> <span class='ocrx_word' id='word_1_209' title='bbox 785 1049 872 1076; x_wconf 84' lang='lat' dir='ltr'><strong>imber</strong></span> <span class='ocrx_word' id='word_1_210' title='bbox 896 1048 1047 1081; x_wconf 80' lang='lat' dir='ltr'><strong>descendit,</strong></span> 
     </span>
    </p>
   </div>
   <div class='ocr_carea' id='block_1_36' title="bbox 263 1096 1046 1131">
    <p class='ocr_par' dir='ltr' id='par_1_36' title="bbox 263 1096 1046 1131">
     <span class='ocr_line' id='line_1_36' title="bbox 263 1096 1046 1131; baseline -0.003 -7"><span class='ocrx_word' id='word_1_211' title='bbox 263 1097 389 1131; x_wconf 85' lang='lat' dir='ltr'><strong>irrigavit</strong></span> <span class='ocrx_word' id='word_1_212' title='bbox 412 1096 526 1123; x_wconf 87' lang='lat' dir='ltr'><strong>scientia</strong></span> <span class='ocrx_word' id='word_1_213' title='bbox 541 1096 633 1123; x_wconf 87' lang='lat' dir='ltr'><strong>divina</strong></span> <span class='ocrx_word' id='word_1_214' title='bbox 655 1096 810 1123; x_wconf 81' lang='lat' dir='ltr'><strong>universam</strong></span> <span class='ocrx_word' id='word_1_215' title='bbox 826 1101 937 1128; x_wconf 85' lang='lat' dir='ltr'><strong>terram,</strong></span> <span class='ocrx_word' id='word_1_216' title='bbox 956 1100 1046 1130; x_wconf 86' lang='lat' dir='ltr'><strong>teque,</strong></span> 
     </span>
    </p>
   </div>
   <div class='ocr_carea' id='block_1_37' title="bbox 263 1141 1048 1177">
    <p class='ocr_par' dir='ltr' id='par_1_37' title="bbox 263 1141 1048 1177">
     <span class='ocr_line' id='line_1_37' title="bbox 263 1141 1048 1177; baseline 0 -8"><span class='ocrx_word' id='word_1_217' title='bbox 263 1150 281 1170; x_wconf 92' lang='grc' dir='ltr'><strong>ο</strong></span> <span class='ocrx_word' id='word_1_218' title='bbox 305 1141 388 1177; x_wconf 84' lang='lat' dir='ltr'><strong>Virgo</strong></span> <span class='ocrx_word' id='word_1_219' title='bbox 409 1146 497 1175; x_wconf 84' lang='lat' dir='ltr'><strong>casta,</strong></span> <span class='ocrx_word' id='word_1_220' title='bbox 523 1141 652 1170; x_wconf 84' lang='lat' dir='ltr'><strong>omnibus</strong></span> <span class='ocrx_word' id='word_1_221' title='bbox 681 1141 787 1177; x_wconf 75' lang='lat' dir='ltr'><strong>angelis</strong></span> <span class='ocrx_word' id='word_1_222' title='bbox 813 1141 1048 1170; x_wconf 86' lang='lat' dir='ltr'><strong>honorabiliorem</strong></span> 
     </span>
    </p>
   </div>
   <div class='ocr_carea' id='block_1_38' title="bbox 264 1187 364 1216">
    <p class='ocr_par' dir='ltr' id='par_1_38' title="bbox 264 1187 364 1216">
     <span class='ocr_line' id='line_1_38' title="bbox 264 1187 364 1216; baseline -0.01 -1"><span class='ocrx_word' id='word_1_223' title='bbox 264 1187 364 1216; x_wconf 81' lang='lat' dir='ltr'><strong>cﬁ‘eeit.</strong></span> 
     </span>
    </p>
   </div>
   <div class='ocr_carea' id='block_1_39' title="bbox 253 1233 1047 1271">
    <p class='ocr_par' dir='ltr' id='par_1_39' title="bbox 253 1233 1047 1271">
     <span class='ocr_line' id='line_1_39' title="bbox 253 1233 1047 1271; baseline -0.001 -10"><span class='ocrx_word' id='word_1_224' title='bbox 253 1269 256 1271; x_wconf 19' lang='grc' dir='ltr'><strong>Δ</strong></span> <span class='ocrx_word' id='word_1_225' title='bbox 300 1234 486 1262; x_wconf 87' lang='lat' dir='ltr'><strong>lntellectuale</strong></span> <span class='ocrx_word' id='word_1_226' title='bbox 501 1233 697 1263; x_wconf 85' lang='lat' dir='ltr'><strong>candelabrum</strong></span> <span class='ocrx_word' id='word_1_227' title='bbox 719 1238 744 1261; x_wconf 88' lang='lat' dir='ltr'><strong>te</strong></span> <span class='ocrx_word' id='word_1_228' title='bbox 757 1234 833 1266; x_wconf 87' lang='lat' dir='ltr'><strong>olim,</strong></span> <span class='ocrx_word' id='word_1_229' title='bbox 850 1233 896 1261; x_wconf 86' lang='lat' dir='ltr'><strong>Dei</strong></span> <span class='ocrx_word' id='word_1_230' title='bbox 917 1233 1047 1269; x_wconf 81' lang='lat' dir='ltr'><strong>genitrix,</strong></span> 
     </span>
    </p>
   </div>
   <div class='ocr_carea' id='block_1_40' title="bbox 264 1279 1048 1315">
    <p class='ocr_par' dir='ltr' id='par_1_40' title="bbox 264 1279 1048 1315">
     <span class='ocr_line' id='line_1_40' title="bbox 264 1279 1048 1315; baseline -0.001 -8"><span class='ocrx_word' id='word_1_231' title='bbox 264 1281 396 1315; x_wconf 80' lang='lat' dir='ltr'><strong>propheta</strong></span> <span class='ocrx_word' id='word_1_232' title='bbox 419 1281 606 1315; x_wconf 70' lang='lat' dir='ltr'><strong>prtesignavit,</strong></span> <span class='ocrx_word' id='word_1_233' title='bbox 631 1279 721 1306; x_wconf 79' lang='lat' dir='ltr'><strong>ferens</strong></span> <span class='ocrx_word' id='word_1_234' title='bbox 742 1279 892 1314; x_wconf 84' lang='lat' dir='ltr'><strong>lampadem</strong></span> <span class='ocrx_word' id='word_1_235' title='bbox 917 1280 1048 1312; x_wconf 90' lang='lat' dir='ltr'><strong>divinatn,</strong></span> 
     </span>
    </p>
   </div>
   <div class='ocr_carea' id='block_1_41' title="bbox 264 1326 1048 1362">
    <p class='ocr_par' dir='ltr' id='par_1_41' title="bbox 264 1326 1048 1362">
     <span class='ocr_line' id='line_1_41' title="bbox 264 1326 1048 1362; baseline 0.001 -9"><span class='ocrx_word' id='word_1_236' title='bbox 264 1334 326 1361; x_wconf 75' lang='lat' dir='ltr'><strong>qua:</strong></span> <span class='ocrx_word' id='word_1_237' title='bbox 341 1327 505 1354; x_wconf 86' lang='lat' dir='ltr'><strong>illuminavit</strong></span> <span class='ocrx_word' id='word_1_238' title='bbox 525 1334 584 1357; x_wconf 88' lang='lat' dir='ltr'><strong>eos.</strong></span> <span class='ocrx_word' id='word_1_239' title='bbox 599 1326 645 1361; x_wconf 88' lang='lat' dir='ltr'><strong>qui</strong></span> <span class='ocrx_word' id='word_1_240' title='bbox 665 1326 791 1362; x_wconf 85' lang='lat' dir='ltr'><strong>plurimis</strong></span> <span class='ocrx_word' id='word_1_241' title='bbox 813 1326 948 1353; x_wconf 88' lang='lat' dir='ltr'><strong>malorum</strong></span> <span class='ocrx_word' id='word_1_242' title='bbox 971 1331 1048 1354; x_wconf 84' lang='lat' dir='ltr'><strong>terte-</strong></span> 
     </span>
    </p>
   </div>
   <div class='ocr_carea' id='block_1_42' title="bbox 265 1371 622 1407">
    <p class='ocr_par' dir='ltr' id='par_1_42' title="bbox 265 1371 622 1407">
     <span class='ocr_line' id='line_1_42' title="bbox 265 1371 622 1407; baseline 0 -9"><span class='ocrx_word' id='word_1_243' title='bbox 265 1372 322 1399; x_wconf 87' lang='lat' dir='ltr'><strong>bris</strong></span> <span class='ocrx_word' id='word_1_244' title='bbox 337 1372 413 1407; x_wconf 91' lang='lat' dir='ltr'><strong>prius</strong></span> <span class='ocrx_word' id='word_1_245' title='bbox 426 1375 505 1400; x_wconf 85' lang='lat' dir='ltr'><strong>erant</strong></span> <span class='ocrx_word' id='word_1_246' title='bbox 520 1371 622 1399; x_wconf 82' lang='lat' dir='ltr'><strong>obfusi.</strong></span> 
     </span>
    </p>
   </div>
   <div class='ocr_carea' id='block_1_43' title="bbox 300 1415 1050 1451">
    <p class='ocr_par' dir='ltr' id='par_1_43' title="bbox 300 1415 1050 1451">
     <span class='ocr_line' id='line_1_43' title="bbox 300 1415 1050 1451; baseline 0 -8"><span class='ocrx_word' id='word_1_247' title='bbox 300 1416 383 1444; x_wconf 82' lang='lat' dir='ltr'><strong>Lucis</strong></span> <span class='ocrx_word' id='word_1_248' title='bbox 405 1417 592 1444; x_wconf 89' lang='lat' dir='ltr'><strong>habitaculum</strong></span> <span class='ocrx_word' id='word_1_249' title='bbox 607 1415 676 1444; x_wconf 79' lang='lat' dir='ltr'><strong>facta</strong></span> <span class='ocrx_word' id='word_1_250' title='bbox 694 1423 724 1443; x_wconf 79' lang='lat' dir='ltr'><strong>ca</strong></span> <span class='ocrx_word' id='word_1_251' title='bbox 744 1423 752 1443; x_wconf 90' lang='lat'><strong>:</strong></span> <span class='ocrx_word' id='word_1_252' title='bbox 769 1420 910 1451; x_wconf 83' lang='lat' dir='ltr'><strong>propterea</strong></span> <span class='ocrx_word' id='word_1_253' title='bbox 925 1416 1050 1444; x_wconf 83' lang='lat' dir='ltr'><strong>illumina</strong></span> 
     </span>
    </p>
   </div>
   <div class='ocr_carea' id='block_1_44' title="bbox 266 1461 1052 1497">
    <p class='ocr_par' dir='ltr' id='par_1_44' title="bbox 266 1461 1052 1497">
     <span class='ocr_line' id='line_1_44' title="bbox 266 1461 1052 1497; baseline 0 -8"><span class='ocrx_word' id='word_1_254' title='bbox 266 1469 321 1496; x_wconf 86' lang='lat' dir='ltr'><strong>me,</strong></span> <span class='ocrx_word' id='word_1_255' title='bbox 340 1469 358 1490; x_wconf 86' lang='grc' dir='ltr'><strong>ο</strong></span> <span class='ocrx_word' id='word_1_256' title='bbox 374 1462 475 1497; x_wconf 84' lang='lat' dir='ltr'><strong>puella,</strong></span> <span class='ocrx_word' id='word_1_257' title='bbox 491 1462 627 1490; x_wconf 86' lang='lat' dir='ltr'><strong>universis</strong></span> <span class='ocrx_word' id='word_1_258' title='bbox 646 1461 748 1489; x_wconf 88' lang='lat' dir='ltr'><strong>inimici</strong></span> <span class='ocrx_word' id='word_1_259' title='bbox 764 1462 955 1490; x_wconf 83' lang='lat' dir='ltr'><strong>vexationibus</strong></span> <span class='ocrx_word' id='word_1_260' title='bbox 973 1462 1052 1489; x_wconf 86' lang='lat' dir='ltr'><strong>obte-</strong></span> 
     </span>
    </p>
   </div>
   <div class='ocr_carea' id='block_1_45' title="bbox 265 1507 1051 1542">
    <p class='ocr_par' dir='ltr' id='par_1_45' title="bbox 265 1507 1051 1542">
     <span class='ocr_line' id='line_1_45' title="bbox 265 1507 1051 1542; baseline 0.003 -8"><span class='ocrx_word' id='word_1_261' title='bbox 265 1507 421 1542; x_wconf 85' lang='lat' dir='ltr'><strong>nebratum,</strong></span> <span class='ocrx_word' id='word_1_262' title='bbox 447 1513 477 1536; x_wconf 88' lang='lat' dir='ltr'><strong>ut</strong></span> <span class='ocrx_word' id='word_1_263' title='bbox 493 1516 556 1536; x_wconf 89' lang='lat' dir='ltr'><strong>cum</strong></span> <span class='ocrx_word' id='word_1_264' title='bbox 579 1508 631 1536; x_wconf 87' lang='lat' dir='ltr'><strong>ﬁde</strong></span> <span class='ocrx_word' id='word_1_265' title='bbox 647 1507 820 1542; x_wconf 73' lang='lat' dir='ltr'><strong>magniﬁcam</strong></span> <span class='ocrx_word' id='word_1_266' title='bbox 839 1512 874 1541; x_wconf 89' lang='lat' dir='ltr'><strong>te,</strong></span> <span class='ocrx_word' id='word_1_267' title='bbox 899 1516 916 1536; x_wconf 96' lang='lat' dir='ltr'><strong>o</strong></span> <span class='ocrx_word' id='word_1_268' title='bbox 934 1508 1051 1536; x_wconf 85' lang='lat' dir='ltr'><strong>sanctis-</strong></span> 
     </span>
    </p>
   </div>
   <div class='ocr_carea' id='block_1_46' title="bbox 266 1553 547 1590">
    <p class='ocr_par' dir='ltr' id='par_1_46' title="bbox 266 1553 547 1590">
     <span class='ocr_line' id='line_1_46' title="bbox 266 1553 547 1590; baseline 0.007 -9"><span class='ocrx_word' id='word_1_269' title='bbox 266 1553 337 1582; x_wconf 86' lang='lat' dir='ltr'><strong>sima</strong></span> <span class='ocrx_word' id='word_1_270' title='bbox 355 1553 440 1582; x_wconf 82' lang='lat' dir='ltr'><strong>Mater</strong></span> <span class='ocrx_word' id='word_1_271' title='bbox 453 1553 547 1590; x_wconf 84' lang='lat' dir='ltr'><strong>Virgo.</strong></span> 
     </span>
    </p>
   </div>
   <div class='ocr_carea' id='block_1_47' title="bbox 1141 1045 1885 1084">
    <p class='ocr_par' dir='ltr' id='par_1_47' title="bbox 1141 1045 1885 1084">
     <span class='ocr_line' id='line_1_47' title="bbox 1141 1045 1885 1084; baseline -0.009 -5"><span class='ocrx_word' id='word_1_272' title='bbox 1141 1051 1172 1079; x_wconf 88' lang='lat'><strong>&#39;0</strong></span> <span class='ocrx_word' id='word_1_273' title='bbox 1190 1050 1312 1082; x_wconf 78' lang='grc' dir='ltr'>καταϐὰς</span> <span class='ocrx_word' id='word_1_274' title='bbox 1332 1049 1380 1077; x_wconf 69' lang='lat' dir='ltr'><strong>hri.</strong></span> <span class='ocrx_word' id='word_1_275' title='bbox 1406 1049 1456 1084; x_wconf 81' lang='grc' dir='ltr'>τῆς</span> <span class='ocrx_word' id='word_1_276' title='bbox 1485 1048 1538 1084; x_wconf 85' lang='grc' dir='ltr'><strong>γῆς</strong></span> <span class='ocrx_word' id='word_1_277' title='bbox 1559 1048 1596 1080; x_wconf 83' lang='grc' dir='ltr'><strong>ὡς</strong></span> <span class='ocrx_word' id='word_1_278' title='bbox 1628 1047 1717 1080; x_wconf 81' lang='grc' dir='ltr'>ὑετὸς,</span> <span class='ocrx_word' id='word_1_279' title='bbox 1750 1045 1885 1081; x_wconf 78' lang='grc' dir='ltr'>Παρθένε,</span> 
     </span>
    </p>
   </div>
   <div class='ocr_carea' id='block_1_48' title="bbox 1101 1092 1887 1131">
    <p class='ocr_par' dir='ltr' id='par_1_48' title="bbox 1101 1092 1887 1131">
     <span class='ocr_line' id='line_1_48' title="bbox 1101 1092 1887 1131; baseline -0.006 -7"><span class='ocrx_word' id='word_1_280' title='bbox 1101 1096 1267 1131; x_wconf 85' lang='grc' dir='ltr'>θεογνωσίαν</span> <span class='ocrx_word' id='word_1_281' title='bbox 1283 1096 1375 1123; x_wconf 72' lang='grc' dir='ltr'>πᾶσαν</span> <span class='ocrx_word' id='word_1_282' title='bbox 1400 1095 1515 1130; x_wconf 86' lang='grc' dir='ltr'>ήρδευσε</span> <span class='ocrx_word' id='word_1_283' title='bbox 1542 1094 1593 1129; x_wconf 79' lang='grc' dir='ltr'>τὴν</span> <span class='ocrx_word' id='word_1_284' title='bbox 1615 1094 1677 1128; x_wconf 82' lang='grc' dir='ltr'><strong>γῆν,</strong></span> <span class='ocrx_word' id='word_1_285' title='bbox 1699 1093 1748 1120; x_wconf 70' lang='grc' dir='ltr'><strong>καλ¹</strong></span> <span class='ocrx_word' id='word_1_286' title='bbox 1767 1092 1887 1125; x_wconf 80' lang='grc' dir='ltr'><strong>ἀνέδειξέ</strong></span> 
     </span>
    </p>
   </div>
   <div class='ocr_carea' id='block_1_49' title="bbox 1102 1139 1768 1177">
    <p class='ocr_par' dir='ltr' id='par_1_49' title="bbox 1102 1139 1768 1177">
     <span class='ocr_line' id='line_1_49' title="bbox 1102 1139 1768 1177; baseline -0.008 -7"><span class='ocrx_word' id='word_1_287' title='bbox 1102 1151 1133 1170; x_wconf 85' lang='grc' dir='ltr'>σε</span> <span class='ocrx_word' id='word_1_288' title='bbox 1151 1142 1205 1170; x_wconf 79' lang='grc' dir='ltr'>’τῶν</span> <span class='ocrx_word' id='word_1_289' title='bbox 1217 1142 1341 1177; x_wconf 78' lang='grc' dir='ltr'><strong>ἀγγέλων</strong></span> <span class='ocrx_word' id='word_1_290' title='bbox 1357 1141 1477 1173; x_wconf 84' lang='grc' dir='ltr'>πάντων,</span> <span class='ocrx_word' id='word_1_291' title='bbox 1495 1140 1577 1175; x_wconf 82' lang='grc' dir='ltr'>ἁγνὴ,</span> <span class='ocrx_word' id='word_1_292' title='bbox 1589 1139 1768 1175; x_wconf 80' lang='grc' dir='ltr'>τιμιωτέραν.</span> 
     </span>
    </p>
   </div>
   <div class='ocr_carea' id='block_1_50' title="bbox 1136 1231 1889 1271">
    <p class='ocr_par' dir='ltr' id='par_1_50' title="bbox 1136 1231 1889 1271">
     <span class='ocr_line' id='line_1_50' title="bbox 1136 1231 1889 1271; baseline -0.008 -8"><span class='ocrx_word' id='word_1_293' title='bbox 1136 1235 1245 1271; x_wconf 84' lang='grc' dir='ltr'>Νοητήν</span> <span class='ocrx_word' id='word_1_294' title='bbox 1256 1244 1285 1262; x_wconf 81' lang='grc' dir='ltr'>σε</span> <span class='ocrx_word' id='word_1_295' title='bbox 1298 1235 1408 1270; x_wconf 84' lang='grc' dir='ltr'>λυχνίαν</span> <span class='ocrx_word' id='word_1_296' title='bbox 1417 1233 1591 1270; x_wconf 78' lang='grc' dir='ltr'>προέγραψεν</span> <span class='ocrx_word' id='word_1_297' title='bbox 1604 1233 1618 1259; x_wconf 83' lang='grc' dir='ltr'><strong><em>ὁ</em></strong></span> <span class='ocrx_word' id='word_1_298' title='bbox 1627 1232 1770 1268; x_wconf 82' lang='grc' dir='ltr'><strong>προφήτης</strong></span> <span class='ocrx_word' id='word_1_299' title='bbox 1781 1231 1811 1257; x_wconf 71' lang='grc' dir='ltr'><strong>τὸ</strong></span> <span class='ocrx_word' id='word_1_300' title='bbox 1817 1231 1889 1258; x_wconf 72' lang='grc' dir='ltr'>θεῖον</span> 
     </span>
    </p>
   </div>
   <div class='ocr_carea' id='block_1_51' title="bbox 1101 1277 1888 1317">
    <p class='ocr_par' dir='ltr' id='par_1_51' title="bbox 1101 1277 1888 1317">
     <span class='ocr_line' id='line_1_51' title="bbox 1101 1277 1888 1317; baseline -0.01 -7"><span class='ocrx_word' id='word_1_301' title='bbox 1101 1282 1265 1317; x_wconf 81' lang='grc' dir='ltr'>λαμπάδιον,</span> <span class='ocrx_word' id='word_1_302' title='bbox 1274 1281 1467 1315; x_wconf 82' lang='grc' dir='ltr'>Θεογεννῆτορ,</span> <span class='ocrx_word' id='word_1_303' title='bbox 1481 1280 1618 1314; x_wconf 73' lang='grc' dir='ltr'>φέρουσαν</span> <span class='ocrx_word' id='word_1_304' title='bbox 1629 1279 1660 1305; x_wconf 77' lang='grc' dir='ltr'><strong>τὺ</strong></span> <span class='ocrx_word' id='word_1_305' title='bbox 1677 1278 1809 1312; x_wconf 82' lang='grc' dir='ltr'>φωτίσαν,</span> <span class='ocrx_word' id='word_1_306' title='bbox 1825 1277 1888 1308; x_wconf 72' lang='grc' dir='ltr'>τοὺς</span> 
     </span>
    </p>
   </div>
   <div class='ocr_carea' id='block_1_52' title="bbox 1103 1324 1888 1364">
    <p class='ocr_par' dir='ltr' id='par_1_52' title="bbox 1103 1324 1888 1364">
     <span class='ocr_line' id='line_1_52' title="bbox 1103 1324 1888 1364; baseline -0.008 -9"><span class='ocrx_word' id='word_1_307' title='bbox 1103 1329 1199 1364; x_wconf 85' lang='grc' dir='ltr'>πρώην</span> <span class='ocrx_word' id='word_1_308' title='bbox 1214 1327 1421 1362; x_wconf 78' lang='grc' dir='ltr'>ὲσκοτισμένους</span> <span class='ocrx_word' id='word_1_309' title='bbox 1433 1326 1488 1353; x_wconf 79' lang='grc' dir='ltr'><strong>τῶν</strong></span> <span class='ocrx_word' id='word_1_310' title='bbox 1502 1325 1596 1353; x_wconf 82' lang='grc' dir='ltr'>κακῶν</span> <span class='ocrx_word' id='word_1_311' title='bbox 1606 1326 1665 1357; x_wconf 82' lang='grc' dir='ltr'>ταῖς</span> <span class='ocrx_word' id='word_1_312' title='bbox 1676 1324 1787 1355; x_wconf 80' lang='grc' dir='ltr'>πολλαῖς</span> <span class='ocrx_word' id='word_1_313' title='bbox 1799 1325 1888 1358; x_wconf 82' lang='grc' dir='ltr'>ἀμαυ-</span> 
     </span>
    </p>
   </div>
   <div class='ocr_carea' id='block_1_53' title="bbox 1105 1374 1684 1410">
    <p class='ocr_par' dir='ltr' id='par_1_53' title="bbox 1105 1374 1684 1410">
     <span class='ocr_line' id='line_1_53' title="bbox 1105 1374 1684 1410; baseline 0.012 -11"><span class='ocrx_word' id='word_1_314' title='bbox 1105 1374 1234 1410; x_wconf 86' lang='grc' dir='ltr'>ρώσεσιν.</span> <span class='ocrx_word' id='word_1_315' title='bbox 1681 1403 1684 1406; x_wconf 97' lang='grc'>.</span> 
     </span>
    </p>
   </div>
   <div class='ocr_carea' id='block_1_54' title="bbox 1138 1415 1888 1455">
    <p class='ocr_par' dir='ltr' id='par_1_54' title="bbox 1138 1415 1888 1455">
     <span class='ocr_line' id='line_1_54' title="bbox 1138 1415 1888 1455; baseline -0.008 -9"><span class='ocrx_word' id='word_1_316' title='bbox 1138 1420 1228 1451; x_wconf 76' lang='grc' dir='ltr'>Φωτὸς</span> <span class='ocrx_word' id='word_1_317' title='bbox 1244 1419 1402 1455; x_wconf 79' lang='grc' dir='ltr'>οἰκητήριον</span> <span class='ocrx_word' id='word_1_318' title='bbox 1424 1417 1529 1453; x_wconf 76' lang='grc' dir='ltr'>ἐγένου·</span> <span class='ocrx_word' id='word_1_319' title='bbox 1555 1417 1595 1445; x_wconf 81' lang='grc' dir='ltr'><strong>διδ</strong></span> <span class='ocrx_word' id='word_1_320' title='bbox 1618 1415 1826 1452; x_wconf 81' lang='grc' dir='ltr'>φωταγώγησόν</span> <span class='ocrx_word' id='word_1_321' title='bbox 1841 1424 1888 1451; x_wconf 78' lang='grc' dir='ltr'><strong>με,</strong></span> 
     </span>
    </p>
   </div>
   <div class='ocr_carea' id='block_1_55' title="bbox 1101 1462 1887 1500">
    <p class='ocr_par' dir='ltr' id='par_1_55' title="bbox 1101 1462 1887 1500">
     <span class='ocr_line' id='line_1_55' title="bbox 1101 1462 1887 1500; baseline -0.005 -9"><span class='ocrx_word' id='word_1_322' title='bbox 1101 1463 1182 1500; x_wconf 80' lang='grc' dir='ltr'>κόρη,</span> <span class='ocrx_word' id='word_1_323' title='bbox 1211 1465 1422 1500; x_wconf 82' lang='grc' dir='ltr'>ἀμαυρούμενον</span> <span class='ocrx_word' id='word_1_324' title='bbox 1437 1464 1540 1495; x_wconf 78' lang='grc' dir='ltr'>πάσαις</span> <span class='ocrx_word' id='word_1_325' title='bbox 1566 1462 1612 1490; x_wconf 82' lang='grc' dir='ltr'><strong>τοῦ</strong></span> <span class='ocrx_word' id='word_1_326' title='bbox 1631 1462 1729 1498; x_wconf 73' lang='grc' dir='ltr'>ἐχθροῦ</span> <span class='ocrx_word' id='word_1_327' title='bbox 1744 1463 1804 1493; x_wconf 83' lang='grc' dir='ltr'>ταῖς</span> <span class='ocrx_word' id='word_1_328' title='bbox 1822 1462 1887 1488; x_wconf 82' lang='grc' dir='ltr'>ἁπι-</span> 
     </span>
    </p>
   </div>
   <div class='ocr_carea' id='block_1_56' title="bbox 1101 1506 1888 1542">
    <p class='ocr_par' dir='ltr' id='par_1_56' title="bbox 1101 1506 1888 1542">
     <span class='ocr_line' id='line_1_56' title="bbox 1101 1506 1888 1542; baseline -0.001 -7"><span class='ocrx_word' id='word_1_329' title='bbox 1101 1508 1200 1541; x_wconf 82' lang='grc' dir='ltr'>οτίαις,</span> <span class='ocrx_word' id='word_1_330' title='bbox 1228 1509 1302 1540; x_wconf 78' lang='grc' dir='ltr'>ὅπως</span> <span class='ocrx_word' id='word_1_331' title='bbox 1327 1509 1357 1535; x_wconf 81' lang='grc' dir='ltr'>ὲν</span> <span class='ocrx_word' id='word_1_332' title='bbox 1380 1507 1479 1535; x_wconf 84' lang='grc' dir='ltr'>πίστει</span> <span class='ocrx_word' id='word_1_333' title='bbox 1509 1516 1551 1541; x_wconf 77' lang='grc' dir='ltr'><strong>σε,</strong></span> <span class='ocrx_word' id='word_1_334' title='bbox 1567 1507 1701 1542; x_wconf 73' lang='grc' dir='ltr'>πανατία,</span> <span class='ocrx_word' id='word_1_335' title='bbox 1733 1506 1888 1542; x_wconf 83' lang='grc' dir='ltr'>μεγαλύνω,</span> 
     </span>
    </p>
   </div>
   <div class='ocr_carea' id='block_1_57' title="bbox 1102 1554 1333 1590">
    <p class='ocr_par' dir='ltr' id='par_1_57' title="bbox 1102 1554 1333 1590">
     <span class='ocr_line' id='line_1_57' title="bbox 1102 1554 1333 1590; baseline 0 -9"><span class='ocrx_word' id='word_1_336' title='bbox 1102 1554 1333 1590; x_wconf 81' lang='grc' dir='ltr'>Μητροπάρθενε,</span> 
     </span>
    </p>
   </div>
   <div class='ocr_carea' id='block_1_58' title="bbox 477 1611 1663 1650">
    <p class='ocr_par' dir='ltr' id='par_1_58' title="bbox 477 1611 1663 1650">
     <span class='ocr_line' id='line_1_58' title="bbox 477 1611 1663 1650; baseline 0.001 -11"><span class='ocrx_word' id='word_1_337' title='bbox 477 1611 520 1640; x_wconf 76' lang='lat' dir='ltr'><strong>Ea:</strong></span> <span class='ocrx_word' id='word_1_338' title='bbox 546 1611 652 1641; x_wconf 74' lang='lat' dir='ltr'><strong>Conone</strong></span> <span class='ocrx_word' id='word_1_339' title='bbox 677 1615 705 1642; x_wconf 83' lang='lat' dir='ltr'><strong>t&#39;n</strong></span> <span class='ocrx_word' id='word_1_340' title='bbox 735 1614 786 1643; x_wconf 87' lang='lat' dir='ltr'><strong>SS.</strong></span> <span class='ocrx_word' id='word_1_341' title='bbox 812 1613 997 1650; x_wconf 71' lang='lat' dir='ltr'><strong>Speusippum,</strong></span> <span class='ocrx_word' id='word_1_342' title='bbox 1013 1612 1196 1648; x_wconf 70' lang='lat' dir='ltr'><strong>Eleusippum,</strong></span> <span class='ocrx_word' id='word_1_343' title='bbox 1219 1618 1244 1640; x_wconf 85' lang='lat' dir='ltr'><strong>et</strong></span> <span class='ocrx_word' id='word_1_344' title='bbox 1265 1612 1466 1648; x_wconf 77' lang='lat' dir='ltr'><strong>Meleusippum,</strong></span> <span class='ocrx_word' id='word_1_345' title='bbox 1480 1612 1663 1649; x_wconf 68' lang='lat' dir='ltr'><strong>die16(50‘).</strong></span> 
     </span>
    </p>
   </div>
   <div class='ocr_carea' id='block_1_59' title="bbox 302 1666 1891 1705">
    <p class='ocr_par' dir='ltr' id='par_1_59' title="bbox 302 1666 1891 1705">
     <span class='ocr_line' id='line_1_59' title="bbox 302 1666 1891 1705; baseline 0 -11"><span class='ocrx_word' id='word_1_346' title='bbox 302 1666 387 1695; x_wconf 80' lang='lat' dir='ltr'><strong>Terra</strong></span> <span class='ocrx_word' id='word_1_347' title='bbox 413 1668 517 1695; x_wconf 85' lang='lat' dir='ltr'><strong>inarata</strong></span> <span class='ocrx_word' id='word_1_348' title='bbox 539 1670 702 1704; x_wconf 87' lang='lat' dir='ltr'><strong>apparuisti,</strong></span> <span class='ocrx_word' id='word_1_349' title='bbox 720 1677 735 1696; x_wconf 94' lang='grc' dir='ltr'><strong>ο</strong></span> <span class='ocrx_word' id='word_1_350' title='bbox 756 1669 960 1705; x_wconf 81' lang='lat' dir='ltr'><strong>augustissima,</strong></span> <span class='ocrx_word' id='word_1_351' title='bbox 986 1670 1083 1704; x_wconf 67' lang='lat' dir='ltr'><strong>quatc</strong></span> <span class='ocrx_word' id='word_1_352' title='bbox 1101 1668 1145 1696; x_wconf 82' lang='lat' dir='ltr'><strong>Dei</strong></span> <span class='ocrx_word' id='word_1_353' title='bbox 1155 1667 1279 1695; x_wconf 81' lang='lat' dir='ltr'><strong>Genitr&#39;tx</strong></span> <span class='ocrx_word' id='word_1_354' title='bbox 1291 1668 1464 1702; x_wconf 82' lang='lat' dir='ltr'><strong>castissima;</strong></span> <span class='ocrx_word' id='word_1_355' title='bbox 1479 1674 1598 1697; x_wconf 81' lang='lat' dir='ltr'><strong>mentem</strong></span> <span class='ocrx_word' id='word_1_356' title='bbox 1615 1668 1761 1704; x_wconf 87' lang='lat' dir='ltr'><strong>tranquilla</strong></span> <span class='ocrx_word' id='word_1_357' title='bbox 1780 1667 1891 1695; x_wconf 86' lang='lat' dir='ltr'><strong>hostili-</strong></span> 
     </span>
    </p>
   </div>
   <div class='ocr_carea' id='block_1_60' title="bbox 266 1712 1051 1749">
    <p class='ocr_par' dir='ltr' id='par_1_60' title="bbox 266 1712 1051 1749">
     <span class='ocr_line' id='line_1_60' title="bbox 266 1712 1051 1749; baseline 0.003 -10"><span class='ocrx_word' id='word_1_358' title='bbox 266 1712 372 1747; x_wconf 87' lang='lat' dir='ltr'><strong>spicam</strong></span> <span class='ocrx_word' id='word_1_359' title='bbox 397 1713 477 1741; x_wconf 89' lang='lat' dir='ltr'><strong>nobis</strong></span> <span class='ocrx_word' id='word_1_360' title='bbox 495 1714 644 1749; x_wconf 87' lang='lat' dir='ltr'><strong>protulisti,</strong></span> <span class='ocrx_word' id='word_1_361' title='bbox 664 1715 784 1742; x_wconf 84' lang='lat' dir='ltr'><strong>universi</strong></span> <span class='ocrx_word' id='word_1_362' title='bbox 810 1715 972 1742; x_wconf 90' lang='lat' dir='ltr'><strong>nutritorem</strong></span> <span class='ocrx_word' id='word_1_363' title='bbox 997 1714 1051 1741; x_wconf 88' lang='lat' dir='ltr'><strong>Do-</strong></span> 
     </span>
    </p>
   </div>
   <div class='ocr_carea' id='block_1_61' title="bbox 267 1757 1051 1794">
    <p class='ocr_par' dir='ltr' id='par_1_61' title="bbox 267 1757 1051 1794">
     <span class='ocr_line' id='line_1_61' title="bbox 267 1757 1051 1794; baseline 0.004 -10"><span class='ocrx_word' id='word_1_364' title='bbox 267 1757 374 1784; x_wconf 88' lang='lat' dir='ltr'><strong>minum</strong></span> <span class='ocrx_word' id='word_1_365' title='bbox 388 1757 481 1786; x_wconf 80' lang='lat' dir='ltr'><strong>Jesum</strong></span> <span class='ocrx_word' id='word_1_366' title='bbox 502 1766 536 1787; x_wconf 81' lang='lat' dir='ltr'><strong>ex</strong></span> <span class='ocrx_word' id='word_1_367' title='bbox 559 1766 615 1794; x_wconf 89' lang='lat' dir='ltr'><strong>quo</strong></span> <span class='ocrx_word' id='word_1_368' title='bbox 639 1767 690 1788; x_wconf 87' lang='lat' dir='ltr'><strong>nos</strong></span> <span class='ocrx_word' id='word_1_369' title='bbox 710 1761 894 1793; x_wconf 84' lang='lat' dir='ltr'><strong>comedentes,</strong></span> <span class='ocrx_word' id='word_1_370' title='bbox 915 1760 950 1788; x_wconf 84' lang='lat' dir='ltr'><strong>ad</strong></span> <span class='ocrx_word' id='word_1_371' title='bbox 968 1760 1051 1788; x_wconf 86' lang='lat' dir='ltr'><strong>vitam</strong></span> 
     </span>
    </p>
   </div>
   <div class='ocr_carea' id='block_1_62' title="bbox 267 1810 442 1831">
    <p class='ocr_par' dir='ltr' id='par_1_62' title="bbox 267 1810 442 1831">
     <span class='ocr_line' id='line_1_62' title="bbox 267 1810 442 1831; baseline 0.006 -1"><span class='ocrx_word' id='word_1_372' title='bbox 267 1810 442 1831; x_wconf 84' lang='lat' dir='ltr'><strong>revocamur.</strong></span> 
     </span>
    </p>
   </div>
   <div class='ocr_carea' id='block_1_63' title="bbox 304 1849 1053 1887">
    <p class='ocr_par' dir='ltr' id='par_1_63' title="bbox 304 1849 1053 1887">
     <span class='ocr_line' id='line_1_63' title="bbox 304 1849 1053 1887; baseline 0.003 -11"><span class='ocrx_word' id='word_1_373' title='bbox 304 1849 390 1876; x_wconf 86' lang='lat' dir='ltr'><strong>Deum</strong></span> <span class='ocrx_word' id='word_1_374' title='bbox 405 1857 439 1876; x_wconf 76' lang='lat' dir='ltr'><strong>ex</strong></span> <span class='ocrx_word' id='word_1_375' title='bbox 453 1853 480 1877; x_wconf 84' lang='lat' dir='ltr'><strong>te</strong></span> <span class='ocrx_word' id='word_1_376' title='bbox 495 1850 666 1878; x_wconf 88' lang='lat' dir='ltr'><strong>incarnatum</strong></span> <span class='ocrx_word' id='word_1_377' title='bbox 682 1851 816 1884; x_wconf 86' lang='lat' dir='ltr'><strong>videntes,</strong></span> <span class='ocrx_word' id='word_1_378' title='bbox 834 1859 851 1879; x_wconf 94' lang='grc' dir='ltr'><strong>ο</strong></span> <span class='ocrx_word' id='word_1_379' title='bbox 867 1850 952 1887; x_wconf 83' lang='lat' dir='ltr'><strong>Virgo</strong></span> <span class='ocrx_word' id='word_1_380' title='bbox 978 1856 1053 1878; x_wconf 87' lang='lat' dir='ltr'><strong>casta</strong></span> 
     </span>
    </p>
   </div>
   <div class='ocr_carea' id='block_1_64' title="bbox 272 1893 1052 1933">
    <p class='ocr_par' dir='ltr' id='par_1_64' title="bbox 272 1893 1052 1933">
     <span class='ocr_line' id='line_1_64' title="bbox 272 1893 1052 1933; baseline 0.005 -13"><span class='ocrx_word' id='word_1_381' title='bbox 272 1893 400 1928; x_wconf 88' lang='lat' dir='ltr'><strong>Deipara,</strong></span> <span class='ocrx_word' id='word_1_382' title='bbox 414 1894 469 1929; x_wconf 78' lang='lat'><strong>55</strong></span> <span class='ocrx_word' id='word_1_383' title='bbox 490 1900 516 1922; x_wconf 87' lang='lat' dir='ltr'><strong>te</strong></span> <span class='ocrx_word' id='word_1_384' title='bbox 536 1897 644 1931; x_wconf 82' lang='lat' dir='ltr'><strong>proprie</strong></span> <span class='ocrx_word' id='word_1_385' title='bbox 665 1897 838 1930; x_wconf 80' lang='lat' dir='ltr'><strong>conﬁtemur,</strong></span> <span class='ocrx_word' id='word_1_386' title='bbox 853 1905 914 1933; x_wconf 79' lang='lat' dir='ltr'><strong>qua:</strong></span> <span class='ocrx_word' id='word_1_387' title='bbox 930 1898 1052 1925; x_wconf 79' lang='lat' dir='ltr'><strong>omniurn</strong></span> 
     </span>
    </p>
   </div>
   <div class='ocr_carea' id='block_1_65' title="bbox 267 1938 1052 1977">
    <p class='ocr_par' dir='ltr' id='par_1_65' title="bbox 267 1938 1052 1977">
     <span class='ocr_line' id='line_1_65' title="bbox 267 1938 1052 1977; baseline 0.006 -11"><span class='ocrx_word' id='word_1_388' title='bbox 267 1938 472 1968; x_wconf 80' lang='lat' dir='ltr'><strong>reformationis</strong></span> <span class='ocrx_word' id='word_1_389' title='bbox 504 1941 608 1977; x_wconf 87' lang='lat' dir='ltr'><strong>absque</strong></span> <span class='ocrx_word' id='word_1_390' title='bbox 646 1942 700 1970; x_wconf 87' lang='lat' dir='ltr'><strong>ulla</strong></span> <span class='ocrx_word' id='word_1_391' title='bbox 755 1943 926 1971; x_wconf 87' lang='lat' dir='ltr'><strong>dubitatione</strong></span> <span class='ocrx_word' id='word_1_392' title='bbox 969 1950 1052 1971; x_wconf 79' lang='lat' dir='ltr'><strong>causa</strong></span> 
     </span>
    </p>
   </div>
   <div class='ocr_carea' id='block_1_66' title="bbox 267 1985 357 2014">
    <p class='ocr_par' dir='ltr' id='par_1_66' title="bbox 267 1985 357 2014">
     <span class='ocr_line' id='line_1_66' title="bbox 267 1985 357 2014; baseline 0 0"><span class='ocrx_word' id='word_1_393' title='bbox 267 1985 357 2014; x_wconf 78' lang='lat' dir='ltr'><strong>fuisti.</strong></span> 
     </span>
    </p>
   </div>
   <div class='ocr_carea' id='block_1_67' title="bbox 304 2031 1053 2072">
    <p class='ocr_par' dir='ltr' id='par_1_67' title="bbox 304 2031 1053 2072">
     <span class='ocr_line' id='line_1_67' title="bbox 304 2031 1053 2072; baseline 0.004 -12"><span class='ocrx_word' id='word_1_394' title='bbox 304 2031 548 2068; x_wconf 88' lang='lat' dir='ltr'><strong>Superessentialis</strong></span> <span class='ocrx_word' id='word_1_395' title='bbox 563 2035 619 2066; x_wconf 81' lang='lat' dir='ltr'><strong>ille.</strong></span> <span class='ocrx_word' id='word_1_396' title='bbox 635 2036 681 2072; x_wconf 89' lang='lat' dir='ltr'><strong>qui</strong></span> <span class='ocrx_word' id='word_1_397' title='bbox 695 2037 787 2065; x_wconf 85' lang='lat' dir='ltr'><strong>carnis</strong></span> <span class='ocrx_word' id='word_1_398' title='bbox 810 2041 869 2064; x_wconf 90' lang='lat' dir='ltr'><strong>erat</strong></span> <span class='ocrx_word' id='word_1_399' title='bbox 884 2043 994 2071; x_wconf 84' lang='lat' dir='ltr'><strong>expers,</strong></span> <span class='ocrx_word' id='word_1_400' title='bbox 1018 2043 1053 2063; x_wconf 79' lang='lat' dir='ltr'><strong>ex</strong></span> 
     </span>
    </p>
   </div>
   <div class='ocr_carea' id='block_1_68' title="bbox 267 2079 1055 2115">
    <p class='ocr_par' dir='ltr' id='par_1_68' title="bbox 267 2079 1055 2115">
     <span class='ocr_line' id='line_1_68' title="bbox 267 2079 1055 2115; baseline 0.004 -9"><span class='ocrx_word' id='word_1_401' title='bbox 267 2079 430 2107; x_wconf 85' lang='lat' dir='ltr'><strong>venerandis</strong></span> <span class='ocrx_word' id='word_1_402' title='bbox 455 2081 635 2115; x_wconf 82' lang='lat' dir='ltr'><strong>sanguinibus</strong></span> <span class='ocrx_word' id='word_1_403' title='bbox 651 2083 704 2110; x_wconf 92' lang='lat' dir='ltr'><strong>tuis</strong></span> <span class='ocrx_word' id='word_1_404' title='bbox 726 2082 885 2110; x_wconf 86' lang='lat' dir='ltr'><strong>incarnatus</strong></span> <span class='ocrx_word' id='word_1_405' title='bbox 898 2086 951 2114; x_wconf 81' lang='lat' dir='ltr'><strong>est,</strong></span> <span class='ocrx_word' id='word_1_406' title='bbox 975 2090 992 2110; x_wconf 89' lang='grc' dir='ltr'><strong>ο</strong></span> <span class='ocrx_word' id='word_1_407' title='bbox 1008 2089 1055 2109; x_wconf 82' lang='lat' dir='ltr'><strong>ca—</strong></span> 
     </span>
    </p>
   </div>
   <div class='ocr_carea' id='block_1_69' title="bbox 267 2125 1053 2162">
    <p class='ocr_par' dir='ltr' id='par_1_69' title="bbox 267 2125 1053 2162">
     <span class='ocr_line' id='line_1_69' title="bbox 267 2125 1053 2162; baseline 0.003 -9"><span class='ocrx_word' id='word_1_408' title='bbox 267 2125 408 2159; x_wconf 79' lang='lat' dir='ltr'><strong>stissima;</strong></span> <span class='ocrx_word' id='word_1_409' title='bbox 429 2131 456 2154; x_wconf 87' lang='lat' dir='ltr'><strong>et</strong></span> <span class='ocrx_word' id='word_1_410' title='bbox 471 2134 537 2155; x_wconf 89' lang='lat' dir='ltr'><strong>caro</strong></span> <span class='ocrx_word' id='word_1_411' title='bbox 551 2128 611 2156; x_wconf 85' lang='lat' dir='ltr'><strong>sine</strong></span> <span class='ocrx_word' id='word_1_412' title='bbox 625 2129 679 2155; x_wconf 93' lang='lat' dir='ltr'><strong>ulla</strong></span> <span class='ocrx_word' id='word_1_413' title='bbox 693 2129 843 2157; x_wconf 83' lang='lat' dir='ltr'><strong>mutatione</strong></span> <span class='ocrx_word' id='word_1_414' title='bbox 864 2128 965 2160; x_wconf 74' lang='lat' dir='ltr'><strong>factus,</strong></span> <span class='ocrx_word' id='word_1_415' title='bbox 984 2136 1053 2162; x_wconf 76' lang='lat' dir='ltr'><strong>cum</strong></span> 
     </span>
    </p>
   </div>
   <div class='ocr_carea' id='block_1_70' title="bbox 268 2169 684 2201">
    <p class='ocr_par' dir='ltr' id='par_1_70' title="bbox 268 2169 684 2201">
     <span class='ocr_line' id='line_1_70' title="bbox 268 2169 684 2201; baseline 0.012 -5"><span class='ocrx_word' id='word_1_416' title='bbox 268 2169 426 2198; x_wconf 80' lang='lat' dir='ltr'><strong>hominibus</strong></span> <span class='ocrx_word' id='word_1_417' title='bbox 439 2178 618 2200; x_wconf 74' lang='lat' dir='ltr'><strong>conversatus</strong></span> <span class='ocrx_word' id='word_1_418' title='bbox 633 2178 684 2201; x_wconf 81' lang='lat' dir='ltr'><strong>est.</strong></span> 
     </span>
    </p>
   </div>
   <div class='ocr_carea' id='block_1_71' title="bbox 302 2215 1053 2255">
    <p class='ocr_par' dir='ltr' id='par_1_71' title="bbox 302 2215 1053 2255">
     <span class='ocr_line' id='line_1_71' title="bbox 302 2215 1053 2255; baseline 0.007 -12"><span class='ocrx_word' id='word_1_419' title='bbox 302 2215 412 2244; x_wconf 70' lang='lat' dir='ltr'><strong>Natura:</strong></span> <span class='ocrx_word' id='word_1_420' title='bbox 434 2217 507 2253; x_wconf 78' lang='lat' dir='ltr'><strong>leges</strong></span> <span class='ocrx_word' id='word_1_421' title='bbox 531 2219 558 2245; x_wconf 91' lang='lat' dir='ltr'><strong>in</strong></span> <span class='ocrx_word' id='word_1_422' title='bbox 583 2223 618 2252; x_wconf 88' lang='lat' dir='ltr'><strong>te,</strong></span> <span class='ocrx_word' id='word_1_423' title='bbox 640 2227 656 2246; x_wconf 89' lang='grc' dir='ltr'><strong>ο</strong></span> <span class='ocrx_word' id='word_1_424' title='bbox 674 2219 822 2254; x_wconf 81' lang='lat' dir='ltr'><strong>purissima</strong></span> <span class='ocrx_word' id='word_1_425' title='bbox 842 2219 937 2255; x_wconf 81' lang='lat' dir='ltr'><strong>Virgo,</strong></span> <span class='ocrx_word' id='word_1_426' title='bbox 957 2227 1053 2248; x_wconf 82' lang='lat' dir='ltr'><strong>revera</strong></span> 
     </span>
    </p>
   </div>
   <div class='ocr_carea' id='block_1_72' title="bbox 268 2261 1053 2301">
    <p class='ocr_par' dir='ltr' id='par_1_72' title="bbox 268 2261 1053 2301">
     <span class='ocr_line' id='line_1_72' title="bbox 268 2261 1053 2301; baseline 0.008 -13"><span class='ocrx_word' id='word_1_427' title='bbox 268 2261 457 2291; x_wconf 83' lang='lat' dir='ltr'><strong>inuovantur:</strong></span> <span class='ocrx_word' id='word_1_428' title='bbox 485 2264 566 2300; x_wconf 83' lang='lat' dir='ltr'><strong>Virgo</strong></span> <span class='ocrx_word' id='word_1_429' title='bbox 585 2266 687 2300; x_wconf 85' lang='lat' dir='ltr'><strong>quippe</strong></span> <span class='ocrx_word' id='word_1_430' title='bbox 712 2270 773 2300; x_wconf 87' lang='lat' dir='ltr'><strong>post</strong></span> <span class='ocrx_word' id='word_1_431' title='bbox 801 2270 911 2301; x_wconf 88' lang='lat' dir='ltr'><strong>partum</strong></span> <span class='ocrx_word' id='word_1_432' title='bbox 946 2274 1053 2299; x_wconf 83' lang='lat' dir='ltr'><strong>manes,</strong></span> 
     </span>
    </p>
   </div>
   <div class='ocr_carea' id='block_1_73' title="bbox 267 2308 1010 2348">
    <p class='ocr_par' dir='ltr' id='par_1_73' title="bbox 267 2308 1010 2348">
     <span class='ocr_line' id='line_1_73' title="bbox 267 2308 1010 2348; baseline 0.008 -14"><span class='ocrx_word' id='word_1_433' title='bbox 267 2308 342 2336; x_wconf 86' lang='lat' dir='ltr'><strong>velut</strong></span> <span class='ocrx_word' id='word_1_434' title='bbox 356 2313 417 2336; x_wconf 88' lang='lat' dir='ltr'><strong>ante</strong></span> <span class='ocrx_word' id='word_1_435' title='bbox 429 2315 547 2344; x_wconf 85' lang='lat' dir='ltr'><strong>partum,</strong></span> <span class='ocrx_word' id='word_1_436' title='bbox 558 2311 698 2339; x_wconf 86' lang='lat' dir='ltr'><strong>Christum</strong></span> <span class='ocrx_word' id='word_1_437' title='bbox 717 2312 901 2348; x_wconf 84' lang='lat' dir='ltr'><strong>lcgislatoretn</strong></span> <span class='ocrx_word' id='word_1_438' title='bbox 917 2313 1010 2340; x_wconf 78' lang='lat' dir='ltr'><strong>enixa.</strong></span> 
     </span>
    </p>
   </div>
   <div class='ocr_carea' id='block_1_74' title="bbox 1103 1714 1893 1750">
    <p class='ocr_par' dir='ltr' id='par_1_74' title="bbox 1103 1714 1893 1750">
     <span class='ocr_line' id='line_1_74' title="bbox 1103 1714 1893 1750; baseline -0.001 -8"><span class='ocrx_word' id='word_1_439' title='bbox 1103 1714 1155 1742; x_wconf 84' lang='lat' dir='ltr'><strong>bus</strong></span> <span class='ocrx_word' id='word_1_440' title='bbox 1166 1714 1355 1742; x_wconf 83' lang='lat' dir='ltr'><strong>invasionibus</strong></span> <span class='ocrx_word' id='word_1_441' title='bbox 1373 1715 1448 1742; x_wconf 87' lang='lat' dir='ltr'><strong>velut</strong></span> <span class='ocrx_word' id='word_1_442' title='bbox 1475 1715 1684 1749; x_wconf 84' lang='lat' dir='ltr'><strong>tempcslatibus</strong></span> <span class='ocrx_word' id='word_1_443' title='bbox 1707 1715 1849 1750; x_wconf 68' lang='lat' dir='ltr'><strong>iactatam,</strong></span> <span class='ocrx_word' id='word_1_444' title='bbox 1864 1718 1893 1741; x_wconf 85' lang='lat' dir='ltr'><strong>et</strong></span> 
     </span>
    </p>
   </div>
   <div class='ocr_carea' id='block_1_75' title="bbox 1103 1756 1880 1796">
    <p class='ocr_par' dir='ltr' id='par_1_75' title="bbox 1103 1756 1880 1796">
     <span class='ocr_line' id='line_1_75' title="bbox 1103 1756 1880 1796; baseline 0.001 -8"><span class='ocrx_word' id='word_1_445' title='bbox 1103 1768 1152 1789; x_wconf 84' lang='lat' dir='ltr'><strong>cer</strong></span> <span class='ocrx_word' id='word_1_446' title='bbox 1168 1768 1256 1788; x_wconf 89' lang='lat' dir='ltr'><strong>meum</strong></span> <span class='ocrx_word' id='word_1_447' title='bbox 1271 1765 1395 1796; x_wconf 85' lang='lat' dir='ltr'><strong>pacatum</strong></span> <span class='ocrx_word' id='word_1_448' title='bbox 1409 1761 1502 1793; x_wconf 83' lang='lat' dir='ltr'><strong>redde,</strong></span> <span class='ocrx_word' id='word_1_449' title='bbox 1516 1769 1532 1788; x_wconf 93' lang='grc' dir='ltr'><strong>ο</strong></span> <span class='ocrx_word' id='word_1_450' title='bbox 1548 1761 1652 1796; x_wconf 82' lang='lat' dir='ltr'><strong>puella.</strong></span> <span class='ocrx_word' id='word_1_451' title='bbox 1877 1756 1880 1757; x_wconf 23' lang='grc' dir='ltr'><em>ν</em></span> 
     </span>
    </p>
   </div>
   <div class='ocr_carea' id='block_1_76' title="bbox 1138 1805 1892 1841">
    <p class='ocr_par' dir='ltr' id='par_1_76' title="bbox 1138 1805 1892 1841">
     <span class='ocr_line' id='line_1_76' title="bbox 1138 1805 1892 1841; baseline 0 -9"><span class='ocrx_word' id='word_1_452' title='bbox 1138 1805 1238 1834; x_wconf 72' lang='lat' dir='ltr'><strong>nosam</strong></span> <span class='ocrx_word' id='word_1_453' title='bbox 1256 1806 1282 1833; x_wconf 93' lang='lat' dir='ltr'><strong>in</strong></span> <span class='ocrx_word' id='word_1_454' title='bbox 1302 1807 1391 1834; x_wconf 90' lang='lat' dir='ltr'><strong>medio</strong></span> <span class='ocrx_word' id='word_1_455' title='bbox 1403 1807 1545 1841; x_wconf 84' lang='lat' dir='ltr'><strong>spinarum</strong></span> <span class='ocrx_word' id='word_1_456' title='bbox 1557 1811 1583 1834; x_wconf 89' lang='lat' dir='ltr'><strong>te</strong></span> <span class='ocrx_word' id='word_1_457' title='bbox 1601 1814 1664 1834; x_wconf 88' lang='lat' dir='ltr'><strong>vere</strong></span> <span class='ocrx_word' id='word_1_458' title='bbox 1679 1805 1784 1833; x_wconf 78' lang='lat' dir='ltr'><strong>invenit</strong></span> <span class='ocrx_word' id='word_1_459' title='bbox 1797 1806 1823 1832; x_wconf 92' lang='lat' dir='ltr'><strong>in</strong></span> <span class='ocrx_word' id='word_1_460' title='bbox 1838 1806 1892 1833; x_wconf 91' lang='lat' dir='ltr'><strong>bu—</strong></span> 
     </span>
    </p>
   </div>
   <div class='ocr_carea' id='block_1_77' title="bbox 1101 1851 1891 1888">
    <p class='ocr_par' dir='ltr' id='par_1_77' title="bbox 1101 1851 1891 1888">
     <span class='ocr_line' id='line_1_77' title="bbox 1101 1851 1891 1888; baseline 0 -10"><span class='ocrx_word' id='word_1_461' title='bbox 1101 1851 1147 1887; x_wconf 80' lang='lat' dir='ltr'><strong>jus</strong></span> <span class='ocrx_word' id='word_1_462' title='bbox 1161 1853 1255 1880; x_wconf 91' lang='lat' dir='ltr'><strong>mundi</strong></span> <span class='ocrx_word' id='word_1_463' title='bbox 1264 1853 1446 1886; x_wconf 74' lang='lat' dir='ltr'><strong>convallibus,</strong></span> <span class='ocrx_word' id='word_1_464' title='bbox 1457 1858 1555 1881; x_wconf 87' lang='lat' dir='ltr'><strong>ocasta</strong></span> <span class='ocrx_word' id='word_1_465' title='bbox 1570 1851 1753 1888; x_wconf 76' lang='lat' dir='ltr'><strong>Virgo,.lesus</strong></span> <span class='ocrx_word' id='word_1_466' title='bbox 1766 1852 1891 1879; x_wconf 82' lang='lat' dir='ltr'><strong>omnium</strong></span> 
     </span>
    </p>
   </div>
   <div class='ocr_carea' id='block_1_78' title="bbox 1103 1897 1892 1932">
    <p class='ocr_par' dir='ltr' id='par_1_78' title="bbox 1103 1897 1892 1932">
     <span class='ocr_line' id='line_1_78' title="bbox 1103 1897 1892 1932; baseline 0.003 -8"><span class='ocrx_word' id='word_1_467' title='bbox 1103 1897 1253 1932; x_wconf 82' lang='lat' dir='ltr'><strong>plantator.</strong></span> <span class='ocrx_word' id='word_1_468' title='bbox 1277 1902 1359 1932; x_wconf 80' lang='lat' dir='ltr'><strong>atque</strong></span> <span class='ocrx_word' id='word_1_469' title='bbox 1382 1905 1417 1925; x_wconf 76' lang='lat' dir='ltr'><strong>ex</strong></span> <span class='ocrx_word' id='word_1_470' title='bbox 1442 1902 1521 1926; x_wconf 88' lang='lat' dir='ltr'><strong>utero</strong></span> <span class='ocrx_word' id='word_1_471' title='bbox 1538 1903 1584 1925; x_wconf 88' lang='lat' dir='ltr'><strong>tuo</strong></span> <span class='ocrx_word' id='word_1_472' title='bbox 1607 1903 1697 1931; x_wconf 81' lang='lat' dir='ltr'><strong>natus,</strong></span> <span class='ocrx_word' id='word_1_473' title='bbox 1726 1905 1777 1926; x_wconf 89' lang='lat' dir='ltr'><strong>nos</strong></span> <span class='ocrx_word' id='word_1_474' title='bbox 1790 1898 1892 1926; x_wconf 71' lang='lat' dir='ltr'><strong>divina:</strong></span> 
     </span>
    </p>
   </div>
   <div class='ocr_carea' id='block_1_79' title="bbox 1096 1940 1694 1978">
    <p class='ocr_par' dir='ltr' id='par_1_79' title="bbox 1096 1940 1694 1978">
     <span class='ocr_line' id='line_1_79' title="bbox 1096 1940 1694 1978; baseline 0.002 -8"><span class='ocrx_word' id='word_1_475' title='bbox 1096 1940 1269 1977; x_wconf 65' lang='lat' dir='ltr'><strong>cognitionis</strong></span> <span class='ocrx_word' id='word_1_476' title='bbox 1281 1943 1448 1971; x_wconf 82' lang='lat' dir='ltr'><strong>suavissimo</strong></span> <span class='ocrx_word' id='word_1_477' title='bbox 1462 1943 1581 1978; x_wconf 82' lang='lat' dir='ltr'><strong>perfudit</strong></span> <span class='ocrx_word' id='word_1_478' title='bbox 1599 1943 1694 1972; x_wconf 86' lang='lat' dir='ltr'><strong>odore.</strong></span> 
     </span>
    </p>
   </div>
   <div class='ocr_carea' id='block_1_80' title="bbox 1139 1988 1891 2025">
    <p class='ocr_par' dir='ltr' id='par_1_80' title="bbox 1139 1988 1891 2025">
     <span class='ocr_line' id='line_1_80' title="bbox 1139 1988 1891 2025; baseline 0.003 -9"><span class='ocrx_word' id='word_1_479' title='bbox 1139 1988 1178 2017; x_wconf 86' lang='lat' dir='ltr'><strong>Te</strong></span> <span class='ocrx_word' id='word_1_480' title='bbox 1194 1989 1337 2024; x_wconf 86' lang='lat' dir='ltr'><strong>spirituale</strong></span> <span class='ocrx_word' id='word_1_481' title='bbox 1349 1990 1555 2022; x_wconf 81' lang='lat' dir='ltr'><strong>candelabrum,</strong></span> <span class='ocrx_word' id='word_1_482' title='bbox 1579 1997 1640 2025; x_wconf 73' lang='lat' dir='ltr'><strong>quae</strong></span> <span class='ocrx_word' id='word_1_483' title='bbox 1660 1990 1748 2018; x_wconf 88' lang='lat' dir='ltr'><strong>lucem</strong></span> <span class='ocrx_word' id='word_1_484' title='bbox 1766 1990 1891 2018; x_wconf 86' lang='lat' dir='ltr'><strong>inacces-</strong></span> 
     </span>
    </p>
   </div>
   <div class='ocr_carea' id='block_1_81' title="bbox 1105 2034 1894 2071">
    <p class='ocr_par' dir='ltr' id='par_1_81' title="bbox 1105 2034 1894 2071">
     <span class='ocr_line' id='line_1_81' title="bbox 1105 2034 1894 2071; baseline 0.001 -9"><span class='ocrx_word' id='word_1_485' title='bbox 1105 2034 1211 2062; x_wconf 83' lang='lat' dir='ltr'><strong>sibilem</strong></span> <span class='ocrx_word' id='word_1_486' title='bbox 1225 2035 1382 2069; x_wconf 83' lang='lat' dir='ltr'><strong>suscepisti,</strong></span> <span class='ocrx_word' id='word_1_487' title='bbox 1402 2038 1575 2070; x_wconf 73' lang='lat' dir='ltr'><strong>agnovimus,</strong></span> <span class='ocrx_word' id='word_1_488' title='bbox 1592 2043 1608 2063; x_wconf 95' lang='grc' dir='ltr'><strong>ο</strong></span> <span class='ocrx_word' id='word_1_489' title='bbox 1621 2035 1704 2071; x_wconf 81' lang='lat' dir='ltr'><strong>Virgo</strong></span> <span class='ocrx_word' id='word_1_490' title='bbox 1719 2036 1813 2067; x_wconf 78' lang='lat' dir='ltr'><strong>Maria.</strong></span> <span class='ocrx_word' id='word_1_491' title='bbox 1831 2044 1894 2071; x_wconf 65' lang='lat' dir='ltr'><strong>qua:</strong></span> 
     </span>
    </p>
   </div>
   <div class='ocr_carea' id='block_1_82' title="bbox 1104 2081 1889 2118">
    <p class='ocr_par' dir='ltr' id='par_1_82' title="bbox 1104 2081 1889 2118">
     <span class='ocr_line' id='line_1_82' title="bbox 1104 2081 1889 2118; baseline 0 -10"><span class='ocrx_word' id='word_1_492' title='bbox 1104 2081 1227 2108; x_wconf 90' lang='lat' dir='ltr'><strong>omnium</strong></span> <span class='ocrx_word' id='word_1_493' title='bbox 1241 2081 1360 2108; x_wconf 83' lang='lat' dir='ltr'><strong>ﬁdelium</strong></span> <span class='ocrx_word' id='word_1_494' title='bbox 1377 2081 1483 2109; x_wconf 85' lang='lat' dir='ltr'><strong>animas</strong></span> <span class='ocrx_word' id='word_1_495' title='bbox 1498 2081 1670 2116; x_wconf 87' lang='lat' dir='ltr'><strong>illuminasti,</strong></span> <span class='ocrx_word' id='word_1_496' title='bbox 1683 2086 1711 2110; x_wconf 88' lang='lat' dir='ltr'><strong>et</strong></span> <span class='ocrx_word' id='word_1_497' title='bbox 1726 2082 1830 2118; x_wconf 65' lang='lat' dir='ltr'><strong>peccati</strong></span> <span class='ocrx_word' id='word_1_498' title='bbox 1849 2087 1889 2109; x_wconf 88' lang='lat' dir='ltr'><strong>tc-</strong></span> 
     </span>
    </p>
   </div>
   <div class='ocr_carea' id='block_1_83' title="bbox 1105 2126 1371 2154">
    <p class='ocr_par' dir='ltr' id='par_1_83' title="bbox 1105 2126 1371 2154">
     <span class='ocr_line' id='line_1_83' title="bbox 1105 2126 1371 2154; baseline 0 0"><span class='ocrx_word' id='word_1_499' title='bbox 1105 2126 1204 2154; x_wconf 85' lang='lat' dir='ltr'><strong>nebras</strong></span> <span class='ocrx_word' id='word_1_500' title='bbox 1215 2127 1371 2154; x_wconf 86' lang='lat' dir='ltr'><strong>eliminasti.</strong></span> 
     </span>
    </p>
   </div>
   <div class='ocr_carea' id='block_1_84' title="bbox 1141 2170 1893 2207">
    <p class='ocr_par' dir='ltr' id='par_1_84' title="bbox 1141 2170 1893 2207">
     <span class='ocr_line' id='line_1_84' title="bbox 1141 2170 1893 2207; baseline 0.001 -10"><span class='ocrx_word' id='word_1_501' title='bbox 1141 2170 1260 2199; x_wconf 79' lang='lat' dir='ltr'><strong>Vocibus</strong></span> <span class='ocrx_word' id='word_1_502' title='bbox 1276 2172 1428 2206; x_wconf 81' lang='lat' dir='ltr'><strong>gratiarum</strong></span> <span class='ocrx_word' id='word_1_503' title='bbox 1455 2171 1564 2199; x_wconf 85' lang='lat' dir='ltr'><strong>actione</strong></span> <span class='ocrx_word' id='word_1_504' title='bbox 1581 2171 1670 2207; x_wconf 89' lang='lat' dir='ltr'><strong>plenis</strong></span> <span class='ocrx_word' id='word_1_505' title='bbox 1689 2171 1723 2199; x_wconf 83' lang='lat' dir='ltr'><strong>ad</strong></span> <span class='ocrx_word' id='word_1_506' title='bbox 1746 2176 1773 2199; x_wconf 88' lang='lat' dir='ltr'><strong>te</strong></span> <span class='ocrx_word' id='word_1_507' title='bbox 1787 2171 1893 2199; x_wconf 86' lang='lat' dir='ltr'><strong>clama-</strong></span> 
     </span>
    </p>
   </div>
   <div class='ocr_carea' id='block_1_85' title="bbox 1106 2217 1892 2253">
    <p class='ocr_par' dir='ltr' id='par_1_85' title="bbox 1106 2217 1892 2253">
     <span class='ocr_line' id='line_1_85' title="bbox 1106 2217 1892 2253; baseline 0.001 -8"><span class='ocrx_word' id='word_1_508' title='bbox 1106 2225 1184 2245; x_wconf 87' lang='lat' dir='ltr'><strong>mus:</strong></span> <span class='ocrx_word' id='word_1_509' title='bbox 1203 2218 1271 2250; x_wconf 85' lang='lat' dir='ltr'><strong>Avc,</strong></span> <span class='ocrx_word' id='word_1_510' title='bbox 1299 2217 1488 2246; x_wconf 85' lang='lat' dir='ltr'><strong>immaterialis</strong></span> <span class='ocrx_word' id='word_1_511' title='bbox 1505 2218 1575 2246; x_wconf 85' lang='lat' dir='ltr'><strong>lucis</strong></span> <span class='ocrx_word' id='word_1_512' title='bbox 1596 2219 1780 2246; x_wconf 84' lang='lat' dir='ltr'><strong>habitaculum</strong></span> <span class='ocrx_word' id='word_1_513' title='bbox 1800 2219 1892 2253; x_wconf 86' lang='lat' dir='ltr'><strong>puris-</strong></span> 
     </span>
    </p>
   </div>
   <div class='ocr_carea' id='block_1_86' title="bbox 1105 2264 1894 2303">
    <p class='ocr_par' dir='ltr' id='par_1_86' title="bbox 1105 2264 1894 2303">
     <span class='ocr_line' id='line_1_86' title="bbox 1105 2264 1894 2303; baseline -0.001 -12"><span class='ocrx_word' id='word_1_514' title='bbox 1105 2264 1223 2296; x_wconf 86' lang='lat' dir='ltr'><strong>simum;</strong></span> <span class='ocrx_word' id='word_1_515' title='bbox 1253 2271 1312 2296; x_wconf 84' lang='lat' dir='ltr'><strong>ave,</strong></span> <span class='ocrx_word' id='word_1_516' title='bbox 1333 2270 1417 2291; x_wconf 87' lang='lat' dir='ltr'><strong>causa</strong></span> <span class='ocrx_word' id='word_1_517' title='bbox 1443 2264 1625 2303; x_wconf 75' lang='lat' dir='ltr'><strong>deiﬁcationis</strong></span> <span class='ocrx_word' id='word_1_518' title='bbox 1651 2265 1801 2297; x_wconf 80' lang='lat' dir='ltr'><strong>omnium;</strong></span> <span class='ocrx_word' id='word_1_519' title='bbox 1832 2272 1894 2297; x_wconf 78' lang='lat' dir='ltr'><strong>ave,</strong></span> 
     </span>
    </p>
   </div>
   <div class='ocr_carea' id='block_1_87' title="bbox 1106 2309 1892 2347">
    <p class='ocr_par' dir='ltr' id='par_1_87' title="bbox 1106 2309 1892 2347">
     <span class='ocr_line' id='line_1_87' title="bbox 1106 2309 1892 2347; baseline 0.001 -11"><span class='ocrx_word' id='word_1_520' title='bbox 1106 2309 1304 2337; x_wconf 87' lang='lat' dir='ltr'><strong>maledictionis</strong></span> <span class='ocrx_word' id='word_1_521' title='bbox 1321 2309 1487 2343; x_wconf 83' lang='lat' dir='ltr'><strong>dissolutio;</strong></span> <span class='ocrx_word' id='word_1_522' title='bbox 1511 2318 1572 2346; x_wconf 88' lang='lat' dir='ltr'><strong>ave,</strong></span> <span class='ocrx_word' id='word_1_523' title='bbox 1587 2311 1786 2347; x_wconf 86' lang='lat' dir='ltr'><strong>terrigenarum</strong></span> <span class='ocrx_word' id='word_1_524' title='bbox 1796 2311 1892 2345; x_wconf 75' lang='lat' dir='ltr'><strong>expul-</strong></span> 
     </span>
    </p>
   </div>
   <div class='ocr_carea' id='block_1_88' title="bbox 304 2350 1363 2392">
    <p class='ocr_par' dir='ltr' id='par_1_88' title="bbox 304 2350 1363 2392">
     <span class='ocr_line' id='line_1_88' title="bbox 304 2350 1363 2392; baseline 0.003 -12"><span class='ocrx_word' id='word_1_525' title='bbox 304 2353 465 2383; x_wconf 80' lang='lat' dir='ltr'><strong>Miserabilis</strong></span> <span class='ocrx_word' id='word_1_526' title='bbox 491 2357 591 2384; x_wconf 70' lang='lat' dir='ltr'><strong>anima:</strong></span> <span class='ocrx_word' id='word_1_527' title='bbox 613 2365 680 2385; x_wconf 78' lang='lat' dir='ltr'><strong>mea:</strong></span> <span class='ocrx_word' id='word_1_528' title='bbox 698 2357 873 2392; x_wconf 88' lang='lat' dir='ltr'><strong>passionibus</strong></span> <span class='ocrx_word' id='word_1_529' title='bbox 897 2358 1017 2391; x_wconf 86' lang='lat' dir='ltr'><strong>medere,</strong></span> <span class='ocrx_word' id='word_1_530' title='bbox 1033 2366 1051 2386; x_wconf 88' lang='grc' dir='ltr'><strong>ο</strong></span> <span class='ocrx_word' id='word_1_531' title='bbox 1067 2350 1089 2378; x_wconf 75' lang='grc' dir='ltr'><strong>ί)</strong></span> <span class='ocrx_word' id='word_1_532' title='bbox 1104 2363 1198 2384; x_wconf 85' lang='lat' dir='ltr'><strong>serum</strong></span> <span class='ocrx_word' id='word_1_533' title='bbox 1215 2356 1363 2384; x_wconf 80' lang='lat' dir='ltr'><strong>revocatio.</strong></span> 
     </span>
    </p>
   </div>
   <div class='ocr_carea' id='block_1_89' title="bbox 296 2412 1038 2451">
    <p class='ocr_par' dir='ltr' id='par_1_89' title="bbox 296 2412 1038 2451">
     <span class='ocr_line' id='line_1_89' title="bbox 296 2412 1038 2451; baseline 0.008 -13"><span class='ocrx_word' id='word_1_534' title='bbox 296 2412 339 2438; x_wconf 75' lang='lat' dir='ltr'><strong>Ea:</strong></span> <span class='ocrx_word' id='word_1_535' title='bbox 358 2412 464 2441; x_wconf 74' lang='lat' dir='ltr'><strong>Conone</strong></span> <span class='ocrx_word' id='word_1_536' title='bbox 475 2414 502 2441; x_wconf 81' lang='lat' dir='ltr'><strong>in</strong></span> <span class='ocrx_word' id='word_1_537' title='bbox 516 2413 547 2442; x_wconf 87' lang='lat' dir='ltr'><em>S.</em></span> <span class='ocrx_word' id='word_1_538' title='bbox 563 2414 740 2450; x_wconf 74' lang='lat' dir='ltr'><strong>Neopltgtum,</strong></span> <span class='ocrx_word' id='word_1_539' title='bbox 751 2421 908 2451; x_wconf 74' lang='lat' dir='ltr'><strong>martyrem,</strong></span> <span class='ocrx_word' id='word_1_540' title='bbox 933 2416 977 2444; x_wconf 77' lang='lat' dir='ltr'><strong>die</strong></span> <span class='ocrx_word' id='word_1_541' title='bbox 991 2417 1038 2444; x_wconf 70' lang='lat' dir='ltr'><strong>‘il.</strong></span> 
     </span>
    </p>
   </div>
   <div class='ocr_carea' id='block_1_90' title="bbox 304 2503 1053 2542">
    <p class='ocr_par' dir='ltr' id='par_1_90' title="bbox 304 2503 1053 2542">
     <span class='ocr_line' id='line_1_90' title="bbox 304 2503 1053 2542; baseline 0.005 -11"><span class='ocrx_word' id='word_1_542' title='bbox 304 2503 390 2532; x_wconf 78' lang='lat' dir='ltr'><strong>Enixa</strong></span> <span class='ocrx_word' id='word_1_543' title='bbox 407 2510 512 2533; x_wconf 74' lang='lat' dir='ltr'><strong>naturae</strong></span> <span class='ocrx_word' id='word_1_544' title='bbox 527 2505 696 2540; x_wconf 83' lang='lat' dir='ltr'><strong>Creatorem,</strong></span> <span class='ocrx_word' id='word_1_545' title='bbox 718 2507 877 2535; x_wconf 82' lang='lat' dir='ltr'><strong>universam</strong></span> <span class='ocrx_word' id='word_1_546' title='bbox 900 2507 1053 2542; x_wconf 79' lang='lat' dir='ltr'><strong>terrigena-</strong></span> 
     </span>
    </p>
   </div>
   <div class='ocr_carea' id='block_1_91' title="bbox 267 2551 1055 2589">
    <p class='ocr_par' dir='ltr' id='par_1_91' title="bbox 267 2551 1055 2589">
     <span class='ocr_line' id='line_1_91' title="bbox 267 2551 1055 2589; baseline 0.006 -12"><span class='ocrx_word' id='word_1_547' title='bbox 267 2558 328 2577; x_wconf 88' lang='lat' dir='ltr'><strong>rum</strong></span> <span class='ocrx_word' id='word_1_548' title='bbox 344 2551 526 2578; x_wconf 85' lang='lat' dir='ltr'><strong>substantiam</strong></span> <span class='ocrx_word' id='word_1_549' title='bbox 549 2552 699 2586; x_wconf 85' lang='lat' dir='ltr'><strong>deiﬁcasti;</strong></span> <span class='ocrx_word' id='word_1_550' title='bbox 719 2558 862 2588; x_wconf 85' lang='lat' dir='ltr'><strong>propterea</strong></span> <span class='ocrx_word' id='word_1_551' title='bbox 891 2559 918 2581; x_wconf 84' lang='lat' dir='ltr'><strong>te</strong></span> <span class='ocrx_word' id='word_1_552' title='bbox 946 2554 1055 2589; x_wconf 85' lang='lat' dir='ltr'><strong>proprie</strong></span> 
     </span>
    </p>
   </div>
   <div class='ocr_carea' id='block_1_92' title="bbox 269 2595 919 2634">
    <p class='ocr_par' dir='ltr' id='par_1_92' title="bbox 269 2595 919 2634">
     <span class='ocr_line' id='line_1_92' title="bbox 269 2595 919 2634; baseline 0.008 -12"><span class='ocrx_word' id='word_1_553' title='bbox 269 2595 409 2630; x_wconf 83' lang='lat' dir='ltr'><strong>Deiparatn</strong></span> <span class='ocrx_word' id='word_1_554' title='bbox 425 2598 597 2631; x_wconf 83' lang='lat' dir='ltr'><strong>conﬁtemur,</strong></span> <span class='ocrx_word' id='word_1_555' title='bbox 614 2605 632 2625; x_wconf 90' lang='grc' dir='ltr'><strong>ο</strong></span> <span class='ocrx_word' id='word_1_556' title='bbox 656 2598 736 2634; x_wconf 87' lang='lat' dir='ltr'><strong>Virgo</strong></span> <span class='ocrx_word' id='word_1_557' title='bbox 748 2599 795 2627; x_wconf 88' lang='lat' dir='ltr'><strong>Dei</strong></span> <span class='ocrx_word' id='word_1_558' title='bbox 807 2607 919 2634; x_wconf 84' lang='lat' dir='ltr'><strong>sponsa.</strong></span> 
     </span>
    </p>
   </div>
   <div class='ocr_carea' id='block_1_93' title="bbox 304 2640 1046 2680">
    <p class='ocr_par' dir='ltr' id='par_1_93' title="bbox 304 2640 1046 2680">
     <span class='ocr_line' id='line_1_93' title="bbox 304 2640 1046 2680; baseline 0.008 -13"><span class='ocrx_word' id='word_1_559' title='bbox 304 2640 437 2676; x_wconf 89' lang='lat' dir='ltr'><strong>llymnum</strong></span> <span class='ocrx_word' id='word_1_560' title='bbox 462 2642 509 2669; x_wconf 85' lang='lat' dir='ltr'><strong>tibi</strong></span> <span class='ocrx_word' id='word_1_561' title='bbox 541 2649 650 2677; x_wconf 83' lang='lat' dir='ltr'><strong>semper</strong></span> <span class='ocrx_word' id='word_1_562' title='bbox 678 2644 803 2679; x_wconf 88' lang='lat' dir='ltr'><strong>rependit</strong></span> <span class='ocrx_word' id='word_1_563' title='bbox 832 2645 860 2672; x_wconf 94' lang='lat' dir='ltr'><strong>in</strong></span> <span class='ocrx_word' id='word_1_564' title='bbox 895 2645 1046 2680; x_wconf 78' lang='lat' dir='ltr'><strong>gratiarum</strong></span> 
     </span>
    </p>
   </div>
   <div class='ocr_carea' id='block_1_94' title="bbox 265 2688 1051 2726">
    <p class='ocr_par' dir='ltr' id='par_1_94' title="bbox 265 2688 1051 2726">
     <span class='ocr_line' id='line_1_94' title="bbox 265 2688 1051 2726; baseline 0.009 -13"><span class='ocrx_word' id='word_1_565' title='bbox 265 2688 399 2715; x_wconf 87' lang='lat' dir='ltr'><strong>actionem</strong></span> <span class='ocrx_word' id='word_1_566' title='bbox 414 2689 570 2716; x_wconf 83' lang='lat' dir='ltr'><strong>mortalium</strong></span> <span class='ocrx_word' id='word_1_567' title='bbox 587 2697 684 2724; x_wconf 77' lang='lat' dir='ltr'><strong>genus,</strong></span> <span class='ocrx_word' id='word_1_568' title='bbox 701 2698 718 2718; x_wconf 92' lang='grc' dir='ltr'><strong>ο</strong></span> <span class='ocrx_word' id='word_1_569' title='bbox 737 2691 783 2718; x_wconf 85' lang='lat' dir='ltr'><strong>Dei</strong></span> <span class='ocrx_word' id='word_1_570' title='bbox 801 2691 899 2726; x_wconf 78' lang='lat' dir='ltr'><strong>Mater,</strong></span> <span class='ocrx_word' id='word_1_571' title='bbox 918 2699 980 2719; x_wconf 92' lang='lat' dir='ltr'><strong>cum</strong></span> <span class='ocrx_word' id='word_1_572' title='bbox 1002 2699 1051 2726; x_wconf 79' lang='lat' dir='ltr'><strong>per</strong></span> 
     </span>
    </p>
   </div>
   <div class='ocr_carea' id='block_1_95' title="bbox 266 2735 833 2772">
    <p class='ocr_par' dir='ltr' id='par_1_95' title="bbox 266 2735 833 2772">
     <span class='ocr_line' id='line_1_95' title="bbox 266 2735 833 2772; baseline 0.011 -12"><span class='ocrx_word' id='word_1_573' title='bbox 266 2739 292 2761; x_wconf 87' lang='lat' dir='ltr'><strong>te</strong></span> <span class='ocrx_word' id='word_1_574' title='bbox 305 2735 538 2763; x_wconf 87' lang='lat' dir='ltr'><strong>immortalitatem</strong></span> <span class='ocrx_word' id='word_1_575' title='bbox 551 2736 605 2772; x_wconf 81' lang='grc'><strong>56</strong></span> <span class='ocrx_word' id='word_1_576' title='bbox 617 2741 773 2766; x_wconf 85' lang='lat' dir='ltr'><strong>assecutum</strong></span> <span class='ocrx_word' id='word_1_577' title='bbox 788 2738 833 2766; x_wconf 90' lang='lat' dir='ltr'><strong>sit.</strong></span> 
     </span>
    </p>
   </div>
   <div class='ocr_carea' id='block_1_96' title="bbox 284 2811 1052 2853">
    <p class='ocr_par' dir='ltr' id='par_1_96' title="bbox 284 2811 1052 2853">
     <span class='ocr_line' id='line_1_96' title="bbox 284 2811 1052 2853; baseline 0.009 -16"><span class='ocrx_word' id='word_1_578' title='bbox 284 2846 290 2851; x_wconf 81' lang='lat'><em>_</em></span> <span class='ocrx_word' id='word_1_579' title='bbox 306 2811 429 2853; x_wconf 54' lang='lat' dir='ltr'><strong>(SMNVel</strong></span> <span class='ocrx_word' id='word_1_580' title='bbox 446 2814 566 2853; x_wconf 47' lang='lat' dir='ltr'><strong>utnvertit</strong></span> <span class='ocrx_word' id='word_1_581' title='bbox 596 2814 626 2842; x_wconf 88' lang='lat' dir='ltr'><strong>P.</strong></span> <span class='ocrx_word' id='word_1_582' title='bbox 645 2815 739 2853; x_wconf 81' lang='lat' dir='ltr'><strong>Sim_on</strong></span> <span class='ocrx_word' id='word_1_583' title='bbox 753 2815 929 2853; x_wconf 26' lang='lat' dir='ltr'><strong>YAuagnereek</strong></span> <span class='ocrx_word' id='word_1_584' title='bbox 941 2816 968 2844; x_wconf 91' lang='lat' dir='ltr'><strong>in</strong></span> <span class='ocrx_word' id='word_1_585' title='bbox 994 2817 1052 2853; x_wconf 70' lang='lat' dir='ltr'><strong>Mq-</strong></span> 
     </span>
    </p>
   </div>
   <div class='ocr_carea' id='block_1_97' title="bbox 267 2847 1054 2886">
    <p class='ocr_par' dir='ltr' id='par_1_97' title="bbox 267 2847 1054 2886">
     <span class='ocr_line' id='line_1_97' title="bbox 267 2847 1054 2886; baseline 0.01 -15"><span class='ocrx_word' id='word_1_586' title='bbox 267 2847 343 2886; x_wconf 71' lang='lat' dir='ltr'><strong>rianq</strong></span> <span class='ocrx_word' id='word_1_587' title='bbox 353 2847 453 2875; x_wconf 81' lang='lat' dir='ltr'><strong>Pietate</strong></span> <span class='ocrx_word' id='word_1_588' title='bbox 465 2849 628 2882; x_wconf 76' lang='lat' dir='ltr'><strong>ercorum,</strong></span> <span class='ocrx_word' id='word_1_589' title='bbox 641 2859 669 2877; x_wconf 68' lang='grc' dir='ltr'><strong>ιι.</strong></span> <span class='ocrx_word' id='word_1_590' title='bbox 678 2850 745 2886; x_wconf 23' lang='grc' dir='ltr'><strong>97.ν‹</strong></span> <span class='ocrx_word' id='word_1_591' title='bbox 758 2847 828 2878; x_wconf 73' lang='grc' dir='ltr'><strong>Μυιὲ</strong></span> <span class='ocrx_word' id='word_1_592' title='bbox 835 2852 914 2884; x_wconf 83' lang='lat' dir='ltr'><strong>cujus</strong></span> <span class='ocrx_word' id='word_1_593' title='bbox 929 2851 1054 2886; x_wconf 63' lang='lat' dir='ltr'><strong>praecipi-</strong></span> 
     </span>
    </p>
   </div>
   <div class='ocr_carea' id='block_1_98' title="bbox 269 2885 1055 2919">
    <p class='ocr_par' dir='ltr' id='par_1_98' title="bbox 269 2885 1055 2919">
     <span class='ocr_line' id='line_1_98' title="bbox 269 2885 1055 2919; baseline 0.011 -14"><span class='ocrx_word' id='word_1_594' title='bbox 269 2886 322 2906; x_wconf 75' lang='lat' dir='ltr'><strong>tem</strong></span> <span class='ocrx_word' id='word_1_595' title='bbox 337 2885 464 2915; x_wconf 85' lang='lat' dir='ltr'><strong>impetum</strong></span> <span class='ocrx_word' id='word_1_596' title='bbox 490 2885 636 2919; x_wconf 83' lang='lat' dir='ltr'><strong>reprimere</strong></span> <span class='ocrx_word' id='word_1_597' title='bbox 651 2885 779 2919; x_wconf 66' lang='lat' dir='ltr'><strong>nullalres</strong></span> <span class='ocrx_word' id='word_1_598' title='bbox 794 2887 891 2917; x_wconf 89' lang='lat' dir='ltr'><strong>potuit,</strong></span> <span class='ocrx_word' id='word_1_599' title='bbox 907 2885 939 2913; x_wconf 79' lang='lat' dir='ltr'><strong>ad</strong></span> <span class='ocrx_word' id='word_1_600' title='bbox 956 2892 982 2914; x_wconf 86' lang='lat' dir='ltr'><strong>te</strong></span> <span class='ocrx_word' id='word_1_601' title='bbox 1008 2885 1055 2914; x_wconf 84' lang='lat' dir='ltr'><strong>us-</strong></span> 
     </span>
    </p>
   </div>
   <div class='ocr_carea' id='block_1_99' title="bbox 269 2919 1055 2957">
    <p class='ocr_par' dir='ltr' id='par_1_99' title="bbox 269 2919 1055 2957">
     <span class='ocr_line' id='line_1_99' title="bbox 269 2919 1055 2957; baseline 0.013 -17"><span class='ocrx_word' id='word_1_602' title='bbox 269 2922 321 2950; x_wconf 83' lang='lat' dir='ltr'><strong>que</strong></span> <span class='ocrx_word' id='word_1_603' title='bbox 336 2919 503 2952; x_wconf 85' lang='lat' dir='ltr'><strong>perveniens,</strong></span> <span class='ocrx_word' id='word_1_604' title='bbox 515 2921 630 2948; x_wconf 84' lang='lat' dir='ltr'><strong>attonita</strong></span> <span class='ocrx_word' id='word_1_605' title='bbox 644 2921 716 2949; x_wconf 77' lang='lat' dir='ltr'><strong>stetit</strong></span> <span class='ocrx_word' id='word_1_606' title='bbox 730 2928 737 2954; x_wconf 89' lang='lat'>;</span> <span class='ocrx_word' id='word_1_607' title='bbox 759 2931 768 2947; x_wconf 70' lang='grc' dir='ltr'><em>ο</em></span> <span class='ocrx_word' id='word_1_608' title='bbox 783 2921 808 2948; x_wconf 92' lang='lat' dir='ltr'><strong>id</strong></span> <span class='ocrx_word' id='word_1_609' title='bbox 822 2927 862 2949; x_wconf 82' lang='lat' dir='ltr'><strong>est</strong></span> <span class='ocrx_word' id='word_1_610' title='bbox 877 2921 975 2949; x_wconf 86' lang='lat' dir='ltr'><strong>intacta</strong></span> <span class='ocrx_word' id='word_1_611' title='bbox 992 2929 1055 2957; x_wconf 86' lang='lat' dir='ltr'><strong>pcr-</strong></span> 
     </span>
    </p>
   </div>
   <div class='ocr_carea' id='block_1_100' title="bbox 1107 2413 1892 2485">
    <p class='ocr_par' dir='ltr' id='par_1_100' title="bbox 1107 2413 1892 2485">
     <span class='ocr_line' id='line_1_100' title="bbox 1107 2413 1892 2485; baseline 0 -43"><span class='ocrx_word' id='word_1_612' title='bbox 1107 2415 1160 2442; x_wconf 80' lang='grc' dir='ltr'>Ἓκ</span> <span class='ocrx_word' id='word_1_613' title='bbox 1171 2413 1226 2441; x_wconf 82' lang='grc' dir='ltr'>τοῦ</span> <span class='ocrx_word' id='word_1_614' title='bbox 1237 2415 1371 2449; x_wconf 72' lang='grc' dir='ltr'><strong>Κανόνας</strong></span> <span class='ocrx_word' id='word_1_615' title='bbox 1378 2415 1482 2485; x_wconf 45' lang='lat' dir='ltr'><strong>dare:</strong></span> <span class='ocrx_word' id='word_1_616' title='bbox 1489 2415 1579 2477; x_wconf 51' lang='grc' dir='ltr'><strong>ἄγιίἔ,</strong></span> <span class='ocrx_word' id='word_1_617' title='bbox 1583 2414 1718 2450; x_wconf 80' lang='grc' dir='ltr'>μάρτυρα</span> <span class='ocrx_word' id='word_1_618' title='bbox 1726 2415 1892 2450; x_wconf 76' lang='grc' dir='ltr'><strong>Νεόφιπον,</strong></span> 
     </span>
     <span class='ocr_line' id='line_1_101' title="bbox 1431 2459 1590 2485; baseline -0.019 0"><span class='ocrx_word' id='word_1_619' title='bbox 1431 2460 1451 2485; x_wconf 82' lang='grc' dir='ltr'><em>μ</em></span> <span class='ocrx_word' id='word_1_620' title='bbox 1466 2459 1517 2485; x_wconf 69' lang='grc' dir='ltr'><strong>Ρᾳ.</strong></span> <span class='ocrx_word' id='word_1_621' title='bbox 1582 2471 1590 2478; x_wconf 89' lang='lat'><strong><em>-</em></strong></span> 
     </span>
    </p>
   </div>
   <div class='ocr_carea' id='block_1_101' title="bbox 1431 2459 1590 2486">
    <p class='ocr_par' dir='ltr' id='par_1_101' title="bbox 1431 2459 1590 2486">
     <span class='ocr_line' id='line_1_102' title="bbox 1431 2459 1590 2486; baseline -0.006 0"><span class='ocrx_word' id='word_1_622' title='bbox 1431 2459 1517 2486; x_wconf 73' lang='grc' dir='ltr'><strong>μερᾳ.</strong></span> <span class='ocrx_word' id='word_1_623' title='bbox 1533 2459 1590 2478; x_wconf 77' lang='grc' dir='ltr'><strong>κσ-</strong></span> 
     </span>
    </p>
   </div>
   <div class='ocr_carea' id='block_1_102' title="bbox 1139 2503 1890 2540">
    <p class='ocr_par' dir='ltr' id='par_1_102' title="bbox 1139 2503 1890 2540">
     <span class='ocr_line' id='line_1_103' title="bbox 1139 2503 1890 2540; baseline -0.007 -5"><span class='ocrx_word' id='word_1_624' title='bbox 1139 2506 1264 2534; x_wconf 72' lang='grc' dir='ltr'><strong>Τεκοῦσα</strong></span> <span class='ocrx_word' id='word_1_625' title='bbox 1279 2507 1325 2534; x_wconf 81' lang='grc' dir='ltr'>τὸν</span> <span class='ocrx_word' id='word_1_626' title='bbox 1341 2505 1421 2540; x_wconf 75' lang='grc' dir='ltr'>φύσει</span> <span class='ocrx_word' id='word_1_627' title='bbox 1434 2504 1607 2540; x_wconf 82' lang='grc' dir='ltr'>Δημιουργὺν</span> <span class='ocrx_word' id='word_1_628' title='bbox 1622 2503 1742 2536; x_wconf 76' lang='grc' dir='ltr'>ὲθέωσας</span> <span class='ocrx_word' id='word_1_629' title='bbox 1757 2503 1822 2539; x_wconf 87' lang='grc' dir='ltr'>ὅλην</span> <span class='ocrx_word' id='word_1_630' title='bbox 1839 2504 1890 2538; x_wconf 78' lang='grc' dir='ltr'>τὴν</span> 
     </span>
    </p>
   </div>
   <div class='ocr_carea' id='block_1_103' title="bbox 1103 2549 1892 2588">
    <p class='ocr_par' dir='ltr' id='par_1_103' title="bbox 1103 2549 1892 2588">
     <span class='ocr_line' id='line_1_104' title="bbox 1103 2549 1892 2588; baseline -0.008 -7"><span class='ocrx_word' id='word_1_631' title='bbox 1103 2554 1197 2581; x_wconf 75' lang='grc' dir='ltr'>οὐσίαν</span> <span class='ocrx_word' id='word_1_632' title='bbox 1216 2554 1270 2580; x_wconf 87' lang='grc' dir='ltr'><strong>τῶν</strong></span> <span class='ocrx_word' id='word_1_633' title='bbox 1288 2552 1424 2588; x_wconf 86' lang='grc' dir='ltr'>γηγενῶν·</span> <span class='ocrx_word' id='word_1_634' title='bbox 1439 2551 1480 2578; x_wconf 82' lang='grc' dir='ltr'><strong>διό</strong></span> <span class='ocrx_word' id='word_1_635' title='bbox 1496 2559 1527 2577; x_wconf 68' lang='grc' dir='ltr'>σε</span> <span class='ocrx_word' id='word_1_636' title='bbox 1550 2550 1654 2586; x_wconf 80' lang='grc' dir='ltr'>κυρίως</span> <span class='ocrx_word' id='word_1_637' title='bbox 1675 2549 1806 2576; x_wconf 81' lang='grc' dir='ltr'>Θεοτόκον</span> <span class='ocrx_word' id='word_1_638' title='bbox 1823 2549 1892 2584; x_wconf 78' lang='grc' dir='ltr'>ὁμο-</span> 
     </span>
    </p>
   </div>
   <div class='ocr_carea' id='block_1_104' title="bbox 1104 2596 1554 2634">
    <p class='ocr_par' dir='ltr' id='par_1_104' title="bbox 1104 2596 1554 2634">
     <span class='ocr_line' id='line_1_105' title="bbox 1104 2596 1554 2634; baseline -0.009 -8"><span class='ocrx_word' id='word_1_639' title='bbox 1104 2598 1184 2633; x_wconf 86' lang='grc' dir='ltr'>λυγοῦ</span> <span class='ocrx_word' id='word_1_640' title='bbox 1188 2607 1248 2634; x_wconf 84' lang='grc' dir='ltr'>μεν,</span> <span class='ocrx_word' id='word_1_641' title='bbox 1270 2597 1391 2633; x_wconf 80' lang='grc' dir='ltr'>Παρθένε</span> <span class='ocrx_word' id='word_1_642' title='bbox 1401 2596 1554 2631; x_wconf 78' lang='grc' dir='ltr'>Θεόνυμφε.</span> 
     </span>
    </p>
   </div>
   <div class='ocr_carea' id='block_1_105' title="bbox 1143 2638 1890 2679">
    <p class='ocr_par' dir='ltr' id='par_1_105' title="bbox 1143 2638 1890 2679">
     <span class='ocr_line' id='line_1_106' title="bbox 1143 2638 1890 2679; baseline -0.007 -9"><span class='ocrx_word' id='word_1_643' title='bbox 1143 2645 1247 2678; x_wconf 85' lang='grc' dir='ltr'>Ὕμνον</span> <span class='ocrx_word' id='word_1_644' title='bbox 1259 2643 1436 2679; x_wconf 75' lang='grc' dir='ltr'>χαριστήριον</span> <span class='ocrx_word' id='word_1_645' title='bbox 1458 2641 1536 2676; x_wconf 79' lang='grc' dir='ltr'>γένος</span> <span class='ocrx_word' id='word_1_646' title='bbox 1562 2640 1667 2676; x_wconf 75' lang='grc' dir='ltr'>βροτῶν</span> <span class='ocrx_word' id='word_1_647' title='bbox 1681 2640 1725 2667; x_wconf 76' lang='grc' dir='ltr'><strong>ἀεὶ</strong></span> <span class='ocrx_word' id='word_1_648' title='bbox 1742 2638 1821 2674; x_wconf 76' lang='grc' dir='ltr'>νέμει</span> <span class='ocrx_word' id='word_1_649' title='bbox 1836 2648 1890 2672; x_wconf 84' lang='grc' dir='ltr'>σοι,</span> 
     </span>
    </p>
   </div>
   <div class='ocr_carea' id='block_1_106' title="bbox 1106 2686 1890 2726">
    <p class='ocr_par' dir='ltr' id='par_1_106' title="bbox 1106 2686 1890 2726">
     <span class='ocr_line' id='line_1_107' title="bbox 1106 2686 1890 2726; baseline -0.006 -9"><span class='ocrx_word' id='word_1_650' title='bbox 1106 2690 1206 2726; x_wconf 84' lang='grc' dir='ltr'>Μῆτερ</span> <span class='ocrx_word' id='word_1_651' title='bbox 1221 2689 1302 2723; x_wconf 77' lang='grc' dir='ltr'><strong>Θεοῦ,</strong></span> <span class='ocrx_word' id='word_1_652' title='bbox 1314 2689 1365 2725; x_wconf 82' lang='grc' dir='ltr'>τὴν</span> <span class='ocrx_word' id='word_1_653' title='bbox 1377 2687 1528 2716; x_wconf 79' lang='grc' dir='ltr'>ἀθανασίαν</span> <span class='ocrx_word' id='word_1_654' title='bbox 1539 2687 1585 2715; x_wconf 70' lang='grc' dir='ltr'><strong>διὰ</strong></span> <span class='ocrx_word' id='word_1_655' title='bbox 1597 2687 1643 2714; x_wconf 86' lang='grc' dir='ltr'>σοῦ</span> <span class='ocrx_word' id='word_1_656' title='bbox 1664 2686 1890 2722; x_wconf 77' lang='grc' dir='ltr'>κληρωσάμενον.</span> 
     </span>
    </p>
   </div>
   <div class='ocr_carea' id='block_1_107' title="bbox 1081 2812 1886 2849">
    <p class='ocr_par' dir='ltr' id='par_1_107' title="bbox 1081 2812 1886 2849">
     <span class='ocr_line' id='line_1_108' title="bbox 1081 2812 1886 2849; baseline -0.005 -6"><span class='ocrx_word' id='word_1_657' title='bbox 1081 2844 1084 2847; x_wconf 80' lang='lat'><strong><em>_</em></strong></span> <span class='ocrx_word' id='word_1_658' title='bbox 1105 2816 1230 2844; x_wconf 83' lang='lat' dir='ltr'><strong>mansisti</strong></span> <span class='ocrx_word' id='word_1_659' title='bbox 1245 2815 1280 2843; x_wconf 84' lang='lat' dir='ltr'><strong>ab</strong></span> <span class='ocrx_word' id='word_1_660' title='bbox 1293 2814 1407 2849; x_wconf 80' lang='lat' dir='ltr'><strong>originis</strong></span> <span class='ocrx_word' id='word_1_661' title='bbox 1419 2815 1510 2849; x_wconf 82' lang='lat' dir='ltr'><strong>culpa.</strong></span> <span class='ocrx_word' id='word_1_662' title='bbox 1525 2821 1588 2848; x_wconf 67' lang='grc' dir='ltr'>(ιντο</span> <span class='ocrx_word' id='word_1_663' title='bbox 1611 2817 1655 2841; x_wconf 90' lang='lat' dir='ltr'><strong>est</strong></span> <span class='ocrx_word' id='word_1_664' title='bbox 1670 2820 1749 2849; x_wconf 20' lang='lat' dir='ltr'><strong>mors,</strong></span> <span class='ocrx_word' id='word_1_665' title='bbox 1760 2812 1886 2849; x_wconf 61' lang='lat' dir='ltr'><strong>quaedam</strong></span> 
     </span>
    </p>
   </div>
   <div class='ocr_carea' id='block_1_108' title="bbox 1109 2845 1894 2890">
    <p class='ocr_par' dir='ltr' id='par_1_108' title="bbox 1109 2845 1894 2890">
     <span class='ocr_line' id='line_1_109' title="bbox 1109 2845 1894 2890; baseline -0.008 -12"><span class='ocrx_word' id='word_1_666' title='bbox 1109 2851 1257 2890; x_wconf 65' lang='lat' dir='ltr'><strong>spiritualis</strong></span> <span class='ocrx_word' id='word_1_667' title='bbox 1273 2851 1308 2890; x_wconf 68' lang='lat' dir='ltr'><strong>ab</strong></span> <span class='ocrx_word' id='word_1_668' title='bbox 1322 2845 1427 2890; x_wconf 57' lang='grc' dir='ltr'><strong>Κῴωὶο</strong></span> <span class='ocrx_word' id='word_1_669' title='bbox 1443 2845 1472 2890; x_wconf 70' lang='lat' dir='ltr'><strong>in</strong></span> <span class='ocrx_word' id='word_1_670' title='bbox 1485 2845 1553 2890; x_wconf 71' lang='lat' dir='ltr'><strong>alios</strong></span> <span class='ocrx_word' id='word_1_671' title='bbox 1567 2845 1809 2890; x_wconf 49' lang='lat' dir='ltr'><strong>omnes&#39;tranfusa.</strong></span> <span class='ocrx_word' id='word_1_672' title='bbox 1826 2845 1894 2890; x_wconf 56' lang='lat' dir='ltr'><strong>Vid-e</strong></span> 
     </span>
    </p>
   </div>
   <div class='ocr_carea' id='block_1_109' title="bbox 1110 2881 1892 2957">
    <p class='ocr_par' dir='ltr' id='par_1_109' title="bbox 1110 2881 1892 2957">
     <span class='ocr_line' id='line_1_110' title="bbox 1110 2881 1892 2918; baseline -0.006 -5"><span class='ocrx_word' id='word_1_673' title='bbox 1110 2881 1140 2913; x_wconf 67' lang='grc' dir='ltr'><strong>Ιί.</strong></span> <span class='ocrx_word' id='word_1_674' title='bbox 1158 2886 1266 2913; x_wconf 72' lang='lat' dir='ltr'><strong>Petrum</strong></span> <span class='ocrx_word' id='word_1_675' title='bbox 1291 2885 1433 2912; x_wconf 81' lang='lat' dir='ltr'><strong>Possinum</strong></span> <span class='ocrx_word' id='word_1_676' title='bbox 1450 2885 1476 2911; x_wconf 93' lang='lat' dir='ltr'><strong>in</strong></span> <span class='ocrx_word' id='word_1_677' title='bbox 1503 2884 1637 2911; x_wconf 80' lang='lat' dir='ltr'><strong>Vincentio</strong></span> <span class='ocrx_word' id='word_1_678' title='bbox 1657 2882 1740 2914; x_wconf 84' lang='lat' dir='ltr'><strong>Victo,</strong></span> <span class='ocrx_word' id='word_1_679' title='bbox 1768 2889 1827 2918; x_wconf 87' lang='lat' dir='ltr'><strong>cap.</strong></span> <span class='ocrx_word' id='word_1_680' title='bbox 1847 2881 1892 2909; x_wconf 72' lang='grc' dir='ltr'><strong>ιι.</strong></span> 
     </span>
     <span class='ocr_line' id='line_1_111' title="bbox 1146 2918 1770 2957; baseline -0.006 -9"><span class='ocrx_word' id='word_1_681' title='bbox 1146 2921 1212 2957; x_wconf 60' lang='lat'><strong>(50&#39;)</strong></span> <span class='ocrx_word' id='word_1_682' title='bbox 1228 2921 1322 2949; x_wconf 74' lang='lat' dir='ltr'><strong>Graeca</strong></span> <span class='ocrx_word' id='word_1_683' title='bbox 1337 2920 1364 2947; x_wconf 92' lang='lat' dir='ltr'><strong>in</strong></span> <span class='ocrx_word' id='word_1_684' title='bbox 1377 2920 1519 2955; x_wconf 73' lang='lat' dir='ltr'><strong>impreSsis</strong></span> <span class='ocrx_word' id='word_1_685' title='bbox 1536 2919 1646 2947; x_wconf 76' lang='lat' dir='ltr'><strong>Menazis</strong></span> <span class='ocrx_word' id='word_1_686' title='bbox 1660 2918 1770 2946; x_wconf 67' lang='lat' dir='ltr'><strong>desunt.</strong></span> 
     </span>
    </p>
   </div>
  </div>
