  <div class='ocr_page' id='page_1' title='image "/cluster/home/n/w/nwhite01/storage/ocr_20150623/105/njp.32101077772893/588.png"; bbox 0 0 2077 3157; ppageno 0'>
   <div class='ocr_carea' id='block_1_1' title="bbox 180 219 248 253">
    <p class='ocr_par' dir='ltr' id='par_1_1' title="bbox 180 219 248 253">
     <span class='ocr_line' id='line_1_1' title="bbox 180 219 248 253; baseline 0.015 -1"><span class='ocrx_word' id='word_1_1' title='bbox 180 219 248 253; x_wconf 77' lang='grc'><strong>1053</strong></span> 
     </span>
    </p>
   </div>
   <div class='ocr_carea' id='block_1_2' title="bbox 879 225 1062 256">
    <p class='ocr_par' dir='ltr' id='par_1_2' title="bbox 879 225 1062 256">
     <span class='ocr_line' id='line_1_2' title="bbox 879 225 1062 256; baseline 0 0"><span class='ocrx_word' id='word_1_2' title='bbox 879 225 1062 256; x_wconf 80' lang='lat' dir='ltr'><strong>MARIALE.</strong></span> 
     </span>
    </p>
   </div>
   <div class='ocr_carea' id='block_1_3' title="bbox 1737 223 1805 256">
    <p class='ocr_par' dir='ltr' id='par_1_3' title="bbox 1737 223 1805 256">
     <span class='ocr_line' id='line_1_3' title="bbox 1737 223 1805 256; baseline 0 -1"><span class='ocrx_word' id='word_1_3' title='bbox 1737 223 1805 256; x_wconf 68' lang='grc'><strong>1051</strong></span> 
     </span>
    </p>
   </div>
   <div class='ocr_carea' id='block_1_4' title="bbox 219 271 970 317">
    <p class='ocr_par' dir='ltr' id='par_1_4' title="bbox 219 271 961 317">
     <span class='ocr_line' id='line_1_4' title="bbox 219 271 961 317; baseline 0.007 -14"><span class='ocrx_word' id='word_1_4' title='bbox 219 276 366 309; x_wconf 80' lang='grc' dir='ltr'>Ἑκουσίως</span> <span class='ocrx_word' id='word_1_5' title='bbox 380 271 576 314; x_wconf 72' lang='grc' dir='ltr'>πτιοχεῦσαντι</span> <span class='ocrx_word' id='word_1_6' title='bbox 598 280 707 316; x_wconf 81' lang='grc' dir='ltr'>πλούτῳ</span> <span class='ocrx_word' id='word_1_7' title='bbox 728 281 898 317; x_wconf 82' lang='grc' dir='ltr'>ἀγαθότητος</span> <span class='ocrx_word' id='word_1_8' title='bbox 915 283 961 309; x_wconf 80' lang='grc' dir='ltr'>τὸν</span> 
     </span>
    </p>
   </div>
   <div class='ocr_carea' id='block_1_5' title="bbox 1020 271 1805 317">
    <p class='ocr_par' dir='ltr' id='par_1_5' title="bbox 1050 280 1805 316">
     <span class='ocr_line' id='line_1_5' title="bbox 1050 280 1805 316; baseline -0.003 -7"><span class='ocrx_word' id='word_1_9' title='bbox 1050 282 1264 316; x_wconf 84' lang='lat' dir='ltr'><strong>Superdivinum</strong></span> <span class='ocrx_word' id='word_1_10' title='bbox 1283 282 1369 314; x_wconf 89' lang='lat' dir='ltr'><strong>illum,</strong></span> <span class='ocrx_word' id='word_1_11' title='bbox 1383 281 1430 316; x_wconf 85' lang='lat' dir='ltr'><strong>qui</strong></span> <span class='ocrx_word' id='word_1_12' title='bbox 1453 286 1549 316; x_wconf 88' lang='lat' dir='ltr'><strong>sponte</strong></span> <span class='ocrx_word' id='word_1_13' title='bbox 1573 280 1661 308; x_wconf 82' lang='lat' dir='ltr'><strong>factus</strong></span> <span class='ocrx_word' id='word_1_14' title='bbox 1680 286 1722 308; x_wconf 92' lang='lat' dir='ltr'><strong>cst</strong></span> <span class='ocrx_word' id='word_1_15' title='bbox 1737 290 1805 315; x_wconf 84' lang='lat' dir='ltr'><strong>pau-</strong></span> 
     </span>
    </p>
   </div>
   <div class='ocr_carea' id='block_1_6' title="bbox 178 323 966 363">
    <p class='ocr_par' dir='ltr' id='par_1_6' title="bbox 178 323 966 363">
     <span class='ocr_line' id='line_1_6' title="bbox 178 323 966 363; baseline 0.005 -13"><span class='ocrx_word' id='word_1_16' title='bbox 178 323 323 359; x_wconf 79' lang='grc' dir='ltr'>ὑπέρθεον,</span> <span class='ocrx_word' id='word_1_17' title='bbox 340 325 465 358; x_wconf 84' lang='grc' dir='ltr'>Θεοτόκε,</span> <span class='ocrx_word' id='word_1_18' title='bbox 482 325 651 362; x_wconf 81' lang='grc' dir='ltr'>ἀπεκύησας,</span> <span class='ocrx_word' id='word_1_19' title='bbox 669 327 719 363; x_wconf 80' lang='grc' dir='ltr'>τὴν</span> <span class='ocrx_word' id='word_1_20' title='bbox 730 328 810 362; x_wconf 88' lang='grc' dir='ltr'>ἡμῶν</span> <span class='ocrx_word' id='word_1_21' title='bbox 827 327 966 363; x_wconf 76' lang='grc' dir='ltr'><strong>πτωχείαν</strong></span> 
     </span>
    </p>
   </div>
   <div class='ocr_carea' id='block_1_7' title="bbox 179 370 411 406">
    <p class='ocr_par' dir='ltr' id='par_1_7' title="bbox 179 370 411 406">
     <span class='ocr_line' id='line_1_7' title="bbox 179 370 411 406; baseline 0.004 -9"><span class='ocrx_word' id='word_1_22' title='bbox 179 370 400 406; x_wconf 70' lang='grc' dir='ltr'>κατοικτείραντα</span> <span class='ocrx_word' id='word_1_23' title='bbox 405 392 411 399; x_wconf 95' lang='grc'><strong><em>.</em></strong></span> 
     </span>
    </p>
   </div>
   <div class='ocr_carea' id='block_1_8' title="bbox 215 415 966 454">
    <p class='ocr_par' dir='ltr' id='par_1_8' title="bbox 215 415 966 454">
     <span class='ocr_line' id='line_1_8' title="bbox 215 415 966 454; baseline 0.008 -13"><span class='ocrx_word' id='word_1_24' title='bbox 215 415 253 441; x_wconf 81' lang='grc' dir='ltr'><strong>Τὸ</strong></span> <span class='ocrx_word' id='word_1_25' title='bbox 267 415 319 451; x_wconf 84' lang='grc' dir='ltr'>πρὸ</span> <span class='ocrx_word' id='word_1_26' title='bbox 332 416 440 443; x_wconf 81' lang='grc' dir='ltr'>πάντων</span> <span class='ocrx_word' id='word_1_27' title='bbox 456 416 572 450; x_wconf 80' lang='grc' dir='ltr'><strong>αἰώνων,</strong></span> <span class='ocrx_word' id='word_1_28' title='bbox 585 418 666 454; x_wconf 83' lang='grc' dir='ltr'><strong>κόρη,</strong></span> <span class='ocrx_word' id='word_1_29' title='bbox 680 419 882 454; x_wconf 84' lang='grc' dir='ltr'>παναμώμητε,</span> <span class='ocrx_word' id='word_1_30' title='bbox 895 420 966 447; x_wconf 79' lang='grc' dir='ltr'>θετον</span> 
     </span>
    </p>
   </div>
   <div class='ocr_carea' id='block_1_9' title="bbox 182 462 967 501">
    <p class='ocr_par' dir='ltr' id='par_1_9' title="bbox 182 462 967 501">
     <span class='ocr_line' id='line_1_9' title="bbox 182 462 967 501; baseline 0.005 -14"><span class='ocrx_word' id='word_1_31' title='bbox 182 462 329 496; x_wconf 83' lang='grc' dir='ltr'>μυστήριον</span> <span class='ocrx_word' id='word_1_32' title='bbox 354 462 580 498; x_wconf 82' lang='grc' dir='ltr'>ἀποκεκρυμένον</span> <span class='ocrx_word' id='word_1_33' title='bbox 597 464 641 491; x_wconf 77' lang='grc' dir='ltr'><strong>διὰ</strong></span> <span class='ocrx_word' id='word_1_34' title='bbox 669 465 716 491; x_wconf 87' lang='grc' dir='ltr'>σοῦ</span> <span class='ocrx_word' id='word_1_35' title='bbox 741 465 894 501; x_wconf 81' lang='grc' dir='ltr'><strong>ἐγνωρίσθη</strong></span> <span class='ocrx_word' id='word_1_36' title='bbox 911 467 967 497; x_wconf 85' lang='grc' dir='ltr'>τοῖς</span> 
     </span>
    </p>
   </div>
   <div class='ocr_carea' id='block_1_10' title="bbox 181 507 967 547">
    <p class='ocr_par' dir='ltr' id='par_1_10' title="bbox 181 507 967 547">
     <span class='ocr_line' id='line_1_10' title="bbox 181 507 967 547; baseline 0.005 -13"><span class='ocrx_word' id='word_1_37' title='bbox 181 507 307 543; x_wconf 83' lang='grc' dir='ltr'>πέρασιν,</span> <span class='ocrx_word' id='word_1_38' title='bbox 320 507 334 534; x_wconf 84' lang='grc' dir='ltr'><strong><em>ὁ</em></strong></span> <span class='ocrx_word' id='word_1_39' title='bbox 349 508 423 541; x_wconf 81' lang='grc' dir='ltr'>Υίὺς,</span> <span class='ocrx_word' id='word_1_40' title='bbox 445 509 491 536; x_wconf 78' lang='grc' dir='ltr'>καὶ</span> <span class='ocrx_word' id='word_1_41' title='bbox 507 510 593 543; x_wconf 86' lang='grc' dir='ltr'>Λόγος</span> <span class='ocrx_word' id='word_1_42' title='bbox 603 511 621 544; x_wconf 46' lang='grc' dir='ltr'>ὀ,</span> <span class='ocrx_word' id='word_1_43' title='bbox 631 511 678 538; x_wconf 80' lang='grc' dir='ltr'>τοῦ</span> <span class='ocrx_word' id='word_1_44' title='bbox 693 511 762 537; x_wconf 86' lang='grc' dir='ltr'><strong>Θεοῦ</strong></span> <span class='ocrx_word' id='word_1_45' title='bbox 777 512 845 547; x_wconf 77' lang='grc' dir='ltr'>σὰρξ</span> <span class='ocrx_word' id='word_1_46' title='bbox 855 520 967 547; x_wconf 89' lang='grc' dir='ltr'>χρημα-</span> 
     </span>
    </p>
   </div>
   <div class='ocr_carea' id='block_1_11' title="bbox 180 553 822 593">
    <p class='ocr_par' dir='ltr' id='par_1_11' title="bbox 180 553 822 593">
     <span class='ocr_line' id='line_1_11' title="bbox 180 553 822 593; baseline 0.008 -14"><span class='ocrx_word' id='word_1_47' title='bbox 180 553 257 585; x_wconf 82' lang='grc' dir='ltr'>τίσας</span> <span class='ocrx_word' id='word_1_48' title='bbox 269 554 318 580; x_wconf 81' lang='grc' dir='ltr'>καὶ</span> <span class='ocrx_word' id='word_1_49' title='bbox 329 553 444 588; x_wconf 80' lang='grc' dir='ltr'>θεώσας,</span> <span class='ocrx_word' id='word_1_50' title='bbox 460 555 592 591; x_wconf 78' lang='grc' dir='ltr'>Παρθένε,</span> <span class='ocrx_word' id='word_1_51' title='bbox 609 556 654 583; x_wconf 84' lang='grc' dir='ltr'><strong>τὸν</strong></span> <span class='ocrx_word' id='word_1_52' title='bbox 668 557 822 593; x_wconf 78' lang='grc' dir='ltr'>ἄνθρωπον.</span> 
     </span>
    </p>
   </div>
   <div class='ocr_carea' id='block_1_12' title="bbox 221 641 969 681">
    <p class='ocr_par' dir='ltr' id='par_1_12' title="bbox 221 641 969 681">
     <span class='ocr_line' id='line_1_12' title="bbox 221 641 969 681; baseline 0.007 -14"><span class='ocrx_word' id='word_1_53' title='bbox 221 641 436 678; x_wconf 82' lang='grc' dir='ltr'>’Υπέρλαμπρος</span> <span class='ocrx_word' id='word_1_54' title='bbox 452 643 611 680; x_wconf 78' lang='grc' dir='ltr'>ἀνεδείχθης</span> <span class='ocrx_word' id='word_1_55' title='bbox 625 645 747 681; x_wconf 75' lang='grc' dir='ltr'><strong>καθέδρα</strong></span> <span class='ocrx_word' id='word_1_56' title='bbox 770 645 903 680; x_wconf 78' lang='grc' dir='ltr'>βασιλέως</span> <span class='ocrx_word' id='word_1_57' title='bbox 921 645 969 672; x_wconf 82' lang='grc' dir='ltr'>οὐ·</span> 
     </span>
    </p>
   </div>
   <div class='ocr_carea' id='block_1_13' title="bbox 183 686 968 725">
    <p class='ocr_par' dir='ltr' id='par_1_13' title="bbox 183 686 968 725">
     <span class='ocr_line' id='line_1_13' title="bbox 183 686 968 725; baseline 0.008 -12"><span class='ocrx_word' id='word_1_58' title='bbox 183 687 275 721; x_wconf 87' lang='grc' dir='ltr'>ρανίου</span> <span class='ocrx_word' id='word_1_59' title='bbox 287 687 420 723; x_wconf 83' lang='grc' dir='ltr'>Παρθένε,</span> <span class='ocrx_word' id='word_1_60' title='bbox 434 690 463 715; x_wconf 80' lang='grc' dir='ltr'>ἐν</span> <span class='ocrx_word' id='word_1_61' title='bbox 512 691 593 725; x_wconf 70' lang='grc' dir='ltr'>σαρκὶ</span> <span class='ocrx_word' id='word_1_62' title='bbox 608 691 782 718; x_wconf 68' lang='grc' dir='ltr'><strong>ἀνεπαύσατο</strong></span> <span class='ocrx_word' id='word_1_63' title='bbox 797 691 893 724; x_wconf 82' lang='grc' dir='ltr'><strong>θέλων,</strong></span> <span class='ocrx_word' id='word_1_64' title='bbox 920 693 968 719; x_wconf 86' lang='grc' dir='ltr'>καὶ</span> 
     </span>
    </p>
   </div>
   <div class='ocr_carea' id='block_1_14' title="bbox 182 731 962 771">
    <p class='ocr_par' dir='ltr' id='par_1_14' title="bbox 182 731 962 771">
     <span class='ocr_line' id='line_1_14' title="bbox 182 731 962 771; baseline 0.008 -14"><span class='ocrx_word' id='word_1_65' title='bbox 182 731 228 758; x_wconf 76' lang='grc' dir='ltr'><strong>τὸν</strong></span> <span class='ocrx_word' id='word_1_66' title='bbox 247 732 331 759; x_wconf 76' lang='grc' dir='ltr'>πολὺν</span> <span class='ocrx_word' id='word_1_67' title='bbox 344 733 422 768; x_wconf 80' lang='grc' dir='ltr'>ἡμῶν</span> <span class='ocrx_word' id='word_1_68' title='bbox 431 734 515 761; x_wconf 85' lang='grc' dir='ltr'>κόπον</span> <span class='ocrx_word' id='word_1_69' title='bbox 531 735 670 770; x_wconf 80' lang='grc' dir='ltr'>ἀφείλατο,</span> <span class='ocrx_word' id='word_1_70' title='bbox 687 736 734 763; x_wconf 68' lang='grc' dir='ltr'>καὶ</span> <span class='ocrx_word' id='word_1_71' title='bbox 748 736 840 771; x_wconf 79' lang='grc' dir='ltr'><strong>ἵδρυσε</strong></span> <span class='ocrx_word' id='word_1_72' title='bbox 855 737 894 771; x_wconf 80' lang='grc' dir='ltr'>τῷ</span> <span class='ocrx_word' id='word_1_73' title='bbox 909 745 962 764; x_wconf 86' lang='grc' dir='ltr'>πα-</span> 
     </span>
    </p>
   </div>
   <div class='ocr_carea' id='block_1_15' title="bbox 181 778 814 817">
    <p class='ocr_par' dir='ltr' id='par_1_15' title="bbox 181 778 814 817">
     <span class='ocr_line' id='line_1_15' title="bbox 181 778 814 817; baseline 0.009 -14"><span class='ocrx_word' id='word_1_74' title='bbox 181 779 277 814; x_wconf 83' lang='grc' dir='ltr'>τρικῷ,</span> <span class='ocrx_word' id='word_1_75' title='bbox 293 778 330 811; x_wconf 85' lang='grc' dir='ltr'>ὼς</span> <span class='ocrx_word' id='word_1_76' title='bbox 347 779 492 815; x_wconf 81' lang='grc' dir='ltr'>ηὑδόκησε,</span> <span class='ocrx_word' id='word_1_77' title='bbox 511 780 598 817; x_wconf 86' lang='grc' dir='ltr'>θρόνῳ</span> <span class='ocrx_word' id='word_1_78' title='bbox 607 781 652 808; x_wconf 56' lang='grc' dir='ltr'><strong>τὴν</strong></span> <span class='ocrx_word' id='word_1_79' title='bbox 661 782 814 817; x_wconf 81' lang='grc' dir='ltr'>ἄνθρωπον.</span> 
     </span>
    </p>
   </div>
   <div class='ocr_carea' id='block_1_16' title="bbox 221 868 971 907">
    <p class='ocr_par' dir='ltr' id='par_1_16' title="bbox 221 868 971 907">
     <span class='ocr_line' id='line_1_16' title="bbox 221 868 971 907; baseline 0.005 -12"><span class='ocrx_word' id='word_1_80' title='bbox 221 868 325 905; x_wconf 80' lang='grc' dir='ltr'>Ὠφθης</span> <span class='ocrx_word' id='word_1_81' title='bbox 333 869 456 904; x_wconf 78' lang='grc' dir='ltr'>ἀγγέλων</span> <span class='ocrx_word' id='word_1_82' title='bbox 465 870 612 906; x_wconf 82' lang='grc' dir='ltr'>ὐπερτέρα,</span> <span class='ocrx_word' id='word_1_83' title='bbox 620 870 716 906; x_wconf 67' lang='grc' dir='ltr'>βουλῆς</span> <span class='ocrx_word' id='word_1_84' title='bbox 731 872 765 898; x_wconf 86' lang='grc' dir='ltr'><strong>’Λ</strong></span> <span class='ocrx_word' id='word_1_85' title='bbox 772 871 870 906; x_wconf 81' lang='grc' dir='ltr'>γγελον</span> <span class='ocrx_word' id='word_1_86' title='bbox 885 881 971 907; x_wconf 88' lang='grc' dir='ltr'>μεγα-</span> 
     </span>
    </p>
   </div>
   <div class='ocr_carea' id='block_1_17' title="bbox 183 914 969 954">
    <p class='ocr_par' dir='ltr' id='par_1_17' title="bbox 183 914 969 954">
     <span class='ocr_line' id='line_1_17' title="bbox 183 914 969 954; baseline 0.003 -12"><span class='ocrx_word' id='word_1_87' title='bbox 183 914 232 950; x_wconf 86' lang='grc' dir='ltr'><strong>λης</strong></span> <span class='ocrx_word' id='word_1_88' title='bbox 251 917 387 949; x_wconf 80' lang='grc' dir='ltr'><strong>τετοκυῖα,</strong></span> <span class='ocrx_word' id='word_1_89' title='bbox 402 916 517 943; x_wconf 83' lang='grc' dir='ltr'>Θεοτόκε</span> <span class='ocrx_word' id='word_1_90' title='bbox 533 916 613 952; x_wconf 82' lang='grc' dir='ltr'>ἁγνὴ,</span> <span class='ocrx_word' id='word_1_91' title='bbox 638 914 659 951; x_wconf 83' lang='grc' dir='ltr'>ᾧ</span> <span class='ocrx_word' id='word_1_92' title='bbox 671 918 770 950; x_wconf 79' lang='grc' dir='ltr'>πάντες</span> <span class='ocrx_word' id='word_1_93' title='bbox 784 918 969 954; x_wconf 72' lang='grc' dir='ltr'>μελῳδοῦμεν.</span> 
     </span>
    </p>
   </div>
   <div class='ocr_carea' id='block_1_18' title="bbox 183 960 882 998">
    <p class='ocr_par' dir='ltr' id='par_1_18' title="bbox 183 960 882 998">
     <span class='ocr_line' id='line_1_18' title="bbox 183 960 882 998; baseline 0.006 -11"><span class='ocrx_word' id='word_1_94' title='bbox 183 961 336 996; x_wconf 73' lang='grc' dir='ltr'><strong>Εὐλογητὸς</strong></span> <span class='ocrx_word' id='word_1_95' title='bbox 349 960 384 996; x_wconf 76' lang='grc' dir='ltr'>εἴ,</span> <span class='ocrx_word' id='word_1_96' title='bbox 401 962 487 998; x_wconf 84' lang='grc' dir='ltr'>Κύριε</span> <span class='ocrx_word' id='word_1_97' title='bbox 505 963 520 989; x_wconf 83' lang='grc' dir='ltr'><strong>ό</strong></span> <span class='ocrx_word' id='word_1_98' title='bbox 535 962 612 996; x_wconf 78' lang='grc' dir='ltr'>Θεὸς,</span> <span class='ocrx_word' id='word_1_99' title='bbox 629 964 668 995; x_wconf 82' lang='grc' dir='ltr'><strong>εἰς</strong></span> <span class='ocrx_word' id='word_1_100' title='bbox 688 964 751 996; x_wconf 85' lang='grc' dir='ltr'><strong>τούς</strong></span> <span class='ocrx_word' id='word_1_101' title='bbox 770 964 882 996; x_wconf 76' lang='grc' dir='ltr'>αἰῶνας.</span> 
     </span>
    </p>
   </div>
   <div class='ocr_carea' id='block_1_19' title="bbox 219 1052 968 1090">
    <p class='ocr_par' dir='ltr' id='par_1_19' title="bbox 219 1052 968 1090">
     <span class='ocr_line' id='line_1_19' title="bbox 219 1052 968 1090; baseline 0.005 -11"><span class='ocrx_word' id='word_1_102' title='bbox 219 1052 288 1079; x_wconf 86' lang='grc' dir='ltr'>Νέον</span> <span class='ocrx_word' id='word_1_103' title='bbox 303 1052 409 1079; x_wconf 78' lang='grc' dir='ltr'>παιδίον</span> <span class='ocrx_word' id='word_1_104' title='bbox 419 1053 597 1087; x_wconf 74' lang='grc' dir='ltr'>τέτοκας,τδν</span> <span class='ocrx_word' id='word_1_105' title='bbox 612 1053 664 1088; x_wconf 82' lang='grc' dir='ltr'>πρὸ</span> <span class='ocrx_word' id='word_1_106' title='bbox 679 1054 772 1090; x_wconf 79' lang='grc' dir='ltr'>πάσης</span> <span class='ocrx_word' id='word_1_107' title='bbox 785 1055 836 1090; x_wconf 77' lang='grc' dir='ltr'>τῆς</span> <span class='ocrx_word' id='word_1_108' title='bbox 851 1056 968 1089; x_wconf 82' lang='grc' dir='ltr'>κτίσεως</span> 
     </span>
    </p>
   </div>
   <div class='ocr_carea' id='block_1_20' title="bbox 183 1098 970 1135">
    <p class='ocr_par' dir='ltr' id='par_1_20' title="bbox 183 1098 970 1135">
     <span class='ocr_line' id='line_1_20' title="bbox 183 1098 970 1135; baseline 0.006 -11"><span class='ocrx_word' id='word_1_109' title='bbox 183 1098 271 1132; x_wconf 82' lang='grc' dir='ltr'>φύντα</span> <span class='ocrx_word' id='word_1_110' title='bbox 297 1099 329 1124; x_wconf 79' lang='grc' dir='ltr'>ὲκ</span> <span class='ocrx_word' id='word_1_111' title='bbox 352 1099 459 1134; x_wconf 77' lang='grc' dir='ltr'>Πατρὺς</span> <span class='ocrx_word' id='word_1_112' title='bbox 490 1099 711 1135; x_wconf 78' lang='grc' dir='ltr'>ἀνερμηνεύτως,</span> <span class='ocrx_word' id='word_1_113' title='bbox 736 1101 870 1134; x_wconf 81' lang='grc' dir='ltr'>πάναγνε·</span> <span class='ocrx_word' id='word_1_114' title='bbox 887 1102 970 1130; x_wconf 84' lang='grc' dir='ltr'>αὐτὸν</span> 
     </span>
    </p>
   </div>
   <div class='ocr_carea' id='block_1_21' title="bbox 183 1138 971 1178">
    <p class='ocr_par' dir='ltr' id='par_1_21' title="bbox 183 1138 971 1178">
     <span class='ocr_line' id='line_1_21' title="bbox 183 1138 971 1178; baseline 0.006 -11"><span class='ocrx_word' id='word_1_115' title='bbox 183 1138 230 1168; x_wconf 87' lang='grc' dir='ltr'>οὗν</span> <span class='ocrx_word' id='word_1_116' title='bbox 260 1141 366 1168; x_wconf 81' lang='grc' dir='ltr'>ἱκέτευε</span> <span class='ocrx_word' id='word_1_117' title='bbox 388 1141 579 1168; x_wconf 78' lang='grc' dir='ltr'>παλαιωθέντα</span> <span class='ocrx_word' id='word_1_118' title='bbox 602 1143 755 1178; x_wconf 80' lang='grc' dir='ltr'>πταίσμασι</span> <span class='ocrx_word' id='word_1_119' title='bbox 784 1144 832 1171; x_wconf 79' lang='grc' dir='ltr'>νῦν</span> <span class='ocrx_word' id='word_1_120' title='bbox 856 1145 971 1172; x_wconf 82' lang='grc' dir='ltr'>ἀνακαι-</span> 
     </span>
    </p>
   </div>
   <div class='ocr_carea' id='block_1_22' title="bbox 184 1186 969 1228">
    <p class='ocr_par' dir='ltr' id='par_1_22' title="bbox 184 1186 969 1228">
     <span class='ocr_line' id='line_1_22' title="bbox 184 1186 969 1228; baseline 0.005 -16"><span class='ocrx_word' id='word_1_121' title='bbox 184 1187 258 1213; x_wconf 82' lang='grc' dir='ltr'>νίσαι</span> <span class='ocrx_word' id='word_1_122' title='bbox 273 1186 321 1213; x_wconf 74' lang='grc' dir='ltr'>καὶ</span> <span class='ocrx_word' id='word_1_123' title='bbox 339 1186 443 1222; x_wconf 81' lang='grc' dir='ltr'>βοῶντά</span> <span class='ocrx_word' id='word_1_124' title='bbox 470 1195 502 1222; x_wconf 82' lang='grc' dir='ltr'><strong>με</strong></span> <span class='ocrx_word' id='word_1_125' title='bbox 523 1187 619 1214; x_wconf 86' lang='grc' dir='ltr'>σῶσαι·</span> <span class='ocrx_word' id='word_1_126' title='bbox 636 1188 668 1214; x_wconf 80' lang='grc' dir='ltr'><strong>Οἱ</strong></span> <span class='ocrx_word' id='word_1_127' title='bbox 695 1187 799 1228; x_wconf 76' lang='grc' dir='ltr'>παῖδες,</span> <span class='ocrx_word' id='word_1_128' title='bbox 820 1189 969 1223; x_wconf 79' lang='grc' dir='ltr'><strong>εὐλογεῖτε·</strong></span> 
     </span>
    </p>
   </div>
   <div class='ocr_carea' id='block_1_23' title="bbox 186 1232 969 1271">
    <p class='ocr_par' dir='ltr' id='par_1_23' title="bbox 186 1232 969 1271">
     <span class='ocr_line' id='line_1_23' title="bbox 186 1232 969 1271; baseline 0.005 -13"><span class='ocrx_word' id='word_1_129' title='bbox 186 1232 441 1268; x_wconf 75' lang='grc' dir='ltr'>ἱερεῖς,ἁνυμνεῖτε·</span> <span class='ocrx_word' id='word_1_130' title='bbox 453 1233 527 1266; x_wconf 80' lang='grc' dir='ltr'>λαὸς,</span> <span class='ocrx_word' id='word_1_131' title='bbox 540 1233 712 1269; x_wconf 77' lang='grc' dir='ltr'>ὐπερυψοῡτε</span> <span class='ocrx_word' id='word_1_132' title='bbox 723 1234 841 1271; x_wconf 80' lang='grc' dir='ltr'>Χριστὸν</span> <span class='ocrx_word' id='word_1_133' title='bbox 852 1236 893 1267; x_wconf 78' lang='grc' dir='ltr'><strong>είς</strong></span> <span class='ocrx_word' id='word_1_134' title='bbox 907 1236 969 1268; x_wconf 79' lang='grc' dir='ltr'><strong>τούς</strong></span> 
     </span>
    </p>
   </div>
   <div class='ocr_carea' id='block_1_24' title="bbox 186 1277 297 1308">
    <p class='ocr_par' dir='ltr' id='par_1_24' title="bbox 186 1277 297 1308">
     <span class='ocr_line' id='line_1_24' title="bbox 186 1277 297 1308; baseline 0.009 -4"><span class='ocrx_word' id='word_1_135' title='bbox 186 1277 297 1308; x_wconf 70' lang='grc' dir='ltr'>αἰῶνας.</span> 
     </span>
    </p>
   </div>
   <div class='ocr_carea' id='block_1_25' title="bbox 221 1319 969 1361">
    <p class='ocr_par' dir='ltr' id='par_1_25' title="bbox 221 1319 969 1361">
     <span class='ocr_line' id='line_1_25' title="bbox 221 1319 969 1361; baseline 0.004 -13"><span class='ocrx_word' id='word_1_136' title='bbox 221 1323 257 1348; x_wconf 85' lang='grc' dir='ltr'>Σὺ</span> <span class='ocrx_word' id='word_1_137' title='bbox 270 1322 389 1357; x_wconf 82' lang='grc' dir='ltr'>φέρουσα</span> <span class='ocrx_word' id='word_1_138' title='bbox 401 1319 502 1358; x_wconf 70' lang='grc' dir='ltr'>οἷάπερ</span> <span class='ocrx_word' id='word_1_139' title='bbox 517 1323 595 1355; x_wconf 77' lang='grc' dir='ltr'>λαόὶς</span> <span class='ocrx_word' id='word_1_140' title='bbox 606 1323 652 1350; x_wconf 78' lang='grc' dir='ltr'>τὸν</span> <span class='ocrx_word' id='word_1_141' title='bbox 664 1324 801 1360; x_wconf 71' lang='grc' dir='ltr'>οὐράνιον,</span> <span class='ocrx_word' id='word_1_142' title='bbox 816 1324 969 1361; x_wconf 80' lang='grc' dir='ltr'>Θεόνυμφε,</span> 
     </span>
    </p>
   </div>
   <div class='ocr_carea' id='block_1_26' title="bbox 185 1367 971 1405">
    <p class='ocr_par' dir='ltr' id='par_1_26' title="bbox 185 1367 971 1405">
     <span class='ocr_line' id='line_1_26' title="bbox 185 1367 971 1405; baseline 0.003 -10"><span class='ocrx_word' id='word_1_143' title='bbox 185 1367 320 1402; x_wconf 78' lang='grc' dir='ltr'>ἄνθρακα,</span> <span class='ocrx_word' id='word_1_144' title='bbox 343 1367 377 1394; x_wconf 80' lang='grc' dir='ltr'><strong>τὰ</strong></span> <span class='ocrx_word' id='word_1_145' title='bbox 396 1368 561 1404; x_wconf 86' lang='grc' dir='ltr'>φρυγανώδη</span> <span class='ocrx_word' id='word_1_146' title='bbox 580 1377 632 1403; x_wconf 86' lang='grc' dir='ltr'><strong>μου</strong></span> <span class='ocrx_word' id='word_1_147' title='bbox 655 1369 770 1404; x_wconf 80' lang='grc' dir='ltr'>καρδίας</span> <span class='ocrx_word' id='word_1_148' title='bbox 793 1369 865 1405; x_wconf 78' lang='grc' dir='ltr'>πάθη</span> <span class='ocrx_word' id='word_1_149' title='bbox 885 1371 971 1398; x_wconf 83' lang='grc' dir='ltr'>κατά-</span> 
     </span>
    </p>
   </div>
   <div class='ocr_carea' id='block_1_27' title="bbox 186 1411 972 1449">
    <p class='ocr_par' dir='ltr' id='par_1_27' title="bbox 186 1411 972 1449">
     <span class='ocr_line' id='line_1_27' title="bbox 186 1411 972 1449; baseline 0.008 -13"><span class='ocrx_word' id='word_1_150' title='bbox 186 1411 283 1445; x_wconf 82' lang='grc' dir='ltr'>φλεξον</span> <span class='ocrx_word' id='word_1_151' title='bbox 299 1411 344 1438; x_wconf 77' lang='grc' dir='ltr'>καὶ</span> <span class='ocrx_word' id='word_1_152' title='bbox 358 1412 408 1446; x_wconf 84' lang='grc' dir='ltr'>τῆς</span> <span class='ocrx_word' id='word_1_153' title='bbox 421 1412 533 1447; x_wconf 79' lang='grc' dir='ltr'>γεέννης</span> <span class='ocrx_word' id='word_1_154' title='bbox 550 1413 598 1439; x_wconf 83' lang='grc' dir='ltr'>τοῦ</span> <span class='ocrx_word' id='word_1_155' title='bbox 612 1413 697 1448; x_wconf 75' lang='grc' dir='ltr'>πυρὸς</span> <span class='ocrx_word' id='word_1_156' title='bbox 711 1413 850 1448; x_wconf 73' lang='grc' dir='ltr'>λύτρωσαί</span> <span class='ocrx_word' id='word_1_157' title='bbox 866 1423 899 1449; x_wconf 78' lang='grc' dir='ltr'><strong>με</strong></span> <span class='ocrx_word' id='word_1_158' title='bbox 914 1415 972 1442; x_wconf 87' lang='grc' dir='ltr'>δέο-</span> 
     </span>
    </p>
   </div>
   <div class='ocr_carea' id='block_1_28' title="bbox 188 1456 970 1493">
    <p class='ocr_par' dir='ltr' id='par_1_28' title="bbox 188 1456 970 1493">
     <span class='ocr_line' id='line_1_28' title="bbox 188 1456 970 1493; baseline 0.006 -12"><span class='ocrx_word' id='word_1_159' title='bbox 188 1464 248 1491; x_wconf 84' lang='grc' dir='ltr'>μαι,</span> <span class='ocrx_word' id='word_1_160' title='bbox 264 1456 308 1482; x_wconf 84' lang='grc' dir='ltr'><strong>ἴνα</strong></span> <span class='ocrx_word' id='word_1_161' title='bbox 324 1457 428 1489; x_wconf 76' lang='grc' dir='ltr'>δοξάζω</span> <span class='ocrx_word' id='word_1_162' title='bbox 446 1465 475 1483; x_wconf 84' lang='grc' dir='ltr'><strong>σε</strong></span> <span class='ocrx_word' id='word_1_163' title='bbox 494 1456 543 1493; x_wconf 82' lang='grc' dir='ltr'>τὴν</span> <span class='ocrx_word' id='word_1_164' title='bbox 567 1457 663 1484; x_wconf 76' lang='grc' dir='ltr'>ἐλπίδα</span> <span class='ocrx_word' id='word_1_165' title='bbox 690 1458 743 1485; x_wconf 87' lang='grc' dir='ltr'><strong>τῶν</strong></span> <span class='ocrx_word' id='word_1_166' title='bbox 761 1458 876 1491; x_wconf 84' lang='grc' dir='ltr'>πιστῶν,</span> <span class='ocrx_word' id='word_1_167' title='bbox 900 1468 970 1487; x_wconf 86' lang='grc' dir='ltr'>παν-</span> 
     </span>
    </p>
   </div>
   <div class='ocr_carea' id='block_1_29' title="bbox 186 1502 332 1536">
    <p class='ocr_par' dir='ltr' id='par_1_29' title="bbox 186 1502 332 1536">
     <span class='ocr_line' id='line_1_29' title="bbox 186 1502 332 1536; baseline 0 -8"><span class='ocrx_word' id='word_1_168' title='bbox 186 1502 332 1536; x_wconf 82' lang='grc' dir='ltr'>αμώμητε.</span> 
     </span>
    </p>
   </div>
   <div class='ocr_carea' id='block_1_30' title="bbox 193 1547 972 1587">
    <p class='ocr_par' dir='ltr' id='par_1_30' title="bbox 193 1547 972 1587">
     <span class='ocr_line' id='line_1_30' title="bbox 193 1547 972 1587; baseline 0.006 -13"><span class='ocrx_word' id='word_1_169' title='bbox 193 1547 240 1574; x_wconf 76' lang='grc' dir='ltr'>Ἐκ</span> <span class='ocrx_word' id='word_1_170' title='bbox 254 1547 306 1575; x_wconf 84' lang='grc' dir='ltr'>τοῦ</span> <span class='ocrx_word' id='word_1_171' title='bbox 319 1548 456 1581; x_wconf 84' lang='grc' dir='ltr'>Κανόνος</span> <span class='ocrx_word' id='word_1_172' title='bbox 468 1548 510 1587; x_wconf 71' lang='grc' dir='ltr'><strong>είς</strong></span> <span class='ocrx_word' id='word_1_173' title='bbox 521 1549 576 1587; x_wconf 62' lang='grc' dir='ltr'>τὼς</span> <span class='ocrx_word' id='word_1_174' title='bbox 590 1548 676 1587; x_wconf 69' lang='grc' dir='ltr'>ἅγιον</span> <span class='ocrx_word' id='word_1_175' title='bbox 685 1549 821 1585; x_wconf 80' lang='grc' dir='ltr'>μάρτυρα</span> <span class='ocrx_word' id='word_1_176' title='bbox 839 1550 972 1587; x_wconf 72' lang='grc' dir='ltr'>Ἃγαθὰγι-</span> 
     </span>
    </p>
   </div>
   <div class='ocr_carea' id='block_1_31' title="bbox 441 1583 723 1618">
    <p class='ocr_par' dir='ltr' id='par_1_31' title="bbox 441 1583 723 1618">
     <span class='ocr_line' id='line_1_31' title="bbox 441 1583 723 1618; baseline 0.004 -8"><span class='ocrx_word' id='word_1_177' title='bbox 441 1585 542 1617; x_wconf 74' lang='grc' dir='ltr'>τελον,</span> <span class='ocrx_word' id='word_1_178' title='bbox 560 1583 655 1618; x_wconf 67' lang='grc' dir='ltr'>’ἡμέρᾳ</span> <span class='ocrx_word' id='word_1_179' title='bbox 668 1587 723 1617; x_wconf 61' lang='grc' dir='ltr'>καί.</span> 
     </span>
    </p>
   </div>
   <div class='ocr_carea' id='block_1_32' title="bbox 225 1637 972 1675">
    <p class='ocr_par' dir='ltr' id='par_1_32' title="bbox 225 1637 972 1675">
     <span class='ocr_line' id='line_1_32' title="bbox 225 1637 972 1675; baseline 0.005 -11"><span class='ocrx_word' id='word_1_180' title='bbox 225 1637 409 1673; x_wconf 83' lang='grc' dir='ltr'>Σαρκωθέντα</span> <span class='ocrx_word' id='word_1_181' title='bbox 434 1637 536 1673; x_wconf 83' lang='grc' dir='ltr'>Κύριον</span> <span class='ocrx_word' id='word_1_182' title='bbox 573 1637 607 1664; x_wconf 89' lang='grc' dir='ltr'><strong>δι’</strong></span> <span class='ocrx_word' id='word_1_183' title='bbox 636 1638 839 1674; x_wconf 81' lang='grc' dir='ltr'>εὐσπλαγχνίαν</span> <span class='ocrx_word' id='word_1_184' title='bbox 868 1639 972 1675; x_wconf 78' lang='grc' dir='ltr'>ἄφατον</span> 
     </span>
    </p>
   </div>
   <div class='ocr_carea' id='block_1_33' title="bbox 187 1683 973 1720">
    <p class='ocr_par' dir='ltr' id='par_1_33' title="bbox 187 1683 973 1720">
     <span class='ocr_line' id='line_1_33' title="bbox 187 1683 973 1720; baseline 0.004 -10"><span class='ocrx_word' id='word_1_185' title='bbox 187 1683 319 1719; x_wconf 75' lang='grc' dir='ltr'>ὲκὺησας,</span> <span class='ocrx_word' id='word_1_186' title='bbox 348 1683 481 1719; x_wconf 81' lang='grc' dir='ltr'>Παρθένε,</span> <span class='ocrx_word' id='word_1_187' title='bbox 497 1684 526 1710; x_wconf 80' lang='grc' dir='ltr'>ὃν</span> <span class='ocrx_word' id='word_1_188' title='bbox 556 1684 758 1718; x_wconf 81' lang='grc' dir='ltr'>Ἀγαθάγγελος</span> <span class='ocrx_word' id='word_1_189' title='bbox 782 1685 904 1720; x_wconf 83' lang='grc' dir='ltr'>ποθήσας</span> <span class='ocrx_word' id='word_1_190' title='bbox 920 1686 973 1719; x_wconf 73' lang='grc' dir='ltr'><strong>ἔξω</strong></span> 
     </span>
    </p>
   </div>
   <div class='ocr_carea' id='block_1_34' title="bbox 188 1729 972 1768">
    <p class='ocr_par' dir='ltr' id='par_1_34' title="bbox 188 1729 972 1768">
     <span class='ocr_line' id='line_1_34' title="bbox 188 1729 972 1768; baseline 0.004 -12"><span class='ocrx_word' id='word_1_191' title='bbox 188 1730 290 1764; x_wconf 75' lang='grc' dir='ltr'>σαρκδς</span> <span class='ocrx_word' id='word_1_192' title='bbox 304 1730 428 1765; x_wconf 78' lang='grc' dir='ltr'>γέγονεν,</span> <span class='ocrx_word' id='word_1_193' title='bbox 441 1730 560 1766; x_wconf 77' lang='grc' dir='ltr'>ἀθλήσας</span> <span class='ocrx_word' id='word_1_194' title='bbox 571 1731 740 1766; x_wconf 76' lang='grc' dir='ltr'>παραδόξως,</span> <span class='ocrx_word' id='word_1_195' title='bbox 760 1732 820 1767; x_wconf 83' lang='grc' dir='ltr'>μεθ’</span> <span class='ocrx_word' id='word_1_196' title='bbox 831 1729 862 1759; x_wconf 84' lang='grc' dir='ltr'><strong>οὐ</strong></span> <span class='ocrx_word' id='word_1_197' title='bbox 876 1732 972 1768; x_wconf 84' lang='grc' dir='ltr'>ὐμνοῦ-</span> 
     </span>
    </p>
   </div>
   <div class='ocr_carea' id='block_1_35' title="bbox 189 1775 297 1810">
    <p class='ocr_par' dir='ltr' id='par_1_35' title="bbox 189 1775 297 1810">
     <span class='ocr_line' id='line_1_35' title="bbox 189 1775 297 1810; baseline 0.009 -9"><span class='ocrx_word' id='word_1_198' title='bbox 189 1775 238 1810; x_wconf 81' lang='grc' dir='ltr'><strong>μέν</strong></span> <span class='ocrx_word' id='word_1_199' title='bbox 256 1784 297 1803; x_wconf 86' lang='grc' dir='ltr'>σε.</span> 
     </span>
    </p>
   </div>
   <div class='ocr_carea' id='block_1_36' title="bbox 226 1821 973 1860">
    <p class='ocr_par' dir='ltr' id='par_1_36' title="bbox 226 1821 973 1860">
     <span class='ocr_line' id='line_1_36' title="bbox 226 1821 973 1860; baseline 0.004 -12"><span class='ocrx_word' id='word_1_200' title='bbox 226 1822 258 1848; x_wconf 86' lang='grc' dir='ltr'>Ὢ</span> <span class='ocrx_word' id='word_1_201' title='bbox 273 1821 428 1857; x_wconf 82' lang='grc' dir='ltr'>παραδόξου</span> <span class='ocrx_word' id='word_1_202' title='bbox 445 1821 619 1858; x_wconf 56' lang='grc' dir='ltr'>μυστηρίουλ</span> <span class='ocrx_word' id='word_1_203' title='bbox 634 1823 696 1854; x_wconf 86' lang='grc' dir='ltr'><strong>Πῶς</strong></span> <span class='ocrx_word' id='word_1_204' title='bbox 709 1824 725 1858; x_wconf 88' lang='grc' dir='ltr'>ἡ</span> <span class='ocrx_word' id='word_1_205' title='bbox 752 1823 889 1860; x_wconf 80' lang='grc' dir='ltr'>Παρθένος</span> <span class='ocrx_word' id='word_1_206' title='bbox 905 1825 973 1852; x_wconf 81' lang='grc' dir='ltr'>πλα-</span> 
     </span>
    </p>
   </div>
   <div class='ocr_carea' id='block_1_37' title="bbox 186 1867 972 1907">
    <p class='ocr_par' dir='ltr' id='par_1_37' title="bbox 186 1867 972 1907">
     <span class='ocr_line' id='line_1_37' title="bbox 186 1867 972 1907; baseline 0.004 -13"><span class='ocrx_word' id='word_1_207' title='bbox 186 1868 288 1903; x_wconf 76' lang='grc' dir='ltr'>τυτέρα</span> <span class='ocrx_word' id='word_1_208' title='bbox 297 1867 352 1894; x_wconf 87' lang='grc' dir='ltr'><strong>τῶν</strong></span> <span class='ocrx_word' id='word_1_209' title='bbox 367 1867 490 1902; x_wconf 77' lang='grc' dir='ltr'>οὐρανῶν</span> <span class='ocrx_word' id='word_1_210' title='bbox 504 1868 622 1903; x_wconf 70' lang='grc' dir='ltr'>ἐδείχθη,</span> <span class='ocrx_word' id='word_1_211' title='bbox 637 1869 665 1894; x_wconf 79' lang='grc' dir='ltr'>ὲν</span> <span class='ocrx_word' id='word_1_212' title='bbox 677 1869 754 1904; x_wconf 74' lang='grc' dir='ltr'>νηδύϊ</span> <span class='ocrx_word' id='word_1_213' title='bbox 765 1870 811 1896; x_wconf 76' lang='grc' dir='ltr'>τὸν</span> <span class='ocrx_word' id='word_1_214' title='bbox 828 1870 972 1907; x_wconf 79' lang='grc' dir='ltr'>ἁπεριόρι-</span> 
     </span>
    </p>
   </div>
   <div class='ocr_carea' id='block_1_38' title="bbox 189 1914 652 1950">
    <p class='ocr_par' dir='ltr' id='par_1_38' title="bbox 189 1914 652 1950">
     <span class='ocr_line' id='line_1_38' title="bbox 189 1914 652 1950; baseline 0.002 -11"><span class='ocrx_word' id='word_1_215' title='bbox 189 1921 251 1939; x_wconf 86' lang='grc' dir='ltr'>στον</span> <span class='ocrx_word' id='word_1_216' title='bbox 264 1914 494 1949; x_wconf 79' lang='grc' dir='ltr'>ἀστενοχωρήτως</span> <span class='ocrx_word' id='word_1_217' title='bbox 508 1916 652 1950; x_wconf 80' lang='grc' dir='ltr'>κυήσασα;</span> 
     </span>
    </p>
   </div>
   <div class='ocr_carea' id='block_1_39' title="bbox 223 2005 973 2043">
    <p class='ocr_par' dir='ltr' id='par_1_39' title="bbox 223 2005 973 2043">
     <span class='ocr_line' id='line_1_39' title="bbox 223 2005 973 2043; baseline 0.004 -11"><span class='ocrx_word' id='word_1_218' title='bbox 223 2005 420 2041; x_wconf 79' lang='grc' dir='ltr'>Μακαρίζομέν</span> <span class='ocrx_word' id='word_1_219' title='bbox 439 2014 469 2032; x_wconf 84' lang='grc' dir='ltr'><strong>σε</strong></span> <span class='ocrx_word' id='word_1_220' title='bbox 490 2005 543 2037; x_wconf 70' lang='grc' dir='ltr'>ἀεὶ,</span> <span class='ocrx_word' id='word_1_221' title='bbox 560 2005 716 2041; x_wconf 84' lang='grc' dir='ltr'>Θεοκυῆτορ</span> <span class='ocrx_word' id='word_1_222' title='bbox 739 2005 921 2043; x_wconf 78' lang='grc' dir='ltr'>εὐλογημένη,</span> <span class='ocrx_word' id='word_1_223' title='bbox 939 2007 973 2035; x_wconf 84' lang='grc' dir='ltr'>δι’</span> 
     </span>
    </p>
   </div>
   <div class='ocr_carea' id='block_1_40' title="bbox 187 2048 974 2088">
    <p class='ocr_par' dir='ltr' id='par_1_40' title="bbox 187 2048 974 2088">
     <span class='ocr_line' id='line_1_40' title="bbox 187 2048 974 2088; baseline 0.004 -11"><span class='ocrx_word' id='word_1_224' title='bbox 187 2048 221 2086; x_wconf 83' lang='grc' dir='ltr'>ἦς</span> <span class='ocrx_word' id='word_1_225' title='bbox 237 2051 315 2086; x_wconf 76' lang='grc' dir='ltr'>δόξης</span> <span class='ocrx_word' id='word_1_226' title='bbox 326 2051 561 2086; x_wconf 73' lang='grc' dir='ltr'>ἡξιώθημεν,-κα“ι</span> <span class='ocrx_word' id='word_1_227' title='bbox 574 2051 620 2078; x_wconf 83' lang='grc' dir='ltr'>τὸν</span> <span class='ocrx_word' id='word_1_228' title='bbox 644 2051 710 2087; x_wconf 70' lang='grc' dir='ltr'>πρὶν</span> <span class='ocrx_word' id='word_1_229' title='bbox 730 2051 918 2088; x_wconf 66' lang='grc' dir='ltr'>Παράδεισον,</span> <span class='ocrx_word' id='word_1_230' title='bbox 944 2053 974 2080; x_wconf 75' lang='grc' dir='ltr'><strong>όν</strong></span> 
     </span>
    </p>
   </div>
   <div class='ocr_carea' id='block_1_41' title="bbox 188 2097 582 2133">
    <p class='ocr_par' dir='ltr' id='par_1_41' title="bbox 188 2097 582 2133">
     <span class='ocr_line' id='line_1_41' title="bbox 188 2097 582 2133; baseline 0.003 -10"><span class='ocrx_word' id='word_1_231' title='bbox 188 2097 382 2133; x_wconf 81' lang='grc' dir='ltr'>ἀπωλέσαμεν,</span> <span class='ocrx_word' id='word_1_232' title='bbox 400 2097 582 2132; x_wconf 79' lang='grc' dir='ltr'>ἁπελάϐομεν.</span> 
     </span>
    </p>
   </div>
   <div class='ocr_carea' id='block_1_42' title="bbox 229 2143 974 2180">
    <p class='ocr_par' dir='ltr' id='par_1_42' title="bbox 229 2143 974 2180">
     <span class='ocr_line' id='line_1_42' title="bbox 229 2143 974 2180; baseline 0.003 -10"><span class='ocrx_word' id='word_1_233' title='bbox 229 2143 363 2179; x_wconf 86' lang='grc' dir='ltr'>Ῥυομένη</span> <span class='ocrx_word' id='word_1_234' title='bbox 378 2144 488 2179; x_wconf 84' lang='grc' dir='ltr'>φάνηθι,</span> <span class='ocrx_word' id='word_1_235' title='bbox 505 2143 687 2179; x_wconf 78' lang='grc' dir='ltr'>ἀπειρόγαμε,</span> <span class='ocrx_word' id='word_1_236' title='bbox 708 2144 813 2176; x_wconf 85' lang='grc' dir='ltr'>πάντας</span> <span class='ocrx_word' id='word_1_237' title='bbox 828 2145 900 2180; x_wconf 78' lang='grc' dir='ltr'>ἡμᾶς</span> <span class='ocrx_word' id='word_1_238' title='bbox 915 2153 974 2172; x_wconf 79' lang='grc' dir='ltr'>πει-</span> 
     </span>
    </p>
   </div>
   <div class='ocr_carea' id='block_1_43' title="bbox 189 2189 973 2228">
    <p class='ocr_par' dir='ltr' id='par_1_43' title="bbox 189 2189 973 2228">
     <span class='ocr_line' id='line_1_43' title="bbox 189 2189 973 2228; baseline 0.003 -12"><span class='ocrx_word' id='word_1_239' title='bbox 189 2191 303 2225; x_wconf 81' lang='grc' dir='ltr'>ρασμῶν</span> <span class='ocrx_word' id='word_1_240' title='bbox 322 2199 352 2217; x_wconf 85' lang='grc' dir='ltr'><strong>τε</strong></span> <span class='ocrx_word' id='word_1_241' title='bbox 377 2191 425 2217; x_wconf 76' lang='grc' dir='ltr'>καὶ</span> <span class='ocrx_word' id='word_1_242' title='bbox 450 2189 590 2224; x_wconf 83' lang='grc' dir='ltr'>κινδύνων,</span> <span class='ocrx_word' id='word_1_243' title='bbox 607 2191 655 2217; x_wconf 82' lang='grc' dir='ltr'>καὶ</span> <span class='ocrx_word' id='word_1_244' title='bbox 676 2190 792 2225; x_wconf 80' lang='grc' dir='ltr'>θλίψεων</span> <span class='ocrx_word' id='word_1_245' title='bbox 819 2191 882 2223; x_wconf 72' lang='grc' dir='ltr'>τοὺς</span> <span class='ocrx_word' id='word_1_246' title='bbox 898 2191 973 2228; x_wconf 81' lang='grc' dir='ltr'>πόθῳ</span> 
     </span>
    </p>
   </div>
   <div class='ocr_carea' id='block_1_44' title="bbox 189 2237 399 2272">
    <p class='ocr_par' dir='ltr' id='par_1_44' title="bbox 189 2237 399 2272">
     <span class='ocr_line' id='line_1_44' title="bbox 189 2237 399 2272; baseline 0.005 -9"><span class='ocrx_word' id='word_1_247' title='bbox 189 2237 341 2272; x_wconf 65' lang='grc' dir='ltr'>ὑμνοῦντας</span> <span class='ocrx_word' id='word_1_248' title='bbox 359 2246 399 2264; x_wconf 81' lang='grc' dir='ltr'>σε.</span> 
     </span>
    </p>
   </div>
   <div class='ocr_carea' id='block_1_45' title="bbox 1016 325 1800 362">
    <p class='ocr_par' dir='ltr' id='par_1_45' title="bbox 1016 325 1800 362">
     <span class='ocr_line' id='line_1_45' title="bbox 1016 325 1800 362; baseline -0.003 -7"><span class='ocrx_word' id='word_1_249' title='bbox 1016 335 1064 362; x_wconf 84' lang='lat' dir='ltr'><strong>per</strong></span> <span class='ocrx_word' id='word_1_250' title='bbox 1079 327 1113 353; x_wconf 88' lang='lat' dir='ltr'><strong>ob</strong></span> <span class='ocrx_word' id='word_1_251' title='bbox 1128 328 1237 355; x_wconf 79' lang='lat' dir='ltr'><strong>divitias</strong></span> <span class='ocrx_word' id='word_1_252' title='bbox 1251 328 1381 355; x_wconf 75' lang='lat' dir='ltr'><strong>bonitatis</strong></span> <span class='ocrx_word' id='word_1_253' title='bbox 1400 335 1471 360; x_wconf 69' lang='lat' dir='ltr'><strong>sum,</strong></span> <span class='ocrx_word' id='word_1_254' title='bbox 1486 327 1627 361; x_wconf 88' lang='lat' dir='ltr'><strong>peperisti,</strong></span> <span class='ocrx_word' id='word_1_255' title='bbox 1644 334 1660 354; x_wconf 91' lang='grc' dir='ltr'><strong>ο</strong></span> <span class='ocrx_word' id='word_1_256' title='bbox 1671 325 1800 361; x_wconf 89' lang='lat' dir='ltr'><strong>Deipara,</strong></span> 
     </span>
    </p>
   </div>
   <div class='ocr_carea' id='block_1_46' title="bbox 1016 373 1592 409">
    <p class='ocr_par' dir='ltr' id='par_1_46' title="bbox 1016 373 1592 409">
     <span class='ocr_line' id='line_1_46' title="bbox 1016 373 1592 409; baseline -0.002 -9"><span class='ocrx_word' id='word_1_257' title='bbox 1016 378 1202 409; x_wconf 88' lang='lat' dir='ltr'><strong>paupertatem</strong></span> <span class='ocrx_word' id='word_1_258' title='bbox 1217 379 1338 401; x_wconf 86' lang='lat' dir='ltr'><strong>nostram</strong></span> <span class='ocrx_word' id='word_1_259' title='bbox 1354 381 1444 401; x_wconf 90' lang='lat' dir='ltr'><strong>comm</strong></span> <span class='ocrx_word' id='word_1_260' title='bbox 1451 373 1592 400; x_wconf 67' lang='lat' dir='ltr'><strong>iteratum.</strong></span> 
     </span>
    </p>
   </div>
   <div class='ocr_carea' id='block_1_47' title="bbox 1051 418 1803 455">
    <p class='ocr_par' dir='ltr' id='par_1_47' title="bbox 1051 418 1803 455">
     <span class='ocr_line' id='line_1_47' title="bbox 1051 418 1803 455; baseline -0.003 -8"><span class='ocrx_word' id='word_1_261' title='bbox 1051 419 1212 455; x_wconf 82' lang='lat' dir='ltr'><strong>Mystelinm</strong></span> <span class='ocrx_word' id='word_1_262' title='bbox 1244 420 1309 447; x_wconf 88' lang='lat' dir='ltr'><strong>illud</strong></span> <span class='ocrx_word' id='word_1_263' title='bbox 1338 420 1472 452; x_wconf 89' lang='lat' dir='ltr'><strong>divinum,</strong></span> <span class='ocrx_word' id='word_1_264' title='bbox 1495 422 1558 446; x_wconf 83' lang='lat' dir='ltr'><strong>ante</strong></span> <span class='ocrx_word' id='word_1_265' title='bbox 1585 418 1676 446; x_wconf 83' lang='lat' dir='ltr'><strong>omnia</strong></span> <span class='ocrx_word' id='word_1_266' title='bbox 1703 418 1803 446; x_wconf 61' lang='lat' dir='ltr'><strong>sateula</strong></span> 
     </span>
    </p>
   </div>
   <div class='ocr_carea' id='block_1_48' title="bbox 1017 465 1806 501">
    <p class='ocr_par' dir='ltr' id='par_1_48' title="bbox 1017 465 1806 501">
     <span class='ocr_line' id='line_1_48' title="bbox 1017 465 1806 501; baseline -0.004 -8"><span class='ocrx_word' id='word_1_267' title='bbox 1017 467 1219 497; x_wconf 81' lang='lat' dir='ltr'><strong>absconditum.</strong></span> <span class='ocrx_word' id='word_1_268' title='bbox 1229 474 1276 501; x_wconf 84' lang='lat' dir='ltr'><strong>per</strong></span> <span class='ocrx_word' id='word_1_269' title='bbox 1289 471 1315 493; x_wconf 86' lang='lat' dir='ltr'><strong>te</strong></span> <span class='ocrx_word' id='word_1_270' title='bbox 1326 466 1465 500; x_wconf 79' lang='lat' dir='ltr'><strong>cognitum</strong></span> <span class='ocrx_word' id='word_1_271' title='bbox 1481 469 1522 492; x_wconf 88' lang='lat' dir='ltr'><strong>est</strong></span> <span class='ocrx_word' id='word_1_272' title='bbox 1535 465 1567 491; x_wconf 88' lang='lat' dir='ltr'><strong>ab</strong></span> <span class='ocrx_word' id='word_1_273' title='bbox 1580 465 1709 491; x_wconf 87' lang='lat' dir='ltr'><strong>omnibus</strong></span> <span class='ocrx_word' id='word_1_274' title='bbox 1725 469 1806 491; x_wconf 64' lang='lat' dir='ltr'><strong>terrae</strong></span> 
     </span>
    </p>
   </div>
   <div class='ocr_carea' id='block_1_49' title="bbox 1019 506 1803 544">
    <p class='ocr_par' dir='ltr' id='par_1_49' title="bbox 1019 506 1803 544">
     <span class='ocr_line' id='line_1_49' title="bbox 1019 506 1803 544; baseline -0.003 -8"><span class='ocrx_word' id='word_1_275' title='bbox 1019 510 1129 543; x_wconf 90' lang='lat' dir='ltr'><strong>linibus,</strong></span> <span class='ocrx_word' id='word_1_276' title='bbox 1151 517 1168 536; x_wconf 95' lang='lat' dir='ltr'><strong>o</strong></span> <span class='ocrx_word' id='word_1_277' title='bbox 1193 509 1274 544; x_wconf 83' lang='lat' dir='ltr'><strong>Virgo</strong></span> <span class='ocrx_word' id='word_1_278' title='bbox 1305 509 1392 543; x_wconf 87' lang='lat' dir='ltr'><strong>puella</strong></span> <span class='ocrx_word' id='word_1_279' title='bbox 1417 508 1672 535; x_wconf 87' lang='lat' dir='ltr'><strong>immaculatissima</strong></span> <span class='ocrx_word' id='word_1_280' title='bbox 1690 517 1697 534; x_wconf 89' lang='lat'>:</span> <span class='ocrx_word' id='word_1_281' title='bbox 1716 506 1803 534; x_wconf 83' lang='lat' dir='ltr'><strong>Filius</strong></span> 
     </span>
    </p>
   </div>
   <div class='ocr_carea' id='block_1_50' title="bbox 1019 553 1800 589">
    <p class='ocr_par' dir='ltr' id='par_1_50' title="bbox 1019 553 1800 589">
     <span class='ocr_line' id='line_1_50' title="bbox 1019 553 1800 589; baseline -0.003 -7"><span class='ocrx_word' id='word_1_282' title='bbox 1019 555 1125 583; x_wconf 82' lang='lat' dir='ltr'><strong>scilicet</strong></span> <span class='ocrx_word' id='word_1_283' title='bbox 1141 559 1205 582; x_wconf 91' lang='lat' dir='ltr'><strong>tuus</strong></span> <span class='ocrx_word' id='word_1_284' title='bbox 1220 559 1247 582; x_wconf 90' lang='lat' dir='ltr'><strong>et</strong></span> <span class='ocrx_word' id='word_1_285' title='bbox 1262 553 1381 582; x_wconf 86' lang='lat' dir='ltr'><strong>Verbum</strong></span> <span class='ocrx_word' id='word_1_286' title='bbox 1392 554 1449 588; x_wconf 85' lang='lat' dir='ltr'><strong>Dei,</strong></span> <span class='ocrx_word' id='word_1_287' title='bbox 1463 553 1537 589; x_wconf 90' lang='lat' dir='ltr'><strong>quod</strong></span> <span class='ocrx_word' id='word_1_288' title='bbox 1548 561 1613 581; x_wconf 87' lang='lat' dir='ltr'><strong>caro</strong></span> <span class='ocrx_word' id='word_1_289' title='bbox 1632 553 1734 581; x_wconf 75' lang='lat' dir='ltr'><strong>factum</strong></span> <span class='ocrx_word' id='word_1_290' title='bbox 1747 558 1800 584; x_wconf 83' lang='lat' dir='ltr'><strong>est,</strong></span> 
     </span>
    </p>
   </div>
   <div class='ocr_carea' id='block_1_51' title="bbox 1019 600 1416 636">
    <p class='ocr_par' dir='ltr' id='par_1_51' title="bbox 1019 600 1416 636">
     <span class='ocr_line' id='line_1_51' title="bbox 1019 600 1416 636; baseline -0.003 -8"><span class='ocrx_word' id='word_1_291' title='bbox 1019 605 1102 636; x_wconf 86' lang='lat' dir='ltr'><strong>atque</strong></span> <span class='ocrx_word' id='word_1_292' title='bbox 1115 601 1254 628; x_wconf 91' lang='lat' dir='ltr'><strong>hominem</strong></span> <span class='ocrx_word' id='word_1_293' title='bbox 1270 600 1416 627; x_wconf 83' lang='lat' dir='ltr'><strong>deiﬁeavit.</strong></span> 
     </span>
    </p>
   </div>
   <div class='ocr_carea' id='block_1_52' title="bbox 1054 644 1807 680">
    <p class='ocr_par' dir='ltr' id='par_1_52' title="bbox 1054 644 1807 680">
     <span class='ocr_line' id='line_1_52' title="bbox 1054 644 1807 680; baseline -0.001 -7"><span class='ocrx_word' id='word_1_294' title='bbox 1054 645 1234 673; x_wconf 86' lang='lat' dir='ltr'><strong>Lueidissima</strong></span> <span class='ocrx_word' id='word_1_295' title='bbox 1251 646 1373 673; x_wconf 73' lang='lat' dir='ltr'><strong>cmlestis</strong></span> <span class='ocrx_word' id='word_1_296' title='bbox 1390 645 1470 680; x_wconf 76' lang='lat' dir='ltr'><strong>regis</strong></span> <span class='ocrx_word' id='word_1_297' title='bbox 1493 644 1623 672; x_wconf 79' lang='lat' dir='ltr'><strong>cathedra</strong></span> <span class='ocrx_word' id='word_1_298' title='bbox 1642 644 1714 672; x_wconf 84' lang='lat' dir='ltr'><strong>facta</strong></span> <span class='ocrx_word' id='word_1_299' title='bbox 1734 652 1775 677; x_wconf 89' lang='lat' dir='ltr'><strong>es,</strong></span> <span class='ocrx_word' id='word_1_300' title='bbox 1790 652 1807 672; x_wconf 93' lang='grc' dir='ltr'><strong>ο</strong></span> 
     </span>
    </p>
   </div>
   <div class='ocr_carea' id='block_1_53' title="bbox 1020 689 1807 726">
    <p class='ocr_par' dir='ltr' id='par_1_53' title="bbox 1020 689 1807 726">
     <span class='ocr_line' id='line_1_53' title="bbox 1020 689 1807 726; baseline -0.003 -8"><span class='ocrx_word' id='word_1_301' title='bbox 1020 690 1113 726; x_wconf 75' lang='lat' dir='ltr'><strong>Virgo,</strong></span> <span class='ocrx_word' id='word_1_302' title='bbox 1130 691 1157 718; x_wconf 92' lang='lat' dir='ltr'><strong>in</strong></span> <span class='ocrx_word' id='word_1_303' title='bbox 1170 698 1223 725; x_wconf 87' lang='lat' dir='ltr'><strong>qua</strong></span> <span class='ocrx_word' id='word_1_304' title='bbox 1238 691 1395 718; x_wconf 90' lang='lat' dir='ltr'><strong>incarnatus</strong></span> <span class='ocrx_word' id='word_1_305' title='bbox 1408 693 1504 724; x_wconf 86' lang='lat' dir='ltr'><strong>sponte</strong></span> <span class='ocrx_word' id='word_1_306' title='bbox 1517 689 1662 724; x_wconf 73' lang='lat' dir='ltr'><strong>requievit,</strong></span> <span class='ocrx_word' id='word_1_307' title='bbox 1674 693 1701 716; x_wconf 88' lang='lat' dir='ltr'><strong>et</strong></span> <span class='ocrx_word' id='word_1_308' title='bbox 1712 690 1807 717; x_wconf 89' lang='lat' dir='ltr'><strong>abstu-</strong></span> 
     </span>
    </p>
   </div>
   <div class='ocr_carea' id='block_1_54' title="bbox 1021 735 1806 770">
    <p class='ocr_par' dir='ltr' id='par_1_54' title="bbox 1021 735 1806 770">
     <span class='ocr_line' id='line_1_54' title="bbox 1021 735 1806 770; baseline -0.001 -7"><span class='ocrx_word' id='word_1_309' title='bbox 1021 737 1050 764; x_wconf 86' lang='lat' dir='ltr'><strong>lit</strong></span> <span class='ocrx_word' id='word_1_310' title='bbox 1066 737 1177 764; x_wconf 83' lang='lat' dir='ltr'><strong>multam</strong></span> <span class='ocrx_word' id='word_1_311' title='bbox 1194 737 1382 764; x_wconf 78' lang='lat' dir='ltr'><strong>lassitudinem</strong></span> <span class='ocrx_word' id='word_1_312' title='bbox 1405 739 1546 769; x_wconf 83' lang='lat' dir='ltr'><strong>nostram;</strong></span> <span class='ocrx_word' id='word_1_313' title='bbox 1568 739 1650 770; x_wconf 89' lang='lat' dir='ltr'><strong>atque</strong></span> <span class='ocrx_word' id='word_1_314' title='bbox 1667 735 1806 762; x_wconf 86' lang='lat' dir='ltr'><strong>hominem</strong></span> 
     </span>
    </p>
   </div>
   <div class='ocr_carea' id='block_1_55' title="bbox 1021 780 1805 817">
    <p class='ocr_par' dir='ltr' id='par_1_55' title="bbox 1021 780 1805 817">
     <span class='ocr_line' id='line_1_55' title="bbox 1021 780 1805 817; baseline -0.001 -9"><span class='ocrx_word' id='word_1_315' title='bbox 1021 782 1048 809; x_wconf 89' lang='lat' dir='ltr'><strong>in</strong></span> <span class='ocrx_word' id='word_1_316' title='bbox 1079 787 1194 817; x_wconf 84' lang='lat' dir='ltr'><strong>paterno</strong></span> <span class='ocrx_word' id='word_1_317' title='bbox 1221 782 1332 815; x_wconf 85' lang='lat' dir='ltr'><strong>throno,</strong></span> <span class='ocrx_word' id='word_1_318' title='bbox 1361 781 1592 817; x_wconf 88' lang='lat' dir='ltr'><strong>quemadmodum</strong></span> <span class='ocrx_word' id='word_1_319' title='bbox 1617 780 1670 808; x_wconf 84' lang='lat' dir='ltr'><strong>sibi</strong></span> <span class='ocrx_word' id='word_1_320' title='bbox 1691 781 1805 816; x_wconf 85' lang='lat' dir='ltr'><strong>placuit,</strong></span> 
     </span>
    </p>
   </div>
   <div class='ocr_carea' id='block_1_56' title="bbox 1023 828 1179 855">
    <p class='ocr_par' dir='ltr' id='par_1_56' title="bbox 1023 828 1179 855">
     <span class='ocr_line' id='line_1_56' title="bbox 1023 828 1179 855; baseline 0 0"><span class='ocrx_word' id='word_1_321' title='bbox 1023 828 1179 855; x_wconf 81' lang='lat' dir='ltr'><strong>collocavit.</strong></span> 
     </span>
    </p>
   </div>
   <div class='ocr_carea' id='block_1_57' title="bbox 1059 871 1807 908">
    <p class='ocr_par' dir='ltr' id='par_1_57' title="bbox 1059 871 1807 908">
     <span class='ocr_line' id='line_1_57' title="bbox 1059 871 1807 908; baseline -0.003 -8"><span class='ocrx_word' id='word_1_322' title='bbox 1059 873 1208 901; x_wconf 88' lang='lat' dir='ltr'><strong>Sublimior</strong></span> <span class='ocrx_word' id='word_1_323' title='bbox 1220 873 1325 908; x_wconf 83' lang='lat' dir='ltr'><strong>angelis</strong></span> <span class='ocrx_word' id='word_1_324' title='bbox 1337 871 1496 908; x_wconf 78' lang='lat' dir='ltr'><strong>apparuisti,</strong></span> <span class='ocrx_word' id='word_1_325' title='bbox 1511 871 1602 906; x_wconf 75' lang='lat' dir='ltr'><strong>magni</strong></span> <span class='ocrx_word' id='word_1_326' title='bbox 1617 871 1724 899; x_wconf 87' lang='lat' dir='ltr'><strong>consilii</strong></span> <span class='ocrx_word' id='word_1_327' title='bbox 1750 871 1807 898; x_wconf 86' lang='lat' dir='ltr'><strong>An-</strong></span> 
     </span>
    </p>
   </div>
   <div class='ocr_carea' id='block_1_58' title="bbox 1024 917 1808 954">
    <p class='ocr_par' dir='ltr' id='par_1_58' title="bbox 1024 917 1808 954">
     <span class='ocr_line' id='line_1_58' title="bbox 1024 917 1808 954; baseline -0.005 -7"><span class='ocrx_word' id='word_1_328' title='bbox 1024 919 1112 954; x_wconf 77' lang='lat' dir='ltr'><strong>geium</strong></span> <span class='ocrx_word' id='word_1_329' title='bbox 1123 920 1214 953; x_wconf 78' lang='lat' dir='ltr'><strong>enixa,</strong></span> <span class='ocrx_word' id='word_1_330' title='bbox 1239 927 1255 947; x_wconf 88' lang='grc' dir='ltr'><strong>ο</strong></span> <span class='ocrx_word' id='word_1_331' title='bbox 1274 924 1350 946; x_wconf 87' lang='lat' dir='ltr'><strong>casta</strong></span> <span class='ocrx_word' id='word_1_332' title='bbox 1369 918 1482 952; x_wconf 87' lang='lat' dir='ltr'><strong>Deipara</strong></span> <span class='ocrx_word' id='word_1_333' title='bbox 1497 937 1504 951; x_wconf 92' lang='lat'><strong>,</strong></span> <span class='ocrx_word' id='word_1_334' title='bbox 1531 918 1577 944; x_wconf 92' lang='lat' dir='ltr'><strong>cui</strong></span> <span class='ocrx_word' id='word_1_335' title='bbox 1598 924 1695 944; x_wconf 88' lang='lat' dir='ltr'><strong>omnes</strong></span> <span class='ocrx_word' id='word_1_336' title='bbox 1713 917 1808 943; x_wconf 90' lang='lat' dir='ltr'><strong>modu-</strong></span> 
     </span>
    </p>
   </div>
   <div class='ocr_carea' id='block_1_59' title="bbox 984 955 1808 998">
    <p class='ocr_par' dir='ltr' id='par_1_59' title="bbox 984 955 1808 998">
     <span class='ocr_line' id='line_1_59' title="bbox 984 955 1808 998; baseline -0.005 -6"><span class='ocrx_word' id='word_1_337' title='bbox 984 955 1007 986; x_wconf 75' lang='grc' dir='ltr'><strong><em>Β</em></strong></span> <span class='ocrx_word' id='word_1_338' title='bbox 1021 965 1109 993; x_wconf 80' lang='lat' dir='ltr'><strong>lantes</strong></span> <span class='ocrx_word' id='word_1_339' title='bbox 1125 965 1251 993; x_wconf 85' lang='lat' dir='ltr'><strong>canimus</strong></span> <span class='ocrx_word' id='word_1_340' title='bbox 1270 974 1277 991; x_wconf 91' lang='lat'>:</span> <span class='ocrx_word' id='word_1_341' title='bbox 1295 964 1521 998; x_wconf 68' lang='lat' dir='ltr'><strong>Benedictuses,</strong></span> <span class='ocrx_word' id='word_1_342' title='bbox 1538 963 1652 991; x_wconf 89' lang='lat' dir='ltr'><strong>Domine</strong></span> <span class='ocrx_word' id='word_1_343' title='bbox 1672 962 1756 996; x_wconf 85' lang='lat' dir='ltr'><strong>Deus,</strong></span> <span class='ocrx_word' id='word_1_344' title='bbox 1781 962 1808 989; x_wconf 90' lang='lat' dir='ltr'><strong>in</strong></span> 
     </span>
    </p>
   </div>
   <div class='ocr_carea' id='block_1_60' title="bbox 1022 1010 1137 1039">
    <p class='ocr_par' dir='ltr' id='par_1_60' title="bbox 1022 1010 1137 1039">
     <span class='ocr_line' id='line_1_60' title="bbox 1022 1010 1137 1039; baseline -0.017 0"><span class='ocrx_word' id='word_1_345' title='bbox 1022 1010 1137 1039; x_wconf 73' lang='lat' dir='ltr'><strong>saecula.</strong></span> 
     </span>
    </p>
   </div>
   <div class='ocr_carea' id='block_1_61' title="bbox 1056 1053 1806 1090">
    <p class='ocr_par' dir='ltr' id='par_1_61' title="bbox 1056 1053 1806 1090">
     <span class='ocr_line' id='line_1_61' title="bbox 1056 1053 1806 1090; baseline -0.004 -7"><span class='ocrx_word' id='word_1_346' title='bbox 1056 1055 1161 1083; x_wconf 81' lang='lat' dir='ltr'><strong>Novum</strong></span> <span class='ocrx_word' id='word_1_347' title='bbox 1176 1062 1290 1090; x_wconf 89' lang='lat' dir='ltr'><strong>puerum</strong></span> <span class='ocrx_word' id='word_1_348' title='bbox 1305 1053 1446 1090; x_wconf 80' lang='lat' dir='ltr'><strong>peperisti,</strong></span> <span class='ocrx_word' id='word_1_349' title='bbox 1463 1061 1479 1081; x_wconf 94' lang='grc' dir='ltr'><strong>ο</strong></span> <span class='ocrx_word' id='word_1_350' title='bbox 1490 1053 1659 1085; x_wconf 80' lang='lat' dir='ltr'><strong>castissima,</strong></span> <span class='ocrx_word' id='word_1_351' title='bbox 1675 1054 1721 1089; x_wconf 89' lang='lat' dir='ltr'><strong>qui</strong></span> <span class='ocrx_word' id='word_1_352' title='bbox 1743 1058 1806 1081; x_wconf 85' lang='lat' dir='ltr'><strong>ante</strong></span> 
     </span>
    </p>
   </div>
   <div class='ocr_carea' id='block_1_62' title="bbox 1021 1099 1808 1129">
    <p class='ocr_par' dir='ltr' id='par_1_62' title="bbox 1021 1099 1808 1129">
     <span class='ocr_line' id='line_1_62' title="bbox 1021 1099 1808 1129; baseline -0.004 0"><span class='ocrx_word' id='word_1_353' title='bbox 1021 1110 1130 1129; x_wconf 88' lang='lat' dir='ltr'><strong>omnem</strong></span> <span class='ocrx_word' id='word_1_354' title='bbox 1142 1105 1296 1129; x_wconf 84' lang='lat' dir='ltr'><strong>creaturam</strong></span> <span class='ocrx_word' id='word_1_355' title='bbox 1314 1099 1485 1128; x_wconf 74' lang='lat' dir='ltr'><strong>ineffabiiiter</strong></span> <span class='ocrx_word' id='word_1_356' title='bbox 1509 1105 1590 1126; x_wconf 88' lang='lat' dir='ltr'><strong>natus</strong></span> <span class='ocrx_word' id='word_1_357' title='bbox 1604 1104 1646 1127; x_wconf 89' lang='lat' dir='ltr'><strong>cst</strong></span> <span class='ocrx_word' id='word_1_358' title='bbox 1660 1107 1693 1126; x_wconf 79' lang='lat' dir='ltr'><strong>ex</strong></span> <span class='ocrx_word' id='word_1_359' title='bbox 1716 1100 1808 1127; x_wconf 84' lang='lat' dir='ltr'><strong>Patre.</strong></span> 
     </span>
    </p>
   </div>
   <div class='ocr_carea' id='block_1_63' title="bbox 1021 1145 1806 1182">
    <p class='ocr_par' dir='ltr' id='par_1_63' title="bbox 1021 1145 1806 1182">
     <span class='ocr_line' id='line_1_63' title="bbox 1021 1145 1806 1182; baseline -0.006 -7"><span class='ocrx_word' id='word_1_360' title='bbox 1021 1147 1112 1182; x_wconf 84' lang='lat' dir='ltr'><strong>Ipsum</strong></span> <span class='ocrx_word' id='word_1_361' title='bbox 1124 1153 1191 1182; x_wconf 76' lang='lat' dir='ltr'><strong>ergo</strong></span> <span class='ocrx_word' id='word_1_362' title='bbox 1205 1153 1278 1173; x_wconf 91' lang='lat' dir='ltr'><strong>nunc</strong></span> <span class='ocrx_word' id='word_1_363' title='bbox 1297 1145 1455 1180; x_wconf 87' lang='lat' dir='ltr'><strong>deprecare,</strong></span> <span class='ocrx_word' id='word_1_364' title='bbox 1469 1149 1500 1172; x_wconf 88' lang='lat' dir='ltr'><strong>ut</strong></span> <span class='ocrx_word' id='word_1_365' title='bbox 1514 1153 1556 1172; x_wconf 91' lang='lat' dir='ltr'><strong>me</strong></span> <span class='ocrx_word' id='word_1_366' title='bbox 1568 1145 1687 1178; x_wconf 82' lang='lat' dir='ltr'><strong>peccatis</strong></span> <span class='ocrx_word' id='word_1_367' title='bbox 1702 1145 1806 1173; x_wconf 79' lang='lat' dir='ltr'><strong>invete-</strong></span> 
     </span>
    </p>
   </div>
   <div class='ocr_carea' id='block_1_64' title="bbox 1021 1189 1809 1224">
    <p class='ocr_par' dir='ltr' id='par_1_64' title="bbox 1021 1189 1809 1224">
     <span class='ocr_line' id='line_1_64' title="bbox 1021 1189 1809 1224; baseline -0.003 -5"><span class='ocrx_word' id='word_1_368' title='bbox 1021 1189 1111 1220; x_wconf 79' lang='lat' dir='ltr'><strong>ratur&#39;n</strong></span> <span class='ocrx_word' id='word_1_369' title='bbox 1123 1197 1279 1224; x_wconf 80' lang='lat' dir='ltr'><strong>renovet,ct</strong></span> <span class='ocrx_word' id='word_1_370' title='bbox 1291 1191 1401 1219; x_wconf 86' lang='lat' dir='ltr'><strong>salvum</strong></span> <span class='ocrx_word' id='word_1_371' title='bbox 1414 1191 1507 1223; x_wconf 84' lang='lat' dir='ltr'><strong>faciat,</strong></span> <span class='ocrx_word' id='word_1_372' title='bbox 1518 1191 1580 1217; x_wconf 88' lang='lat' dir='ltr'><strong>dum</strong></span> <span class='ocrx_word' id='word_1_373' title='bbox 1595 1191 1703 1218; x_wconf 87' lang='lat' dir='ltr'><strong>clamo:</strong></span> <span class='ocrx_word' id='word_1_374' title='bbox 1718 1191 1809 1224; x_wconf 81' lang='lat' dir='ltr'><strong>Pueri,</strong></span> 
     </span>
    </p>
   </div>
   <div class='ocr_carea' id='block_1_65' title="bbox 1021 1233 1810 1273">
    <p class='ocr_par' dir='ltr' id='par_1_65' title="bbox 1021 1233 1810 1273">
     <span class='ocr_line' id='line_1_65' title="bbox 1021 1233 1810 1273; baseline -0.004 -6"><span class='ocrx_word' id='word_1_375' title='bbox 1021 1233 1172 1268; x_wconf 83' lang='lat' dir='ltr'><strong>benedieite</strong></span> <span class='ocrx_word' id='word_1_376' title='bbox 1183 1247 1190 1272; x_wconf 90' lang='lat'><strong>;</strong></span> <span class='ocrx_word' id='word_1_377' title='bbox 1202 1239 1367 1270; x_wconf 83' lang='lat' dir='ltr'><strong>sacerdotes,</strong></span> <span class='ocrx_word' id='word_1_378' title='bbox 1377 1237 1486 1265; x_wconf 84' lang='lat' dir='ltr'><strong>laudate</strong></span> <span class='ocrx_word' id='word_1_379' title='bbox 1499 1246 1506 1271; x_wconf 89' lang='lat'><strong>;</strong></span> <span class='ocrx_word' id='word_1_380' title='bbox 1516 1238 1644 1273; x_wconf 89' lang='lat' dir='ltr'><strong>populus,</strong></span> <span class='ocrx_word' id='word_1_381' title='bbox 1654 1238 1810 1273; x_wconf 81' lang='lat' dir='ltr'><strong>superexal-</strong></span> 
     </span>
    </p>
   </div>
   <div class='ocr_carea' id='block_1_66' title="bbox 1020 1283 1412 1313">
    <p class='ocr_par' dir='ltr' id='par_1_66' title="bbox 1020 1283 1412 1313">
     <span class='ocr_line' id='line_1_66' title="bbox 1020 1283 1412 1313; baseline -0.008 0"><span class='ocrx_word' id='word_1_382' title='bbox 1020 1289 1079 1313; x_wconf 86' lang='lat' dir='ltr'><strong>tate</strong></span> <span class='ocrx_word' id='word_1_383' title='bbox 1093 1285 1234 1312; x_wconf 86' lang='lat' dir='ltr'><strong>Christum</strong></span> <span class='ocrx_word' id='word_1_384' title='bbox 1255 1285 1282 1311; x_wconf 92' lang='lat' dir='ltr'><strong>in</strong></span> <span class='ocrx_word' id='word_1_385' title='bbox 1300 1283 1412 1312; x_wconf 71' lang='lat' dir='ltr'><strong>smcula.</strong></span> 
     </span>
    </p>
   </div>
   <div class='ocr_carea' id='block_1_67' title="bbox 1057 1327 1808 1364">
    <p class='ocr_par' dir='ltr' id='par_1_67' title="bbox 1057 1327 1808 1364">
     <span class='ocr_line' id='line_1_67' title="bbox 1057 1327 1808 1364; baseline -0.004 -7"><span class='ocrx_word' id='word_1_386' title='bbox 1057 1329 1110 1362; x_wconf 90' lang='lat' dir='ltr'><strong>Tu,</strong></span> <span class='ocrx_word' id='word_1_387' title='bbox 1127 1337 1144 1357; x_wconf 92' lang='grc' dir='ltr'><strong>ο</strong></span> <span class='ocrx_word' id='word_1_388' title='bbox 1161 1329 1206 1357; x_wconf 88' lang='lat' dir='ltr'><strong>Dei</strong></span> <span class='ocrx_word' id='word_1_389' title='bbox 1220 1337 1330 1364; x_wconf 86' lang='lat' dir='ltr'><strong>sponsa,</strong></span> <span class='ocrx_word' id='word_1_390' title='bbox 1350 1336 1412 1364; x_wconf 67' lang='lat' dir='ltr'><strong>quae</strong></span> <span class='ocrx_word' id='word_1_391' title='bbox 1434 1327 1509 1356; x_wconf 87' lang='lat' dir='ltr'><strong>velut</strong></span> <span class='ocrx_word' id='word_1_392' title='bbox 1540 1327 1646 1363; x_wconf 81' lang='lat' dir='ltr'><strong>forceps</strong></span> <span class='ocrx_word' id='word_1_393' title='bbox 1668 1327 1808 1356; x_wconf 68' lang='lat' dir='ltr'><strong>eteiestem</strong></span> 
     </span>
    </p>
   </div>
   <div class='ocr_carea' id='block_1_68' title="bbox 1021 1374 1808 1411">
    <p class='ocr_par' dir='ltr' id='par_1_68' title="bbox 1021 1374 1808 1411">
     <span class='ocr_line' id='line_1_68' title="bbox 1021 1374 1808 1411; baseline -0.005 -6"><span class='ocrx_word' id='word_1_394' title='bbox 1021 1377 1170 1405; x_wconf 84' lang='lat' dir='ltr'><strong>carbonem</strong></span> <span class='ocrx_word' id='word_1_395' title='bbox 1187 1375 1312 1411; x_wconf 88' lang='lat' dir='ltr'><strong>portasti,</strong></span> <span class='ocrx_word' id='word_1_396' title='bbox 1327 1374 1473 1402; x_wconf 81' lang='lat' dir='ltr'><strong>fruticosas</strong></span> <span class='ocrx_word' id='word_1_397' title='bbox 1485 1374 1577 1402; x_wconf 90' lang='lat' dir='ltr'><strong>cordis</strong></span> <span class='ocrx_word' id='word_1_398' title='bbox 1595 1374 1648 1401; x_wconf 93' lang='lat' dir='ltr'><strong>mei</strong></span> <span class='ocrx_word' id='word_1_399' title='bbox 1663 1374 1808 1409; x_wconf 86' lang='lat' dir='ltr'><strong>passiones</strong></span> 
     </span>
    </p>
   </div>
   <div class='ocr_carea' id='block_1_69' title="bbox 1020 1420 1811 1457">
    <p class='ocr_par' dir='ltr' id='par_1_69' title="bbox 1020 1420 1811 1457">
     <span class='ocr_line' id='line_1_69' title="bbox 1020 1420 1811 1457; baseline -0.004 -7"><span class='ocrx_word' id='word_1_400' title='bbox 1020 1423 1167 1456; x_wconf 88' lang='lat' dir='ltr'><strong>eomhure;</strong></span> <span class='ocrx_word' id='word_1_401' title='bbox 1179 1427 1207 1449; x_wconf 89' lang='lat' dir='ltr'><strong>et</strong></span> <span class='ocrx_word' id='word_1_402' title='bbox 1222 1422 1256 1449; x_wconf 85' lang='lat' dir='ltr'><strong>ab</strong></span> <span class='ocrx_word' id='word_1_403' title='bbox 1271 1422 1333 1457; x_wconf 82' lang='lat' dir='ltr'><strong>igne</strong></span> <span class='ocrx_word' id='word_1_404' title='bbox 1350 1421 1491 1456; x_wconf 69' lang='lat' dir='ltr'><strong>gehennae,</strong></span> <span class='ocrx_word' id='word_1_405' title='bbox 1505 1428 1611 1455; x_wconf 60' lang='lat' dir='ltr'><strong>quaeso,</strong></span> <span class='ocrx_word' id='word_1_406' title='bbox 1623 1420 1708 1448; x_wconf 90' lang='lat' dir='ltr'><strong>libera</strong></span> <span class='ocrx_word' id='word_1_407' title='bbox 1719 1424 1811 1453; x_wconf 82' lang='lat' dir='ltr'><strong>rne,ut</strong></span> 
     </span>
    </p>
   </div>
   <div class='ocr_carea' id='block_1_70' title="bbox 1022 1465 1810 1504">
    <p class='ocr_par' dir='ltr' id='par_1_70' title="bbox 1022 1465 1810 1504">
     <span class='ocr_line' id='line_1_70' title="bbox 1022 1465 1810 1504; baseline -0.004 -9"><span class='ocrx_word' id='word_1_408' title='bbox 1022 1468 1170 1504; x_wconf 78' lang='lat' dir='ltr'><strong>gloriiieem</strong></span> <span class='ocrx_word' id='word_1_409' title='bbox 1187 1472 1213 1495; x_wconf 87' lang='lat' dir='ltr'><strong>te</strong></span> <span class='ocrx_word' id='word_1_410' title='bbox 1230 1475 1306 1503; x_wconf 86' lang='lat' dir='ltr'><strong>spem</strong></span> <span class='ocrx_word' id='word_1_411' title='bbox 1331 1467 1464 1500; x_wconf 80' lang='lat' dir='ltr'><strong>ﬁdelium,</strong></span> <span class='ocrx_word' id='word_1_412' title='bbox 1483 1473 1500 1493; x_wconf 88' lang='grc' dir='ltr'><strong>ο</strong></span> <span class='ocrx_word' id='word_1_413' title='bbox 1513 1465 1588 1493; x_wconf 90' lang='lat' dir='ltr'><strong>omni</strong></span> <span class='ocrx_word' id='word_1_414' title='bbox 1610 1465 1689 1493; x_wconf 87' lang='lat' dir='ltr'><strong>laude</strong></span> <span class='ocrx_word' id='word_1_415' title='bbox 1702 1465 1810 1501; x_wconf 81' lang='lat' dir='ltr'><strong>dignis-</strong></span> 
     </span>
    </p>
   </div>
   <div class='ocr_carea' id='block_1_71' title="bbox 1022 1515 1442 1542">
    <p class='ocr_par' dir='ltr' id='par_1_71' title="bbox 1022 1515 1442 1542">
     <span class='ocr_line' id='line_1_71' title="bbox 1022 1515 1442 1542; baseline -0.005 0"><span class='ocrx_word' id='word_1_416' title='bbox 1022 1515 1103 1542; x_wconf 89' lang='lat' dir='ltr'><strong>sima.</strong></span> <span class='ocrx_word' id='word_1_417' title='bbox 1437 1518 1442 1521; x_wconf 73' lang='lat'><strong><em>‘</em></strong></span> 
     </span>
    </p>
   </div>
   <div class='ocr_carea' id='block_1_72' title="bbox 1021 1556 1808 1594">
    <p class='ocr_par' dir='ltr' id='par_1_72' title="bbox 1021 1556 1808 1594">
     <span class='ocr_line' id='line_1_72' title="bbox 1021 1556 1808 1594; baseline -0.005 -7"><span class='ocrx_word' id='word_1_418' title='bbox 1021 1560 1063 1587; x_wconf 72' lang='lat' dir='ltr'><strong>Ex</strong></span> <span class='ocrx_word' id='word_1_419' title='bbox 1075 1560 1181 1588; x_wconf 73' lang='lat' dir='ltr'><strong>Conone</strong></span> <span class='ocrx_word' id='word_1_420' title='bbox 1194 1560 1222 1587; x_wconf 84' lang='lat' dir='ltr'><strong>in</strong></span> <span class='ocrx_word' id='word_1_421' title='bbox 1236 1559 1266 1587; x_wconf 89' lang='lat' dir='ltr'><strong>S.</strong></span> <span class='ocrx_word' id='word_1_422' title='bbox 1279 1558 1503 1594; x_wconf 64' lang='lat' dir='ltr'><strong>Agat/(angelum,</strong></span> <span class='ocrx_word' id='word_1_423' title='bbox 1522 1562 1684 1592; x_wconf 75' lang='lat' dir='ltr'><strong>martyrem,</strong></span> <span class='ocrx_word' id='word_1_424' title='bbox 1703 1556 1746 1584; x_wconf 81' lang='lat' dir='ltr'><strong>die</strong></span> <span class='ocrx_word' id='word_1_425' title='bbox 1762 1556 1808 1584; x_wconf 77' lang='lat'><strong>25.</strong></span> 
     </span>
    </p>
   </div>
   <div class='ocr_carea' id='block_1_73' title="bbox 1059 1639 1806 1680">
    <p class='ocr_par' dir='ltr' id='par_1_73' title="bbox 1059 1639 1806 1680">
     <span class='ocr_line' id='line_1_73' title="bbox 1059 1639 1806 1680; baseline -0.005 -6"><span class='ocrx_word' id='word_1_426' title='bbox 1059 1647 1232 1675; x_wconf 85' lang='lat' dir='ltr'><strong>lncarnatum</strong></span> <span class='ocrx_word' id='word_1_427' title='bbox 1247 1646 1282 1674; x_wconf 91' lang='lat' dir='ltr'><strong>ob</strong></span> <span class='ocrx_word' id='word_1_428' title='bbox 1299 1645 1463 1673; x_wconf 83' lang='lat' dir='ltr'><strong>ineti‘abilem</strong></span> <span class='ocrx_word' id='word_1_429' title='bbox 1476 1645 1603 1680; x_wconf 84' lang='lat' dir='ltr'><strong>pietatem</strong></span> <span class='ocrx_word' id='word_1_430' title='bbox 1615 1651 1693 1672; x_wconf 89' lang='lat' dir='ltr'><strong>suam</strong></span> <span class='ocrx_word' id='word_1_431' title='bbox 1711 1639 1806 1671; x_wconf 83' lang='lat' dir='ltr'><strong>Domi-</strong></span> 
     </span>
    </p>
   </div>
   <div class='ocr_carea' id='block_1_74' title="bbox 1024 1692 1811 1730">
    <p class='ocr_par' dir='ltr' id='par_1_74' title="bbox 1024 1692 1811 1730">
     <span class='ocr_line' id='line_1_74' title="bbox 1024 1692 1811 1730; baseline -0.005 -8"><span class='ocrx_word' id='word_1_432' title='bbox 1024 1703 1086 1722; x_wconf 78' lang='lat' dir='ltr'><strong>nuin</strong></span> <span class='ocrx_word' id='word_1_433' title='bbox 1103 1693 1242 1730; x_wconf 88' lang='lat' dir='ltr'><strong>peperisti,</strong></span> <span class='ocrx_word' id='word_1_434' title='bbox 1259 1701 1275 1721; x_wconf 97' lang='grc' dir='ltr'><strong>ο</strong></span> <span class='ocrx_word' id='word_1_435' title='bbox 1290 1692 1384 1729; x_wconf 80' lang='lat' dir='ltr'><strong>Virgo,</strong></span> <span class='ocrx_word' id='word_1_436' title='bbox 1400 1700 1480 1728; x_wconf 92' lang='lat' dir='ltr'><strong>quem</strong></span> <span class='ocrx_word' id='word_1_437' title='bbox 1493 1692 1694 1727; x_wconf 76' lang='lat' dir='ltr'><strong>Agnthnngelus</strong></span> <span class='ocrx_word' id='word_1_438' title='bbox 1708 1699 1811 1719; x_wconf 86' lang='lat' dir='ltr'><strong>concu-</strong></span> 
     </span>
    </p>
   </div>
   <div class='ocr_carea' id='block_1_75' title="bbox 1023 1738 1810 1776">
    <p class='ocr_par' dir='ltr' id='par_1_75' title="bbox 1023 1738 1810 1776">
     <span class='ocr_line' id='line_1_75' title="bbox 1023 1738 1810 1776; baseline -0.004 -8"><span class='ocrx_word' id='word_1_439' title='bbox 1023 1741 1144 1776; x_wconf 85' lang='lat' dir='ltr'><strong>piscens,</strong></span> <span class='ocrx_word' id='word_1_440' title='bbox 1156 1748 1172 1768; x_wconf 89' lang='lat' dir='ltr'><strong>e</strong></span> <span class='ocrx_word' id='word_1_441' title='bbox 1184 1748 1266 1768; x_wconf 84' lang='lat' dir='ltr'><strong>carne</strong></span> <span class='ocrx_word' id='word_1_442' title='bbox 1281 1740 1364 1767; x_wconf 83' lang='lat' dir='ltr'><strong>exivit</strong></span> <span class='ocrx_word' id='word_1_443' title='bbox 1375 1743 1435 1773; x_wconf 90' lang='lat' dir='ltr'><strong>post</strong></span> <span class='ocrx_word' id='word_1_444' title='bbox 1447 1738 1637 1775; x_wconf 85' lang='lat' dir='ltr'><strong>admirandum</strong></span> <span class='ocrx_word' id='word_1_445' title='bbox 1650 1742 1789 1766; x_wconf 84' lang='lat' dir='ltr'><strong>certamen</strong></span> <span class='ocrx_word' id='word_1_446' title='bbox 1801 1757 1810 1770; x_wconf 95' lang='lat'><strong>,</strong></span> 
     </span>
    </p>
   </div>
   <div class='ocr_carea' id='block_1_76' title="bbox 1024 1786 1410 1822">
    <p class='ocr_par' dir='ltr' id='par_1_76' title="bbox 1024 1786 1410 1822">
     <span class='ocr_line' id='line_1_76' title="bbox 1024 1786 1410 1822; baseline -0.005 -8"><span class='ocrx_word' id='word_1_447' title='bbox 1024 1795 1086 1814; x_wconf 92' lang='lat' dir='ltr'><strong>cum</strong></span> <span class='ocrx_word' id='word_1_448' title='bbox 1106 1794 1160 1822; x_wconf 87' lang='lat' dir='ltr'><strong>quo</strong></span> <span class='ocrx_word' id='word_1_449' title='bbox 1175 1792 1200 1814; x_wconf 88' lang='lat' dir='ltr'><strong>te</strong></span> <span class='ocrx_word' id='word_1_450' title='bbox 1211 1786 1410 1814; x_wconf 86' lang='lat' dir='ltr'><strong>collaudamus.</strong></span> 
     </span>
    </p>
   </div>
   <div class='ocr_carea' id='block_1_77' title="bbox 1059 1828 1812 1866">
    <p class='ocr_par' dir='ltr' id='par_1_77' title="bbox 1059 1828 1812 1866">
     <span class='ocr_line' id='line_1_77' title="bbox 1059 1828 1812 1866; baseline -0.003 -7"><span class='ocrx_word' id='word_1_451' title='bbox 1059 1832 1081 1860; x_wconf 95' lang='grc'>0</span> <span class='ocrx_word' id='word_1_452' title='bbox 1096 1832 1257 1859; x_wconf 82' lang='lat' dir='ltr'><strong>admirabile</strong></span> <span class='ocrx_word' id='word_1_453' title='bbox 1277 1830 1436 1866; x_wconf 83' lang='lat' dir='ltr'><strong>mysterium</strong></span> <span class='ocrx_word' id='word_1_454' title='bbox 1451 1831 1457 1857; x_wconf 91' lang='lat' dir='ltr'><strong>l</strong></span> <span class='ocrx_word' id='word_1_455' title='bbox 1475 1829 1620 1863; x_wconf 85' lang='lat' dir='ltr'><strong>Quomodo</strong></span> <span class='ocrx_word' id='word_1_456' title='bbox 1642 1828 1727 1865; x_wconf 77' lang='lat' dir='ltr'><strong>Virgo</strong></span> <span class='ocrx_word' id='word_1_457' title='bbox 1749 1836 1812 1865; x_wconf 85' lang='lat' dir='ltr'><strong>spa-</strong></span> 
     </span>
    </p>
   </div>
   <div class='ocr_carea' id='block_1_78' title="bbox 1025 1875 1813 1911">
    <p class='ocr_par' dir='ltr' id='par_1_78' title="bbox 1025 1875 1813 1911">
     <span class='ocr_line' id='line_1_78' title="bbox 1025 1875 1813 1911; baseline -0.004 -5"><span class='ocrx_word' id='word_1_458' title='bbox 1025 1878 1119 1906; x_wconf 87' lang='lat' dir='ltr'><strong>tiosior</strong></span> <span class='ocrx_word' id='word_1_459' title='bbox 1137 1878 1214 1906; x_wconf 65' lang='lat' dir='ltr'><strong>caelis</strong></span> <span class='ocrx_word' id='word_1_460' title='bbox 1240 1877 1310 1905; x_wconf 82' lang='lat' dir='ltr'><strong>iacta</strong></span> <span class='ocrx_word' id='word_1_461' title='bbox 1337 1881 1389 1909; x_wconf 84' lang='lat' dir='ltr'><strong>est,</strong></span> <span class='ocrx_word' id='word_1_462' title='bbox 1422 1876 1582 1911; x_wconf 79' lang='lat' dir='ltr'><strong>concipiens</strong></span> <span class='ocrx_word' id='word_1_463' title='bbox 1598 1877 1624 1903; x_wconf 93' lang='lat' dir='ltr'><strong>in</strong></span> <span class='ocrx_word' id='word_1_464' title='bbox 1645 1876 1736 1910; x_wconf 60' lang='lat' dir='ltr'><strong>utero:</strong></span> <span class='ocrx_word' id='word_1_465' title='bbox 1753 1875 1813 1903; x_wconf 88' lang='lat' dir='ltr'><strong>sine</strong></span> 
     </span>
    </p>
   </div>
   <div class='ocr_carea' id='block_1_79' title="bbox 1024 1923 1810 1958">
    <p class='ocr_par' dir='ltr' id='par_1_79' title="bbox 1024 1923 1810 1958">
     <span class='ocr_line' id='line_1_79' title="bbox 1024 1923 1810 1958; baseline -0.003 -7"><span class='ocrx_word' id='word_1_466' title='bbox 1024 1925 1079 1952; x_wconf 88' lang='lat' dir='ltr'><strong>ulla</strong></span> <span class='ocrx_word' id='word_1_467' title='bbox 1095 1925 1281 1952; x_wconf 85' lang='lat' dir='ltr'><strong>coarctatione</strong></span> <span class='ocrx_word' id='word_1_468' title='bbox 1292 1923 1343 1958; x_wconf 82' lang='lat'><strong>57</strong></span> <span class='ocrx_word' id='word_1_469' title='bbox 1358 1923 1434 1950; x_wconf 92' lang='lat' dir='ltr'><strong>illum</strong></span> <span class='ocrx_word' id='word_1_470' title='bbox 1450 1923 1497 1958; x_wconf 87' lang='lat' dir='ltr'><strong>qui</strong></span> <span class='ocrx_word' id='word_1_471' title='bbox 1513 1923 1589 1950; x_wconf 90' lang='lat' dir='ltr'><strong>nullo</strong></span> <span class='ocrx_word' id='word_1_472' title='bbox 1609 1923 1728 1950; x_wconf 83' lang='lat' dir='ltr'><strong>termino</strong></span> <span class='ocrx_word' id='word_1_473' title='bbox 1742 1929 1810 1949; x_wconf 94' lang='lat' dir='ltr'><strong>con-</strong></span> 
     </span>
    </p>
   </div>
   <div class='ocr_carea' id='block_1_80' title="bbox 1024 1969 1400 2004">
    <p class='ocr_par' dir='ltr' id='par_1_80' title="bbox 1024 1969 1400 2004">
     <span class='ocr_line' id='line_1_80' title="bbox 1024 1969 1400 2004; baseline -0.008 -6"><span class='ocrx_word' id='word_1_474' title='bbox 1024 1971 1096 1999; x_wconf 87' lang='lat' dir='ltr'><strong>cludi</strong></span> <span class='ocrx_word' id='word_1_475' title='bbox 1113 1969 1274 1998; x_wconf 83' lang='lat' dir='ltr'><strong>autdeﬁniri</strong></span> <span class='ocrx_word' id='word_1_476' title='bbox 1295 1969 1400 2004; x_wconf 83' lang='lat' dir='ltr'><strong>potest?</strong></span> 
     </span>
    </p>
   </div>
   <div class='ocr_carea' id='block_1_81' title="bbox 1061 2013 1810 2051">
    <p class='ocr_par' dir='ltr' id='par_1_81' title="bbox 1061 2013 1810 2051">
     <span class='ocr_line' id='line_1_81' title="bbox 1061 2013 1810 2051; baseline -0.004 -8"><span class='ocrx_word' id='word_1_477' title='bbox 1061 2015 1174 2051; x_wconf 89' lang='lat' dir='ltr'><strong>Semper</strong></span> <span class='ocrx_word' id='word_1_478' title='bbox 1188 2020 1213 2042; x_wconf 90' lang='lat' dir='ltr'><strong>te</strong></span> <span class='ocrx_word' id='word_1_479' title='bbox 1225 2015 1424 2046; x_wconf 80' lang='lat' dir='ltr'><strong>beatiﬁcamus,</strong></span> <span class='ocrx_word' id='word_1_480' title='bbox 1435 2021 1451 2041; x_wconf 94' lang='grc' dir='ltr'><strong>ο</strong></span> <span class='ocrx_word' id='word_1_481' title='bbox 1467 2013 1513 2041; x_wconf 91' lang='lat' dir='ltr'><strong>Dei</strong></span> <span class='ocrx_word' id='word_1_482' title='bbox 1524 2013 1645 2041; x_wconf 86' lang='lat' dir='ltr'><strong>Genitrix</strong></span> <span class='ocrx_word' id='word_1_483' title='bbox 1657 2013 1810 2045; x_wconf 86' lang='lat' dir='ltr'><strong>benedicta,</strong></span> 
     </span>
    </p>
   </div>
   <div class='ocr_carea' id='block_1_82' title="bbox 1024 2057 1802 2096">
    <p class='ocr_par' dir='ltr' id='par_1_82' title="bbox 1024 2057 1802 2096">
     <span class='ocr_line' id='line_1_82' title="bbox 1024 2057 1802 2096; baseline -0.004 -8"><span class='ocrx_word' id='word_1_484' title='bbox 1024 2068 1071 2096; x_wconf 94' lang='lat' dir='ltr'><strong>per</strong></span> <span class='ocrx_word' id='word_1_485' title='bbox 1083 2067 1164 2096; x_wconf 88' lang='lat' dir='ltr'><strong>quam</strong></span> <span class='ocrx_word' id='word_1_486' title='bbox 1184 2059 1270 2095; x_wconf 77' lang='lat' dir='ltr'><strong>gloria</strong></span> <span class='ocrx_word' id='word_1_487' title='bbox 1294 2058 1368 2094; x_wconf 79' lang='lat' dir='ltr'><strong>digni</strong></span> <span class='ocrx_word' id='word_1_488' title='bbox 1384 2057 1449 2085; x_wconf 75' lang='lat' dir='ltr'><strong>facti</strong></span> <span class='ocrx_word' id='word_1_489' title='bbox 1466 2066 1572 2090; x_wconf 90' lang='lat' dir='ltr'><strong>sumus,</strong></span> <span class='ocrx_word' id='word_1_490' title='bbox 1597 2063 1624 2086; x_wconf 87' lang='lat' dir='ltr'><strong>et</strong></span> <span class='ocrx_word' id='word_1_491' title='bbox 1641 2058 1802 2085; x_wconf 38' lang='lat' dir='ltr'><strong>Pararlisum</strong></span> 
     </span>
    </p>
   </div>
   <div class='ocr_carea' id='block_1_83' title="bbox 1025 2103 1754 2140">
    <p class='ocr_par' dir='ltr' id='par_1_83' title="bbox 1025 2103 1754 2140">
     <span class='ocr_line' id='line_1_83' title="bbox 1025 2103 1754 2140; baseline -0.005 -6"><span class='ocrx_word' id='word_1_492' title='bbox 1025 2107 1100 2134; x_wconf 90' lang='lat' dir='ltr'><strong>illum</strong></span> <span class='ocrx_word' id='word_1_493' title='bbox 1116 2105 1271 2140; x_wconf 90' lang='lat' dir='ltr'><strong>antiquum,</strong></span> <span class='ocrx_word' id='word_1_494' title='bbox 1288 2112 1367 2139; x_wconf 87' lang='lat' dir='ltr'><strong>quem</strong></span> <span class='ocrx_word' id='word_1_495' title='bbox 1384 2104 1577 2135; x_wconf 86' lang='lat' dir='ltr'><strong>amiseramns,</strong></span> <span class='ocrx_word' id='word_1_496' title='bbox 1590 2103 1754 2139; x_wconf 84' lang='lat' dir='ltr'><strong>recepimus.</strong></span> 
     </span>
    </p>
   </div>
   <div class='ocr_carea' id='block_1_84' title="bbox 1059 2148 1811 2185">
    <p class='ocr_par' dir='ltr' id='par_1_84' title="bbox 1059 2148 1811 2185">
     <span class='ocr_line' id='line_1_84' title="bbox 1059 2148 1811 2185; baseline -0.007 -5"><span class='ocrx_word' id='word_1_497' title='bbox 1059 2151 1177 2181; x_wconf 86' lang='lat' dir='ltr'><strong>Ostende</strong></span> <span class='ocrx_word' id='word_1_498' title='bbox 1187 2155 1222 2183; x_wconf 85' lang='lat' dir='ltr'><strong>te,</strong></span> <span class='ocrx_word' id='word_1_499' title='bbox 1233 2158 1249 2178; x_wconf 92' lang='lat'><strong>0</strong></span> <span class='ocrx_word' id='word_1_500' title='bbox 1263 2150 1346 2185; x_wconf 73' lang='lat' dir='ltr'><strong>Virgo</strong></span> <span class='ocrx_word' id='word_1_501' title='bbox 1356 2150 1481 2185; x_wconf 76' lang='lat' dir='ltr'><strong>innupta.</strong></span> <span class='ocrx_word' id='word_1_502' title='bbox 1499 2149 1680 2176; x_wconf 87' lang='lat' dir='ltr'><strong>liberatrieem</strong></span> <span class='ocrx_word' id='word_1_503' title='bbox 1689 2148 1811 2176; x_wconf 91' lang='lat' dir='ltr'><strong>omnium</strong></span> 
     </span>
    </p>
   </div>
   <div class='ocr_carea' id='block_1_85' title="bbox 1024 2194 1812 2231">
    <p class='ocr_par' dir='ltr' id='par_1_85' title="bbox 1024 2194 1812 2231">
     <span class='ocr_line' id='line_1_85' title="bbox 1024 2194 1812 2231; baseline -0.006 -4"><span class='ocrx_word' id='word_1_504' title='bbox 1024 2203 1149 2227; x_wconf 89' lang='lat' dir='ltr'><strong>nostrum</strong></span> <span class='ocrx_word' id='word_1_505' title='bbox 1159 2206 1173 2224; x_wconf 68' lang='grc' dir='ltr'><strong>ιι</strong></span> <span class='ocrx_word' id='word_1_506' title='bbox 1184 2197 1391 2229; x_wconf 87' lang='lat' dir='ltr'><strong>tentationibus,</strong></span> <span class='ocrx_word' id='word_1_507' title='bbox 1403 2195 1567 2231; x_wconf 48' lang='lat' dir='ltr'><strong>perieulisjet</strong></span> <span class='ocrx_word' id='word_1_508' title='bbox 1577 2194 1812 2229; x_wconf 85' lang='lat' dir='ltr'><strong>tribulationibus,</strong></span> 
     </span>
    </p>
   </div>
   <div class='ocr_carea' id='block_1_86' title="bbox 1024 2240 1549 2272">
    <p class='ocr_par' dir='ltr' id='par_1_86' title="bbox 1024 2240 1549 2272">
     <span class='ocr_line' id='line_1_86' title="bbox 1024 2240 1549 2272; baseline -0.008 -1"><span class='ocrx_word' id='word_1_509' title='bbox 1024 2244 1088 2272; x_wconf 91' lang='lat' dir='ltr'><strong>dum</strong></span> <span class='ocrx_word' id='word_1_510' title='bbox 1111 2248 1136 2271; x_wconf 86' lang='lat' dir='ltr'><strong>te</strong></span> <span class='ocrx_word' id='word_1_511' title='bbox 1151 2251 1213 2270; x_wconf 89' lang='lat' dir='ltr'><strong>cum</strong></span> <span class='ocrx_word' id='word_1_512' title='bbox 1231 2242 1329 2270; x_wconf 74' lang='lat' dir='ltr'><strong>all‘eetu</strong></span> <span class='ocrx_word' id='word_1_513' title='bbox 1350 2240 1549 2269; x_wconf 85' lang='lat' dir='ltr'><strong>collaudamus.</strong></span> 
     </span>
    </p>
   </div>
   <div class='ocr_carea' id='block_1_87' title="bbox 229 2282 970 2322">
    <p class='ocr_par' dir='ltr' id='par_1_87' title="bbox 229 2282 970 2320">
     <span class='ocr_line' id='line_1_87' title="bbox 229 2282 970 2320; baseline 0 -10"><span class='ocrx_word' id='word_1_514' title='bbox 229 2282 380 2318; x_wconf 58' lang='grc' dir='ltr'>Ῥᾳθυμίαν</span> <span class='ocrx_word' id='word_1_515' title='bbox 403 2282 487 2310; x_wconf 77' lang='grc' dir='ltr'>ὕπνου</span> <span class='ocrx_word' id='word_1_516' title='bbox 503 2282 690 2319; x_wconf 74' lang='grc' dir='ltr'>θανατηφόρου</span> <span class='ocrx_word' id='word_1_517' title='bbox 710 2283 874 2318; x_wconf 80' lang='grc' dir='ltr'>ἀπάλλαξον,</span> <span class='ocrx_word' id='word_1_518' title='bbox 890 2284 970 2320; x_wconf 86' lang='grc' dir='ltr'>ἁγνὴ,</span> 
     </span>
    </p>
   </div>
   <div class='ocr_carea' id='block_1_88' title="bbox 1020 2282 1812 2322">
    <p class='ocr_par' dir='ltr' id='par_1_88' title="bbox 1060 2285 1812 2322">
     <span class='ocr_line' id='line_1_88' title="bbox 1060 2285 1812 2322; baseline -0.007 -5"><span class='ocrx_word' id='word_1_519' title='bbox 1060 2289 1158 2317; x_wconf 87' lang='lat' dir='ltr'><strong>Libera</strong></span> <span class='ocrx_word' id='word_1_520' title='bbox 1174 2297 1227 2322; x_wconf 86' lang='lat' dir='ltr'><strong>me,</strong></span> <span class='ocrx_word' id='word_1_521' title='bbox 1244 2297 1260 2315; x_wconf 90' lang='grc' dir='ltr'><strong>ο</strong></span> <span class='ocrx_word' id='word_1_522' title='bbox 1277 2292 1362 2320; x_wconf 86' lang='lat' dir='ltr'><strong>casta,</strong></span> <span class='ocrx_word' id='word_1_523' title='bbox 1375 2287 1540 2315; x_wconf 74' lang='lat' dir='ltr'><strong>amonii&#39;ero</strong></span> <span class='ocrx_word' id='word_1_524' title='bbox 1555 2285 1726 2321; x_wconf 69' lang='lat' dir='ltr'><strong>negligentia:</strong></span> <span class='ocrx_word' id='word_1_525' title='bbox 1739 2293 1812 2313; x_wconf 85' lang='lat' dir='ltr'><strong>som-</strong></span> 
     </span>
    </p>
   </div>
   <div class='ocr_carea' id='block_1_89' title="bbox 188 2328 974 2365">
    <p class='ocr_par' dir='ltr' id='par_1_89' title="bbox 188 2328 974 2365">
     <span class='ocr_line' id='line_1_89' title="bbox 188 2328 974 2365; baseline 0.003 -9"><span class='ocrx_word' id='word_1_526' title='bbox 188 2329 315 2364; x_wconf 76' lang='grc' dir='ltr'>καὶπρὸς</span> <span class='ocrx_word' id='word_1_527' title='bbox 329 2328 437 2361; x_wconf 75' lang='grc' dir='ltr'>ἐνθέους</span> <span class='ocrx_word' id='word_1_528' title='bbox 454 2330 601 2365; x_wconf 81' lang='grc' dir='ltr'>γρηγορεῖν</span> <span class='ocrx_word' id='word_1_529' title='bbox 619 2338 652 2364; x_wconf 87' lang='grc' dir='ltr'><strong>με</strong></span> <span class='ocrx_word' id='word_1_530' title='bbox 677 2329 788 2364; x_wconf 75' lang='grc' dir='ltr'>ὕμνους,</span> <span class='ocrx_word' id='word_1_531' title='bbox 814 2331 862 2357; x_wconf 77' lang='grc' dir='ltr'>καὶ</span> <span class='ocrx_word' id='word_1_532' title='bbox 887 2331 974 2362; x_wconf 80' lang='grc' dir='ltr'>καλὰς</span> 
     </span>
    </p>
   </div>
   <div class='ocr_carea' id='block_1_90' title="bbox 187 2374 974 2412">
    <p class='ocr_par' dir='ltr' id='par_1_90' title="bbox 187 2374 974 2412">
     <span class='ocr_line' id='line_1_90' title="bbox 187 2374 974 2412; baseline 0.005 -12"><span class='ocrx_word' id='word_1_533' title='bbox 187 2375 319 2410; x_wconf 73' lang='grc' dir='ltr'>ἐργασίας</span> <span class='ocrx_word' id='word_1_534' title='bbox 350 2374 502 2410; x_wconf 81' lang='grc' dir='ltr'>ὲνίσχυσον,</span> <span class='ocrx_word' id='word_1_535' title='bbox 525 2375 671 2410; x_wconf 84' lang='grc' dir='ltr'>Δέσποινα,</span> <span class='ocrx_word' id='word_1_536' title='bbox 693 2375 737 2403; x_wconf 80' lang='grc' dir='ltr'>ἵνα</span> <span class='ocrx_word' id='word_1_537' title='bbox 761 2376 835 2412; x_wconf 84' lang='grc' dir='ltr'>πόθῳ</span> <span class='ocrx_word' id='word_1_538' title='bbox 860 2377 974 2412; x_wconf 50' lang='lat' dir='ltr'><strong>Dimoto-</strong></span> 
     </span>
    </p>
   </div>
   <div class='ocr_carea' id='block_1_91' title="bbox 187 2428 283 2454">
    <p class='ocr_par' dir='ltr' id='par_1_91' title="bbox 187 2428 283 2454">
     <span class='ocr_line' id='line_1_91' title="bbox 187 2428 283 2454; baseline 0.01 -8"><span class='ocrx_word' id='word_1_539' title='bbox 187 2428 229 2454; x_wconf 81' lang='grc' dir='ltr'><strong>γω</strong></span> <span class='ocrx_word' id='word_1_540' title='bbox 242 2428 283 2447; x_wconf 79' lang='grc' dir='ltr'>σε.</span> 
     </span>
    </p>
   </div>
   <div class='ocr_carea' id='block_1_92' title="bbox 229 2465 971 2504">
    <p class='ocr_par' dir='ltr' id='par_1_92' title="bbox 229 2465 971 2504">
     <span class='ocr_line' id='line_1_92' title="bbox 229 2465 971 2504; baseline 0.007 -14"><span class='ocrx_word' id='word_1_541' title='bbox 229 2465 445 2501; x_wconf 78' lang='grc' dir='ltr'>Ἀνερμηνεύτου</span> <span class='ocrx_word' id='word_1_542' title='bbox 459 2466 537 2500; x_wconf 79' lang='grc' dir='ltr'>λόγος</span> <span class='ocrx_word' id='word_1_543' title='bbox 555 2467 691 2503; x_wconf 83' lang='grc' dir='ltr'>ὲδείχθης,</span> <span class='ocrx_word' id='word_1_544' title='bbox 716 2468 849 2504; x_wconf 81' lang='grc' dir='ltr'>Παρθένε,</span> <span class='ocrx_word' id='word_1_545' title='bbox 869 2477 971 2504; x_wconf 85' lang='grc' dir='ltr'>μυστη-</span> 
     </span>
    </p>
   </div>
   <div class='ocr_carea' id='block_1_93' title="bbox 189 2510 973 2549">
    <p class='ocr_par' dir='ltr' id='par_1_93' title="bbox 189 2510 973 2549">
     <span class='ocr_line' id='line_1_93' title="bbox 189 2510 973 2549; baseline 0.006 -13"><span class='ocrx_word' id='word_1_546' title='bbox 189 2510 258 2546; x_wconf 79' lang='grc' dir='ltr'>ρίου.</span> <span class='ocrx_word' id='word_1_547' title='bbox 274 2511 341 2537; x_wconf 82' lang='grc' dir='ltr'>Θεὸν</span> <span class='ocrx_word' id='word_1_548' title='bbox 363 2512 417 2548; x_wconf 77' lang='grc' dir='ltr'><strong>γὰρ</strong></span> <span class='ocrx_word' id='word_1_549' title='bbox 433 2513 461 2538; x_wconf 76' lang='grc' dir='ltr'><strong>έν</strong></span> <span class='ocrx_word' id='word_1_550' title='bbox 478 2513 562 2539; x_wconf 73' lang='grc' dir='ltr'>πᾶσιν</span> <span class='ocrx_word' id='word_1_551' title='bbox 582 2513 648 2540; x_wconf 72' lang='grc' dir='ltr'>ὅντα</span> <span class='ocrx_word' id='word_1_552' title='bbox 666 2513 806 2548; x_wconf 83' lang='grc' dir='ltr'>ἀχώρητον</span> <span class='ocrx_word' id='word_1_553' title='bbox 823 2515 973 2549; x_wconf 84' lang='grc' dir='ltr'>ἁστενοχω-</span> 
     </span>
    </p>
   </div>
   <div class='ocr_carea' id='block_1_94' title="bbox 189 2557 971 2595">
    <p class='ocr_par' dir='ltr' id='par_1_94' title="bbox 189 2557 971 2595">
     <span class='ocr_line' id='line_1_94' title="bbox 189 2557 971 2595; baseline 0.004 -13"><span class='ocrx_word' id='word_1_554' title='bbox 189 2557 278 2592; x_wconf 81' lang='grc' dir='ltr'>ρήτως</span> <span class='ocrx_word' id='word_1_555' title='bbox 300 2558 410 2592; x_wconf 83' lang='grc' dir='ltr'>χωρεῖς,</span> <span class='ocrx_word' id='word_1_556' title='bbox 441 2558 489 2584; x_wconf 81' lang='grc' dir='ltr'><strong>καὶ</strong></span> <span class='ocrx_word' id='word_1_557' title='bbox 514 2559 626 2590; x_wconf 80' lang='grc' dir='ltr'>τίκτεις,</span> <span class='ocrx_word' id='word_1_558' title='bbox 647 2559 694 2585; x_wconf 82' lang='grc' dir='ltr'>καὶ</span> <span class='ocrx_word' id='word_1_559' title='bbox 721 2560 818 2593; x_wconf 77' lang='grc' dir='ltr'>μαςοῖς</span> <span class='ocrx_word' id='word_1_560' title='bbox 843 2559 971 2595; x_wconf 75' lang='grc' dir='ltr'>ἔθρεψας,</span> 
     </span>
    </p>
   </div>
   <div class='ocr_carea' id='block_1_95' title="bbox 188 2603 973 2641">
    <p class='ocr_par' dir='ltr' id='par_1_95' title="bbox 188 2603 973 2641">
     <span class='ocr_line' id='line_1_95' title="bbox 188 2603 973 2641; baseline 0.005 -13"><span class='ocrx_word' id='word_1_561' title='bbox 188 2603 352 2637; x_wconf 73' lang='grc' dir='ltr'>βουληθέντα</span> <span class='ocrx_word' id='word_1_562' title='bbox 368 2605 537 2640; x_wconf 80' lang='grc' dir='ltr'>οἰκτειρῆσαι</span> <span class='ocrx_word' id='word_1_563' title='bbox 555 2605 627 2639; x_wconf 75' lang='grc' dir='ltr'>ἡμᾶς</span> <span class='ocrx_word' id='word_1_564' title='bbox 640 2605 702 2636; x_wconf 78' lang='grc' dir='ltr'>τοὺς</span> <span class='ocrx_word' id='word_1_565' title='bbox 720 2604 852 2632; x_wconf 77' lang='grc' dir='ltr'>Θεοτόκον</span> <span class='ocrx_word' id='word_1_566' title='bbox 862 2614 891 2632; x_wconf 87' lang='grc' dir='ltr'><strong>σε</strong></span> <span class='ocrx_word' id='word_1_567' title='bbox 907 2607 973 2641; x_wconf 86' lang='grc' dir='ltr'>ὀμο-</span> 
     </span>
    </p>
   </div>
   <div class='ocr_carea' id='block_1_96' title="bbox 185 2646 343 2682">
    <p class='ocr_par' dir='ltr' id='par_1_96' title="bbox 185 2646 343 2682">
     <span class='ocr_line' id='line_1_96' title="bbox 185 2646 343 2682; baseline 0.025 -9"><span class='ocrx_word' id='word_1_568' title='bbox 185 2646 343 2682; x_wconf 84' lang='grc' dir='ltr'>λογοῦντας.</span> 
     </span>
    </p>
   </div>
   <div class='ocr_carea' id='block_1_97' title="bbox 228 2695 970 2733">
    <p class='ocr_par' dir='ltr' id='par_1_97' title="bbox 228 2695 970 2733">
     <span class='ocr_line' id='line_1_97' title="bbox 228 2695 970 2733; baseline 0.005 -12"><span class='ocrx_word' id='word_1_569' title='bbox 228 2695 353 2731; x_wconf 73' lang='grc' dir='ltr'>’ἰσχυρὰν</span> <span class='ocrx_word' id='word_1_570' title='bbox 371 2696 553 2733; x_wconf 77' lang='grc' dir='ltr'>παράκλησιν,</span> <span class='ocrx_word' id='word_1_571' title='bbox 569 2697 615 2724; x_wconf 72' lang='grc' dir='ltr'>καὶ</span> <span class='ocrx_word' id='word_1_572' title='bbox 631 2697 847 2732; x_wconf 81' lang='grc' dir='ltr'>ἀκαταίσχυντον</span> <span class='ocrx_word' id='word_1_573' title='bbox 863 2698 970 2730; x_wconf 78' lang='grc' dir='ltr'>ἐλπίδα,</span> 
     </span>
    </p>
   </div>
   <div class='ocr_carea' id='block_1_98' title="bbox 153 2741 972 2778">
    <p class='ocr_par' dir='ltr' id='par_1_98' title="bbox 153 2741 972 2778">
     <span class='ocr_line' id='line_1_98' title="bbox 153 2741 972 2778; baseline 0.005 -12"><span class='ocrx_word' id='word_1_574' title='bbox 153 2752 157 2756; x_wconf 92' lang='grc'><strong>·</strong></span> <span class='ocrx_word' id='word_1_575' title='bbox 186 2741 277 2775; x_wconf 85' lang='grc' dir='ltr'>τεῖχος</span> <span class='ocrx_word' id='word_1_576' title='bbox 290 2741 515 2777; x_wconf 83' lang='grc' dir='ltr'>ἀπροσμάχητον,</span> <span class='ocrx_word' id='word_1_577' title='bbox 540 2743 585 2769; x_wconf 82' lang='grc' dir='ltr'><strong>καὶ</strong></span> <span class='ocrx_word' id='word_1_578' title='bbox 603 2742 678 2769; x_wconf 82' lang='grc' dir='ltr'>θείαν</span> <span class='ocrx_word' id='word_1_579' title='bbox 691 2743 866 2778; x_wconf 81' lang='grc' dir='ltr'>προστασίαν</span> <span class='ocrx_word' id='word_1_580' title='bbox 881 2744 894 2769; x_wconf 82' lang='grc' dir='ltr'>ὁ</span> <span class='ocrx_word' id='word_1_581' title='bbox 907 2744 972 2776; x_wconf 85' lang='grc' dir='ltr'>λαός</span> 
     </span>
    </p>
   </div>
   <div class='ocr_carea' id='block_1_99' title="bbox 185 2786 971 2823">
    <p class='ocr_par' dir='ltr' id='par_1_99' title="bbox 185 2786 971 2823">
     <span class='ocr_line' id='line_1_99' title="bbox 185 2786 971 2823; baseline 0.005 -12"><span class='ocrx_word' id='word_1_582' title='bbox 185 2793 234 2811; x_wconf 82' lang='grc' dir='ltr'><strong>σου</strong></span> <span class='ocrx_word' id='word_1_583' title='bbox 244 2786 300 2821; x_wconf 79' lang='grc' dir='ltr'>ἔχει</span> <span class='ocrx_word' id='word_1_584' title='bbox 312 2794 352 2819; x_wconf 81' lang='grc' dir='ltr'><strong>σε,</strong></span> <span class='ocrx_word' id='word_1_585' title='bbox 367 2786 381 2812; x_wconf 82' lang='grc' dir='ltr'><strong><em>ὃ</em></strong></span> <span class='ocrx_word' id='word_1_586' title='bbox 395 2795 426 2813; x_wconf 77' lang='grc' dir='ltr'><strong>σε</strong></span> <span class='ocrx_word' id='word_1_587' title='bbox 450 2786 580 2820; x_wconf 74' lang='grc' dir='ltr'>δοξάζων,</span> <span class='ocrx_word' id='word_1_588' title='bbox 601 2787 736 2822; x_wconf 81' lang='grc' dir='ltr'>Παρθένε,</span> <span class='ocrx_word' id='word_1_589' title='bbox 754 2788 801 2815; x_wconf 78' lang='grc' dir='ltr'>καὶ</span> <span class='ocrx_word' id='word_1_590' title='bbox 819 2788 971 2823; x_wconf 74' lang='grc' dir='ltr'>σωζόμενος</span> 
     </span>
    </p>
   </div>
   <div class='ocr_carea' id='block_1_100' title="bbox 184 2830 968 2870">
    <p class='ocr_par' dir='ltr' id='par_1_100' title="bbox 184 2830 968 2870">
     <span class='ocr_line' id='line_1_100' title="bbox 184 2830 968 2870; baseline 0.006 -14"><span class='ocrx_word' id='word_1_591' title='bbox 184 2830 282 2866; x_wconf 75' lang='grc' dir='ltr'>κράζει</span> <span class='ocrx_word' id='word_1_592' title='bbox 306 2831 497 2867; x_wconf 73' lang='grc' dir='ltr'>ἐμμελέστατα</span> <span class='ocrx_word' id='word_1_593' title='bbox 513 2841 520 2849; x_wconf 83' lang='grc'><em>’</em></span> <span class='ocrx_word' id='word_1_594' title='bbox 536 2833 688 2868; x_wconf 82' lang='grc' dir='ltr'>Εὐλογείτε,</span> <span class='ocrx_word' id='word_1_595' title='bbox 701 2833 735 2861; x_wconf 76' lang='grc' dir='ltr'>τὰ</span> <span class='ocrx_word' id='word_1_596' title='bbox 758 2833 826 2869; x_wconf 79' lang='grc' dir='ltr'>ἔργα</span> <span class='ocrx_word' id='word_1_597' title='bbox 853 2834 968 2870; x_wconf 79' lang='grc' dir='ltr'>Κυρίου,</span> 
     </span>
    </p>
   </div>
   <div class='ocr_carea' id='block_1_101' title="bbox 185 2876 512 2914">
    <p class='ocr_par' dir='ltr' id='par_1_101' title="bbox 185 2876 512 2914">
     <span class='ocr_line' id='line_1_101' title="bbox 185 2876 512 2914; baseline 0.012 -12"><span class='ocrx_word' id='word_1_598' title='bbox 185 2876 333 2910; x_wconf 79' lang='grc' dir='ltr'>ἀπαύστως</span> <span class='ocrx_word' id='word_1_599' title='bbox 344 2877 389 2904; x_wconf 72' lang='grc' dir='ltr'>’δν</span> <span class='ocrx_word' id='word_1_600' title='bbox 401 2878 512 2914; x_wconf 80' lang='grc' dir='ltr'>Κύριον.</span> 
     </span>
    </p>
   </div>
   <div class='ocr_carea' id='block_1_102' title="bbox 1024 2331 1809 2368">
    <p class='ocr_par' dir='ltr' id='par_1_102' title="bbox 1024 2331 1809 2368">
     <span class='ocr_line' id='line_1_102' title="bbox 1024 2331 1809 2368; baseline -0.008 -5"><span class='ocrx_word' id='word_1_601' title='bbox 1024 2344 1076 2368; x_wconf 89' lang='lat' dir='ltr'><strong>no;</strong></span> <span class='ocrx_word' id='word_1_602' title='bbox 1093 2339 1121 2363; x_wconf 89' lang='lat' dir='ltr'><strong>et</strong></span> <span class='ocrx_word' id='word_1_603' title='bbox 1135 2335 1283 2362; x_wconf 85' lang='lat' dir='ltr'><strong>corrobora</strong></span> <span class='ocrx_word' id='word_1_604' title='bbox 1310 2341 1364 2365; x_wconf 83' lang='lat' dir='ltr'><strong>me,</strong></span> <span class='ocrx_word' id='word_1_605' title='bbox 1389 2333 1517 2366; x_wconf 80' lang='lat' dir='ltr'><strong>Domina,</strong></span> <span class='ocrx_word' id='word_1_606' title='bbox 1537 2331 1570 2359; x_wconf 88' lang='lat' dir='ltr'><strong>ad</strong></span> <span class='ocrx_word' id='word_1_607' title='bbox 1589 2332 1756 2366; x_wconf 76' lang='lat' dir='ltr'><strong>vigilandum</strong></span> <span class='ocrx_word' id='word_1_608' title='bbox 1781 2331 1809 2358; x_wconf 87' lang='lat' dir='ltr'><strong>in</strong></span> 
     </span>
    </p>
   </div>
   <div class='ocr_carea' id='block_1_103' title="bbox 1024 2374 1813 2416">
    <p class='ocr_par' dir='ltr' id='par_1_103' title="bbox 1024 2374 1813 2416">
     <span class='ocr_line' id='line_1_103' title="bbox 1024 2374 1813 2416; baseline -0.005 -10"><span class='ocrx_word' id='word_1_609' title='bbox 1024 2380 1132 2416; x_wconf 77' lang='lat' dir='ltr'><strong>hymnis</strong></span> <span class='ocrx_word' id='word_1_610' title='bbox 1144 2378 1255 2411; x_wconf 90' lang='lat' dir='ltr'><strong>divinis,</strong></span> <span class='ocrx_word' id='word_1_611' title='bbox 1272 2385 1304 2405; x_wconf 90' lang='lat' dir='ltr'><strong>ae</strong></span> <span class='ocrx_word' id='word_1_612' title='bbox 1315 2377 1394 2405; x_wconf 90' lang='lat' dir='ltr'><strong>bonis</strong></span> <span class='ocrx_word' id='word_1_613' title='bbox 1405 2377 1545 2412; x_wconf 86' lang='lat' dir='ltr'><strong>operibus,</strong></span> <span class='ocrx_word' id='word_1_614' title='bbox 1559 2379 1588 2403; x_wconf 91' lang='lat' dir='ltr'><strong>ut</strong></span> <span class='ocrx_word' id='word_1_615' title='bbox 1599 2383 1661 2404; x_wconf 87' lang='lat' dir='ltr'><strong>eum</strong></span> <span class='ocrx_word' id='word_1_616' title='bbox 1675 2374 1774 2403; x_wconf 76' lang='lat' dir='ltr'><strong>aliectu</strong></span> <span class='ocrx_word' id='word_1_617' title='bbox 1787 2378 1813 2402; x_wconf 82' lang='lat' dir='ltr'><strong>te</strong></span> 
     </span>
    </p>
   </div>
   <div class='ocr_carea' id='block_1_104' title="bbox 1023 2424 1270 2452">
    <p class='ocr_par' dir='ltr' id='par_1_104' title="bbox 1023 2424 1270 2452">
     <span class='ocr_line' id='line_1_104' title="bbox 1023 2424 1270 2452; baseline -0.008 0"><span class='ocrx_word' id='word_1_618' title='bbox 1023 2424 1137 2452; x_wconf 86' lang='lat' dir='ltr'><strong>laudare</strong></span> <span class='ocrx_word' id='word_1_619' title='bbox 1153 2424 1270 2451; x_wconf 83' lang='lat' dir='ltr'><strong>valeam.</strong></span> 
     </span>
    </p>
   </div>
   <div class='ocr_carea' id='block_1_105' title="bbox 1059 2465 1814 2505">
    <p class='ocr_par' dir='ltr' id='par_1_105' title="bbox 1059 2465 1814 2505">
     <span class='ocr_line' id='line_1_105' title="bbox 1059 2465 1814 2505; baseline -0.005 -8"><span class='ocrx_word' id='word_1_620' title='bbox 1059 2469 1259 2505; x_wconf 77' lang='lat' dir='ltr'><strong>inexplicabilis</strong></span> <span class='ocrx_word' id='word_1_621' title='bbox 1273 2468 1394 2504; x_wconf 86' lang='lat' dir='ltr'><strong>mysterii</strong></span> <span class='ocrx_word' id='word_1_622' title='bbox 1408 2467 1522 2496; x_wconf 80' lang='lat' dir='ltr'><strong>verbum</strong></span> <span class='ocrx_word' id='word_1_623' title='bbox 1538 2467 1609 2496; x_wconf 79' lang='lat' dir='ltr'><strong>facta</strong></span> <span class='ocrx_word' id='word_1_624' title='bbox 1622 2474 1663 2500; x_wconf 87' lang='lat' dir='ltr'><strong>es,</strong></span> <span class='ocrx_word' id='word_1_625' title='bbox 1677 2474 1693 2494; x_wconf 94' lang='lat' dir='ltr'><strong>o</strong></span> <span class='ocrx_word' id='word_1_626' title='bbox 1711 2465 1814 2500; x_wconf 79' lang='lat' dir='ltr'><strong>Virgo;</strong></span> 
     </span>
    </p>
   </div>
   <div class='ocr_carea' id='block_1_106' title="bbox 1024 2512 1811 2550">
    <p class='ocr_par' dir='ltr' id='par_1_106' title="bbox 1024 2512 1811 2550">
     <span class='ocr_line' id='line_1_106' title="bbox 1024 2512 1811 2550; baseline -0.006 -7"><span class='ocrx_word' id='word_1_627' title='bbox 1024 2515 1107 2543; x_wconf 89' lang='lat' dir='ltr'><strong>Deum</strong></span> <span class='ocrx_word' id='word_1_628' title='bbox 1125 2517 1198 2543; x_wconf 91' lang='lat' dir='ltr'><strong>enim</strong></span> <span class='ocrx_word' id='word_1_629' title='bbox 1227 2515 1273 2550; x_wconf 90' lang='lat' dir='ltr'><strong>qui</strong></span> <span class='ocrx_word' id='word_1_630' title='bbox 1293 2516 1319 2542; x_wconf 93' lang='lat' dir='ltr'><strong>in</strong></span> <span class='ocrx_word' id='word_1_631' title='bbox 1340 2514 1469 2542; x_wconf 81' lang='lat' dir='ltr'><strong>omnibus</strong></span> <span class='ocrx_word' id='word_1_632' title='bbox 1484 2517 1526 2541; x_wconf 83' lang='lat' dir='ltr'><strong>est</strong></span> <span class='ocrx_word' id='word_1_633' title='bbox 1546 2512 1811 2548; x_wconf 84' lang='lat' dir='ltr'><strong>incomprehensibi-</strong></span> 
     </span>
    </p>
   </div>
   <div class='ocr_carea' id='block_1_107' title="bbox 1022 2557 1806 2594">
    <p class='ocr_par' dir='ltr' id='par_1_107' title="bbox 1022 2557 1806 2594">
     <span class='ocr_line' id='line_1_107' title="bbox 1022 2557 1806 2594; baseline -0.004 -7"><span class='ocrx_word' id='word_1_634' title='bbox 1022 2560 1065 2594; x_wconf 83' lang='lat' dir='ltr'><strong>lis,</strong></span> <span class='ocrx_word' id='word_1_635' title='bbox 1081 2561 1139 2588; x_wconf 87' lang='lat' dir='ltr'><strong>sine</strong></span> <span class='ocrx_word' id='word_1_636' title='bbox 1152 2561 1339 2588; x_wconf 72' lang='lat' dir='ltr'><strong>co:irctatione</strong></span> <span class='ocrx_word' id='word_1_637' title='bbox 1350 2558 1593 2594; x_wconf 80' lang='lat' dir='ltr'><strong>comprehendisti,</strong></span> <span class='ocrx_word' id='word_1_638' title='bbox 1615 2565 1648 2585; x_wconf 88' lang='lat' dir='ltr'><strong>ac</strong></span> <span class='ocrx_word' id='word_1_639' title='bbox 1665 2557 1806 2593; x_wconf 76' lang='lat' dir='ltr'><strong>peperisti,</strong></span> 
     </span>
    </p>
   </div>
   <div class='ocr_carea' id='block_1_108' title="bbox 1022 2602 1807 2642">
    <p class='ocr_par' dir='ltr' id='par_1_108' title="bbox 1022 2602 1807 2642">
     <span class='ocr_line' id='line_1_108' title="bbox 1022 2602 1807 2642; baseline -0.006 -8"><span class='ocrx_word' id='word_1_640' title='bbox 1022 2612 1106 2642; x_wconf 84' lang='lat' dir='ltr'><strong>atque</strong></span> <span class='ocrx_word' id='word_1_641' title='bbox 1125 2606 1417 2638; x_wconf 87' lang='lat' dir='ltr'><strong>uberilmsnutrivisti,</strong></span> <span class='ocrx_word' id='word_1_642' title='bbox 1441 2612 1503 2633; x_wconf 92' lang='lat' dir='ltr'><strong>cum</strong></span> <span class='ocrx_word' id='word_1_643' title='bbox 1529 2604 1659 2632; x_wconf 80' lang='lat' dir='ltr'><strong>voluisset</strong></span> <span class='ocrx_word' id='word_1_644' title='bbox 1683 2602 1807 2631; x_wconf 86' lang='lat' dir='ltr'><strong>misereri</strong></span> 
     </span>
    </p>
   </div>
   <div class='ocr_carea' id='block_1_109' title="bbox 1022 2651 1566 2688">
    <p class='ocr_par' dir='ltr' id='par_1_109' title="bbox 1022 2651 1566 2688">
     <span class='ocr_line' id='line_1_109' title="bbox 1022 2651 1566 2688; baseline -0.007 -7"><span class='ocrx_word' id='word_1_645' title='bbox 1022 2653 1119 2685; x_wconf 82' lang='lat' dir='ltr'><strong>nostri,</strong></span> <span class='ocrx_word' id='word_1_646' title='bbox 1131 2653 1216 2688; x_wconf 75' lang='lat' dir='ltr'><strong>qui&#39;te</strong></span> <span class='ocrx_word' id='word_1_647' title='bbox 1232 2652 1381 2687; x_wconf 87' lang='lat' dir='ltr'><strong>Deiparam</strong></span> <span class='ocrx_word' id='word_1_648' title='bbox 1393 2651 1566 2678; x_wconf 88' lang='lat' dir='ltr'><strong>coniitemur.</strong></span> 
     </span>
    </p>
   </div>
   <div class='ocr_carea' id='block_1_110' title="bbox 1057 2693 1812 2734">
    <p class='ocr_par' dir='ltr' id='par_1_110' title="bbox 1057 2693 1812 2734">
     <span class='ocr_line' id='line_1_110' title="bbox 1057 2693 1812 2734; baseline -0.009 -8"><span class='ocrx_word' id='word_1_649' title='bbox 1057 2699 1175 2734; x_wconf 82' lang='lat' dir='ltr'><strong>Populus</strong></span> <span class='ocrx_word' id='word_1_650' title='bbox 1191 2704 1264 2731; x_wconf 83' lang='lat' dir='ltr'><strong>tuus,</strong></span> <span class='ocrx_word' id='word_1_651' title='bbox 1281 2697 1400 2733; x_wconf 77' lang='lat' dir='ltr'><strong>oVirgo,</strong></span> <span class='ocrx_word' id='word_1_652' title='bbox 1412 2697 1459 2732; x_wconf 91' lang='lat' dir='ltr'><strong>qui</strong></span> <span class='ocrx_word' id='word_1_653' title='bbox 1481 2696 1616 2732; x_wconf 79' lang='lat' dir='ltr'><strong>gloriﬁcat</strong></span> <span class='ocrx_word' id='word_1_654' title='bbox 1632 2700 1668 2728; x_wconf 92' lang='lat' dir='ltr'><strong>te,</strong></span> <span class='ocrx_word' id='word_1_655' title='bbox 1686 2693 1767 2721; x_wconf 82' lang='lat' dir='ltr'><strong>habet</strong></span> <span class='ocrx_word' id='word_1_656' title='bbox 1785 2697 1812 2720; x_wconf 85' lang='lat' dir='ltr'><strong>te</strong></span> 
     </span>
    </p>
   </div>
   <div class='ocr_carea' id='block_1_111' title="bbox 1021 2742 1810 2776">
    <p class='ocr_par' dir='ltr' id='par_1_111' title="bbox 1021 2742 1810 2776">
     <span class='ocr_line' id='line_1_111' title="bbox 1021 2742 1810 2776; baseline -0.009 -4"><span class='ocrx_word' id='word_1_657' title='bbox 1021 2745 1137 2772; x_wconf 86' lang='lat' dir='ltr'><strong>validam</strong></span> <span class='ocrx_word' id='word_1_658' title='bbox 1152 2743 1368 2776; x_wconf 85' lang='lat' dir='ltr'><strong>advocationem,</strong></span> <span class='ocrx_word' id='word_1_659' title='bbox 1382 2748 1409 2771; x_wconf 90' lang='lat' dir='ltr'><strong>et</strong></span> <span class='ocrx_word' id='word_1_660' title='bbox 1421 2742 1646 2772; x_wconf 74' lang='lat' dir='ltr'><strong>consolationem,</strong></span> <span class='ocrx_word' id='word_1_661' title='bbox 1659 2747 1734 2774; x_wconf 84' lang='lat' dir='ltr'><strong>spem</strong></span> <span class='ocrx_word' id='word_1_662' title='bbox 1747 2746 1810 2773; x_wconf 56' lang='lat' dir='ltr'><strong>quas</strong></span> 
     </span>
    </p>
   </div>
   <div class='ocr_carea' id='block_1_112' title="bbox 1022 2788 1809 2824">
    <p class='ocr_par' dir='ltr' id='par_1_112' title="bbox 1022 2788 1809 2824">
     <span class='ocr_line' id='line_1_112' title="bbox 1022 2788 1809 2824; baseline -0.011 -6"><span class='ocrx_word' id='word_1_663' title='bbox 1022 2799 1074 2818; x_wconf 79' lang='lat' dir='ltr'><strong>non</strong></span> <span class='ocrx_word' id='word_1_664' title='bbox 1092 2790 1280 2822; x_wconf 79' lang='lat' dir='ltr'><strong>confunditur,</strong></span> <span class='ocrx_word' id='word_1_665' title='bbox 1295 2797 1404 2817; x_wconf 92' lang='lat' dir='ltr'><strong>murum</strong></span> <span class='ocrx_word' id='word_1_666' title='bbox 1423 2788 1470 2824; x_wconf 87' lang='lat' dir='ltr'><strong>qui</strong></span> <span class='ocrx_word' id='word_1_667' title='bbox 1498 2796 1552 2815; x_wconf 91' lang='lat' dir='ltr'><strong>non</strong></span> <span class='ocrx_word' id='word_1_668' title='bbox 1566 2790 1654 2820; x_wconf 88' lang='lat' dir='ltr'><strong>potest</strong></span> <span class='ocrx_word' id='word_1_669' title='bbox 1666 2792 1809 2819; x_wconf 75' lang='lat' dir='ltr'><strong>expugna-</strong></span> 
     </span>
    </p>
   </div>
   <div class='ocr_carea' id='block_1_113' title="bbox 1021 2832 1806 2870">
    <p class='ocr_par' dir='ltr' id='par_1_113' title="bbox 1021 2832 1806 2870">
     <span class='ocr_line' id='line_1_113' title="bbox 1021 2832 1806 2870; baseline -0.01 -6"><span class='ocrx_word' id='word_1_670' title='bbox 1021 2837 1054 2868; x_wconf 89' lang='lat' dir='ltr'><strong>ri,</strong></span> <span class='ocrx_word' id='word_1_671' title='bbox 1069 2841 1096 2864; x_wconf 92' lang='lat' dir='ltr'><strong>et</strong></span> <span class='ocrx_word' id='word_1_672' title='bbox 1109 2836 1305 2870; x_wconf 85' lang='lat' dir='ltr'><strong>protectioncm</strong></span> <span class='ocrx_word' id='word_1_673' title='bbox 1325 2835 1458 2867; x_wconf 83' lang='lat' dir='ltr'><strong>divinam,</strong></span> <span class='ocrx_word' id='word_1_674' title='bbox 1473 2838 1500 2861; x_wconf 88' lang='lat' dir='ltr'><strong>et</strong></span> <span class='ocrx_word' id='word_1_675' title='bbox 1515 2832 1631 2860; x_wconf 87' lang='lat' dir='ltr'><strong>salutem</strong></span> <span class='ocrx_word' id='word_1_676' title='bbox 1649 2834 1806 2862; x_wconf 85' lang='lat' dir='ltr'><strong>assecutus,</strong></span> 
     </span>
    </p>
   </div>
   <div class='ocr_carea' id='block_1_114' title="bbox 1020 2877 1807 2911">
    <p class='ocr_par' dir='ltr' id='par_1_114' title="bbox 1020 2877 1807 2911">
     <span class='ocr_line' id='line_1_114' title="bbox 1020 2877 1807 2911; baseline -0.008 -3"><span class='ocrx_word' id='word_1_677' title='bbox 1020 2882 1120 2909; x_wconf 76' lang='lat' dir='ltr'><strong>clamat</strong></span> <span class='ocrx_word' id='word_1_678' title='bbox 1149 2881 1320 2908; x_wconf 86' lang='lat' dir='ltr'><strong>suavissimis</strong></span> <span class='ocrx_word' id='word_1_679' title='bbox 1339 2880 1471 2907; x_wconf 72' lang='lat' dir='ltr'><strong>vocibus:</strong></span> <span class='ocrx_word' id='word_1_680' title='bbox 1500 2877 1657 2906; x_wconf 78' lang='lat' dir='ltr'><strong>Benedicitc</strong></span> <span class='ocrx_word' id='word_1_681' title='bbox 1683 2883 1807 2911; x_wconf 84' lang='lat' dir='ltr'><strong>semper,</strong></span> 
     </span>
    </p>
   </div>
   <div class='ocr_carea' id='block_1_115' title="bbox 1023 2927 1415 2962">
    <p class='ocr_par' dir='ltr' id='par_1_115' title="bbox 1023 2927 1415 2962">
     <span class='ocr_line' id='line_1_115' title="bbox 1023 2927 1415 2962; baseline -0.003 -7"><span class='ocrx_word' id='word_1_682' title='bbox 1023 2935 1102 2962; x_wconf 65' lang='grc' dir='ltr'><strong>ηοω</strong></span> <span class='ocrx_word' id='word_1_683' title='bbox 1119 2927 1236 2960; x_wconf 79' lang='lat' dir='ltr'><strong>Domini,</strong></span> <span class='ocrx_word' id='word_1_684' title='bbox 1259 2927 1415 2955; x_wconf 67' lang='lat' dir='ltr'><strong>Dominum.</strong></span> 
     </span>
    </p>
   </div>
  </div>
