  <div class='ocr_page' id='page_1' title='image "/cluster/home/n/w/nwhite01/storage/ocr_20150623/105/njp.32101077772893/589.png"; bbox 0 0 2077 3157; ppageno 0'>
   <div class='ocr_carea' id='block_1_1' title="bbox 290 203 359 236">
    <p class='ocr_par' dir='ltr' id='par_1_1' title="bbox 290 203 359 236">
     <span class='ocr_line' id='line_1_1' title="bbox 290 203 359 236; baseline 0.014 -1"><span class='ocrx_word' id='word_1_1' title='bbox 290 203 359 236; x_wconf 80' lang='grc'><strong>1055</strong></span> 
     </span>
    </p>
   </div>
   <div class='ocr_carea' id='block_1_2' title="bbox 838 203 1346 236">
    <p class='ocr_par' dir='ltr' id='par_1_2' title="bbox 838 203 1346 236">
     <span class='ocr_line' id='line_1_2' title="bbox 838 203 1346 236; baseline -0.002 -1"><span class='ocrx_word' id='word_1_2' title='bbox 838 206 868 236; x_wconf 88' lang='lat' dir='ltr'><strong>S.</strong></span> <span class='ocrx_word' id='word_1_3' title='bbox 889 205 1045 236; x_wconf 83' lang='lat' dir='ltr'><strong>JOSEPHI</strong></span> <span class='ocrx_word' id='word_1_4' title='bbox 1065 203 1346 236; x_wconf 77' lang='lat' dir='ltr'><strong>HYMNOGRAPHI</strong></span> 
     </span>
    </p>
   </div>
   <div class='ocr_carea' id='block_1_3' title="bbox 1844 203 1911 234">
    <p class='ocr_par' dir='ltr' id='par_1_3' title="bbox 1844 203 1911 234">
     <span class='ocr_line' id='line_1_3' title="bbox 1844 203 1911 234; baseline -0.015 0"><span class='ocrx_word' id='word_1_5' title='bbox 1844 203 1911 234; x_wconf 80' lang='lat'><strong>1056</strong></span> 
     </span>
    </p>
   </div>
   <div class='ocr_carea' id='block_1_4' title="bbox 326 260 1076 297">
    <p class='ocr_par' dir='ltr' id='par_1_4' title="bbox 326 260 1073 296">
     <span class='ocr_line' id='line_1_4' title="bbox 326 260 1073 296; baseline 0.003 -8"><span class='ocrx_word' id='word_1_6' title='bbox 326 261 457 288; x_wconf 80' lang='lat' dir='ltr'><strong>Mundum</strong></span> <span class='ocrx_word' id='word_1_7' title='bbox 480 260 629 294; x_wconf 77' lang='lat' dir='ltr'><strong>illuminas,</strong></span> <span class='ocrx_word' id='word_1_8' title='bbox 654 268 670 288; x_wconf 91' lang='lat'><strong>0</strong></span> <span class='ocrx_word' id='word_1_9' title='bbox 695 263 852 296; x_wconf 83' lang='lat' dir='ltr'><strong>purissima,</strong></span> <span class='ocrx_word' id='word_1_10' title='bbox 881 263 969 291; x_wconf 83' lang='lat' dir='ltr'><strong>lucem</strong></span> <span class='ocrx_word' id='word_1_11' title='bbox 986 263 1073 290; x_wconf 85' lang='lat' dir='ltr'><strong>eﬁ‘un-</strong></span> 
     </span>
    </p>
   </div>
   <div class='ocr_carea' id='block_1_5' title="bbox 1128 260 1915 297">
    <p class='ocr_par' dir='ltr' id='par_1_5' title="bbox 1160 260 1915 296">
     <span class='ocr_line' id='line_1_5' title="bbox 1160 260 1915 296; baseline -0.004 -7"><span class='ocrx_word' id='word_1_12' title='bbox 1160 262 1289 294; x_wconf 78' lang='grc' dir='ltr'><strong>Φωτίζεις</strong></span> <span class='ocrx_word' id='word_1_13' title='bbox 1309 262 1354 289; x_wconf 81' lang='grc' dir='ltr'><strong>τὸν</strong></span> <span class='ocrx_word' id='word_1_14' title='bbox 1384 261 1497 296; x_wconf 65' lang='grc' dir='ltr'><strong>κόσμον,</strong></span> <span class='ocrx_word' id='word_1_15' title='bbox 1512 260 1678 287; x_wconf 82' lang='grc' dir='ltr'><strong>ἀνατείλασα</strong></span> <span class='ocrx_word' id='word_1_16' title='bbox 1699 262 1728 287; x_wconf 74' lang='grc' dir='ltr'>ἐδ</span> <span class='ocrx_word' id='word_1_17' title='bbox 1757 260 1825 295; x_wconf 76' lang='grc' dir='ltr'><strong>φῶς,</strong></span> <span class='ocrx_word' id='word_1_18' title='bbox 1845 269 1915 286; x_wconf 65' lang='grc' dir='ltr'><strong>πίεν-</strong></span> 
     </span>
    </p>
   </div>
   <div class='ocr_carea' id='block_1_6' title="bbox 287 305 1075 343">
    <p class='ocr_par' dir='ltr' id='par_1_6' title="bbox 287 305 1075 343">
     <span class='ocr_line' id='line_1_6' title="bbox 287 305 1075 343; baseline 0.004 -11"><span class='ocrx_word' id='word_1_19' title='bbox 287 305 367 336; x_wconf 88' lang='lat' dir='ltr'><strong>dens.</strong></span> <span class='ocrx_word' id='word_1_20' title='bbox 384 313 445 340; x_wconf 66' lang='lat' dir='ltr'><strong>qum</strong></span> <span class='ocrx_word' id='word_1_21' title='bbox 464 310 526 333; x_wconf 88' lang='lat' dir='ltr'><strong>ante</strong></span> <span class='ocrx_word' id='word_1_22' title='bbox 547 306 646 333; x_wconf 62' lang='lat' dir='ltr'><strong>saecula</strong></span> <span class='ocrx_word' id='word_1_23' title='bbox 667 313 699 333; x_wconf 81' lang='lat' dir='ltr'><strong>ex</strong></span> <span class='ocrx_word' id='word_1_24' title='bbox 720 305 800 334; x_wconf 81' lang='lat' dir='ltr'><strong>Patre</strong></span> <span class='ocrx_word' id='word_1_25' title='bbox 820 314 902 343; x_wconf 85' lang='lat' dir='ltr'><strong>supra</strong></span> <span class='ocrx_word' id='word_1_26' title='bbox 916 307 1015 335; x_wconf 91' lang='lat' dir='ltr'><strong>mentis</strong></span> <span class='ocrx_word' id='word_1_27' title='bbox 1029 315 1075 335; x_wconf 86' lang='lat' dir='ltr'><strong>ca-</strong></span> 
     </span>
    </p>
   </div>
   <div class='ocr_carea' id='block_1_7' title="bbox 287 350 1076 388">
    <p class='ocr_par' dir='ltr' id='par_1_7' title="bbox 287 350 1076 388">
     <span class='ocr_line' id='line_1_7' title="bbox 287 350 1076 388; baseline 0.006 -12"><span class='ocrx_word' id='word_1_28' title='bbox 287 355 374 385; x_wconf 88' lang='lat' dir='ltr'><strong>ptum,</strong></span> <span class='ocrx_word' id='word_1_29' title='bbox 392 351 557 378; x_wconf 80' lang='lat' dir='ltr'><strong>eoruscavit.</strong></span> <span class='ocrx_word' id='word_1_30' title='bbox 575 350 638 378; x_wconf 87' lang='lat' dir='ltr'><strong>Ideo</strong></span> <span class='ocrx_word' id='word_1_31' title='bbox 653 351 742 379; x_wconf 89' lang='lat' dir='ltr'><strong>clamo</strong></span> <span class='ocrx_word' id='word_1_32' title='bbox 757 352 790 380; x_wconf 88' lang='lat' dir='ltr'><strong>ad</strong></span> <span class='ocrx_word' id='word_1_33' title='bbox 808 357 833 380; x_wconf 89' lang='lat' dir='ltr'><strong>te</strong></span> <span class='ocrx_word' id='word_1_34' title='bbox 852 362 858 379; x_wconf 91' lang='lat'><strong>:</strong></span> <span class='ocrx_word' id='word_1_35' title='bbox 880 353 990 388; x_wconf 78' lang='lat' dir='ltr'><strong>Expelle</strong></span> <span class='ocrx_word' id='word_1_36' title='bbox 1002 358 1076 381; x_wconf 88' lang='lat' dir='ltr'><strong>tene-</strong></span> 
     </span>
    </p>
   </div>
   <div class='ocr_carea' id='block_1_8' title="bbox 288 396 1080 431">
    <p class='ocr_par' dir='ltr' id='par_1_8' title="bbox 288 396 1080 431">
     <span class='ocr_line' id='line_1_8' title="bbox 288 396 1080 431; baseline 0.005 -9"><span class='ocrx_word' id='word_1_37' title='bbox 288 397 351 422; x_wconf 82' lang='lat' dir='ltr'><strong>bras</strong></span> <span class='ocrx_word' id='word_1_38' title='bbox 371 396 589 424; x_wconf 85' lang='lat' dir='ltr'><strong>turbulentarum</strong></span> <span class='ocrx_word' id='word_1_39' title='bbox 621 397 818 431; x_wconf 69' lang='lat' dir='ltr'><strong>cogitationum</strong></span> <span class='ocrx_word' id='word_1_40' title='bbox 836 406 851 426; x_wconf 89' lang='lat' dir='ltr'><strong>e</strong></span> <span class='ocrx_word' id='word_1_41' title='bbox 867 399 949 427; x_wconf 87' lang='lat' dir='ltr'><strong>corde</strong></span> <span class='ocrx_word' id='word_1_42' title='bbox 963 406 1035 431; x_wconf 85' lang='lat' dir='ltr'><strong>meo,</strong></span> <span class='ocrx_word' id='word_1_43' title='bbox 1049 404 1080 426; x_wconf 92' lang='lat' dir='ltr'><strong>ut</strong></span> 
     </span>
    </p>
   </div>
   <div class='ocr_carea' id='block_1_9' title="bbox 289 442 720 477">
    <p class='ocr_par' dir='ltr' id='par_1_9' title="bbox 289 442 720 477">
     <span class='ocr_line' id='line_1_9' title="bbox 289 442 720 477; baseline 0.005 -9"><span class='ocrx_word' id='word_1_44' title='bbox 289 446 324 474; x_wconf 80' lang='lat' dir='ltr'><strong>te,</strong></span> <span class='ocrx_word' id='word_1_45' title='bbox 340 449 357 470; x_wconf 92' lang='grc' dir='ltr'><strong>ο</strong></span> <span class='ocrx_word' id='word_1_46' title='bbox 371 447 457 475; x_wconf 88' lang='lat' dir='ltr'><strong>casta,</strong></span> <span class='ocrx_word' id='word_1_47' title='bbox 475 442 589 470; x_wconf 84' lang='lat' dir='ltr'><strong>laudare</strong></span> <span class='ocrx_word' id='word_1_48' title='bbox 605 443 720 477; x_wconf 88' lang='lat' dir='ltr'><strong>possim.</strong></span> 
     </span>
    </p>
   </div>
   <div class='ocr_carea' id='block_1_10' title="bbox 1127 306 1913 344">
    <p class='ocr_par' dir='ltr' id='par_1_10' title="bbox 1127 306 1913 344">
     <span class='ocr_line' id='line_1_10' title="bbox 1127 306 1913 344; baseline -0.003 -10"><span class='ocrx_word' id='word_1_49' title='bbox 1127 308 1237 344; x_wconf 79' lang='grc' dir='ltr'><strong>άμωμε,</strong></span> <span class='ocrx_word' id='word_1_50' title='bbox 1256 309 1285 334; x_wconf 75' lang='grc' dir='ltr'>τὸ</span> <span class='ocrx_word' id='word_1_51' title='bbox 1301 307 1411 342; x_wconf 76' lang='grc' dir='ltr'><strong>λάμψαν</strong></span> <span class='ocrx_word' id='word_1_52' title='bbox 1426 307 1478 343; x_wconf 83' lang='grc' dir='ltr'><strong>πρὸ</strong></span> <span class='ocrx_word' id='word_1_53' title='bbox 1493 306 1599 334; x_wconf 69' lang='grc' dir='ltr'>αἰώνων</span> <span class='ocrx_word' id='word_1_54' title='bbox 1613 308 1646 333; x_wconf 76' lang='grc' dir='ltr'>ἐκ</span> <span class='ocrx_word' id='word_1_55' title='bbox 1660 307 1705 333; x_wconf 79' lang='grc' dir='ltr'><strong>τοῦ</strong></span> <span class='ocrx_word' id='word_1_56' title='bbox 1723 307 1827 342; x_wconf 62' lang='grc' dir='ltr'><strong>Πατρδς</strong></span> <span class='ocrx_word' id='word_1_57' title='bbox 1842 307 1913 341; x_wconf 79' lang='grc' dir='ltr'><strong>ὑπὲρ</strong></span> 
     </span>
    </p>
   </div>
   <div class='ocr_carea' id='block_1_11' title="bbox 1128 353 1912 388">
    <p class='ocr_par' dir='ltr' id='par_1_11' title="bbox 1128 353 1912 388">
     <span class='ocr_line' id='line_1_11' title="bbox 1128 353 1912 388; baseline -0.003 -8"><span class='ocrx_word' id='word_1_58' title='bbox 1128 354 1201 380; x_wconf 84' lang='grc' dir='ltr'>νοῦν.</span> <span class='ocrx_word' id='word_1_59' title='bbox 1215 354 1265 380; x_wconf 83' lang='grc' dir='ltr'><strong>Διὰ</strong></span> <span class='ocrx_word' id='word_1_60' title='bbox 1279 353 1358 380; x_wconf 78' lang='grc' dir='ltr'><strong>τοῦτό</strong></span> <span class='ocrx_word' id='word_1_61' title='bbox 1373 362 1414 380; x_wconf 83' lang='grc' dir='ltr'>σοι</span> <span class='ocrx_word' id='word_1_62' title='bbox 1427 353 1492 388; x_wconf 80' lang='grc' dir='ltr'><strong>βοῶ-</strong></span> <span class='ocrx_word' id='word_1_63' title='bbox 1505 353 1542 379; x_wconf 72' lang='grc' dir='ltr'>Τὸ</span> <span class='ocrx_word' id='word_1_64' title='bbox 1557 353 1654 384; x_wconf 81' lang='grc' dir='ltr'><strong>σκότος</strong></span> <span class='ocrx_word' id='word_1_65' title='bbox 1668 353 1816 385; x_wconf 69' lang='grc' dir='ltr'><strong>ἀπέὶιασον,</strong></span> <span class='ocrx_word' id='word_1_66' title='bbox 1832 353 1912 386; x_wconf 79' lang='grc' dir='ltr'>ἁγνὴ,</span> 
     </span>
    </p>
   </div>
   <div class='ocr_carea' id='block_1_12' title="bbox 1129 398 1915 435">
    <p class='ocr_par' dir='ltr' id='par_1_12' title="bbox 1129 398 1915 435">
     <span class='ocr_line' id='line_1_12' title="bbox 1129 398 1915 435; baseline -0.003 -9"><span class='ocrx_word' id='word_1_67' title='bbox 1129 400 1162 426; x_wconf 80' lang='grc' dir='ltr'><strong>ὲκ</strong></span> <span class='ocrx_word' id='word_1_68' title='bbox 1175 400 1224 433; x_wconf 77' lang='grc' dir='ltr'><strong>τῆς</strong></span> <span class='ocrx_word' id='word_1_69' title='bbox 1239 400 1308 434; x_wconf 76' lang='grc' dir='ltr'><strong>ἐμῆς</strong></span> <span class='ocrx_word' id='word_1_70' title='bbox 1331 399 1443 435; x_wconf 75' lang='grc' dir='ltr'><strong>καρδίας</strong></span> <span class='ocrx_word' id='word_1_71' title='bbox 1459 399 1512 426; x_wconf 85' lang='grc' dir='ltr'><strong>τῶν</strong></span> <span class='ocrx_word' id='word_1_72' title='bbox 1532 399 1657 426; x_wconf 80' lang='grc' dir='ltr'><strong>ἀτάκτων</strong></span> <span class='ocrx_word' id='word_1_73' title='bbox 1670 398 1820 433; x_wconf 78' lang='grc' dir='ltr'><strong>λογισμῶν,</strong></span> <span class='ocrx_word' id='word_1_74' title='bbox 1841 398 1915 428; x_wconf 75' lang='grc' dir='ltr'><strong>ὅπως</strong></span> 
     </span>
    </p>
   </div>
   <div class='ocr_carea' id='block_1_13' title="bbox 1130 446 1300 481">
    <p class='ocr_par' dir='ltr' id='par_1_13' title="bbox 1130 446 1300 481">
     <span class='ocr_line' id='line_1_13' title="bbox 1130 446 1300 481; baseline 0.006 -9"><span class='ocrx_word' id='word_1_75' title='bbox 1130 446 1243 481; x_wconf 81' lang='grc' dir='ltr'>ἀνυμνῶ</span> <span class='ocrx_word' id='word_1_76' title='bbox 1260 454 1300 474; x_wconf 84' lang='grc' dir='ltr'><strong>σε.</strong></span> 
     </span>
    </p>
   </div>
   <div class='ocr_carea' id='block_1_14' title="bbox 581 489 1610 537">
    <p class='ocr_par' dir='ltr' id='par_1_14' title="bbox 581 489 1610 537">
     <span class='ocr_line' id='line_1_14' title="bbox 581 489 1610 537; baseline 0.006 -11"><span class='ocrx_word' id='word_1_77' title='bbox 581 499 660 534; x_wconf 79' lang='grc' dir='ltr'>(ΰο“)</span> <span class='ocrx_word' id='word_1_78' title='bbox 674 500 716 528; x_wconf 71' lang='lat' dir='ltr'><strong>Ex</strong></span> <span class='ocrx_word' id='word_1_79' title='bbox 749 501 856 530; x_wconf 69' lang='lat' dir='ltr'><strong>Conone</strong></span> <span class='ocrx_word' id='word_1_80' title='bbox 871 503 898 529; x_wconf 82' lang='lat' dir='ltr'><strong>in</strong></span> <span class='ocrx_word' id='word_1_81' title='bbox 912 501 963 530; x_wconf 88' lang='lat' dir='ltr'><strong>SS.</strong></span> <span class='ocrx_word' id='word_1_82' title='bbox 987 502 1142 537; x_wconf 80' lang='lat' dir='ltr'><strong>Claudium,</strong></span> <span class='ocrx_word' id='word_1_83' title='bbox 1163 504 1297 532; x_wconf 75' lang='lat' dir='ltr'><strong>Asterium</strong></span> <span class='ocrx_word' id='word_1_84' title='bbox 1310 509 1334 532; x_wconf 81' lang='lat' dir='ltr'><strong>et</strong></span> <span class='ocrx_word' id='word_1_85' title='bbox 1355 504 1484 536; x_wconf 80' lang='lat' dir='ltr'><strong>Neonem,</strong></span> <span class='ocrx_word' id='word_1_86' title='bbox 1512 489 1610 532; x_wconf 56' lang='grc' dir='ltr'><strong>άίεέϐ.</strong></span> 
     </span>
    </p>
   </div>
   <div class='ocr_carea' id='block_1_15' title="bbox 320 552 1080 593">
    <p class='ocr_par' dir='ltr' id='par_1_15' title="bbox 320 552 1080 593">
     <span class='ocr_line' id='line_1_15' title="bbox 320 552 1080 593; baseline 0.005 -9"><span class='ocrx_word' id='word_1_87' title='bbox 320 552 580 593; x_wconf 60' lang='grc' dir='ltr'><strong>1ηοΠιὼῐΙῖρι-οτευε</strong></span> <span class='ocrx_word' id='word_1_88' title='bbox 595 559 676 586; x_wconf 84' lang='lat' dir='ltr'><strong>modo</strong></span> <span class='ocrx_word' id='word_1_89' title='bbox 694 558 812 586; x_wconf 81' lang='lat' dir='ltr'><strong>Verbum</strong></span> <span class='ocrx_word' id='word_1_90' title='bbox 825 560 987 589; x_wconf 82' lang='lat' dir='ltr'><strong>continuisti</strong></span> <span class='ocrx_word' id='word_1_91' title='bbox 1002 561 1080 589; x_wconf 90' lang='lat' dir='ltr'><strong>simi-</strong></span> 
     </span>
    </p>
   </div>
   <div class='ocr_carea' id='block_1_16' title="bbox 286 603 1079 642">
    <p class='ocr_par' dir='ltr' id='par_1_16' title="bbox 286 603 1079 642">
     <span class='ocr_line' id='line_1_16' title="bbox 286 603 1079 642; baseline 0.006 -12"><span class='ocrx_word' id='word_1_92' title='bbox 286 603 313 631; x_wconf 85' lang='lat' dir='ltr'><strong>le</strong></span> <span class='ocrx_word' id='word_1_93' title='bbox 329 604 408 631; x_wconf 90' lang='lat' dir='ltr'><strong>nobis</strong></span> <span class='ocrx_word' id='word_1_94' title='bbox 420 604 520 632; x_wconf 81' lang='lat' dir='ltr'><strong>factum</strong></span> <span class='ocrx_word' id='word_1_95' title='bbox 534 610 644 640; x_wconf 90' lang='lat' dir='ltr'><strong>propter</strong></span> <span class='ocrx_word' id='word_1_96' title='bbox 658 613 793 632; x_wconf 87' lang='lat' dir='ltr'><strong>sumtnam</strong></span> <span class='ocrx_word' id='word_1_97' title='bbox 807 606 954 633; x_wconf 76' lang='lat' dir='ltr'><strong>bonitatem</strong></span> <span class='ocrx_word' id='word_1_98' title='bbox 966 615 974 639; x_wconf 85' lang='lat'><strong>;</strong></span> <span class='ocrx_word' id='word_1_99' title='bbox 996 611 1079 642; x_wconf 87' lang='lat' dir='ltr'><strong>atque</strong></span> 
     </span>
    </p>
   </div>
   <div class='ocr_carea' id='block_1_17' title="bbox 287 648 1077 687">
    <p class='ocr_par' dir='ltr' id='par_1_17' title="bbox 287 648 1077 687">
     <span class='ocr_line' id='line_1_17' title="bbox 287 648 1077 687; baseline 0.005 -11"><span class='ocrx_word' id='word_1_100' title='bbox 287 649 354 676; x_wconf 86' lang='lat' dir='ltr'><strong>illud</strong></span> <span class='ocrx_word' id='word_1_101' title='bbox 373 648 444 676; x_wconf 89' lang='lat' dir='ltr'><strong>idem</strong></span> <span class='ocrx_word' id='word_1_102' title='bbox 461 649 487 676; x_wconf 92' lang='lat' dir='ltr'><strong>in</strong></span> <span class='ocrx_word' id='word_1_103' title='bbox 505 650 614 678; x_wconf 87' lang='lat' dir='ltr'><strong>duabus</strong></span> <span class='ocrx_word' id='word_1_104' title='bbox 630 651 828 683; x_wconf 80' lang='lat' dir='ltr'><strong>voluntatibus,</strong></span> <span class='ocrx_word' id='word_1_105' title='bbox 845 655 928 686; x_wconf 85' lang='lat' dir='ltr'><strong>atque</strong></span> <span class='ocrx_word' id='word_1_106' title='bbox 946 659 1000 680; x_wconf 87' lang='lat' dir='ltr'><strong>una</strong></span> <span class='ocrx_word' id='word_1_107' title='bbox 1019 660 1077 687; x_wconf 86' lang='lat' dir='ltr'><strong>per-</strong></span> 
     </span>
    </p>
   </div>
   <div class='ocr_carea' id='block_1_18' title="bbox 288 696 1075 732">
    <p class='ocr_par' dir='ltr' id='par_1_18' title="bbox 288 696 1075 732">
     <span class='ocr_line' id='line_1_18' title="bbox 288 696 1075 732; baseline 0.003 -9"><span class='ocrx_word' id='word_1_108' title='bbox 288 702 355 723; x_wconf 86' lang='lat' dir='ltr'><strong>sona</strong></span> <span class='ocrx_word' id='word_1_109' title='bbox 373 703 436 722; x_wconf 85' lang='lat' dir='ltr'><strong>vere</strong></span> <span class='ocrx_word' id='word_1_110' title='bbox 451 696 580 730; x_wconf 79' lang='lat' dir='ltr'><strong>peperisti</strong></span> <span class='ocrx_word' id='word_1_111' title='bbox 595 706 601 724; x_wconf 86' lang='lat'><strong>:</strong></span> <span class='ocrx_word' id='word_1_112' title='bbox 615 702 761 732; x_wconf 80' lang='lat' dir='ltr'><strong>propterea</strong></span> <span class='ocrx_word' id='word_1_113' title='bbox 778 702 804 724; x_wconf 89' lang='lat' dir='ltr'><strong>te</strong></span> <span class='ocrx_word' id='word_1_114' title='bbox 826 697 872 725; x_wconf 81' lang='lat' dir='ltr'><strong>Dei</strong></span> <span class='ocrx_word' id='word_1_115' title='bbox 895 697 1008 725; x_wconf 84' lang='lat' dir='ltr'><strong>Matrem</strong></span> <span class='ocrx_word' id='word_1_116' title='bbox 1025 698 1075 725; x_wconf 81' lang='lat' dir='ltr'><strong>im-</strong></span> 
     </span>
    </p>
   </div>
   <div class='ocr_carea' id='block_1_19' title="bbox 287 741 1076 779">
    <p class='ocr_par' dir='ltr' id='par_1_19' title="bbox 287 741 1076 779">
     <span class='ocr_line' id='line_1_19' title="bbox 287 741 1076 779; baseline 0.005 -11"><span class='ocrx_word' id='word_1_117' title='bbox 287 741 453 769; x_wconf 85' lang='lat' dir='ltr'><strong>maculatam</strong></span> <span class='ocrx_word' id='word_1_118' title='bbox 474 747 557 777; x_wconf 88' lang='lat' dir='ltr'><strong>atque</strong></span> <span class='ocrx_word' id='word_1_119' title='bbox 581 743 751 776; x_wconf 90' lang='lat' dir='ltr'><strong>inviolatam,</strong></span> <span class='ocrx_word' id='word_1_120' title='bbox 767 751 784 771; x_wconf 91' lang='grc' dir='ltr'><strong>ο</strong></span> <span class='ocrx_word' id='word_1_121' title='bbox 797 743 890 779; x_wconf 79' lang='lat' dir='ltr'><strong>Virgo,</strong></span> <span class='ocrx_word' id='word_1_122' title='bbox 913 744 1076 779; x_wconf 80' lang='lat' dir='ltr'><strong>pronuntia-</strong></span> 
     </span>
    </p>
   </div>
   <div class='ocr_carea' id='block_1_20' title="bbox 288 794 361 815">
    <p class='ocr_par' dir='ltr' id='par_1_20' title="bbox 288 794 361 815">
     <span class='ocr_line' id='line_1_20' title="bbox 288 794 361 815; baseline 0 -1"><span class='ocrx_word' id='word_1_123' title='bbox 288 794 361 815; x_wconf 84' lang='lat' dir='ltr'><strong>mus.</strong></span> 
     </span>
    </p>
   </div>
   <div class='ocr_carea' id='block_1_21' title="bbox 323 833 1076 870">
    <p class='ocr_par' dir='ltr' id='par_1_21' title="bbox 323 833 1076 870">
     <span class='ocr_line' id='line_1_21' title="bbox 323 833 1076 870; baseline 0.005 -10"><span class='ocrx_word' id='word_1_124' title='bbox 323 833 378 868; x_wconf 77' lang='lat'><strong>58</strong></span> <span class='ocrx_word' id='word_1_125' title='bbox 398 833 534 869; x_wconf 87' lang='lat' dir='ltr'><strong>llymnum</strong></span> <span class='ocrx_word' id='word_1_126' title='bbox 556 834 582 861; x_wconf 91' lang='lat' dir='ltr'><strong>in</strong></span> <span class='ocrx_word' id='word_1_127' title='bbox 604 835 755 870; x_wconf 74' lang='lat' dir='ltr'><strong>gratiarum</strong></span> <span class='ocrx_word' id='word_1_128' title='bbox 778 835 913 863; x_wconf 79' lang='lat' dir='ltr'><strong>actionem</strong></span> <span class='ocrx_word' id='word_1_129' title='bbox 930 836 979 863; x_wconf 85' lang='lat' dir='ltr'><strong>tibi</strong></span> <span class='ocrx_word' id='word_1_130' title='bbox 996 836 1076 864; x_wconf 87' lang='lat' dir='ltr'><strong>oﬁ&#39;ert</strong></span> 
     </span>
    </p>
   </div>
   <div class='ocr_carea' id='block_1_22' title="bbox 288 880 1074 916">
    <p class='ocr_par' dir='ltr' id='par_1_22' title="bbox 288 880 1074 916">
     <span class='ocr_line' id='line_1_22' title="bbox 288 880 1074 916; baseline 0.004 -10"><span class='ocrx_word' id='word_1_131' title='bbox 288 887 375 914; x_wconf 79' lang='lat' dir='ltr'><strong>genus</strong></span> <span class='ocrx_word' id='word_1_132' title='bbox 396 880 558 912; x_wconf 90' lang='lat' dir='ltr'><strong>humanum,</strong></span> <span class='ocrx_word' id='word_1_133' title='bbox 577 881 649 915; x_wconf 86' lang='lat' dir='ltr'><strong>quod</strong></span> <span class='ocrx_word' id='word_1_134' title='bbox 673 889 721 916; x_wconf 89' lang='lat' dir='ltr'><strong>per</strong></span> <span class='ocrx_word' id='word_1_135' title='bbox 735 885 760 909; x_wconf 88' lang='lat' dir='ltr'><strong>te</strong></span> <span class='ocrx_word' id='word_1_136' title='bbox 780 882 1013 910; x_wconf 83' lang='lat' dir='ltr'><strong>imtuOrtalitalem</strong></span> <span class='ocrx_word' id='word_1_137' title='bbox 1029 891 1074 910; x_wconf 88' lang='lat' dir='ltr'><strong>ac-</strong></span> 
     </span>
    </p>
   </div>
   <div class='ocr_carea' id='block_1_23' title="bbox 289 925 528 960">
    <p class='ocr_par' dir='ltr' id='par_1_23' title="bbox 289 925 528 960">
     <span class='ocr_line' id='line_1_23' title="bbox 289 925 528 960; baseline 0.004 -8"><span class='ocrx_word' id='word_1_138' title='bbox 289 925 360 960; x_wconf 89' lang='lat' dir='ltr'><strong>cepit</strong></span> <span class='ocrx_word' id='word_1_139' title='bbox 371 925 397 952; x_wconf 92' lang='lat' dir='ltr'><strong>in</strong></span> <span class='ocrx_word' id='word_1_140' title='bbox 414 930 528 953; x_wconf 82' lang='lat' dir='ltr'><strong>sortem.</strong></span> 
     </span>
    </p>
   </div>
   <div class='ocr_carea' id='block_1_24' title="bbox 1131 563 1912 598">
    <p class='ocr_par' dir='ltr' id='par_1_24' title="bbox 1131 563 1912 598">
     <span class='ocr_line' id='line_1_24' title="bbox 1131 563 1912 598; baseline -0.001 -8"><span class='ocrx_word' id='word_1_141' title='bbox 1131 567 1195 590; x_wconf 87' lang='lat' dir='ltr'><strong>cant</strong></span> <span class='ocrx_word' id='word_1_142' title='bbox 1213 568 1249 595; x_wconf 91' lang='lat' dir='ltr'><strong>te,</strong></span> <span class='ocrx_word' id='word_1_143' title='bbox 1267 567 1297 590; x_wconf 91' lang='lat' dir='ltr'><strong>ut</strong></span> <span class='ocrx_word' id='word_1_144' title='bbox 1326 563 1441 598; x_wconf 81' lang='lat' dir='ltr'><strong>gloriam</strong></span> <span class='ocrx_word' id='word_1_145' title='bbox 1457 568 1484 590; x_wconf 89' lang='lat' dir='ltr'><strong>et</strong></span> <span class='ocrx_word' id='word_1_146' title='bbox 1505 563 1592 590; x_wconf 86' lang='lat' dir='ltr'><strong>lucem</strong></span> <span class='ocrx_word' id='word_1_147' title='bbox 1613 566 1820 597; x_wconf 89' lang='lat' dir='ltr'><strong>consequantur</strong></span> <span class='ocrx_word' id='word_1_148' title='bbox 1833 567 1912 589; x_wconf 61' lang='lat' dir='ltr'><strong>aeter-</strong></span> 
     </span>
    </p>
   </div>
   <div class='ocr_carea' id='block_1_25' title="bbox 1129 609 1912 644">
    <p class='ocr_par' dir='ltr' id='par_1_25' title="bbox 1129 609 1912 644">
     <span class='ocr_line' id='line_1_25' title="bbox 1129 609 1912 644; baseline 0 -8"><span class='ocrx_word' id='word_1_149' title='bbox 1129 616 1204 640; x_wconf 89' lang='lat' dir='ltr'><strong>nam,</strong></span> <span class='ocrx_word' id='word_1_150' title='bbox 1224 617 1241 635; x_wconf 93' lang='lat' dir='ltr'><strong>o</strong></span> <span class='ocrx_word' id='word_1_151' title='bbox 1264 609 1346 644; x_wconf 77' lang='lat' dir='ltr'><strong>Virgo</strong></span> <span class='ocrx_word' id='word_1_152' title='bbox 1366 609 1635 642; x_wconf 88' lang='lat' dir='ltr'><strong>immaculatissima,</strong></span> <span class='ocrx_word' id='word_1_153' title='bbox 1652 617 1713 644; x_wconf 73' lang='lat' dir='ltr'><strong>qua:</strong></span> <span class='ocrx_word' id='word_1_154' title='bbox 1727 616 1757 636; x_wconf 84' lang='lat' dir='ltr'><strong>es</strong></span> <span class='ocrx_word' id='word_1_155' title='bbox 1779 609 1912 636; x_wconf 80' lang='lat' dir='ltr'><strong>auxilium</strong></span> 
     </span>
    </p>
   </div>
   <div class='ocr_carea' id='block_1_26' title="bbox 1127 654 1260 682">
    <p class='ocr_par' dir='ltr' id='par_1_26' title="bbox 1127 654 1260 682">
     <span class='ocr_line' id='line_1_26' title="bbox 1127 654 1260 682; baseline 0.008 -1"><span class='ocrx_word' id='word_1_156' title='bbox 1127 654 1260 682; x_wconf 88' lang='lat' dir='ltr'><strong>ﬁdelium.</strong></span> 
     </span>
    </p>
   </div>
   <div class='ocr_carea' id='block_1_27' title="bbox 1162 699 1913 736">
    <p class='ocr_par' dir='ltr' id='par_1_27' title="bbox 1162 699 1913 736">
     <span class='ocr_line' id='line_1_27' title="bbox 1162 699 1913 736; baseline -0.001 -9"><span class='ocrx_word' id='word_1_157' title='bbox 1162 700 1292 728; x_wconf 81' lang='lat' dir='ltr'><strong>Stabilem</strong></span> <span class='ocrx_word' id='word_1_158' title='bbox 1306 708 1349 728; x_wconf 89' lang='lat' dir='ltr'><strong>me</strong></span> <span class='ocrx_word' id='word_1_159' title='bbox 1370 700 1423 733; x_wconf 81' lang='lat' dir='ltr'><strong>fac,</strong></span> <span class='ocrx_word' id='word_1_160' title='bbox 1441 708 1457 728; x_wconf 92' lang='grc' dir='ltr'><strong>ο</strong></span> <span class='ocrx_word' id='word_1_161' title='bbox 1482 700 1576 736; x_wconf 77' lang='lat' dir='ltr'><strong>Virgo,</strong></span> <span class='ocrx_word' id='word_1_162' title='bbox 1593 700 1844 728; x_wconf 84' lang='lat' dir='ltr'><strong>intercessionibus</strong></span> <span class='ocrx_word' id='word_1_163' title='bbox 1858 699 1913 727; x_wconf 90' lang='lat' dir='ltr'><strong>tuis</strong></span> 
     </span>
    </p>
   </div>
   <div class='ocr_carea' id='block_1_28' title="bbox 1127 745 1914 781">
    <p class='ocr_par' dir='ltr' id='par_1_28' title="bbox 1127 745 1914 781">
     <span class='ocr_line' id='line_1_28' title="bbox 1127 745 1914 781; baseline -0.001 -9"><span class='ocrx_word' id='word_1_164' title='bbox 1127 745 1155 772; x_wconf 92' lang='lat' dir='ltr'><strong>in</strong></span> <span class='ocrx_word' id='word_1_165' title='bbox 1175 750 1252 780; x_wconf 88' lang='lat' dir='ltr'><strong>petra</strong></span> <span class='ocrx_word' id='word_1_166' title='bbox 1283 745 1337 781; x_wconf 81' lang='lat'><strong>59</strong></span> <span class='ocrx_word' id='word_1_167' title='bbox 1363 746 1505 780; x_wconf 89' lang='lat' dir='ltr'><strong>veritatis;</strong></span> <span class='ocrx_word' id='word_1_168' title='bbox 1525 751 1552 774; x_wconf 88' lang='lat' dir='ltr'><strong>et</strong></span> <span class='ocrx_word' id='word_1_169' title='bbox 1581 754 1596 774; x_wconf 87' lang='lat' dir='ltr'><strong>a</strong></span> <span class='ocrx_word' id='word_1_170' title='bbox 1628 746 1782 774; x_wconf 84' lang='lat' dir='ltr'><strong>seductoris</strong></span> <span class='ocrx_word' id='word_1_171' title='bbox 1808 745 1914 772; x_wconf 81' lang='lat' dir='ltr'><strong>insidiis</strong></span> 
     </span>
    </p>
   </div>
   <div class='ocr_carea' id='block_1_29' title="bbox 1128 791 1911 827">
    <p class='ocr_par' dir='ltr' id='par_1_29' title="bbox 1128 791 1911 827">
     <span class='ocr_line' id='line_1_29' title="bbox 1128 791 1911 827; baseline -0.003 -7"><span class='ocrx_word' id='word_1_172' title='bbox 1128 792 1296 827; x_wconf 72' lang='lat' dir='ltr'><strong>Supplantari</strong></span> <span class='ocrx_word' id='word_1_173' title='bbox 1314 800 1453 827; x_wconf 85' lang='lat' dir='ltr'><strong>nunquam</strong></span> <span class='ocrx_word' id='word_1_174' title='bbox 1466 792 1542 820; x_wconf 89' lang='lat' dir='ltr'><strong>sinas</strong></span> <span class='ocrx_word' id='word_1_175' title='bbox 1558 799 1612 826; x_wconf 86' lang='lat' dir='ltr'><strong>me,</strong></span> <span class='ocrx_word' id='word_1_176' title='bbox 1631 800 1648 821; x_wconf 92' lang='grc' dir='ltr'><strong>ο</strong></span> <span class='ocrx_word' id='word_1_177' title='bbox 1664 792 1721 820; x_wconf 89' lang='lat' dir='ltr'><strong>Deo</strong></span> <span class='ocrx_word' id='word_1_178' title='bbox 1735 791 1911 823; x_wconf 87' lang='lat' dir='ltr'><strong>charissima,</strong></span> 
     </span>
    </p>
   </div>
   <div class='ocr_carea' id='block_1_30' title="bbox 1129 838 1617 873">
    <p class='ocr_par' dir='ltr' id='par_1_30' title="bbox 1129 838 1617 873">
     <span class='ocr_line' id='line_1_30' title="bbox 1129 838 1617 873; baseline 0.002 -9"><span class='ocrx_word' id='word_1_179' title='bbox 1129 842 1159 864; x_wconf 76' lang='lat' dir='ltr'><strong>ut</strong></span> <span class='ocrx_word' id='word_1_180' title='bbox 1174 843 1199 865; x_wconf 85' lang='lat' dir='ltr'><strong>te</strong></span> <span class='ocrx_word' id='word_1_181' title='bbox 1210 846 1272 866; x_wconf 93' lang='lat' dir='ltr'><strong>cum</strong></span> <span class='ocrx_word' id='word_1_182' title='bbox 1286 838 1338 865; x_wconf 88' lang='lat' dir='ltr'><strong>ﬁde</strong></span> <span class='ocrx_word' id='word_1_183' title='bbox 1352 839 1458 866; x_wconf 82' lang='lat' dir='ltr'><strong>beatam</strong></span> <span class='ocrx_word' id='word_1_184' title='bbox 1473 838 1617 873; x_wconf 84' lang='lat' dir='ltr'><strong>appellem.</strong></span> 
     </span>
    </p>
   </div>
   <div class='ocr_carea' id='block_1_31' title="bbox 1163 881 1911 918">
    <p class='ocr_par' dir='ltr' id='par_1_31' title="bbox 1163 881 1911 918">
     <span class='ocr_line' id='line_1_31' title="bbox 1163 881 1911 918; baseline 0.003 -10"><span class='ocrx_word' id='word_1_185' title='bbox 1163 881 1304 917; x_wconf 81' lang='lat' dir='ltr'><strong>Tanquam</strong></span> <span class='ocrx_word' id='word_1_186' title='bbox 1332 883 1532 918; x_wconf 83' lang='lat' dir='ltr'><strong>propitiatorio,</strong></span> <span class='ocrx_word' id='word_1_187' title='bbox 1549 887 1678 918; x_wconf 85' lang='lat' dir='ltr'><strong>tanquam</strong></span> <span class='ocrx_word' id='word_1_188' title='bbox 1707 882 1822 910; x_wconf 81' lang='lat' dir='ltr'><strong>ferventi</strong></span> <span class='ocrx_word' id='word_1_189' title='bbox 1840 883 1911 918; x_wconf 87' lang='lat' dir='ltr'><strong>apud</strong></span> 
     </span>
    </p>
   </div>
   <div class='ocr_carea' id='block_1_32' title="bbox 1129 928 1914 964">
    <p class='ocr_par' dir='ltr' id='par_1_32' title="bbox 1129 928 1914 964">
     <span class='ocr_line' id='line_1_32' title="bbox 1129 928 1914 964; baseline -0.001 -8"><span class='ocrx_word' id='word_1_190' title='bbox 1129 928 1213 956; x_wconf 88' lang='lat' dir='ltr'><strong>Deum</strong></span> <span class='ocrx_word' id='word_1_191' title='bbox 1244 929 1398 964; x_wconf 88' lang='lat' dir='ltr'><strong>patrocinio</strong></span> <span class='ocrx_word' id='word_1_192' title='bbox 1426 929 1584 964; x_wconf 86' lang='lat' dir='ltr'><strong>locupletati</strong></span> <span class='ocrx_word' id='word_1_193' title='bbox 1610 936 1708 956; x_wconf 89' lang='lat' dir='ltr'><strong>sumus</strong></span> <span class='ocrx_word' id='word_1_194' title='bbox 1730 934 1756 956; x_wconf 92' lang='lat' dir='ltr'><strong>te</strong></span> <span class='ocrx_word' id='word_1_195' title='bbox 1775 936 1826 956; x_wconf 92' lang='lat' dir='ltr'><strong>nos</strong></span> <span class='ocrx_word' id='word_1_196' title='bbox 1842 929 1914 956; x_wconf 75' lang='lat' dir='ltr'><strong>servi</strong></span> 
     </span>
    </p>
   </div>
   <div class='ocr_carea' id='block_1_33' title="bbox 327 970 1914 1012">
    <p class='ocr_par' dir='ltr' id='par_1_33' title="bbox 327 970 1914 1012">
     <span class='ocr_line' id='line_1_33' title="bbox 327 970 1914 1012; baseline 0.003 -15"><span class='ocrx_word' id='word_1_197' title='bbox 327 970 441 998; x_wconf 87' lang='lat' dir='ltr'><strong>Domina</strong></span> <span class='ocrx_word' id='word_1_198' title='bbox 457 978 471 998; x_wconf 89' lang='lat' dir='ltr'><strong>a</strong></span> <span class='ocrx_word' id='word_1_199' title='bbox 486 972 604 999; x_wconf 84' lang='lat' dir='ltr'><strong>maritali</strong></span> <span class='ocrx_word' id='word_1_200' title='bbox 630 977 691 1000; x_wconf 88' lang='lat' dir='ltr'><strong>toro</strong></span> <span class='ocrx_word' id='word_1_201' title='bbox 714 973 855 1006; x_wconf 81' lang='lat' dir='ltr'><strong>immunis.</strong></span> <span class='ocrx_word' id='word_1_202' title='bbox 872 981 933 1009; x_wconf 65' lang='lat' dir='ltr'><strong>quin</strong></span> <span class='ocrx_word' id='word_1_203' title='bbox 956 974 1073 1002; x_wconf 90' lang='lat' dir='ltr'><strong>Verbutn</strong></span> <span class='ocrx_word' id='word_1_204' title='bbox 1089 982 1113 1012; x_wconf 76' lang='grc' dir='ltr'><strong>Β</strong></span> <span class='ocrx_word' id='word_1_205' title='bbox 1129 975 1179 1007; x_wconf 90' lang='lat' dir='ltr'><strong>tui,</strong></span> <span class='ocrx_word' id='word_1_206' title='bbox 1195 983 1211 1002; x_wconf 94' lang='grc' dir='ltr'><strong>ο</strong></span> <span class='ocrx_word' id='word_1_207' title='bbox 1225 975 1353 1002; x_wconf 84' lang='lat' dir='ltr'><strong>inviolata</strong></span> <span class='ocrx_word' id='word_1_208' title='bbox 1368 975 1402 1002; x_wconf 90' lang='lat' dir='ltr'><strong>ab</strong></span> <span class='ocrx_word' id='word_1_209' title='bbox 1417 975 1492 1002; x_wconf 90' lang='lat' dir='ltr'><strong>omni</strong></span> <span class='ocrx_word' id='word_1_210' title='bbox 1509 975 1569 1002; x_wconf 88' lang='lat' dir='ltr'><strong>labe</strong></span> <span class='ocrx_word' id='word_1_211' title='bbox 1587 975 1718 1002; x_wconf 91' lang='lat' dir='ltr'><strong>immunis</strong></span> <span class='ocrx_word' id='word_1_212' title='bbox 1737 983 1744 1001; x_wconf 89' lang='lat'><strong>:</strong></span> <span class='ocrx_word' id='word_1_213' title='bbox 1761 974 1846 1002; x_wconf 86' lang='lat' dir='ltr'><strong>libera</strong></span> <span class='ocrx_word' id='word_1_214' title='bbox 1864 983 1914 1002; x_wconf 84' lang='lat' dir='ltr'><strong>nos</strong></span> 
     </span>
    </p>
   </div>
   <div class='ocr_carea' id='block_1_34' title="bbox 288 1015 1076 1055">
    <p class='ocr_par' dir='ltr' id='par_1_34' title="bbox 288 1015 1076 1055">
     <span class='ocr_line' id='line_1_34' title="bbox 288 1015 1076 1055; baseline 0.006 -12"><span class='ocrx_word' id='word_1_215' title='bbox 288 1015 462 1044; x_wconf 87' lang='lat' dir='ltr'><strong>incarnatum</strong></span> <span class='ocrx_word' id='word_1_216' title='bbox 478 1018 619 1052; x_wconf 85' lang='lat' dir='ltr'><strong>peperisti,</strong></span> <span class='ocrx_word' id='word_1_217' title='bbox 646 1018 769 1046; x_wconf 89' lang='lat' dir='ltr'><strong>illumina</strong></span> <span class='ocrx_word' id='word_1_218' title='bbox 791 1020 911 1047; x_wconf 85' lang='lat' dir='ltr'><strong>animam</strong></span> <span class='ocrx_word' id='word_1_219' title='bbox 936 1028 1034 1055; x_wconf 84' lang='lat' dir='ltr'><strong>meam,</strong></span> <span class='ocrx_word' id='word_1_220' title='bbox 1049 1026 1076 1048; x_wconf 91' lang='lat' dir='ltr'><strong>et</strong></span> 
     </span>
    </p>
   </div>
   <div class='ocr_carea' id='block_1_35' title="bbox 289 1064 802 1099">
    <p class='ocr_par' dir='ltr' id='par_1_35' title="bbox 289 1064 802 1099">
     <span class='ocr_line' id='line_1_35' title="bbox 289 1064 802 1099; baseline 0.008 -9"><span class='ocrx_word' id='word_1_221' title='bbox 289 1070 305 1090; x_wconf 90' lang='lat' dir='ltr'><strong>a</strong></span> <span class='ocrx_word' id='word_1_222' title='bbox 324 1064 447 1097; x_wconf 73' lang='lat' dir='ltr'><strong>gehenna</strong></span> <span class='ocrx_word' id='word_1_223' title='bbox 461 1072 492 1091; x_wconf 89' lang='lat' dir='ltr'><strong>ac</strong></span> <span class='ocrx_word' id='word_1_224' title='bbox 504 1065 639 1099; x_wconf 87' lang='lat' dir='ltr'><strong>supplicio</strong></span> <span class='ocrx_word' id='word_1_225' title='bbox 652 1065 736 1093; x_wconf 88' lang='lat' dir='ltr'><strong>libera</strong></span> <span class='ocrx_word' id='word_1_226' title='bbox 749 1074 802 1094; x_wconf 88' lang='lat' dir='ltr'><strong>me.</strong></span> 
     </span>
    </p>
   </div>
   <div class='ocr_carea' id='block_1_36' title="bbox 323 1107 1074 1147">
    <p class='ocr_par' dir='ltr' id='par_1_36' title="bbox 323 1107 1074 1147">
     <span class='ocr_line' id='line_1_36' title="bbox 323 1107 1074 1147; baseline 0.009 -12"><span class='ocrx_word' id='word_1_227' title='bbox 323 1107 362 1135; x_wconf 84' lang='lat' dir='ltr'><strong>Ne</strong></span> <span class='ocrx_word' id='word_1_228' title='bbox 372 1117 464 1137; x_wconf 87' lang='lat' dir='ltr'><strong>cesses</strong></span> <span class='ocrx_word' id='word_1_229' title='bbox 477 1110 582 1145; x_wconf 89' lang='lat' dir='ltr'><strong>eripere</strong></span> <span class='ocrx_word' id='word_1_230' title='bbox 594 1119 637 1138; x_wconf 90' lang='lat' dir='ltr'><strong>me</strong></span> <span class='ocrx_word' id='word_1_231' title='bbox 648 1120 662 1138; x_wconf 91' lang='lat' dir='ltr'><strong>a</strong></span> <span class='ocrx_word' id='word_1_232' title='bbox 677 1112 845 1147; x_wconf 77' lang='lat' dir='ltr'><strong>captivitate,</strong></span> <span class='ocrx_word' id='word_1_233' title='bbox 859 1117 885 1140; x_wconf 91' lang='lat' dir='ltr'><strong>et</strong></span> <span class='ocrx_word' id='word_1_234' title='bbox 900 1121 914 1140; x_wconf 88' lang='lat' dir='ltr'><strong>a</strong></span> <span class='ocrx_word' id='word_1_235' title='bbox 931 1113 1074 1142; x_wconf 81' lang='lat' dir='ltr'><strong>mortifera</strong></span> 
     </span>
    </p>
   </div>
   <div class='ocr_carea' id='block_1_37' title="bbox 289 1157 1076 1195">
    <p class='ocr_par' dir='ltr' id='par_1_37' title="bbox 289 1157 1076 1195">
     <span class='ocr_line' id='line_1_37' title="bbox 289 1157 1076 1195; baseline 0.009 -15"><span class='ocrx_word' id='word_1_236' title='bbox 289 1157 462 1188; x_wconf 86' lang='lat' dir='ltr'><strong>tempestate,</strong></span> <span class='ocrx_word' id='word_1_237' title='bbox 477 1163 537 1190; x_wconf 70' lang='lat' dir='ltr'><strong>qum</strong></span> <span class='ocrx_word' id='word_1_238' title='bbox 553 1157 652 1191; x_wconf 90' lang='lat' dir='ltr'><strong>premit</strong></span> <span class='ocrx_word' id='word_1_239' title='bbox 672 1165 716 1185; x_wconf 90' lang='lat' dir='ltr'><strong>me</strong></span> <span class='ocrx_word' id='word_1_240' title='bbox 744 1159 874 1193; x_wconf 86' lang='lat' dir='ltr'><strong>undique,</strong></span> <span class='ocrx_word' id='word_1_241' title='bbox 898 1164 925 1187; x_wconf 87' lang='lat' dir='ltr'><strong>et</strong></span> <span class='ocrx_word' id='word_1_242' title='bbox 938 1167 952 1186; x_wconf 90' lang='lat' dir='ltr'><strong>a</strong></span> <span class='ocrx_word' id='word_1_243' title='bbox 973 1160 1076 1195; x_wconf 77' lang='lat' dir='ltr'><strong>gravis-</strong></span> 
     </span>
    </p>
   </div>
   <div class='ocr_carea' id='block_1_38' title="bbox 288 1199 1076 1240">
    <p class='ocr_par' dir='ltr' id='par_1_38' title="bbox 288 1199 1076 1240">
     <span class='ocr_line' id='line_1_38' title="bbox 288 1199 1076 1240; baseline 0.01 -15"><span class='ocrx_word' id='word_1_244' title='bbox 288 1199 367 1227; x_wconf 80' lang='lat' dir='ltr'><strong>simis</strong></span> <span class='ocrx_word' id='word_1_245' title='bbox 382 1200 568 1234; x_wconf 90' lang='lat' dir='ltr'><strong>passionibus,</strong></span> <span class='ocrx_word' id='word_1_246' title='bbox 589 1210 651 1237; x_wconf 73' lang='lat' dir='ltr'><strong>qua:</strong></span> <span class='ocrx_word' id='word_1_247' title='bbox 673 1210 716 1230; x_wconf 90' lang='lat' dir='ltr'><strong>me</strong></span> <span class='ocrx_word' id='word_1_248' title='bbox 732 1203 766 1231; x_wconf 90' lang='lat' dir='ltr'><strong>ad</strong></span> <span class='ocrx_word' id='word_1_249' title='bbox 790 1210 905 1231; x_wconf 87' lang='lat' dir='ltr'><strong>mortem</strong></span> <span class='ocrx_word' id='word_1_250' title='bbox 919 1205 1041 1240; x_wconf 81' lang='lat' dir='ltr'><strong>adigunt,</strong></span> <span class='ocrx_word' id='word_1_251' title='bbox 1059 1212 1076 1233; x_wconf 88' lang='grc' dir='ltr'><strong>ο</strong></span> 
     </span>
    </p>
   </div>
   <div class='ocr_carea' id='block_1_39' title="bbox 289 1246 1077 1286">
    <p class='ocr_par' dir='ltr' id='par_1_39' title="bbox 289 1246 1077 1286">
     <span class='ocr_line' id='line_1_39' title="bbox 289 1246 1077 1286; baseline 0.009 -14"><span class='ocrx_word' id='word_1_252' title='bbox 289 1246 380 1280; x_wconf 88' lang='lat' dir='ltr'><strong>puella</strong></span> <span class='ocrx_word' id='word_1_253' title='bbox 415 1247 608 1281; x_wconf 88' lang='lat' dir='ltr'><strong>sanctissima,</strong></span> <span class='ocrx_word' id='word_1_254' title='bbox 647 1255 820 1284; x_wconf 86' lang='lat' dir='ltr'><strong>peccatorum</strong></span> <span class='ocrx_word' id='word_1_255' title='bbox 845 1251 1015 1286; x_wconf 69' lang='lat' dir='ltr'><strong>prmsidium,</strong></span> <span class='ocrx_word' id='word_1_256' title='bbox 1044 1259 1077 1279; x_wconf 84' lang='lat' dir='ltr'><strong>ac</strong></span> 
     </span>
    </p>
   </div>
   <div class='ocr_carea' id='block_1_40' title="bbox 288 1293 762 1327">
    <p class='ocr_par' dir='ltr' id='par_1_40' title="bbox 288 1293 762 1327">
     <span class='ocr_line' id='line_1_40' title="bbox 288 1293 762 1327; baseline 0.011 -10"><span class='ocrx_word' id='word_1_257' title='bbox 288 1297 445 1327; x_wconf 90' lang='lat' dir='ltr'><strong>promptum</strong></span> <span class='ocrx_word' id='word_1_258' title='bbox 461 1293 602 1321; x_wconf 91' lang='lat' dir='ltr'><strong>hominum</strong></span> <span class='ocrx_word' id='word_1_259' title='bbox 620 1295 762 1322; x_wconf 82' lang='lat' dir='ltr'><strong>auxilium.</strong></span> 
     </span>
    </p>
   </div>
   <div class='ocr_carea' id='block_1_41' title="bbox 326 1336 1076 1379">
    <p class='ocr_par' dir='ltr' id='par_1_41' title="bbox 326 1336 1076 1379">
     <span class='ocr_line' id='line_1_41' title="bbox 326 1336 1076 1379; baseline 0.008 -14"><span class='ocrx_word' id='word_1_260' title='bbox 326 1336 438 1365; x_wconf 88' lang='lat' dir='ltr'><strong>Uterutn</strong></span> <span class='ocrx_word' id='word_1_261' title='bbox 450 1344 525 1366; x_wconf 89' lang='lat' dir='ltr'><strong>tuum</strong></span> <span class='ocrx_word' id='word_1_262' title='bbox 538 1341 669 1369; x_wconf 91' lang='lat' dir='ltr'><strong>Dominus</strong></span> <span class='ocrx_word' id='word_1_263' title='bbox 687 1342 836 1378; x_wconf 76' lang='lat' dir='ltr'><strong>ingressus,</strong></span> <span class='ocrx_word' id='word_1_264' title='bbox 851 1348 981 1378; x_wconf 83' lang='lat' dir='ltr'><strong>tanquam</strong></span> <span class='ocrx_word' id='word_1_265' title='bbox 993 1351 1076 1379; x_wconf 90' lang='lat' dir='ltr'><strong>spon—</strong></span> 
     </span>
    </p>
   </div>
   <div class='ocr_carea' id='block_1_42' title="bbox 289 1384 1076 1424">
    <p class='ocr_par' dir='ltr' id='par_1_42' title="bbox 289 1384 1076 1424">
     <span class='ocr_line' id='line_1_42' title="bbox 289 1384 1076 1424; baseline 0.008 -14"><span class='ocrx_word' id='word_1_266' title='bbox 289 1391 337 1411; x_wconf 85' lang='lat' dir='ltr'><strong>sus</strong></span> <span class='ocrx_word' id='word_1_267' title='bbox 354 1384 555 1419; x_wconf 84' lang='lat' dir='ltr'><strong>pulcherrimus</strong></span> <span class='ocrx_word' id='word_1_268' title='bbox 574 1387 609 1414; x_wconf 89' lang='lat' dir='ltr'><strong>ab</strong></span> <span class='ocrx_word' id='word_1_269' title='bbox 628 1387 724 1415; x_wconf 87' lang='lat' dir='ltr'><strong>eodem</strong></span> <span class='ocrx_word' id='word_1_270' title='bbox 752 1389 998 1423; x_wconf 84' lang='lat' dir='ltr'><strong>supernaturaliter</strong></span> <span class='ocrx_word' id='word_1_271' title='bbox 1015 1397 1076 1424; x_wconf 89' lang='lat' dir='ltr'><strong>pro-</strong></span> 
     </span>
    </p>
   </div>
   <div class='ocr_carea' id='block_1_43' title="bbox 289 1431 1076 1468">
    <p class='ocr_par' dir='ltr' id='par_1_43' title="bbox 289 1431 1076 1468">
     <span class='ocr_line' id='line_1_43' title="bbox 289 1431 1076 1468; baseline 0.008 -12"><span class='ocrx_word' id='word_1_272' title='bbox 289 1431 382 1463; x_wconf 81' lang='lat' dir='ltr'><strong>cessit,</strong></span> <span class='ocrx_word' id='word_1_273' title='bbox 398 1435 480 1466; x_wconf 87' lang='lat' dir='ltr'><strong>atque</strong></span> <span class='ocrx_word' id='word_1_274' title='bbox 499 1432 626 1461; x_wconf 87' lang='lat' dir='ltr'><strong>homines</strong></span> <span class='ocrx_word' id='word_1_275' title='bbox 651 1433 856 1462; x_wconf 86' lang='lat' dir='ltr'><strong>immortalitate</strong></span> <span class='ocrx_word' id='word_1_276' title='bbox 878 1435 1027 1468; x_wconf 75' lang='lat' dir='ltr'><strong>decoravit,</strong></span> <span class='ocrx_word' id='word_1_277' title='bbox 1044 1442 1076 1462; x_wconf 89' lang='lat' dir='ltr'><strong>ac</strong></span> 
     </span>
    </p>
   </div>
   <div class='ocr_carea' id='block_1_44' title="bbox 289 1476 1076 1516">
    <p class='ocr_par' dir='ltr' id='par_1_44' title="bbox 289 1476 1076 1516">
     <span class='ocr_line' id='line_1_44' title="bbox 289 1476 1076 1516; baseline 0.008 -14"><span class='ocrx_word' id='word_1_278' title='bbox 289 1476 405 1504; x_wconf 81' lang='lat' dir='ltr'><strong>salvavit</strong></span> <span class='ocrx_word' id='word_1_279' title='bbox 418 1485 477 1510; x_wconf 86' lang='lat' dir='ltr'><strong>eos,</strong></span> <span class='ocrx_word' id='word_1_280' title='bbox 493 1478 541 1513; x_wconf 87' lang='lat' dir='ltr'><strong>qui</strong></span> <span class='ocrx_word' id='word_1_281' title='bbox 561 1483 587 1506; x_wconf 90' lang='lat' dir='ltr'><strong>te</strong></span> <span class='ocrx_word' id='word_1_282' title='bbox 599 1487 690 1507; x_wconf 85' lang='lat' dir='ltr'><strong>veram</strong></span> <span class='ocrx_word' id='word_1_283' title='bbox 707 1479 850 1515; x_wconf 84' lang='lat' dir='ltr'><strong>Deiparam</strong></span> <span class='ocrx_word' id='word_1_284' title='bbox 866 1485 971 1508; x_wconf 82' lang='lat' dir='ltr'><strong>castam</strong></span> <span class='ocrx_word' id='word_1_285' title='bbox 990 1488 1076 1516; x_wconf 77' lang='lat' dir='ltr'><strong>agno-</strong></span> 
     </span>
    </p>
   </div>
   <div class='ocr_carea' id='block_1_45' title="bbox 288 1527 379 1551">
    <p class='ocr_par' dir='ltr' id='par_1_45' title="bbox 288 1527 379 1551">
     <span class='ocr_line' id='line_1_45' title="bbox 288 1527 379 1551; baseline 0.022 -2"><span class='ocrx_word' id='word_1_286' title='bbox 288 1527 379 1551; x_wconf 82' lang='lat' dir='ltr'><strong>scunt.</strong></span> 
     </span>
    </p>
   </div>
   <div class='ocr_carea' id='block_1_46' title="bbox 323 1567 1075 1604">
    <p class='ocr_par' dir='ltr' id='par_1_46' title="bbox 323 1567 1075 1604">
     <span class='ocr_line' id='line_1_46' title="bbox 323 1567 1075 1604; baseline 0.008 -10"><span class='ocrx_word' id='word_1_287' title='bbox 323 1567 380 1595; x_wconf 80' lang='lat' dir='ltr'><strong>Lux</strong></span> <span class='ocrx_word' id='word_1_288' title='bbox 397 1577 430 1596; x_wconf 81' lang='lat' dir='ltr'><strong>ex</strong></span> <span class='ocrx_word' id='word_1_289' title='bbox 451 1574 530 1598; x_wconf 87' lang='lat' dir='ltr'><strong>utero</strong></span> <span class='ocrx_word' id='word_1_290' title='bbox 543 1575 589 1598; x_wconf 92' lang='lat' dir='ltr'><strong>tuo</strong></span> <span class='ocrx_word' id='word_1_291' title='bbox 609 1576 719 1604; x_wconf 82' lang='lat' dir='ltr'><strong>exorta,</strong></span> <span class='ocrx_word' id='word_1_292' title='bbox 739 1575 876 1600; x_wconf 88' lang='lat' dir='ltr'><strong>terrarum</strong></span> <span class='ocrx_word' id='word_1_293' title='bbox 899 1572 993 1601; x_wconf 86' lang='lat' dir='ltr'><strong>orbem</strong></span> <span class='ocrx_word' id='word_1_294' title='bbox 1012 1572 1075 1600; x_wconf 90' lang='lat' dir='ltr'><strong>illu-</strong></span> 
     </span>
    </p>
   </div>
   <div class='ocr_carea' id='block_1_47' title="bbox 289 1614 1076 1655">
    <p class='ocr_par' dir='ltr' id='par_1_47' title="bbox 289 1614 1076 1655">
     <span class='ocr_line' id='line_1_47' title="bbox 289 1614 1076 1655; baseline 0.009 -16"><span class='ocrx_word' id='word_1_295' title='bbox 289 1614 415 1649; x_wconf 87' lang='lat' dir='ltr'><strong>minavit,</strong></span> <span class='ocrx_word' id='word_1_296' title='bbox 438 1624 455 1643; x_wconf 93' lang='grc' dir='ltr'><strong>ο</strong></span> <span class='ocrx_word' id='word_1_297' title='bbox 473 1616 570 1652; x_wconf 84' lang='lat' dir='ltr'><strong>Virgo,</strong></span> <span class='ocrx_word' id='word_1_298' title='bbox 596 1625 628 1645; x_wconf 89' lang='lat' dir='ltr'><strong>ac</strong></span> <span class='ocrx_word' id='word_1_299' title='bbox 647 1618 802 1646; x_wconf 70' lang='lat' dir='ltr'><strong>daemonum</strong></span> <span class='ocrx_word' id='word_1_300' title='bbox 830 1619 978 1653; x_wconf 84' lang='lat' dir='ltr'><strong>nebulam,</strong></span> <span class='ocrx_word' id='word_1_301' title='bbox 994 1625 1076 1655; x_wconf 89' lang='lat' dir='ltr'><strong>atque</strong></span> 
     </span>
    </p>
   </div>
   <div class='ocr_carea' id='block_1_48' title="bbox 1128 1021 1901 1054">
    <p class='ocr_par' dir='ltr' id='par_1_48' title="bbox 1128 1021 1901 1054">
     <span class='ocr_line' id='line_1_48' title="bbox 1128 1021 1901 1054; baseline -0.004 -5"><span class='ocrx_word' id='word_1_302' title='bbox 1128 1022 1162 1049; x_wconf 92' lang='lat' dir='ltr'><strong>ab</strong></span> <span class='ocrx_word' id='word_1_303' title='bbox 1180 1022 1289 1049; x_wconf 79' lang='lat' dir='ltr'><strong>zeternis</strong></span> <span class='ocrx_word' id='word_1_304' title='bbox 1305 1022 1460 1054; x_wconf 89' lang='lat' dir='ltr'><strong>tormentis,</strong></span> <span class='ocrx_word' id='word_1_305' title='bbox 1476 1023 1541 1049; x_wconf 89' lang='lat' dir='ltr'><strong>dum</strong></span> <span class='ocrx_word' id='word_1_306' title='bbox 1558 1025 1620 1049; x_wconf 88' lang='lat' dir='ltr'><strong>tuas</strong></span> <span class='ocrx_word' id='word_1_307' title='bbox 1635 1021 1731 1048; x_wconf 87' lang='lat' dir='ltr'><strong>laudes</strong></span> <span class='ocrx_word' id='word_1_308' title='bbox 1745 1025 1901 1048; x_wconf 87' lang='lat' dir='ltr'><strong>cantamus.</strong></span> 
     </span>
    </p>
   </div>
   <div class='ocr_carea' id='block_1_49' title="bbox 1162 1065 1913 1094">
    <p class='ocr_par' dir='ltr' id='par_1_49' title="bbox 1162 1065 1913 1094">
     <span class='ocr_line' id='line_1_49' title="bbox 1162 1065 1913 1094; baseline -0.001 -1"><span class='ocrx_word' id='word_1_309' title='bbox 1162 1065 1323 1094; x_wconf 83' lang='lat' dir='ltr'><strong>lncarnatus</strong></span> <span class='ocrx_word' id='word_1_310' title='bbox 1348 1070 1389 1094; x_wconf 87' lang='lat' dir='ltr'><strong>est</strong></span> <span class='ocrx_word' id='word_1_311' title='bbox 1416 1067 1484 1094; x_wconf 87' lang='lat' dir='ltr'><strong>citra</strong></span> <span class='ocrx_word' id='word_1_312' title='bbox 1509 1066 1689 1093; x_wconf 87' lang='lat' dir='ltr'><strong>mutationem</strong></span> <span class='ocrx_word' id='word_1_313' title='bbox 1719 1066 1850 1093; x_wconf 85' lang='lat' dir='ltr'><strong>Dominus</strong></span> <span class='ocrx_word' id='word_1_314' title='bbox 1880 1073 1913 1093; x_wconf 73' lang='lat' dir='ltr'><strong>ex</strong></span> 
     </span>
    </p>
   </div>
   <div class='ocr_carea' id='block_1_50' title="bbox 1128 1111 1914 1148">
    <p class='ocr_par' dir='ltr' id='par_1_50' title="bbox 1128 1111 1914 1148">
     <span class='ocr_line' id='line_1_50' title="bbox 1128 1111 1914 1148; baseline -0.003 -8"><span class='ocrx_word' id='word_1_315' title='bbox 1128 1113 1212 1140; x_wconf 87' lang='lat' dir='ltr'><strong>castis</strong></span> <span class='ocrx_word' id='word_1_316' title='bbox 1229 1112 1409 1148; x_wconf 73' lang='lat' dir='ltr'><strong>sanguinibus</strong></span> <span class='ocrx_word' id='word_1_317' title='bbox 1436 1112 1501 1144; x_wconf 93' lang='lat' dir='ltr'><strong>luis,</strong></span> <span class='ocrx_word' id='word_1_318' title='bbox 1523 1119 1539 1139; x_wconf 92' lang='grc' dir='ltr'><strong>ο</strong></span> <span class='ocrx_word' id='word_1_319' title='bbox 1558 1111 1638 1146; x_wconf 76' lang='lat' dir='ltr'><strong>Virgo</strong></span> <span class='ocrx_word' id='word_1_320' title='bbox 1654 1115 1708 1139; x_wconf 89' lang='lat' dir='ltr'><strong>tota</strong></span> <span class='ocrx_word' id='word_1_321' title='bbox 1724 1119 1803 1147; x_wconf 91' lang='lat' dir='ltr'><strong>pura,</strong></span> <span class='ocrx_word' id='word_1_322' title='bbox 1831 1116 1914 1146; x_wconf 84' lang='lat' dir='ltr'><strong>atque</strong></span> 
     </span>
    </p>
   </div>
   <div class='ocr_carea' id='block_1_51' title="bbox 1128 1157 1912 1194">
    <p class='ocr_par' dir='ltr' id='par_1_51' title="bbox 1128 1157 1912 1194">
     <span class='ocr_line' id='line_1_51' title="bbox 1128 1157 1912 1194; baseline -0.003 -9"><span class='ocrx_word' id='word_1_323' title='bbox 1128 1166 1223 1186; x_wconf 90' lang='lat' dir='ltr'><strong>omnes</strong></span> <span class='ocrx_word' id='word_1_324' title='bbox 1236 1166 1286 1186; x_wconf 84' lang='lat' dir='ltr'><strong>nos</strong></span> <span class='ocrx_word' id='word_1_325' title='bbox 1301 1166 1425 1186; x_wconf 91' lang='lat' dir='ltr'><strong>errorum</strong></span> <span class='ocrx_word' id='word_1_326' title='bbox 1440 1158 1545 1194; x_wconf 84' lang='lat' dir='ltr'><strong>laqueis</strong></span> <span class='ocrx_word' id='word_1_327' title='bbox 1559 1158 1718 1194; x_wconf 88' lang='lat' dir='ltr'><strong>itnplicitos,</strong></span> <span class='ocrx_word' id='word_1_328' title='bbox 1734 1158 1768 1185; x_wconf 83' lang='lat' dir='ltr'><strong>ad</strong></span> <span class='ocrx_word' id='word_1_329' title='bbox 1789 1157 1912 1184; x_wconf 85' lang='lat' dir='ltr'><strong>divinam</strong></span> 
     </span>
    </p>
   </div>
   <div class='ocr_carea' id='block_1_52' title="bbox 1128 1203 1914 1239">
    <p class='ocr_par' dir='ltr' id='par_1_52' title="bbox 1128 1203 1914 1239">
     <span class='ocr_line' id='line_1_52' title="bbox 1128 1203 1914 1239; baseline -0.003 -7"><span class='ocrx_word' id='word_1_330' title='bbox 1128 1205 1210 1232; x_wconf 81' lang='lat' dir='ltr'><strong>vitam</strong></span> <span class='ocrx_word' id='word_1_331' title='bbox 1223 1212 1331 1237; x_wconf 87' lang='lat' dir='ltr'><strong>revoca,</strong></span> <span class='ocrx_word' id='word_1_332' title='bbox 1344 1205 1408 1232; x_wconf 92' lang='lat' dir='ltr'><strong>dum</strong></span> <span class='ocrx_word' id='word_1_333' title='bbox 1426 1205 1581 1239; x_wconf 89' lang='lat' dir='ltr'><strong>laudamus,</strong></span> <span class='ocrx_word' id='word_1_334' title='bbox 1593 1212 1609 1233; x_wconf 90' lang='grc' dir='ltr'><strong>ο</strong></span> <span class='ocrx_word' id='word_1_335' title='bbox 1621 1204 1695 1232; x_wconf 89' lang='lat' dir='ltr'><strong>omni</strong></span> <span class='ocrx_word' id='word_1_336' title='bbox 1715 1203 1795 1232; x_wconf 85' lang='lat' dir='ltr'><strong>laude</strong></span> <span class='ocrx_word' id='word_1_337' title='bbox 1808 1204 1914 1239; x_wconf 79' lang='lat' dir='ltr'><strong>dignis-</strong></span> 
     </span>
    </p>
   </div>
   <div class='ocr_carea' id='block_1_53' title="bbox 1128 1251 1208 1278">
    <p class='ocr_par' dir='ltr' id='par_1_53' title="bbox 1128 1251 1208 1278">
     <span class='ocr_line' id='line_1_53' title="bbox 1128 1251 1208 1278; baseline -0.013 0"><span class='ocrx_word' id='word_1_338' title='bbox 1128 1251 1208 1278; x_wconf 79' lang='lat' dir='ltr'><strong>siina.</strong></span> 
     </span>
    </p>
   </div>
   <div class='ocr_carea' id='block_1_54' title="bbox 1165 1297 1911 1333">
    <p class='ocr_par' dir='ltr' id='par_1_54' title="bbox 1165 1297 1911 1333">
     <span class='ocr_line' id='line_1_54' title="bbox 1165 1297 1911 1333; baseline 0.003 -11"><span class='ocrx_word' id='word_1_339' title='bbox 1165 1297 1267 1325; x_wconf 71' lang='lat' dir='ltr'><strong>Divina:</strong></span> <span class='ocrx_word' id='word_1_340' title='bbox 1287 1298 1508 1333; x_wconf 88' lang='lat' dir='ltr'><strong>compunctionis</strong></span> <span class='ocrx_word' id='word_1_341' title='bbox 1536 1297 1640 1325; x_wconf 88' lang='lat' dir='ltr'><strong>imbres</strong></span> <span class='ocrx_word' id='word_1_342' title='bbox 1655 1297 1729 1325; x_wconf 86' lang='lat' dir='ltr'><strong>stilla</strong></span> <span class='ocrx_word' id='word_1_343' title='bbox 1754 1304 1837 1332; x_wconf 83' lang='lat' dir='ltr'><strong>super</strong></span> <span class='ocrx_word' id='word_1_344' title='bbox 1857 1304 1911 1329; x_wconf 86' lang='lat' dir='ltr'><strong>me,</strong></span> 
     </span>
    </p>
   </div>
   <div class='ocr_carea' id='block_1_55' title="bbox 1128 1343 1913 1380">
    <p class='ocr_par' dir='ltr' id='par_1_55' title="bbox 1128 1343 1913 1380">
     <span class='ocr_line' id='line_1_55' title="bbox 1128 1343 1913 1380; baseline -0.003 -9"><span class='ocrx_word' id='word_1_345' title='bbox 1128 1344 1281 1371; x_wconf 87' lang='lat' dir='ltr'><strong>castissima</strong></span> <span class='ocrx_word' id='word_1_346' title='bbox 1297 1344 1422 1378; x_wconf 79' lang='lat' dir='ltr'><strong>Domina,</strong></span> <span class='ocrx_word' id='word_1_347' title='bbox 1440 1349 1470 1371; x_wconf 91' lang='lat' dir='ltr'><strong>ut</strong></span> <span class='ocrx_word' id='word_1_348' title='bbox 1492 1345 1610 1380; x_wconf 79' lang='lat' dir='ltr'><strong>lugeam,</strong></span> <span class='ocrx_word' id='word_1_349' title='bbox 1639 1349 1723 1379; x_wconf 85' lang='lat' dir='ltr'><strong>atque</strong></span> <span class='ocrx_word' id='word_1_350' title='bbox 1742 1343 1852 1371; x_wconf 88' lang='lat' dir='ltr'><strong>abluam</strong></span> <span class='ocrx_word' id='word_1_351' title='bbox 1870 1351 1913 1369; x_wconf 90' lang='lat' dir='ltr'><strong>me</strong></span> 
     </span>
    </p>
   </div>
   <div class='ocr_carea' id='block_1_56' title="bbox 1128 1389 1913 1425">
    <p class='ocr_par' dir='ltr' id='par_1_56' title="bbox 1128 1389 1913 1425">
     <span class='ocr_line' id='line_1_56' title="bbox 1128 1389 1913 1425; baseline -0.001 -9"><span class='ocrx_word' id='word_1_352' title='bbox 1128 1393 1215 1416; x_wconf 89' lang='lat' dir='ltr'><strong>totutn</strong></span> <span class='ocrx_word' id='word_1_353' title='bbox 1239 1397 1253 1416; x_wconf 93' lang='lat' dir='ltr'><strong>a</strong></span> <span class='ocrx_word' id='word_1_354' title='bbox 1271 1389 1400 1417; x_wconf 84' lang='lat' dir='ltr'><strong>sordibus</strong></span> <span class='ocrx_word' id='word_1_355' title='bbox 1420 1390 1616 1418; x_wconf 83' lang='lat' dir='ltr'><strong>itnmcnsorum</strong></span> <span class='ocrx_word' id='word_1_356' title='bbox 1643 1393 1817 1425; x_wconf 82' lang='lat' dir='ltr'><strong>peccatorum</strong></span> <span class='ocrx_word' id='word_1_357' title='bbox 1836 1395 1913 1416; x_wconf 92' lang='lat' dir='ltr'><strong>meo-</strong></span> 
     </span>
    </p>
   </div>
   <div class='ocr_carea' id='block_1_57' title="bbox 1127 1443 1200 1463">
    <p class='ocr_par' dir='ltr' id='par_1_57' title="bbox 1127 1443 1200 1463">
     <span class='ocr_line' id='line_1_57' title="bbox 1127 1443 1200 1463; baseline -0.014 0"><span class='ocrx_word' id='word_1_358' title='bbox 1127 1443 1200 1463; x_wconf 82' lang='lat' dir='ltr'><strong>I‘Ulll.</strong></span> 
     </span>
    </p>
   </div>
   <div class='ocr_carea' id='block_1_58' title="bbox 1162 1479 1914 1515">
    <p class='ocr_par' dir='ltr' id='par_1_58' title="bbox 1162 1479 1914 1515">
     <span class='ocr_line' id='line_1_58' title="bbox 1162 1479 1914 1515; baseline -0.004 -7"><span class='ocrx_word' id='word_1_359' title='bbox 1162 1480 1269 1508; x_wconf 80' lang='lat' dir='ltr'><strong>l’eceati</strong></span> <span class='ocrx_word' id='word_1_360' title='bbox 1285 1480 1374 1515; x_wconf 77' lang='lat' dir='ltr'><strong>gladio</strong></span> <span class='ocrx_word' id='word_1_361' title='bbox 1404 1480 1544 1508; x_wconf 87' lang='lat' dir='ltr'><strong>sauciatus</strong></span> <span class='ocrx_word' id='word_1_362' title='bbox 1567 1487 1604 1507; x_wconf 75' lang='lat' dir='ltr'><strong>ac</strong></span> <span class='ocrx_word' id='word_1_363' title='bbox 1633 1479 1768 1514; x_wconf 85' lang='lat' dir='ltr'><strong>dejectus,</strong></span> <span class='ocrx_word' id='word_1_364' title='bbox 1787 1483 1914 1506; x_wconf 87' lang='lat' dir='ltr'><strong>mortuus</strong></span> 
     </span>
    </p>
   </div>
   <div class='ocr_carea' id='block_1_59' title="bbox 1127 1525 1910 1562">
    <p class='ocr_par' dir='ltr' id='par_1_59' title="bbox 1127 1525 1910 1562">
     <span class='ocr_line' id='line_1_59' title="bbox 1127 1525 1910 1562; baseline -0.001 -9"><span class='ocrx_word' id='word_1_365' title='bbox 1127 1534 1200 1554; x_wconf 87' lang='lat' dir='ltr'><strong>sum.</strong></span> <span class='ocrx_word' id='word_1_366' title='bbox 1220 1526 1261 1553; x_wconf 89' lang='lat' dir='ltr'><strong>Tu</strong></span> <span class='ocrx_word' id='word_1_367' title='bbox 1279 1534 1340 1561; x_wconf 67' lang='lat' dir='ltr'><strong>quae</strong></span> <span class='ocrx_word' id='word_1_368' title='bbox 1368 1525 1498 1562; x_wconf 77' lang='lat' dir='ltr'><strong>peperisti</strong></span> <span class='ocrx_word' id='word_1_369' title='bbox 1524 1525 1675 1554; x_wconf 77' lang='lat' dir='ltr'><strong>Christum.</strong></span> <span class='ocrx_word' id='word_1_370' title='bbox 1696 1525 1742 1559; x_wconf 87' lang='lat' dir='ltr'><strong>qui</strong></span> <span class='ocrx_word' id='word_1_371' title='bbox 1757 1530 1843 1552; x_wconf 86' lang='lat' dir='ltr'><strong>morte</strong></span> <span class='ocrx_word' id='word_1_372' title='bbox 1861 1533 1910 1552; x_wconf 79' lang='lat' dir='ltr'><strong>sua</strong></span> 
     </span>
    </p>
   </div>
   <div class='ocr_carea' id='block_1_60' title="bbox 1127 1570 1913 1605">
    <p class='ocr_par' dir='ltr' id='par_1_60' title="bbox 1127 1570 1913 1605">
     <span class='ocr_line' id='line_1_60' title="bbox 1127 1570 1913 1605; baseline -0.001 -6"><span class='ocrx_word' id='word_1_373' title='bbox 1127 1571 1240 1599; x_wconf 84' lang='lat' dir='ltr'><strong>sustulit</strong></span> <span class='ocrx_word' id='word_1_374' title='bbox 1255 1576 1382 1603; x_wconf 88' lang='lat' dir='ltr'><strong>mortem,</strong></span> <span class='ocrx_word' id='word_1_375' title='bbox 1408 1571 1515 1598; x_wconf 89' lang='lat' dir='ltr'><strong>vivilico</strong></span> <span class='ocrx_word' id='word_1_376' title='bbox 1540 1570 1691 1605; x_wconf 87' lang='lat' dir='ltr'><strong>patrocinio</strong></span> <span class='ocrx_word' id='word_1_377' title='bbox 1715 1576 1773 1602; x_wconf 87' lang='lat' dir='ltr'><strong>tuo,</strong></span> <span class='ocrx_word' id='word_1_378' title='bbox 1791 1571 1850 1598; x_wconf 69' lang='lat' dir='ltr'><strong>vita:</strong></span> <span class='ocrx_word' id='word_1_379' title='bbox 1870 1578 1913 1598; x_wconf 80' lang='lat' dir='ltr'><strong>rc-</strong></span> 
     </span>
    </p>
   </div>
   <div class='ocr_carea' id='block_1_61' title="bbox 1128 1617 1433 1650">
    <p class='ocr_par' dir='ltr' id='par_1_61' title="bbox 1128 1617 1433 1650">
     <span class='ocr_line' id='line_1_61' title="bbox 1128 1617 1433 1650; baseline 0 -6"><span class='ocrx_word' id='word_1_380' title='bbox 1128 1618 1213 1645; x_wconf 88' lang='lat' dir='ltr'><strong>stitue</strong></span> <span class='ocrx_word' id='word_1_381' title='bbox 1226 1625 1278 1650; x_wconf 89' lang='lat' dir='ltr'><strong>me,</strong></span> <span class='ocrx_word' id='word_1_382' title='bbox 1294 1622 1322 1645; x_wconf 86' lang='lat' dir='ltr'><strong>et</strong></span> <span class='ocrx_word' id='word_1_383' title='bbox 1339 1617 1433 1644; x_wconf 88' lang='lat' dir='ltr'><strong>saluti.</strong></span> 
     </span>
    </p>
   </div>
   <div class='ocr_carea' id='block_1_62' title="bbox 289 1660 1914 1701">
    <p class='ocr_par' dir='ltr' id='par_1_62' title="bbox 289 1660 1914 1701">
     <span class='ocr_line' id='line_1_62' title="bbox 289 1660 1914 1701; baseline 0.002 -15"><span class='ocrx_word' id='word_1_384' title='bbox 289 1660 450 1695; x_wconf 74' lang='lat' dir='ltr'><strong>ignorantia:</strong></span> <span class='ocrx_word' id='word_1_385' title='bbox 476 1664 604 1692; x_wconf 80' lang='lat' dir='ltr'><strong>tenebras</strong></span> <span class='ocrx_word' id='word_1_386' title='bbox 621 1665 802 1701; x_wconf 85' lang='lat' dir='ltr'><strong>undequaque</strong></span> <span class='ocrx_word' id='word_1_387' title='bbox 818 1665 928 1701; x_wconf 86' lang='lat' dir='ltr'><strong>penitus</strong></span> <span class='ocrx_word' id='word_1_388' title='bbox 947 1666 1074 1693; x_wconf 87' lang='lat' dir='ltr'><strong>elimina-</strong></span> <span class='ocrx_word' id='word_1_389' title='bbox 1089 1665 1112 1694; x_wconf 75' lang='grc' dir='ltr'>α</span> <span class='ocrx_word' id='word_1_390' title='bbox 1164 1663 1363 1692; x_wconf 81' lang='lat' dir='ltr'><strong>Sacratissima:</strong></span> <span class='ocrx_word' id='word_1_391' title='bbox 1378 1663 1573 1698; x_wconf 86' lang='lat' dir='ltr'><strong>prophetarum</strong></span> <span class='ocrx_word' id='word_1_392' title='bbox 1590 1662 1689 1698; x_wconf 66' lang='lat' dir='ltr'><strong>linguae</strong></span> <span class='ocrx_word' id='word_1_393' title='bbox 1699 1663 1914 1698; x_wconf 78' lang='lat' dir='ltr'><strong>pramuntianles</strong></span> 
     </span>
    </p>
   </div>
   <div class='ocr_carea' id='block_1_63' title="bbox 289 1706 619 1737">
    <p class='ocr_par' dir='ltr' id='par_1_63' title="bbox 289 1706 619 1737">
     <span class='ocr_line' id='line_1_63' title="bbox 289 1706 619 1737; baseline 0.018 -6"><span class='ocrx_word' id='word_1_394' title='bbox 289 1706 339 1735; x_wconf 87' lang='lat' dir='ltr'><strong>vit.</strong></span> <span class='ocrx_word' id='word_1_395' title='bbox 355 1706 434 1734; x_wconf 85' lang='lat' dir='ltr'><strong>Jesus</strong></span> <span class='ocrx_word' id='word_1_396' title='bbox 449 1707 519 1735; x_wconf 89' lang='lat' dir='ltr'><strong>lucis</strong></span> <span class='ocrx_word' id='word_1_397' title='bbox 530 1709 619 1737; x_wconf 87' lang='lat' dir='ltr'><strong>dator.</strong></span> 
     </span>
    </p>
   </div>
   <div class='ocr_carea' id='block_1_64' title="bbox 324 1751 1074 1792">
    <p class='ocr_par' dir='ltr' id='par_1_64' title="bbox 324 1751 1074 1792">
     <span class='ocr_line' id='line_1_64' title="bbox 324 1751 1074 1792; baseline 0.011 -15"><span class='ocrx_word' id='word_1_398' title='bbox 324 1751 450 1779; x_wconf 80' lang='lat' dir='ltr'><strong>Animam</strong></span> <span class='ocrx_word' id='word_1_399' title='bbox 472 1761 561 1781; x_wconf 86' lang='lat' dir='ltr'><strong>meam</strong></span> <span class='ocrx_word' id='word_1_400' title='bbox 588 1755 747 1788; x_wconf 85' lang='lat' dir='ltr'><strong>passionum</strong></span> <span class='ocrx_word' id='word_1_401' title='bbox 779 1756 876 1784; x_wconf 90' lang='lat' dir='ltr'><strong>morbo</strong></span> <span class='ocrx_word' id='word_1_402' title='bbox 904 1761 1074 1792; x_wconf 87' lang='lat' dir='ltr'><strong>peremptam</strong></span> 
     </span>
    </p>
   </div>
   <div class='ocr_carea' id='block_1_65' title="bbox 289 1796 1075 1838">
    <p class='ocr_par' dir='ltr' id='par_1_65' title="bbox 289 1796 1075 1838">
     <span class='ocr_line' id='line_1_65' title="bbox 289 1796 1075 1838; baseline 0.013 -17"><span class='ocrx_word' id='word_1_403' title='bbox 289 1796 351 1823; x_wconf 74' lang='lat' dir='ltr'><strong>vita:</strong></span> <span class='ocrx_word' id='word_1_404' title='bbox 376 1798 500 1831; x_wconf 86' lang='lat' dir='ltr'><strong>restitue,</strong></span> <span class='ocrx_word' id='word_1_405' title='bbox 523 1805 540 1826; x_wconf 90' lang='grc' dir='ltr'><strong>ο</strong></span> <span class='ocrx_word' id='word_1_406' title='bbox 563 1799 716 1834; x_wconf 84' lang='lat' dir='ltr'><strong>benedicta,</strong></span> <span class='ocrx_word' id='word_1_407' title='bbox 745 1809 808 1837; x_wconf 55' lang='lat' dir='ltr'><strong>quae</strong></span> <span class='ocrx_word' id='word_1_408' title='bbox 831 1803 914 1830; x_wconf 88' lang='lat' dir='ltr'><strong>vitam</strong></span> <span class='ocrx_word' id='word_1_409' title='bbox 944 1804 1075 1838; x_wconf 87' lang='lat' dir='ltr'><strong>peperisti</strong></span> 
     </span>
    </p>
   </div>
   <div class='ocr_carea' id='block_1_66' title="bbox 289 1840 976 1877">
    <p class='ocr_par' dir='ltr' id='par_1_66' title="bbox 289 1840 976 1877">
     <span class='ocr_line' id='line_1_66' title="bbox 289 1840 976 1877; baseline 0.012 -10"><span class='ocrx_word' id='word_1_410' title='bbox 289 1841 410 1868; x_wconf 89' lang='lat' dir='ltr'><strong>omnium</strong></span> <span class='ocrx_word' id='word_1_411' title='bbox 428 1843 581 1877; x_wconf 89' lang='lat' dir='ltr'><strong>Dominum,</strong></span> <span class='ocrx_word' id='word_1_412' title='bbox 601 1846 645 1872; x_wconf 86' lang='lat' dir='ltr'><strong>cui</strong></span> <span class='ocrx_word' id='word_1_413' title='bbox 657 1840 829 1874; x_wconf 83' lang='lat' dir='ltr'><strong>modulantes</strong></span> <span class='ocrx_word' id='word_1_414' title='bbox 838 1847 976 1876; x_wconf 91' lang='lat' dir='ltr'><strong>canimus.</strong></span> 
     </span>
    </p>
   </div>
   <div class='ocr_carea' id='block_1_67' title="bbox 326 1885 1075 1929">
    <p class='ocr_par' dir='ltr' id='par_1_67' title="bbox 326 1885 1075 1929">
     <span class='ocr_line' id='line_1_67' title="bbox 326 1885 1075 1929; baseline 0.012 -17"><span class='ocrx_word' id='word_1_415' title='bbox 326 1885 347 1912; x_wconf 96' lang='lat'>0</span> <span class='ocrx_word' id='word_1_416' title='bbox 363 1886 457 1916; x_wconf 86' lang='lat' dir='ltr'><strong>divina</strong></span> <span class='ocrx_word' id='word_1_417' title='bbox 471 1890 556 1924; x_wconf 77' lang='lat' dir='ltr'><strong>gratia</strong></span> <span class='ocrx_word' id='word_1_418' title='bbox 585 1890 755 1924; x_wconf 86' lang='lat' dir='ltr'><strong>plenissima,</strong></span> <span class='ocrx_word' id='word_1_419' title='bbox 783 1900 844 1926; x_wconf 79' lang='lat' dir='ltr'><strong>quae</strong></span> <span class='ocrx_word' id='word_1_420' title='bbox 860 1893 934 1920; x_wconf 88' lang='lat' dir='ltr'><strong>velut</strong></span> <span class='ocrx_word' id='word_1_421' title='bbox 956 1893 1075 1929; x_wconf 84' lang='lat' dir='ltr'><strong>forceps,</strong></span> 
     </span>
    </p>
   </div>
   <div class='ocr_carea' id='block_1_68' title="bbox 290 1932 1077 1972">
    <p class='ocr_par' dir='ltr' id='par_1_68' title="bbox 290 1932 1077 1972">
     <span class='ocr_line' id='line_1_68' title="bbox 290 1932 1077 1972; baseline 0.011 -14"><span class='ocrx_word' id='word_1_422' title='bbox 290 1932 428 1960; x_wconf 79' lang='lat' dir='ltr'><strong>caelestem</strong></span> <span class='ocrx_word' id='word_1_423' title='bbox 450 1935 596 1964; x_wconf 77' lang='lat' dir='ltr'><strong>carbonem</strong></span> <span class='ocrx_word' id='word_1_424' title='bbox 617 1937 689 1964; x_wconf 86' lang='lat' dir='ltr'><strong>ulnis</strong></span> <span class='ocrx_word' id='word_1_425' title='bbox 701 1938 757 1965; x_wconf 87' lang='lat' dir='ltr'><strong>tuis</strong></span> <span class='ocrx_word' id='word_1_426' title='bbox 778 1939 875 1972; x_wconf 85' lang='lat' dir='ltr'><strong>tulisti,</strong></span> <span class='ocrx_word' id='word_1_427' title='bbox 896 1940 995 1967; x_wconf 83' lang='lat' dir='ltr'><strong>anima:-</strong></span> <span class='ocrx_word' id='word_1_428' title='bbox 1011 1948 1077 1967; x_wconf 79' lang='lat' dir='ltr'><strong>mea:</strong></span> 
     </span>
    </p>
   </div>
   <div class='ocr_carea' id='block_1_69' title="bbox 290 1979 1079 2020">
    <p class='ocr_par' dir='ltr' id='par_1_69' title="bbox 290 1979 1079 2020">
     <span class='ocr_line' id='line_1_69' title="bbox 290 1979 1079 2020; baseline 0.011 -16"><span class='ocrx_word' id='word_1_429' title='bbox 290 1985 389 2013; x_wconf 78' lang='lat' dir='ltr'><strong>pravas</strong></span> <span class='ocrx_word' id='word_1_430' title='bbox 404 1979 561 2010; x_wconf 75' lang='lat' dir='ltr'><strong>aifectiones</strong></span> <span class='ocrx_word' id='word_1_431' title='bbox 576 1990 671 2016; x_wconf 82' lang='lat' dir='ltr'><strong>exure,</strong></span> <span class='ocrx_word' id='word_1_432' title='bbox 684 1989 712 2011; x_wconf 91' lang='lat' dir='ltr'><strong>et</strong></span> <span class='ocrx_word' id='word_1_433' title='bbox 725 1984 759 2011; x_wconf 92' lang='lat' dir='ltr'><strong>ab</strong></span> <span class='ocrx_word' id='word_1_434' title='bbox 772 1985 835 2020; x_wconf 76' lang='lat' dir='ltr'><strong>igne</strong></span> <span class='ocrx_word' id='word_1_435' title='bbox 847 1985 988 2012; x_wconf 84' lang='lat' dir='ltr'><strong>tremendo</strong></span> <span class='ocrx_word' id='word_1_436' title='bbox 1003 1986 1079 2020; x_wconf 83' lang='lat' dir='ltr'><strong>eripe</strong></span> 
     </span>
    </p>
   </div>
   <div class='ocr_carea' id='block_1_70' title="bbox 289 2025 1076 2066">
    <p class='ocr_par' dir='ltr' id='par_1_70' title="bbox 289 2025 1076 2066">
     <span class='ocr_line' id='line_1_70' title="bbox 289 2025 1076 2066; baseline 0.01 -15"><span class='ocrx_word' id='word_1_437' title='bbox 289 2029 316 2051; x_wconf 90' lang='lat' dir='ltr'><strong>ct</strong></span> <span class='ocrx_word' id='word_1_438' title='bbox 329 2025 402 2052; x_wconf 85' lang='lat' dir='ltr'><strong>salva</strong></span> <span class='ocrx_word' id='word_1_439' title='bbox 422 2034 474 2060; x_wconf 91' lang='lat' dir='ltr'><strong>me,</strong></span> <span class='ocrx_word' id='word_1_440' title='bbox 490 2032 519 2055; x_wconf 91' lang='lat' dir='ltr'><strong>ut</strong></span> <span class='ocrx_word' id='word_1_441' title='bbox 539 2033 564 2055; x_wconf 88' lang='lat' dir='ltr'><strong>te</strong></span> <span class='ocrx_word' id='word_1_442' title='bbox 586 2030 740 2064; x_wconf 82' lang='lat' dir='ltr'><strong>gloriﬁcare</strong></span> <span class='ocrx_word' id='word_1_443' title='bbox 768 2031 883 2066; x_wconf 85' lang='lat' dir='ltr'><strong>possim,</strong></span> <span class='ocrx_word' id='word_1_444' title='bbox 912 2038 929 2058; x_wconf 92' lang='grc' dir='ltr'><strong>ο</strong></span> <span class='ocrx_word' id='word_1_445' title='bbox 955 2031 1076 2059; x_wconf 89' lang='lat' dir='ltr'><strong>lidclium</strong></span> 
     </span>
    </p>
   </div>
   <div class='ocr_carea' id='block_1_71' title="bbox 290 2072 1079 2111">
    <p class='ocr_par' dir='ltr' id='par_1_71' title="bbox 290 2072 1079 2111">
     <span class='ocr_line' id='line_1_71' title="bbox 290 2072 1079 2111; baseline 0.01 -14"><span class='ocrx_word' id='word_1_446' title='bbox 290 2072 374 2099; x_wconf 87' lang='lat' dir='ltr'><strong>tutela</strong></span> <span class='ocrx_word' id='word_1_447' title='bbox 389 2080 421 2100; x_wconf 85' lang='lat' dir='ltr'><strong>ac</strong></span> <span class='ocrx_word' id='word_1_448' title='bbox 441 2076 584 2110; x_wconf 88' lang='lat' dir='ltr'><strong>protectio,</strong></span> <span class='ocrx_word' id='word_1_449' title='bbox 600 2076 659 2111; x_wconf 79' lang='lat' dir='ltr'><strong>qua:</strong></span> <span class='ocrx_word' id='word_1_450' title='bbox 675 2085 730 2104; x_wconf 91' lang='lat' dir='ltr'><strong>non</strong></span> <span class='ocrx_word' id='word_1_451' title='bbox 747 2077 926 2105; x_wconf 79' lang='lat' dir='ltr'><strong>confunditur</strong></span> <span class='ocrx_word' id='word_1_452' title='bbox 950 2085 1001 2105; x_wconf 86' lang='lat' dir='ltr'><strong>nec</strong></span> <span class='ocrx_word' id='word_1_453' title='bbox 1015 2086 1079 2105; x_wconf 85' lang='lat' dir='ltr'><strong>eru-</strong></span> 
     </span>
    </p>
   </div>
   <div class='ocr_carea' id='block_1_72' title="bbox 290 2116 389 2146">
    <p class='ocr_par' dir='ltr' id='par_1_72' title="bbox 290 2116 389 2146">
     <span class='ocr_line' id='line_1_72' title="bbox 290 2116 389 2146; baseline 0.03 -3"><span class='ocrx_word' id='word_1_454' title='bbox 290 2116 389 2146; x_wconf 79' lang='lat' dir='ltr'><strong>bescit.</strong></span> 
     </span>
    </p>
   </div>
   <div class='ocr_carea' id='block_1_73' title="bbox 291 2162 1074 2205">
    <p class='ocr_par' dir='ltr' id='par_1_73' title="bbox 291 2162 1074 2205">
     <span class='ocr_line' id='line_1_73' title="bbox 291 2162 1074 2205; baseline 0.008 -16"><span class='ocrx_word' id='word_1_455' title='bbox 291 2162 334 2190; x_wconf 80' lang='lat' dir='ltr'><strong>Ea:</strong></span> <span class='ocrx_word' id='word_1_456' title='bbox 347 2164 453 2192; x_wconf 75' lang='lat' dir='ltr'><strong>Conone</strong></span> <span class='ocrx_word' id='word_1_457' title='bbox 476 2166 504 2193; x_wconf 80' lang='lat' dir='ltr'><strong>in</strong></span> <span class='ocrx_word' id='word_1_458' title='bbox 521 2166 550 2194; x_wconf 91' lang='lat' dir='ltr'><strong>S.</strong></span> <span class='ocrx_word' id='word_1_459' title='bbox 573 2167 704 2196; x_wconf 79' lang='lat' dir='ltr'><strong>Joannem</strong></span> <span class='ocrx_word' id='word_1_460' title='bbox 724 2169 950 2205; x_wconf 76' lang='lat' dir='ltr'><strong>Chrysostomum,</strong></span> <span class='ocrx_word' id='word_1_461' title='bbox 971 2170 1014 2197; x_wconf 74' lang='lat' dir='ltr'><strong>die</strong></span> <span class='ocrx_word' id='word_1_462' title='bbox 1028 2169 1074 2196; x_wconf 64' lang='lat'><strong>27.</strong></span> 
     </span>
    </p>
   </div>
   <div class='ocr_carea' id='block_1_74' title="bbox 324 2208 1074 2252">
    <p class='ocr_par' dir='ltr' id='par_1_74' title="bbox 324 2208 1074 2252">
     <span class='ocr_line' id='line_1_74' title="bbox 324 2208 1074 2252; baseline 0.005 -14"><span class='ocrx_word' id='word_1_463' title='bbox 324 2208 348 2238; x_wconf 89' lang='grc'>0</span> <span class='ocrx_word' id='word_1_464' title='bbox 362 2210 502 2240; x_wconf 85' lang='lat' dir='ltr'><strong>benedicta</strong></span> <span class='ocrx_word' id='word_1_465' title='bbox 519 2217 545 2240; x_wconf 89' lang='lat' dir='ltr'><strong>et</strong></span> <span class='ocrx_word' id='word_1_466' title='bbox 561 2214 691 2249; x_wconf 75' lang='lat' dir='ltr'><strong>gloriosa,</strong></span> <span class='ocrx_word' id='word_1_467' title='bbox 705 2217 824 2244; x_wconf 80' lang='lat' dir='ltr'><strong>concede</strong></span> <span class='ocrx_word' id='word_1_468' title='bbox 839 2217 873 2243; x_wconf 88' lang='lat' dir='ltr'><strong>iis</strong></span> <span class='ocrx_word' id='word_1_469' title='bbox 903 2217 951 2252; x_wconf 89' lang='lat' dir='ltr'><strong>qui</strong></span> <span class='ocrx_word' id='word_1_470' title='bbox 971 2215 1074 2252; x_wconf 76' lang='lat' dir='ltr'><strong>gloriﬁ-</strong></span> 
     </span>
    </p>
   </div>
   <div class='ocr_carea' id='block_1_75' title="bbox 457 2270 910 2306">
    <p class='ocr_par' dir='ltr' id='par_1_75' title="bbox 457 2270 910 2306">
     <span class='ocr_line' id='line_1_75' title="bbox 457 2270 910 2306; baseline 0.007 -9"><span class='ocrx_word' id='word_1_471' title='bbox 457 2270 513 2306; x_wconf 68' lang='grc' dir='ltr'>σο</span> <span class='ocrx_word' id='word_1_472' title='bbox 524 2270 650 2299; x_wconf 83' lang='lat' dir='ltr'><strong>MENSIS</strong></span> <span class='ocrx_word' id='word_1_473' title='bbox 674 2271 910 2300; x_wconf 73' lang='lat' dir='ltr'><strong>FEBRUARIUS.</strong></span> 
     </span>
    </p>
   </div>
   <div class='ocr_carea' id='block_1_76' title="bbox 294 2334 1074 2371">
    <p class='ocr_par' dir='ltr' id='par_1_76' title="bbox 294 2334 1074 2371">
     <span class='ocr_line' id='line_1_76' title="bbox 294 2334 1074 2371; baseline 0.005 -10"><span class='ocrx_word' id='word_1_474' title='bbox 294 2334 332 2361; x_wconf 76' lang='lat' dir='ltr'><strong>Ex</strong></span> <span class='ocrx_word' id='word_1_475' title='bbox 343 2334 486 2364; x_wconf 79' lang='lat' dir='ltr'><strong>Canonciu</strong></span> <span class='ocrx_word' id='word_1_476' title='bbox 505 2337 534 2364; x_wconf 89' lang='lat' dir='ltr'><strong>S.</strong></span> <span class='ocrx_word' id='word_1_477' title='bbox 557 2337 704 2365; x_wconf 80' lang='lat' dir='ltr'><strong>Simeonem</strong></span> <span class='ocrx_word' id='word_1_478' title='bbox 725 2337 919 2371; x_wconf 80' lang='lat' dir='ltr'><strong>Theodachum,</strong></span> <span class='ocrx_word' id='word_1_479' title='bbox 936 2346 982 2365; x_wconf 77' lang='lat' dir='ltr'><strong>seu</strong></span> <span class='ocrx_word' id='word_1_480' title='bbox 1010 2338 1074 2365; x_wconf 84' lang='lat' dir='ltr'><strong>Dei-</strong></span> 
     </span>
    </p>
   </div>
   <div class='ocr_carea' id='block_1_77' title="bbox 585 2373 780 2407">
    <p class='ocr_par' dir='ltr' id='par_1_77' title="bbox 585 2373 780 2407">
     <span class='ocr_line' id='line_1_77' title="bbox 585 2373 780 2407; baseline 0.005 -8"><span class='ocrx_word' id='word_1_481' title='bbox 585 2373 681 2407; x_wconf 77' lang='lat' dir='ltr'><strong>ferum,</strong></span> <span class='ocrx_word' id='word_1_482' title='bbox 696 2373 739 2400; x_wconf 85' lang='lat' dir='ltr'><strong>die</strong></span> <span class='ocrx_word' id='word_1_483' title='bbox 753 2374 780 2401; x_wconf 79' lang='lat'><strong>5.</strong></span> 
     </span>
    </p>
   </div>
   <div class='ocr_carea' id='block_1_78' title="bbox 326 2427 1077 2465">
    <p class='ocr_par' dir='ltr' id='par_1_78' title="bbox 326 2427 1077 2465">
     <span class='ocr_line' id='line_1_78' title="bbox 326 2427 1077 2465; baseline 0.005 -11"><span class='ocrx_word' id='word_1_484' title='bbox 326 2427 372 2455; x_wconf 87' lang='lat' dir='ltr'><strong>Ille</strong></span> <span class='ocrx_word' id='word_1_485' title='bbox 386 2428 433 2464; x_wconf 88' lang='lat' dir='ltr'><strong>qui</strong></span> <span class='ocrx_word' id='word_1_486' title='bbox 457 2428 553 2463; x_wconf 89' lang='lat' dir='ltr'><strong>plenus</strong></span> <span class='ocrx_word' id='word_1_487' title='bbox 580 2435 639 2457; x_wconf 90' lang='lat' dir='ltr'><strong>erat</strong></span> <span class='ocrx_word' id='word_1_488' title='bbox 658 2435 828 2464; x_wconf 81' lang='lat' dir='ltr'><strong>evacuatur;</strong></span> <span class='ocrx_word' id='word_1_489' title='bbox 857 2431 902 2465; x_wconf 90' lang='lat' dir='ltr'><strong>qui</strong></span> <span class='ocrx_word' id='word_1_490' title='bbox 931 2433 991 2458; x_wconf 82' lang='lat' dir='ltr'><strong>erat</strong></span> <span class='ocrx_word' id='word_1_491' title='bbox 1014 2436 1077 2458; x_wconf 86' lang='lat' dir='ltr'><strong>ante</strong></span> 
     </span>
    </p>
   </div>
   <div class='ocr_carea' id='block_1_79' title="bbox 291 2475 1073 2512">
    <p class='ocr_par' dir='ltr' id='par_1_79' title="bbox 291 2475 1073 2512">
     <span class='ocr_line' id='line_1_79' title="bbox 291 2475 1073 2512; baseline 0.004 -11"><span class='ocrx_word' id='word_1_492' title='bbox 291 2475 401 2507; x_wconf 70' lang='lat' dir='ltr'><strong>smcula,</strong></span> <span class='ocrx_word' id='word_1_493' title='bbox 432 2475 527 2510; x_wconf 88' lang='lat' dir='ltr'><strong>incipit</strong></span> <span class='ocrx_word' id='word_1_494' title='bbox 553 2483 631 2509; x_wconf 84' lang='lat' dir='ltr'><strong>esse;</strong></span> <span class='ocrx_word' id='word_1_495' title='bbox 649 2476 767 2504; x_wconf 81' lang='lat' dir='ltr'><strong>Verbum</strong></span> <span class='ocrx_word' id='word_1_496' title='bbox 789 2477 818 2504; x_wconf 89' lang='lat' dir='ltr'><strong>ﬁt</strong></span> <span class='ocrx_word' id='word_1_497' title='bbox 836 2477 987 2512; x_wconf 81' lang='lat' dir='ltr'><strong>palpabile;</strong></span> <span class='ocrx_word' id='word_1_498' title='bbox 1016 2477 1073 2511; x_wconf 86' lang='lat' dir='ltr'><strong>pla-</strong></span> 
     </span>
    </p>
   </div>
   <div class='ocr_carea' id='block_1_80' title="bbox 291 2518 1075 2557">
    <p class='ocr_par' dir='ltr' id='par_1_80' title="bbox 291 2518 1075 2557">
     <span class='ocr_line' id='line_1_80' title="bbox 291 2518 1075 2557; baseline 0 -9"><span class='ocrx_word' id='word_1_499' title='bbox 291 2526 395 2548; x_wconf 82' lang='lat' dir='ltr'><strong>smator</strong></span> <span class='ocrx_word' id='word_1_500' title='bbox 409 2518 577 2556; x_wconf 88' lang='lat' dir='ltr'><strong>plasniatur;</strong></span> <span class='ocrx_word' id='word_1_501' title='bbox 595 2522 881 2557; x_wconf 84' lang='lat' dir='ltr'><strong>incomprehensibilis</strong></span> <span class='ocrx_word' id='word_1_502' title='bbox 894 2523 1075 2556; x_wconf 79' lang='lat' dir='ltr'><strong>comprehen—</strong></span> 
     </span>
    </p>
   </div>
   <div class='ocr_carea' id='block_1_81' title="bbox 290 2568 1045 2603">
    <p class='ocr_par' dir='ltr' id='par_1_81' title="bbox 290 2568 1045 2603">
     <span class='ocr_line' id='line_1_81' title="bbox 290 2568 1045 2603; baseline 0.003 -9"><span class='ocrx_word' id='word_1_503' title='bbox 290 2568 364 2595; x_wconf 89' lang='lat' dir='ltr'><strong>ditur</strong></span> <span class='ocrx_word' id='word_1_504' title='bbox 378 2568 404 2595; x_wconf 87' lang='lat' dir='ltr'><strong>in</strong></span> <span class='ocrx_word' id='word_1_505' title='bbox 421 2572 498 2595; x_wconf 86' lang='lat' dir='ltr'><strong>utero</strong></span> <span class='ocrx_word' id='word_1_506' title='bbox 511 2573 559 2595; x_wconf 87' lang='lat' dir='ltr'><strong>tuo</strong></span> <span class='ocrx_word' id='word_1_507' title='bbox 578 2573 752 2603; x_wconf 85' lang='lat' dir='ltr'><strong>corporatus,</strong></span> <span class='ocrx_word' id='word_1_508' title='bbox 771 2568 825 2595; x_wconf 89' lang='lat' dir='ltr'><strong>Deo</strong></span> <span class='ocrx_word' id='word_1_509' title='bbox 837 2576 854 2595; x_wconf 87' lang='grc' dir='ltr'><strong>ο</strong></span> <span class='ocrx_word' id='word_1_510' title='bbox 867 2569 1045 2596; x_wconf 87' lang='lat' dir='ltr'><strong>charissima.</strong></span> 
     </span>
    </p>
   </div>
   <div class='ocr_carea' id='block_1_82' title="bbox 327 2607 1076 2648">
    <p class='ocr_par' dir='ltr' id='par_1_82' title="bbox 327 2607 1076 2648">
     <span class='ocr_line' id='line_1_82' title="bbox 327 2607 1076 2648; baseline -0.001 -8"><span class='ocrx_word' id='word_1_511' title='bbox 327 2613 378 2643; x_wconf 77' lang='lat' dir='ltr'><strong>Ubi</strong></span> <span class='ocrx_word' id='word_1_512' title='bbox 393 2607 591 2641; x_wconf 71' lang='lat' dir='ltr'><strong>Simeon&#39;vidit</strong></span> <span class='ocrx_word' id='word_1_513' title='bbox 615 2618 640 2641; x_wconf 86' lang='lat' dir='ltr'><strong>te</strong></span> <span class='ocrx_word' id='word_1_514' title='bbox 665 2614 837 2648; x_wconf 84' lang='lat' dir='ltr'><strong>spiritualcm</strong></span> <span class='ocrx_word' id='word_1_515' title='bbox 859 2613 1003 2647; x_wconf 77' lang='lat' dir='ltr'><strong>forcipem,</strong></span> <span class='ocrx_word' id='word_1_516' title='bbox 1036 2612 1076 2639; x_wconf 81' lang='lat' dir='ltr'><strong>fe-</strong></span> 
     </span>
    </p>
   </div>
   <div class='ocr_carea' id='block_1_83' title="bbox 290 2659 1074 2694">
    <p class='ocr_par' dir='ltr' id='par_1_83' title="bbox 290 2659 1074 2694">
     <span class='ocr_line' id='line_1_83' title="bbox 290 2659 1074 2694; baseline -0.001 -8"><span class='ocrx_word' id='word_1_517' title='bbox 290 2665 394 2687; x_wconf 83' lang='lat' dir='ltr'><strong>rentem</strong></span> <span class='ocrx_word' id='word_1_518' title='bbox 421 2660 544 2687; x_wconf 84' lang='lat' dir='ltr'><strong>divinum</strong></span> <span class='ocrx_word' id='word_1_519' title='bbox 567 2661 643 2687; x_wconf 89' lang='lat' dir='ltr'><strong>illutn</strong></span> <span class='ocrx_word' id='word_1_520' title='bbox 664 2660 823 2691; x_wconf 88' lang='lat' dir='ltr'><strong>carbonem,</strong></span> <span class='ocrx_word' id='word_1_521' title='bbox 838 2659 885 2694; x_wconf 90' lang='lat' dir='ltr'><strong>qui</strong></span> <span class='ocrx_word' id='word_1_522' title='bbox 910 2666 942 2686; x_wconf 82' lang='lat' dir='ltr'><strong>ex</strong></span> <span class='ocrx_word' id='word_1_523' title='bbox 962 2659 1074 2692; x_wconf 73' lang='lat' dir='ltr'><strong>sangui-</strong></span> 
     </span>
    </p>
   </div>
   <div class='ocr_carea' id='block_1_84' title="bbox 291 2703 1076 2739">
    <p class='ocr_par' dir='ltr' id='par_1_84' title="bbox 291 2703 1076 2739">
     <span class='ocr_line' id='line_1_84' title="bbox 291 2703 1076 2739; baseline -0.003 -7"><span class='ocrx_word' id='word_1_524' title='bbox 291 2704 372 2732; x_wconf 79' lang='lat' dir='ltr'><strong>nibus</strong></span> <span class='ocrx_word' id='word_1_525' title='bbox 388 2704 442 2731; x_wconf 87' lang='lat' dir='ltr'><strong>tuis</strong></span> <span class='ocrx_word' id='word_1_526' title='bbox 458 2712 559 2739; x_wconf 89' lang='lat' dir='ltr'><strong>corpus</strong></span> <span class='ocrx_word' id='word_1_527' title='bbox 575 2705 680 2739; x_wconf 82' lang='lat' dir='ltr'><strong>accepit</strong></span> <span class='ocrx_word' id='word_1_528' title='bbox 692 2704 878 2738; x_wconf 84' lang='lat' dir='ltr'><strong>ineﬁ&#39;abiliter,</strong></span> <span class='ocrx_word' id='word_1_529' title='bbox 896 2711 958 2731; x_wconf 89' lang='lat' dir='ltr'><strong>cum</strong></span> <span class='ocrx_word' id='word_1_530' title='bbox 975 2703 1076 2737; x_wconf 78' lang='lat' dir='ltr'><strong>gaudio</strong></span> 
     </span>
    </p>
   </div>
   <div class='ocr_carea' id='block_1_85' title="bbox 291 2750 713 2786">
    <p class='ocr_par' dir='ltr' id='par_1_85' title="bbox 291 2750 713 2786">
     <span class='ocr_line' id='line_1_85' title="bbox 291 2750 713 2786; baseline 0 -9"><span class='ocrx_word' id='word_1_531' title='bbox 291 2755 318 2777; x_wconf 86' lang='lat' dir='ltr'><strong>te</strong></span> <span class='ocrx_word' id='word_1_532' title='bbox 334 2750 506 2782; x_wconf 74' lang='lat' dir='ltr'><strong>bratiﬁeavit,</strong></span> <span class='ocrx_word' id='word_1_533' title='bbox 519 2759 534 2778; x_wconf 93' lang='lat' dir='ltr'><strong>o</strong></span> <span class='ocrx_word' id='word_1_534' title='bbox 555 2751 713 2786; x_wconf 81' lang='lat' dir='ltr'><strong>purissima.</strong></span> 
     </span>
    </p>
   </div>
   <div class='ocr_carea' id='block_1_86' title="bbox 327 2795 1077 2830">
    <p class='ocr_par' dir='ltr' id='par_1_86' title="bbox 327 2795 1077 2830">
     <span class='ocr_line' id='line_1_86' title="bbox 327 2795 1077 2830; baseline 0 -8"><span class='ocrx_word' id='word_1_535' title='bbox 327 2796 379 2828; x_wconf 77' lang='lat' dir='ltr'><strong>Qui</strong></span> <span class='ocrx_word' id='word_1_536' title='bbox 397 2804 479 2823; x_wconf 82' lang='lat' dir='ltr'><strong>manu</strong></span> <span class='ocrx_word' id='word_1_537' title='bbox 497 2796 548 2823; x_wconf 77' lang='lat' dir='ltr'><strong>iert</strong></span> <span class='ocrx_word' id='word_1_538' title='bbox 562 2797 700 2829; x_wconf 76' lang='lat' dir='ltr'><strong>universa,</strong></span> <span class='ocrx_word' id='word_1_539' title='bbox 718 2796 743 2822; x_wconf 92' lang='lat' dir='ltr'><strong>in</strong></span> <span class='ocrx_word' id='word_1_540' title='bbox 758 2803 839 2822; x_wconf 89' lang='lat' dir='ltr'><strong>manu</strong></span> <span class='ocrx_word' id='word_1_541' title='bbox 854 2800 992 2830; x_wconf 75' lang='lat' dir='ltr'><strong>perpetua:</strong></span> <span class='ocrx_word' id='word_1_542' title='bbox 1016 2795 1077 2822; x_wconf 85' lang='lat' dir='ltr'><strong>Vir-</strong></span> 
     </span>
    </p>
   </div>
   <div class='ocr_carea' id='block_1_87' title="bbox 292 2842 1077 2878">
    <p class='ocr_par' dir='ltr' id='par_1_87' title="bbox 292 2842 1077 2878">
     <span class='ocr_line' id='line_1_87' title="bbox 292 2842 1077 2878; baseline 0.001 -9"><span class='ocrx_word' id='word_1_543' title='bbox 292 2842 364 2878; x_wconf 74' lang='lat' dir='ltr'><strong>ginis</strong></span> <span class='ocrx_word' id='word_1_544' title='bbox 384 2848 516 2878; x_wconf 82' lang='lat' dir='ltr'><strong>gestatus,</strong></span> <span class='ocrx_word' id='word_1_545' title='bbox 543 2842 609 2870; x_wconf 81' lang='lat' dir='ltr'><strong>fecit</strong></span> <span class='ocrx_word' id='word_1_546' title='bbox 636 2843 758 2869; x_wconf 86' lang='lat' dir='ltr'><strong>eamdem</strong></span> <span class='ocrx_word' id='word_1_547' title='bbox 784 2843 850 2877; x_wconf 90' lang='lat' dir='ltr'><strong>ipsis</strong></span> <span class='ocrx_word' id='word_1_548' title='bbox 876 2843 1017 2870; x_wconf 88' lang='lat' dir='ltr'><strong>cherubim</strong></span> <span class='ocrx_word' id='word_1_549' title='bbox 1045 2850 1077 2870; x_wconf 89' lang='lat' dir='ltr'><strong>ac</strong></span> 
     </span>
    </p>
   </div>
   <div class='ocr_carea' id='block_1_88' title="bbox 1130 1707 1914 1743">
    <p class='ocr_par' dir='ltr' id='par_1_88' title="bbox 1130 1707 1914 1743">
     <span class='ocr_line' id='line_1_88' title="bbox 1130 1707 1914 1743; baseline 0 -9"><span class='ocrx_word' id='word_1_550' title='bbox 1130 1713 1297 1736; x_wconf 85' lang='lat' dir='ltr'><strong>vocaverunt</strong></span> <span class='ocrx_word' id='word_1_551' title='bbox 1314 1713 1340 1735; x_wconf 89' lang='lat' dir='ltr'><strong>te</strong></span> <span class='ocrx_word' id='word_1_552' title='bbox 1354 1714 1472 1736; x_wconf 90' lang='lat' dir='ltr'><strong>montem</strong></span> <span class='ocrx_word' id='word_1_553' title='bbox 1491 1708 1629 1743; x_wconf 82' lang='lat' dir='ltr'><strong>pinguem,</strong></span> <span class='ocrx_word' id='word_1_554' title='bbox 1642 1715 1659 1735; x_wconf 92' lang='grc' dir='ltr'><strong>ο</strong></span> <span class='ocrx_word' id='word_1_555' title='bbox 1677 1707 1766 1742; x_wconf 68' lang='lat' dir='ltr'><strong>puella</strong></span> <span class='ocrx_word' id='word_1_556' title='bbox 1779 1708 1914 1735; x_wconf 84' lang='lat' dir='ltr'><strong>immacu-</strong></span> 
     </span>
    </p>
   </div>
   <div class='ocr_carea' id='block_1_89' title="bbox 1129 1752 1915 1788">
    <p class='ocr_par' dir='ltr' id='par_1_89' title="bbox 1129 1752 1915 1788">
     <span class='ocr_line' id='line_1_89' title="bbox 1129 1752 1915 1788; baseline 0.001 -8"><span class='ocrx_word' id='word_1_557' title='bbox 1129 1752 1263 1781; x_wconf 87' lang='lat' dir='ltr'><strong>latissima</strong></span> <span class='ocrx_word' id='word_1_558' title='bbox 1295 1758 1322 1781; x_wconf 89' lang='lat' dir='ltr'><strong>et</strong></span> <span class='ocrx_word' id='word_1_559' title='bbox 1343 1753 1516 1788; x_wconf 87' lang='lat' dir='ltr'><strong>castissima;</strong></span> <span class='ocrx_word' id='word_1_560' title='bbox 1531 1758 1639 1788; x_wconf 89' lang='lat' dir='ltr'><strong>portam</strong></span> <span class='ocrx_word' id='word_1_561' title='bbox 1656 1753 1830 1780; x_wconf 68' lang='lat' dir='ltr'><strong>ineﬁ‘abiliter</strong></span> <span class='ocrx_word' id='word_1_562' title='bbox 1850 1753 1915 1781; x_wconf 75' lang='lat' dir='ltr'><strong>cire-</strong></span> 
     </span>
    </p>
   </div>
   <div class='ocr_carea' id='block_1_90' title="bbox 1129 1800 1914 1835">
    <p class='ocr_par' dir='ltr' id='par_1_90' title="bbox 1129 1800 1914 1835">
     <span class='ocr_line' id='line_1_90' title="bbox 1129 1800 1914 1835; baseline -0.001 -8"><span class='ocrx_word' id='word_1_563' title='bbox 1129 1804 1234 1827; x_wconf 85' lang='lat' dir='ltr'><strong>rentem</strong></span> <span class='ocrx_word' id='word_1_564' title='bbox 1257 1800 1343 1827; x_wconf 89' lang='lat' dir='ltr'><strong>solem</strong></span> <span class='ocrx_word' id='word_1_565' title='bbox 1371 1800 1494 1835; x_wconf 70' lang='lat' dir='ltr'><strong>iustitiae,</strong></span> <span class='ocrx_word' id='word_1_566' title='bbox 1521 1800 1568 1834; x_wconf 94' lang='lat' dir='ltr'><strong>qui</strong></span> <span class='ocrx_word' id='word_1_567' title='bbox 1595 1800 1677 1827; x_wconf 92' lang='lat' dir='ltr'><strong>corda</strong></span> <span class='ocrx_word' id='word_1_568' title='bbox 1705 1804 1798 1827; x_wconf 78' lang='lat' dir='ltr'><strong>uestra</strong></span> <span class='ocrx_word' id='word_1_569' title='bbox 1813 1800 1914 1826; x_wconf 82' lang='lat' dir='ltr'><strong>divinis</strong></span> 
     </span>
    </p>
   </div>
   <div class='ocr_carea' id='block_1_91' title="bbox 1129 1845 1914 1880">
    <p class='ocr_par' dir='ltr' id='par_1_91' title="bbox 1129 1845 1914 1880">
     <span class='ocr_line' id='line_1_91' title="bbox 1129 1845 1914 1880; baseline -0.001 -7"><span class='ocrx_word' id='word_1_570' title='bbox 1129 1845 1322 1880; x_wconf 84' lang='lat' dir='ltr'><strong>splendoribus</strong></span> <span class='ocrx_word' id='word_1_571' title='bbox 1349 1846 1496 1879; x_wconf 85' lang='lat' dir='ltr'><strong>illuminat,</strong></span> <span class='ocrx_word' id='word_1_572' title='bbox 1524 1845 1590 1873; x_wconf 90' lang='lat' dir='ltr'><strong>dum</strong></span> <span class='ocrx_word' id='word_1_573' title='bbox 1621 1845 1795 1876; x_wconf 80' lang='lat' dir='ltr'><strong>clamamus;</strong></span> <span class='ocrx_word' id='word_1_574' title='bbox 1821 1845 1914 1872; x_wconf 85' lang='lat' dir='ltr'><strong>Domi-</strong></span> 
     </span>
    </p>
   </div>
   <div class='ocr_carea' id='block_1_92' title="bbox 1130 1896 1275 1924">
    <p class='ocr_par' dir='ltr' id='par_1_92' title="bbox 1130 1896 1275 1924">
     <span class='ocr_line' id='line_1_92' title="bbox 1130 1896 1275 1924; baseline -0.007 -5"><span class='ocrx_word' id='word_1_575' title='bbox 1130 1899 1206 1924; x_wconf 88' lang='lat' dir='ltr'><strong>mnn,</strong></span> <span class='ocrx_word' id='word_1_576' title='bbox 1221 1896 1275 1918; x_wconf 88' lang='lat' dir='ltr'><strong>etc.</strong></span> 
     </span>
    </p>
   </div>
   <div class='ocr_carea' id='block_1_93' title="bbox 1131 1936 1914 1966">
    <p class='ocr_par' dir='ltr' id='par_1_93' title="bbox 1131 1936 1914 1966">
     <span class='ocr_line' id='line_1_93' title="bbox 1131 1936 1914 1966; baseline 0.003 -5"><span class='ocrx_word' id='word_1_577' title='bbox 1131 1937 1189 1964; x_wconf 68' lang='lat' dir='ltr'><strong>&gt;‘A</strong></span> <span class='ocrx_word' id='word_1_578' title='bbox 1220 1936 1477 1964; x_wconf 79' lang='lat' dir='ltr'><strong>formidulosissima</strong></span> <span class='ocrx_word' id='word_1_579' title='bbox 1511 1936 1675 1964; x_wconf 84' lang='lat' dir='ltr'><strong>necessitate</strong></span> <span class='ocrx_word' id='word_1_580' title='bbox 1707 1936 1791 1963; x_wconf 85' lang='lat' dir='ltr'><strong>libera</strong></span> <span class='ocrx_word' id='word_1_581' title='bbox 1823 1943 1877 1966; x_wconf 84' lang='lat' dir='ltr'><strong>me,</strong></span> <span class='ocrx_word' id='word_1_582' title='bbox 1897 1943 1914 1962; x_wconf 84' lang='grc' dir='ltr'><strong>ο</strong></span> 
     </span>
    </p>
   </div>
   <div class='ocr_carea' id='block_1_94' title="bbox 1129 1982 1914 2019">
    <p class='ocr_par' dir='ltr' id='par_1_94' title="bbox 1129 1982 1914 2019">
     <span class='ocr_line' id='line_1_94' title="bbox 1129 1982 1914 2019; baseline -0.003 -9"><span class='ocrx_word' id='word_1_583' title='bbox 1129 1982 1212 2019; x_wconf 79' lang='lat' dir='ltr'><strong>Virgo</strong></span> <span class='ocrx_word' id='word_1_584' title='bbox 1225 1988 1310 2016; x_wconf 72' lang='lat' dir='ltr'><strong>casta,</strong></span> <span class='ocrx_word' id='word_1_585' title='bbox 1329 1990 1391 2010; x_wconf 88' lang='lat' dir='ltr'><strong>cum</strong></span> <span class='ocrx_word' id='word_1_586' title='bbox 1411 1986 1518 2017; x_wconf 84' lang='lat' dir='ltr'><strong>tempus</strong></span> <span class='ocrx_word' id='word_1_587' title='bbox 1530 1982 1629 2014; x_wconf 86' lang='lat' dir='ltr'><strong>aderit.</strong></span> <span class='ocrx_word' id='word_1_588' title='bbox 1643 1990 1698 2017; x_wconf 89' lang='lat' dir='ltr'><strong>quo</strong></span> <span class='ocrx_word' id='word_1_589' title='bbox 1709 1982 1795 2009; x_wconf 82' lang='lat' dir='ltr'><strong>Filius</strong></span> <span class='ocrx_word' id='word_1_590' title='bbox 1813 1990 1846 2010; x_wconf 87' lang='lat' dir='ltr'><strong>ac</strong></span> <span class='ocrx_word' id='word_1_591' title='bbox 1861 1982 1914 2009; x_wconf 81' lang='lat' dir='ltr'><strong>Do-</strong></span> 
     </span>
    </p>
   </div>
   <div class='ocr_carea' id='block_1_95' title="bbox 1127 2028 1905 2063">
    <p class='ocr_par' dir='ltr' id='par_1_95' title="bbox 1127 2028 1905 2063">
     <span class='ocr_line' id='line_1_95' title="bbox 1127 2028 1905 2063; baseline -0.005 -6"><span class='ocrx_word' id='word_1_592' title='bbox 1127 2031 1218 2057; x_wconf 88' lang='lat' dir='ltr'><strong>minus</strong></span> <span class='ocrx_word' id='word_1_593' title='bbox 1233 2035 1297 2057; x_wconf 90' lang='lat' dir='ltr'><strong>tuus</strong></span> <span class='ocrx_word' id='word_1_594' title='bbox 1315 2030 1414 2062; x_wconf 90' lang='lat' dir='ltr'><strong>veniet,</strong></span> <span class='ocrx_word' id='word_1_595' title='bbox 1433 2037 1499 2056; x_wconf 89' lang='lat' dir='ltr'><strong>vero</strong></span> <span class='ocrx_word' id='word_1_596' title='bbox 1521 2028 1626 2063; x_wconf 81' lang='lat' dir='ltr'><strong>judicio</strong></span> <span class='ocrx_word' id='word_1_597' title='bbox 1643 2033 1741 2056; x_wconf 89' lang='lat' dir='ltr'><strong>cuneta</strong></span> <span class='ocrx_word' id='word_1_598' title='bbox 1762 2028 1905 2056; x_wconf 82' lang='lat' dir='ltr'><strong>discuSsu-</strong></span> 
     </span>
    </p>
   </div>
   <div class='ocr_carea' id='block_1_96' title="bbox 1126 2075 1915 2110">
    <p class='ocr_par' dir='ltr' id='par_1_96' title="bbox 1126 2075 1915 2110">
     <span class='ocr_line' id='line_1_96' title="bbox 1126 2075 1915 2110; baseline -0.003 -7"><span class='ocrx_word' id='word_1_599' title='bbox 1126 2084 1185 2108; x_wconf 89' lang='lat' dir='ltr'><strong>rtts,</strong></span> <span class='ocrx_word' id='word_1_600' title='bbox 1200 2080 1281 2110; x_wconf 87' lang='lat' dir='ltr'><strong>atque</strong></span> <span class='ocrx_word' id='word_1_601' title='bbox 1292 2076 1439 2110; x_wconf 88' lang='lat' dir='ltr'><strong>unicuique</strong></span> <span class='ocrx_word' id='word_1_602' title='bbox 1450 2083 1499 2110; x_wconf 92' lang='lat' dir='ltr'><strong>pro</strong></span> <span class='ocrx_word' id='word_1_603' title='bbox 1511 2075 1609 2102; x_wconf 88' lang='lat' dir='ltr'><strong>merito</strong></span> <span class='ocrx_word' id='word_1_604' title='bbox 1629 2075 1739 2108; x_wconf 76' lang='lat' dir='ltr'><strong>praania</strong></span> <span class='ocrx_word' id='word_1_605' title='bbox 1763 2075 1804 2101; x_wconf 87' lang='lat' dir='ltr'><strong>vel</strong></span> <span class='ocrx_word' id='word_1_606' title='bbox 1820 2081 1915 2108; x_wconf 72' lang='lat' dir='ltr'><strong>punias</strong></span> 
     </span>
    </p>
   </div>
   <div class='ocr_carea' id='block_1_97' title="bbox 1130 2115 1914 2157">
    <p class='ocr_par' dir='ltr' id='par_1_97' title="bbox 1130 2115 1914 2157">
     <span class='ocr_line' id='line_1_97' title="bbox 1130 2115 1914 2157; baseline -0.004 -8"><span class='ocrx_word' id='word_1_607' title='bbox 1130 2129 1308 2157; x_wconf 79' lang='lat' dir='ltr'><strong>repensurus,</strong></span> <span class='ocrx_word' id='word_1_608' title='bbox 1327 2121 1481 2148; x_wconf 84' lang='lat' dir='ltr'><strong>astantibus</strong></span> <span class='ocrx_word' id='word_1_609' title='bbox 1506 2128 1568 2147; x_wconf 90' lang='lat' dir='ltr'><strong>cum</strong></span> <span class='ocrx_word' id='word_1_610' title='bbox 1585 2125 1704 2147; x_wconf 80' lang='lat' dir='ltr'><strong>tremore</strong></span> <span class='ocrx_word' id='word_1_611' title='bbox 1716 2119 1853 2147; x_wconf 79' lang='lat' dir='ltr'><strong>universis</strong></span> <span class='ocrx_word' id='word_1_612' title='bbox 1868 2115 1914 2146; x_wconf 78' lang='lat' dir='ltr'><strong>su-</strong></span> 
     </span>
    </p>
   </div>
   <div class='ocr_carea' id='block_1_98' title="bbox 1130 2167 1530 2204">
    <p class='ocr_par' dir='ltr' id='par_1_98' title="bbox 1130 2167 1530 2204">
     <span class='ocr_line' id='line_1_98' title="bbox 1130 2167 1530 2204; baseline -0.008 -8"><span class='ocrx_word' id='word_1_613' title='bbox 1130 2167 1207 2204; x_wconf 78' lang='lat' dir='ltr'><strong>perni</strong></span> <span class='ocrx_word' id='word_1_614' title='bbox 1221 2168 1360 2196; x_wconf 84' lang='lat' dir='ltr'><strong>exercitus</strong></span> <span class='ocrx_word' id='word_1_615' title='bbox 1374 2167 1530 2194; x_wconf 88' lang='lat' dir='ltr'><strong>ordinibus.</strong></span> 
     </span>
    </p>
   </div>
   <div class='ocr_carea' id='block_1_99' title="bbox 1344 2266 1704 2294">
    <p class='ocr_par' dir='ltr' id='par_1_99' title="bbox 1344 2266 1704 2294">
     <span class='ocr_line' id='line_1_99' title="bbox 1344 2266 1704 2294; baseline 0 -1"><span class='ocrx_word' id='word_1_616' title='bbox 1344 2267 1423 2294; x_wconf 82' lang='lat' dir='ltr'><strong>MIIN</strong></span> <span class='ocrx_word' id='word_1_617' title='bbox 1458 2266 1704 2294; x_wconf 81' lang='grc' dir='ltr'><strong>ΦΕΒΡΟΥΔΡΙΟΣ.</strong></span> 
     </span>
    </p>
   </div>
   <div class='ocr_carea' id='block_1_100' title="bbox 1129 2330 1913 2367">
    <p class='ocr_par' dir='ltr' id='par_1_100' title="bbox 1129 2330 1913 2367">
     <span class='ocr_line' id='line_1_100' title="bbox 1129 2330 1913 2367; baseline -0.003 -7"><span class='ocrx_word' id='word_1_618' title='bbox 1129 2334 1180 2360; x_wconf 83' lang='grc' dir='ltr'><em>Ἐκ</em></span> <span class='ocrx_word' id='word_1_619' title='bbox 1192 2333 1244 2360; x_wconf 82' lang='grc' dir='ltr'><strong>τοῦ</strong></span> <span class='ocrx_word' id='word_1_620' title='bbox 1257 2332 1391 2364; x_wconf 83' lang='grc' dir='ltr'><strong>Κανόνος</strong></span> <span class='ocrx_word' id='word_1_621' title='bbox 1409 2333 1453 2364; x_wconf 76' lang='grc' dir='ltr'><strong>εἰς</strong></span> <span class='ocrx_word' id='word_1_622' title='bbox 1470 2332 1523 2359; x_wconf 81' lang='grc' dir='ltr'><strong>τὸν</strong></span> <span class='ocrx_word' id='word_1_623' title='bbox 1541 2332 1627 2367; x_wconf 77' lang='grc' dir='ltr'><strong>ἅγιον</strong></span> <span class='ocrx_word' id='word_1_624' title='bbox 1643 2330 1766 2366; x_wconf 81' lang='grc' dir='ltr'><strong>Συμεὼν</strong></span> <span class='ocrx_word' id='word_1_625' title='bbox 1776 2330 1830 2358; x_wconf 78' lang='grc' dir='ltr'><strong>τὸν</strong></span> <span class='ocrx_word' id='word_1_626' title='bbox 1845 2332 1913 2358; x_wconf 83' lang='grc' dir='ltr'><strong>Θεο-</strong></span> 
     </span>
    </p>
   </div>
   <div class='ocr_carea' id='block_1_101' title="bbox 1392 2367 1672 2402">
    <p class='ocr_par' dir='ltr' id='par_1_101' title="bbox 1392 2367 1672 2402">
     <span class='ocr_line' id='line_1_101' title="bbox 1392 2367 1672 2402; baseline 0 -8"><span class='ocrx_word' id='word_1_627' title='bbox 1392 2367 1497 2402; x_wconf 83' lang='grc' dir='ltr'><strong>δόχον.</strong></span> <span class='ocrx_word' id='word_1_628' title='bbox 1519 2368 1624 2402; x_wconf 82' lang='grc' dir='ltr'><strong>Ἡμέρᾳ</strong></span> <span class='ocrx_word' id='word_1_629' title='bbox 1637 2367 1672 2402; x_wconf 76' lang='grc' dir='ltr'><strong>γ’.</strong></span> 
     </span>
    </p>
   </div>
   <div class='ocr_carea' id='block_1_102' title="bbox 1167 2423 1916 2460">
    <p class='ocr_par' dir='ltr' id='par_1_102' title="bbox 1167 2423 1916 2460">
     <span class='ocr_line' id='line_1_102' title="bbox 1167 2423 1916 2460; baseline -0.004 -9"><span class='ocrx_word' id='word_1_630' title='bbox 1167 2425 1197 2451; x_wconf 80' lang='grc' dir='ltr'>Ὀ</span> <span class='ocrx_word' id='word_1_631' title='bbox 1212 2424 1320 2460; x_wconf 80' lang='grc' dir='ltr'><strong>πλήρης</strong></span> <span class='ocrx_word' id='word_1_632' title='bbox 1343 2425 1504 2456; x_wconf 76' lang='grc' dir='ltr'><strong>κεκένωται,</strong></span> <span class='ocrx_word' id='word_1_633' title='bbox 1528 2425 1542 2450; x_wconf 78' lang='grc' dir='ltr'>ὁ</span> <span class='ocrx_word' id='word_1_634' title='bbox 1565 2423 1730 2458; x_wconf 85' lang='grc' dir='ltr'>προαιὼνιος</span> <span class='ocrx_word' id='word_1_635' title='bbox 1755 2423 1880 2457; x_wconf 74' lang='grc' dir='ltr'><strong>ἄρχεται,</strong></span> <span class='ocrx_word' id='word_1_636' title='bbox 1901 2423 1916 2448; x_wconf 72' lang='grc' dir='ltr'>ὀ</span> 
     </span>
    </p>
   </div>
   <div class='ocr_carea' id='block_1_103' title="bbox 1126 2469 1915 2506">
    <p class='ocr_par' dir='ltr' id='par_1_103' title="bbox 1126 2469 1915 2506">
     <span class='ocr_line' id='line_1_103' title="bbox 1126 2469 1915 2506; baseline -0.005 -8"><span class='ocrx_word' id='word_1_637' title='bbox 1126 2473 1211 2506; x_wconf 80' lang='grc' dir='ltr'><strong>Λόγος</strong></span> <span class='ocrx_word' id='word_1_638' title='bbox 1228 2471 1389 2505; x_wconf 83' lang='grc' dir='ltr'><strong>παχύνεται,</strong></span> <span class='ocrx_word' id='word_1_639' title='bbox 1403 2471 1418 2496; x_wconf 83' lang='grc' dir='ltr'>ὁ</span> <span class='ocrx_word' id='word_1_640' title='bbox 1432 2470 1554 2505; x_wconf 76' lang='grc' dir='ltr'><strong>πλάστης</strong></span> <span class='ocrx_word' id='word_1_641' title='bbox 1570 2470 1728 2501; x_wconf 79' lang='grc' dir='ltr'><strong>πλάττεται,</strong></span> <span class='ocrx_word' id='word_1_642' title='bbox 1744 2470 1759 2496; x_wconf 83' lang='grc' dir='ltr'>ὁ</span> <span class='ocrx_word' id='word_1_643' title='bbox 1773 2469 1915 2503; x_wconf 70' lang='grc' dir='ltr'><strong>ἀχὼρητος</strong></span> 
     </span>
    </p>
   </div>
   <div class='ocr_carea' id='block_1_104' title="bbox 1127 2514 1914 2553">
    <p class='ocr_par' dir='ltr' id='par_1_104' title="bbox 1127 2514 1914 2553">
     <span class='ocr_line' id='line_1_104' title="bbox 1127 2514 1914 2553; baseline -0.004 -10"><span class='ocrx_word' id='word_1_644' title='bbox 1127 2519 1258 2553; x_wconf 77' lang='grc' dir='ltr'>χωρείται</span> <span class='ocrx_word' id='word_1_645' title='bbox 1276 2517 1306 2542; x_wconf 85' lang='grc' dir='ltr'><strong>ἐν</strong></span> <span class='ocrx_word' id='word_1_646' title='bbox 1326 2517 1414 2551; x_wconf 72' lang='grc' dir='ltr'>κοιλίᾳ</span> <span class='ocrx_word' id='word_1_647' title='bbox 1435 2518 1469 2551; x_wconf 80' lang='grc' dir='ltr'><strong>τῇ</strong></span> <span class='ocrx_word' id='word_1_648' title='bbox 1491 2518 1524 2552; x_wconf 79' lang='grc' dir='ltr'>σῇ</span> <span class='ocrx_word' id='word_1_649' title='bbox 1543 2515 1765 2550; x_wconf 77' lang='grc' dir='ltr'><strong>σωματοὺμενος,</strong></span> <span class='ocrx_word' id='word_1_650' title='bbox 1780 2514 1914 2549; x_wconf 76' lang='grc' dir='ltr'><strong>Θεοχαρι·</strong></span> 
     </span>
    </p>
   </div>
   <div class='ocr_carea' id='block_1_105' title="bbox 1128 2572 1214 2591">
    <p class='ocr_par' dir='ltr' id='par_1_105' title="bbox 1128 2572 1214 2591">
     <span class='ocr_line' id='line_1_105' title="bbox 1128 2572 1214 2591; baseline 0.012 -1"><span class='ocrx_word' id='word_1_651' title='bbox 1128 2572 1214 2591; x_wconf 55' lang='lat' dir='ltr'><strong>suns:</strong></span> 
     </span>
    </p>
   </div>
   <div class='ocr_carea' id='block_1_106' title="bbox 1166 2606 1917 2645">
    <p class='ocr_par' dir='ltr' id='par_1_106' title="bbox 1166 2606 1917 2645">
     <span class='ocr_line' id='line_1_106' title="bbox 1166 2606 1917 2645; baseline -0.007 -9"><span class='ocrx_word' id='word_1_652' title='bbox 1166 2610 1275 2645; x_wconf 75' lang='grc' dir='ltr'><strong>Νοητὴν</strong></span> <span class='ocrx_word' id='word_1_653' title='bbox 1296 2610 1394 2638; x_wconf 75' lang='grc' dir='ltr'><strong>λαόἰδσ.</strong></span> <span class='ocrx_word' id='word_1_654' title='bbox 1413 2619 1442 2636; x_wconf 84' lang='grc' dir='ltr'>σε</span> <span class='ocrx_word' id='word_1_655' title='bbox 1460 2609 1586 2644; x_wconf 70' lang='grc' dir='ltr'><strong>ἄνθρακα</strong></span> <span class='ocrx_word' id='word_1_656' title='bbox 1603 2609 1739 2644; x_wconf 71' lang='grc' dir='ltr'>φέρουσαν</span> <span class='ocrx_word' id='word_1_657' title='bbox 1762 2607 1844 2639; x_wconf 77' lang='grc' dir='ltr'>Θεῖον,</span> <span class='ocrx_word' id='word_1_658' title='bbox 1870 2606 1917 2632; x_wconf 75' lang='grc' dir='ltr'><strong>τδν</strong></span> 
     </span>
    </p>
   </div>
   <div class='ocr_carea' id='block_1_107' title="bbox 1131 2652 1917 2691">
    <p class='ocr_par' dir='ltr' id='par_1_107' title="bbox 1131 2652 1917 2691">
     <span class='ocr_line' id='line_1_107' title="bbox 1131 2652 1917 2691; baseline -0.005 -10"><span class='ocrx_word' id='word_1_659' title='bbox 1131 2655 1163 2682; x_wconf 82' lang='grc' dir='ltr'><strong>ἐκ</strong></span> <span class='ocrx_word' id='word_1_660' title='bbox 1177 2657 1231 2681; x_wconf 85' lang='grc' dir='ltr'><strong>τῶν</strong></span> <span class='ocrx_word' id='word_1_661' title='bbox 1258 2657 1312 2682; x_wconf 74' lang='grc' dir='ltr'><strong>τῶν</strong></span> <span class='ocrx_word' id='word_1_662' title='bbox 1333 2656 1456 2691; x_wconf 76' lang='grc' dir='ltr'><strong>αἱμάτων</strong></span> <span class='ocrx_word' id='word_1_663' title='bbox 1475 2655 1678 2690; x_wconf 71' lang='grc' dir='ltr'><strong>σωμιτωϐἐντα</strong></span> <span class='ocrx_word' id='word_1_664' title='bbox 1707 2653 1778 2688; x_wconf 78' lang='grc' dir='ltr'>ὑπὲρ</span> <span class='ocrx_word' id='word_1_665' title='bbox 1809 2652 1884 2684; x_wconf 70' lang='grc' dir='ltr'><strong>νοῦν,</strong></span> <span class='ocrx_word' id='word_1_666' title='bbox 1903 2652 1917 2677; x_wconf 83' lang='grc' dir='ltr'><strong>ὸ</strong></span> 
     </span>
    </p>
   </div>
   <div class='ocr_carea' id='block_1_108' title="bbox 1128 2700 1914 2738">
    <p class='ocr_par' dir='ltr' id='par_1_108' title="bbox 1128 2700 1914 2738">
     <span class='ocr_line' id='line_1_108' title="bbox 1128 2700 1914 2738; baseline -0.006 -8"><span class='ocrx_word' id='word_1_667' title='bbox 1128 2703 1241 2738; x_wconf 78' lang='grc' dir='ltr'><strong>Συμεὼν</strong></span> <span class='ocrx_word' id='word_1_668' title='bbox 1257 2704 1294 2735; x_wconf 84' lang='grc' dir='ltr'><strong>ὡς</strong></span> <span class='ocrx_word' id='word_1_669' title='bbox 1308 2704 1414 2737; x_wconf 66' lang='grc' dir='ltr'><strong>ἔϐλεψε,</strong></span> <span class='ocrx_word' id='word_1_670' title='bbox 1428 2702 1595 2737; x_wconf 72' lang='grc' dir='ltr'><strong>πινάμωμε,</strong></span> <span class='ocrx_word' id='word_1_671' title='bbox 1613 2701 1717 2736; x_wconf 68' lang='grc' dir='ltr'>χαίρων</span> <span class='ocrx_word' id='word_1_672' title='bbox 1732 2700 1914 2734; x_wconf 68' lang='grc' dir='ltr'><strong>ἐμακάριζεν.</strong></span> 
     </span>
    </p>
   </div>
   <div class='ocr_carea' id='block_1_109' title="bbox 1169 2778 1915 2830">
    <p class='ocr_par' dir='ltr' id='par_1_109' title="bbox 1169 2778 1915 2830">
     <span class='ocr_line' id='line_1_109' title="bbox 1169 2778 1915 2830; baseline -0.009 -9"><span class='ocrx_word' id='word_1_673' title='bbox 1169 2795 1197 2821; x_wconf 86' lang='grc'><strong>’0</strong></span> <span class='ocrx_word' id='word_1_674' title='bbox 1209 2778 1280 2830; x_wconf 49' lang='grc' dir='ltr'>χείρὶ</span> <span class='ocrx_word' id='word_1_675' title='bbox 1296 2794 1330 2820; x_wconf 76' lang='grc' dir='ltr'><strong>τὰ</strong></span> <span class='ocrx_word' id='word_1_676' title='bbox 1345 2793 1433 2820; x_wconf 74' lang='grc' dir='ltr'>πάντα</span> <span class='ocrx_word' id='word_1_677' title='bbox 1455 2793 1546 2827; x_wconf 75' lang='grc' dir='ltr'>φέρων</span> <span class='ocrx_word' id='word_1_678' title='bbox 1565 2793 1594 2819; x_wconf 84' lang='grc' dir='ltr'><strong>ὲν</strong></span> <span class='ocrx_word' id='word_1_679' title='bbox 1610 2792 1689 2827; x_wconf 71' lang='grc' dir='ltr'><strong>χερσὶ</strong></span> <span class='ocrx_word' id='word_1_680' title='bbox 1712 2790 1915 2825; x_wconf 75' lang='grc' dir='ltr'><strong>βασταζόμενος</strong></span> 
     </span>
    </p>
   </div>
   <div class='ocr_carea' id='block_1_110' title="bbox 1127 2836 1911 2875">
    <p class='ocr_par' dir='ltr' id='par_1_110' title="bbox 1127 2836 1911 2875">
     <span class='ocr_line' id='line_1_110' title="bbox 1127 2836 1911 2875; baseline -0.008 -8"><span class='ocrx_word' id='word_1_681' title='bbox 1127 2841 1177 2875; x_wconf 75' lang='grc' dir='ltr'><strong>τῆς</strong></span> <span class='ocrx_word' id='word_1_682' title='bbox 1197 2840 1402 2875; x_wconf 76' lang='grc' dir='ltr'><strong>’Λειπαροένου,</strong></span> <span class='ocrx_word' id='word_1_683' title='bbox 1429 2839 1532 2874; x_wconf 73' lang='grc' dir='ltr'><strong>ταύτην</strong></span> <span class='ocrx_word' id='word_1_684' title='bbox 1548 2838 1683 2873; x_wconf 49' lang='lat' dir='ltr'><strong>lappa-61;).</strong></span> <span class='ocrx_word' id='word_1_685' title='bbox 1711 2836 1911 2872; x_wconf 66' lang='grc' dir='ltr'><strong>ἀπειργάσατο,</strong></span> 
     </span>
    </p>
   </div>
   <div class='ocr_carea' id='block_1_111' title="bbox 331 2924 1587 2964">
    <p class='ocr_par' dir='ltr' id='par_1_111' title="bbox 331 2924 1587 2964">
     <span class='ocr_line' id='line_1_111' title="bbox 331 2924 1587 2964; baseline -0.002 -10"><span class='ocrx_word' id='word_1_686' title='bbox 331 2928 407 2963; x_wconf 65' lang='lat'><strong>(30&quot;)</strong></span> <span class='ocrx_word' id='word_1_687' title='bbox 425 2929 511 2964; x_wconf 64' lang='lat' dir='ltr'><strong>llttjus</strong></span> <span class='ocrx_word' id='word_1_688' title='bbox 522 2929 642 2957; x_wconf 72' lang='lat' dir='ltr'><strong>(Iunonis</strong></span> <span class='ocrx_word' id='word_1_689' title='bbox 657 2938 687 2957; x_wconf 77' lang='lat' dir='ltr'><strong>ac</strong></span> <span class='ocrx_word' id='word_1_690' title='bbox 700 2930 838 2964; x_wconf 48' lang='lat' dir='ltr'><strong>sequentis</strong></span> <span class='ocrx_word' id='word_1_691' title='bbox 855 2930 964 2956; x_wconf 66' lang='lat' dir='ltr'><strong>Graecus</strong></span> <span class='ocrx_word' id='word_1_692' title='bbox 982 2932 1072 2957; x_wconf 76' lang='lat' dir='ltr'><strong>textus</strong></span> <span class='ocrx_word' id='word_1_693' title='bbox 1086 2927 1257 2956; x_wconf 73' lang='lat' dir='ltr'><strong>desideratur</strong></span> <span class='ocrx_word' id='word_1_694' title='bbox 1275 2927 1300 2953; x_wconf 78' lang='lat' dir='ltr'><strong>in</strong></span> <span class='ocrx_word' id='word_1_695' title='bbox 1315 2925 1424 2953; x_wconf 67' lang='lat' dir='ltr'><strong>Menmis</strong></span> <span class='ocrx_word' id='word_1_696' title='bbox 1437 2924 1587 2960; x_wconf 75' lang='lat' dir='ltr'><strong>impressis.</strong></span> 
     </span>
    </p>
   </div>
  </div>
