2077 3157
163 173 229 205 1031

858 172 1041 202 MARIALE.

1709 171 1778 203 1058

162 232 208 259 καὶ
227 229 349 267 σεραφὶμ
370 230 508 266 ἀνω-δέραν
522 229 560 262 ὡς
585 230 747 266 γεννήτριαν
769 229 803 265 ἣν
818 229 945 265 ὑμνήσω·

998 231 1137 266 seraphim
1155 231 1357 262 sublimiorem,
1370 235 1498 265 tanquam
1511 229 1670 265 genitricem
1688 237 1776 261 suam,

163 288 223 314 μεν,
241 278 288 305 καὶ
303 277 424 308 εὐσεῦῶς
441 277 648 313 μακαρίσωμεν.

195 323 241 356 Μὴ
254 322 355 356 φλέξας
372 322 422 357 τὴν
439 322 547 357 μήτραν
564 329 611 347 σου
627 322 642 348 ὁ
656 320 737 356 φύσει
753 320 943 353 ἀναλλοίωτος,

164 368 308 402 ἄνθρωπος
327 367 405 402 ὤφθη
427 368 459 394 ὲκ
484 367 529 393 σοῦ
545 367 713 401 τικτόμενος,
736 367 782 393 καὶ
807 367 868 398 τοὺς
892 367 945 393 ἀπ-

161 413 299 445 ωσθέντας
318 414 351 448 τῇ
379 413 467 449 φθορᾷ
493 413 597 444 πάντας
611 411 778 446 ἀνεσώσατο,
804 411 944 447 Θεομῆτορ

162 458 329 493 πανάμωμε.

197 503 335 539 Θηρεῦσαί
352 512 386 539 με
409 503 469 530 καθ’
484 503 604 538 ἑκάστην
625 502 703 538 ζητεῖ
718 503 732 529 ὁ
751 503 943 538 παμπόνηρος,

162 551 220 578 ἀλλ’
236 549 318 576 αὑτοῦ
337 558 371 585 με
398 549 452 576 τῶν
471 549 594 583 παγίόων
616 549 780 584 ὲξάρπασον,
800 549 943 580 Δέσποινα,

163 596 210 622 καὶ¹
223 597 256 630 τῇ
275 595 335 631 θείᾳ
357 595 446 631 σκέπῃ
473 595 528 621 τῶν
550 595 693 630 πτερύγιον
723 603 770 621 σου
794 595 863 620 σῶον
883 602 944 620 συν-

161 642 291 677 τήρησον.

197 698 234 724 Οὺ
251 698 374 729 κενώσας
384 697 399 724 ὸ
413 697 599 733 πληρέστατος
624 697 670 724 τὺν
685 697 819 733 ἄχραντον
842 697 948 724 κόλπον

162 743 209 770 τοῦ
226 744 324 778 φύντος
339 743 457 778 Πατρδς,
475 743 522 770 σοῦ
546 744 575 770 ὲν
589 745 647 775 τοῖς
668 743 792 776 κόλποις,
808 742 889 778 ἁγνὴ,
906 742 944 774 ὡς

164 789 262 824 βρέφος
302 788 457 821 καθέζεται,
491 788 704 824 ὲτοιμαζόμενος
735 787 776 820 οἷς
810 788 944 824 ἠθέλησεν

162 835 339 871 ὁμοιωθῆναι,
354 836 486 870 ᾶχραντε,
504 835 580 871 ἱερὰν
591 835 684 870 σαφῶς
701 835 846 871 καθέδραν.

204 935 248 967 Ὧς
263 935 367 970 κρίνον,
381 935 420 966 ὡς
433 935 550 971 εὖοσμόν
564 945 594 963 σε
606 936 692 971 ῥόδον,
708 936 746 968 ὡς
760 936 830 963 θεῖον
841 937 945 972 ὀσφρά-

163 981 218 1008 διον
229 981 359 1017 ἐδρέψατο
369 982 455 1016 Λόγος
468 982 482 1008 ό
501 981 643 1017 ὑπέροεος,
659 983 779 1017 πάναγνε
792 983 946 1017 Θεόνυμφε,

164 1027 211 1054 καί
226 1036 273 1053 σου
298 1027 348 1062 ¹ιεὴν
375 1029 482 1062 μήτραν
501 1027 610 1062 ᾤκησεν
633 1028 787 1060 εὑωδιάζων
802 1029 881 1063 ἡμῶν
898 1028 947 1064 τὴν

165 1074 247 1107 φύσιν
280 1073 414 1105 δυσωδίας
441 1073 620 1108 πλησοετσαν,
651 1074 701 1110 τὴν
730 1075 760 1108 ἐξ
787 1074 946 1110 ιἁμαρτίας,

163 1120 257 1154 Μαρία
270 1119 395 1146 Θεοτόχε.

198 1176 332 1202 Φανεῖσαν
354 1175 470 1211 Μητέρα
497 1185 527 1203 σε
544 1176 612 1203 Θεοῦ
627 1177 664 1209 ὼς
684 1177 790 1212 εὔλεψε,
819 1177 946 1210 Θεοτόκε,

163 1220 176 1245 ὁ
192 1219 389 1253 πρεσϐύτατος,
415 1220 516 1255 ἔφησεν
541 1217 640 1256 οἷάπερ
666 1223 818 1257 προφήτης⁸
841 1221 906 1248 Ἰδοὺ
933 1223 948 1248 ὸ

165 1265 209 1295 σὸς
232 1264 295 1296 Υιὺς
316 1265 357 1296 εις
383 1265 532 1292 ἀνάστασιν
562 1266 608 1292 καὶ
636 1265 740 1292 πτῶσιν
762 1265 817 1292 τῶν
842 1266 948 1293 πολλῶν

164 1311 265 1342 κεῖται,
279 1311 425 1344 Δέσποινα,
439 1311 488 1338 καὶ
498 1311 538 1344 εις
555 1313 668 1347 σημεῖον
684 1311 912 1348 δυσερμήνευτον.

178 1421 220 1448 Et:
231 1420 285 1448 τοῦ
293 1422 427 1454 Κανόνος
437 1423 480 1455 εὶς
491 1422 542 1449 ῖὸγ
556 1423 642 1449 ὅσιον
652 1423 818 1456 Βουκόλον,
829 1423 948 1451 ἐπίσκο-

355 1463 415 1483 πον
434 1458 583 1492 Σμύρνης.
599 1458 694 1492 ἡμέρᾳ
709 1457 747 1490 ς’-

203 1534 233 1560 Ὀ
249 1534 286 1568 τῷ
299 1534 385 1569 Πατρὶ
409 1534 590 1569 συνυπάρχων
615 1534 771 1570 Μονογενὴς
787 1535 857 1569 ὑπὲρ
872 1534 946 1567 νοῦν,

163 1580 192 1606 ἑν
208 1581 299 1615 μήτρᾳ
313 1588 359 1606 σου
383 1581 535 1615 σαρκωθεὶς
557 1580 727 1616 θεοπρεπῶς,
749 1581 812 1612 τοὺς
835 1581 947 1616 βροτοὺς
962 1574 984 1605 C

164 1626 289 1661 ὲθέωσεν,
302 1626 381 1662 ἁγνὴ,
397 1627 441 1654 διὰ
454 1626 555 1662 πλῆθος
568 1627 718 1663 οἰκτιρμῶν
734 1628 748 1654 ὁ
761 1627 944 1663 ὑπεράγαθος.

197 1766 286 1801 Λιμὴν
303 1765 381 1800 γενοῦ
396 1774 452 1801 μοι.
466 1765 511 1793 καὶ
523 1767 650 1802 φρουρὸς,
667 1767 726 1799 ταῖς
739 1767 839 1800 δειναῖς
852 1776 947 1802 τρικυ-

165 1810 241 1846 μίαις
265 1811 320 1837 τῶν
346 1810 440 1837 παθῶν
462 1811 610 1843 ἁνενδότως
633 1812 824 1847 χειμαζομένῳ
855 1813 900 1839 ἀεὶ
915 1814 945 1840 ὲν

164 1857 296 1892 θαλάσσῃ,
311 1857 392 1892 ἁγνὴ,
411 1858 444 1893 τῇ
460 1857 508 1884 τοῦ
524 1857 594 1892 βίου,
607 1857 675 1892 μόνη
687 1858 730 1884 ἀεὶ
746 1858 875 1894 παρθένε.

200 1903 332 1935 Γνωστᾶκς
346 1903 374 1929 ὲν
391 1903 465 1938 βάτῳ
494 1911 524 1930 σε
545 1904 647 1939 Μωσῆς
661 1903 785 1935 ἑώρακεν
806 1904 887 1940 ιερῶς
898 1913 946 1930 τυ·-

163 1949 313 1984 πουμένην,
329 1948 378 1984 τὴν
394 1950 440 1976 τοῦ
453 1949 538 1984 «ops;
552 1950 701 1984 μέλλουσαν
714 1950 872 1986 λοχεύτριαν
885 1951 948 1978 ἀνα·

165 1995 281 2028 φανῆναι
298 1995 448 2029 μυστικῶς,
463 1995 576 2022 Θεοτόκε
593 1996 636 2022 ἀεὶ
654 1996 784 2030 παρθένε.

199 2040 306 2074 Νόμους
318 2041 366 2076 τῆς
378 2041 486 2075 φύσεως
507 2041 611 2076 Ἰησοῦς
626 2042 640 2068 ὁ
653 2042 868 2078 πανυπερούσιος
880 2042 947 2074 Θεὸς

164 2085 329 2120 καινοτομεϊ,
346 2085 546 2120 παναμώμητε.
563 2086 609 2112 σοῦ
623 2087 656 2113 ἐκ
676 2087 725 2122 τῆς
739 2087 836 2122 νηδύος
852 2088 947 2115 ἀποτι-

167 2130 298 2166 κτόμενος
312 2132 326 2158 ὁ
342 2131 422 2166 μόνος
446 2132 582 2164 οὐσιώσας
597 2137 627 2160 το
640 2133 694 2160 πᾶν
716 2133 875 2170 βουλήματι.

206 2220 238 2278 :H
263 2220 411 2278 1:61am?“
426 2221 537 2274 χάριτος
564 2223 580 2258 ἠ
606 2223 735 2257 ἀνοίξασα
767 2225 873 2260 βροτοῖς
898 2227 947 2262 τὴν
966 2251 987 2278 D

164 2266 252 2301 πύλην
262 2266 310 2302 τὴν
325 2267 459 2302 οὐράνιον,
473 2268 524 2303 τῆς
534 2269 677 2304 μετανοίας
688 2271 775 2302 πύλας
787 2280 831 2306 μοι
847 2272 947 2306 τηλαυ-

163 2313 220 2348 γῶς
245 2313 388 2346 διάνοιξον,
407 2314 550 2347 Δέσποινα,
568 2315 616 2341 καὶ
643 2316 735 2343 πυλῶν
757 2316 805 2343 τοῦ
832 2318 946 2346 θανάτου

163 2359 360 2394 ἐλευθέρωσον.

197 2416 389 2451 Λυτρωοέντες
417 2417 468 2451 τῆς
485 2417 602 2453 ἀρχαίας
623 2419 787 2454 ἀποφάσεως
811 2421 851 2457 τῷ
875 2422 947 2458 τόκῳ

164 2470 222 2493 σου,
238 2462 404 2496 πανάμωμε,
420 2462 595 2498 ἀνυμνοῦμέν
606 2472 635 2490 σε
659 2466 683 2491 οι
698 2466 840 2499 σωθέντες,
866 2468 946 2503 κόρη,

163 2507 207 2534 διὰ
223 2506 281 2538 σοῦ,
295 2507 412 2541 βοῶντες
431 2509 478 2535 καὶ
500 2508 625 2543 λέγοντες
652 2512 770 2543 πιστῶς·
789 2513 946 2548 Εὐλογημέ-

162 2562 208 2585 νος
219 2555 234 2579 ὁ
248 2554 353 2589 καρπὸς
367 2554 418 2590 τῆς
432 2555 482 2589 σῆς
493 2555 608 2588 κοιλίας,
625 2556 705 2591 ἁγνή.

203 2608 293 2645 Ἰερῶς
308 2610 418 2644 ἐμυεῖτο
431 2609 467 2637 τὰ
493 2613 527 2637 σὰ
541 2613 680 2647 μυστήρια
703 2615 861 2650 προφητῶν,
878 2616 945 2642 Θεο-

161 2655 237 2687 τόκε,
256 2656 270 2682 ὀ
285 2655 356 2687 θεῖος
369 2656 506 2690 σύλλογος,
534 2658 675 2693 πόρρωθεν
694 2659 788 2695 μαοὼν
807 2662 852 2687 καὶ
878 2671 945 2696 τρα-

162 2702 216 2734 νῶς
231 2701 406 2737 ἐκτιθέμενος
423 2703 471 2735 τὰς
490 2703 641 2740 Θεοσημίας
662 2706 709 2732 τοῦ
735 2706 807 2733 θείου
834 2708 945 2734 τοκετοῦ

162 2755 221 2774 σου.

196 2795 275 2830 Φωνῇ
301 2796 429 2830 ἀγγέλου,
447 2797 568 2832 μεγάλης
586 2798 718 2831 Ἄγγελον
741 2798 848 2834 βουλῆς,
865 2800 944 2835 ἁγνὴ,

160 2841 279 2875 Χριστὸν
302 2843 476 2879 Ἐμμανουὴλ
492 2844 668 2876 ὰποτέτοκας,
676 2846 732 2877 τοῖς
747 2846 870 2879 ἀγγέλοις
881 2847 945 2878 τοὺς

161 2887 238 2913 κάτω
257 2888 435 2923 συνάπτοντα,
468 2889 535 2926 μόνη
561 2890 729 2926 εὐλογημένη
747 2913 753 2923 ,
782 2892 850 2926 μόνη
875 2900 943 2918 παν-

996 284 1078 312 quam
1097 277 1251 309 laudemus,
1266 281 1293 304 et
1307 277 1404 304 devote
1420 276 1618 303 bcatificemus.

1031 322 1079 349 Ille
1095 322 1142 356 qui
1159 327 1256 349 natura
1285 326 1327 349 est
1346 322 1534 355 inmutabilis,
1552 323 1676 356 apparuit
1696 322 1778 348 homo

996 372 1078 394 natus
1093 374 1125 394 ex
1141 372 1177 399 ιθ,
1195 374 1246 394 nec
1268 372 1358 394 tamen
1377 372 1484 395 uterum
1506 371 1581 394 lullln
1613 367 1776 396 οοιιιιιιικδὶί,

995 419 1146 447 omnesque
1174 419 1189 439 a
1215 411 1391 447 corruptione
1411 418 1520 447 ereptos
1530 412 1666 444 liberavit,
1689 420 1706 439 ο
1730 411 1777 439 Dei

995 457 1080 485 Mater
1098 457 1256 492 purissima.

1030 504 1170 532 Pessimus
1190 504 1276 531 hostis
1293 503 1416 539 quotidie
1433 510 1475 530 me
1499 503 1596 530 venari
1617 502 1726 536 studet;
1752 507 1779 530 at

996 555 1024 578 tu
1040 551 1074 578 ab
1101 550 1163 585 ejus
1186 549 1292 585 laqueis
1317 550 1392 583 eripe
1405 556 1460 581 me,
1487 548 1618 581 Domina,
1645 552 1673 576 et
1687 547 1778 575 divina

995 596 1163 631 protectione
1176 596 1282 623 alarum
1303 599 1412 623 tuarum
1424 595 1529 622 salvum
1542 601 1676 622 conserva
1688 601 1741 622 me.

1029 700 1078 728 Ille
1094 701 1140 736 qui
1154 704 1211 728 erat
1225 700 1412 735 plenissimus,
1428 707 1484 727 non
1497 706 1635 727 evacuans
1646 699 1780 726 immacu-

995 745 1079 772 latum
1094 746 1184 773 sinm’u
1200 745 1298 778 Patris,
1314 753 1329 773 a
1342 752 1398 780 quo
1416 749 1498 773 natus
1509 749 1580 778 erat,
1599 744 1627 772 in
1643 744 1705 772 sinu
1720 749 1778 778 tuo,

995 798 1012 818 ο
1029 791 1104 819 easta
1131 795 1158 819 et
1184 791 1373 824 immaculata,
1411 795 1541 825 tanquam
1570 790 1663 818 infans
1686 790 1778 823 sedet,

995 844 1153 872 prmparans
1163 837 1228 869 illis,
1237 837 1337 872 quibus
1351 836 1436 865 voluit
1449 836 1610 870 assimilari,
1622 835 1780 864 cathedram

996 890 1100 911 sacram
1118 882 1274 911 manifeste.

1034 939 1178 974 Tanquam
1191 939 1291 973 lilium,
1310 944 1439 976 tanquam
1466 939 1658 969 suavissimam
1673 948 1779 974 rosam,

998 991 1129 1022 tanquam
1144 986 1267 1014 divinum
1281 987 1456 1014 olfactorium
1473 987 1582 1023 collegit
1601 992 1627 1015 te
1641 987 1782 1015 divinissi-

998 1041 1072 1060 mum
1091 1032 1221 1065 Verbum,
1240 1040 1256 1060 ο
1271 1033 1429 1061 castissima
1447 1033 1494 1060 Dei
1511 1041 1631 1069 sponsa;
1649 1038 1781 1068 tuumque

998 1083 1106 1106 uterum
1125 1079 1301 1111 inhabitavit,
1312 1080 1397 1107 odore
1417 1080 1534 1115 impleas
1551 1080 1628 1107 suavi
1653 1084 1780 1107 naturam

997 1125 1105 1160 plenam
1124 1123 1211 1152 fetore
1222 1125 1327 1160 peccati
1337 1145 1344 1158 ,
1360 1125 1412 1161 61
1428 1133 1445 1153 ο
1459 1126 1543 1153 Maria
1553 1125 1678 1161 Deipara.

1035 1180 1085 1208 Ubi
1103 1180 1214 1208 Simeon
1233 1189 1314 1209 senex
1330 1181 1398 1208 vidit
1415 1186 1450 1213 te,
1471 1189 1488 1209 ο
1501 1181 1629 1217 Dcipara,
1645 1188 1707 1210 esse
1722 1181 1779 1209 Ma-

999 1230 1068 1252 trem
1095 1225 1152 1259 Dei,
1181 1227 1251 1254 dixit
1278 1231 1407 1262 tanquam
1435 1227 1584 1262 propheta:
1613 1227 1684 1254 Ecre
1710 1227 1781 1255 filius

998 1275 1063 1298 tuus
1095 1272 1120 1298 in
1151 1273 1393 1306 resurrectionem,
1425 1277 1452 1300 et
1487 1274 1595 1300 ruinam
1634 1274 1779 1301 multorum

999 1318 1105 1351 positus
1126 1322 1179 1350 est,
1201 1326 1218 1345 ο
1238 1318 1362 1352 Domina,
1386 1323 1413 1346 et
1433 1319 1462 1346 in
1479 1319 1586 1354 signum
1605 1318 1722 1347 difficilis
1739 1320 1782 1346 in-

1000 1363 1213 1397 terpretationis.

1000 1424 1042 1452 Ea:
1072 1426 1177 1454 Canone
1205 1427 1232 1454 in
1260 1426 1288 1455 S.
1320 1426 1625 1463 Bucalunt,episcopunt
1649 1428 1780 1464 Smyrnw,

1350 1463 1392 1490 die
1406 1463 1434 1490 6.

1036 1538 1197 1574 Unigenitus
1211 1539 1258 1574 qui
1271 1545 1312 1567 est
1320 1539 1402 1568 simul
1413 1547 1474 1567 cum
1489 1539 1578 1572 Patre,
1591 1540 1617 1567 in
1633 1546 1711 1568 utero
1724 1544 1780 1573 tuo,

1001 1591 1018 1611 ο
1036 1589 1124 1616 casta,
1140 1584 1313 1611 ineffabiliter
1328 1584 1498 1617 incarnatus,
1517 1590 1597 1619 prout
1619 1585 1690 1612 Deus
1704 1586 1781 1613 dece-

1002 1629 1058 1663 bat,
1086 1629 1216 1657 mortales
1241 1629 1366 1657 homines
1389 1630 1534 1661 deificavit,
1558 1635 1668 1666 propter
1690 1631 1782 1658 multi-

1000 1673 1125 1701 tudinem
1141 1674 1348 1702 miserationum
1362 1681 1487 1708 suarum,
1504 1679 1633 1710 tanquam
1647 1675 1784 1711 benignis.

1001 1720 1098 1748 simus.

1037 1766 1136 1794 Portus
1160 1771 1220 1794 esto
1240 1767 1309 1794 mihi
1334 1771 1361 1794 et
1378 1767 1513 1800 custodia,
1531 1767 1700 1803 gravissimis
1719 1775 1782 1802 pas-

1002 1812 1110 1840 sionum
1124 1813 1251 1848 procellis
1267 1815 1327 1840 sine
1343 1814 1545 1841 intermissione
1560 1821 1667 1848 semper
1679 1814 1783 1848 jactato

1001 1859 1028 1886 in
1044 1859 1112 1886 mari
1126 1859 1186 1886 vitae
1202 1859 1298 1894 hujus,
1316 1866 1333 1886 ο
1349 1865 1422 1887 casta
1438 1860 1495 1887 sola
1512 1867 1619 1895 semper
1633 1861 1720 1895 virgo.

1036 1905 1177 1933 Manifeste
1202 1906 1228 1932 in
1252 1906 1319 1932 rubo
1336 1913 1384 1940 per
1402 1913 1510 1934 sacrum
1527 1911 1620 1941 typum
1636 1911 1661 1933 te
1682 1906 1782 1940 figura-

1002 1956 1055 1979 tam
1072 1951 1139 1979 vidit
1150 1951 1266 1987 Moyses,
1284 1952 1401 1979 futuram
1416 1952 1601 1988 mysticiiguis
1612 1951 1780 1986 genitricem,

1000 2004 1017 2024 0
1030 1997 1142 2031 Deipara
1155 2005 1262 2032 semper
1273 1997 1359 2032 virgo.

1037 2042 1146 2070 Naturae
1167 2043 1251 2078 leges,
1276 2042 1357 2070 Jesus
1379 2043 1453 2070 omni
1479 2042 1632 2070 substantia
1658 2043 1783 2078 superior

1002 2087 1085 2120 Deus,
1101 2089 1252 2121 renavavit,
1267 2096 1300 2116 ex
1317 2094 1394 2116 utero
1410 2093 1457 2116 tuo
1474 2093 1566 2120 natus,
1583 2097 1599 2116 ο
1615 2090 1689 2115 omni
1703 2089 1783 2115 laude

1000 2134 1162 2162 celebranda
1173 2155 1180 2168 ,
1197 2135 1243 2169 qui
1260 2135 1336 2162 solus
1350 2134 1413 2162 fecit
1425 2139 1454 2161 ut
1467 2139 1540 2162 esset
1551 2135 1642 2162 omnis
1654 2134 1783 2161 substan-

1001 2180 1038 2208 tia
1056 2181 1195 2208 voluntate
1209 2187 1270 2207 sua.

1037 2226 1059 2254 Ο
1087 2230 1165 2261 porta
1195 2226 1299 2262 gratim,
1327 2233 1388 2260 quae
1402 2225 1559 2253 hominibus
1585 2225 1648 2253 caeli
1675 2230 1782 2259 portam

1001 2273 1141 2306 aperuisti,
1158 2273 1231 2306 aperi
1243 2272 1321 2303 mihi,
1342 2272 1466 2304 Domina,
1482 2277 1605 2306 patenter
1617 2277 1710 2307 portas
1727 2278 1784 2306 po:-

1001 2319 1135 2352 nitenlite,
1153 2324 1178 2346 et
1193 2326 1208 2345 ιι
1223 2319 1309 2354 portis
1322 2319 1416 2346 mortis
1433 2319 1517 2346 libera
1533 2326 1586 2346 me.

1037 2423 1154 2451 Liberali
1175 2431 1222 2458 per
1246 2428 1353 2459 partum
1387 2427 1463 2450 tuum
1480 2423 1514 2450 ab
1533 2421 1650 2456 antiqua:
1668 2421 1783 2448 damna-

1002 2470 1084 2497 tionis
1099 2470 1244 2500 sentcntia,
1260 2477 1277 2496 ο
1291 2469 1448 2503 purissima,
1462 2469 1604 2495 laudamus
1617 2473 1652 2498 te,
1668 2467 1781 2494 salutem

1002 2523 1049 2549 per
1063 2520 1088 2542 te
1103 2515 1254 2548 consecuti,
1275 2516 1436 2546 clamantes,
1452 2518 1479 2542 et
1494 2522 1555 2542 eum
1573 2514 1624 2541 fide
1635 2514 1756 2541 dicentes
1773 2522 1780 2540 :

1002 2561 1164 2588 Benedictus
1180 2561 1285 2588 fructus
1299 2561 1402 2588 ventris
1416 2561 1464 2594 tui,
1480 2568 1496 2587 ο
1510 2565 1586 2587 easta
1598 2560 1696 2595 puella.

1034 2618 1148 2646 Divinus
1173 2618 1366 2653 prophetarum
1395 2623 1483 2646 cmtus
1515 2625 1592 2645 sacre
1624 2617 1783 2644 initiahatur

1000 2665 1138 2699 mysteriis
1159 2664 1224 2697 tuis,
1242 2672 1258 2691 ο
1274 2663 1406 2699 Deipara,
1429 2664 1524 2699 procul
1543 2665 1667 2696 edoctus,
1684 2668 1712 2690 et
1726 2671 1783 2689 ma-

1000 2711 1098 2740 nifeste
1112 2719 1253 2747 exponens
1270 2712 1398 2739 vaticinia
1414 2712 1498 2740 divini
1514 2716 1608 2747 partus
1621 2710 1671 2738 tui.

1035 2803 1088 2830 Per
1105 2810 1198 2830 vocem
1215 2803 1315 2838 angeli,
1332 2804 1423 2838 magni
1436 2802 1542 2830 consilii
1563 2802 1694 2836 Angelum
1711 2809 1780 2828 con-

999 2850 1105 2884 cepisti,
1118 2857 1134 2875 o
1144 2855 1230 2882 easta,
1240 2849 1380 2877 Christum
1393 2849 1607 2879 Emmanuelenr,
1619 2849 1665 2882 qui
1677 2849 1781 2882 angelis

999 2895 1124 2923 homines
1146 2895 1199 2930 62
1221 2896 1373 2931 conjunxit,
1396 2903 1412 2923 ο
1433 2895 1490 2922 sola
1512 2894 1661 2928 benedicta,
1682 2902 1698 2922 ο
1721 2895 1779 2922 sola
