2077 3157
274 157 342 191 1959

828 155 857 185 S.
879 153 966 184 JOSE
972 153 1036 183 ΡΠΙ
1055 149 1333 183 IIYMNOGRAPHI

1824 141 1894 174 10ῡο

273 215 349 241 omni
365 212 444 241 laude
462 212 621 247 dignissima
637 211 725 247 puclla
741 210 815 246 (51).
836 217 853 237 ο
870 211 929 238 sola
945 209 1057 237 deitica-
1072 234 1077 242 λ

1130 216 1224 243 μνητε,
1252 206 1321 242 μόνη
1359 206 1376 240 ἡ
1403 203 1478 231 αἰτία
1509 202 1558 238 τῆς
1591 200 1681 237 ἡμῶν,
1712 200 1791 236 κόρη,
1832 199 1900 226 θεόν

275 260 358 287 tionis
373 264 476 287 nostra:
489 266 582 286 causa.

277 323 318 350 Ea:
333 323 438 351 Canoue
457 322 484 349 ἱιι
499 321 529 349 S.
544 320 892 381 Parthenii‘tlm._episcapum
905 317 1064 353 Lampsace-

585 363 659 381 ιιιιιιι.
696 364 718 381 ιε
736 362 757 381 Α.

585 363 659 387 num,
676 362 718 382 die
736 362 757 382 Α.

312 421 334 448 0
346 419 486 450 inviolata,
504 426 565 454 qua:
581 419 665 446 Deum
685 419 787 445 bonum
803 416 943 452 peperisti,
960 416 1063 443 bonum

277 466 353 493 ellice
366 465 495 492 miserum
512 471 561 492 cor
575 471 665 490 meum
679 463 828 490 multarum
839 463 996 498 passionum
1009 469 1066 488 ma-

277 512 336 539 litia
358 511 550 546 depravatum;
572 514 599 537 et
619 510 655 537 da
679 510 744 536 mihi
764 510 836 536 vires
851 510 884 536 ad
896 509 1065 536 ellieiendam

279 558 450 585 voluntatem
476 556 667 591 Redemptoris
692 556 790 588 nostri,
816 555 864 591 qui
888 555 947 582 vult
970 562 1066 584 omnes

279 603 406 631 homines
424 603 515 630 salvos
529 602 600 630 lieri.

314 662 387 688 Inter
415 659 542 687 homines
565 662 742 687 conversatus
769 662 812 685 est
842 657 990 688 Dominus,
1020 657 1067 692 qui

281 715 314 735 ex
331 712 358 734 te
374 713 484 734 carnem
502 705 685 740 inexplicabili
701 703 783 731 modo
796 703 903 738 accepit
920 703 1067 731 :eumdem

282 760 348 788 ergo
361 752 518 787 deprecare,
538 759 554 778 ο
574 751 759 782 sanctissima,
775 754 803 776 ut
821 750 985 776 misereatur
1004 748 1067 781 mei.

283 799 328 833 qui
348 805 363 825 a
387 797 523 832 serpentis
558 796 659 824 ictibus
681 796 708 823 in
732 795 881 823 certamine
902 801 1018 830 superor
1031 800 1064 820 ac

283 844 408 878 dejicior.

1114 262 1192 285 σεως.

1119 318 1167 345 Ἐκ
1180 316 1234 344 τοῦ
1249 316 1385 348 Κανόνας
1399 316 1442 347 εὶς
1467 313 1521 340 τὸν
1541 312 1627 339 ὅσιον
1643 310 1815 348 Παρέζένιον,
1830 309 1897 337 ἐπι-

1269 345 1388 378 axona}
1402 345 1584 384 Λὶιμψάκων,
1603 347 1697 382 ἡμέρᾳ
1709 345 1743 376 ἒ.

1157 417 1271 450 ’Δγαθὺν
1296 415 1423 450 κυήσασα
1446 413 1523 444 Θεὸν,
1538 413 1666 448 ἄχραντε,
1686 410 1822 445 ἀγάθυνον
1850 409 1900 445 τὴν

1115 464 1145 491 ἐν
1155 463 1262 493 πολλοῖς
1288 459 1489 494 κεκακωμένην
1509 457 1608 485 πάθεσι
1627 455 1759 492 ταπεινὴν
1786 455 1900 490 καρδίαν

1118 517 1181 545 μου,
1192 507 1238 535 καὶ
1250 507 1282 533 τὸ
1296 506 1359 540 Θὲλη
1364 513 1402 540 μα
1415 503 1533 531 ὲκτελεῖν
1545 502 1734 536 ὲνδυνάμωσον
1749 500 1795 526 τοῦ
1812 500 1902 534 σωθῆ-

1115 563 1162 583 ναι
1173 554 1278 585 πάντας
1290 552 1414 583 θέλοντος
1428 549 1590 585 ἀνθρώπους
1604 546 1739 583 imponat?
1758 547 1848 582 ἡμῶν.

1160 655 1305 691 Ὥμίλησεν
1319 652 1476 688 ἀνθρώποις
1485 652 1519 679 ἐκ
1535 649 1583 678 σοῦ
1597 650 1649 686 τὴν
1667 650 1756 685 σάρκα
1772 649 1786 676 ό
1801 648 1903 684 Κύριος

1118 701 1237 737 φορέσας
1248 699 1466 735 ἀνερμηνεὺτως·
1476 698 1556 724 αὑτὸν
1567 695 1614 723 οὖν
1626 695 1831 730 ὲκδυσὼπησον,
1839 703 1903 720 mw

1119 747 1198 781 αγία,
1228 746 1275 773 τοῦ
1289 743 1460 780 οἱκτειρῆσαί
1477 751 1511 779 με
1528 741 1766 777 καταπονούμενον
1787 739 1904 776 προσϐο-

1118 793 1177 825 λαῖς
1187 792 1234 820 τοῦ
1246 791 1334 827 ὄφεως
1345 790 1391 817 καὶ
1405 790 1585 825 δωρούμενον.

318 889 401 921 Sana,
430 897 447 917 o
474 888 568 923 Virgo.
595 887 710 915 vulnera
739 886 837 914 animte
862 892 929 913 mea;
951 889 1070 912 mentem

1157 885 1198 912 Τὰ
1216 884 1362 919 τραύματα
1382 883 1432 918 τῆς
1450 882 1538 918 ψυχῆς
1554 890 1615 918 μου,
1625 881 1757 917 Παρθένε,
1770 881 1904 916 θεράπευ-

284 943 371 963 meam
389 943 403 963 a
420 935 595 970 passionibus
617 934 807 964 dilaceratam,
832 936 860 959 et
878 939 892 958 a
914 936 1070 966 transgres-

285 981 409 1008 sionibns
454 980 647 1008 mandatorum
680 978 832 1006 Salvator-is
866 977 1074 1006 obtcncbratam

286 1026 412 1061 paciﬁca.

320 1084 343 1110 Α
361 1083 440 1111 malis
455 1082 651 1110 inhaerentibus
673 1081 738 1108 mihi
755 1081 790 1109 ob
802 1081 957 1108 invasioncs
973 1081 1073 1114 Alieni,

287 1136 315 1158 et
334 1138 347 1157 a
363 1130 506 1158 tormentis
526 1129 636 1157 teter-nis
651 1128 717 1155 mihi
737 1128 885 1155 reservatis
917 1128 1001 1155 libera
1018 1135 1071 1160 me,

288 1182 397 1210 precor,
418 1173 664 1202 intercessionibus
679 1173 734 1200 tuis
758 1172 829 1207 apud
849 1177 1001 1199 amatorem
1022 1171 1072 1199 ho-

287 1220 404 1248 minum.

325 1266 363 1294 Ne
377 1270 482 1294 statuas
496 1273 550 1297 me,
565 1265 592 1292 in
606 1265 649 1292 die
660 1264 767 1299 judicii,
777 1264 848 1291 inter
861 1263 1022 1296 damnatos;
1040 1271 1075 1291 ne

289 1310 438 1345 ignominia
468 1315 547 1338 notes
574 1318 627 1343 me,
662 1310 690 1336 in
717 1309 847 1336 onmibns
876 1309 1073 1341 insensibilem,

295 1356 366 1383 Deus
379 1363 466 1388 meus,
479 1360 506 1383 ct
521 1355 607 1383 factor
626 1363 713 1388 meus,
725 1362 786 1382 cum
802 1354 903 1382 habeas
916 1355 1073 1382 advocatam

290 1409 340 1436 pro
362 1409 405 1429 me
419 1402 563 1429 Dominam
581 1401 666 1433 illam,
681 1409 742 1436 qua:
755 1401 814 1429 sine
829 1401 934 1429 semine
952 1400 1077 1436 concepit

292 1455 324 1474 ac
339 1448 443 1482 peperit
460 1452 496 1474 te.

328 1492 456 1520 Sanctior
487 1492 614 1528 supernis
649 1493 831 1528 potestatibus
860 1492 1026 1527 apparuisti,
1060 1499 1077 1520 ο

1123 941 1178 965 σον,
1192 931 1237 959 τὺν
1248 931 1310 958 νοῦν
1328 939 1379 966 μου
1398 931 1558 965 εἰρήνευσον
1576 929 1628 956 ὑπὸ
1643 929 1737 956 παθῶν
1750 929 1906 963 σπαραττό-

1124 986 1214 1013 μενον,
1226 977 1273 1003 ut
1289 977 1348 1008 ταῖς
1360 975 1531 1012 παραϐάσεσι
1544 975 1599 1002 τῶν
1615 975 1730 1002 ἐντολῶν
1749 974 1796 1002 τοῦ
1812 975 1906 1010 Σωτῆο

1124 1032 1171 1059 ρος
1179 1023 1382 1058 σκοτιζόμενον.

1165 1079 1232 1106 ’Λπδ
1247 1078 1342 1105 παθῶν
1359 1077 1558 1113 ἀμαυρώσεως,
1575 1077 1656 1112 κόρη,
1676 1077 1731 1104 ἀπὺ
1746 1078 1902 1105 σκανδᾶλων

1121 1124 1176 1151 τῶν
1196 1123 1418 1159 προσγινομένων
1442 1123 1503 1154 ταῖς
1527 1121 1726 1158 ὲπηρειαιςτοῦ
1743 1122 1907 1158 ’Λλλοτρίου,

1124 1170 1262 1206 μενουσῶν
1289 1178 1319 1197 τε
1349 1169 1473 1205 βασάνων
1495 1169 1612 1196 αἰωνίων
1640 1169 1707 1204 πρὸς
1735 1169 1781 1195 τὸν
1815 1170 1911 1204 φιλάν-

1125 1217 1234 1252 θρωπον
1250 1216 1331 1252 ῥῦσαί
1344 1224 1377 1251 με
1390 1217 1450 1247 ταῖς
1464 1217 1534 1248 σαῖς,
1544 1216 1672 1248 δυσωπῶ,
1688 1216 1908 1251 παρακλήσεσιν.

1157 1263 1204 1299 Μὴ
1220 1263 1323 1298 στήσῃς
1345 1271 1378 1298 με
1399 1263 1427 1288 ὲν
1441 1262 1533 1297 ἡμέρᾳ.
1551 1262 1600 1297 τῆς
1634 1262 1711 1297 δίκης
1734 1262 1910 1297 κατάκριτον,

1125 1311 1164 1346 μὴ
1176 1309 1354 1346 στηλιτεύσῃς
1368 1317 1402 1345 με
1418 1309 1466 1335 ἐπὶ
1486 1309 1596 1335 πάντων
1609 1308 1655 1334 τὸν
1671 1308 1842 1343 ἀναίσθητον,
1859 1308 1911 1335 Θεέ

1127 1365 1188 1392 μοι),
1211 1355 1311 1390 ποιητά
1335 1364 1397 1390 μου,
1413 1355 1483 1390 ἔχων
1506 1353 1679 1381 ἱκετεύουσαν
1704 1353 1756 1389 τὴν
1777 1352 1912 1380 τεκοῦσαν

1125 1401 1254 1436 ἀσπόρως
1268 1409 1298 1427 σε
1310 1400 1472 1427 Δέσποιναν.

1169 1491 1297 1527 ”Ωράθης,
1321 1491 1487 1526 πανάμωμε,
1512 1490 1651 1525 ἁγιωτέρα
1679 1490 1734 1517 τῶν
1755 1490 1812 1517 ἄνω
1833 1489 1914 1516 δυνά-

291 1539 560 1568 immaculatissima-
589 1539 673 1567 Deum
702 1539 776 1566 enim
804 1539 969 1573 corporasti,
995 1545 1076 1573 quem

1130 1546 1202 1574 μεων
1220 1546 1228 1554 ·
1251 1538 1317 1565 Θεδν
1331 1537 1386 1573 γὰρ
1403 1536 1600 1572 ἔσωμάτωσας,
1615 1537 1645 1563 ὃν
1667 1536 1758 1568 τάξεις
1772 1535 1914 1571 ἀσώματοι

327 1639 383 1675 (St)
400 1639 511 1675 Egregia
539 1638 658 1673 Deiparae
685 1638 744 1666 laus
777 1642 828 1668 est,
855 1638 942 1672 ipsam
975 1641 1076 1664 statum

294 1674 388 1710 gratiae
407 1674 481 1701 nullo
507 1681 627 1708 unquam
652 1676 762 1710 peccato
785 1677 947 1710 temeratum
968 1679 1077 1706 semper

295 1707 433 1739 habuisse,
445 1713 471 1736 et
480 1713 555 1736 extra
570 1709 724 1736 communia
738 1711 841 1734 natura:
852 1707 1000 1741 inquinaue
1015 1714 1078 1741 pro—

294 1745 338 1772 eul
353 1751 368 1770 a
386 1743 577 1770 maledictione
602 1747 630 1769 et
656 1742 827 1775 subjectione
848 1742 981 1769 dmmonis
1006 1741 1079 1776 posi-

297 1784 352 1806 tam
371 1778 467 1805 fuisse.
482 1777 538 1805 llac
555 1777 637 1812 igitur
662 1777 751 1808 laude,
765 1784 819 1810 qua
836 1777 893 1811 ipsa
916 1776 1077 1812 dignissima

296 1818 349 1844 est.
368 1812 446 1840 debet
465 1813 500 1840 ab
521 1813 649 1839 omnibus
675 1812 722 1846 qui
741 1819 800 1838 eam
824 1812 937 1839 laudare
966 1813 1080 1846 cupiunt

294 1847 434 1875 celebrari.
451 1847 533 1874 Porro
548 1854 609 1874 esse
624 1847 702 1874 istam
716 1846 838 1881 Deiparaa
853 1847 968 1874 laudem
993 1847 1080 1873 unde-

296 1882 557 1918 quaquecximiam,
574 1886 648 1918 extra
673 1888 781 1918 omnem
802 1882 998 1908 dubitationem
1020 1888 1079 1918 esse

296 1915 386 1944 debet.
399 1916 434 1944 Ut
445 1917 560 1943 maxime
574 1917 727 1943 mirandum
744 1916 772 1943 lit
786 1918 961 1948 Abulcnsem,
971 1915 1079 1942 tametsi

297 1954 331 1979 de
345 1951 437 1978 Maria:
456 1952 634 1986 conceptione
657 1952 759 1986 optime
774 1952 947 1983 sentientem,
965 1958 1080 1985 eamque

299 1988 448 2014 immunem
461 1993 476 2013 a
492 1985 604 2020 peccato
619 1985 702 2013 fuisse
714 1985 903 2018 atlirmantem,
916 1990 997 2019 atque
1010 1986 1035 2013 id
1053 1989 1081 2012 et

299 2022 384 2049 tutius
411 2026 438 2048 et
455 2022 533 2055 plane
549 2021 694 2055 eligibilius
720 2028 781 2048 csse
801 2021 1030 2055 pronuntiantem,
1047 2027 1080 2047 eo

297 2056 405 2084 tandem
419 2056 561 2082 devenisse
570 2062 598 2082 ut
615 2056 736 2082 diceret:
758 2064 768 2081 ι
786 2056 844 2082 Non
866 2056 964 2082 mutari
977 2056 1002 2081 in
1017 2056 1078 2087 hoc,

298 2092 339 2118 vel
360 2091 445 2118 tninui
471 2090 592 2125 Deiparae
616 2090 722 2117 laudem
743 2097 774 2117 ac
791 2091 915 2125 gloriam,
929 2091 951 2118 si
974 2090 1082 2116 dicatur

298 2126 448 2154 incurrisse
460 2125 593 2160 originale
600 2129 754 2159 peccatum,
766 2131 794 2152 ut
803 2130 900 2160 putant
909 2125 955 2159 qui
968 2133 1020 2152 non
1036 2132 1081 2159 pe-

300 2165 408 2188 netrant
418 2165 543 2187 naturam
556 2160 658 2194 peccati
670 2160 811 2194 originalis
826 2169 833 2186 :
850 2169 859 2185 »
877 2168 939 2186 cum
952 2167 1005 2186 non
1020 2167 1082 2193 par-

298 2202 332 2222 va
343 2196 429 2230 gloria
446 2195 491 2226 sit,
504 2194 564 2230 Deo
574 2195 690 2221 similem
708 2199 837 2229 perpetuo
851 2202 922 2227 esse,
937 2197 964 2221 et
984 2195 1080 2230 habitu

299 2229 530 2258 diSimilitudinis
553 2229 609 2260 Dei.
629 2229 701 2263 quod
714 2234 854 2264 peccatum
875 2229 1008 2263 originale
1027 2234 1080 2258 est.

301 2273 408 2299 semper
421 2264 554 2295 caruisse,
569 2263 720 2299 itidemque
731 2264 791 2291 labe
807 2264 909 2298 peccati
924 2269 1019 2290 natura
1032 2271 1081 2291 sua

1130 1637 1184 1664 boli
1202 1637 1374 1668 servitutem,
1390 1641 1416 1664 et
1428 1636 1450 1664 si
1467 1637 1530 1672 quis
1545 1644 1629 1672 parvo
1643 1640 1781 1664 momento
1797 1636 1840 1664 his
1851 1640 1913 1663 tan-

1128 1675 1163 1699 tis
1181 1673 1261 1699 tnalis
1285 1672 1428 1699 teneetur?
1443 1672 1477 1698 At
1498 1680 1551 1698 non
1574 1673 1610 1699 ita
1630 1672 1751 1707 sentiunt
1763 1672 1809 1707 qui
1835 1672 1917 1706 spiri-

1130 1707 1247 1734 tualihns
1267 1707 1354 1734 oculis
1371 1714 1426 1734 rem
1444 1707 1619 1741 perspiciunt.
1633 1705 1723 1739 Quare
1736 1705 1835 1733 ab'bac
1847 1705 1915 1736 adeo

1129 1743 1230 1769 misera
1252 1743 1408 1769 conditione
1425 1742 1558 1777 singulari
1573 1743 1646 1768 dono
1665 1746 1804 1777 servatam
1829 1741 1915 1770 fuisse

1129 1784 1257 1811 magnum
1283 1784 1344 1803 esse
1367 1776 1545 1808 arbitrantur,
1564 1777 1635 1804 sicut
1651 1781 1678 1803 et
1704 1776 1749 1803 illa
1775 1777 1914 1805 exsultans

1129 1811 1156 1838 in
1172 1812 1269 1846 spiritu
1285 1811 1409 1846 professa
1423 1817 1465 1839 est
1481 1811 1548 1838 Luc.
1566 1820 1572 1838 I
1587 1821 1594 1839 :
1615 1812 1684 1843 Quia
1699 1812 1761 1845 fecit
1773 1811 1838 1838 mihi
1856 1820 1914 1838 ma-

1129 1855 1179 1881 gna
1193 1847 1237 1881 qui
1248 1852 1338 1881 palen;
1352 1851 1401 1873 est.
1416 1846 1494 1879 Quod
1511 1847 1533 1873 si
1549 1854 1661 1881 parvum
1677 1848 1759 1873 etiam
1775 1854 1807 1873 ex
1821 1854 1851 1873 se
1864 1847 1914 1874 hoc

1130 1882 1231 1908 donum
1247 1882 1446 1916 proﬁterentur,
1469 1889 1596 1916 magnum
1617 1886 1706 1908 tamen
1732 1881 1852 1916 profecto
1865 1883 1914 1908 lie-

1130 1921 1182 1948 ret,
1198 1915 1254 1943 tum
1268 1918 1423 1951 praestantia
1445 1915 1595 1948 donatoris,
1610 1922 1667 1943 tum
1687 1915 1768 1943 etiam
1794 1916 1915 1951 singula-

1130 1951 1210 1978 ritate
1224 1951 1294 1986 ejus,
1312 1952 1357 1978 cui
1375 1952 1425 1978 sol-i
1443 1951 1572 1978 donatura
1587 1956 1648 1984 cst;
1665 1959 1738 1982 nam.
1756 1957 1785 1978 ut
1804 1952 1914 1986 quidam

1130 1986 1236 2020 cgrcgie
1261 1986 1340 2018 dixit,
1371 1993 1386 2012 ι
1408 1987 1515 2021 magnis
1535 1986 1702 2021 principibus
1721 1986 1800 2013 etiam
1826 1987 1917 2013 minu-

1131 2021 1288 2057 tulis‘tlonis
1309 2023 1457 2053 lionestari,
1471 2029 1598 2056 magnum
1614 2026 1640 2048 et
1657 2021 1916 2057 farorabilercense-

1131 2055 1185 2083 tur.
1200 2055 1321 2091 Denique
1340 2056 1362 2082 si
1376 2057 1415 2082 vir
1432 2056 1477 2083 ille
1491 2055 1673 2090 spiritualium
1694 2064 1785 2083 rerum
1800 2056 1916 2091 diligens

1131 2091 1301 2126 examinator
1322 2095 1403 2123 atque
1419 2092 1570 2119 mstimator
1593 2093 1712 2126 prudens
1735 2091 1915 2125 Atlglhlintts,

1131 2133 1240 2153 carnem
1257 2125 1347 2152 Marim
1357 2126 1412 2159 jam
1429 2125 1598 2153 demortuaui
1610 2134 1658 2161 pro
1670 2127 1767 2161 quovis
1785 2131 1915 2160 temporis

1131 2165 1232 2221 puncto
1259 2161 1403 2187 obnoxiam
1431 2162 1596 2195 corruptioni
1636 2169 1688 2187 non
1725 2165 1829 2194 poterat
1857 2161 1916 2187 sine

1142 2202 1245 2221 torrore
1258 2196 1378 2221 cogitare
1392 2196 1433 2221 (ut
1456 2197 1571 2221 ipsemet
1596 2197 1848 2221 testatur‘..unanto
1865 2196 1916 2221 huc

1142 2202 1245 2222 torrore
1258 2196 1378 2230 cogitare
1392 2196 1433 2230 (ut
1456 2197 1571 2230 ipsemet
1596 2197 1734 2230 testatur),
1746 2200 1848 2230 quanto
1865 2196 1916 2222 huc

1132 2234 1205 2256 certe
1217 2229 1307 2256 minus
1319 2230 1353 2256 de
1370 2229 1555 2258 sacratissima
1569 2232 1658 2257 anima
1674 2231 1717 2257 illa
1730 2229 1915 2265 cogitandum,

1133 2265 1205 2299 quod
1219 2271 1328 2300 peccato
1342 2270 1479 2300 corrupta,
1498 2267 1568 2300 quod
1588 2266 1687 2292 diaboli
1709 2266 1839 2300 potestati
1853 2266 1917 2292 Sub-

302 2291 516 2334 coVi-rurmp’cntis,
533 2291 561 2325 et
575 2291 731 2330 inﬁcieittis,
743 2299 797 2326 imo
807 2291 1001 2326 interﬁcientis
1022 2299 1081 2325 ani-
1097 2291 1119 2318 D
1131 2291 1302 2334 j'ectafquod
1317 2291 1374 2327 Deo
1392 2291 1625 2327 tarndeiu'iuimica
1642 2291 1791 2334 etiatiirpro
1817 2291 1914 2334 quovis

302 2342 386 2366 mam,
398 2333 445 2361 Dei
468 2333 598 2361 beneﬁcio
614 2334 696 2361 eximi
711 2342 717 2360 :
735 2334 805 2360 sicut
820 2341 835 2360 e
861 2334 999 2361 contrario
1025 2341 1079 2360 non

302 2370 387 2396 minui
405 2369 540 2402 ejuslaus,
556 2368 601 2402 qui
616 2376 647 2396 ea
663 2370 769 2396 macula
783 2368 894 2396 sordere
909 2368 1082 2403 supponitur.

302 2403 370 2431 Vide
382 2403 540 2438 Velasquez.
553 2402 590 2430 De
603 2403 691 2430 Maria
701 2403 868 2430 immaculute
877 2402 1009 2437 conrepta.
1020 2403 1082 2430 libr.

302 2446 333 2470 tt,
359 2437 495 2466 dissertat.
527 2437 554 2470 5,
582 2442 675 2465 aunot.
703 2438 787 2471 l,ubi
822 2438 941 2465 ostendit
969 2440 1085 2465 sanctis-

304 2475 402 2501 simam
423 2472 561 2508 Virginem
581 2480 630 2508 pro
644 2473 776 2507 dignitate
799 2473 904 2500 laudari
920 2480 975 2499 non
993 2480 1083 2506 posse,

303 2508 356 2535 nisi
382 2507 574 2535 communibus
600 2507 720 2541 Deipara:
747 2508 874 2535 laudibus
891 2508 935 2534 illa
956 2508 1082 2540 addatur,

306 2542 377 2578 quod
400 2543 528 2569 nimirum
547 2542 630 2569 fuerit
642 2543 821 2578 immaculato
835 2546 975 2578 concepta.

340 2577 424 2604 Porro
443 2578 604 2604 Ambrosius
629 2577 793 2604 Catharinus
819 2578 846 2604 in
877 2585 927 2603 sua
953 2577 1084 2612 disputat.

307 2611 361 2639 Pro
387 2612 559 2639 immaculata
573 2613 752 2647 conceptione,
775 2612 837 2639 libr.
852 2619 871 2643 t,
885 2620 968 2646 agens
989 2619 1085 2639 contra

306 2648 460 2682 nonnullos,
476 2648 523 2682 qui
535 2647 660 2674 dicebant
674 2648 707 2674 ad
727 2647 835 2674 laudem
853 2647 942 2673 Maria:
955 2655 1008 2674 non
1023 2648 1086 2674 alti-

306 2681 369 2709 nere
384 2681 583 2717 prteservatam,
600 2682 684 2709 fuisse
696 2690 710 2708 a
736 2683 794 2708 labe
815 2681 917 2716 peccati
934 2683 1084 2716 originalis.

308 2719 346 2744 ait
362 2717 431 2744 inter
451 2718 505 2744 alia
523 2726 529 2744 ε
546 2726 555 2741 ι
569 2716 645 2749 Quod
663 2717 916 2751 insuper_adjiciunt
932 2724 1027 2751 parum
1052 2718 1086 2744 ad

308 2752 414 2779 laudi-tn
438 2751 558 2780 Domina:
573 2753 686 2778 attinere
706 2752 757 2778 hoc
774 2752 846 2786 quod
867 2752 903 2778 illi
923 2752 1086 2779 asertbunus

308 2787 478 2821 privilegium
507 2787 729 2821 prarservationis
754 2787 789 2813 ab
814 2787 950 2820 originali,
976 2794 1087 2820 prorsus

307 2822 471 2855 inopinabile
487 2827 538 2848 est.
555 2822 607 2852 An,
623 2828 726 2854 qumso.
743 2829 837 2855 parum
854 2821 916 2848 mali
931 2821 1088 2848 existimant

307 2859 408 2890 peccati
426 2858 583 2890 twtitatem,
601 2856 646 2883 Dci
663 2856 729 2883 iram
747 2862 826 2891 atque
840 2857 1020 2889 inimicitiam,
1032 2858 1087 2884 dia-

1135 2339 1273 2361 tnomenlo
1292 2343 1353 2362 vere
1372 2335 1425 2362 dici
1452 2336 1589 2369 potuerit?
1617 2335 1668 2362 Sed
1702 2337 1766 2369 quid
1803 2336 1917 2362 ulterius

1138 2376 1230 2396 morol'
1243 2370 1254 2396 ?
1268 2377 1329 2396 cum
1347 2374 1374 2396 et
1396 2371 1446 2396 hoc
1461 2371 1488 2396 in
1512 2371 1573 2398 loco
1592 2371 1634 2397 isti
1650 2378 1682 2397 cx
1696 2371 1829 2397 diametro
1855 2378 1916 2396 cum

1137 2405 1271 2431 sententia
1298 2404 1650 2440 B._'l‘hom:erdepugnem?
1676 2405 1744 2432 Nam
1769 2406 1847 2439 quod
1869 2405 1918 2438 ipsi

1137 2439 1206 2465 adre
1229 2441 1303 2473 parvi
1324 2438 1435 2471 faciunt,
1451 2438 1570 2466 Thomas
1592 2440 1648 2474 ipse
1666 2445 1760 2467 contra
1779 2438 1847 2467 adeo
1862 2447 1920 2465 uta-

1137 2473 1258 2508 gnilacit,
1278 2479 1306 2501 ut
1339 2474 1439 2501 idcirco
1455 2480 1534 2509 neget
1563 2473 1652 2502 marite
1675 2476 1831 2506 cenvcuirc,
1847 2473 1919 2508 quod

1137 2509 1220 2535 nimis
1241 2510 1377 2536 excelsum
1415 2509 1569 2544 videbatur,
1595 2517 1628 2536 eo
1658 2509 1729 2544 quod
1765 2517 1811 2543 per
1853 2509 1919 2535 illud

1137 2544 1400 2580 aequarirvideretur
1414 2544 1534 2571 Christo.
1550 2543 1605 2571 Nos
1621 2543 1721 2580 tamen,
1735 2548 1764 2570 ut
1781 2544 1838 2571 suis
1855 2544 1920 2570 locis

1137 2579 1348 2614 declarabimus.
1366 2585 1392 2605 et
1406 2587 1532 2614 magtmm
1544 2579 1744 2614 esselatemur,
1759 2587 1809 2606 nec
1829 2584 1919 2605 tamen

1138 2613 1206 2640 adeo
1227 2621 1354 2648 magnotu
1372 2619 1401 2640 ut
1418 2613 1572 2641 ad’Christi
1593 2613 1759 2648 Maiestatem
1780 2614 1918 2640 ascendat.

1138 2648 1229 2680 Quare
1257 2650 1382 2676 trivolnm
1403 2654 1445 2676 est
1477 2649 1586 2684 penitus
1603 2650 1673 2684 quod
1692 2648 1837 2679 addebant,
1853 2652 1920 2684 satis

1137 2692 1196 2710 eam
1221 2688 1249 2709 ut
1270 2684 1313 2710 ltci
1344 2683 1456 2710 Matrem
1479 2683 1622 2716 celebrari,
1641 2684 1720 2718 idque
1744 2684 1832 2710 solum
1860 2683 1921 2709 loco

1139 2718 1228 2745 omnis
1245 2719 1350 2750 laudis;
1366 2727 1427 2744 nam
1447 2721 1495 2746 hae
1517 2719 1575 2753 ipsa
1595 2720 1699 2746 ratione
1715 2718 1920 2749 concluderent,

1140 2760 1173 2779 ne
1191 2753 1316 2780 laudetur
1344 2758 1372 2780 ut
1401 2753 1492 2788 Virgo,
1509 2762 1542 2781 ne
1560 2755 1666 2781 colatur
1689 2759 1717 2780 ut
1739 2753 1921 2785 sanctiﬁcata,

1139 2792 1260 2815 taceatur
1279 2793 1307 2815 et
1321 2789 1478 2823 Assumptio
1492 2790 1551 2823 ejus
1573 2789 1700 2822 gloriosa,
1713 2793 1740 2815 et
1755 2789 1799 2815 alii
1823 2796 1924 2823 puero-

1140 2824 1290 2885 lgdllv:lt':ll:l
1309 2824 1390 2858 tituli,
1408 2824 1508 2859 quibus
1522 2825 1652 2854 abundat,
1675 2835 1685 2851 ι
1703 2825 1747 2852 Sic
1757 2824 1923 2852 Catbarntus

1151 2865 1200 2885 oco
1217 2867 1240 2885 Ct
1256 2868 1269 2885 a
1283 2868 1309 2885 0.

1151 2865 1200 2886 000
1217 2863 1309 2887 Cttato.
