  <div class='ocr_page' id='page_1' title='image "/cluster/home/n/w/nwhite01/storage/ocr_20150623/105/njp.32101077772893/592.png"; bbox 0 0 2077 3157; ppageno 0'>
   <div class='ocr_carea' id='block_1_1' title="bbox 178 144 243 178">
    <p class='ocr_par' dir='ltr' id='par_1_1' title="bbox 178 144 243 178">
     <span class='ocr_line' id='line_1_1' title="bbox 178 144 243 178; baseline -0.015 0"><span class='ocrx_word' id='word_1_1' title='bbox 178 144 243 178; x_wconf 83' lang='grc'><strong>1061</strong></span> 
     </span>
    </p>
   </div>
   <div class='ocr_carea' id='block_1_2' title="bbox 873 144 1052 174">
    <p class='ocr_par' dir='ltr' id='par_1_2' title="bbox 873 144 1052 174">
     <span class='ocr_line' id='line_1_2' title="bbox 873 144 1052 174; baseline -0.006 0"><span class='ocrx_word' id='word_1_2' title='bbox 873 144 1052 174; x_wconf 81' lang='lat' dir='ltr'><strong>MARIALE.</strong></span> 
     </span>
    </p>
   </div>
   <div class='ocr_carea' id='block_1_3' title="bbox 1726 141 1795 173">
    <p class='ocr_par' dir='ltr' id='par_1_3' title="bbox 1726 141 1795 173">
     <span class='ocr_line' id='line_1_3' title="bbox 1726 141 1795 173; baseline 0 -1"><span class='ocrx_word' id='word_1_3' title='bbox 1726 141 1795 173; x_wconf 73' lang='lat'><strong>1062</strong></span> 
     </span>
    </p>
   </div>
   <div class='ocr_carea' id='block_1_4' title="bbox 177 197 979 237">
    <p class='ocr_par' dir='ltr' id='par_1_4' title="bbox 177 197 979 237">
     <span class='ocr_line' id='line_1_4' title="bbox 177 197 979 237; baseline -0.002 -9"><span class='ocrx_word' id='word_1_4' title='bbox 177 203 254 237; x_wconf 73' lang='grc' dir='ltr'>φόϐῳ</span> <span class='ocrx_word' id='word_1_5' title='bbox 272 200 423 234; x_wconf 74' lang='grc' dir='ltr'>δοξάζουσι.</span> <span class='ocrx_word' id='word_1_6' title='bbox 439 201 540 228; x_wconf 81' lang='grc' dir='ltr'>τοῦτον</span> <span class='ocrx_word' id='word_1_7' title='bbox 553 197 599 227; x_wconf 80' lang='grc' dir='ltr'>οὖν</span> <span class='ocrx_word' id='word_1_8' title='bbox 614 199 720 227; x_wconf 76' lang='grc' dir='ltr'>ἱκέτευε</span> <span class='ocrx_word' id='word_1_9' title='bbox 741 199 784 227; x_wconf 70' lang='grc' dir='ltr'><strong>ἀεὶ</strong></span> <span class='ocrx_word' id='word_1_10' title='bbox 798 199 845 226; x_wconf 76' lang='grc' dir='ltr'>τοῦ</span> <span class='ocrx_word' id='word_1_11' title='bbox 863 201 962 226; x_wconf 78' lang='grc' dir='ltr'>οἰκτει-</span> <span class='ocrx_word' id='word_1_12' title='bbox 978 226 979 231; x_wconf 37' lang='grc' dir='ltr'><strong>η</strong></span> 
     </span>
    </p>
   </div>
   <div class='ocr_carea' id='block_1_5' title="bbox 1029 197 1796 237">
    <p class='ocr_par' dir='ltr' id='par_1_5' title="bbox 1029 199 1796 235">
     <span class='ocr_line' id='line_1_5' title="bbox 1029 199 1796 235; baseline 0 -8"><span class='ocrx_word' id='word_1_13' title='bbox 1029 207 1241 235; x_wconf 86' lang='lat' dir='ltr'><strong>ncorporcorum</strong></span> <span class='ocrx_word' id='word_1_14' title='bbox 1259 199 1332 227; x_wconf 88' lang='lat' dir='ltr'><strong>acies</strong></span> <span class='ocrx_word' id='word_1_15' title='bbox 1347 206 1408 226; x_wconf 84' lang='lat' dir='ltr'><strong>cum</strong></span> <span class='ocrx_word' id='word_1_16' title='bbox 1426 199 1522 226; x_wconf 85' lang='lat' dir='ltr'><strong>timore</strong></span> <span class='ocrx_word' id='word_1_17' title='bbox 1537 199 1699 233; x_wconf 74' lang='lat' dir='ltr'><strong>gloriﬁcent.</strong></span> <span class='ocrx_word' id='word_1_18' title='bbox 1719 199 1796 227; x_wconf 85' lang='lat' dir='ltr'><strong>llum:</strong></span> 
     </span>
    </p>
   </div>
   <div class='ocr_carea' id='block_1_6' title="bbox 181 246 568 285">
    <p class='ocr_par' dir='ltr' id='par_1_6' title="bbox 181 246 568 285">
     <span class='ocr_line' id='line_1_6' title="bbox 181 246 568 285; baseline -0.003 -10"><span class='ocrx_word' id='word_1_19' title='bbox 181 250 262 285; x_wconf 85' lang='grc' dir='ltr'>ρῆσαι</span> <span class='ocrx_word' id='word_1_20' title='bbox 277 249 340 280; x_wconf 85' lang='grc' dir='ltr'>τούς</span> <span class='ocrx_word' id='word_1_21' title='bbox 355 256 385 273; x_wconf 82' lang='grc' dir='ltr'>σε</span> <span class='ocrx_word' id='word_1_22' title='bbox 399 246 568 280; x_wconf 76' lang='grc' dir='ltr'><strong>δοξάζοντας.</strong></span> 
     </span>
    </p>
   </div>
   <div class='ocr_carea' id='block_1_7' title="bbox 220 336 965 372">
    <p class='ocr_par' dir='ltr' id='par_1_7' title="bbox 220 336 965 372">
     <span class='ocr_line' id='line_1_7' title="bbox 220 336 965 372; baseline -0.003 -8"><span class='ocrx_word' id='word_1_23' title='bbox 220 337 322 364; x_wconf 81' lang='grc' dir='ltr'>Ῥΰπου</span> <span class='ocrx_word' id='word_1_24' title='bbox 339 345 373 372; x_wconf 85' lang='grc' dir='ltr'><strong>με</strong></span> <span class='ocrx_word' id='word_1_25' title='bbox 402 336 506 370; x_wconf 84' lang='grc' dir='ltr'>παθῶν,</span> <span class='ocrx_word' id='word_1_26' title='bbox 523 336 604 372; x_wconf 85' lang='grc' dir='ltr'>ἁγνὴ,</span> <span class='ocrx_word' id='word_1_27' title='bbox 622 336 838 372; x_wconf 76' lang='grc' dir='ltr'><strong>προσγινόμενον</strong></span> <span class='ocrx_word' id='word_1_28' title='bbox 852 337 895 372; x_wconf 67' lang='grc' dir='ltr'>[τῇ</span> <span class='ocrx_word' id='word_1_29' title='bbox 917 345 965 371; x_wconf 91' lang='grc' dir='ltr'>με-</span> 
     </span>
    </p>
   </div>
   <div class='ocr_carea' id='block_1_8' title="bbox 180 381 966 419">
    <p class='ocr_par' dir='ltr' id='par_1_8' title="bbox 180 381 966 419">
     <span class='ocr_line' id='line_1_8' title="bbox 180 381 966 419; baseline -0.003 -9"><span class='ocrx_word' id='word_1_30' title='bbox 180 383 269 419; x_wconf 48' lang='lat' dir='ltr'><strong>qusi;</strong></span> <span class='ocrx_word' id='word_1_31' title='bbox 284 391 332 409; x_wconf 82' lang='grc' dir='ltr'>σου</span> <span class='ocrx_word' id='word_1_32' title='bbox 352 381 512 418; x_wconf 80' lang='grc' dir='ltr'><strong>καθάρισον,</strong></span> <span class='ocrx_word' id='word_1_33' title='bbox 531 382 578 409; x_wconf 78' lang='grc' dir='ltr'><strong>καὶ</strong></span> <span class='ocrx_word' id='word_1_34' title='bbox 604 382 774 418; x_wconf 77' lang='grc' dir='ltr'>λάμπρυνον,</span> <span class='ocrx_word' id='word_1_35' title='bbox 785 382 890 418; x_wconf 77' lang='grc' dir='ltr'>δέομαι,</span> <span class='ocrx_word' id='word_1_36' title='bbox 907 391 966 409; x_wconf 84' lang='grc' dir='ltr'><strong>σκο-</strong></span> 
     </span>
    </p>
   </div>
   <div class='ocr_carea' id='block_1_9' title="bbox 180 417 964 464">
    <p class='ocr_par' dir='ltr' id='par_1_9' title="bbox 180 417 964 464">
     <span class='ocr_line' id='line_1_9' title="bbox 180 417 964 464; baseline -0.004 -8"><span class='ocrx_word' id='word_1_37' title='bbox 180 417 318 457; x_wconf 64' lang='grc' dir='ltr'>ιέιέύεἷσαν</span> <span class='ocrx_word' id='word_1_38' title='bbox 340 429 388 463; x_wconf 87' lang='grc' dir='ltr'><strong>τὴν</strong></span> <span class='ocrx_word' id='word_1_39' title='bbox 405 417 519 463; x_wconf 74' lang='grc' dir='ltr'>καρδίαν</span> <span class='ocrx_word' id='word_1_40' title='bbox 533 436 585 463; x_wconf 87' lang='grc' dir='ltr'><strong>μου</strong></span> <span class='ocrx_word' id='word_1_41' title='bbox 605 428 741 463; x_wconf 81' lang='grc' dir='ltr'><strong>δαιμόνων</strong></span> <span class='ocrx_word' id='word_1_42' title='bbox 767 427 964 464; x_wconf 85' lang='grc' dir='ltr'>ἀμαυρότησιν,</span> 
     </span>
    </p>
   </div>
   <div class='ocr_carea' id='block_1_10' title="bbox 181 473 839 510">
    <p class='ocr_par' dir='ltr' id='par_1_10' title="bbox 181 473 839 510">
     <span class='ocr_line' id='line_1_10' title="bbox 181 473 839 510; baseline -0.002 -8"><span class='ocrx_word' id='word_1_43' title='bbox 181 476 254 507; x_wconf 73' lang='grc' dir='ltr'>ὅπως</span> <span class='ocrx_word' id='word_1_44' title='bbox 269 483 298 501; x_wconf 89' lang='grc' dir='ltr'>σε</span> <span class='ocrx_word' id='word_1_45' title='bbox 313 473 467 510; x_wconf 74' lang='grc' dir='ltr'><strong>μακαρίζω,</strong></span> <span class='ocrx_word' id='word_1_46' title='bbox 478 473 680 510; x_wconf 83' lang='grc' dir='ltr'>οεομακάριστε</span> <span class='ocrx_word' id='word_1_47' title='bbox 694 474 839 501; x_wconf 83' lang='grc' dir='ltr'><strong>Δέσποινα.</strong></span> 
     </span>
    </p>
   </div>
   <div class='ocr_carea' id='block_1_11' title="bbox 217 565 967 601">
    <p class='ocr_par' dir='ltr' id='par_1_11' title="bbox 217 565 967 601">
     <span class='ocr_line' id='line_1_11' title="bbox 217 565 967 601; baseline -0.001 -8"><span class='ocrx_word' id='word_1_48' title='bbox 217 566 289 593; x_wconf 75' lang='grc' dir='ltr'>Φωτί</span> <span class='ocrx_word' id='word_1_49' title='bbox 319 574 353 601; x_wconf 89' lang='grc' dir='ltr'><strong>με</strong></span> <span class='ocrx_word' id='word_1_50' title='bbox 370 565 546 599; x_wconf 79' lang='grc' dir='ltr'>καταύγασον</span> <span class='ocrx_word' id='word_1_51' title='bbox 567 565 613 592; x_wconf 77' lang='grc' dir='ltr'><strong>τὸν</strong></span> <span class='ocrx_word' id='word_1_52' title='bbox 628 565 658 592; x_wconf 82' lang='grc' dir='ltr'><strong>ὲν</strong></span> <span class='ocrx_word' id='word_1_53' title='bbox 676 565 715 601; x_wconf 87' lang='grc' dir='ltr'>τῷ</span> <span class='ocrx_word' id='word_1_54' title='bbox 732 565 823 592; x_wconf 86' lang='grc' dir='ltr'>σκότει</span> <span class='ocrx_word' id='word_1_55' title='bbox 841 566 967 601; x_wconf 80' lang='grc' dir='ltr'>κείμενον</span> 
     </span>
    </p>
   </div>
   <div class='ocr_carea' id='block_1_12' title="bbox 181 611 968 648">
    <p class='ocr_par' dir='ltr' id='par_1_12' title="bbox 181 611 968 648">
     <span class='ocr_line' id='line_1_12' title="bbox 181 611 968 648; baseline 0 -10"><span class='ocrx_word' id='word_1_56' title='bbox 181 612 232 647; x_wconf 78' lang='grc' dir='ltr'>τῆς</span> <span class='ocrx_word' id='word_1_57' title='bbox 252 612 341 646; x_wconf 80' lang='grc' dir='ltr'>δεινῆς</span> <span class='ocrx_word' id='word_1_58' title='bbox 365 611 513 648; x_wconf 78' lang='grc' dir='ltr'><strong>ῥᾳθυμίας,</strong></span> <span class='ocrx_word' id='word_1_59' title='bbox 527 612 724 647; x_wconf 78' lang='grc' dir='ltr'>Θεοχαρίτωτε,</span> <span class='ocrx_word' id='word_1_60' title='bbox 741 613 788 639; x_wconf 84' lang='grc' dir='ltr'><strong>καὶ</strong></span> <span class='ocrx_word' id='word_1_61' title='bbox 812 612 850 648; x_wconf 77' lang='grc' dir='ltr'>μὴ</span> <span class='ocrx_word' id='word_1_62' title='bbox 872 621 968 647; x_wconf 79' lang='grc' dir='ltr'>προαι-</span> 
     </span>
    </p>
   </div>
   <div class='ocr_carea' id='block_1_13' title="bbox 185 656 967 693">
    <p class='ocr_par' dir='ltr' id='par_1_13' title="bbox 185 656 967 693">
     <span class='ocr_line' id='line_1_13' title="bbox 185 656 967 693; baseline 0.001 -10"><span class='ocrx_word' id='word_1_63' title='bbox 185 657 315 692; x_wconf 82' lang='grc' dir='ltr'>ρούμενον</span> <span class='ocrx_word' id='word_1_64' title='bbox 328 657 396 689; x_wconf 83' lang='grc' dir='ltr'>ὅλως</span> <span class='ocrx_word' id='word_1_65' title='bbox 419 658 482 689; x_wconf 82' lang='grc' dir='ltr'>τοὺς</span> <span class='ocrx_word' id='word_1_66' title='bbox 499 656 547 683; x_wconf 76' lang='grc' dir='ltr'>τοῦ</span> <span class='ocrx_word' id='word_1_67' title='bbox 572 657 640 684; x_wconf 78' lang='grc' dir='ltr'>Θεοῦ</span> <span class='ocrx_word' id='word_1_68' title='bbox 666 657 765 692; x_wconf 77' lang='grc' dir='ltr'>νόμους</span> <span class='ocrx_word' id='word_1_69' title='bbox 787 659 967 693; x_wconf 83' lang='grc' dir='ltr'>συντηρῆσαι,</span> 
     </span>
    </p>
   </div>
   <div class='ocr_carea' id='block_1_14' title="bbox 183 703 967 739">
    <p class='ocr_par' dir='ltr' id='par_1_14' title="bbox 183 703 967 739">
     <span class='ocr_line' id='line_1_14' title="bbox 183 703 967 739; baseline 0.001 -10"><span class='ocrx_word' id='word_1_70' title='bbox 183 704 257 735; x_wconf 82' lang='grc' dir='ltr'>ὅπως</span> <span class='ocrx_word' id='word_1_71' title='bbox 272 703 309 734; x_wconf 83' lang='grc' dir='ltr'>ὡς</span> <span class='ocrx_word' id='word_1_72' title='bbox 334 703 491 738; x_wconf 80' lang='grc' dir='ltr'><strong>προστάτην</strong></span> <span class='ocrx_word' id='word_1_73' title='bbox 514 711 566 739; x_wconf 89' lang='grc' dir='ltr'><strong>μου</strong></span> <span class='ocrx_word' id='word_1_74' title='bbox 582 703 742 739; x_wconf 83' lang='grc' dir='ltr'>καταχρέως</span> <span class='ocrx_word' id='word_1_75' title='bbox 765 703 911 738; x_wconf 70' lang='grc' dir='ltr'>μακαρίζω</span> <span class='ocrx_word' id='word_1_76' title='bbox 926 712 967 730; x_wconf 82' lang='grc' dir='ltr'><strong>σε.</strong></span> 
     </span>
    </p>
   </div>
   <div class='ocr_carea' id='block_1_15' title="bbox 191 804 986 850">
    <p class='ocr_par' dir='ltr' id='par_1_15' title="bbox 191 804 986 850">
     <span class='ocr_line' id='line_1_15' title="bbox 191 804 986 850; baseline 0.001 -19"><span class='ocrx_word' id='word_1_77' title='bbox 191 804 242 831; x_wconf 81' lang='grc' dir='ltr'><em>Ἐκ</em></span> <span class='ocrx_word' id='word_1_78' title='bbox 249 804 303 832; x_wconf 80' lang='grc' dir='ltr'>τοῦ</span> <span class='ocrx_word' id='word_1_79' title='bbox 317 804 452 837; x_wconf 70' lang='grc' dir='ltr'>Κανόνας</span> <span class='ocrx_word' id='word_1_80' title='bbox 462 805 505 837; x_wconf 82' lang='grc' dir='ltr'><strong>εις</strong></span> <span class='ocrx_word' id='word_1_81' title='bbox 519 804 573 847; x_wconf 52' lang='grc' dir='ltr'><strong>τὸγ</strong></span> <span class='ocrx_word' id='word_1_82' title='bbox 583 804 669 850; x_wconf 40' lang='grc' dir='ltr'>ἄλγιον</span> <span class='ocrx_word' id='word_1_83' title='bbox 680 805 876 850; x_wconf 60' lang='grc' dir='ltr'>Ιρρομὰρτυρα</span> <span class='ocrx_word' id='word_1_84' title='bbox 888 804 970 832; x_wconf 78' lang='grc' dir='ltr'><strong>Βλά-</strong></span> <span class='ocrx_word' id='word_1_85' title='bbox 983 823 986 826; x_wconf 67' lang='lat'><strong><em>~</em></strong></span> 
     </span>
    </p>
   </div>
   <div class='ocr_carea' id='block_1_16' title="bbox 454 841 706 874">
    <p class='ocr_par' dir='ltr' id='par_1_16' title="bbox 454 841 706 874">
     <span class='ocr_line' id='line_1_16' title="bbox 454 841 706 874; baseline 0.004 -8"><span class='ocrx_word' id='word_1_86' title='bbox 454 847 533 874; x_wconf 76' lang='lat' dir='ltr'><strong>Utor,</strong></span> <span class='ocrx_word' id='word_1_87' title='bbox 551 841 646 874; x_wconf 81' lang='grc' dir='ltr'>ἡμέρᾳ</span> <span class='ocrx_word' id='word_1_88' title='bbox 660 841 706 869; x_wconf 84' lang='grc' dir='ltr'>ια’.</span> 
     </span>
    </p>
   </div>
   <div class='ocr_carea' id='block_1_17' title="bbox 221 904 971 942">
    <p class='ocr_par' dir='ltr' id='par_1_17' title="bbox 221 904 971 942">
     <span class='ocr_line' id='line_1_17' title="bbox 221 904 971 942; baseline 0.001 -11"><span class='ocrx_word' id='word_1_89' title='bbox 221 904 306 940; x_wconf 82' lang='grc' dir='ltr'>Ὅλην</span> <span class='ocrx_word' id='word_1_90' title='bbox 324 913 354 931; x_wconf 85' lang='grc' dir='ltr'>σε</span> <span class='ocrx_word' id='word_1_91' title='bbox 377 904 500 940; x_wconf 75' lang='grc' dir='ltr'>καθαρὰν</span> <span class='ocrx_word' id='word_1_92' title='bbox 518 905 643 940; x_wconf 81' lang='grc' dir='ltr'>εὑρηκὼς</span> <span class='ocrx_word' id='word_1_93' title='bbox 666 906 680 932; x_wconf 83' lang='grc' dir='ltr'><strong>ό</strong></span> <span class='ocrx_word' id='word_1_94' title='bbox 711 905 831 942; x_wconf 82' lang='grc' dir='ltr'>καθαρὸς</span> <span class='ocrx_word' id='word_1_95' title='bbox 849 905 971 940; x_wconf 75' lang='grc' dir='ltr'><strong>ἐσκήνω-</strong></span> 
     </span>
    </p>
   </div>
   <div class='ocr_carea' id='block_1_18' title="bbox 188 951 972 987">
    <p class='ocr_par' dir='ltr' id='par_1_18' title="bbox 188 951 972 987">
     <span class='ocr_line' id='line_1_18' title="bbox 188 951 972 987; baseline 0.003 -11"><span class='ocrx_word' id='word_1_96' title='bbox 188 959 233 977; x_wconf 85' lang='grc' dir='ltr'><strong>σεν</strong></span> <span class='ocrx_word' id='word_1_97' title='bbox 247 951 276 977; x_wconf 83' lang='grc' dir='ltr'>ὲν</span> <span class='ocrx_word' id='word_1_98' title='bbox 294 952 328 986; x_wconf 84' lang='grc' dir='ltr'>τῇ</span> <span class='ocrx_word' id='word_1_99' title='bbox 345 951 422 986; x_wconf 80' lang='grc' dir='ltr'><strong>νηδύϊ</strong></span> <span class='ocrx_word' id='word_1_100' title='bbox 436 959 496 984; x_wconf 82' lang='grc' dir='ltr'>σου,</span> <span class='ocrx_word' id='word_1_101' title='bbox 511 952 580 985; x_wconf 85' lang='grc' dir='ltr'><strong>ἁγνὴ</strong></span> <span class='ocrx_word' id='word_1_102' title='bbox 598 952 822 987; x_wconf 78' lang='grc' dir='ltr'>Παρθενομῆτορ,</span> <span class='ocrx_word' id='word_1_103' title='bbox 834 952 881 978; x_wconf 81' lang='grc' dir='ltr'><strong>καὶ</strong></span> <span class='ocrx_word' id='word_1_104' title='bbox 904 952 972 987; x_wconf 73' lang='grc' dir='ltr'><strong>σὰρξ</strong></span> 
     </span>
    </p>
   </div>
   <div class='ocr_carea' id='block_1_19' title="bbox 187 997 973 1033">
    <p class='ocr_par' dir='ltr' id='par_1_19' title="bbox 187 997 973 1033">
     <span class='ocr_line' id='line_1_19' title="bbox 187 997 973 1033; baseline 0.001 -10"><span class='ocrx_word' id='word_1_105' title='bbox 187 997 354 1032; x_wconf 72' lang='grc' dir='ltr'><strong>ἐχρημάτισε</strong></span> <span class='ocrx_word' id='word_1_106' title='bbox 369 997 436 1032; x_wconf 29' lang='grc' dir='ltr'>,δίχα</span> <span class='ocrx_word' id='word_1_107' title='bbox 451 998 503 1032; x_wconf 86' lang='grc' dir='ltr'>τῆς</span> <span class='ocrx_word' id='word_1_108' title='bbox 520 998 669 1033; x_wconf 79' lang='grc' dir='ltr'>ἁμαρτίας,</span> <span class='ocrx_word' id='word_1_109' title='bbox 690 997 735 1024; x_wconf 82' lang='grc' dir='ltr'><strong>ἵνα</strong></span> <span class='ocrx_word' id='word_1_110' title='bbox 767 998 872 1032; x_wconf 79' lang='grc' dir='ltr'>πλάνης</span> <span class='ocrx_word' id='word_1_111' title='bbox 897 998 973 1032; x_wconf 77' lang='grc' dir='ltr'>ἡμᾶς</span> 
     </span>
    </p>
   </div>
   <div class='ocr_carea' id='block_1_20' title="bbox 187 1043 343 1078">
    <p class='ocr_par' dir='ltr' id='par_1_20' title="bbox 187 1043 343 1078">
     <span class='ocr_line' id='line_1_20' title="bbox 187 1043 343 1078; baseline 0.006 -9"><span class='ocrx_word' id='word_1_112' title='bbox 187 1043 343 1078; x_wconf 79' lang='grc' dir='ltr'>ἀπαλλάξῃ.</span> 
     </span>
    </p>
   </div>
   <div class='ocr_carea' id='block_1_21' title="bbox 223 1089 972 1125">
    <p class='ocr_par' dir='ltr' id='par_1_21' title="bbox 223 1089 972 1125">
     <span class='ocr_line' id='line_1_21' title="bbox 223 1089 972 1125; baseline 0.001 -10"><span class='ocrx_word' id='word_1_113' title='bbox 223 1090 255 1116; x_wconf 83' lang='grc' dir='ltr'><strong>Σὲ</strong></span> <span class='ocrx_word' id='word_1_114' title='bbox 273 1089 322 1124; x_wconf 82' lang='grc' dir='ltr'><strong>τὴν</strong></span> <span class='ocrx_word' id='word_1_115' title='bbox 332 1089 464 1123; x_wconf 80' lang='grc' dir='ltr'>φανεῖσαν</span> <span class='ocrx_word' id='word_1_116' title='bbox 480 1089 669 1125; x_wconf 76' lang='grc' dir='ltr'>ὑπερέχουσαν</span> <span class='ocrx_word' id='word_1_117' title='bbox 682 1089 736 1117; x_wconf 84' lang='grc' dir='ltr'><strong>τῶν</strong></span> <span class='ocrx_word' id='word_1_118' title='bbox 752 1089 921 1125; x_wconf 68' lang='grc' dir='ltr'>κτισμάτων,</span> <span class='ocrx_word' id='word_1_119' title='bbox 935 1089 972 1122; x_wconf 83' lang='lat' dir='ltr'><strong>t&#39;u;</strong></span> 
     </span>
    </p>
   </div>
   <div class='ocr_carea' id='block_1_22' title="bbox 188 1132 973 1171">
    <p class='ocr_par' dir='ltr' id='par_1_22' title="bbox 188 1132 973 1171">
     <span class='ocr_line' id='line_1_22' title="bbox 188 1132 973 1171; baseline 0.001 -11"><span class='ocrx_word' id='word_1_120' title='bbox 188 1135 297 1162; x_wconf 78' lang='grc' dir='ltr'>πάντων</span> <span class='ocrx_word' id='word_1_121' title='bbox 311 1132 394 1162; x_wconf 79' lang='grc' dir='ltr'>οὖσαν</span> <span class='ocrx_word' id='word_1_122' title='bbox 411 1135 574 1171; x_wconf 81' lang='grc' dir='ltr'>ἁγιωτέραν,</span> <span class='ocrx_word' id='word_1_123' title='bbox 592 1136 621 1162; x_wconf 81' lang='grc' dir='ltr'><strong>ὲν</strong></span> <span class='ocrx_word' id='word_1_124' title='bbox 636 1136 738 1163; x_wconf 78' lang='grc' dir='ltr'><strong>αἰνέσει</strong></span> <span class='ocrx_word' id='word_1_125' title='bbox 761 1135 855 1170; x_wconf 79' lang='grc' dir='ltr'>γενεαὶ</span> <span class='ocrx_word' id='word_1_126' title='bbox 883 1144 973 1171; x_wconf 80' lang='grc' dir='ltr'>μακα-</span> 
     </span>
    </p>
   </div>
   <div class='ocr_carea' id='block_1_23' title="bbox 191 1182 723 1218">
    <p class='ocr_par' dir='ltr' id='par_1_23' title="bbox 191 1182 723 1218">
     <span class='ocr_line' id='line_1_23' title="bbox 191 1182 723 1218; baseline 0 -10"><span class='ocrx_word' id='word_1_127' title='bbox 191 1182 309 1216; x_wconf 80' lang='grc' dir='ltr'>ρίζουσιν</span> <span class='ocrx_word' id='word_1_128' title='bbox 330 1182 492 1218; x_wconf 77' lang='grc' dir='ltr'>ἀνθρώπων,</span> <span class='ocrx_word' id='word_1_129' title='bbox 508 1182 723 1218; x_wconf 79' lang='grc' dir='ltr'>θεομακάριστε.</span> 
     </span>
    </p>
   </div>
   <div class='ocr_carea' id='block_1_24' title="bbox 224 1272 975 1310">
    <p class='ocr_par' dir='ltr' id='par_1_24' title="bbox 224 1272 975 1310">
     <span class='ocr_line' id='line_1_24' title="bbox 224 1272 975 1310; baseline 0.003 -11"><span class='ocrx_word' id='word_1_130' title='bbox 224 1272 317 1307; x_wconf 84' lang='grc' dir='ltr'>Νόμον</span> <span class='ocrx_word' id='word_1_131' title='bbox 349 1281 379 1299; x_wconf 86' lang='grc' dir='ltr'><strong>σε</strong></span> <span class='ocrx_word' id='word_1_132' title='bbox 404 1273 497 1300; x_wconf 82' lang='grc' dir='ltr'>καινὸν</span> <span class='ocrx_word' id='word_1_133' title='bbox 526 1273 649 1309; x_wconf 78' lang='grc' dir='ltr'>προεῖδέν</span> <span class='ocrx_word' id='word_1_134' title='bbox 668 1275 682 1301; x_wconf 86' lang='grc' dir='ltr'><em>ὁ</em></span> <span class='ocrx_word' id='word_1_135' title='bbox 704 1275 856 1310; x_wconf 66' lang='grc' dir='ltr'>προφήτης,</span> <span class='ocrx_word' id='word_1_136' title='bbox 879 1274 975 1310; x_wconf 77' lang='grc' dir='ltr'>ἔχοντα</span> 
     </span>
    </p>
   </div>
   <div class='ocr_carea' id='block_1_25' title="bbox 191 1318 975 1357">
    <p class='ocr_par' dir='ltr' id='par_1_25' title="bbox 191 1318 975 1357">
     <span class='ocr_line' id='line_1_25' title="bbox 191 1318 975 1357; baseline 0.003 -12"><span class='ocrx_word' id='word_1_137' title='bbox 191 1318 258 1345; x_wconf 78' lang='grc' dir='ltr'>Θεοῦ</span> <span class='ocrx_word' id='word_1_138' title='bbox 268 1320 313 1346; x_wconf 73' lang='grc' dir='ltr'>τὸν</span> <span class='ocrx_word' id='word_1_139' title='bbox 323 1319 408 1353; x_wconf 72' lang='grc' dir='ltr'>Λόγον</span> <span class='ocrx_word' id='word_1_140' title='bbox 421 1321 624 1356; x_wconf 83' lang='grc' dir='ltr'>γεγραμμένον,</span> <span class='ocrx_word' id='word_1_141' title='bbox 633 1320 678 1346; x_wconf 76' lang='grc' dir='ltr'>τὸν</span> <span class='ocrx_word' id='word_1_142' title='bbox 689 1320 886 1356; x_wconf 74' lang='grc' dir='ltr'>διαρῤήξαντα,</span> <span class='ocrx_word' id='word_1_143' title='bbox 894 1321 975 1357; x_wconf 81' lang='grc' dir='ltr'>κόρη,</span> 
     </span>
    </p>
   </div>
   <div class='ocr_carea' id='block_1_26' title="bbox 191 1364 888 1400">
    <p class='ocr_par' dir='ltr' id='par_1_26' title="bbox 191 1364 888 1400">
     <span class='ocr_line' id='line_1_26' title="bbox 191 1364 888 1400; baseline 0 -8"><span class='ocrx_word' id='word_1_144' title='bbox 191 1364 240 1400; x_wconf 77' lang='grc' dir='ltr'>τῆς</span> <span class='ocrx_word' id='word_1_145' title='bbox 257 1365 392 1400; x_wconf 76' lang='grc' dir='ltr'>ἁμαρτιας</span> <span class='ocrx_word' id='word_1_146' title='bbox 408 1364 463 1391; x_wconf 87' lang='grc' dir='ltr'>τῶν</span> <span class='ocrx_word' id='word_1_147' title='bbox 473 1365 639 1400; x_wconf 84' lang='grc' dir='ltr'>προπατρῶν</span> <span class='ocrx_word' id='word_1_148' title='bbox 653 1365 684 1391; x_wconf 88' lang='grc' dir='ltr'>τδ</span> <span class='ocrx_word' id='word_1_149' title='bbox 695 1366 888 1400; x_wconf 77' lang='grc' dir='ltr'>χειρόγραφον.</span> 
     </span>
    </p>
   </div>
   <div class='ocr_carea' id='block_1_27' title="bbox 231 1410 977 1446">
    <p class='ocr_par' dir='ltr' id='par_1_27' title="bbox 231 1410 977 1446">
     <span class='ocr_line' id='line_1_27' title="bbox 231 1410 977 1446; baseline -0.003 -8"><span class='ocrx_word' id='word_1_150' title='bbox 231 1411 387 1446; x_wconf 80' lang='grc' dir='ltr'>’Υμνοῦμέν</span> <span class='ocrx_word' id='word_1_151' title='bbox 404 1419 445 1442; x_wconf 79' lang='grc' dir='ltr'><strong>σε,</strong></span> <span class='ocrx_word' id='word_1_152' title='bbox 461 1411 567 1446; x_wconf 84' lang='grc' dir='ltr'>Μαρία,</span> <span class='ocrx_word' id='word_1_153' title='bbox 582 1412 631 1445; x_wconf 84' lang='grc' dir='ltr'><strong>τὴν</strong></span> <span class='ocrx_word' id='word_1_154' title='bbox 651 1410 792 1438; x_wconf 83' lang='grc' dir='ltr'>θεώσασαν</span> <span class='ocrx_word' id='word_1_155' title='bbox 805 1411 859 1437; x_wconf 85' lang='grc' dir='ltr'>τῶν</span> <span class='ocrx_word' id='word_1_156' title='bbox 871 1410 977 1446; x_wconf 80' lang='grc' dir='ltr'>ἀνθρώ-</span> 
     </span>
    </p>
   </div>
   <div class='ocr_carea' id='block_1_28' title="bbox 193 1456 976 1493">
    <p class='ocr_par' dir='ltr' id='par_1_28' title="bbox 193 1456 976 1493">
     <span class='ocr_line' id='line_1_28' title="bbox 193 1456 976 1493; baseline -0.001 -8"><span class='ocrx_word' id='word_1_157' title='bbox 193 1467 251 1485; x_wconf 82' lang='grc' dir='ltr'>πων</span> <span class='ocrx_word' id='word_1_158' title='bbox 264 1458 295 1485; x_wconf 84' lang='grc' dir='ltr'>τὸ</span> <span class='ocrx_word' id='word_1_159' title='bbox 315 1457 430 1493; x_wconf 81' lang='grc' dir='ltr'>φύραμα</span> <span class='ocrx_word' id='word_1_160' title='bbox 443 1459 476 1493; x_wconf 82' lang='grc' dir='ltr'>τῇ</span> <span class='ocrx_word' id='word_1_161' title='bbox 491 1457 563 1492; x_wconf 76' lang='grc' dir='ltr'>ὑπὲρ</span> <span class='ocrx_word' id='word_1_162' title='bbox 585 1456 634 1484; x_wconf 85' lang='grc' dir='ltr'>νοῦ</span> <span class='ocrx_word' id='word_1_163' title='bbox 656 1466 702 1484; x_wconf 85' lang='grc' dir='ltr'>σου</span> <span class='ocrx_word' id='word_1_164' title='bbox 725 1458 828 1493; x_wconf 78' lang='grc' dir='ltr'>λοχείᾳ,</span> <span class='ocrx_word' id='word_1_165' title='bbox 842 1458 889 1484; x_wconf 76' lang='grc' dir='ltr'><strong>καὶ</strong></span> <span class='ocrx_word' id='word_1_166' title='bbox 909 1458 976 1484; x_wconf 86' lang='grc' dir='ltr'><strong>ἁνα-</strong></span> 
     </span>
    </p>
   </div>
   <div class='ocr_carea' id='block_1_29' title="bbox 193 1503 976 1540">
    <p class='ocr_par' dir='ltr' id='par_1_29' title="bbox 193 1503 976 1540">
     <span class='ocr_line' id='line_1_29' title="bbox 193 1503 976 1540; baseline 0 -10"><span class='ocrx_word' id='word_1_167' title='bbox 193 1505 337 1532; x_wconf 69' lang='grc' dir='ltr'>πλάσασαν</span> <span class='ocrx_word' id='word_1_168' title='bbox 361 1504 588 1539; x_wconf 82' lang='grc' dir='ltr'>καταφθαρέντας</span> <span class='ocrx_word' id='word_1_169' title='bbox 610 1504 683 1540; x_wconf 78' lang='grc' dir='ltr'>ἡμᾶς</span> <span class='ocrx_word' id='word_1_170' title='bbox 709 1504 771 1538; x_wconf 43' lang='grc' dir='ltr'><strong>καὶ,</strong></span> <span class='ocrx_word' id='word_1_171' title='bbox 785 1503 976 1539; x_wconf 82' lang='grc' dir='ltr'>συντριϐέντας</span> 
     </span>
    </p>
   </div>
   <div class='ocr_carea' id='block_1_30' title="bbox 192 1550 605 1587">
    <p class='ocr_par' dir='ltr' id='par_1_30' title="bbox 192 1550 605 1587">
     <span class='ocr_line' id='line_1_30' title="bbox 192 1550 605 1587; baseline 0 -10"><span class='ocrx_word' id='word_1_172' title='bbox 192 1551 288 1587; x_wconf 71' lang='grc' dir='ltr'>ἀπάτῃ</span> <span class='ocrx_word' id='word_1_173' title='bbox 303 1551 350 1577; x_wconf 84' lang='grc' dir='ltr'>τοῦ</span> <span class='ocrx_word' id='word_1_174' title='bbox 360 1551 457 1584; x_wconf 74' lang='grc' dir='ltr'><strong>ὄφεως,</strong></span> <span class='ocrx_word' id='word_1_175' title='bbox 474 1550 605 1584; x_wconf 84' lang='grc' dir='ltr'>πάναγνε.</span> 
     </span>
    </p>
   </div>
   <div class='ocr_carea' id='block_1_31' title="bbox 233 1595 976 1632">
    <p class='ocr_par' dir='ltr' id='par_1_31' title="bbox 233 1595 976 1632">
     <span class='ocr_line' id='line_1_31' title="bbox 233 1595 976 1632; baseline 0 -9"><span class='ocrx_word' id='word_1_176' title='bbox 233 1597 264 1623; x_wconf 84' lang='grc' dir='ltr'><strong>ὐ</strong></span> <span class='ocrx_word' id='word_1_177' title='bbox 279 1596 372 1631; x_wconf 82' lang='grc' dir='ltr'>Θρόνος</span> <span class='ocrx_word' id='word_1_178' title='bbox 382 1598 396 1624; x_wconf 81' lang='grc' dir='ltr'>ὁ</span> <span class='ocrx_word' id='word_1_179' title='bbox 416 1595 463 1625; x_wconf 83' lang='grc' dir='ltr'>τοῦ</span> <span class='ocrx_word' id='word_1_180' title='bbox 475 1596 542 1623; x_wconf 86' lang='grc' dir='ltr'>Θεοῦ</span> <span class='ocrx_word' id='word_1_181' title='bbox 553 1595 608 1623; x_wconf 79' lang='grc' dir='ltr'><strong>τῶν</strong></span> <span class='ocrx_word' id='word_1_182' title='bbox 633 1595 767 1631; x_wconf 77' lang='grc' dir='ltr'>χερουϐὶμ</span> <span class='ocrx_word' id='word_1_183' title='bbox 781 1596 795 1623; x_wconf 83' lang='grc' dir='ltr'><strong>ὁ</strong></span> <span class='ocrx_word' id='word_1_184' title='bbox 814 1595 976 1632; x_wconf 79' lang='grc' dir='ltr'>ὑπέρτερος,</span> 
     </span>
    </p>
   </div>
   <div class='ocr_carea' id='block_1_32' title="bbox 192 1641 976 1678">
    <p class='ocr_par' dir='ltr' id='par_1_32' title="bbox 192 1641 976 1678">
     <span class='ocr_line' id='line_1_32' title="bbox 192 1641 976 1678; baseline -0.001 -9"><span class='ocrx_word' id='word_1_185' title='bbox 192 1642 292 1678; x_wconf 84' lang='grc' dir='ltr'>νεφέλη</span> <span class='ocrx_word' id='word_1_186' title='bbox 301 1643 318 1678; x_wconf 76' lang='grc' dir='ltr'>ἡ</span> <span class='ocrx_word' id='word_1_187' title='bbox 335 1642 382 1669; x_wconf 81' lang='grc' dir='ltr'>τοῦ</span> <span class='ocrx_word' id='word_1_188' title='bbox 396 1643 495 1676; x_wconf 78' lang='grc' dir='ltr'>φωτὸς,</span> <span class='ocrx_word' id='word_1_189' title='bbox 508 1641 598 1677; x_wconf 84' lang='grc' dir='ltr'>ψυχῆς</span> <span class='ocrx_word' id='word_1_190' title='bbox 613 1651 664 1677; x_wconf 90' lang='grc' dir='ltr'><strong>μου</strong></span> <span class='ocrx_word' id='word_1_191' title='bbox 677 1642 712 1669; x_wconf 83' lang='grc' dir='ltr'>τὰ</span> <span class='ocrx_word' id='word_1_192' title='bbox 724 1642 836 1677; x_wconf 76' lang='grc' dir='ltr'>ὄμματα</span> <span class='ocrx_word' id='word_1_193' title='bbox 847 1643 976 1677; x_wconf 79' lang='grc' dir='ltr'>παναγια,</span> 
     </span>
    </p>
   </div>
   <div class='ocr_carea' id='block_1_33' title="bbox 194 1687 978 1724">
    <p class='ocr_par' dir='ltr' id='par_1_33' title="bbox 194 1687 978 1724">
     <span class='ocr_line' id='line_1_33' title="bbox 194 1687 978 1724; baseline 0 -9"><span class='ocrx_word' id='word_1_194' title='bbox 194 1688 321 1723; x_wconf 75' lang='grc' dir='ltr'>φώτισον,</span> <span class='ocrx_word' id='word_1_195' title='bbox 337 1688 383 1715; x_wconf 75' lang='grc' dir='ltr'><strong>καὶ</strong></span> <span class='ocrx_word' id='word_1_196' title='bbox 403 1688 498 1715; x_wconf 75' lang='grc' dir='ltr'>παθῶν</span> <span class='ocrx_word' id='word_1_197' title='bbox 517 1687 614 1722; x_wconf 84' lang='grc' dir='ltr'><strong>ἀχλύος</strong></span> <span class='ocrx_word' id='word_1_198' title='bbox 639 1687 688 1723; x_wconf 81' lang='grc' dir='ltr'>τὴν</span> <span class='ocrx_word' id='word_1_199' title='bbox 713 1688 827 1724; x_wconf 83' lang='grc' dir='ltr'>καρδίαν</span> <span class='ocrx_word' id='word_1_200' title='bbox 846 1697 898 1724; x_wconf 88' lang='grc' dir='ltr'><strong>μου</strong></span> <span class='ocrx_word' id='word_1_201' title='bbox 927 1697 978 1715; x_wconf 83' lang='grc' dir='ltr'><strong>κα·-</strong></span> 
     </span>
    </p>
   </div>
   <div class='ocr_carea' id='block_1_34' title="bbox 195 1733 315 1768">
    <p class='ocr_par' dir='ltr' id='par_1_34' title="bbox 195 1733 315 1768">
     <span class='ocr_line' id='line_1_34' title="bbox 195 1733 315 1768; baseline 0 -9"><span class='ocrx_word' id='word_1_202' title='bbox 195 1733 315 1768; x_wconf 74' lang='grc' dir='ltr'>ϐάρισον.</span> 
     </span>
    </p>
   </div>
   <div class='ocr_carea' id='block_1_35' title="bbox 228 1778 977 1814">
    <p class='ocr_par' dir='ltr' id='par_1_35' title="bbox 228 1778 977 1814">
     <span class='ocr_line' id='line_1_35' title="bbox 228 1778 977 1814; baseline 0 -9"><span class='ocrx_word' id='word_1_203' title='bbox 228 1778 391 1814; x_wconf 76' lang='grc' dir='ltr'>Νυ-σταγμῷ</span> <span class='ocrx_word' id='word_1_204' title='bbox 411 1778 582 1814; x_wconf 83' lang='grc' dir='ltr'>κρατηθέντα</span> <span class='ocrx_word' id='word_1_205' title='bbox 605 1787 650 1814; x_wconf 85' lang='grc' dir='ltr'>με,</span> <span class='ocrx_word' id='word_1_206' title='bbox 680 1778 813 1814; x_wconf 80' lang='grc' dir='ltr'>Παρθένε,</span> <span class='ocrx_word' id='word_1_207' title='bbox 836 1779 977 1813; x_wconf 80' lang='grc' dir='ltr'>ἀμελείας,</span> 
     </span>
    </p>
   </div>
   <div class='ocr_carea' id='block_1_36' title="bbox 194 1824 980 1860">
    <p class='ocr_par' dir='ltr' id='par_1_36' title="bbox 194 1824 980 1860">
     <span class='ocr_line' id='line_1_36' title="bbox 194 1824 980 1860; baseline -0.001 -8"><span class='ocrx_word' id='word_1_208' title='bbox 194 1825 333 1860; x_wconf 77' lang='grc' dir='ltr'>ἁμαρτίας</span> <span class='ocrx_word' id='word_1_209' title='bbox 348 1824 497 1852; x_wconf 77' lang='grc' dir='ltr'>κατέλαὸεν</span> <span class='ocrx_word' id='word_1_210' title='bbox 511 1825 595 1856; x_wconf 76' lang='grc' dir='ltr'>ὕπνος</span> <span class='ocrx_word' id='word_1_211' title='bbox 615 1825 803 1860; x_wconf 79' lang='grc' dir='ltr'>Θανατηφόρος</span> <span class='ocrx_word' id='word_1_212' title='bbox 819 1833 826 1840; x_wconf 91' lang='grc'>·</span> <span class='ocrx_word' id='word_1_213' title='bbox 843 1825 883 1851; x_wconf 76' lang='grc' dir='ltr'>διὸ</span> <span class='ocrx_word' id='word_1_214' title='bbox 899 1834 980 1860; x_wconf 88' lang='grc' dir='ltr'>μετα-</span> 
     </span>
    </p>
   </div>
   <div class='ocr_carea' id='block_1_37' title="bbox 195 1870 980 1906">
    <p class='ocr_par' dir='ltr' id='par_1_37' title="bbox 195 1870 980 1906">
     <span class='ocr_line' id='line_1_37' title="bbox 195 1870 980 1906; baseline 0.001 -10"><span class='ocrx_word' id='word_1_215' title='bbox 195 1871 268 1901; x_wconf 77' lang='grc' dir='ltr'>νοίας</span> <span class='ocrx_word' id='word_1_216' title='bbox 285 1879 317 1906; x_wconf 84' lang='grc' dir='ltr'>με</span> <span class='ocrx_word' id='word_1_217' title='bbox 330 1870 396 1904; x_wconf 81' lang='grc' dir='ltr'>πρὸς</span> <span class='ocrx_word' id='word_1_218' title='bbox 412 1870 554 1906; x_wconf 78' lang='grc' dir='ltr'>ζωηφόρον</span> <span class='ocrx_word' id='word_1_219' title='bbox 567 1870 665 1906; x_wconf 80' lang='grc' dir='ltr'>αὐγὴν,</span> <span class='ocrx_word' id='word_1_220' title='bbox 685 1870 766 1906; x_wconf 81' lang='grc' dir='ltr'>ἁγνὴ,</span> <span class='ocrx_word' id='word_1_221' title='bbox 781 1870 918 1906; x_wconf 77' lang='grc' dir='ltr'>ἑξέγειρον</span> <span class='ocrx_word' id='word_1_222' title='bbox 933 1871 980 1897; x_wconf 80' lang='grc' dir='ltr'>καὶ</span> 
     </span>
    </p>
   </div>
   <div class='ocr_carea' id='block_1_38' title="bbox 196 1915 343 1951">
    <p class='ocr_par' dir='ltr' id='par_1_38' title="bbox 196 1915 343 1951">
     <span class='ocr_line' id='line_1_38' title="bbox 196 1915 343 1951; baseline 0.014 -10"><span class='ocrx_word' id='word_1_223' title='bbox 196 1915 282 1943; x_wconf 83' lang='grc' dir='ltr'>σῶσόν</span> <span class='ocrx_word' id='word_1_224' title='bbox 298 1925 343 1951; x_wconf 86' lang='grc' dir='ltr'>με.</span> 
     </span>
    </p>
   </div>
   <div class='ocr_carea' id='block_1_39' title="bbox 237 1962 981 1998">
    <p class='ocr_par' dir='ltr' id='par_1_39' title="bbox 237 1962 981 1998">
     <span class='ocr_line' id='line_1_39' title="bbox 237 1962 981 1998; baseline 0.003 -10"><span class='ocrx_word' id='word_1_225' title='bbox 237 1963 318 1998; x_wconf 67' lang='grc' dir='ltr'>Ἱεραι</span> <span class='ocrx_word' id='word_1_226' title='bbox 332 1971 361 1989; x_wconf 82' lang='grc' dir='ltr'><strong>σε</strong></span> <span class='ocrx_word' id='word_1_227' title='bbox 377 1962 571 1998; x_wconf 85' lang='grc' dir='ltr'>προήγγειλαν,</span> <span class='ocrx_word' id='word_1_228' title='bbox 586 1963 809 1998; x_wconf 80' lang='grc' dir='ltr'>Παρθενομῆτορ,</span> <span class='ocrx_word' id='word_1_229' title='bbox 819 1963 907 1998; x_wconf 84' lang='grc' dir='ltr'>φωναὶ</span> <span class='ocrx_word' id='word_1_230' title='bbox 921 1963 981 1990; x_wconf 80' lang='grc' dir='ltr'><strong>ἐσο-</strong></span> 
     </span>
    </p>
   </div>
   <div class='ocr_carea' id='block_1_40' title="bbox 197 2008 980 2045">
    <p class='ocr_par' dir='ltr' id='par_1_40' title="bbox 197 2008 980 2045">
     <span class='ocr_line' id='line_1_40' title="bbox 197 2008 980 2045; baseline 0 -10"><span class='ocrx_word' id='word_1_231' title='bbox 197 2009 292 2045; x_wconf 86' lang='grc' dir='ltr'>μένην,</span> <span class='ocrx_word' id='word_1_232' title='bbox 303 2008 383 2044; x_wconf 79' lang='grc' dir='ltr'>κόρη,</span> <span class='ocrx_word' id='word_1_233' title='bbox 401 2009 446 2035; x_wconf 79' lang='grc' dir='ltr'>τοῦ</span> <span class='ocrx_word' id='word_1_234' title='bbox 463 2009 574 2044; x_wconf 72' lang='grc' dir='ltr'>ποιητοῦ</span> <span class='ocrx_word' id='word_1_235' title='bbox 599 2017 646 2035; x_wconf 85' lang='grc' dir='ltr'>σου</span> <span class='ocrx_word' id='word_1_236' title='bbox 668 2008 738 2044; x_wconf 84' lang='grc' dir='ltr'>ὑπὲρ</span> <span class='ocrx_word' id='word_1_237' title='bbox 760 2009 840 2043; x_wconf 87' lang='grc' dir='ltr'>φύσιν</span> <span class='ocrx_word' id='word_1_238' title='bbox 870 2009 980 2044; x_wconf 67' lang='grc' dir='ltr'>τροφὶν,</span> 
     </span>
    </p>
   </div>
   <div class='ocr_carea' id='block_1_41' title="bbox 196 2054 981 2091">
    <p class='ocr_par' dir='ltr' id='par_1_41' title="bbox 196 2054 981 2091">
     <span class='ocr_line' id='line_1_41' title="bbox 196 2054 981 2091; baseline -0.003 -9"><span class='ocrx_word' id='word_1_239' title='bbox 196 2055 324 2090; x_wconf 85' lang='grc' dir='ltr'>γέννησιν</span> <span class='ocrx_word' id='word_1_240' title='bbox 336 2055 456 2091; x_wconf 70' lang='grc' dir='ltr'>ἄρρητον</span> <span class='ocrx_word' id='word_1_241' title='bbox 465 2055 515 2090; x_wconf 56' lang='grc' dir='ltr'>,ὡς</span> <span class='ocrx_word' id='word_1_242' title='bbox 531 2055 577 2082; x_wconf 77' lang='grc' dir='ltr'><strong>καὶ</strong></span> <span class='ocrx_word' id='word_1_243' title='bbox 596 2054 728 2090; x_wconf 82' lang='grc' dir='ltr'>σύλληψιν</span> <span class='ocrx_word' id='word_1_244' title='bbox 751 2054 828 2089; x_wconf 80' lang='grc' dir='ltr'>ξένην</span> <span class='ocrx_word' id='word_1_245' title='bbox 844 2054 981 2089; x_wconf 81' lang='grc' dir='ltr'>κεκτημέ-</span> 
     </span>
    </p>
   </div>
   <div class='ocr_carea' id='block_1_42' title="bbox 196 2100 980 2136">
    <p class='ocr_par' dir='ltr' id='par_1_42' title="bbox 196 2100 980 2136">
     <span class='ocr_line' id='line_1_42' title="bbox 196 2100 980 2136; baseline -0.001 -8"><span class='ocrx_word' id='word_1_246' title='bbox 196 2109 262 2136; x_wconf 85' lang='grc' dir='ltr'>νην·</span> <span class='ocrx_word' id='word_1_247' title='bbox 280 2102 340 2128; x_wconf 80' lang='grc' dir='ltr'><strong>ὅθεν</strong></span> <span class='ocrx_word' id='word_1_248' title='bbox 359 2109 389 2127; x_wconf 89' lang='grc' dir='ltr'>σε</span> <span class='ocrx_word' id='word_1_249' title='bbox 415 2100 555 2136; x_wconf 84' lang='grc' dir='ltr'>ὑμνοῦμεν</span> <span class='ocrx_word' id='word_1_250' title='bbox 583 2101 623 2132; x_wconf 74' lang='grc' dir='ltr'>εἰς</span> <span class='ocrx_word' id='word_1_251' title='bbox 653 2100 759 2131; x_wconf 84' lang='grc' dir='ltr'>πάντας</span> <span class='ocrx_word' id='word_1_252' title='bbox 779 2100 843 2131; x_wconf 77' lang='grc' dir='ltr'>τοὺς</span> <span class='ocrx_word' id='word_1_253' title='bbox 866 2100 980 2131; x_wconf 83' lang='grc' dir='ltr'>αἰῶνας.</span> 
     </span>
    </p>
   </div>
   <div class='ocr_carea' id='block_1_43' title="bbox 231 2146 983 2183">
    <p class='ocr_par' dir='ltr' id='par_1_43' title="bbox 231 2146 983 2183">
     <span class='ocr_line' id='line_1_43' title="bbox 231 2146 983 2183; baseline -0.001 -10"><span class='ocrx_word' id='word_1_254' title='bbox 231 2147 326 2183; x_wconf 78' lang='grc' dir='ltr'>Φέρεις</span> <span class='ocrx_word' id='word_1_255' title='bbox 342 2149 372 2175; x_wconf 79' lang='grc' dir='ltr'><strong>έν</strong></span> <span class='ocrx_word' id='word_1_256' title='bbox 385 2147 519 2181; x_wconf 82' lang='grc' dir='ltr'>ἀγκάλαις</span> <span class='ocrx_word' id='word_1_257' title='bbox 535 2155 581 2173; x_wconf 82' lang='grc' dir='ltr'>σου</span> <span class='ocrx_word' id='word_1_258' title='bbox 597 2146 713 2182; x_wconf 79' lang='grc' dir='ltr'>Χριστὸν</span> <span class='ocrx_word' id='word_1_259' title='bbox 725 2146 770 2172; x_wconf 80' lang='grc' dir='ltr'>τδν</span> <span class='ocrx_word' id='word_1_260' title='bbox 784 2146 983 2180; x_wconf 72' lang='grc' dir='ltr'>διακρατοῦντα</span> 
     </span>
    </p>
   </div>
   <div class='ocr_carea' id='block_1_44' title="bbox 197 2191 983 2228">
    <p class='ocr_par' dir='ltr' id='par_1_44' title="bbox 197 2191 983 2228">
     <span class='ocr_line' id='line_1_44' title="bbox 197 2191 983 2228; baseline -0.003 -9"><span class='ocrx_word' id='word_1_261' title='bbox 197 2193 348 2228; x_wconf 77' lang='grc' dir='ltr'>οἰκημένην</span> <span class='ocrx_word' id='word_1_262' title='bbox 360 2194 451 2220; x_wconf 82' lang='grc' dir='ltr'>πᾶσαν</span> <span class='ocrx_word' id='word_1_263' title='bbox 467 2193 549 2227; x_wconf 78' lang='grc' dir='ltr'><strong>χειρὶ,</strong></span> <span class='ocrx_word' id='word_1_264' title='bbox 563 2193 632 2227; x_wconf 83' lang='grc' dir='ltr'>ἁγνὴ</span> <span class='ocrx_word' id='word_1_265' title='bbox 646 2191 869 2228; x_wconf 78' lang='grc' dir='ltr'>Παρθενομῆτορ,</span> <span class='ocrx_word' id='word_1_266' title='bbox 884 2191 912 2217; x_wconf 77' lang='grc' dir='ltr'><strong>ὃν</strong></span> <span class='ocrx_word' id='word_1_267' title='bbox 929 2191 983 2217; x_wconf 81' lang='grc' dir='ltr'>ἱκέ-</span> 
     </span>
    </p>
   </div>
   <div class='ocr_carea' id='block_1_45' title="bbox 197 2237 984 2272">
    <p class='ocr_par' dir='ltr' id='par_1_45' title="bbox 197 2237 984 2272">
     <span class='ocr_line' id='line_1_45' title="bbox 197 2237 984 2272; baseline -0.004 -6"><span class='ocrx_word' id='word_1_268' title='bbox 197 2247 270 2271; x_wconf 85' lang='grc' dir='ltr'>τευε,</span> <span class='ocrx_word' id='word_1_269' title='bbox 283 2239 321 2271; x_wconf 81' lang='grc' dir='ltr'>ὡς</span> <span class='ocrx_word' id='word_1_270' title='bbox 338 2239 402 2266; x_wconf 83' lang='grc' dir='ltr'>Υἱόν</span> <span class='ocrx_word' id='word_1_271' title='bbox 427 2247 472 2265; x_wconf 86' lang='grc' dir='ltr'>σου</span> <span class='ocrx_word' id='word_1_272' title='bbox 495 2240 542 2265; x_wconf 78' lang='grc' dir='ltr'>καὶ</span> <span class='ocrx_word' id='word_1_273' title='bbox 563 2238 694 2272; x_wconf 77' lang='grc' dir='ltr'>κτίστην,</span> <span class='ocrx_word' id='word_1_274' title='bbox 713 2237 799 2265; x_wconf 85' lang='grc' dir='ltr'>σῶσαι</span> <span class='ocrx_word' id='word_1_275' title='bbox 822 2238 870 2268; x_wconf 80' lang='grc' dir='ltr'><strong>τὰς</strong></span> <span class='ocrx_word' id='word_1_276' title='bbox 896 2237 984 2272; x_wconf 76' lang='grc' dir='ltr'>ψυχὰς</span> 
     </span>
    </p>
   </div>
   <div class='ocr_carea' id='block_1_46' title="bbox 198 2283 519 2318">
    <p class='ocr_par' dir='ltr' id='par_1_46' title="bbox 198 2283 519 2318">
     <span class='ocr_line' id='line_1_46' title="bbox 198 2283 519 2318; baseline -0.003 -8"><span class='ocrx_word' id='word_1_277' title='bbox 198 2284 253 2310; x_wconf 77' lang='grc' dir='ltr'><strong>τῶν</strong></span> <span class='ocrx_word' id='word_1_278' title='bbox 271 2283 460 2318; x_wconf 84' lang='grc' dir='ltr'>ὰνυμνούντων</span> <span class='ocrx_word' id='word_1_279' title='bbox 478 2291 519 2309; x_wconf 88' lang='grc' dir='ltr'><strong>σε.</strong></span> 
     </span>
    </p>
   </div>
   <div class='ocr_carea' id='block_1_47' title="bbox 205 2380 983 2415">
    <p class='ocr_par' dir='ltr' id='par_1_47' title="bbox 205 2380 983 2415">
     <span class='ocr_line' id='line_1_47' title="bbox 205 2380 983 2415; baseline -0.004 -5"><span class='ocrx_word' id='word_1_280' title='bbox 205 2382 257 2409; x_wconf 78' lang='grc' dir='ltr'><strong>Ἐκ</strong></span> <span class='ocrx_word' id='word_1_281' title='bbox 271 2382 326 2410; x_wconf 79' lang='grc' dir='ltr'>τοῦ</span> <span class='ocrx_word' id='word_1_282' title='bbox 339 2381 476 2414; x_wconf 81' lang='grc' dir='ltr'>Κανόνος</span> <span class='ocrx_word' id='word_1_283' title='bbox 489 2382 533 2414; x_wconf 81' lang='grc' dir='ltr'>εις</span> <span class='ocrx_word' id='word_1_284' title='bbox 543 2381 597 2408; x_wconf 80' lang='grc' dir='ltr'><strong>τὸν</strong></span> <span class='ocrx_word' id='word_1_285' title='bbox 618 2380 704 2414; x_wconf 68' lang='grc' dir='ltr'>ἅγιον</span> <span class='ocrx_word' id='word_1_286' title='bbox 720 2380 891 2408; x_wconf 67' lang='grc' dir='ltr'>ἀπόστολον</span> <span class='ocrx_word' id='word_1_287' title='bbox 913 2380 983 2415; x_wconf 78' lang='grc' dir='ltr'><strong>’Λρ-</strong></span> 
     </span>
    </p>
   </div>
   <div class='ocr_carea' id='block_1_48' title="bbox 445 2415 736 2451">
    <p class='ocr_par' dir='ltr' id='par_1_48' title="bbox 445 2415 736 2451">
     <span class='ocr_line' id='line_1_48' title="bbox 445 2415 736 2451; baseline -0.003 -8"><span class='ocrx_word' id='word_1_288' title='bbox 445 2425 568 2451; x_wconf 82' lang='grc' dir='ltr'>χιππον,</span> <span class='ocrx_word' id='word_1_289' title='bbox 578 2416 674 2450; x_wconf 74' lang='grc' dir='ltr'>ἡμέρᾳ</span> <span class='ocrx_word' id='word_1_290' title='bbox 691 2415 736 2443; x_wconf 80' lang='lat' dir='ltr'><strong>t0’.</strong></span> 
     </span>
    </p>
   </div>
   <div class='ocr_carea' id='block_1_49' title="bbox 241 2470 984 2507">
    <p class='ocr_par' dir='ltr' id='par_1_49' title="bbox 241 2470 984 2507">
     <span class='ocr_line' id='line_1_49' title="bbox 241 2470 984 2507; baseline -0.001 -9"><span class='ocrx_word' id='word_1_291' title='bbox 241 2472 351 2504; x_wconf 79' lang='grc' dir='ltr'>Ἰδόντες</span> <span class='ocrx_word' id='word_1_292' title='bbox 366 2472 545 2507; x_wconf 84' lang='grc' dir='ltr'>προφητικοῖς</span> <span class='ocrx_word' id='word_1_293' title='bbox 564 2471 593 2496; x_wconf 85' lang='grc' dir='ltr'>ὲν</span> <span class='ocrx_word' id='word_1_294' title='bbox 613 2470 719 2504; x_wconf 72' lang='grc' dir='ltr'>ὄμμασι</span> <span class='ocrx_word' id='word_1_295' title='bbox 738 2470 889 2506; x_wconf 74' lang='grc' dir='ltr'>πόρρωθεν,</span> <span class='ocrx_word' id='word_1_296' title='bbox 916 2470 984 2497; x_wconf 81' lang='grc' dir='ltr'>πάν-</span> 
     </span>
    </p>
   </div>
   <div class='ocr_carea' id='block_1_50' title="bbox 202 2515 984 2553">
    <p class='ocr_par' dir='ltr' id='par_1_50' title="bbox 202 2515 984 2553">
     <span class='ocr_line' id='line_1_50' title="bbox 202 2515 984 2553; baseline -0.005 -7"><span class='ocrx_word' id='word_1_297' title='bbox 202 2527 279 2553; x_wconf 83' lang='grc' dir='ltr'>αγνε.</span> <span class='ocrx_word' id='word_1_298' title='bbox 292 2518 339 2545; x_wconf 83' lang='grc' dir='ltr'>τοῦ</span> <span class='ocrx_word' id='word_1_299' title='bbox 359 2518 430 2553; x_wconf 78' lang='grc' dir='ltr'>ὑπὲρ</span> <span class='ocrx_word' id='word_1_300' title='bbox 443 2517 505 2544; x_wconf 84' lang='grc' dir='ltr'>νοῦν</span> <span class='ocrx_word' id='word_1_301' title='bbox 522 2525 570 2543; x_wconf 87' lang='grc' dir='ltr'>σου</span> <span class='ocrx_word' id='word_1_302' title='bbox 587 2515 783 2552; x_wconf 75' lang='grc' dir='ltr'>θείου,τοκετοῦ</span> <span class='ocrx_word' id='word_1_303' title='bbox 797 2516 827 2542; x_wconf 85' lang='grc' dir='ltr'>τὸ</span> <span class='ocrx_word' id='word_1_304' title='bbox 849 2516 984 2551; x_wconf 83' lang='grc' dir='ltr'>φρικῶδες</span> 
     </span>
    </p>
   </div>
   <div class='ocr_carea' id='block_1_51' title="bbox 237 2603 986 2643">
    <p class='ocr_par' dir='ltr' id='par_1_51' title="bbox 237 2603 986 2643">
     <span class='ocr_line' id='line_1_51' title="bbox 237 2603 986 2643; baseline -0.004 -9"><span class='ocrx_word' id='word_1_305' title='bbox 237 2607 293 2643; x_wconf 73' lang='lat'><strong>(52)</strong></span> <span class='ocrx_word' id='word_1_306' title='bbox 306 2606 375 2635; x_wconf 84' lang='lat' dir='ltr'><strong>ilinc</strong></span> <span class='ocrx_word' id='word_1_307' title='bbox 391 2605 490 2643; x_wconf 68' lang='lat' dir='ltr'><strong>Caelius</strong></span> <span class='ocrx_word' id='word_1_308' title='bbox 501 2604 660 2643; x_wconf 67' lang='lat' dir='ltr'><strong>Pannonius</strong></span> <span class='ocrx_word' id='word_1_309' title='bbox 677 2603 785 2643; x_wconf 39' lang='lat' dir='ltr'><strong>ord.”S.</strong></span> <span class='ocrx_word' id='word_1_310' title='bbox 807 2604 884 2643; x_wconf 77' lang='lat' dir='ltr'><strong>Pauli</strong></span> <span class='ocrx_word' id='word_1_311' title='bbox 906 2604 986 2643; x_wconf 77' lang='lat' dir='ltr'><strong>primi</strong></span> 
     </span>
    </p>
   </div>
   <div class='ocr_carea' id='block_1_52' title="bbox 203 2639 987 2673">
    <p class='ocr_par' dir='ltr' id='par_1_52' title="bbox 203 2639 987 2673">
     <span class='ocr_line' id='line_1_52' title="bbox 203 2639 987 2673; baseline -0.004 -4"><span class='ocrx_word' id='word_1_312' title='bbox 203 2639 327 2670; x_wconf 66' lang='lat' dir='ltr'><strong>Eiemitaz</strong></span> <span class='ocrx_word' id='word_1_313' title='bbox 340 2643 433 2673; x_wconf 81' lang='lat' dir='ltr'><strong>decus.</strong></span> <span class='ocrx_word' id='word_1_314' title='bbox 445 2642 472 2668; x_wconf 94' lang='lat' dir='ltr'><strong>in</strong></span> <span class='ocrx_word' id='word_1_315' title='bbox 490 2642 548 2668; x_wconf 85' lang='lat' dir='ltr'><strong>suis</strong></span> <span class='ocrx_word' id='word_1_316' title='bbox 562 2639 771 2668; x_wconf 82' lang='lat' dir='ltr'><strong>Commentariis</strong></span> <span class='ocrx_word' id='word_1_317' title='bbox 787 2647 853 2667; x_wconf 91' lang='lat' dir='ltr'><strong>mss.</strong></span> <span class='ocrx_word' id='word_1_318' title='bbox 875 2640 901 2666; x_wconf 89' lang='lat' dir='ltr'><strong>in</strong></span> <span class='ocrx_word' id='word_1_319' title='bbox 914 2640 987 2666; x_wconf 80' lang='lat' dir='ltr'><strong>Can-</strong></span> 
     </span>
    </p>
   </div>
   <div class='ocr_carea' id='block_1_53' title="bbox 203 2674 989 2712">
    <p class='ocr_par' dir='ltr' id='par_1_53' title="bbox 203 2674 989 2712">
     <span class='ocr_line' id='line_1_53' title="bbox 203 2674 989 2712; baseline -0.005 -8"><span class='ocrx_word' id='word_1_320' title='bbox 203 2679 249 2705; x_wconf 87' lang='lat' dir='ltr'><strong>tie.</strong></span> <span class='ocrx_word' id='word_1_321' title='bbox 265 2685 326 2712; x_wconf 77' lang='lat' dir='ltr'><strong>qua:</strong></span> <span class='ocrx_word' id='word_1_322' title='bbox 341 2678 367 2704; x_wconf 95' lang='lat' dir='ltr'><strong>in</strong></span> <span class='ocrx_word' id='word_1_323' title='bbox 383 2677 484 2704; x_wconf 84' lang='lat' dir='ltr'><strong>celebri</strong></span> <span class='ocrx_word' id='word_1_324' title='bbox 499 2674 989 2712; x_wconf 66' lang='lat' dir='ltr'><strong>menasterio_[.epogla_v;easservari</strong></span> 
     </span>
    </p>
   </div>
   <div class='ocr_carea' id='block_1_54' title="bbox 203 2709 989 2745">
    <p class='ocr_par' dir='ltr' id='par_1_54' title="bbox 203 2709 989 2745">
     <span class='ocr_line' id='line_1_54' title="bbox 203 2709 989 2745; baseline -0.005 -5"><span class='ocrx_word' id='word_1_325' title='bbox 203 2709 301 2740; x_wconf 75' lang='lat' dir='ltr'><strong>asserit</strong></span> <span class='ocrx_word' id='word_1_326' title='bbox 311 2712 474 2739; x_wconf 74' lang='lat' dir='ltr'><strong>Laurentius</strong></span> <span class='ocrx_word' id='word_1_327' title='bbox 482 2711 614 2745; x_wconf 76' lang='lat' dir='ltr'><strong>Chrysog.</strong></span> <span class='ocrx_word' id='word_1_328' title='bbox 626 2711 653 2736; x_wconf 88' lang='lat' dir='ltr'><strong>in</strong></span> <span class='ocrx_word' id='word_1_329' title='bbox 667 2709 765 2736; x_wconf 79' lang='lat' dir='ltr'><strong>Mundo</strong></span> <span class='ocrx_word' id='word_1_330' title='bbox 774 2709 801 2745; x_wconf 85' lang='grc' dir='ltr'><em>Μ</em></span> <span class='ocrx_word' id='word_1_331' title='bbox 805 2711 910 2742; x_wconf 66' lang='lat' dir='ltr'><strong>(triane,</strong></span> <span class='ocrx_word' id='word_1_332' title='bbox 923 2713 989 2736; x_wconf 90' lang='lat' dir='ltr'><strong>tom.</strong></span> 
     </span>
    </p>
   </div>
   <div class='ocr_carea' id='block_1_55' title="bbox 203 2744 991 2780">
    <p class='ocr_par' dir='ltr' id='par_1_55' title="bbox 203 2744 991 2780">
     <span class='ocr_line' id='line_1_55' title="bbox 203 2744 991 2780; baseline -0.005 -5"><span class='ocrx_word' id='word_1_333' title='bbox 203 2747 237 2775; x_wconf 72' lang='lat' dir='ltr'><strong>ll‘.</strong></span> <span class='ocrx_word' id='word_1_334' title='bbox 265 2748 331 2775; x_wconf 90' lang='lat' dir='ltr'><strong>diss.</strong></span> <span class='ocrx_word' id='word_1_335' title='bbox 346 2747 392 2780; x_wconf 75' lang='grc'><strong>40,</strong></span> <span class='ocrx_word' id='word_1_336' title='bbox 408 2755 434 2774; x_wconf 91' lang='lat' dir='ltr'><strong>n.</strong></span> <span class='ocrx_word' id='word_1_337' title='bbox 447 2747 493 2779; x_wconf 65' lang='lat'><strong>42,</strong></span> <span class='ocrx_word' id='word_1_338' title='bbox 513 2744 550 2772; x_wconf 83' lang='lat' dir='ltr'><strong>ait</strong></span> <span class='ocrx_word' id='word_1_339' title='bbox 566 2746 637 2773; x_wconf 86' lang='lat' dir='ltr'><strong>inter</strong></span> <span class='ocrx_word' id='word_1_340' title='bbox 656 2745 728 2772; x_wconf 87' lang='lat' dir='ltr'><strong>alia:</strong></span> <span class='ocrx_word' id='word_1_341' title='bbox 748 2754 756 2770; x_wconf 79' lang='grc' dir='ltr'><strong>ι</strong></span> <span class='ocrx_word' id='word_1_342' title='bbox 776 2744 871 2772; x_wconf 86' lang='lat' dir='ltr'><strong>Decuit</strong></span> <span class='ocrx_word' id='word_1_343' title='bbox 884 2752 991 2772; x_wconf 88' lang='lat' dir='ltr'><strong>summe</strong></span> 
     </span>
    </p>
   </div>
   <div class='ocr_carea' id='block_1_56' title="bbox 203 2781 991 2818">
    <p class='ocr_par' dir='ltr' id='par_1_56' title="bbox 203 2781 991 2818">
     <span class='ocr_line' id='line_1_56' title="bbox 203 2781 991 2818; baseline -0.006 -8"><span class='ocrx_word' id='word_1_344' title='bbox 203 2791 298 2818; x_wconf 87' lang='lat' dir='ltr'><strong>puram</strong></span> <span class='ocrx_word' id='word_1_345' title='bbox 313 2789 383 2814; x_wconf 82' lang='lat' dir='ltr'><strong>esse,</strong></span> <span class='ocrx_word' id='word_1_346' title='bbox 399 2789 459 2816; x_wconf 76' lang='lat' dir='ltr'><strong>qua:</strong></span> <span class='ocrx_word' id='word_1_347' title='bbox 476 2781 621 2809; x_wconf 83' lang='lat' dir='ltr'><strong>candorem</strong></span> <span class='ocrx_word' id='word_1_348' title='bbox 638 2781 707 2818; x_wconf 78' lang='lat' dir='ltr'><strong>lucis</strong></span> <span class='ocrx_word' id='word_1_349' title='bbox 723 2784 841 2818; x_wconf 72' lang='lat' dir='ltr'><strong>:eternze.</strong></span> <span class='ocrx_word' id='word_1_350' title='bbox 854 2785 881 2806; x_wconf 90' lang='lat' dir='ltr'><strong>et</strong></span> <span class='ocrx_word' id='word_1_351' title='bbox 895 2787 991 2813; x_wconf 84' lang='lat' dir='ltr'><strong>specu-</strong></span> 
     </span>
    </p>
   </div>
   <div class='ocr_carea' id='block_1_57' title="bbox 204 2816 992 2850">
    <p class='ocr_par' dir='ltr' id='par_1_57' title="bbox 204 2816 992 2850">
     <span class='ocr_line' id='line_1_57' title="bbox 204 2816 992 2850; baseline -0.005 -6"><span class='ocrx_word' id='word_1_352' title='bbox 204 2816 260 2845; x_wconf 85' lang='lat' dir='ltr'><strong>ium</strong></span> <span class='ocrx_word' id='word_1_353' title='bbox 276 2819 334 2844; x_wconf 84' lang='lat' dir='ltr'><strong>sine</strong></span> <span class='ocrx_word' id='word_1_354' title='bbox 348 2817 453 2844; x_wconf 84' lang='lat' dir='ltr'><strong>macula</strong></span> <span class='ocrx_word' id='word_1_355' title='bbox 466 2820 641 2850; x_wconf 77' lang='lat' dir='ltr'><strong>conceptum,</strong></span> <span class='ocrx_word' id='word_1_356' title='bbox 655 2820 682 2841; x_wconf 86' lang='lat' dir='ltr'><strong>ct</strong></span> <span class='ocrx_word' id='word_1_357' title='bbox 701 2816 769 2842; x_wconf 85' lang='lat' dir='ltr'><strong>intra</strong></span> <span class='ocrx_word' id='word_1_358' title='bbox 783 2816 886 2842; x_wconf 76' lang='lat' dir='ltr'><strong>viscera</strong></span> <span class='ocrx_word' id='word_1_359' title='bbox 901 2819 992 2848; x_wconf 68' lang='lat' dir='ltr'><strong>gesta-</strong></span> 
     </span>
    </p>
   </div>
   <div class='ocr_carea' id='block_1_58' title="bbox 205 2850 990 2888">
    <p class='ocr_par' dir='ltr' id='par_1_58' title="bbox 205 2850 990 2888">
     <span class='ocr_line' id='line_1_58' title="bbox 205 2850 990 2888; baseline -0.008 -7"><span class='ocrx_word' id='word_1_360' title='bbox 205 2858 266 2881; x_wconf 82' lang='lat' dir='ltr'><strong>tura</strong></span> <span class='ocrx_word' id='word_1_361' title='bbox 281 2853 361 2886; x_wconf 82' lang='lat' dir='ltr'><strong>foret,</strong></span> <span class='ocrx_word' id='word_1_362' title='bbox 378 2860 440 2888; x_wconf 76' lang='lat' dir='ltr'><strong>qua:</strong></span> <span class='ocrx_word' id='word_1_363' title='bbox 456 2851 587 2885; x_wconf 77' lang='lat' dir='ltr'><strong>singulari</strong></span> <span class='ocrx_word' id='word_1_364' title='bbox 602 2850 688 2885; x_wconf 78' lang='lat' dir='ltr'><strong>gratia</strong></span> <span class='ocrx_word' id='word_1_365' title='bbox 708 2855 870 2885; x_wconf 66' lang='lat' dir='ltr'><strong>pta-servata</strong></span> <span class='ocrx_word' id='word_1_366' title='bbox 888 2851 948 2882; x_wconf 81' lang='lat' dir='ltr'><strong>l&#39;uit,</strong></span> <span class='ocrx_word' id='word_1_367' title='bbox 962 2854 990 2876; x_wconf 86' lang='lat' dir='ltr'><strong>ut</strong></span> 
     </span>
    </p>
   </div>
   <div class='ocr_carea' id='block_1_59' title="bbox 1014 244 1796 280">
    <p class='ocr_par' dir='ltr' id='par_1_59' title="bbox 1014 244 1796 280">
     <span class='ocr_line' id='line_1_59' title="bbox 1014 244 1796 280; baseline 0 -8"><span class='ocrx_word' id='word_1_368' title='bbox 1014 253 1080 280; x_wconf 81' lang='lat' dir='ltr'><strong>ergo</strong></span> <span class='ocrx_word' id='word_1_369' title='bbox 1092 252 1200 279; x_wconf 88' lang='lat' dir='ltr'><strong>semper</strong></span> <span class='ocrx_word' id='word_1_370' title='bbox 1213 245 1370 280; x_wconf 86' lang='lat' dir='ltr'><strong>deprecare,</strong></span> <span class='ocrx_word' id='word_1_371' title='bbox 1382 249 1515 272; x_wconf 90' lang='lat' dir='ltr'><strong>uteorum</strong></span> <span class='ocrx_word' id='word_1_372' title='bbox 1529 244 1576 278; x_wconf 86' lang='lat' dir='ltr'><strong>qui</strong></span> <span class='ocrx_word' id='word_1_373' title='bbox 1593 249 1617 271; x_wconf 91' lang='lat' dir='ltr'><strong>te</strong></span> <span class='ocrx_word' id='word_1_374' title='bbox 1632 244 1796 279; x_wconf 79' lang='lat' dir='ltr'><strong>gloriﬁcaut.</strong></span> 
     </span>
    </p>
   </div>
   <div class='ocr_carea' id='block_1_60' title="bbox 1015 292 1190 319">
    <p class='ocr_par' dir='ltr' id='par_1_60' title="bbox 1015 292 1190 319">
     <span class='ocr_line' id='line_1_60' title="bbox 1015 292 1190 319; baseline -0.006 0"><span class='ocrx_word' id='word_1_375' title='bbox 1015 292 1190 319; x_wconf 72' lang='lat' dir='ltr'><strong>misereatur.</strong></span> 
     </span>
    </p>
   </div>
   <div class='ocr_carea' id='block_1_61' title="bbox 1050 335 1798 372">
    <p class='ocr_par' dir='ltr' id='par_1_61' title="bbox 1050 335 1798 372">
     <span class='ocr_line' id='line_1_61' title="bbox 1050 335 1798 372; baseline -0.003 -6"><span class='ocrx_word' id='word_1_376' title='bbox 1050 338 1072 365; x_wconf 78' lang='grc' dir='ltr'><strong>Δ</strong></span> <span class='ocrx_word' id='word_1_377' title='bbox 1088 337 1217 366; x_wconf 86' lang='lat' dir='ltr'><strong>sordibus</strong></span> <span class='ocrx_word' id='word_1_378' title='bbox 1232 337 1391 372; x_wconf 81' lang='lat' dir='ltr'><strong>passionum</strong></span> <span class='ocrx_word' id='word_1_379' title='bbox 1408 335 1604 363; x_wconf 62' lang='lat' dir='ltr'><strong>inhaerentibus</strong></span> <span class='ocrx_word' id='word_1_380' title='bbox 1620 336 1687 363; x_wconf 88' lang='lat' dir='ltr'><strong>mihi</strong></span> <span class='ocrx_word' id='word_1_381' title='bbox 1702 344 1798 364; x_wconf 86' lang='lat' dir='ltr'><strong>einun-</strong></span> 
     </span>
    </p>
   </div>
   <div class='ocr_carea' id='block_1_62' title="bbox 1017 382 1797 417">
    <p class='ocr_par' dir='ltr' id='par_1_62' title="bbox 1017 382 1797 417">
     <span class='ocr_line' id='line_1_62' title="bbox 1017 382 1797 417; baseline -0.003 -5"><span class='ocrx_word' id='word_1_382' title='bbox 1017 384 1051 412; x_wconf 86' lang='lat' dir='ltr'><strong>da</strong></span> <span class='ocrx_word' id='word_1_383' title='bbox 1062 392 1115 415; x_wconf 88' lang='lat' dir='ltr'><strong>me,</strong></span> <span class='ocrx_word' id='word_1_384' title='bbox 1129 391 1145 411; x_wconf 93' lang='grc' dir='ltr'><strong>ο</strong></span> <span class='ocrx_word' id='word_1_385' title='bbox 1157 388 1245 416; x_wconf 81' lang='lat' dir='ltr'><strong>easta,</strong></span> <span class='ocrx_word' id='word_1_386' title='bbox 1256 382 1453 410; x_wconf 82' lang='lat' dir='ltr'><strong>intercessione</strong></span> <span class='ocrx_word' id='word_1_387' title='bbox 1468 386 1524 414; x_wconf 89' lang='lat' dir='ltr'><strong>tua,</strong></span> <span class='ocrx_word' id='word_1_388' title='bbox 1543 386 1570 409; x_wconf 90' lang='lat' dir='ltr'><strong>et</strong></span> <span class='ocrx_word' id='word_1_389' title='bbox 1586 382 1718 414; x_wconf 86' lang='lat' dir='ltr'><strong>illumina.</strong></span> <span class='ocrx_word' id='word_1_390' title='bbox 1735 390 1797 417; x_wconf 88' lang='lat' dir='ltr'><strong>pre-</strong></span> 
     </span>
    </p>
   </div>
   <div class='ocr_carea' id='block_1_63' title="bbox 1017 428 1800 463">
    <p class='ocr_par' dir='ltr' id='par_1_63' title="bbox 1017 428 1800 463">
     <span class='ocr_line' id='line_1_63' title="bbox 1017 428 1800 463; baseline -0.004 -5"><span class='ocrx_word' id='word_1_391' title='bbox 1017 437 1076 463; x_wconf 87' lang='lat' dir='ltr'><strong>cor,</strong></span> <span class='ocrx_word' id='word_1_392' title='bbox 1094 437 1143 457; x_wconf 87' lang='lat' dir='ltr'><strong>cor</strong></span> <span class='ocrx_word' id='word_1_393' title='bbox 1155 437 1257 462; x_wconf 90' lang='lat' dir='ltr'><strong>meum,</strong></span> <span class='ocrx_word' id='word_1_394' title='bbox 1271 428 1438 456; x_wconf 75' lang='lat' dir='ltr'><strong>danuoniaca</strong></span> <span class='ocrx_word' id='word_1_395' title='bbox 1451 428 1566 462; x_wconf 82' lang='lat' dir='ltr'><strong>caligine</strong></span> <span class='ocrx_word' id='word_1_396' title='bbox 1581 428 1800 462; x_wconf 73' lang='lat' dir='ltr'><strong>oblenebratum,</strong></span> 
     </span>
    </p>
   </div>
   <div class='ocr_carea' id='block_1_64' title="bbox 1018 474 1800 508">
    <p class='ocr_par' dir='ltr' id='par_1_64' title="bbox 1018 474 1800 508">
     <span class='ocr_line' id='line_1_64' title="bbox 1018 474 1800 508; baseline -0.001 -5"><span class='ocrx_word' id='word_1_397' title='bbox 1018 481 1050 504; x_wconf 90' lang='lat' dir='ltr'><strong>ut</strong></span> <span class='ocrx_word' id='word_1_398' title='bbox 1063 476 1215 504; x_wconf 84' lang='lat' dir='ltr'><strong>beatiﬁcem</strong></span> <span class='ocrx_word' id='word_1_399' title='bbox 1235 480 1273 508; x_wconf 85' lang='lat' dir='ltr'><strong>te,</strong></span> <span class='ocrx_word' id='word_1_400' title='bbox 1288 482 1305 502; x_wconf 91' lang='grc' dir='ltr'><strong>ο</strong></span> <span class='ocrx_word' id='word_1_401' title='bbox 1319 474 1446 507; x_wconf 90' lang='lat' dir='ltr'><strong>Domina,</strong></span> <span class='ocrx_word' id='word_1_402' title='bbox 1468 475 1561 502; x_wconf 87' lang='lat' dir='ltr'><strong>divina</strong></span> <span class='ocrx_word' id='word_1_403' title='bbox 1578 474 1744 502; x_wconf 88' lang='lat' dir='ltr'><strong>beatitudine</strong></span> <span class='ocrx_word' id='word_1_404' title='bbox 1760 474 1800 502; x_wconf 89' lang='lat' dir='ltr'><strong>l&#39;e-</strong></span> 
     </span>
    </p>
   </div>
   <div class='ocr_carea' id='block_1_65' title="bbox 1018 522 1158 549">
    <p class='ocr_par' dir='ltr' id='par_1_65' title="bbox 1018 522 1158 549">
     <span class='ocr_line' id='line_1_65' title="bbox 1018 522 1158 549; baseline -0.007 0"><span class='ocrx_word' id='word_1_405' title='bbox 1018 522 1158 549; x_wconf 86' lang='lat' dir='ltr'><strong>licissima.</strong></span> 
     </span>
    </p>
   </div>
   <div class='ocr_carea' id='block_1_66' title="bbox 1054 565 1802 602">
    <p class='ocr_par' dir='ltr' id='par_1_66' title="bbox 1054 565 1802 602">
     <span class='ocr_line' id='line_1_66' title="bbox 1054 565 1802 602; baseline -0.003 -8"><span class='ocrx_word' id='word_1_406' title='bbox 1054 567 1082 595; x_wconf 92' lang='lat' dir='ltr'><strong>In</strong></span> <span class='ocrx_word' id='word_1_407' title='bbox 1097 567 1218 594; x_wconf 84' lang='lat' dir='ltr'><strong>tenebris</strong></span> <span class='ocrx_word' id='word_1_408' title='bbox 1234 567 1402 602; x_wconf 57' lang='lat' dir='ltr'><strong>gravissimae</strong></span> <span class='ocrx_word' id='word_1_409' title='bbox 1416 565 1527 594; x_wconf 70' lang='lat' dir='ltr'><strong>desidia:</strong></span> <span class='ocrx_word' id='word_1_410' title='bbox 1536 565 1670 600; x_wconf 75' lang='lat' dir='ltr'><strong>iacentem</strong></span> <span class='ocrx_word' id='word_1_411' title='bbox 1681 565 1742 593; x_wconf 88' lang='lat' dir='ltr'><strong>luce</strong></span> <span class='ocrx_word' id='word_1_412' title='bbox 1756 570 1802 592; x_wconf 90' lang='lat' dir='ltr'><strong>tua</strong></span> 
     </span>
    </p>
   </div>
   <div class='ocr_carea' id='block_1_67' title="bbox 1020 610 1802 644">
    <p class='ocr_par' dir='ltr' id='par_1_67' title="bbox 1020 610 1802 644">
     <span class='ocr_line' id='line_1_67' title="bbox 1020 610 1802 644; baseline -0.003 -4"><span class='ocrx_word' id='word_1_413' title='bbox 1020 613 1146 640; x_wconf 89' lang='lat' dir='ltr'><strong>illumina</strong></span> <span class='ocrx_word' id='word_1_414' title='bbox 1169 619 1222 644; x_wconf 89' lang='lat' dir='ltr'><strong>me,</strong></span> <span class='ocrx_word' id='word_1_415' title='bbox 1243 620 1260 638; x_wconf 93' lang='grc' dir='ltr'><strong>ο</strong></span> <span class='ocrx_word' id='word_1_416' title='bbox 1275 610 1329 638; x_wconf 87' lang='lat' dir='ltr'><strong>Deo</strong></span> <span class='ocrx_word' id='word_1_417' title='bbox 1344 611 1525 644; x_wconf 86' lang='lat' dir='ltr'><strong>charissima;</strong></span> <span class='ocrx_word' id='word_1_418' title='bbox 1543 619 1597 638; x_wconf 93' lang='lat' dir='ltr'><strong>non</strong></span> <span class='ocrx_word' id='word_1_419' title='bbox 1618 611 1690 638; x_wconf 88' lang='lat' dir='ltr'><strong>enim</strong></span> <span class='ocrx_word' id='word_1_420' title='bbox 1712 611 1802 638; x_wconf 85' lang='lat' dir='ltr'><strong>adhuc</strong></span> 
     </span>
    </p>
   </div>
   <div class='ocr_carea' id='block_1_68' title="bbox 1020 655 1803 692">
    <p class='ocr_par' dir='ltr' id='par_1_68' title="bbox 1020 655 1803 692">
     <span class='ocr_line' id='line_1_68' title="bbox 1020 655 1803 692; baseline -0.003 -8"><span class='ocrx_word' id='word_1_421' title='bbox 1020 657 1134 685; x_wconf 81' lang='lat' dir='ltr'><strong>ﬁrmiter</strong></span> <span class='ocrx_word' id='word_1_422' title='bbox 1149 657 1207 684; x_wconf 91' lang='lat' dir='ltr'><strong>scio</strong></span> <span class='ocrx_word' id='word_1_423' title='bbox 1221 657 1274 692; x_wconf 79' lang='lat'><strong>63</strong></span> <span class='ocrx_word' id='word_1_424' title='bbox 1288 657 1440 684; x_wconf 79' lang='lat' dir='ltr'><strong>deliberare</strong></span> <span class='ocrx_word' id='word_1_425' title='bbox 1455 657 1523 684; x_wconf 87' lang='lat' dir='ltr'><strong>velle</strong></span> <span class='ocrx_word' id='word_1_426' title='bbox 1534 664 1578 684; x_wconf 88' lang='lat' dir='ltr'><strong>me</strong></span> <span class='ocrx_word' id='word_1_427' title='bbox 1592 656 1738 683; x_wconf 87' lang='lat' dir='ltr'><strong>observare</strong></span> <span class='ocrx_word' id='word_1_428' title='bbox 1755 655 1803 683; x_wconf 85' lang='lat' dir='ltr'><strong>Dei</strong></span> 
     </span>
    </p>
   </div>
   <div class='ocr_carea' id='block_1_69' title="bbox 1020 703 1803 739">
    <p class='ocr_par' dir='ltr' id='par_1_69' title="bbox 1020 703 1803 739">
     <span class='ocr_line' id='line_1_69' title="bbox 1020 703 1803 739; baseline -0.004 -8"><span class='ocrx_word' id='word_1_429' title='bbox 1020 704 1103 739; x_wconf 79' lang='lat' dir='ltr'><strong>leges.</strong></span> <span class='ocrx_word' id='word_1_430' title='bbox 1121 703 1159 731; x_wconf 93' lang='lat' dir='ltr'><strong>lta</strong></span> <span class='ocrx_word' id='word_1_431' title='bbox 1175 704 1231 735; x_wconf 86' lang='lat' dir='ltr'><strong>liet,</strong></span> <span class='ocrx_word' id='word_1_432' title='bbox 1250 707 1280 730; x_wconf 92' lang='lat' dir='ltr'><strong>ut</strong></span> <span class='ocrx_word' id='word_1_433' title='bbox 1294 707 1320 730; x_wconf 90' lang='lat' dir='ltr'><strong>te</strong></span> <span class='ocrx_word' id='word_1_434' title='bbox 1335 707 1465 738; x_wconf 78' lang='lat' dir='ltr'><strong>tanquam</strong></span> <span class='ocrx_word' id='word_1_435' title='bbox 1480 710 1570 730; x_wconf 84' lang='lat' dir='ltr'><strong>meam</strong></span> <span class='ocrx_word' id='word_1_436' title='bbox 1585 707 1738 737; x_wconf 76' lang='lat' dir='ltr'><strong>patronam,</strong></span> <span class='ocrx_word' id='word_1_437' title='bbox 1754 709 1803 736; x_wconf 90' lang='lat' dir='ltr'><strong>pro</strong></span> 
     </span>
    </p>
   </div>
   <div class='ocr_carea' id='block_1_70' title="bbox 1020 749 1293 778">
    <p class='ocr_par' dir='ltr' id='par_1_70' title="bbox 1020 749 1293 778">
     <span class='ocr_line' id='line_1_70' title="bbox 1020 749 1293 778; baseline -0.004 -1"><span class='ocrx_word' id='word_1_438' title='bbox 1020 750 1114 778; x_wconf 86' lang='lat' dir='ltr'><strong>debito</strong></span> <span class='ocrx_word' id='word_1_439' title='bbox 1128 749 1293 778; x_wconf 79' lang='lat' dir='ltr'><strong>beatiﬁcem.</strong></span> 
     </span>
    </p>
   </div>
   <div class='ocr_carea' id='block_1_71' title="bbox 1057 802 1765 839">
    <p class='ocr_par' dir='ltr' id='par_1_71' title="bbox 1057 802 1765 839">
     <span class='ocr_line' id='line_1_71' title="bbox 1057 802 1765 839; baseline -0.003 -7"><span class='ocrx_word' id='word_1_440' title='bbox 1057 804 1101 832; x_wconf 78' lang='lat' dir='ltr'><strong>Ea:</strong></span> <span class='ocrx_word' id='word_1_441' title='bbox 1121 804 1227 832; x_wconf 75' lang='lat' dir='ltr'><strong>Conone</strong></span> <span class='ocrx_word' id='word_1_442' title='bbox 1244 804 1271 831; x_wconf 80' lang='lat' dir='ltr'><strong>in</strong></span> <span class='ocrx_word' id='word_1_443' title='bbox 1291 803 1322 831; x_wconf 88' lang='lat' dir='ltr'><strong>S.</strong></span> <span class='ocrx_word' id='word_1_444' title='bbox 1343 803 1476 837; x_wconf 76' lang='lat' dir='ltr'><strong>Blasium,</strong></span> <span class='ocrx_word' id='word_1_445' title='bbox 1495 807 1649 839; x_wconf 77' lang='lat' dir='ltr'><strong>martyrem,</strong></span> <span class='ocrx_word' id='word_1_446' title='bbox 1667 803 1708 830; x_wconf 81' lang='lat' dir='ltr'><strong>die</strong></span> <span class='ocrx_word' id='word_1_447' title='bbox 1722 802 1765 830; x_wconf 81' lang='grc' dir='ltr'>Η.</span> 
     </span>
    </p>
   </div>
   <div class='ocr_carea' id='block_1_72' title="bbox 1056 907 1805 944">
    <p class='ocr_par' dir='ltr' id='par_1_72' title="bbox 1056 907 1805 944">
     <span class='ocr_line' id='line_1_72' title="bbox 1056 907 1805 944; baseline -0.004 -7"><span class='ocrx_word' id='word_1_448' title='bbox 1056 909 1124 937; x_wconf 86' lang='lat' dir='ltr'><strong>Cum</strong></span> <span class='ocrx_word' id='word_1_449' title='bbox 1134 913 1161 936; x_wconf 86' lang='lat' dir='ltr'><strong>te</strong></span> <span class='ocrx_word' id='word_1_450' title='bbox 1176 908 1364 944; x_wconf 85' lang='lat' dir='ltr'><strong>totam&#39;pnram</strong></span> <span class='ocrx_word' id='word_1_451' title='bbox 1380 907 1529 936; x_wconf 83' lang='lat' dir='ltr'><strong>invenisset</strong></span> <span class='ocrx_word' id='word_1_452' title='bbox 1540 908 1584 935; x_wconf 90' lang='lat' dir='ltr'><strong>ille</strong></span> <span class='ocrx_word' id='word_1_453' title='bbox 1592 908 1638 943; x_wconf 90' lang='lat' dir='ltr'><strong>qui</strong></span> <span class='ocrx_word' id='word_1_454' title='bbox 1656 915 1740 943; x_wconf 78' lang='lat' dir='ltr'><strong>purus</strong></span> <span class='ocrx_word' id='word_1_455' title='bbox 1752 913 1805 942; x_wconf 81' lang='lat' dir='ltr'><strong>est,</strong></span> 
     </span>
    </p>
   </div>
   <div class='ocr_carea' id='block_1_73' title="bbox 1024 954 1805 990">
    <p class='ocr_par' dir='ltr' id='par_1_73' title="bbox 1024 954 1805 990">
     <span class='ocr_line' id='line_1_73' title="bbox 1024 954 1805 990; baseline -0.004 -7"><span class='ocrx_word' id='word_1_456' title='bbox 1024 956 1155 983; x_wconf 84' lang='lat' dir='ltr'><strong>habitarit</strong></span> <span class='ocrx_word' id='word_1_457' title='bbox 1174 956 1201 983; x_wconf 93' lang='lat' dir='ltr'><strong>in</strong></span> <span class='ocrx_word' id='word_1_458' title='bbox 1217 960 1295 982; x_wconf 83' lang='lat' dir='ltr'><strong>utero</strong></span> <span class='ocrx_word' id='word_1_459' title='bbox 1309 959 1355 982; x_wconf 89' lang='lat' dir='ltr'><strong>tuo</strong></span> <span class='ocrx_word' id='word_1_460' title='bbox 1376 955 1443 990; x_wconf 77' lang='grc'><strong>(52),</strong></span> <span class='ocrx_word' id='word_1_461' title='bbox 1463 962 1480 982; x_wconf 94' lang='lat' dir='ltr'><strong>o</strong></span> <span class='ocrx_word' id='word_1_462' title='bbox 1503 959 1578 982; x_wconf 88' lang='lat' dir='ltr'><strong>casta</strong></span> <span class='ocrx_word' id='word_1_463' title='bbox 1601 954 1682 989; x_wconf 81' lang='lat' dir='ltr'><strong>Virgo</strong></span> <span class='ocrx_word' id='word_1_464' title='bbox 1710 954 1805 987; x_wconf 77' lang='lat' dir='ltr'><strong>Mater,</strong></span> 
     </span>
    </p>
   </div>
   <div class='ocr_carea' id='block_1_74' title="bbox 1023 999 1807 1035">
    <p class='ocr_par' dir='ltr' id='par_1_74' title="bbox 1023 999 1807 1035">
     <span class='ocr_line' id='line_1_74' title="bbox 1023 999 1807 1035; baseline -0.003 -7"><span class='ocrx_word' id='word_1_465' title='bbox 1023 1006 1122 1028; x_wconf 83' lang='lat' dir='ltr'><strong>ctcaro</strong></span> <span class='ocrx_word' id='word_1_466' title='bbox 1136 1001 1222 1028; x_wconf 79' lang='lat' dir='ltr'><strong>factus</strong></span> <span class='ocrx_word' id='word_1_467' title='bbox 1233 1005 1286 1034; x_wconf 88' lang='lat' dir='ltr'><strong>est,</strong></span> <span class='ocrx_word' id='word_1_468' title='bbox 1302 1001 1361 1028; x_wconf 86' lang='lat' dir='ltr'><strong>sine</strong></span> <span class='ocrx_word' id='word_1_469' title='bbox 1377 1005 1500 1035; x_wconf 85' lang='lat' dir='ltr'><strong>peccato,</strong></span> <span class='ocrx_word' id='word_1_470' title='bbox 1510 1005 1541 1028; x_wconf 90' lang='lat' dir='ltr'><strong>ut</strong></span> <span class='ocrx_word' id='word_1_471' title='bbox 1558 1007 1608 1028; x_wconf 88' lang='lat' dir='ltr'><strong>nos</strong></span> <span class='ocrx_word' id='word_1_472' title='bbox 1619 1007 1634 1027; x_wconf 86' lang='lat' dir='ltr'><strong>a</strong></span> <span class='ocrx_word' id='word_1_473' title='bbox 1649 999 1807 1027; x_wconf 87' lang='lat' dir='ltr'><strong>seductione</strong></span> 
     </span>
    </p>
   </div>
   <div class='ocr_carea' id='block_1_75' title="bbox 1025 1046 1162 1073">
    <p class='ocr_par' dir='ltr' id='par_1_75' title="bbox 1025 1046 1162 1073">
     <span class='ocr_line' id='line_1_75' title="bbox 1025 1046 1162 1073; baseline 0.007 -1"><span class='ocrx_word' id='word_1_474' title='bbox 1025 1046 1162 1073; x_wconf 79' lang='lat' dir='ltr'><strong>liberaret.</strong></span> 
     </span>
    </p>
   </div>
   <div class='ocr_carea' id='block_1_76' title="bbox 1059 1089 1808 1125">
    <p class='ocr_par' dir='ltr' id='par_1_76' title="bbox 1059 1089 1808 1125">
     <span class='ocr_line' id='line_1_76' title="bbox 1059 1089 1808 1125; baseline -0.003 -7"><span class='ocrx_word' id='word_1_475' title='bbox 1059 1091 1108 1122; x_wconf 87' lang='lat' dir='ltr'><strong>Te,</strong></span> <span class='ocrx_word' id='word_1_476' title='bbox 1142 1097 1203 1125; x_wconf 69' lang='lat' dir='ltr'><strong>quae</strong></span> <span class='ocrx_word' id='word_1_477' title='bbox 1229 1090 1357 1118; x_wconf 86' lang='lat' dir='ltr'><strong>omnibus</strong></span> <span class='ocrx_word' id='word_1_478' title='bbox 1376 1089 1510 1118; x_wconf 87' lang='lat' dir='ltr'><strong>creaturis</strong></span> <span class='ocrx_word' id='word_1_479' title='bbox 1533 1089 1698 1117; x_wconf 82' lang='lat' dir='ltr'><strong>eminentior</strong></span> <span class='ocrx_word' id='word_1_480' title='bbox 1724 1097 1808 1125; x_wconf 81' lang='lat' dir='ltr'><strong>appa-</strong></span> 
     </span>
    </p>
   </div>
   <div class='ocr_carea' id='block_1_77' title="bbox 1024 1136 1809 1172">
    <p class='ocr_par' dir='ltr' id='par_1_77' title="bbox 1024 1136 1809 1172">
     <span class='ocr_line' id='line_1_77' title="bbox 1024 1136 1809 1172; baseline -0.004 -7"><span class='ocrx_word' id='word_1_481' title='bbox 1024 1137 1116 1169; x_wconf 85' lang='lat' dir='ltr'><strong>ruisti,</strong></span> <span class='ocrx_word' id='word_1_482' title='bbox 1133 1140 1227 1172; x_wconf 84' lang='lat' dir='ltr'><strong>utpote</strong></span> <span class='ocrx_word' id='word_1_483' title='bbox 1246 1137 1375 1164; x_wconf 85' lang='lat' dir='ltr'><strong>omnibus</strong></span> <span class='ocrx_word' id='word_1_484' title='bbox 1390 1137 1530 1168; x_wconf 84' lang='lat' dir='ltr'><strong>sanctior,</strong></span> <span class='ocrx_word' id='word_1_485' title='bbox 1548 1136 1737 1171; x_wconf 77' lang='lat' dir='ltr'><strong>generationes</strong></span> <span class='ocrx_word' id='word_1_486' title='bbox 1757 1137 1809 1163; x_wconf 92' lang='lat' dir='ltr'><strong>ho-</strong></span> 
     </span>
    </p>
   </div>
   <div class='ocr_carea' id='block_1_78' title="bbox 1029 1182 1809 1216">
    <p class='ocr_par' dir='ltr' id='par_1_78' title="bbox 1029 1182 1809 1216">
     <span class='ocr_line' id='line_1_78' title="bbox 1029 1182 1809 1216; baseline 0 -6"><span class='ocrx_word' id='word_1_487' title='bbox 1029 1184 1134 1211; x_wconf 88' lang='lat' dir='ltr'><strong>minutn</strong></span> <span class='ocrx_word' id='word_1_488' title='bbox 1148 1190 1210 1210; x_wconf 91' lang='lat' dir='ltr'><strong>cum</strong></span> <span class='ocrx_word' id='word_1_489' title='bbox 1227 1183 1305 1210; x_wconf 83' lang='lat' dir='ltr'><strong>laude</strong></span> <span class='ocrx_word' id='word_1_490' title='bbox 1319 1182 1485 1216; x_wconf 80' lang='lat' dir='ltr'><strong>beatiﬁcant,</strong></span> <span class='ocrx_word' id='word_1_491' title='bbox 1501 1190 1517 1210; x_wconf 92' lang='grc' dir='ltr'><strong>ο</strong></span> <span class='ocrx_word' id='word_1_492' title='bbox 1530 1183 1622 1210; x_wconf 81' lang='lat' dir='ltr'><strong>divina</strong></span> <span class='ocrx_word' id='word_1_493' title='bbox 1640 1183 1809 1211; x_wconf 84' lang='lat' dir='ltr'><strong>beatitudine</strong></span> 
     </span>
    </p>
   </div>
   <div class='ocr_carea' id='block_1_79' title="bbox 1025 1229 1324 1256">
    <p class='ocr_par' dir='ltr' id='par_1_79' title="bbox 1025 1229 1324 1256">
     <span class='ocr_line' id='line_1_79' title="bbox 1025 1229 1324 1256; baseline 0.007 -1"><span class='ocrx_word' id='word_1_494' title='bbox 1025 1229 1172 1256; x_wconf 82' lang='lat' dir='ltr'><strong>cumulata.</strong></span> <span class='ocrx_word' id='word_1_495' title='bbox 1320 1235 1324 1238; x_wconf 80' lang='lat'><em>‘</em></span> 
     </span>
    </p>
   </div>
   <div class='ocr_carea' id='block_1_80' title="bbox 1061 1274 1805 1310">
    <p class='ocr_par' dir='ltr' id='par_1_80' title="bbox 1061 1274 1805 1310">
     <span class='ocr_line' id='line_1_80' title="bbox 1061 1274 1805 1310; baseline 0 -8"><span class='ocrx_word' id='word_1_496' title='bbox 1061 1274 1158 1310; x_wconf 72' lang='lat' dir='ltr'><strong>Legem</strong></span> <span class='ocrx_word' id='word_1_497' title='bbox 1172 1282 1269 1302; x_wconf 90' lang='lat' dir='ltr'><strong>novam</strong></span> <span class='ocrx_word' id='word_1_498' title='bbox 1283 1275 1405 1310; x_wconf 79' lang='lat' dir='ltr'><strong>praevidit</strong></span> <span class='ocrx_word' id='word_1_499' title='bbox 1419 1280 1444 1303; x_wconf 91' lang='lat' dir='ltr'><strong>te</strong></span> <span class='ocrx_word' id='word_1_500' title='bbox 1452 1275 1516 1303; x_wconf 91' lang='lat' dir='ltr'><strong>olim</strong></span> <span class='ocrx_word' id='word_1_501' title='bbox 1533 1275 1676 1310; x_wconf 85' lang='lat' dir='ltr'><strong>propheta,</strong></span> <span class='ocrx_word' id='word_1_502' title='bbox 1689 1274 1805 1302; x_wconf 81' lang='lat' dir='ltr'><strong>Verbum</strong></span> 
     </span>
    </p>
   </div>
   <div class='ocr_carea' id='block_1_81' title="bbox 1027 1320 1810 1357">
    <p class='ocr_par' dir='ltr' id='par_1_81' title="bbox 1027 1320 1810 1357">
     <span class='ocr_line' id='line_1_81' title="bbox 1027 1320 1810 1357; baseline 0.003 -10"><span class='ocrx_word' id='word_1_503' title='bbox 1027 1320 1073 1348; x_wconf 89' lang='lat' dir='ltr'><strong>Dei</strong></span> <span class='ocrx_word' id='word_1_504' title='bbox 1089 1321 1249 1355; x_wconf 87' lang='lat' dir='ltr'><strong>inscriptum</strong></span> <span class='ocrx_word' id='word_1_505' title='bbox 1266 1321 1420 1353; x_wconf 85' lang='lat' dir='ltr'><strong>habentem,</strong></span> <span class='ocrx_word' id='word_1_506' title='bbox 1443 1329 1459 1348; x_wconf 92' lang='grc' dir='ltr'><strong>ο</strong></span> <span class='ocrx_word' id='word_1_507' title='bbox 1485 1321 1584 1356; x_wconf 90' lang='lat' dir='ltr'><strong>puclla,</strong></span> <span class='ocrx_word' id='word_1_508' title='bbox 1611 1321 1682 1357; x_wconf 90' lang='lat' dir='ltr'><strong>quod</strong></span> <span class='ocrx_word' id='word_1_509' title='bbox 1704 1321 1810 1356; x_wconf 86' lang='lat' dir='ltr'><strong>peccati</strong></span> 
     </span>
    </p>
   </div>
   <div class='ocr_carea' id='block_1_82' title="bbox 1026 1367 1703 1402">
    <p class='ocr_par' dir='ltr' id='par_1_82' title="bbox 1026 1367 1703 1402">
     <span class='ocr_line' id='line_1_82' title="bbox 1026 1367 1703 1402; baseline 0.004 -9"><span class='ocrx_word' id='word_1_510' title='bbox 1026 1367 1175 1402; x_wconf 88' lang='lat' dir='ltr'><strong>primorum</strong></span> <span class='ocrx_word' id='word_1_511' title='bbox 1188 1371 1331 1401; x_wconf 89' lang='lat' dir='ltr'><strong>parentum</strong></span> <span class='ocrx_word' id='word_1_512' title='bbox 1347 1367 1560 1402; x_wconf 83' lang='lat' dir='ltr'><strong>chirographum</strong></span> <span class='ocrx_word' id='word_1_513' title='bbox 1576 1367 1703 1402; x_wconf 79' lang='lat' dir='ltr'><strong>diSrupit.</strong></span> 
     </span>
    </p>
   </div>
   <div class='ocr_carea' id='block_1_83' title="bbox 1062 1412 1806 1448">
    <p class='ocr_par' dir='ltr' id='par_1_83' title="bbox 1062 1412 1806 1448">
     <span class='ocr_line' id='line_1_83' title="bbox 1062 1412 1806 1448; baseline 0 -8"><span class='ocrx_word' id='word_1_514' title='bbox 1062 1412 1219 1441; x_wconf 81' lang='lat' dir='ltr'><strong>Laudamus</strong></span> <span class='ocrx_word' id='word_1_515' title='bbox 1234 1418 1270 1445; x_wconf 87' lang='lat' dir='ltr'><strong>te,</strong></span> <span class='ocrx_word' id='word_1_516' title='bbox 1289 1421 1306 1440; x_wconf 82' lang='grc' dir='ltr'><strong>ο</strong></span> <span class='ocrx_word' id='word_1_517' title='bbox 1325 1412 1409 1440; x_wconf 84' lang='lat' dir='ltr'><strong>Maria</strong></span> <span class='ocrx_word' id='word_1_518' title='bbox 1425 1414 1588 1446; x_wconf 85' lang='lat' dir='ltr'><strong>castissima,</strong></span> <span class='ocrx_word' id='word_1_519' title='bbox 1601 1421 1661 1448; x_wconf 76' lang='lat' dir='ltr'><strong>qua:</strong></span> <span class='ocrx_word' id='word_1_520' title='bbox 1678 1413 1806 1440; x_wconf 87' lang='lat' dir='ltr'><strong>inet&#39;labili</strong></span> 
     </span>
    </p>
   </div>
   <div class='ocr_carea' id='block_1_84' title="bbox 1026 1458 1810 1494">
    <p class='ocr_par' dir='ltr' id='par_1_84' title="bbox 1026 1458 1810 1494">
     <span class='ocr_line' id='line_1_84' title="bbox 1026 1458 1810 1494; baseline -0.001 -8"><span class='ocrx_word' id='word_1_521' title='bbox 1026 1465 1107 1494; x_wconf 83' lang='lat' dir='ltr'><strong>partu</strong></span> <span class='ocrx_word' id='word_1_522' title='bbox 1121 1463 1167 1486; x_wconf 92' lang='lat' dir='ltr'><strong>tuo</strong></span> <span class='ocrx_word' id='word_1_523' title='bbox 1179 1459 1326 1485; x_wconf 89' lang='lat' dir='ltr'><strong>humanam</strong></span> <span class='ocrx_word' id='word_1_524' title='bbox 1342 1466 1461 1486; x_wconf 88' lang='lat' dir='ltr'><strong>massam</strong></span> <span class='ocrx_word' id='word_1_525' title='bbox 1476 1458 1606 1486; x_wconf 81' lang='lat' dir='ltr'><strong>deilicasti</strong></span> <span class='ocrx_word' id='word_1_526' title='bbox 1616 1478 1624 1490; x_wconf 85' lang='lat'><strong>,</strong></span> <span class='ocrx_word' id='word_1_527' title='bbox 1642 1462 1669 1485; x_wconf 81' lang='lat' dir='ltr'><strong>et</strong></span> <span class='ocrx_word' id='word_1_528' title='bbox 1687 1465 1736 1486; x_wconf 86' lang='lat' dir='ltr'><strong>nos</strong></span> <span class='ocrx_word' id='word_1_529' title='bbox 1748 1466 1810 1485; x_wconf 88' lang='lat' dir='ltr'><strong>cor-</strong></span> 
     </span>
    </p>
   </div>
   <div class='ocr_carea' id='block_1_85' title="bbox 1029 1503 1794 1540">
    <p class='ocr_par' dir='ltr' id='par_1_85' title="bbox 1029 1503 1794 1540">
     <span class='ocr_line' id='line_1_85' title="bbox 1029 1503 1794 1540; baseline -0.001 -8"><span class='ocrx_word' id='word_1_530' title='bbox 1029 1509 1124 1540; x_wconf 87' lang='lat' dir='ltr'><strong>ruptos</strong></span> <span class='ocrx_word' id='word_1_531' title='bbox 1137 1511 1171 1532; x_wconf 90' lang='lat' dir='ltr'><strong>ac</strong></span> <span class='ocrx_word' id='word_1_532' title='bbox 1194 1503 1290 1532; x_wconf 79' lang='lat' dir='ltr'><strong>fraude</strong></span> <span class='ocrx_word' id='word_1_533' title='bbox 1301 1504 1436 1540; x_wconf 84' lang='lat' dir='ltr'><strong>serpentis</strong></span> <span class='ocrx_word' id='word_1_534' title='bbox 1455 1504 1589 1532; x_wconf 90' lang='lat' dir='ltr'><strong>contritos</strong></span> <span class='ocrx_word' id='word_1_535' title='bbox 1601 1503 1768 1532; x_wconf 69' lang='lat' dir='ltr'><strong>reformasti.</strong></span> <span class='ocrx_word' id='word_1_536' title='bbox 1784 1513 1794 1532; x_wconf 66' lang='grc' dir='ltr'><strong>ι</strong></span> 
     </span>
    </p>
   </div>
   <div class='ocr_carea' id='block_1_86' title="bbox 1062 1597 1808 1631">
    <p class='ocr_par' dir='ltr' id='par_1_86' title="bbox 1062 1597 1808 1631">
     <span class='ocr_line' id='line_1_86' title="bbox 1062 1597 1808 1631; baseline -0.004 -4"><span class='ocrx_word' id='word_1_537' title='bbox 1062 1597 1085 1627; x_wconf 90' lang='grc'>0</span> <span class='ocrx_word' id='word_1_538' title='bbox 1097 1597 1279 1630; x_wconf 71' lang='lat' dir='ltr'><strong>sanctissima,</strong></span> <span class='ocrx_word' id='word_1_539' title='bbox 1296 1597 1411 1626; x_wconf 72' lang='lat' dir='ltr'><strong>thronus</strong></span> <span class='ocrx_word' id='word_1_540' title='bbox 1422 1597 1477 1626; x_wconf 79' lang='lat' dir='ltr'><strong>Dei</strong></span> <span class='ocrx_word' id='word_1_541' title='bbox 1498 1597 1638 1626; x_wconf 74' lang='lat' dir='ltr'><strong>cherubim</strong></span> <span class='ocrx_word' id='word_1_542' title='bbox 1656 1598 1808 1631; x_wconf 77' lang='lat' dir='ltr'><strong>sublimior,</strong></span> 
     </span>
    </p>
   </div>
   <div class='ocr_carea' id='block_1_87' title="bbox 1029 1645 1812 1678">
    <p class='ocr_par' dir='ltr' id='par_1_87' title="bbox 1029 1645 1812 1678">
     <span class='ocr_line' id='line_1_87' title="bbox 1029 1645 1812 1678; baseline -0.001 -5"><span class='ocrx_word' id='word_1_543' title='bbox 1029 1652 1060 1673; x_wconf 85' lang='lat' dir='ltr'><strong>ac</strong></span> <span class='ocrx_word' id='word_1_544' title='bbox 1090 1646 1176 1673; x_wconf 80' lang='lat' dir='ltr'><strong>nubes</strong></span> <span class='ocrx_word' id='word_1_545' title='bbox 1197 1645 1277 1678; x_wconf 78' lang='lat' dir='ltr'><strong>lucis,</strong></span> <span class='ocrx_word' id='word_1_546' title='bbox 1298 1645 1422 1672; x_wconf 89' lang='lat' dir='ltr'><strong>illumina</strong></span> <span class='ocrx_word' id='word_1_547' title='bbox 1448 1647 1543 1673; x_wconf 88' lang='lat' dir='ltr'><strong>oculos</strong></span> <span class='ocrx_word' id='word_1_548' title='bbox 1565 1646 1664 1673; x_wconf 73' lang='lat' dir='ltr'><strong>animm</strong></span> <span class='ocrx_word' id='word_1_549' title='bbox 1688 1653 1764 1677; x_wconf 69' lang='lat' dir='ltr'><strong>mere,</strong></span> <span class='ocrx_word' id='word_1_550' title='bbox 1784 1650 1812 1673; x_wconf 87' lang='lat' dir='ltr'><strong>et</strong></span> 
     </span>
    </p>
   </div>
   <div class='ocr_carea' id='block_1_88' title="bbox 1028 1690 1737 1726">
    <p class='ocr_par' dir='ltr' id='par_1_88' title="bbox 1028 1690 1737 1726">
     <span class='ocr_line' id='line_1_88' title="bbox 1028 1690 1737 1726; baseline 0 -8"><span class='ocrx_word' id='word_1_551' title='bbox 1028 1698 1043 1718; x_wconf 84' lang='lat' dir='ltr'><strong>a</strong></span> <span class='ocrx_word' id='word_1_552' title='bbox 1055 1691 1215 1726; x_wconf 83' lang='lat' dir='ltr'><strong>passionum</strong></span> <span class='ocrx_word' id='word_1_553' title='bbox 1233 1690 1352 1718; x_wconf 89' lang='lat' dir='ltr'><strong>tenebris</strong></span> <span class='ocrx_word' id='word_1_554' title='bbox 1367 1690 1481 1726; x_wconf 87' lang='lat' dir='ltr'><strong>purllica</strong></span> <span class='ocrx_word' id='word_1_555' title='bbox 1494 1690 1614 1718; x_wconf 81' lang='lat' dir='ltr'><strong>animam</strong></span> <span class='ocrx_word' id='word_1_556' title='bbox 1639 1699 1737 1718; x_wconf 83' lang='lat' dir='ltr'><strong>meam.</strong></span> 
     </span>
    </p>
   </div>
   <div class='ocr_carea' id='block_1_89' title="bbox 1065 1771 1830 1806">
    <p class='ocr_par' dir='ltr' id='par_1_89' title="bbox 1065 1771 1830 1806">
     <span class='ocr_line' id='line_1_89' title="bbox 1065 1771 1830 1806; baseline -0.004 -6"><span class='ocrx_word' id='word_1_557' title='bbox 1065 1772 1264 1801; x_wconf 80' lang='lat' dir='ltr'><strong>Dormitatione</strong></span> <span class='ocrx_word' id='word_1_558' title='bbox 1290 1771 1462 1806; x_wconf 66' lang='lat' dir='ltr'><strong>negligentiae</strong></span> <span class='ocrx_word' id='word_1_559' title='bbox 1483 1772 1670 1806; x_wconf 87' lang='lat' dir='ltr'><strong>&#39;oppressum,</strong></span> <span class='ocrx_word' id='word_1_560' title='bbox 1700 1778 1830 1798; x_wconf 82' lang='lat' dir='ltr'><strong>somnus.</strong></span> 
     </span>
    </p>
   </div>
   <div class='ocr_carea' id='block_1_90' title="bbox 1031 1817 1813 1855">
    <p class='ocr_par' dir='ltr' id='par_1_90' title="bbox 1031 1817 1813 1855">
     <span class='ocr_line' id='line_1_90' title="bbox 1031 1817 1813 1855; baseline -0.005 -8"><span class='ocrx_word' id='word_1_561' title='bbox 1031 1819 1133 1855; x_wconf 84' lang='lat' dir='ltr'><strong>peccati</strong></span> <span class='ocrx_word' id='word_1_562' title='bbox 1152 1817 1310 1845; x_wconf 78' lang='lat' dir='ltr'><strong>mortiferus</strong></span> <span class='ocrx_word' id='word_1_563' title='bbox 1330 1817 1508 1852; x_wconf 86' lang='lat' dir='ltr'><strong>deprehendit</strong></span> <span class='ocrx_word' id='word_1_564' title='bbox 1526 1825 1570 1844; x_wconf 91' lang='lat' dir='ltr'><strong>me</strong></span> <span class='ocrx_word' id='word_1_565' title='bbox 1587 1826 1593 1844; x_wconf 89' lang='lat'>:</span> <span class='ocrx_word' id='word_1_566' title='bbox 1615 1823 1756 1852; x_wconf 79' lang='lat' dir='ltr'><strong>propterea</strong></span> <span class='ocrx_word' id='word_1_567' title='bbox 1781 1818 1813 1844; x_wconf 85' lang='lat' dir='ltr'><strong>ad</strong></span> 
     </span>
    </p>
   </div>
   <div class='ocr_carea' id='block_1_91' title="bbox 1030 1864 1814 1899">
    <p class='ocr_par' dir='ltr' id='par_1_91' title="bbox 1030 1864 1814 1899">
     <span class='ocr_line' id='line_1_91' title="bbox 1030 1864 1814 1899; baseline -0.003 -6"><span class='ocrx_word' id='word_1_568' title='bbox 1030 1866 1139 1894; x_wconf 85' lang='lat' dir='ltr'><strong>vitalem</strong></span> <span class='ocrx_word' id='word_1_569' title='bbox 1159 1864 1327 1898; x_wconf 74' lang='lat' dir='ltr'><strong>ptenitentiae</strong></span> <span class='ocrx_word' id='word_1_570' title='bbox 1354 1864 1525 1899; x_wconf 86' lang='lat' dir='ltr'><strong>splendorem</strong></span> <span class='ocrx_word' id='word_1_571' title='bbox 1553 1864 1690 1892; x_wconf 81' lang='lat' dir='ltr'><strong>exsuscita</strong></span> <span class='ocrx_word' id='word_1_572' title='bbox 1719 1872 1773 1896; x_wconf 82' lang='lat' dir='ltr'><strong>mc,</strong></span> <span class='ocrx_word' id='word_1_573' title='bbox 1797 1872 1814 1891; x_wconf 93' lang='grc' dir='ltr'><strong>ο</strong></span> 
     </span>
    </p>
   </div>
   <div class='ocr_carea' id='block_1_92' title="bbox 1031 1913 1324 1943">
    <p class='ocr_par' dir='ltr' id='par_1_92' title="bbox 1031 1913 1324 1943">
     <span class='ocr_line' id='line_1_92' title="bbox 1031 1913 1324 1943; baseline -0.007 -3"><span class='ocrx_word' id='word_1_574' title='bbox 1031 1917 1118 1943; x_wconf 83' lang='lat' dir='ltr'><strong>casta.</strong></span> <span class='ocrx_word' id='word_1_575' title='bbox 1133 1917 1159 1940; x_wconf 90' lang='lat' dir='ltr'><strong>et</strong></span> <span class='ocrx_word' id='word_1_576' title='bbox 1174 1913 1248 1939; x_wconf 85' lang='lat' dir='ltr'><strong>salva</strong></span> <span class='ocrx_word' id='word_1_577' title='bbox 1270 1918 1324 1938; x_wconf 90' lang='lat' dir='ltr'><strong>Ine.</strong></span> 
     </span>
    </p>
   </div>
   <div class='ocr_carea' id='block_1_93' title="bbox 1031 1956 1815 1992">
    <p class='ocr_par' dir='ltr' id='par_1_93' title="bbox 1031 1956 1815 1992">
     <span class='ocr_line' id='line_1_93' title="bbox 1031 1956 1815 1992; baseline -0.003 -7"><span class='ocrx_word' id='word_1_578' title='bbox 1031 1968 1033 1972; x_wconf 60' lang='grc' dir='ltr'><strong>ν</strong></span> <span class='ocrx_word' id='word_1_579' title='bbox 1067 1958 1157 1986; x_wconf 65' lang='lat' dir='ltr'><strong>Sacrae</strong></span> <span class='ocrx_word' id='word_1_580' title='bbox 1173 1965 1253 1985; x_wconf 87' lang='lat' dir='ltr'><strong>voces</strong></span> <span class='ocrx_word' id='word_1_581' title='bbox 1270 1957 1565 1992; x_wconf 61' lang='lat' dir='ltr'><strong>praenuntiavcruntte,</strong></span> <span class='ocrx_word' id='word_1_582' title='bbox 1581 1964 1597 1984; x_wconf 91' lang='grc' dir='ltr'><strong>ο</strong></span> <span class='ocrx_word' id='word_1_583' title='bbox 1625 1956 1706 1992; x_wconf 78' lang='lat' dir='ltr'><strong>Virgo</strong></span> <span class='ocrx_word' id='word_1_584' title='bbox 1730 1957 1815 1983; x_wconf 81' lang='lat' dir='ltr'><strong>Mater</strong></span> 
     </span>
    </p>
   </div>
   <div class='ocr_carea' id='block_1_94' title="bbox 1032 2001 1818 2038">
    <p class='ocr_par' dir='ltr' id='par_1_94' title="bbox 1032 2001 1818 2038">
     <span class='ocr_line' id='line_1_94' title="bbox 1032 2001 1818 2038; baseline -0.003 -8"><span class='ocrx_word' id='word_1_585' title='bbox 1032 2003 1134 2038; x_wconf 88' lang='lat' dir='ltr'><strong>puella,</strong></span> <span class='ocrx_word' id='word_1_586' title='bbox 1149 2001 1268 2029; x_wconf 81' lang='lat' dir='ltr'><strong>futuram</strong></span> <span class='ocrx_word' id='word_1_587' title='bbox 1285 2008 1346 2029; x_wconf 76' lang='lat' dir='ltr'><strong>esse</strong></span> <span class='ocrx_word' id='word_1_588' title='bbox 1364 2002 1504 2029; x_wconf 89' lang='lat' dir='ltr'><strong>Creatoris</strong></span> <span class='ocrx_word' id='word_1_589' title='bbox 1527 2002 1564 2029; x_wconf 90' lang='lat' dir='ltr'><strong>tui</strong></span> <span class='ocrx_word' id='word_1_590' title='bbox 1586 2002 1720 2034; x_wconf 89' lang='lat' dir='ltr'><strong>altricem,</strong></span> <span class='ocrx_word' id='word_1_591' title='bbox 1737 2006 1818 2036; x_wconf 85' lang='lat' dir='ltr'><strong>atque</strong></span> 
     </span>
    </p>
   </div>
   <div class='ocr_carea' id='block_1_95' title="bbox 1033 2046 1817 2082">
    <p class='ocr_par' dir='ltr' id='par_1_95' title="bbox 1033 2046 1817 2082">
     <span class='ocr_line' id='line_1_95' title="bbox 1033 2046 1817 2082; baseline -0.004 -6"><span class='ocrx_word' id='word_1_592' title='bbox 1033 2049 1186 2076; x_wconf 78' lang='lat' dir='ltr'><strong>habituram</strong></span> <span class='ocrx_word' id='word_1_593' title='bbox 1197 2052 1303 2082; x_wconf 88' lang='lat' dir='ltr'><strong>partum</strong></span> <span class='ocrx_word' id='word_1_594' title='bbox 1315 2046 1490 2078; x_wconf 75' lang='lat' dir='ltr'><strong>irreliabilein,</strong></span> <span class='ocrx_word' id='word_1_595' title='bbox 1501 2051 1529 2074; x_wconf 77' lang='lat' dir='ltr'><strong>et</strong></span> <span class='ocrx_word' id='word_1_596' title='bbox 1540 2048 1744 2081; x_wconf 88' lang='lat' dir='ltr'><strong>conecplionctn</strong></span> <span class='ocrx_word' id='word_1_597' title='bbox 1757 2055 1817 2081; x_wconf 78' lang='lat' dir='ltr'><strong>per-</strong></span> 
     </span>
    </p>
   </div>
   <div class='ocr_carea' id='block_1_96' title="bbox 1032 2093 1816 2130">
    <p class='ocr_par' dir='ltr' id='par_1_96' title="bbox 1032 2093 1816 2130">
     <span class='ocr_line' id='line_1_96' title="bbox 1032 2093 1816 2130; baseline -0.004 -9"><span class='ocrx_word' id='word_1_598' title='bbox 1032 2094 1154 2130; x_wconf 78' lang='lat' dir='ltr'><strong>egrinam</strong></span> <span class='ocrx_word' id='word_1_599' title='bbox 1180 2093 1279 2120; x_wconf 79' lang='lat' dir='ltr'><strong>:1tnde</strong></span> <span class='ocrx_word' id='word_1_600' title='bbox 1302 2098 1327 2120; x_wconf 88' lang='lat' dir='ltr'><strong>te</strong></span> <span class='ocrx_word' id='word_1_601' title='bbox 1354 2093 1498 2120; x_wconf 84' lang='lat' dir='ltr'><strong>laudamus</strong></span> <span class='ocrx_word' id='word_1_602' title='bbox 1526 2093 1553 2120; x_wconf 94' lang='lat' dir='ltr'><strong>in</strong></span> <span class='ocrx_word' id='word_1_603' title='bbox 1590 2093 1681 2119; x_wconf 86' lang='lat' dir='ltr'><strong>omnia</strong></span> <span class='ocrx_word' id='word_1_604' title='bbox 1706 2093 1816 2119; x_wconf 75' lang='lat' dir='ltr'><strong>sa-cula.</strong></span> 
     </span>
    </p>
   </div>
   <div class='ocr_carea' id='block_1_97' title="bbox 1070 2137 1816 2172">
    <p class='ocr_par' dir='ltr' id='par_1_97' title="bbox 1070 2137 1816 2172">
     <span class='ocr_line' id='line_1_97' title="bbox 1070 2137 1816 2172; baseline -0.004 -6"><span class='ocrx_word' id='word_1_605' title='bbox 1070 2139 1149 2167; x_wconf 86' lang='lat' dir='ltr'><strong>Ulnis</strong></span> <span class='ocrx_word' id='word_1_606' title='bbox 1175 2138 1228 2166; x_wconf 87' lang='lat' dir='ltr'><strong>tuis</strong></span> <span class='ocrx_word' id='word_1_607' title='bbox 1241 2138 1379 2165; x_wconf 88' lang='lat' dir='ltr'><strong>Christum</strong></span> <span class='ocrx_word' id='word_1_608' title='bbox 1394 2142 1498 2172; x_wconf 80' lang='lat' dir='ltr'><strong>portas.</strong></span> <span class='ocrx_word' id='word_1_609' title='bbox 1515 2143 1612 2165; x_wconf 84' lang='lat' dir='ltr'><strong>ocasta</strong></span> <span class='ocrx_word' id='word_1_610' title='bbox 1627 2137 1707 2172; x_wconf 79' lang='lat' dir='ltr'><strong>Virgo</strong></span> <span class='ocrx_word' id='word_1_611' title='bbox 1723 2137 1816 2169; x_wconf 85' lang='lat' dir='ltr'><strong>Mater,</strong></span> 
     </span>
    </p>
   </div>
   <div class='ocr_carea' id='block_1_98' title="bbox 1037 2178 1817 2220">
    <p class='ocr_par' dir='ltr' id='par_1_98' title="bbox 1037 2178 1817 2220">
     <span class='ocr_line' id='line_1_98' title="bbox 1037 2178 1817 2220; baseline -0.004 -8"><span class='ocrx_word' id='word_1_612' title='bbox 1037 2185 1085 2220; x_wconf 87' lang='lat' dir='ltr'><strong>qui</strong></span> <span class='ocrx_word' id='word_1_613' title='bbox 1109 2178 1193 2212; x_wconf 83' lang='lat' dir='ltr'><strong>manu</strong></span> <span class='ocrx_word' id='word_1_614' title='bbox 1216 2192 1265 2211; x_wconf 87' lang='lat' dir='ltr'><strong>sua</strong></span> <span class='ocrx_word' id='word_1_615' title='bbox 1286 2184 1407 2211; x_wconf 89' lang='lat' dir='ltr'><strong>continet</strong></span> <span class='ocrx_word' id='word_1_616' title='bbox 1433 2191 1464 2210; x_wconf 86' lang='lat' dir='ltr'><strong>ac</strong></span> <span class='ocrx_word' id='word_1_617' title='bbox 1489 2184 1557 2218; x_wconf 76' lang='lat' dir='ltr'><strong>regit</strong></span> <span class='ocrx_word' id='word_1_618' title='bbox 1584 2191 1692 2211; x_wconf 87' lang='lat' dir='ltr'><strong>omnem</strong></span> <span class='ocrx_word' id='word_1_619' title='bbox 1724 2184 1817 2210; x_wconf 85' lang='lat' dir='ltr'><strong>orbem</strong></span> 
     </span>
    </p>
   </div>
   <div class='ocr_carea' id='block_1_99' title="bbox 1038 2229 1821 2264">
    <p class='ocr_par' dir='ltr' id='par_1_99' title="bbox 1038 2229 1821 2264">
     <span class='ocr_line' id='line_1_99' title="bbox 1038 2229 1821 2264; baseline -0.004 -7"><span class='ocrx_word' id='word_1_620' title='bbox 1038 2235 1185 2258; x_wconf 83' lang='lat' dir='ltr'><strong>terrarum.</strong></span> <span class='ocrx_word' id='word_1_621' title='bbox 1207 2230 1336 2257; x_wconf 84' lang='lat' dir='ltr'><strong>Eumdcm</strong></span> <span class='ocrx_word' id='word_1_622' title='bbox 1369 2233 1498 2264; x_wconf 88' lang='lat' dir='ltr'><strong>tanquam</strong></span> <span class='ocrx_word' id='word_1_623' title='bbox 1529 2229 1625 2256; x_wconf 80' lang='lat' dir='ltr'><strong>Filium</strong></span> <span class='ocrx_word' id='word_1_624' title='bbox 1653 2234 1679 2256; x_wconf 81' lang='lat' dir='ltr'><strong>et</strong></span> <span class='ocrx_word' id='word_1_625' title='bbox 1709 2229 1821 2256; x_wconf 81' lang='lat' dir='ltr'><strong>Creato-</strong></span> 
     </span>
    </p>
   </div>
   <div class='ocr_carea' id='block_1_100' title="bbox 1037 2275 1820 2311">
    <p class='ocr_par' dir='ltr' id='par_1_100' title="bbox 1037 2275 1820 2311">
     <span class='ocr_line' id='line_1_100' title="bbox 1037 2275 1820 2311; baseline -0.005 -7"><span class='ocrx_word' id='word_1_626' title='bbox 1037 2284 1095 2304; x_wconf 89' lang='lat' dir='ltr'><strong>rem</strong></span> <span class='ocrx_word' id='word_1_627' title='bbox 1119 2280 1195 2303; x_wconf 92' lang='lat' dir='ltr'><strong>tuum</strong></span> <span class='ocrx_word' id='word_1_628' title='bbox 1210 2276 1355 2310; x_wconf 83' lang='lat' dir='ltr'><strong>deprecare</strong></span> <span class='ocrx_word' id='word_1_629' title='bbox 1371 2282 1421 2311; x_wconf 87' lang='lat' dir='ltr'><strong>pro</strong></span> <span class='ocrx_word' id='word_1_630' title='bbox 1435 2275 1523 2303; x_wconf 88' lang='lat' dir='ltr'><strong>salute</strong></span> <span class='ocrx_word' id='word_1_631' title='bbox 1546 2275 1699 2302; x_wconf 88' lang='lat' dir='ltr'><strong>anitnarum</strong></span> <span class='ocrx_word' id='word_1_632' title='bbox 1718 2275 1820 2301; x_wconf 84' lang='lat' dir='ltr'><strong>collau-</strong></span> 
     </span>
    </p>
   </div>
   <div class='ocr_carea' id='block_1_101' title="bbox 1036 2321 1209 2350">
    <p class='ocr_par' dir='ltr' id='par_1_101' title="bbox 1036 2321 1209 2350">
     <span class='ocr_line' id='line_1_101' title="bbox 1036 2321 1209 2350; baseline -0.012 0"><span class='ocrx_word' id='word_1_633' title='bbox 1036 2321 1158 2350; x_wconf 87' lang='lat' dir='ltr'><strong>dantiutn</strong></span> <span class='ocrx_word' id='word_1_634' title='bbox 1173 2326 1209 2348; x_wconf 90' lang='lat' dir='ltr'><strong>te.</strong></span> 
     </span>
    </p>
   </div>
   <div class='ocr_carea' id='block_1_102' title="bbox 1036 2382 1820 2421">
    <p class='ocr_par' dir='ltr' id='par_1_102' title="bbox 1036 2382 1820 2421">
     <span class='ocr_line' id='line_1_102' title="bbox 1036 2382 1820 2421; baseline -0.001 -10"><span class='ocrx_word' id='word_1_635' title='bbox 1036 2385 1093 2421; x_wconf 61' lang='grc' dir='ltr'><strong>δή,</strong></span> <span class='ocrx_word' id='word_1_636' title='bbox 1110 2385 1151 2411; x_wconf 74' lang='lat' dir='ltr'><strong>Ex</strong></span> <span class='ocrx_word' id='word_1_637' title='bbox 1161 2384 1264 2413; x_wconf 76' lang='lat' dir='ltr'><strong>Cottone</strong></span> <span class='ocrx_word' id='word_1_638' title='bbox 1281 2385 1310 2411; x_wconf 76' lang='lat' dir='ltr'><strong>in</strong></span> <span class='ocrx_word' id='word_1_639' title='bbox 1322 2383 1353 2412; x_wconf 90' lang='lat' dir='ltr'><strong>S.</strong></span> <span class='ocrx_word' id='word_1_640' title='bbox 1367 2383 1537 2419; x_wconf 80' lang='lat' dir='ltr'><strong>Archippum,</strong></span> <span class='ocrx_word' id='word_1_641' title='bbox 1553 2383 1711 2418; x_wconf 76' lang='lat' dir='ltr'><strong>apostolum,</strong></span> <span class='ocrx_word' id='word_1_642' title='bbox 1722 2383 1764 2410; x_wconf 78' lang='lat' dir='ltr'><strong>die</strong></span> <span class='ocrx_word' id='word_1_643' title='bbox 1779 2382 1820 2410; x_wconf 67' lang='lat'><strong>19.</strong></span> 
     </span>
    </p>
   </div>
   <div class='ocr_carea' id='block_1_103' title="bbox 1077 2470 1822 2506">
    <p class='ocr_par' dir='ltr' id='par_1_103' title="bbox 1077 2470 1822 2506">
     <span class='ocr_line' id='line_1_103' title="bbox 1077 2470 1822 2506; baseline -0.001 -9"><span class='ocrx_word' id='word_1_644' title='bbox 1077 2470 1206 2498; x_wconf 80' lang='lat' dir='ltr'><strong>Vitlentcs</strong></span> <span class='ocrx_word' id='word_1_645' title='bbox 1219 2470 1304 2497; x_wconf 87' lang='lat' dir='ltr'><strong>divini</strong></span> <span class='ocrx_word' id='word_1_646' title='bbox 1328 2470 1404 2504; x_wconf 88' lang='lat' dir='ltr'><strong>loqui</strong></span> <span class='ocrx_word' id='word_1_647' title='bbox 1419 2475 1496 2498; x_wconf 79' lang='lat' dir='ltr'><strong>vales</strong></span> <span class='ocrx_word' id='word_1_648' title='bbox 1511 2479 1525 2497; x_wconf 86' lang='lat' dir='ltr'><strong>a</strong></span> <span class='ocrx_word' id='word_1_649' title='bbox 1551 2471 1629 2506; x_wconf 76' lang='lat' dir='ltr'><strong>longe</strong></span> <span class='ocrx_word' id='word_1_650' title='bbox 1653 2471 1822 2505; x_wconf 69' lang='lat' dir='ltr'><strong>propheticis</strong></span> 
     </span>
    </p>
   </div>
   <div class='ocr_carea' id='block_1_104' title="bbox 1038 2516 1822 2551">
    <p class='ocr_par' dir='ltr' id='par_1_104' title="bbox 1038 2516 1822 2551">
     <span class='ocr_line' id='line_1_104' title="bbox 1038 2516 1822 2551; baseline -0.004 -7"><span class='ocrx_word' id='word_1_651' title='bbox 1038 2516 1126 2544; x_wconf 88' lang='lat' dir='ltr'><strong>oculis</strong></span> <span class='ocrx_word' id='word_1_652' title='bbox 1142 2516 1314 2543; x_wconf 76' lang='lat' dir='ltr'><strong>formidabile</strong></span> <span class='ocrx_word' id='word_1_653' title='bbox 1327 2520 1409 2551; x_wconf 82' lang='lat' dir='ltr'><strong>atque</strong></span> <span class='ocrx_word' id='word_1_654' title='bbox 1428 2516 1563 2544; x_wconf 80' lang='lat' dir='ltr'><strong>inclTabile</strong></span> <span class='ocrx_word' id='word_1_655' title='bbox 1576 2521 1670 2551; x_wconf 83' lang='lat' dir='ltr'><strong>partus</strong></span> <span class='ocrx_word' id='word_1_656' title='bbox 1685 2517 1723 2544; x_wconf 89' lang='lat' dir='ltr'><strong>tui</strong></span> <span class='ocrx_word' id='word_1_657' title='bbox 1737 2516 1822 2544; x_wconf 79' lang='lat' dir='ltr'><strong>divini</strong></span> 
     </span>
    </p>
   </div>
   <div class='ocr_carea' id='block_1_105' title="bbox 1040 2604 1821 2639">
    <p class='ocr_par' dir='ltr' id='par_1_105' title="bbox 1040 2604 1821 2639">
     <span class='ocr_line' id='line_1_105' title="bbox 1040 2604 1821 2639; baseline 0 -8"><span class='ocrx_word' id='word_1_658' title='bbox 1040 2612 1094 2631; x_wconf 89' lang='lat' dir='ltr'><strong>non</strong></span> <span class='ocrx_word' id='word_1_659' title='bbox 1121 2608 1274 2639; x_wconf 86' lang='lat' dir='ltr'><strong>penetraret</strong></span> <span class='ocrx_word' id='word_1_660' title='bbox 1298 2604 1331 2631; x_wconf 85' lang='lat' dir='ltr'><strong>ad</strong></span> <span class='ocrx_word' id='word_1_661' title='bbox 1357 2612 1416 2632; x_wconf 80' lang='lat' dir='ltr'><strong>eam</strong></span> <span class='ocrx_word' id='word_1_662' title='bbox 1444 2605 1518 2633; x_wconf 86' lang='lat' dir='ltr'><strong>labes</strong></span> <span class='ocrx_word' id='word_1_663' title='bbox 1544 2606 1595 2633; x_wconf 86' lang='lat' dir='ltr'><strong>ista</strong></span> <span class='ocrx_word' id='word_1_664' title='bbox 1626 2605 1821 2637; x_wconf 82' lang='lat' dir='ltr'><strong>eonnaturalis,</strong></span> 
     </span>
    </p>
   </div>
   <div class='ocr_carea' id='block_1_106' title="bbox 1040 2639 1823 2675">
    <p class='ocr_par' dir='ltr' id='par_1_106' title="bbox 1040 2639 1823 2675">
     <span class='ocr_line' id='line_1_106' title="bbox 1040 2639 1823 2675; baseline -0.001 -9"><span class='ocrx_word' id='word_1_665' title='bbox 1040 2640 1151 2674; x_wconf 73' lang='lat' dir='ltr'><strong>quando</strong></span> <span class='ocrx_word' id='word_1_666' title='bbox 1164 2647 1264 2675; x_wconf 87' lang='lat' dir='ltr'><strong>corptts</strong></span> <span class='ocrx_word' id='word_1_667' title='bbox 1278 2640 1367 2667; x_wconf 73' lang='lat' dir='ltr'><strong>elllatu</strong></span> <span class='ocrx_word' id='word_1_668' title='bbox 1386 2639 1503 2674; x_wconf 83' lang='lat' dir='ltr'><strong>Spiritus</strong></span> <span class='ocrx_word' id='word_1_669' title='bbox 1517 2647 1705 2668; x_wconf 84' lang='lat' dir='ltr'><strong>consecratum</strong></span> <span class='ocrx_word' id='word_1_670' title='bbox 1728 2647 1823 2675; x_wconf 50' lang='lat' dir='ltr'><strong>suscef</strong></span> 
     </span>
    </p>
   </div>
   <div class='ocr_carea' id='block_1_107' title="bbox 1038 2674 1822 2710">
    <p class='ocr_par' dir='ltr' id='par_1_107' title="bbox 1038 2674 1822 2710">
     <span class='ocr_line' id='line_1_107' title="bbox 1038 2674 1822 2710; baseline 0 -10"><span class='ocrx_word' id='word_1_671' title='bbox 1038 2676 1078 2709; x_wconf 86' lang='lat' dir='ltr'><strong>pit</strong></span> <span class='ocrx_word' id='word_1_672' title='bbox 1093 2674 1219 2701; x_wconf 75' lang='lat' dir='ltr'><strong>animam</strong></span> <span class='ocrx_word' id='word_1_673' title='bbox 1236 2676 1261 2702; x_wconf 93' lang='lat' dir='ltr'><strong>in</strong></span> <span class='ocrx_word' id='word_1_674' title='bbox 1286 2676 1452 2709; x_wconf 84' lang='lat' dir='ltr'><strong>plenitudine</strong></span> <span class='ocrx_word' id='word_1_675' title='bbox 1475 2677 1568 2710; x_wconf 63' lang='lat' dir='ltr'><strong>gratiae</strong></span> <span class='ocrx_word' id='word_1_676' title='bbox 1591 2682 1708 2703; x_wconf 85' lang='lat' dir='ltr'><strong>creatam</strong></span> <span class='ocrx_word' id='word_1_677' title='bbox 1726 2683 1733 2701; x_wconf 85' lang='lat'>:</span> <span class='ocrx_word' id='word_1_678' title='bbox 1750 2674 1822 2708; x_wconf 89' lang='lat' dir='ltr'><strong>quod</strong></span> 
     </span>
    </p>
   </div>
   <div class='ocr_carea' id='block_1_108' title="bbox 1040 2710 1823 2744">
    <p class='ocr_par' dir='ltr' id='par_1_108' title="bbox 1040 2710 1823 2744">
     <span class='ocr_line' id='line_1_108' title="bbox 1040 2710 1823 2744; baseline -0.003 -8"><span class='ocrx_word' id='word_1_679' title='bbox 1040 2710 1106 2736; x_wconf 94' lang='lat' dir='ltr'><strong>citra</strong></span> <span class='ocrx_word' id='word_1_680' title='bbox 1125 2710 1311 2737; x_wconf 85' lang='lat' dir='ltr'><strong>alterationem</strong></span> <span class='ocrx_word' id='word_1_681' title='bbox 1323 2711 1410 2744; x_wconf 89' lang='lat' dir='ltr'><strong>potuit</strong></span> <span class='ocrx_word' id='word_1_682' title='bbox 1423 2710 1493 2738; x_wconf 83' lang='lat' dir='ltr'><strong>Deus</strong></span> <span class='ocrx_word' id='word_1_683' title='bbox 1508 2711 1606 2741; x_wconf 80' lang='lat' dir='ltr'><strong>facere.</strong></span> <span class='ocrx_word' id='word_1_684' title='bbox 1625 2717 1651 2736; x_wconf 90' lang='lat' dir='ltr'><strong>et</strong></span> <span class='ocrx_word' id='word_1_685' title='bbox 1666 2710 1739 2741; x_wconf 77' lang='lat' dir='ltr'><strong>fecit,</strong></span> <span class='ocrx_word' id='word_1_686' title='bbox 1755 2710 1823 2744; x_wconf 82' lang='lat' dir='ltr'><strong>alio-</strong></span> 
     </span>
    </p>
   </div>
   <div class='ocr_carea' id='block_1_109' title="bbox 1039 2743 1824 2779">
    <p class='ocr_par' dir='ltr' id='par_1_109' title="bbox 1039 2743 1824 2779">
     <span class='ocr_line' id='line_1_109' title="bbox 1039 2743 1824 2779; baseline -0.001 -9"><span class='ocrx_word' id='word_1_687' title='bbox 1039 2744 1105 2779; x_wconf 91' lang='lat' dir='ltr'><strong>quin</strong></span> <span class='ocrx_word' id='word_1_688' title='bbox 1126 2752 1178 2771; x_wconf 91' lang='lat' dir='ltr'><strong>non</strong></span> <span class='ocrx_word' id='word_1_689' title='bbox 1205 2750 1309 2772; x_wconf 89' lang='lat' dir='ltr'><strong>tanttttn</strong></span> <span class='ocrx_word' id='word_1_690' title='bbox 1324 2743 1494 2774; x_wconf 20' lang='lat' dir='ltr'><strong>ihonorasset</strong></span> <span class='ocrx_word' id='word_1_691' title='bbox 1510 2745 1589 2772; x_wconf 81' lang='lat' dir='ltr'><strong>Pater</strong></span> <span class='ocrx_word' id='word_1_692' title='bbox 1603 2745 1709 2777; x_wconf 81' lang='lat' dir='ltr'><strong>Filium,</strong></span> <span class='ocrx_word' id='word_1_693' title='bbox 1728 2744 1750 2770; x_wconf 84' lang='lat' dir='ltr'><strong>si</strong></span> <span class='ocrx_word' id='word_1_694' title='bbox 1767 2743 1824 2770; x_wconf 84' lang='lat' dir='ltr'><strong>Ma-</strong></span> 
     </span>
    </p>
   </div>
   <div class='ocr_carea' id='block_1_110' title="bbox 1040 2780 1824 2815">
    <p class='ocr_par' dir='ltr' id='par_1_110' title="bbox 1040 2780 1824 2815">
     <span class='ocr_line' id='line_1_110' title="bbox 1040 2780 1824 2815; baseline 0.001 -10"><span class='ocrx_word' id='word_1_695' title='bbox 1040 2784 1108 2806; x_wconf 89' lang='lat' dir='ltr'><strong>trem</strong></span> <span class='ocrx_word' id='word_1_696' title='bbox 1139 2780 1284 2815; x_wconf 74' lang='lat' dir='ltr'><strong>aliquando</strong></span> <span class='ocrx_word' id='word_1_697' title='bbox 1319 2780 1437 2809; x_wconf 69' lang='lat' dir='ltr'><strong>infamiae</strong></span> <span class='ocrx_word' id='word_1_698' title='bbox 1468 2781 1568 2808; x_wconf 88' lang='lat' dir='ltr'><strong>malum</strong></span> <span class='ocrx_word' id='word_1_699' title='bbox 1588 2780 1704 2808; x_wconf 83' lang='lat' dir='ltr'><strong>subiisse</strong></span> <span class='ocrx_word' id='word_1_700' title='bbox 1726 2786 1824 2815; x_wconf 81' lang='lat' dir='ltr'><strong>passus</strong></span> 
     </span>
    </p>
   </div>
   <div class='ocr_carea' id='block_1_111' title="bbox 1040 2820 1290 2842">
    <p class='ocr_par' dir='ltr' id='par_1_111' title="bbox 1040 2820 1290 2842">
     <span class='ocr_line' id='line_1_111' title="bbox 1040 2820 1290 2842; baseline -0.016 0"><span class='ocrx_word' id='word_1_701' title='bbox 1040 2820 1120 2842; x_wconf 63' lang='lat' dir='ltr'><strong>esset.</strong></span> <span class='ocrx_word' id='word_1_702' title='bbox 1247 2823 1258 2830; x_wconf 53' lang='grc' dir='ltr'><strong>ε</strong></span> <span class='ocrx_word' id='word_1_703' title='bbox 1284 2831 1290 2838; x_wconf 66' lang='grc' dir='ltr'><strong>ι</strong></span> 
     </span>
    </p>
   </div>
  </div>
