2077 3157
235 149 299 182 1065

948 145 1129 178 MARIALE.

1781 141 1848 172 10(6

231 207 367 241 ἄφραστον
379 203 428 240 τῆς
442 204 544 240 σεπτῆς
557 204 666 241 λοχείας
679 213 729 232 σου
747 206 796 241 τῆς
817 204 912 239 ἁγνῆς,
927 212 1014 231 ποικι-

1074 204 1160 228 mrtus
1192 197 1230 226 tui
1252 197 1414 226 venerabilis
1440 201 1466 224 et
1497 195 1584 229 casti;
1600 202 1648 231 per
1666 195 1757 224 varias
1783 197 1852 231 ligu-

231 252 370 287 λοτρόπως
383 252 420 284 ὡς
438 251 590 287 ἐχώρησαν,
608 251 688 279 τοῦτο
702 252 898 287 προήγγειλαν.

271 338 399 373 ’Δγίασον
425 338 475 374 τὴν
499 338 588 375 ψυχήν
614 348 675 374 μου,
691 339 855 375 Παρθένε,ὴ
878 339 922 366 τὸν
938 338 1015 373 ἆγιον

230 384 357 420 κυήσασα
384 384 480 418 Λόγον,
497 384 542 411 τὸν
566 384 673 420 ἀληθῶς
700 385 729 412 έν
746 385 845 419 ἁγίοις,
863 384 900 415 ὡς
925 384 1014 419 Θέμις,

231 428 441 464 ἀναπαυόμενον
460 429 541 464 μόνον
561 430 627 457 Θεὸν
644 430 733 467 ἡμῶν,
748 432 795 458 καὶ
820 431 892 458 δίδου
908 439 953 466 μοι
979 430 1016 462 ὡς

230 475 339 511 ἀληθῶς
356 476 530 510 κατανύξεως
541 477 671 514 ὄμϐρους,
693 479 856 514 πανάμωμε.

267 521 318 548 Σοῦ
343 523 392 557 τὴν
406 523 488 556 νηδὺν
514 523 552 558 μὴ
576 524 748 558 καταφλέξαν
765 526 815 560 τῆς
839 518 967 559 θεότητος
986 523 1016 550 τὸ

233 568 299 604 πῦρ,
321 568 541 605 παρθενομῆτορ,
555 569 729 605 σωματοῦται
746 571 778 598 ἐκ
794 570 840 597 σοῦ
858 571 892 598 τὰ
912 570 1018 606 πέρατα

232 614 358 649 φωτίζων
383 616 443 647 ταῖς
470 615 576 648 θεῖκαῖς
601 616 777 653 λαμπρότησι
792 617 858 645 ’διὰ
883 616 961 643 τοῦτό
987 624 1016 642 σε

232 660 381 695 ὑμνοῦμεν.

274 707 303 734 '0
323 707 450 743 βουλήσει
480 708 568 735 πάντα
588 708 717 741 ἐκτελῶν,
729 708 885 744 πανάμωμε
904 707 1018 742 εὐλογη-

235 754 315 789 μένη,
332 753 473 789 βουληθεὶς
488 754 535 782 καὶ
553 755 660 790 μήτραν
679 755 728 790 τὴν
749 754 797 790 σὴν
814 754 1016 789 κατεσκήνωσε.

234 801 281 827 καὶ
293 800 362 836 σὰρξ
375 799 482 836 ὡράθη,
498 801 546 828 καὶ
560 800 662 827 ὲθέωσέ
687 809 721 836 με
747 801 887 836 φθαρέντα
903 800 933 826 τὸ
949 799 1017 834 πρό-

233 854 312 881 τερον
331 845 378 873 τοῦ
387 846 547 879 ἁπατεῶνος
565 847 682 882 κακίστη
700 846 862 882 συμϐουλίᾳ.

1066 254 1127 278 ras.
1147 243 1378 281 quemadmodum
1409 250 1507 278 capere
1534 247 1695 277 potuerant,
1723 250 1852 277 prauum-

1066 293 1203 321 tiaverunt
1216 291 1293 318 illud.

1102 338 1247 366 Sanetilica
1262 336 1382 364 animam
1395 343 1495 368 meam,
1509 343 1526 362 ο
1540 335 1633 370 Virgo,
1646 342 1708 369 quze
1723 339 1850 363 sanetum

1068 385 1187 412 Verbum
1201 383 1333 419 genuisti,
1349 382 1421 417 quod
1436 382 1463 408 in
1475 381 1577 409 sanctis
1585 382 1652 414 suis,
1669 381 1856 416 sicutazquum

1067 436 1118 463 cst,
1137 430 1295 464 requiescit,
1307 429 1418 456 unicum
1438 428 1523 455 Deum
1542 432 1721 461 nostrum;ct
1740 427 1773 455 da
1791 428 1856 454 mihi

1068 484 1140 504 verae
1163 474 1384 511 compunrtionis
1418 474 1529 505 imbres,
1552 481 1569 501 o
1591 473 1856 501 immaculatiSsimn.

1103 522 1176 559 Ignis
1195 522 1316 554 deitatis,
1338 521 1384 556 qui
1409 521 1553 548 universos
1566 525 1645 548 terra:
1670 520 1738 547 ﬁncs
1759 520 1859 547 divinis

1068 566 1415 603 splendoribusilluminat,
1433 573 1466 592 ex
1483 571 1561 592 utero
1581 569 1628 592 tuo
1655 572 1756 598 corpus
1777 572 1857 591 acre-

1068 614 1117 649 pit,
1135 621 1184 642 nec
1207 618 1297 642 tamen
1315 613 1392 640 illum
1421 612 1574 640 combussit
1601 621 1607 639 :
1635 616 1778 646 propterea
1792 616 1826 644 te,
1843 619 1860 638 ο

1071 660 1154 695 Virgo
1163 660 1259 691 Mater,
1275 659 1474 688 collaudamus.

1105 706 1157 740 Qui
1189 706 1330 734 voluntate
1348 713 1397 733 sua
1421 704 1537 740 perfecit
1558 705 1698 737 universa,
1726 704 1753 731 in
1783 709 1860 731 utero

1070 755 1128 784 tuo,
1159 759 1176 779 o
1201 756 1256 780 tota
1277 751 1454 779 immaculata
1477 758 1510 778 ac
1531 751 1687 782 benedicta,
1709 750 1860 778 voluntarie

1070 798 1213 831 habitavit,
1241 803 1268 826 et
1281 805 1345 825 caro
1362 797 1450 826 factus
1465 802 1517 831 est,
1532 804 1628 832 meque
1642 796 1718 832 prius
1743 797 1860 832 pessimo

1070 844 1221 880 deceptoris
1239 844 1355 872 consilio
1369 836 1556 878 depravatum,
1572 842 1716 870 deiﬁcavit.

268 879 374 927 δρίττω
395 901 454 925 σου,
473 892 537 928 μόνε
557 879 682 928 βασιλεῦ,
694 879 743 928 τὴν
762 879 893 927 δευτέραν
915 900 1019 928 παρου-

1107 879 1250 922 Formido,
1284 898 1301 917 o
1326 889 1383 917 Rex
1415 890 1507 922 unice,
1537 888 1687 917 secundum
1715 888 1861 916 adt-cntum

235 937 295 964 σίαν
309 937 355 964 καὶ
367 937 485 970 δέδοικα,
512 938 621 974 ἄμετρα
649 937 766 969 πταίσας
795 946 847 971 σοι,
863 937 910 964 καὶ
935 946 1021 973 μετα-

234 983 333 1018 γνώσει
347 983 386 1019 μὴ
409 983 598 1020 βελτιούμενος
612 992 619 999 ·
637 983 696 1011 ἀλλ’
715 984 753 1015 ὡς
774 983 906 1019 ὑπάρχων
918 983 1021 1017 ἀγαθὸς

234 1028 410 1064 ὲπίστρεψον,
431 1028 519 1056 σῶσόν
535 1037 586 1064 με,
601 1029 652 1064 ⁸τῆς
675 1029 817 1065 κυησάσης
840 1037 870 1056 σε
894 1029 1021 1056 εὐποσδέ-

235 1082 322 1108 κτοις,
341 1075 441 1110 Ἰησοῦ,
450 1075 649 1111 παρακλήσεσι.

241 1173 288 1201 Ἐκ
302 1173 357 1202 τοῦ
378 1174 507 1207 κανόνος
530 1176 573 1208 εις
588 1175 642 1211 τὸν
665 1176 752 1210 ἅγιον
770 1177 938 1211 Πορφύριον
955 1177 1015 1204 έπιι

415 1217 534 1237 σκοπον
543 1210 640 1245 Γάζης
657 1211 752 1245 ἡμέρᾳ
773 1212 829 1243 κς¹.

271 1256 395 1291 Ὀμϐρον
418 1255 596 1292 είσδεξαμένη
616 1256 664 1283 σοῦ
681 1257 709 1283 ὲν
725 1259 758 1293 τῇ
779 1257 856 1293 νηδύϊ
874 1258 918 1285 τὸν
938 1259 1021 1294 οὐρά-

236 1310 304 1334 νιον,
321 1301 588 1338 Θεοτόκε,Παρθέν,ε,
601 1303 737 1339 ἁμαρτίας
753 1304 815 1336 τοὺς
830 1303 949 1340 ὄμϐρους
961 1305 1023 1341 ἐξή-

237 1356 331 1383 ρανας.

279 1392 373 1420 Ῥὗσαί
392 1401 425 1428 με
437 1393 597 1429 πρεσϐείαις
616 1402 664 1420 σου
679 1394 734 1421 τῶν
747 1394 793 1421 τοῦ
810 1395 908 1431 ἐχθροῦ
925 1396 1022 1430 βελῶν,

236 1439 365 1475 ἄχραντε,
383 1439 431 1466 καὶ
440 1439 578 1475 λογισμῶν
592 1439 647 1468 τῶν
659 1440 890 1475 έπιεμὸαινόντων
906 1442 1023 1477 ἀφειδῶς

236 1487 269 1521 τῇ
283 1486 381 1521 καρδίᾳ
392 1494 454 1520 μου.

270 1531 454 1567 Νεκρωοέντα
477 1539 522 1564 με,
539 1531 672 1566 πάναγνε,
688 1532 768 1559 πάλιν
794 1532 966 1567 ἀνεζώωσας,
984 1534 1022 1565 ὠς

235 1576 362 1611 κυήσασα
378 1576 426 1612 τὴν
443 1577 516 1612 ζωὴν
533 1575 582 1613 τὴν
604 1577 797 1612 ὲνυπόστατον,
819 1578 864 1605 τὸν
881 1578 945 1605 Υἱὸν
974 1580 1021 1606 καὶ

236 1622 324 1656 Λόγον
335 1622 382 1649 τοῦ
397 1623 570 1659 Γεννήτορος.

271 1668 366 1704 Μάνην
384 1669 485 1703 γενεῶν
499 1670 530 1696 ὲκ
544 1669 640 1696 πασῶν
654 1679 683 1696 σε
693 1670 834 1703 ἐξελέξατο
844 1672 858 1698 ὁ
869 1671 1022 1708 πλαστουρ-

237 1714 296 1748 γὸς,
312 1715 359 1741 καὶ
376 1715 540 1742 ἀναπλάττει
559 1716 633 1751 ἡμᾶς
658 1717 686 1743 ἐν
702 1716 744 1743 σοὶ
769 1717 893 1753 οῑκήσας,
909 1718 1023 1746 Θεοτόκε

244 1760 430 1797 Ἀειπάρθενε.

272 1807 463 1843 Νεκρούμενον
489 1808 537 1835 καὶ
562 1809 651 1845 φθορᾷ
670 1810 827 1846 ὑπαχθέντα
842 1811 888 1838 τὸν
916 1811 1024 1847 πρωτό-

237 1853 367 1887 πλαστον,
388 1853 510 1890 Παρθένε
526 1855 632 1891 Μαρία,
647 1856 693 1883 τὸν
712 1857 852 1892 νεκρωτὴν
870 1857 917 1884 τοῦ
942 1858 1024 1885 θανά-

237 1910 285 1928 του
314 1902 443 1933 τεκοῦσα,
464 1903 504 1934 εἰς
533 1902 691 1938 ἀφθαρσίαν
714 1904 880 1939 μετήγαγες,
895 1904 1023 1940 ᾶχραντε,

237 1949 284 1975 καὶ
299 1947 404 1981 ἔδειξας
418 1948 480 1980 τοὺς
505 1950 631 1984 γηγενεῖς
661 1949 813 1986 οὐρανίους,
836 1949 903 1977 Θεὸν
931 1959 1024 1986 σωμα-

237 2002 359 2022 τωσασα.

274 2040 424 2076 οἴκτειρον,
433 2041 520 2068 σῶσόν
533 2049 578 2077 με,
594 2041 728 2077 Παρθένε,
744 2041 790 2069 τὸν
806 2043 966 2078 οἰκτίρμονα
981 2051 1025 2070 τε-

238 2085 324 2113 κοῦσα
339 2086 404 2113 Θεὸν
419 2086 515 2121 Λόγον,
532 2087 579 2114 καὶ
593 2087 664 2122 φωτὶ
682 2087 722 2123 τῷ
741 2088 771 2114 ἐν
791 2088 833 2114 σοὶ
850 2088 1025 2122 καταὺγασον

239 2132 360 2168 βοῶντα·
379 2132 581 2168 Εὐλογημένος,
600 2133 732 2168 πάναγνε,
747 2135 762 2160 ὸ
786 2135 890 2169 καρπὸς
908 2135 957 2170 τῆς
976 2135 1024 2171 σῆς

239 2178 354 2211 κοιλίας.

1073 943 1161 970 tuum,
1178 941 1205 964 et
1224 936 1319 968 timeo,
1333 943 1395 964 eum
1415 935 1548 963 immensa
1562 938 1674 970 peccata
1692 934 1720 961 in
1734 939 1759 961 te
1783 942 1861 961 com-

1073 982 1206 1015 miserim,
1230 982 1303 1009 nulla
1323 989 1370 1016 per
1395 981 1584 1016 ptenitentiam
1615 979 1686 1007 facta
1707 980 1734 1006 in
1765 980 1862 1007 melius

1073 1029 1238 1056 mutatione.
1256 1027 1310 1055 Sed
1324 1031 1351 1055 tu
1384 1031 1515 1062 tanquam
1531 1027 1586 1062 66
1609 1026 1697 1054 bonus
1722 1032 1862 1059 converte,

1071 1081 1099 1104 et
1120 1076 1195 1103 salva
1222 1082 1277 1108 me,
1293 1082 1310 1102 ο
1328 1074 1403 1107 Josu,
1419 1081 1468 1109 per
1498 1072 1705 1108 acceptissimas
1731 1072 1862 1100 interces-

1072 1123 1165 1150 siones
1187 1121 1327 1159 genitricis
1342 1125 1405 1148 tuze.

1072 1177 1112 1204 EI
1135 1185 1235 1204 canone
1260 1177 1287 1204 in
1297 1175 1325 1203 S.
1343 1175 1519 1237 Ρθνρᾶιᾶγὶἔέι
1534 1175 1683 1210 epistopum
1708 1175 1862 1208 Gazensem,

1111 1259 1132 1284 0
1147 1257 1230 1293 Virgo
1242 1257 1369 1292 Deipara,
1380 1263 1442 1284 cum
1455 1256 1594 1284 caelestem
1611 1256 1724 1283 imbrem
1742 1257 1768 1283 in
1785 1261 1863 1283 utero

1074 1308 1120 1331 tuo
1134 1303 1291 1338 suscepisti,
1307 1302 1411 1338 peccati
1430 1302 1531 1330 imbres
1548 1302 1704 1329 exsiccasti.

1110 1392 1207 1420 Libera
1234 1399 1287 1424 me,
1300 1399 1317 1419 ο
1346 1390 1491 1423 inviolata,
1508 1389 1755 1417 intercessionibus
1772 1390 1826 1417 tuis
1845 1397 1860 1418 α

1072 1440 1173 1475 iaculis
1187 1438 1286 1472 hostis,
1304 1442 1332 1465 et
1348 1444 1363 1465 a
1390 1435 1603 1472 cogitationibus
1621 1436 1722 1471 pravis,
1735 1444 1796 1471 qua:
1820 1437 1861 1464 in-

1074 1490 1179 1513 stanter
1190 1484 1388 1519 superveniunt
1405 1482 1482 1512 cordi
1500 1490 1570 1510 meo.

1111 1530 1151 1558 Me
1169 1534 1308 1558 mortuum
1335 1528 1370 1557 ad
1387 1528 1471 1556 vitam
1496 1528 1642 1561 revocasti,
1657 1536 1674 1557 ο
1697 1528 1864 1558 castissima.

1075 1576 1174 1611 quippe
1188 1583 1250 1610 quae
1258 1575 1339 1602 vitam
1352 1573 1546 1602 subsistentem
1556 1573 1685 1609 genuisti,
1698 1573 1795 1602 Filium
1813 1575 1865 1602 sci-

1075 1623 1139 1650 licet
1153 1629 1184 1649 ac
1203 1621 1319 1648 Verbum
1333 1619 1483 1648 Genitoris.

1110 1668 1147 1695 Te
1162 1667 1260 1698 solam.
1277 1674 1293 1694 ο
1313 1665 1430 1700 Deipara
1456 1672 1565 1700 semper
1591 1665 1682 1701 Virgo,
1698 1674 1730 1694 ex
1755 1667 1864 1695 cunctis

1074 1713 1297 1749 generatimiibus
1309 1711 1391 1747 elegit
1401 1710 1526 1745 Greater,
1538 1717 1565 1740 et
1578 1719 1640 1740 cum
1659 1712 1687 1740 in
1700 1717 1725 1740 te
1744 1713 1866 1741 habitas-

1075 1767 1126 1793 set.
1140 1768 1190 1789 nos
1203 1760 1374 1788 reformavit.

1110 1807 1316 1842 Protoplastum
1344 1810 1496 1838 mortuum,
1517 1810 1544 1833 et
1559 1805 1731 1842 corruptioni
1757 1806 1866 1841 subjec—

1075 1856 1144 1884 tum,
1164 1852 1198 1880 ad
1225 1852 1457 1880 immortalitatem
1481 1852 1659 1884 transtulisti,
1684 1860 1701 1879 ο
1734 1853 1864 1880 inviolata

1077 1896 1160 1932 Virgo
1175 1897 1270 1930 Maria,
1287 1904 1348 1924 cum
1365 1897 1462 1924 mortis
1478 1897 1702 1932 interemptorem
1720 1898 1863 1932 peperisti;

1075 1948 1103 1971 et
1124 1943 1275 1978 terrigenas
1300 1943 1425 1971 caelestes
1448 1943 1598 1977 reddidisti,
1617 1951 1679 1970 cum
1696 1943 1779 1971 Delum
1799 1952 1862 1971 cur-

1076 1995 1109 2023 po
1113 1988 1177 2016 rasti
1182 2008 1190 2015 .
1884 2012 1886 2023 ι

1112 2035 1241 2062 Miserere
1257 2034 1322 2066 mei,
1343 2039 1370 2062 et
1383 2034 1459 2062 salva
1469 2041 1530 2066 ’me,
1546 2042 1563 2062 ο
1587 2033 1681 2070 Virgo,
1698 2042 1758 2069 quae
1774 2034 1857 2063 Deum
1884 2025 1887 2031 ἱ

1078 2081 1198 2109 Verbum
1224 2081 1416 2109 miseratorem
1438 2080 1584 2116 peperisti;
1601 2085 1628 2108 et
1643 2081 1713 2111 luce.
1734 2090 1794 2116 quae
1822 2087 1864 2110 est

1077 2126 1103 2154 in
1125 2130 1161 2158 te,
1177 2125 1301 2154 illumina
1321 2133 1364 2153 me
1385 2126 1549 2154 clamantem
1565 2135 1573 2154 :
1593 2126 1767 2160 Benedictus,
1786 2135 1802 2155 ο
1817 2135 1864 2155 ca-

1077 2172 1209 2206 stissima,
1224 2172 1329 2200 fructus
1340 2173 1443 2200 ventris
1454 2173 1504 2200 tui.

282 2225 326 2257 Ὡς
351 2226 490 2262 ἀνωτέραν
517 2234 547 2252 σε
572 2225 682 2252 πάντων
702 2224 757 2252 τῶν
785 2225 957 2261 ποιημάτων,
977 2226 1021 2253 καὶ

1114 2217 1152 2245 Te
1168 2223 1296 2253 tanquam
1311 2223 1445 2246 creaturis
1470 2218 1598 2246 omnibus
1616 2219 1821 2251 sublimiorem,
1836 2227 1864 2249 et

239 2272 364 2308 οὐρανῶν
397 2272 579 2305 πλατυτέραν,
600 2271 820 2307 παρθενομῆτορ,
844 2271 986 2307 ἠγάπησεν
1011 2273 1025 2300 ὸ

240 2318 296 2350 υἱός
317 2327 374 2350 σου,
389 2318 437 2344 καὶ
449 2318 538 2353 σάρκα
551 2318 582 2344 ἐκ
601 2317 648 2344 σοῦ
671 2317 829 2345 ἀνελάϐετο.

274 2365 368 2392 Φεῖσαί
381 2373 442 2400 μου,
458 2364 560 2400 Σῶτερ,
575 2364 588 2390 ὸ
600 2364 706 2400 τεχθεὶς
725 2364 772 2390 καὶ
786 2363 904 2398 φυλάξας
918 2363 967 2400 τὴν
982 2373 1025 2390 τε-

239 2411 340 2438 κοῦσά-ι
357 2419 386 2437 σε
410 2410 528 2445 ἄφθορον
545 2409 615 2445 μετὰ
631 2410 681 2445 τὴν
698 2409 806 2444 κύησιν,
824 2409 888 2436 ὅταν
911 2409 1026 2446 καθίσῃς

241 2457 335 2493 κρίναι
349 2457 384 2483 τὰ
402 2456 472 2492 ἔργα
488 2465 551 2491 μου,
567 2456 616 2487 τὰς
635 2456 750 2490 ἀνομίας
766 2455 894 2491 παρορῶν
910 2456 957 2482 καὶ
976 2455 1025 2487 τὰς

239 2503 378 2539 ἁμαρτίας
395 2511 458 2538 μου,
476 2502 514 2534 ὡς
531 2501 733 2537 ἀναμάρτητος,
751 2501 874 2536 ἐλεήμων
892 2501 929 2533 ὡς
948 2502 1024 2535 Θεὸς,

239 2551 285 2578 καὶ
309 2549 509 2585 φιλάνθρωπος.

246 2607 295 2634 Ἕκ
310 2607 362 2634 τοῦ
384 2606 516 2636 κανόνος
538 2606 582 2637 εὶς
601 2604 654 2631 τὸν
670 2604 758 2631 ὅσιον
782 2604 951 2637 Προκόπιον
972 2606 1027 2633 τὸν

431 2641 638 2674 Δεκαπολίτην
650 2639 752 2674 ⁸ήμέρᾳ
777 2639 819 2669 κζ’
824 2660 831 2667 .

277 2699 491 2735 Σεσαρκωμένον
501 2698 547 2724 τὸν
561 2697 646 2732 Λόγον
668 2697 828 2732 Θεοπρεπῶς
843 2697 1024 2730 συλλαὸοὖσα,

243 2747 373 2780 πάναγνε,
389 2745 436 2772 τὸν
456 2745 521 2779 πρὶν
534 2744 665 2779 ἄσαρκον,
682 2744 747 2778 ἡμῖν
762 2743 832 2779 ὑπὲρ
850 2743 931 2778 φύσιν
951 2745 1027 2771 τέτο-

241 2801 303 2825 χας,
331 2792 420 2826 ἁγνὴ,
451 2789 521 2825 μετὰ
543 2790 669 2824 γέννησιν
698 2789 830 2825 παρθένος
854 2790 1024 2825 διαμείνασα.

395 2923 523 2952 ΡΑτιιοι..
551 2921 608 2951 Gn.
631 2920 692 2951 CV.

1080 2264 1159 2292 ccelis
1180 2264 1247 2299 ipsis
1275 2264 1413 2297 latiorem,
1433 2264 1530 2292 dilexit
1554 2265 1626 2293 ﬁlius
1649 2270 1722 2298 tuus,
1738 2273 1754 2293 ο
1782 2265 1865 2302 Virgo

1079 2310 1174 2344 Mater,
1191 2314 1217 2338 et
1230 2318 1340 2338 carnem
1358 2311 1477 2346 suscepit
1490 2319 1522 2338 cx
1540 2315 1576 2338 te.
1608 2342 1610 2344 ς

1115 2356 1199 2384 l’arce
1232 2356 1310 2388 mihi,
1343 2357 1478 2390 Salvator,
1498 2357 1544 2392 qui
1567 2361 1667 2390 natus,
1691 2357 1860 2386 Genitriccm

1080 2406 1155 2429 tuam
1175 2407 1237 2438 post
1253 2407 1361 2438 partum
1388 2402 1573 2437 incorruptam
1598 2404 1781 2437 conservasti,
1802 2412 1864 2432 cum

1080 2449 1184 2477 sederis
1196 2454 1225 2476 ut
1238 2449 1344 2484 judices
1360 2448 1443 2484 Opera
1461 2456 1520 2476 mea
1534 2458 1541 2477 :
1558 2449 1736 2478 dissimulans
1762 2451 1864 2486 iniqui-

1081 2501 1151 2523 tates
1167 2504 1253 2528 meas,
1266 2501 1292 2523 et
1307 2500 1418 2530 peccata
1437 2503 1508 2529 mea,
1516 2500 1643 2531 tanquam
1663 2496 1865 2532 impcccabilis;

1082 2543 1239 2570 misericors
1255 2547 1285 2569 ut
1299 2542 1382 2575 Deus,
1395 2546 1422 2569 et
1432 2546 1537 2570 amator
1547 2542 1688 2570 hominut"

1080 2599 1134 2634 67
1163 2598 1204 2625 Ea:
1231 2606 1330 2625 canone
1358 2598 1385 2625 in
1425 2596 1453 2634 S,
1479 2596 1640 2634 Procopium
1662 2597 1864 2631 Decapolilam,

1424 2633 1466 2659 die
1477 2633 1522 2660 27.
1550 2655 1552 2657 ,

1115 2689 1183 2716 Cum
1197 2688 1330 2722 Verbum,
1345 2690 1418 2725 quod
1430 2694 1509 2717 antea
1525 2698 1540 2717 a
1559 2697 1641 2716 carne
1657 2693 1715 2716 erat
1725 2689 1847 2716 immune

1080 2743 1112 2763 cx
1126 2741 1151 2762 te
1168 2735 1352 2768 incarnatum,
1368 2743 1400 2763 eo
1416 2736 1497 2762 modo
1510 2742 1564 2770 quo
1576 2734 1631 2761 Deo
1646 2734 1757 2769 dignum
1772 2741 1804 2762 ac
1819 2735 1866 2761 dc-

1081 2790 1146 2809 ccns
1175 2787 1244 2813 erat.
1268 2783 1451 2816 cor-cepisses,
1468 2789 1485 2809 o
1509 2781 1661 2809 castissima
1681 2781 1772 2815 Virgo,
1787 2781 1867 2809 nobis

1082 2836 1162 2863 supra
1186 2833 1290 2856 natura:
1315 2829 1439 2856 ordinem
1467 2827 1607 2863 pi-pcristi,
1633 2834 1663 2854 ac
1681 2831 1741 2863 post
1757 2832 1874 2863 partutn‘

1083 2876 1157 2910 virgo
1168 2875 1359 2911 perscverasti.

1590 2920 1628 2950 3's
