2077 3157
221 168 288 201 1067

783 171 814 201 8.
835 170 992 201 IOSEPHI
1012 170 1291 202 HYMNOGRAPHI

1772 171 1842 204 1068

254 224 322 260 (54⁸)
339 223 449 251 Naturae
467 223 549 257 leges,
566 222 647 255 Jesus
659 224 705 259 qui
720 229 762 252 est
779 225 850 254 Deus
862 226 937 253 omni
951 225 1070 254 essentia
1083 226 1220 261 superior,
1236 226 1386 260 innovavit,
1402 233 1418 254 ο
1438 225 1472 254 ab
1485 226 1560 254 omni
1576 226 1682 257 macula
1699 227 1841 262 immunis,

219 277 252 297 ex
266 273 343 296 utero
356 272 404 295 tuo
422 272 551 300 exortus;
570 268 617 302 qui
631 267 708 295 solus
720 269 802 296 rebus
822 269 960 298 universis
972 271 1097 298 eoncadit
1113 277 1188 302 esse,
1204 270 1345 298 voluntate
1357 278 1418 298 sua.

254 312 278 340 0
289 316 365 347 porta
377 311 480 346 gratim,
497 319 558 346 quae
570 311 733 340 mortalibus
743 311 877 340 cmlornm
888 317 996 349 portam
1012 313 1142 348 aperuisti
1152 322 1160 347 ;
1170 313 1277 349 patefac
1289 314 1369 347 mihi,
1386 314 1512 345 Domina.
1524 313 1691 350 paenitentia:
1701 319 1803 350 portas,
1816 321 1844 344 et

220 365 235 385 a
251 357 336 393 portis
351 356 448 383 mortis
463 355 548 390 libera
566 363 620 383 me.

254 402 296 429 Ab
310 400 421 435 antiqua
446 399 647 427 maledictionis
674 399 810 427 sententia
838 399 969 435 redempti
1000 407 1048 435 per
1071 404 1182 435 partum
1197 405 1285 432 tuum,
1300 408 1316 428 ο
1343 401 1552 430 inviolatissima
1567 401 1671 434 Puella,
1685 409 1717 429 ac
1747 410 1799 437 per
1817 407 1842 430 te

225 445 334 476 salvati,
351 448 376 470 te
403 442 531 470 laudibus
549 443 719 476 extollimus,
739 442 891 471 clamantes
906 446 932 471 et
947 451 1010 470 cum
1031 443 1084 471 [ide
1099 443 1222 472 dicentes
1243 454 1250 473 :
1266 444 1410 474 Benedicta
1437 450 1477 480 tu,
1493 454 1555 481 qum
1569 445 1652 473 Deum
1668 446 1842 474 incarnatum

224 487 364 524 peperisti.

255 532 382 559 Divinum
397 529 595 565 Prophetarum
610 530 757 566 collegium
787 531 928 566 mysteriis
946 531 1001 560 tuis
1019 538 1128 560 sacrum
1151 533 1178 560 in
1206 541 1312 561 morem
1340 533 1477 561 initiatum
1504 533 1566 567 fuit,
1581 541 1597 561 o
1615 533 1740 569 Deipara,
1759 534 1839 570 longe

220 581 282 603 ante
294 577 433 607 edoctum,
452 579 479 601 et
497 574 572 601 clare
586 581 727 610 exponens
742 574 827 602 divini
842 578 938 609 partus
955 574 994 602 tui
1013 575 1121 605 divinas
1134 577 1345 612 appellationes.

254 620 293 646 Att
312 627 404 646 vocem
419 618 518 653 angeli,
533 618 624 653 magni
642 618 752 645 consilii
769 618 902 653 Angelum
922 617 1062 647 Christum
1087 620 1292 649 Emmanuelem
1321 622 1349 649 in
1377 629 1461 649 carne
1485 621 1630 657 peperisti,
1648 622 1694 656 qui
1717 623 1842 650 homines

221 664 325 698 angelis
342 662 481 697 copulavit
496 671 503 695 ;
521 669 537 689 ο
553 661 637 698 Virgo
652 662 743 697 puella
758 661 816 689 sola
832 661 987 695 benedicta,
1005 663 1064 692 sola
1080 665 1210 693 omnibus
1225 661 1352 694 laudibus
1369 665 1541 699 celebranda,
1555 666 1615 694 sola
1642 673 1724 694 causa
1741 671 1843 694 nostra:

220 707 411 735 dcilicationis.

220 767 262 794 Ea:
289 776 389 796 canone
404 769 430 796 in
451 767 488 809 8ι
500 766 607 794 Patrem
622 771 741 809 nostrum
764 766 925 795 Cassianum
944 775 1000 794 eon-

1066 767 1116 809 ἐκ
1138 766 1194 809 τοᾷ
1205 766 1455 809 καγόνοςιεΖς-ῖὸγ
1465 766 1553 809 amor
1564 766 1680 809 Ιζαςέρα
1693 766 1780 809 ⁸ι’[έιίὶιν
1788 768 1837 795 καί

474 802 610 837 (esserem,
628 802 670 829 dei
685 801 730 830 29.

256 858 337 887 Omni
355 863 480 888 creatura
505 858 606 886 visibili
624 863 706 894 atque
730 858 859 886 invisibili
881 858 1006 893 superior

219 906 378 941 apparuisti,
391 913 407 933 ο
420 909 494 934 easta
509 913 617 940 semper
628 905 725 940 Virgo;
737 905 836 933 etenim
848 905 1004 933 Creatorem

219 951 361 987 prperisti,
377 951 421 978 cui
435 951 566 986 placitum
584 950 637 978 fuit
656 950 795 978 incaruari
815 950 841 977 in
853 954 931 977 utero
947 954 1003 978 tuo.

220 997 350 1025 Eumdem
375 1004 437 1025 cum
461 997 518 1033 68
536 996 635 1024 ﬁducia
651 1004 682 1024 ac
708 996 836 1024 libertate
859 995 1006 1031 deprecare

219 1051 268 1078 pro
286 1044 374 1071 salute
389 1043 544 1071 animarum
559 1048 718 1070 nostrarum

255 1089 337 1122 Sana,
351 1097 459 1125 precor,
478 1096 494 1116 o
509 1088 668 1124 purissima,
685 1087 932 1117 intercessionibus
948 1087 1003 1115 tuis

218 1137 338 1165 animam
367 1144 467 1169 meam,
484 1143 544 1171 qua:
570 1143 585 1163 a
608 1135 784 1171 passionibus
807 1139 889 1170 atque
913 1133 1004 1162 omni-

218 1183 295 1218 genis
317 1183 497 1218 pessimorum
515 1182 671 1210 daemonum
698 1181 851 1210 assultibus
869 1188 1002 1216 oppressa

218 1230 379 1265 languescit.

251 1273 386 1308 Tempore
417 1278 568 1306 carentem,
596 1273 649 1301 sub
671 1277 793 1308 tempore
822 1272 1001 1300 constitutum

218 1320 392 1347 inetiabiliter
408 1319 550 1355 pepcristi,
565 1326 582 1347 ο
598 1319 862 1352 immaculatissima,
877 1314 925 1354 qui
942 1319 1002 1347 luce

216 1365 357 1402 perfundit
381 1371 492 1393 sanctos
510 1366 643 1400 suos,qui
657 1366 683 1393 in
699 1366 751 1393 ﬁde
767 1365 869 1400 optime
884 1373 914 1392 se
937 1373 1000 1400 ges-

216 1416 323 1445 serunt,
340 1416 367 1440 et
392 1412 543 1447 principem
566 1413 698 1439 malorum
722 1415 878 1447 serpentem
909 1410 1000 1438 humi-

216 1459 360 1487 liaverunt.

252 1509 312 1536 Vita
328 1516 358 1536 ex
387 1512 423 1541 te.
443 1515 460 1535 o
484 1507 578 1542 Virgo,
601 1513 683 1542 supra
710 1506 809 1534 mentis
838 1509 1001 1540 conceptum

214 1559 322 1586 exorta,
339 1554 446 1582 hostem
471 1552 622 1584 interemit,
644 1551 690 1586 qui
719 1559 769 1579 nos
792 1558 888 1579 omnes
915 1556 1002 1579 morte

213 1601 358 1632 atl‘eeerat;
386 1605 414 1627 et
436 1598 568 1626 mundum
587 1603 612 1625 te
641 1598 810 1626 incessanter
835 1596 1001 1631 laudantem,

214 1647 370 1674 viviticavit.

249 1690 392 1726 Tanquam
418 1690 559 1726 pulchram
578 1696 609 1717 ac
633 1688 787 1724 speciosam
803 1688 1002 1723 concupiscens

215 1742 240 1763 te
255 1735 456 1771 pulcherrimus
471 1734 563 1768 Jesus,
576 1742 592 1762 ο
607 1734 799 1768 mundissima,
817 1742 850 1761 ex
863 1739 888 1761 te
902 1742 1001 1762 secun-

215 1782 279 1809 dum
299 1789 409 1808 carnem
422 1787 502 1808 natus
516 1785 569 1813 cst,
594 1785 621 1808 et
644 1788 688 1808 me
705 1785 816 1816 propter
835 1780 1000 1808 immensam

216 1825 432 1854 misericordiam
451 1834 528 1854 suam
544 1826 692 1854 deiﬁcavit.

254 1872 401 1900 Thalamus
419 1873 465 1901 Dei
479 1872 572 1905 Verbi,
591 1877 618 1900 et
630 1873 746 1901 thronus
766 1872 825 1907 ejus
840 1872 999 1908 ignil'ormis

213 1919 284 1948 facta
301 1927 341 1951 es,
356 1927 372 1946 ο
399 1923 472 1947 casta
487 1928 494 1947 :
511 1919 540 1946 in
565 1926 621 1954 quo
643 1919 715 1946 idem
745 1917 876 1951 Verbum,
890 1923 1000 1954 propter

214 1973 350 1993 summam
371 1965 519 1992 bonitatem
546 1972 636 1997 suam,
663 1965 835 1992 incarnatum
854 1964 998 1999 requievit.

214 2012 302 2047 Ipsum
330 2017 395 2046 ergo
409 2009 569 2045 deprecare,
593 2014 623 2037 ut
648 2009 701 2037 mei
723 2009 897 2043 misereatur,
915 2013 998 2044 atque

212 2065 276 2092 erga
293 2064 336 2084 me
355 2056 481 2083 ostendat
492 2056 710 2090 compassionem
728 2063 818 2083 suam.

247 2101 375 2130 Miseram
393 2101 512 2129 animam
529 2109 618 2130 meam
631 2102 726 2129 multis
741 2101 825 2130 Belial
843 2102 997 2137 aggressio—
1011 2119 1034 2150 ο

211 2149 293 2176 nibus
306 2153 388 2183 atque
402 2148 502 2175 ictibus
518 2147 692 2180 inﬁrmatam,
706 2148 833 2183 precibus
850 2148 903 2176 tuis
915 2149 997 2176 robo-

211 2194 356 2222 ratricibus
386 2202 451 2222 sana
478 2198 560 2229 atque
583 2194 747 2221 incolumem
775 2193 862 2225 etlice.
882 2201 898 2221 ο
916 2193 997 2229 Virgo

212 2240 258 2268 Dei
275 2241 404 2276 genitrix,
424 2244 453 2266 ut
467 2245 492 2266 te
505 2240 531 2266 in
543 2240 636 2266 omnia
647 2239 746 2267 saecula
757 2239 915 2275 gloriﬂecm.

245 2285 374 2313 Naturam
399 2285 479 2320 primi
516 2285 636 2321 parentis
661 2290 819 2321 corruptam
847 2286 994 2319 renovasti,

208 2331 289 2360 enixa
316 2339 398 2365 supra
424 2335 530 2358 natura:
558 2331 684 2359 ordinem
701 2352 709 2364 ,
729 2331 863 2358 universa:
889 2336 995 2359 natura:

209 2377 391 2409 conditorem,
415 2382 441 2404 et
461 2377 538 2412 virgo
565 2384 755 2412 perseverans,
776 2385 857 2412 quem
874 2377 937 2404 olim
966 2377 994 2405 in

208 2430 289 2450 cruce
314 2423 474 2457 pendentem
497 2423 607 2458 intuita,
622 2423 853 2456 lamentabaris,o
877 2423 994 2451 sanctis-

209 2470 277 2498 sima
298 2468 379 2504 Virgo
395 2469 491 2497 Mater.

446 2526 572 2554 MENSIS
584 2525 750 2555 MARTIUS.

204 2584 261 2620 69
279 2586 320 2612 Ex
346 2592 446 2612 canone
464 2585 491 2611 in
503 2583 533 2612 S.
548 2584 709 2620 Hesychium
732 2588 887 2619 martyrem,
901 2584 944 2611 die
961 2584 991 2612 2.

242 2667 305 2695 Post
322 2673 429 2702 partum
449 2667 524 2702 virgo
545 2667 718 2702 permansisti
734 2673 806 2698 vere,
824 2665 913 2700 qualis
929 2673 992 2693 eras

203 2719 266 2741 ante
282 2718 392 2749 partqu
408 2723 415 2741 :
432 2714 533 2749 quippe
556 2713 685 2749 peperisti
717 2713 886 2744 Creatorem,
909 2720 989 2746 quem

203 2761 359 2794 deprecare,
375 2769 392 2789 ο
419 2760 686 2792 iinmaculatissima,
706 2767 754 2794 pro
777 2758 865 2788 salute
889 2759 990 2785 collau-

203 2807 324 2834 duntium
334 2812 370 2835 te.

1178 802 1370 838 ὀμολογητὴν
1385 801 1550 834 Κασιανόν,
1569 801 1665 836 ᾑμέρᾳ
1681 801 1736 829 φιϐ’.

1100 858 1256 894 ’Υπερτέρα
1272 858 1406 894 πέφηνας,
1422 857 1501 893 ἁγνὴ,
1516 858 1607 894 πάσης
1621 858 1737 894 ἀοράτου
1751 867 1780 886 τε
1795 859 1843 886 καὶ

1056 904 1168 939 ὁρατῆς,
1197 904 1384 939 Ἀειπάρθενε,
1405 904 1541 935 κτίσεωςο
1567 904 1613 930 τὸν
1643 904 1698 939 γὰρ
1721 904 1847 938 κτίστην

1055 949 1179 983 τέτοκας,
1194 950 1231 982 ὠς
1255 950 1389 985 ηὑδόκησε
1421 949 1597 986 σαρκωθῆναι
1626 951 1655 977 ἐν
1672 951 1764 987 μήτρᾳ
1782 959 1841 983 σου.

1054 996 1084 1023 ὃν
1100 996 1148 1023 σὺν
1158 995 1297 1033 παρρησίᾳ
1307 996 1441 1032 πρὲσὸευε
1456 996 1573 1032 σωθῆναι
1586 995 1635 1029 τὰς
1645 996 1735 1032 ψυχὰς
1750 996 1840 1032 ἡμῶν.

1097 1087 1261 1124 Ἰάτρευσον,
1286 1088 1451 1124 πανάμωμε,
1469 1088 1518 1124 τὴν
1540 1087 1629 1124 ψυχήν
1658 1096 1719 1124 μου,
1736 1088 1841 1124 δέομαι.

1054 1132 1253 1166 ὲξασθενοῠσαν
1274 1134 1383 1168 πάθεσι,
1404 1134 1453 1161 καὶ
1474 1134 1615 1165 παντοίαις
1639 1134 1841 1161 ὲπαναστάσεσι

1053 1180 1108 1208 τῶν
1123 1181 1264 1208 κακίστων
1279 1181 1425 1217 δαιμόνων,
1442 1181 1594 1218 μεσιτείαις
1604 1190 1661 1209 σου.

1087 1273 1140 1301 Τὸν
1165 1273 1279 1310 ἄχρονον
1300 1273 1352 1300 ὑπὸ
1380 1273 1476 1310 χρόνον
1493 1273 1640 1309 γενόμενον
1664 1274 1778 1307 τέτοκας
1791 1275 1841 1311 ἆῤ-

1053 1320 1153 1356 ρήτως,
1178 1321 1332 1356 πανάμωμε
1347 1339 1355 1352 ,
1379 1321 1426 1347 τὸν
1450 1321 1514 1352 τοὺς
1528 1320 1619 1352 ὁσίους
1647 1320 1841 1356 λαμπρύνοντα

1053 1366 1143 1393 πίστει
1156 1366 1383 1402 ἀριστεύσαντας,
1402 1365 1450 1394 καὶ
1463 1366 1508 1393 τὶν
1535 1366 1690 1402 ἀρχέκακον
1705 1366 1767 1402 ὅφιν
1790 1375 1839 1394 τα-

1052 1411 1250 1445 πεινώσαντας.

1093 1503 1140 1530 Ἐκ
1164 1503 1211 1531 σοῦ
1225 1505 1242 1540 ἡ
1262 1503 1319 1541 ζωὴ
1334 1504 1405 1540 ὑπὲρ
1427 1504 1500 1536 νοῦν,
1518 1504 1651 1541 [luget-Eva,
1675 1504 1839 1532 ἀνατείλασα

1052 1549 1149 1585 ἐχθρὸν
1160 1549 1342 1596 ἐθανατωσεν,
1357 1550 1481 1582 ἅπαντας
1492 1551 1565 1586 ἡμᾶς
1575 1550 1620 1577 τὸν
1634 1549 1838 1583 θανατώσαντα,

1051 1597 1100 1624 καὶ
1113 1595 1223 1630 ιξὼωσε
1239 1596 1341 1631 κόσμον
1352 1596 1500 1628 ἀπαύστως
1513 1596 1686 1632 ἁνυμνοῦντά
1700 1605 1740 1624 σε.

1092 1685 1137 1718 Ὠς
1159 1686 1254 1722 καλὴν,
1280 1685 1318 1717 ὡς
1331 1686 1436 1722 ὡραίαν
1462 1685 1584 1722 ποθήσας
1608 1695 1637 1713 σε
1650 1686 1664 1713 ὁ
1678 1686 1840 1720 unum»;

1057 1732 1172 1767 Ἰησοῦς,
1184 1732 1387 1768 παναμώμητε,
1401 1734 1433 1760 ἐκ
1450 1732 1497 1760 σοῦ
1511 1733 1593 1769 σαρκὶ
1605 1733 1779 1770 γεγέννηται,
1790 1734 1838 1761 καὶ

1051 1778 1107 1806 θεοῖ
1121 1787 1154 1814 με
1169 1778 1203 1805 δι’
1221 1776 1312 1806 οἶκτον
1325 1779 1492 1815 ἀμέτρητον.
1651 1778 1654 1780 ’

1087 1870 1198 1902 Παστὰς
1212 1871 1401 1907 ὲχρημάτισας
1415 1871 1462 1899 τοῦ
1476 1871 1543 1899 Θεοῦ
1563 1871 1661 1907 Λόγου,
1675 1872 1722 1899 καὶ
1744 1871 1837 1908 θρόνος

1050 1917 1233 1952 πυρίμηρφος,
1251 1917 1280 1943 ἐν
1298 1913 1320 1950 ᾧ
1344 1916 1554 1944 ἑπανεπαύσατο
1569 1917 1583 1944 ὁ
1606 1917 1693 1952 Λόγος
1719 1917 1836 1953 σαρκού-

1051 1971 1140 1998 μενος,
1162 1963 1196 1989 δι’
1225 1961 1314 1998 ἄκραν
1339 1962 1497 1997 ἀγαθότητα
1512 1971 1519 1978 ”
1539 1963 1633 1990 τοῦτον
1656 1961 1702 1991 οὖν
1719 1963 1836 1996 ἱκέτευε,

1049 2009 1129 2045 ἁγνὴ.
1140 2009 1364 2045 κατοικτειρῆσαι
1384 2009 1432 2036 καὶ
1441 2009 1552 2044 ἐλεῆσαι
1571 2009 1656 2046 ἡμᾶς.

1090 2099 1324 2137 Ἐξασθενήσασαν
1341 2100 1452 2133 πολλαῖς
1474 2100 1524 2136 τὴν
1548 2100 1645 2128 ἀθλίαν
1665 2109 1716 2136 μου
1735 2100 1834 2136 ψυχὴν,

1049 2145 1215 2182 Θεοκυῆτορ,
1230 2146 1394 2182 προσϐολαῖς
1414 2147 1461 2173 τοῦ
1482 2146 1590 2182 Βελίαρ,
1606 2148 1666 2178 ταῖς
1688 2147 1835 2182 ρωστιχαῖς

1049 2201 1098 2220 σου
1111 2193 1209 2225 λιταῖς,
1225 2194 1358 2230 Παρθένε,
1375 2193 1440 2230 ὑγιῆ
1454 2193 1623 2229 ἀπέργασαι,
1637 2193 1680 2220 ῐνα
1694 2201 1723 2219 σε
1731 2192 1834 2226 δοξάζω

1047 2239 1086 2271 εἰς
1100 2239 1203 2270 πάντας
1219 2240 1282 2272 τοὺς
1298 2240 1411 2272 αἰῶνας.

1083 2286 1235 2322 Φθαρεῖσαν
1259 2287 1399 2319 ἐκαίνισας
1415 2286 1465 2322 τὴν
1487 2286 1568 2321 φύσιν
1582 2285 1629 2312 τοῦ
1649 2285 1833 2321 προπάτορος,

1047 2332 1117 2368 ὑπὲρ
1136 2332 1217 2367 φύσιν
1229 2332 1348 2359 τεκοῦσα
1359 2332 1406 2359 καὶ
1418 2331 1624 2368 παρθενεύουσα
1640 2331 1747 2366 φύσεως
1761 2331 1833 2358 ἁπά-

1047 2386 1098 2413 σης
1125 2378 1171 2405 τὸν
1188 2378 1321 2414 πλάστην,
1337 2378 1368 2404 ὃν
1382 2379 1410 2405 ὲν
1426 2377 1536 2414 σταυρῷ
1552 2377 1729 2412 κρεμάμενον
1746 2377 1829 2403 πάλαι

1046 2424 1181 2460 ἡλάλαζες
1196 2424 1343 2460 βλέπουσα,
1363 2424 1486 2458 παναγία
1497 2422 1723 2460 Μητροπάρθενε.

1306 2527 1384 2554 MHN
1403 2527 1565 2554 ΜΑΡΤΙΟΣ.

1050 2574 1099 2601 Ἐκ
1111 2573 1165 2600 τοῦ
1177 2573 1305 2606 κανόνος
1315 2574 1358 2606 εἰς
1369 2573 1421 2599 τὸν
1430 2572 1515 2607 ἅγιον
1526 2572 1661 2608 μάρτυρα
1674 2572 1829 2607 Ἠσύχιον,

1358 2608 1453 2643 ἡμέρᾳ
1470 2608 1511 2640 β’.

1079 2666 1215 2703 Παρθένος
1224 2666 1364 2702 διέμεινας
1375 2667 1445 2702 μετὰ
1456 2667 1547 2700 τόκον,
1568 2666 1606 2699 ὡς
1622 2666 1675 2702 πρὸ
1687 2665 1734 2692 τοῦ
1749 2666 1828 2692 τόκου

1043 2712 1161 2747 ἀληθῶς,
1186 2712 1233 2739 τὸν
1260 2712 1381 2750 κτίστην
1402 2711 1532 2745 τεκοῦσα,
1546 2711 1576 2737 ὃν
1603 2712 1725 2747 αἴτῃσαι,
1742 2711 1829 2737 πανά-

1046 2767 1137 2794 μωμε,
1154 2758 1274 2793 σωθῆναι
1286 2759 1349 2790 τοὺς
1361 2756 1510 2788 ὑμνοῦντας
1527 2765 1567 2785 σε.

239 2884 304 2919 (54⁸)
319 2885 469 2919 Sequeutcs
488 2885 605 2920 stropha:
621 2885 647 2912 in
663 2884 771 2919 vulgato
794 2888 866 2911 textu
881 2883 1046 2911 Menmorum
1063 2882 1264 2909 desiderantur.

700 2980 714 2987 ρ.
