2077 3157
217 187 286 219 1059

932 186 1113 218 MARIALE.

1766 188 1832 217 1070

253 244 337 279 Ἔστη
350 244 489 280 μέχριτυί
498 245 512 271 ὁ
527 244 653 277 Θάνατος·
667 245 716 280 τῆς
727 244 877 275 ἀθανασίας
886 243 940 279 γὰρ
948 245 997 278 τὴν

1086 244 1207 271 Perstitit
1232 251 1305 271 mors
1330 250 1417 278 usque
1440 243 1473 270 ad
1503 247 1540 275 te,
1557 249 1573 270 ο
1599 241 1788 275 sanctissima;
1803 247 1830 270 tu

217 289 310 324 πηγὴν
323 290 493 334 erexitque,
501 291 631 334 παναγία,
644 289 761 326 Χριστὸν
773 291 818 317 τὸν
829 289 908 325 μόνον
917 289 1001 324 ὑπερ-

216 335 317 370 άγαοον
331 331 493 371 Θεὸνῆμῶν.
612 331 617 335 ’

253 381 305 408 Τὸν
333 381 471 417 ἀκήρατον
487 382 584 418 βότρυν
605 382 789 418 βλαστήσασα,
804 381 882 417 κόρη,
900 381 1001 408 ἀθανα-

217 427 278 459 σίας
297 427 412 462 γλεῦκος
427 428 616 461 ἁποστάζοντα
637 430 729 464 πᾶσιν,
747 427 852 464 ὤφθης,
871 426 1001 462 παναμώ-

217 481 289 508 μητι
302 473 349 501 καὶ
370 474 462 509 μήτηρ
477 474 632 509 ἀλόχευτος.

252 612 288 637 Σὺ
304 610 372 646 μόνη
383 610 430 637 ἐπὶ
442 610 495 644 γῆς
508 609 554 636 τὸν
575 609 700 644 οὐράνιον
719 609 844 640 τίτοκας,
865 609 998 644 πανάμω-

218 666 262 693 με,
276 657 342 684 Θεὸν
359 657 455 690 Λόγον⁷
471 656 501 682 ὃν
515 656 595 691 ὑμνεῖ
608 657 682 683 πᾶσα
702 655 801 688 κτίσις,
830 655 867 688 ὼς
883 655 1000 692 Ποιητὴν

216 705 265 730 καὶ
279 703 391 738 Κύριον.

253 750 374 785 Οίκήσας
390 758 436 776 σου
449 750 497 784 τὴν
511 750 592 785 ἁγίαν
600 750 704 778 κοιλίαν
716 750 730 776 ὁ
746 749 858 784 Κύριος,
875 748 999 781 Θεοιιόκε,

215 798 264 832 τῆς
277 797 392 833 Τριάδος
407 798 512 832 τερπνὰ
529 798 690 832 καταγώγια
709 797 813 824 ὲκτελεί
826 797 890 829 τοὺς
910 796 1000 823 πίστει

217 843 345 878 ἀληθείας
360 851 390 869 σε
411 842 458 868 νῦν
480 843 694 878 μακαρίζοντας.

252 888 484 923 Νενεκρωμένους
500 889 574 924 ἡμᾶς
596 890 628 924 τῇ
656 888 779 924 ἁμαρτίᾳ
799 887 915 919 πάντας,
928 886 1000 921 ζωὴν

1052 290 1125 317 cnim
1154 290 1366 318 immortalitatis
1396 290 1497 317 fontem
1534 288 1663 324 peperisti
1691 288 1832 317 Christum

1052 336 1162 364 unicum
1181 336 1313 371 optimum
1332 335 1416 362 Deum
1433 339 1567 362 nostrum.

1087 382 1322 418 lncorruptibiiem
1344 382 1465 415 bonum,
1489 388 1521 408 ex
1546 388 1600 416 quo
1621 380 1835 408 immortalitatis

1052 433 1172 455 mustum
1207 428 1292 455 eiiiuit
1318 427 1479 459 universis,
1506 427 1678 462 gertninasti,
1704 434 1721 454 ο
1745 426 1834 462 puella

1051 475 1182 502 iii-munis
1210 474 1244 501 ab
1271 473 1345 502 omni
1374 473 1445 507 labe,
1468 478 1499 500 et
1527 472 1598 500 facta
1618 480 1648 500 es
1667 477 1753 499 mater
1775 473 1835 500 sine

1055 525 1240 546 maternarum
1261 519 1420 554 passionum
1437 523 1464 546 et
1479 518 1540 546 sine
1553 518 1737 553 corruptionis
1755 525 1836 553 expe-

1050 567 1176 593 rimento.

1086 610 1126 638 Tu
1151 611 1210 639 sola
1235 610 1372 638 ctelestem
1391 610 1474 637 Demn
1494 609 1611 637 Verbum
1636 609 1664 636 in
1690 613 1760 636 terra
1791 616 1835 643 pe-

1049 658 1154 693 peristi,
1171 665 1188 685 o
1215 657 1414 689 mundissima;
1443 664 1525 691 quem
1553 657 1682 683 universa
1707 659 1835 682 creatura

1050 708 1179 739 tanquam
1196 703 1353 731 Creatorem
1369 703 1571 738 Dominumque
1585 701 1732 729 collaudat.

1087 748 1230 780 Dominus,
1249 749 1295 783 qui
1317 748 1344 775 in
1364 752 1461 775 sancto
1475 752 1553 774 utero
1568 752 1614 774 tuo
1630 745 1800 778 inhabitavit,
1819 753 1836 772 ο

1051 795 1164 830 Deipara
1175 815 1183 826 ,
1203 795 1323 830 jucunda
1336 793 1478 822 Trinitatis
1491 793 1610 828 hospitia
1621 792 1702 820 ciiicit
1717 800 1775 825 eos,
1788 793 1835 827 qui

1051 848 1123 868 nunc
1137 845 1163 868 te
1177 848 1238 868 cum
1252 848 1315 868 vera
1336 840 1386 868 [ide
1400 840 1567 867 beatiiicant.

1085 885 1141 913 Nos
1155 893 1250 913 omnes
1268 891 1380 920 peccato
1395 889 1562 920 peremptos,
1582 889 1610 911 tu
1632 885 1718 911 vitam
1743 883 1835 917 enixa,

216 934 344 966 τεκοῦσα,
361 933 533 965 ἀνεζὼωσαςο
549 933 589 960 διό
615 942 656 960 σοι
668 932 872 969 κραυγάξομεν,
885 931 999 966 θεοκνῆ-

1052 929 1209 962 viviﬁcasti;
1223 935 1365 966 propterea
1378 930 1411 958 ad
1429 933 1457 958 te
1469 930 1632 962 clamamus,
1656 936 1673 956 ο
1692 929 1738 956 Dei
1756 930 1833 965 geni-

216 988 265 1014 τορ
277 980 356 1015 κόρη,
374 979 418 1007 ἀεὶ
437 979 631 1015 δεδοξασμένη.

259 1026 288 1053 ’0
307 1026 452 1060 ἱερώτατός
470 1033 500 1052 σε
513 1025 591 1052 καλεῖ
605 1025 748 1061 προφήτης
768 1023 856 1059 πύλην
882 1022 1000 1050 ἁδιόδευ-

216 1081 273 1104 τον,
289 1072 419 1108 ἄκραντα,
436 1073 450 1099 ό
464 1071 586 1107 Κτίστης
605 1071 638 1098 δι’
664 1069 699 1107 ἦς
719 1071 837 1106 διῆλθεν,
854 1069 891 1101 ὡς
919 1068 1000 1104 μόνος

216 1116 370 1150 ἐπίσταται,
383 1116 463 1144 πάλιν
477 1115 674 1152 κεκλεισμένην
691 1115 788 1149 λιπὼν,
808 1115 846 1147 ὡς
872 1114 925 1150 πρὸ
944 1113 992 1141 τοῦ

215 1162 307 1190 τόκου.

251 1206 310 1238 Φῶς
337 1207 403 1242 ἡμῖν
428 1205 563 1233 ἀνέτειλεν
589 1207 621 1233 ὲκ
648 1205 705 1239 σοῦ,
724 1206 889 1240 πανάμωμε,
908 1204 921 1231 6
945 1205 999 1232 τῶν

216 1252 286 1279 ὅλων
303 1253 382 1288 μόνος
399 1253 511 1289 Κύριος,
528 1253 576 1280 καὶ
598 1253 807 1288 κατελὰμτιρυνε
827 1251 877 1284 τὰς
890 1252 999 1279 πάντων

217 1297 328 1333 καρδίας
350 1298 454 1330 θεῖκαίς
476 1298 652 1333 ὲπιγνώσεσι,
670 1299 717 1324 καὶ
741 1298 836 1330 σκότος
863 1297 999 1331 ἀγνωσίας

217 1345 350 1382 ἐμείωσεν
366 1353 373 1361 ⁸
394 1345 455 1372 ὅθεν
467 1353 497 1372 σε
511 1345 613 1377 πάντες
629 1343 828 1381 μακαρίζομεν.

1052 978 1116 1010 trix,
1131 977 1219 1012 puella
1237 983 1344 1012 semper
1360 976 1491 1010 gloriosa.

1088 1023 1300 1051 Sacratis~imus
1321 1023 1456 1058 propheta
1480 1025 1587 1058 portam
1603 1026 1629 1050 te
1650 1025 1739 1056 vocat,
1763 1028 1780 1050 ο
1796 1022 1838 1049 in-

1052 1066 1163 1097 violata,
1194 1073 1242 1101 per
1273 1073 1355 1100 quam
1381 1065 1450 1093 nulli
1483 1071 1558 1101 patet
1576 1067 1678 1099 aditus,
1704 1070 1733 1094 et
1761 1066 1837 1095 solus

1051 1111 1163 1140 Greater
1179 1112 1315 1146 transivit,
1334 1112 1405 1140 sicut
1420 1114 1478 1148 ipse
1494 1113 1569 1141 solus
1579 1113 1664 1146 novit,
1680 1113 1837 1148 relinquens

1051 1166 1110 1186 cam
1142 1158 1263 1186 clausam
1293 1159 1524 1195 quemadmodum
1544 1165 1601 1187 erat
1627 1165 1690 1189 ante
1715 1166 1835 1196 partum.

1086 1203 1146 1232 Lux
1171 1204 1251 1232 nobis
1269 1212 1301 1232 ex
1327 1210 1353 1232 te
1376 1210 1436 1233 orta
1463 1210 1546 1238 est.o
1570 1207 1726 1242 purissima,
1739 1209 1837 1238 unicus

1053 1250 1174 1278 omnium
1204 1250 1345 1285 Dominus,
1363 1251 1409 1286 qui
1429 1251 1529 1280 divinis
1551 1253 1756 1288 cognitionibus
1781 1262 1838 1283 om-

1053 1295 1127 1323 nium
1152 1295 1235 1323 corda
1250 1296 1379 1330 illustrat,
1394 1297 1448 1332 7o
1469 1302 1495 1326 et
1522 1297 1682 1332 ignorantia:
1711 1301 1837 1329 tenebras

1053 1341 1200 1369 imminuit.
1222 1341 1300 1370 Unde
1327 1347 1353 1369 te
1382 1350 1477 1371 omnes
1503 1343 1610 1371 beatam
1634 1352 1836 1381 nuncupamus.

637 1400 679 1427 Ex
699 1409 797 1428 canone
808 1401 835 1427 in
848 1399 877 1427 S.
892 1399 1052 1427 Theodotum
1064 1404 1217 1434 martyrem,
1232 1399 1274 1426 die
1285 1401 1302 1426 2
1314 1399 1405 1434 (δι”).

254 1446 378 1475 Humana
394 1452 489 1474 natura
502 1447 566 1475 olim
583 1455 630 1482 per
646 1447 739 1475 dolum
760 1454 839 1475 serva
863 1446 933 1474 facta
955 1450 998 1474 est

217 1492 397 1520 scductionis.
417 1492 485 1521 Cum
515 1497 606 1520 autem
629 1497 670 1525 tu,
689 1492 829 1524 inviolata,
857 1491 998 1519 Christum

217 1538 358 1572 peperisti,
382 1538 533 1565 libertatem
560 1539 672 1575 adepta,
704 1537 812 1573 magnis
837 1537 949 1564 vocibus
973 1540 999 1563 te

217 1590 293 1618 grata
304 1589 460 1612 veneratur.

252 1628 360 1657 laedere
386 1629 470 1657 tuenti
491 1636 567 1662 meae,
582 1637 599 1656 ο
614 1629 780 1660 castissima.
796 1634 858 1663 qua:
885 1627 997 1662 pessimi

218 1674 350 1703 Draconis
362 1675 460 1703 ictibus
489 1683 618 1710 percussa
641 1675 812 1710 languescit_,
837 1678 866 1702 et
881 1672 1000 1709 peccatis

217 1722 325 1756 captiva
339 1721 466 1749 deservit.

253 1766 464 1794 Lucidissimum
480 1766 587 1794 Domini
612 1765 757 1799 Palatium,
777 1766 891 1794 Domina
917 1775 998 1798 sanc-

218 1813 333 1846 tissima,
344 1812 422 1840 eiIice
448 1820 498 1840 nos
515 1813 614 1840 donms
629 1811 748 1847 Spiritus
767 1813 866 1845 sancti,
879 1813 944 1840 dum
972 1813 999 1840 in

217 1858 300 1886 domo
315 1862 411 1886 sancta
427 1862 473 1886 tua
487 1857 595 1885 laudem
611 1856 727 1884 Domino
741 1856 893 1885 oderimus.

252 1905 337 1932 Deum
361 1904 499 1932 hominem
528 1903 629 1930 factum
650 1902 807 1936 concepisti,
825 1910 841 1930 ο
864 1901 998 1936 Domina;

217 1957 359 1986 propterea
375 1950 561 1986 generationes
572 1947 778 1984 generationum
790 1952 816 1975 te
828 1948 999 1976 incessanter

219 1998 323 2024 beatam
341 1997 447 2024 dicunt.

251 2042 377 2070 Christus
391 2041 462 2075 Deus
478 2046 582 2072 noster,
598 2041 645 2076 qui
661 2041 688 2068 in
703 2044 781 2068 utero
791 2044 839 2067 tuo
855 2039 998 2072 habitavit,

217 2088 432 2119 oimmaculata,
460 2092 600 2122 peccatum
629 2087 655 2114 in
680 2086 839 2114 hominibus
872 2085 999 2114 habitans

223 2145 274 2172 Ἐκ
290 2144 343 2171 τοῦ
359 2144 490 2176 κανόνος
503 2144 546 2177 εἰς
566 2143 639 2176 τοὺς
649 2143 753 2177 ἁγίους
764 2142 916 2176 μάρτυρας
931 2142 999 2169 Θεό-

270 2179 377 2213 δωρον,
391 2178 632 2210 Κωνσταντῐνον,
649 2186 676 2205 κ.
696 2186 722 2204 τ.
738 2179 781 2210 λη,
797 2177 893 2212 ἡμέρᾳ
907 2180 945 2208 ς’.

259 2236 411 2272 ’Υπεραγία
427 2236 558 2271 Παρθένε,
573 2236 627 2262 τῶν
639 2235 762 2271 ἀθλητῶν
778 2235 849 2262 θεῖον
860 2235 1000 2270 ἐγκαλλὼ-

1054 1445 1168 1480 expulit,
1187 1449 1214 1473 et
1237 1445 1273 1474 ob
1287 1453 1369 1474 suum
1387 1447 1422 1478 in
1435 1447 1560 1476 homines
1576 1456 1710 1484 antorem,
1724 1451 1835 1479 eosdem

1053 1492 1150 1519 domos
1167 1499 1231 1520 suas
1247 1492 1347 1521 eli'ecit.

1088 1537 1147 1565 Una
1162 1545 1224 1566 cum
1246 1538 1372 1573 supernis
1397 1539 1501 1571 choris.
1521 1547 1616 1568 omnes
1639 1541 1674 1569 ad
1694 1546 1720 1571 te
1734 1543 1837 1571 clama—

1054 1590 1130 1614 mus;
1154 1582 1220 1616 Avo,
1245 1583 1329 1610 Mater
1354 1583 1421 1616 Dei;
1442 1584 1541 1612 cmium
1572 1585 1734 1619 animatum,
1762 1588 1836 1622 pala-

1053 1630 1120 1657 tium
1143 1630 1383 1665 gioriosissimum,
1408 1635 1435 1658 et
1457 1631 1575 1659 thronus
1602 1632 1707 1667 igneus,
1725 1633 1753 1661 in
1780 1641 1836 1668 quo

1052 1675 1177 1703 Christus
1192 1676 1342 1704 secundum
1359 1684 1469 1704 carnem
1483 1677 1628 1712 requievit.

1087 1721 1129 1748 Ab
1165 1721 1240 1748 omni
1269 1721 1477 1756 inquinamento
1522 1722 1670 1750 humanam
1710 1728 1837 1752 naturam

1052 1767 1227 1801 emundasti,
1251 1775 1268 1796 o
1294 1767 1421 1796 inviolata
1437 1787 1447 1801 ,
1483 1769 1705 1803 supercoelestem
1751 1770 1836 1799 tilium

1052 1814 1134 1842 enixa
1150 1813 1290 1841 hominem
1313 1813 1426 1846 factum,
1443 1821 1549 1849 nosque
1562 1814 1710 1848 renovasti,
1731 1816 1779 1850 qui
1789 1824 1837 1843 ve-

1053 1864 1153 1888 tustate
1163 1859 1279 1887 confecti
1289 1867 1398 1887 eramus
1411 1865 1450 1887 :et
1461 1867 1534 1887 nunc
1543 1860 1705 1895 clamamus,
1715 1869 1732 1889 ο
1743 1867 1835 1890 casta:

1052 1905 1185 1937 Laudato,
1199 1906 1289 1933 omnia
1307 1913 1400 1940 opera,
1422 1905 1583 1934 Dominum.

1089 1949 1200 1982 Lucam,
1217 1958 1278 1984 qua:
1292 1958 1306 1977 a
1331 1950 1411 1978 Patre
1435 1956 1497 1978 ante
1523 1950 1666 1978 luciferum
1682 1955 1838 1980 coruscavit

1054 1995 1241 2029 ineii‘abiliter,
1252 1995 1381 2031 peperisti
1397 1996 1486 2029 nobis,
1499 2004 1516 2023 ο
1530 1995 1622 2031 Virgo,
1635 2001 1662 2024 et
1677 1997 1839 2032 ignorantiae

1054 2042 1179 2070 tenebras
1189 2042 1337 2077 dissipans,
1351 2050 1406 2076 :os,
1421 2042 1467 2078 qui
1483 2042 1510 2070 in
1525 2043 1628 2078 peccati
1645 2044 1739 2072 umbra
1752 2044 1833 2072 sede-

1053 2089 1129 2121 bant,
1145 2088 1305 2117 iiiuminasti
1317 2094 1398 2124 atque
1408 2088 1582 2117 exhilarasti.

1054 2146 1104 2181 71
1116 2145 1157 2172 Ex
1173 2153 1272 2173 canone
1282 2146 1309 2173 in
1319 2145 1369 2173 SS.
1380 2145 1555 2178 Theodorum,
1565 2145 1838 2181 Constantinum,eto.

1331 2187 1471 2216 martyres,
1489 2181 1531 2208 die
1546 2181 1574 2208 6.

1088 2235 1111 2263 0
1125 2236 1297 2264 sanctissima
1317 2235 1407 2271 Virgo,
1420 2236 1542 2263 divinum
1562 2236 1727 2264 athletarum
1741 2237 1835 2270 decus,

217 2291 318 2318 πισμα,
327 2283 344 2317 ἡ
353 2283 477 2318 κυήσασα
487 2283 603 2317 Χριστὸν
615 2282 660 2308 τὸν
668 2283 778 2317 ὡραῖον,
788 2283 913 2310 κάλλεσιν
922 2283 999 2310 αὐτὸν

1055 2289 1116 2317 quae
1141 2282 1280 2310 Christum
1306 2283 1436 2310 decorum
1455 2283 1657 2318 pulchritudine
1687 2283 1835 2318 peperisti,

218 2329 369 2356 καλλιῶσαι
379 2329 429 2364 τὴν
441 2328 510 2363 ἐμὴν
522 2328 610 2363 ψυχὴν
632 2329 748 2355 ἱκέτευε.

257 2375 356 2409 ’Ᾱγίων
369 2375 454 2410 δῆμος
472 2375 591 2402 ὲναθλῶν
606 2376 816 2409 τεσσαράκοντα
828 2375 874 2401 δύο
890 2384 919 2402 σε
930 2374 999 2402 Θεοῦ

216 2420 263 2447 τοῦ
276 2421 388 2455 ὑψίστου
403 2421 514 2456 Μητέρα
534 2421 679 2455 παναληθῆ
697 2422 847 2456 ἐκήρυττεν
858 2421 998 2456 ἐμφανῶς,

216 2466 387 2502 δυναμοῦσαν
401 2467 511 2499 τούτους
528 2467 679 2502 μεσιτείαις
695 2475 752 2493 σου.

257 2557 355 2593 Ἀγνὴν
370 2558 475 2593 μητέρα
491 2566 519 2583 σε
531 2558 555 2583 οἱ
571 2556 638 2584 θεῖοι
654 2556 791 2592 μάρτυρες
810 2557 997 2592 ἐπιστάμενοι,

216 2604 296 2639 κόρη,
307 2605 352 2631 καὶ
361 2605 410 2640 τὴν
421 2604 449 2631 ὲν
459 2604 502 2630 σοὶ
510 2602 590 2636 δόξαν
600 2602 778 2638 κλεῖζόμενοι,
788 2603 837 2636 τὰς
848 2604 998 2636 ἀθανάτους

215 2649 321 2684 δωρεὰς
335 2649 365 2675 ὲν
384 2648 505 2682 ὑψίστοις
518 2647 722 2683 ἐκληρώσαντο.

252 2695 319 2726 Νοός
335 2703 385 2729 μου
405 2694 502 2727 ἴθυνον,
518 2693 646 2725 δυσωπῶ,
661 2693 790 2729 ἇχραντε,
803 2695 923 2729 κινήσεις
935 2695 1001 2729 πρὸς

216 2740 283 2766 Θεὸν
304 2741 363 2766 ὁδὸν
381 2740 453 2775 ζωῆς
475 2739 688 2775 χρηματίζοντα,
707 2741 754 2767 καὶ
775 2740 828 2766 τῶν
846 2739 1002 2774 ἀθλοφόρων

217 2786 425 2821 ἐξωμαλίσαντα
442 2785 491 2816 τὰς
517 2785 626 2820 τρίϐους
653 2785 701 2817 τὰς
727 2784 861 2821 φερούσας
879 2785 946 2820 πρὸς
969 2786 1002 2812 τὰ

216 2832 284 2866 οὐρά
291 2840 341 2858 ιια.

253 2893 434 2930 (54⁸⁵)ϐιεεα
447 2892 546 2920 desunt
558 2892 585 2920 in
600 2891 710 2919 Menaeis
727 2891 880 2927 impressis.

1052 2328 1179 2355 eumdem
1196 2335 1280 2356 exora
1298 2333 1327 2355 ut
1340 2328 1449 2356 decoret
1462 2328 1582 2355 animam
1594 2335 1693 2355 meam.

1089 2374 1275 2409 Quadraginta
1286 2374 1402 2401 duorum
1419 2379 1568 2409 martyrum
1584 2379 1741 2402 sanetorum
1756 2373 1835 2403 turlia

1052 2420 1206 2451 decertans,
1236 2424 1263 2448 te
1293 2419 1339 2447 Dei
1370 2420 1496 2448 altissimi
1527 2420 1638 2448 Matrem
1664 2421 1834 2449 verissimam

1054 2463 1197 2492 manifeste
1215 2465 1390 2499 pradicabat,
1410 2473 1471 2500 quae
1487 2465 1599 2493 easdem
1613 2465 1834 2500 .intercessioni-

1054 2510 1105 2537 bus
1122 2510 1177 2538 tuis
1192 2510 1218 2537 in
1233 2511 1383 2539 certamine
1409 2511 1570 2538 roborabas.

1087 2555 1195 2582 Castam
1212 2560 1325 2583 matrem
1343 2556 1460 2584 seicntes
1475 2561 1500 2584 te
1512 2564 1572 2584 esse
1591 2556 1674 2584 divini
1691 2562 1834 2593 martyres,

1052 2610 1067 2628 ο
1079 2602 1177 2637 puella,
1191 2607 1320 2638 tuamque
1335 2603 1448 2638 gloriam
1468 2603 1647 2638 celebrantes,
1669 2603 1835 2632 immortalia

1051 2648 1121 2676 dona
1134 2649 1159 2676 in
1174 2644 1289 2676 cx'celsis
1303 2649 1541 2677 haereditavcrunt.

1086 2694 1184 2723 Mentis
1206 2703 1272 2723 mete
1289 2701 1379 2724 motus
1392 2697 1489 2733 dirige,
1505 2701 1531 2725 te
1541 2705 1648 2732 precor,
1663 2704 1679 2724 ο
1694 2696 1833 2726 inviolata,

1052 2740 1084 2766 ad
1097 2739 1191 2773 Deum,
1206 2741 1252 2776 qui
1271 2746 1311 2769 est
1324 2743 1366 2769 via
1379 2743 1450 2776 vitae,
1463 2748 1489 2770 et
1505 2749 1651 2778 martyrum
1662 2742 1835 2776 triumphan-

1053 2786 1120 2814 tium
1137 2787 1249 2816 semitas
1265 2788 1298 2816 ad
1312 2788 1432 2817 rmlestia
1445 2789 1623 2825 perducentes
1642 2788 1834 2824 complanavit.
