2069 3159
231 180 296 214 1071

792 183 822 213 S.
842 182 999 213 JOSEPHI
1019 182 1299 214 HYMNOGRAPIII

1777 181 1846 216 1072

264 239 379 274 Dcipara
406 238 494 273 puella
515 241 613 273 praeter
640 241 743 265 natura!
763 237 846 273 leges,
872 245 904 265 ac
928 245 1010 273 supra

1098 238 1230 274 Νομίμων
1246 247 1275 265 σε
1299 237 1412 265 ἄνευθεν
1437 238 1491 264 τῶν
1508 237 1558 273 τῆς
1582 236 1700 272 φύσεως,
1725 237 1827 273 Χριστὲ
1841 259 1848 271 ,

226 286 349 320 ejusdem
379 289 484 312 naturae
513 284 648 316 ordinem,
665 285 768 319 peperit
793 289 830 317 te,
846 291 863 311 ο
889 284 1009 317 Christe,

225 331 272 366 qui
297 335 430 366 martyres
448 330 568 365 legitime
582 337 632 365 pro
647 329 699 357 fide
722 334 859 358 certantes
876 334 940 356 vere
962 336 1010 356 co-

226 376 341 404 ronasti.

265 422 393 450 Volumen
414 421 533 448 maxime
558 428 657 448 novum
688 428 728 453 es,
750 428 767 449 ο
792 421 932 454 inviolata,
949 428 1011 456 qua

227 468 344 495 Verbum
361 467 387 494 in
401 472 427 495 te
440 467 572 502 scriptum
589 467 718 500 imbuisti,
734 466 807 502 quod
829 467 855 494 in
879 467 950 494 libro
967 467 1009 494 vi-

225 514 346 542 ventiutn
374 513 482 540 divinos
498 513 624 540 Athletas
645 520 711 540 suos
736 511 889 547 descripsit,
910 513 955 548 qui
979 519 1010 540 ea

225 569 286 596 quae
302 560 402 595 scripta
418 563 481 587 sunt
497 559 670 587 exactissime
684 559 911 594 adimpleverunt.

261 605 376 632 Divinus
390 604 570 639 archangelus
592 608 721 638 tanquam
734 604 887 631 divinarum
906 603 1012 638 nuptia-

226 660 286 679 rum
305 659 407 686 auspex
421 658 554 685 apparens
566 650 625 682 tibi,
645 658 661 677 ο
672 655 746 677 casta
767 654 793 676 et
809 649 1012 682 inviolata,cla-

225 697 309 724 mavit
325 705 331 723 :
346 696 462 729 Salve,o
476 696 552 731 ignee
568 695 615 723 Dei
631 697 737 728 throne,
750 700 898 730 martyrum
914 695 1011 722 trium-

225 743 378 778 phantium,
388 743 434 777 qui
447 741 532 769 Deum
545 742 572 768 in
584 748 666 768 carne
674 740 878 768 manifestatum
892 739 1011 767 confessi

225 793 300 821 sunt,
315 790 527 816 firmamentum.

261 835 283 862 0
299 835 368 862 lucis
380 833 594 869 receptaculum,
610 832 665 861 Deo
674 832 850 864 charissima,
870 830 1010 858 illumina—

227 881 288 908 tivis
304 880 389 917 radiis
405 880 458 907 tuis
472 879 579 906 illustra
595 886 642 906 cor
656 887 758 912 meum,
773 877 906 906 socordiae
923 876 1010 903 nubes

1063 285 1211 320 ὑπερφυῶς
1240 283 1358 320 ἐκύησεν
1375 285 1392 319 ἡ
1407 284 1537 315 Θεοτόκος
1571 283 1640 319 κόρη
1666 283 1703 315 ὡς
1727 284 1848 319 ἀληθῶς,

1061 331 1184 366 νομίμως
1195 331 1258 362 τοὺς
1270 331 1413 366 μάοτυοας
1424 329 1627 366 ὲναθλήσαντας
1643 329 1734 356 πίστει
1750 338 1850 365 στεφα-

1060 376 1196 403 νώσαντα.

1097 422 1196 457 Τόμος,
1214 422 1343 457 ἀχραντε,
1372 420 1532 453 καινότατος
1554 420 1726 456 ὑπάρχουσα,
1738 421 1784 448 τὸν
1798 422 1849 448 Λό-

1061 475 1109 501 γον
1125 467 1330 502 ἐγγραφόμενον
1343 467 1372 494 ὲν
1388 468 1430 494 σοὶ
1441 466 1571 502 ἔσχηκας,
1582 467 1627 494 τὸν
1638 467 1667 494 ὲν
1680 466 1765 502 βίϐλῳ
1780 461 1849 500 ζών-

1061 522 1115 540 των
1137 514 1198 545 τοὺς
1224 513 1307 541 αὐτοῦ
1333 514 1511 549 ἐγγράψαντα
1541 514 1630 546 θείους
1658 513 1788 550 ἀθλητὰς,
1815 514 1849 541 τὰ

1061 561 1241 596 γεγραμμένα
1259 561 1387 596 ἐμμελῶς
1401 560 1665 596 ἀποπληρώσαντας.

1097 607 1291 642 Νυμφοστόλος
1305 608 1399 642 φανείς
1414 616 1456 634 σοι
1466 607 1537 640 Θετος
1551 607 1732 643 ἀρχάγγελος·
1750 608 1848 642 Χαῖρε,

1062 653 1158 689 πύρινε
1175 654 1254 689 θρόνε
1279 653 1358 686 Θεοῦ,
1378 653 1442 680 ἐϐόα
1461 661 1514 685 σοι,
1534 652 1651 688 ἄχραντε
1666 652 1752 688 ἁγνὴ,
1770 647 1850 680 ἀθλο-

1062 699 1153 734 φόρων
1173 699 1338 735 κραταίωμα
1364 699 1590 735 ὁμολογησάντων
1606 698 1672 725 Θεὺν
1701 699 1783 734 σαρκὶ
1798 707 1850 734 φα-

1063 745 1153 772 νέντα.

1100 834 1190 866 Φωτδς
1213 834 1325 870 δοχείον,
1343 833 1533 870 θεοχαρίτωτε,
1551 834 1729 868 φωτιστικαῖς
1750 833 1849 868 αὐγαῖς

1063 890 1109 909 σου
1131 882 1181 918 τὴν
1204 882 1317 916 καρδίαν
1343 890 1394 917 μου
1417 880 1544 915 φώτισον,
1565 880 1702 917 ῥᾳθυμίας
1722 881 1756 907 τὰ
1780 882 1849 916 νέφη

227 925 375 961 depellcns,
388 932 421 952 ac
443 924 546 959 peccati
577 924 703 952 tenebras
717 924 881 956 eliminans;
898 928 938 955 tu,
952 929 1013 957 qua;

1065 929 1207 960 διώκουσα,
1224 927 1271 954 καὶ
1288 926 1318 954 τὸ
1330 927 1379 962 τῆς
1393 926 1530 962 ἁμαρτίας
1546 927 1641 958 σκότος
1657 926 1814 962 ἐξαίρουσα,
1831 927 1848 962 ἡ

228 973 312 1000 Deum
325 971 397 998 omni
409 970 513 1006 peccati
527 969 587 997 labe
602 973 740 998 carentem
754 968 894 1004 peperisti.

294 1041 347 1077 72
369 1040 411 1067 Ea;
438 1047 538 1077 aanimi:
559 1039 586 1065 in
597 1038 647 1067 SS.
670 1044 798 1077 martyres
811 1037 957 1071 Basileum,

478 1074 613 1110 Ephrwm,
627 1079 689 1107 ora,
701 1075 743 1100 die
756 1074 781 1101 7.

261 1133 416 1161 Primorum
441 1137 584 1168 parentum
604 1139 681 1167 poena
709 1132 816 1159 sublata
836 1135 888 1163 est,
904 1138 921 1158 ο
936 1134 1012 1158 casta

227 1185 255 1207 et
269 1180 408 1213 inviolata,
427 1178 555 1206 ineffabili
573 1182 652 1213 partu
670 1182 734 1211 tuo;
752 1182 833 1212 atque
852 1177 905 1204 illis
918 1176 1012 1211 pristi-

229 1233 282 1253 nus
296 1225 329 1253 ad
344 1224 505 1252 Paradisum
522 1224 609 1259 patuit
625 1224 778 1258 ingressus,
794 1221 972 1258 quamobrem
987 1227 1013 1249 te

228 1278 327 1304 magna
341 1276 408 1296 voce
423 1268 624 1296 concelebrant.

265 1316 286 1342 0
306 1314 388 1349 Virgo
403 1316 459 1340 tota
474 1316 549 1340 casta
564 1316 592 1339 et
609 1312 748 1345 inviolata,
772 1311 898 1346 peperisti
919 1310 1013 1337 Domi-

231 1369 294 1389 num
312 1360 388 1387 illum
412 1358 644 1394 potentissimum,
668 1358 715 1393 qui
733 1358 858 1385 homines
873 1358 907 1385 ab
928 1357 1013 1384 hostis

230 1411 362 1442 potestate
379 1406 514 1433 liberavit.
539 1411 544 1415 '

265 1453 397 1480 Homines
425 1456 552 1479 mortuos
585 1448 903 1485 viriticasti,oVirgo,
931 1455 1013 1485 supra

230 1499 320 1527 omnis
342 1497 517 1533 cogitationis
538 1501 648 1532 captum
665 1496 746 1524 enixa
770 1495 909 1523 Christum
928 1494 1014 1521 Deum

232 1550 368 1577 nostrum,
390 1544 437 1579 qui
461 1548 572 1579 propter
596 1550 674 1570 suam
696 1541 913 1569 misericordiam
931 1541 1014 1568 homo

231 1591 320 1619 factus
334 1594 376 1618 est.

266 1639 366 1666 Beatus
380 1642 423 1664 est
440 1636 484 1664 ille
498 1636 623 1671 populus,
640 1635 685 1670 qui
698 1635 822 1670 agnOscit
837 1639 873 1666 te,
887 1641 904 1661 ο
917 1634 999 1661 imma

231 1684 410 1716 cuiatissima,
422 1683 543 1710 omnium
553 1682 661 1709 Domini
673 1681 796 1713 Matrem,
807 1685 905 1708 etcum
917 1679 1015 1707 all‘ectu

234 1735 259 1757 te
273 1729 420 1756 beatificat.

268 1772 306 1800 Te
319 1773 385 1808 legis
404 1772 518 1805 umbrae,
533 1776 559 1799 te
575 1771 770 1806 prophetarum
786 1770 931 1805 enigmata
948 1776 1014 1805 prte-

232 1819 398 1855 ﬁgurabant,
413 1825 430 1845 o
444 1817 528 1853 Virgo
554 1818 712 1852 purissima,
743 1825 804 1852 quas
828 1824 875 1852 per
898 1815 1014 1843 Verbum

233 1865 369 1894 inellabile
397 1865 473 1892 illum
489 1868 654 1898 conceptum
675 1871 707 1891 ac
729 1864 851 1898 paritura
874 1869 946 1893 eras,
969 1861 1016 1896 qni

232 1913 334 1940 mundo
349 1911 463 1938 salutem
475 1910 593 1937 afferret.

268 1959 314 1986 Dei
334 1957 464 1990 Verbum,
490 1955 563 1992 quod
587 1963 668 1983 manu
692 1963 742 1983 sua
768 1955 851 1982 Evam
877 1953 1017 1987 formavit,

233 2005 377 2032 universos
393 2002 542 2031 reformare
555 2002 660 2033 volens,
674 2010 707 2029 ex
721 2006 797 2028 utero
812 2005 869 2034 tuo,
885 2008 901 2028 0
917 2000 1016 2035 puella,

233 2050 381 2077 humanam
400 2049 515 2076 formam
531 2048 645 2083 accepit,
662 2047 796 2082 incipiens
810 2054 880 2080 esse,
896 2054 958 2073 cum
975 2051 1017 2073 ta-

232 2104 294 2124 men
318 2095 391 2123 Patri
413 2102 446 2123 ac
462 2094 578 2130 Spiritui
603 2099 700 2122 sancto
725 2094 761 2121 sit
778 2098 965 2126 coaeternum,
989 2096 1017 2120 et

232 2142 382 2177 cozequale.
635 2152 637 2154 τ

268 2189 340 2216 Deus
356 2187 635 2223 supersubstantialis,
651 2194 684 2214 ex
702 2191 728 2214 te
742 2190 835 2219 natus,
848 2193 864 2214 ο
874 2186 1015 2218 inviolata,

233 2235 316 2262 homo
335 2233 472 2268 apparuit,
500 2240 562 2260 cum
580 2232 688 2260 duabus
715 2232 832 2264 naturis,
850 2232 1016 2266 operationi—

1063 974 1109 1000 τὸν
1124 974 1316 1010 ἀναμάρτητον
1329 973 1396 1000 Θεδν
1408 973 1599 1008 ἀποκυήσασα.

1069 1042 1120 1069 Ἐκ
1137 1040 1190 1068 τοῦ
1210 1041 1342 1073 κανόνος
1355 1041 1398 1072 είς
1411 1039 1482 1073 τοὺς
1503 1040 1608 1074 ἁγίους
1623 1039 1777 1074 μάρτυρας
1793 1040 1850 1066 Ba-

1172 1076 1302 1108 σίλειον,
1325 1075 1462 1110 Ἐφραίμ,
1475 1083 1503 1102 κ.
1517 1083 1545 1102 τ.
1560 1076 1603 1108 1.,
1615 1074 1711 1109 ἡμέρᾳ
1725 1074 1758 1106 ζ’.

1105 1134 1203 1169 Ἐλύθη
1225 1133 1280 1160 τῶν
1298 1133 1492 1169 προπατόρων,
1517 1133 1646 1168 ἀχραντε,
1660 1132 1691 1158 τὸ
1710 1131 1848 1166 ἐπιτίμιον

1063 1181 1096 1215 τῇ
1117 1180 1188 1214 ὑπὲρ
1208 1178 1269 1206 νοῦν
1295 1179 1391 1213 κυήσει
1414 1187 1472 1210 σου,
1498 1178 1579 1213 ἁγνὴ,
1595 1178 1641 1204 καὶ
1663 1177 1714 1213 τὴν
1736 1176 1848 1211 πρώτην

1063 1224 1201 1251 ἀπέλαὸον
1215 1223 1261 1250 τοῦ
1279 1223 1447 1258 Παραόείσου
1459 1222 1573 1255 είσοδον,
1590 1221 1788 1258 μεγαλοφώνως
1804 1222 1847 1247 εὑ-

1064 1279 1102 1306 φη
1106 1270 1220 1306 μοῦντές
1232 1278 1272 1296 σε.

1107 1315 1250 1350 Ῥυόμενον
1258 1314 1322 1346 τοὺς
1334 1313 1446 1350 βροτοὺς
1455 1313 1505 1349 τῆς
1513 1311 1672 1343 δυναστείας
1681 1311 1727 1338 τοῦ
1737 1310 1783 1346 ὲχθ
1788 1310 1847 1346 ροῦ,

1064 1361 1198 1396 πάναγνε,
1218 1361 1264 1388 τδν
1283 1360 1395 1388 δυνατὸν
1416 1360 1537 1395 Κύριον,
1562 1359 1679 1394 ἀχραντε
1704 1357 1848 1393 Παρθένε,

1064 1407 1131 1443 ὲκύη
1136 1416 1193 1439 σας.

1101 1453 1331 1489 Νενεκρωμένους
1356 1451 1484 1484 ἑζώωσας
1501 1451 1564 1483 τοὺς
1591 1449 1762 1486 ἀνθρώπους,
1777 1448 1850 1484 ζωὴν

1064 1498 1114 1534 τὴν
1143 1497 1323 1525 ὲνυπόστατον
1347 1495 1473 1528 τεκοῦσα,
1500 1495 1632 1531 Παρθένε,
1662 1494 1732 1530 ὑπὲρ
1758 1495 1851 1520 πᾶσαν

1066 1544 1171 1571 ἔννοιαν
1185 1542 1302 1580 Χριστὸν
1318 1542 1365 1569 τὸν
1374 1542 1440 1570 Θεὸν
1451 1541 1540 1578 ἡμῶν,
1552 1541 1696 1577 ἄνθρωπον
1710 1539 1746 1567 δι’
1760 1537 1850 1567 οἶκτον

1026 1590 1050 1621 c
1065 1587 1221 1623 γενόμενον.

1102 1633 1245 1668 Μακάριος
1261 1633 1336 1660 ἐστιν
1347 1633 1361 1659 ό
1372 1632 1434 1664 λαδς
1447 1633 1461 1659 ὁ
1473 1631 1616 1667 γινώσκων
1629 1639 1671 1664 σε,
1683 1631 1849 1666 πανάμωμε,

1065 1680 1112 1708 τοῦ
1125 1681 1262 1708 Δεσπότου
1286 1680 1341 1708 τῶν
1354 1681 1483 1708 ἁπάντων
1500 1680 1618 1716 μητέρα,
1638 1679 1686 1706 καὶ
1701 1678 1777 1714 πόθῳ
1795 1686 1850 1713 μα-

1065 1727 1172 1763 καρίζει
1188 1735 1228 1754 σε.

1100 1773 1193 1807 Νόμου
1209 1781 1239 1799 σε
1253 1773 1281 1799 αἱ
1303 1772 1390 1804 σκιαὶ,
1411 1771 1560 1807 προφητῶν
1574 1779 1604 1798 τε
1619 1770 1772 1806 αἰνίγματα
1783 1777 1851 1805 προσ

1065 1818 1226 1852 διετύπουν,
1251 1818 1384 1854 Παρθένε,
1400 1818 1451 1853 τὴν
1469 1818 1583 1854 ἀρρήτῳ
1605 1817 1685 1852 Λόγῳ
1704 1815 1852 1850 κυοφοριαν

1066 1864 1214 1899 ἐσχηκυῖαν
1240 1862 1426 1895 διασώζουσαν
1448 1862 1562 1898 κόσμον,
1578 1861 1744 1897 πανάμωμε.

1107 1951 1137 1978 '0
1150 1951 1301 1983 διαπλάσας
1322 1949 1395 1986 χειρὶ
1406 1949 1456 1985 τὴν
1480 1948 1552 1976 Εὕαν
1568 1949 1655 1984 Λόγος
1671 1939 1751 1980 Θεοῦ,
1768 1947 1849 1983 κόρη.

1066 1998 1221 2026 ἀναπλάσαι
1243 1998 1366 2029 ἅπαντας
1380 1996 1531 2032 βουληθεὶς,
1547 1996 1579 2022 ἐκ
1592 1995 1711 2030 γαστρός
1722 2003 1770 2021 σου
1784 1995 1852 2021 ἀνα·

1067 2044 1214 2071 πλάττεται
1229 2043 1315 2078 ἀρχὴν
1339 2043 1496 2078 δεχόμενος,
1512 2043 1526 2069 ὸ
1537 2041 1577 2076 τῷ
1594 2041 1682 2077 lla-cpt
1696 2041 1744 2068 καὶ
1762 2039 1850 2067 Πνεύ-

1069 2099 1133 2126 ματι
1148 2089 1300 2126 σύνθρονος.

1107 2183 1208 2219 Ὤράοη
1224 2182 1260 2214 ὼς
1269 2181 1409 2218 ἄνθρωπος
1423 2182 1455 2208 ἐκ
1467 2180 1513 2208 σοῦ
1522 2181 1733 2216 ἀποτικτόμενος
1747 2182 1760 2207 ό
1771 2181 1852 2215 ὑπερ-

1068 2229 1170 2262 ούσιος,
1194 2229 1304 2260 διπλοῦς
1324 2229 1383 2261 ταῖς
1405 2228 1529 2263 φύσεσιν,
1554 2227 1682 2263 ἄχραντε,
1700 2228 1851 2263 ἐνεργείαις

233 2281 284 2308 bus
297 2284 325 2307 et
341 2263 527 2306 voluntatibus
540 2287 548 2311 ;
562 2278 616 2306 illis
630 2278 777 2306 manifeste
795 2263 941 2313 apparens,
955 2278 1013 2312 qui-

1070 2277 1115 2303 καὶ
1139 2276 1283 2310 θελήσεσι·
1309 2272 1350 2306 οἷς
1379 2275 1508 2310 ὡμοιώθη
1536 2274 1677 2310 βουληθεὶς
1701 2273 1850 2309 ἐμφανιζό-

233 2326 286 2353 bus
302 2328 401 2359 sponte
416 2324 515 2352 similis
526 2323 615 2351 factus
628 2327 681 2350 est.
708 2323 891 2356 Quamobrem
908 2322 946 2350 illi
960 2322 1017 2350 cla-

234 2378 342 2399 mamus
358 2380 365 2397 :
381 2369 479 2397 Omnia
491 2377 584 2405 opera,
595 2369 706 2397 laudate
720 2368 875 2396 Dominum.

267 2415 360 2442 Puella
378 2414 432 2442 Uco
444 2415 607 2442 charissima
627 2414 717 2451 ferens
731 2414 758 2442 in
774 2414 847 2442 ulnis
864 2414 1015 2448 Christum,

232 2462 279 2496 qui
293 2469 374 2488 manu
388 2460 439 2488 fert
463 2460 602 2492 universa,
616 2465 728 2495 stupore
742 2460 865 2495 perculsa
882 2460 1017 2487 exclama-

193 2505 204 2508 “
234 2508 279 2534 hat
295 2507 388 2534 dicens
409 2515 416 2533 :
434 2505 576 2539 Quomodo
600 2511 626 2534 te
646 2511 673 2534 et
695 2506 795 2534 Filium
814 2511 841 2534 et
859 2506 1016 2534 Creatorem

233 2561 323 2580 meum
339 2552 428 2585 video,
446 2559 463 2579 ο
476 2552 760 2588 incomprehensibilis
774 2553 785 2579 ’ί

232 2620 285 2657 73
296 2619 336 2648 Ea:
352 2627 452 2647 canone
464 2620 491 2647 in
501 2619 530 2648 S.
544 2619 722 2682 Qzadi'gtum,
734 2625 757 2647 et
774 2620 1015 2655 socias,marlyres,

584 2664 607 2682 te
657 2675 664 2682 .
753 2661 758 2665 ‘

584 2664 607 2683 le
621 2661 664 2683 1υ.
753 2661 758 2665 ³

268 2711 290 2738 Α
301 2710 427 2739 sordibus
435 2711 605 2747 passionum,
616 2719 631 2739 a
642 2715 800 2746 tempestate
810 2711 1015 2746 cogitationum,

232 2765 246 2784 a
262 2757 363 2792 iaculis
379 2757 503 2793 maligni,
519 2759 554 2786 ab
569 2757 645 2785 omni
660 2757 763 2792 impetu
780 2757 872 2785 hostili
893 2757 979 2789 salva,
1000 2764 1017 2784 0

234 2803 347 2838 Deipara
362 2803 536 2831 immaculata
553 2811 585 2832 ac
602 2808 657 2831 tota
673 2810 753 2838 pura,
771 2803 878 2831 animas
901 2803 1016 2830 laudan-

234 2849 302 2876 tium
316 2849 480 2878 ineffabilem
497 2855 607 2886 partutn
623 2855 712 2878 tuum.

267 2893 307 2923 Ne
327 2895 446 2925 caelestis
479 2897 591 2933 quidem
617 2905 694 2925 mens
710 2897 862 2933 explicare
890 2896 980 2930 valet,
996 2903 1013 2924 o

1070 2330 1168 2358 μενος,
1186 2318 1207 2356 ᾧ
1225 2320 1347 2357 βοῶμεν·
1382 2321 1474 2348 Πάντα
1498 2320 1532 2354 τᾲ
1557 2320 1644 2356 ἔργα,
1670 2320 1780 2355 ὑμνεῖτε
1805 2319 1852 2346 τὸν

1068 2368 1181 2404 Κύριον.

1103 2415 1227 2450 Φέρουσα
1248 2413 1409 2448 Χριστδνὲν
1424 2413 1559 2448 ἀγκάλαις
1584 2413 1657 2449 χειρὶ
1673 2413 1718 2439 τὸν
1734 2413 1852 2448 φέροντα

1067 2461 1101 2488 τὰ
1116 2461 1206 2488 πάντα
1218 2461 1235 2495 ὴ
1249 2460 1444 2496 θεοχαρίτωτος
1462 2460 1540 2495 κόρη,
1565 2460 1772 2495 ὲκπληττομένη
1786 2459 1853 2485 ὲδόα

1067 2506 1198 2541 λέγουσα·
1228 2506 1289 2537 Πῶς
1315 2506 1363 2533 καὶ
1389 2506 1452 2533 Υίὸν
1475 2505 1602 2540 γνωρίζω
1616 2514 1645 2533 σε
1663 2506 1711 2533 καὶ
1734 2505 1853 2541 Ποιητήν

1069 2561 1131 2588 μου,
1149 2552 1324 2587 ἀκατάληπτε
1335 2561 1343 2586 ;

1073 2620 1122 2647 Ἐκ
1137 2618 1190 2656 τοῦ
1205 2619 1336 2656 κανόνος
1352 2620 1397 2656 εις
1414 2619 1485 2653 τοὺς
1498 2620 1603 2656 ἁγίους
1622 2620 1775 2655 μάρτυρας
1797 2621 1853 2649 Κό-

1155 2655 1274 2689 δρατον,
1288 2655 1337 2682 καὶ
1352 2655 1423 2688 τοὺς
1439 2655 1500 2682 σὺν
1519 2656 1609 2688 αὐτῷ,
1626 2657 1721 2691 ἡμέρᾳ
1738 2660 1766 2686 ι’.

1110 2709 1194 2742 Ὶλύος
1206 2710 1238 2737 ὲκ
1255 2709 1361 2743 παθῶν,
1385 2710 1524 2746 λογισμῶν
1539 2711 1698 2747 τρικυμίας,
1718 2712 1750 2738 ὲκ
1766 2711 1852 2747 βελῶν

1067 2756 1114 2783 τοῦ
1133 2757 1263 2792 πονηροῦ,
1282 2757 1315 2784 ἐκ
1331 2757 1424 2793 πάσης
1440 2758 1595 2794 προσϐολῆς
1615 2759 1739 2791 ἐναντίας
1752 2758 1852 2786 διάσωο

1069 2811 1125 2837 σον,
1141 2803 1259 2839 άχραντε
1274 2804 1437 2840 Θεοκυῆτορ,
1453 2806 1502 2837 τὰς
1514 2805 1603 2841 ψυχὰς
1619 2806 1675 2833 τῶν
1695 2806 1852 2840 ὑμνούντων

1070 2858 1117 2877 σου
1133 2849 1179 2876 τὸν
1193 2849 1383 2885 ἀνέκφραστον
1397 2851 1487 2884 τόκον,
1502 2851 1635 2887 πάναγνε.

1106 2895 1177 2927 Νοῦς
1202 2895 1264 2923 οὐδὲ
1287 2896 1412 2932 οὐράνιος
1438 2897 1488 2933 τὴν
1506 2898 1576 2933 ὑπὲρ
1599 2897 1662 2926 νοῦν
1680 2906 1727 2925 σου
1741 2897 1851 2933 λοχείαν
