2069 3159
229 173 298 204 1οἹ3

956 176 1076 207 MARIA
1082 177 1140 207 LE.

1784 173 1850 206 10“

227 230 434 265 διερμηνεὺσαι,
453 231 533 267 κόρη.
556 231 685 259 δύναταν
711 232 758 259 νοῦ
774 232 828 267 γὰρ
843 232 890 258 τοῦ
906 232 1016 268 πρώτου

1069 233 1157 268 puella
1174 237 1281 268 partum
1301 236 1388 264 tuum.
1406 233 1453 267 qui
1469 231 1634 260 transcendit
1651 238 1758 259 omnem
1772 239 1851 258 men-

228 277 258 304 ἓν
276 277 377 313 γαστρὶ
403 278 500 311 Λόγον,
517 277 600 313 ἁγνὴ,
627 278 784 311 συνέλασες,
808 278 854 305 τὸν
868 279 904 306 τὰ
927 279 1016 306 πάντα

228 322 302 358 λόγῳ
320 323 539 358 συστησάμενον.

270 366 302 393 'H
314 367 380 401 ἁγία
389 367 530 399 Θεοτόκος,
542 368 575 404 ῆν
593 368 704 404 οἰκῆσαι
718 369 868 404 ηὐδόκησεν
878 370 916 401 ὠς
928 369 1017 405 εὐώδη

229 411 303 440 οἷκον
328 412 416 446 Λόγος
431 412 479 439 τοῦ
497 413 603 448 Πατρὺς
631 413 784 448 ὀμοούσιος,
800 414 830 442 οὐ
847 414 1017 450 κατεφλέχθη

229 458 278 494 τὴν
294 459 412 495 μήτραν,
427 459 478 486 οὐκ
493 459 607 495 ῶδινησε
617 469 624 476 ·
645 460 694 488 καὶ
714 461 768 497 γὰρ
784 461 894 489 τέτοκεν
912 462 1018 497 Ἐμμα-

229 505 311 540 νυυὴλ
326 505 371 532 τὸν
384 505 578 541 Θεάνθρωπον.

272 597 301 625 Ὁ
321 598 560 635 πλαστουργήσας,
579 599 709 636 ἇχραντε,
725 602 774 636 τὴν
797 601 870 629 Εὔαν
888 602 919 629 ὲκ
935 602 1017 629 πλευ-

231 644 292 679 ρᾶς,
305 644 352 672 σοῦ
364 645 397 671 ὲκ
411 645 516 680 νηδύος,
528 647 610 681 ἁγνὴ,
623 647 862 682 πλαστουργείται,
873 648 958 675 σῶσαι
973 648 1018 676 τὸν

235 689 324 725 ’Λδὰμ
353 690 387 717 δι’
423 691 627 728 εὐσπλαγχνιαν
654 693 816 729 βουληθεὶς,
852 693 888 725 ὡς
922 693 1018 729 φιλάν-

230 733 245 760 θ
249 742 351 769 ρωπος.

265 780 433 815 οὐράνωσας
461 781 613 815 γεωθεῖσαν
639 783 689 818 τὴν
717 783 814 818 φύσιν,
844 785 1016 821 πανάμωμε,

229 825 284 853 τῶν
304 826 466 862 ἀνθρώπων,
485 828 531 854 καὶ
547 828 699 864 φθαρεῖσαν
715 830 800 866 αὐτὴν
813 830 1016 866 ἐοεούργησας·

229 872 272 899 διὰ
284 873 362 899 τοῦτο
379 873 479 906 πάντες
495 875 637 910 ἀσιγήτοις
658 877 760 910 φωναῖς
776 885 806 903 σε
822 877 981 913 δοξάζομεν.

264 965 452 1001 Εὐλογημένος
466 967 480 993 ὁ
498 967 603 1002 καρπὸς
621 969 671 1003 τῆς
685 968 874 1004 εὐλογημένης
897 970 1017 1006 γαστρός

229 1018 287 1043 σου,
300 1010 330 1037 ὃν
346 1011 505 1046 εὐλογοῦσιν
521 1012 644 1047 οὐρανῶν
659 1014 688 1040 αἱ
698 1014 837 1049 δυνάμεις,
863 1015 968 1050 βροτῶν
983 1017 1017 1043 τὰ

229 1057 402 1092 συστήματα,
419 1058 433 1084 ὁ
452 1058 525 1093 ἡμᾶς
540 1058 752 1095 λυτρωσάμενος
767 1061 817 1096 τῆς
829 1061 954 1097 κατάρας
968 1063 1017 1096 τῆς

229 1101 358 1136 ἀρχαίας,
374 1102 522 1137 εὐλογητὸς
538 1099 574 1129 εἴ.

264 1147 458 1182 Λυτρωθὲντες
476 1148 526 1183 τῆς
546 1148 617 1184 ἀρᾶς
631 1148 681 1184 τῆς
704 1151 879 1186 προμήτορος
897 1150 941 1177 διὰ
970 1150 1017 1178 σοῦ

228 1191 279 1226 τῆς
296 1192 382 1228 ἁγνῆς
395 1193 577 1229 Θεομήτορος,
594 1194 763 1231 εὐλογημένη
781 1196 925 1230 Δέσποινα,
939 1197 1018 1224 εὐλο-

229 1237 331 1272 γοῦμεν
343 1247 373 1265 σε
389 1239 479 1266 πίστει
496 1240 542 1266 καὶ
555 1241 740 1277 μελῳδοῦμεν,
759 1243 880 1277 παναγὶα
897 1243 1018 1279 Παρθένε

229 1285 376 1320 οεόνυμφε.
766 1298 769 1302 -

263 1331 382 1358 Φανιῖσα
409 1331 457 1358 τοῦ
486 1333 596 1360 πάντων
630 1334 743 1370 ποιητοῦ
770 1334 916 1371 λοχεύτρια
946 1335 1017 1372 ὑπὲρ

230 1375 319 1403 πάντα
333 1376 407 1410 νοῦν,
433 1378 606 1414 πανάμωμε,
632 1379 686 1406 τῶν
708 1379 834 1415 οὐρανῶν
863 1379 1019 1415 ὑψηλοτέρα

229 1421 363 1457 ἑδείχθης,
381 1423 429 1449 καὶ
447 1423 502 1449 τῶν
516 1424 585 1451 ὅλων
609 1424 789 1457 δεσπόζουσα,
808 1425 932 1460 Παρθένε
955 1425 1018 1452 θεο-

228 1467 292 1494 τὸκε
316 1469 476 1504 πανύμνητε
487 1477 494 1485 ·
509 1469 571 1497 ὅθεν
583 1479 612 1497 σε
628 1472 730 1503 πάντες
746 1471 946 1507 μεγαλύνομεν.

235 1561 284 1588 Ἐκ
302 1561 356 1589 τοῦ
374 1562 504 1594 κανόνος
522 1563 572 1598 κείς
596 1561 650 1589 τὸν
678 1562 766 1589 ὅσιον
779 1564 906 1598 Πατέρα
933 1563 1019 1598 ἡμῶν

440 1597 629 1631 Βενεδικτον,
649 1598 743 1633 ἡμέρᾳ
766 1597 806 1625 ιδ’.

263 1653 294 1679 Ol
312 1653 356 1680 διὰ
368 1653 415 1680 σοῦ
430 1654 479 1688 τὴν
491 1653 649 1690 ἀφθαρσίαν
663 1655 880 1691 πλουτήσαντες,
896 1656 1018 1693 Θεοκυῆ-

230 1709 275 1735 top
298 1701 430 1734 πάναγνε,
449 1701 546 1736 Χαῖρε,
564 1702 670 1737 βοῶμέν
691 1711 744 1737 σοι,
762 1705 779 1739 ή
795 1706 1017 1740 κεχαριτωμένη,

226 1746 309 1774 ὁσίων
323 1748 370 1775 καὶ
381 1748 496 1776 δικαίων
512 1749 543 1776 τὸ
557 1749 787 1786 ὲγκαλλώπισμα.

269 1837 299 1864 '0
320 1838 400 1873 μόνος
425 1839 527 1874 ἀγαθὸς
555 1840 604 1876 τὴν
630 1840 679 1876 σὴν
711 1841 897 1876 σαρκούμενος
922 1841 1016 1876 ὑπέδυ,

231 1884 429 1920 παναμώμητε,
456 1887 588 1922 γαστέρα,
612 1887 660 1913 καὶ
676 1887 772 1922 βροτος
785 1887 882 1923 ὼράθη
897 1888 997 1920 τέλειος
1009 1897 1017 1904 ο

225 1931 257 1958 ὃν
271 1932 376 1959 ἱκέτευε
391 1932 478 1960 σῶσαι
495 1932 544 1965 τὰς
557 1932 647 1968 ψυχὰς
665 1933 758 1968 ἡμῶν.

267 2022 311 2054 Ὦς
327 2023 428 2058 ὄμϐρος
453 2023 500 2049 ἐπὶ
523 2022 617 2054 πόκον,
642 2022 779 2057 ἄχραντε,
797 2023 830 2058 τῇ
856 2025 942 2059 σεπτῇ
970 2033 1017 2051 σου

227 2068 326 2104 γαστρὶ
344 2069 358 2095 ὁ
371 2069 458 2102 Λόγος
482 2068 602 2103 κατῆλθε
625 2067 824 2103 σιρκούμενος,
850 2068 898 2095 καὶ
912 2069 1017 2096 ἔπαυσε

230 2113 372 2146 πολυθεῖας
393 2114 487 2149 σαφῶς
511 2113 546 2140 τὰ
568 2114 747 2150 ὀμϐρήματα,
776 2113 943 2150 πανάμωμε,
971 2116 1018 2143 καὶ

229 2161 273 2187 τὸν
286 2160 386 2196 πικρὸν
403 2159 526 2196 χειμῶνα
539 2160 725 2187 διεσκέδασεν.

1068 283 1122 307 tem
1138 287 1145 305 :
1161 279 1255 314 prima!
1285 278 1358 306 enim
1387 278 1486 305 mentis
1514 277 1632 305 V‘erbum
1657 277 1684 304 in
1703 281 1779 304 utero
1806 281 1852 304 tuo

1067 325 1229 359 concepisti,
1244 332 1262 352 ο
1273 329 1360 357 easta,
1379 324 1450 359 quod
1466 324 1559 351 omnia
1575 323 1657 350 verbo
1672 322 1809 357 produxit.

1105 371 1220 406 Dcipara
1246 371 1430 402 sanctissima,
1452 370 1480 397 in
1498 377 1551 405 qua
1579 375 1709 404 tanquam
1727 369 1755 396 in
1772 370 1853 396 domo

1068 417 1144 445 suavi
1170 417 1254 445 odore
1279 417 1358 452 plena
1380 416 1502 444 habitare
1522 416 1574 444 sibi
1595 415 1759 450 complacuit
1787 415 1852 442 Ver-

1068 463 1132 490 bum
1165 462 1255 490 Patris
1290 461 1543 494 consubstantiale,
1577 469 1629 488 non
1664 461 1750 488 sensit
1783 461 1854 487 uteri

1068 509 1298 541 combustionem,
1319 516 1407 543 neque
1424 508 1532 535 dolores
1549 512 1644 542 partus
1660 511 1772 542 experta
1788 511 1829 534 est
1845 515 1853 533 :

1069 554 1173 589 peperit
1189 555 1262 581 enim
1286 554 1445 581 Emmanuel
1461 553 1546 581 Deum
1563 559 1590 580 et
1606 553 1755 580 hominem.

1104 599 1161 632 llic,
1175 598 1220 633 qui
1235 597 1318 626 Evam
1337 606 1352 626 e
1368 602 1445 625 costa
1461 597 1599 630 formavit,
1616 605 1647 625 ex
1663 601 1740 624 utero
1766 602 1822 628 tuo,
1837 604 1853 623 ο

1068 649 1154 678 casta,
1172 644 1308 671 formatus
1331 649 1383 676 est,
1404 644 1499 671 volens
1523 644 1608 670 Adam
1625 643 1731 671 salvare
1745 647 1854 678 propter

1068 691 1198 726 pietatem
1212 698 1302 724 suam,
1317 695 1446 726 tanquam
1457 690 1599 718 hominum
1613 695 1730 717 amator.

1104 780 1250 808 Hominum
1271 785 1407 813 naturam,
1424 788 1484 815 qum
1496 784 1604 808 terrena
1622 780 1692 808 facta
1709 784 1778 813 erat,
1797 788 1854 808 ca:-

1068 827 1163 855 lestcm
1181 827 1308 859 effecisti,
1331 834 1348 854 ο
1367 827 1620 854 immaculatissima
1631 847 1638 859 ,
1655 831 1681 853 et
1696 831 1855 861 corruptam

1070 873 1202 900 deitieasti
1219 882 1225 900 :
1241 878 1383 909 propterea
1398 881 1494 902 omnes
1511 878 1536 900 te
1552 873 1707 901 incessabili
1721 881 1786 901 voce
1797 873 1855 908 glo-

1033 921 1055 948 B
1070 919 1220 947 riticamus.

1104 966 1267 994 Benedictus
1286 967 1390 994 ventris
1423 965 1558 993 benedicti
1583 965 1687 992 fructus
1701 964 1757 997 tui,
1774 970 1855 999 quem

1068 1013 1232 1040 benedicunt
1284 1013 1416 1040 caelorum
1443 1013 1613 1047 [potestates
1659 1010 1857 1045 hominumque

1067 1063 1172 1092 coetus;
1193 1058 1240 1093 qui
1265 1065 1316 1085 nos
1331 1057 1365 1085 ab
1386 1058 1498 1092 antiqua
1521 1056 1712 1085 maledictione
1730 1055 1855 1084 redemit.

1104 1149 1124 1175 Α
1140 1149 1234 1184 primae
1259 1148 1354 1176 matris
1371 1147 1563 1176 maledictione
1583 1156 1631 1182 per
1646 1151 1672 1175 te
1689 1152 1791 1175 castam
1810 1147 1855 1175 Dei

1068 1195 1180 1223 Matrem
1198 1196 1348 1230 redempti,
1366 1202 1428 1222 cum
1444 1195 1496 1222 fide
1511 1199 1537 1222 te
1559 1195 1757 1226 benedieimus,
1774 1198 1856 1229 atque

1068 1241 1184 1269 canticis
1198 1241 1383 1272 celebramus,
1397 1247 1414 1267 ο
1430 1240 1545 1267 Domina
1563 1240 1715 1272 benedicta,
1738 1239 1857 1267 sanctis-

1071 1287 1141 1314 sima
1163 1285 1255 1320 Virgo,
1270 1293 1371 1320 sponsa
1385 1285 1445 1314 Dei.

1103 1332 1172 1360 Cum
1196 1333 1319 1360 omnium
1345 1332 1456 1360 factoris
1487 1331 1609 1359 Genitrix
1644 1339 1725 1366 supra
1747 1337 1856 1357 omnem

1068 1379 1260 1414 cogitationem
1272 1399 1280 1411 ,
1297 1387 1314 1406 ο
1327 1379 1490 1414 purissima,
1514 1378 1611 1409 fueris,
1638 1377 1709 1404 facta
1725 1385 1755 1404 es
1779 1376 1857 1404 cmlis

1069 1425 1222 1458 sublimior,
1238 1430 1320 1460 atque
1333 1425 1456 1453 omnium
1474 1424 1654 1458 Dominatrix,
1676 1431 1692 1451 ο
1705 1422 1785 1456 Virgo
1797 1422 1858 1450 Dei-

1069 1478 1134 1506 para
1152 1471 1225 1498 omni
1240 1471 1320 1499 laude
1332 1471 1493 1506 dignissima
1509 1480 1516 1498 :
1533 1471 1605 1498 unde
1620 1474 1646 1498 te
1660 1469 1780 1497 universi
1797 1477 1857 1496 ma-

1070 1517 1243 1551 gniﬁcamus.

1106 1562 1161 1598 74.
1180 1563 1222 1590 Ex
1235 1570 1334 1590 canone
1348 1563 1375 1589 in
1384 1562 1412 1590 S.
1429 1562 1461 1589 P.
1477 1561 1512 1589 N.
1526 1561 1708 1595 Benedictum,
1721 1562 1764 1589 die
1775 1561 1820 1589 Η.

1105 1655 1161 1683 Nos
1174 1656 1221 1691 qui
1237 1663 1286 1690 per
1301 1659 1326 1683 te
1342 1655 1547 1690 incorruptione
1561 1655 1639 1683 ditati
1654 1663 1760 1688 smnus,
1776 1663 1792 1682 ο
1809 1654 1857 1682 Dei

1070 1701 1184 1737 genitrix
1203 1702 1370 1734 castissima,
1383 1702 1415 1730 ad
1431 1707 1456 1730 te
1471 1702 1621 1730 clamamus
1637 1710 1644 1729 :
1661 1701 1750 1734 Salve,
1767 1710 1784 1728 o
1797 1709 1860 1736 gra-

1070 1749 1106 1775 tia
1122 1748 1211 1782 plena,
1238 1751 1396 1775 sanctorum
1419 1747 1542 1775 omnium
1567 1755 1598 1775 ac
1613 1747 1750 1782 justorum
1774 1753 1858 1773 orna-

1069 1798 1204 1822 mentum.

1105 1841 1152 1868 ille
1165 1841 1212 1876 qui
1228 1841 1303 1869 solus
1319 1841 1408 1868 bonus
1425 1845 1476 1872 est,
1494 1840 1635 1875 ingressus
1648 1845 1690 1868 est
1705 1841 1732 1867 in
1747 1846 1855 1867 uterum

1069 1891 1158 1918 tuum,
1169 1887 1214 1914 ubi
1227 1894 1337 1914 carnem
1349 1887 1481 1921 suscepit,
1491 1890 1518 1913 et
1528 1887 1609 1914 homo
1618 1886 1755 1921 perfectus
1769 1886 1858 1914 iactus

1069 1937 1110 1961 est
1121 1942 1127 1960 :
1138 1941 1219 1968 quem
1235 1937 1262 1960 tu
1277 1933 1433 1967 deprecare,
1443 1933 1625 1968 opurissima,
1637 1941 1685 1968 pro
1697 1933 1786 1960 salute
1799 1933 1860 1959 ani-

1069 1987 1176 2006 marum
1193 1983 1361 2006 nostrarum.

1106 2023 1186 2052 Velut
1212 2024 1299 2051 imber
1329 2032 1412 2059 super
1436 2024 1542 2057 vellus,
1569 2024 1711 2051 descendit
1738 2023 1857 2051 Verbum

1069 2079 1179 2099 carnem
1194 2078 1339 2099 assumens
1354 2071 1380 2098 in
1395 2071 1581 2098 venerandum
1604 2075 1712 2099 uterum
1739 2075 1826 2103 tuum,
1840 2079 1856 2098 ο

1070 2116 1209 2148 inuiolata,
1230 2121 1258 2144 et
1276 2116 1437 2144 idololatria:
1454 2117 1560 2151 pluvias
1578 2117 1723 2144 manifeste
1739 2116 1856 2148 sedavit,

1068 2167 1095 2190 et
1105 2163 1304 2191 amarulentam
1321 2167 1509 2199 tempestatem
1525 2163 1676 2198 dissipavit,
1693 2170 1709 2189 ο
1728 2162 1860 2190 immacu-

1069 2209 1214 2237 latissima.

267 2251 298 2278 '0
314 2253 450 2279 κατοικῶν
462 2253 593 2288 οὐρανοὺς
612 2253 661 2288 τὴν
676 2252 725 2289 σὴν
742 2253 915 2288 πανάμωμον
930 2253 1011 2288 νηδὺν

1101 2255 1152 2288 Qui
1169 2256 1273 2283 habitat
1287 2255 1313 2282 iu
1330 2256 1417 2289 ccelis,
1434 2256 1460 2283 in
1477 2256 1625 2291 purissimo
1640 2260 1734 2283 ventre
1751 2259 1797 2283 tuo
1808 2256 1859 2282 ha-

230 2300 345 2336 ᾤκησεν,
372 2301 447 2332 ὅπως
461 2302 535 2337 ἡμᾶς
557 2301 648 2332 οἴκους
668 2301 718 2336 τῆς
744 2302 860 2337 Τριάδος
887 2303 1018 2328 ἐναποτε-

227 2346 304 2382 λέσῃ,
324 2348 386 2379 τοὺς
401 2347 431 2374 σὲ
447 2347 578 2375 Θεοτόκον
591 2349 788 2384 κηρύττοντας,
802 2349 931 2385 ἄχραντε.

268 2394 317 2422 Ἐκ
338 2394 456 2430 γαστρός
470 2403 517 2422 σου
536 2395 616 2429 ἁγίας
629 2395 752 2422 ἀνέτειλε
771 2395 822 2430 τῆς
838 2395 1015 2431 δικαιοσύνης

228 2440 379 2475 ἀνὲσπερος
389 2439 475 2475 ἥλιος,
488 2441 608 2472 καὶτοὺς
624 2440 737 2472 πιστοὺς
753 2439 882 2474 ἐφώτισε,
898 2441 1014 2467 Geo-coxa

231 2485 348 2521 παρθένε
364 2485 534 2521 πανύμνητε.

266 2533 358 2559 Ἰασαι
379 2531 429 2567 τῆς
450 2532 540 2567 ψυχῆς
565 2540 616 2567 μου
638 2532 673 2558 τὰ
697 2531 781 2567 πάθη,
811 2532 862 2567 τῆς
882 2532 1017 2564 ἀπαθείας

227 2578 278 2613 τὴν
293 2578 384 2614 πηγὴν
398 2578 606 2614 ἡσυλλαϐοὖσα,
620 2578 753 2614 Παρθένε,
776 2579 823 2605 καὶ
835 2579 1017 2612 ίκατανύξεως

228 2625 349 2660 ὄμϐρους
376 2625 517 2660 παράσχου
541 2633 586 2659 μοι
608 2625 807 2660 προξενοῦντάς
827 2634 872 2661 μοι
896 2625 946 2662 τὴν
965 2634 1017 2653 πα-

231 2672 362 2708 ράκλησιν
382 2672 450 2705 ἐκεῖ,
464 2671 530 2706 ἁγία
544 2671 671 2699 Θεοτόκε.

269 2763 335 2790 Ἰδοὺ
349 2763 509 2799 γεγέννηται
528 2763 560 2790 ὲκ
572 2763 630 2796 σοῦ,
648 2763 761 2795 Ἦσαῖας
776 2764 916 2799 ἐμφανῶς,
933 2765 1014 2800 ἁγνὴ,

227 2809 409 2843 ἑϐόα,ὸΥὶὺς
429 2809 475 2836 τοῦ
504 2810 650 2845 Ὑψίστου,
676 2811 723 2837 καὶ
747 2810 794 2842 σὸς
819 2811 916 2846 ὁρᾶται
941 2812 1015 2844 Υἱὸς,

231 2856 364 2890 Παρθένε,
378 2856 452 2887 υἱοὺς
468 2856 651 2892 ἐργαζόμενος
666 2856 713 2883 τοῦ
731 2857 894 2893 ἐπουρανίου
908 2858 1016 2894 Πατρδς

228 2902 291 2934 τοὺς
308 2902 337 2928 σὲ
353 2902 514 2935 ὑμνοῦντας.

1069 2302 1175 2334 bitavit,
1197 2306 1226 2330 ut
1244 2301 1389 2330 Trinitatis
1414 2303 1512 2330 domos
1535 2302 1654 2330 efﬁceret
1677 2309 1739 2334 nos,
1763 2302 1810 2338 qui
1833 2309 1858 2330 te

1069 2348 1211 2382 Deiparam
1233 2349 1424 2383 pradicamus,
1443 2356 1461 2376 ο
1476 2349 1616 2376 inviolata.

1104 2395 1144 2421 Ex
1160 2400 1240 2422 utero
1256 2400 1303 2422 tuo
1319 2400 1415 2422 sancto
1425 2399 1503 2422 ortus
1514 2400 1556 2422 est
1566 2395 1614 2422 Soi
1626 2395 1740 2430 iustitiae
1755 2395 1858 2422 inocci-

1068 2441 1150 2474 duus,
1167 2445 1193 2467 et
1206 2440 1298 2468 ﬁdeles
1322 2440 1498 2474 illuminavit,
1526 2448 1542 2468 ο
1557 2440 1672 2476 Deipara
1687 2440 1770 2476 Virgo
1782 2441 1857 2468 omni

1069 2486 1148 2513 laude
1165 2486 1338 2521 dignissima.

1105 2533 1188 2564 Sana,
1205 2540 1221 2560 ο
1238 2532 1332 2568 Virgo,
1358 2533 1457 2560 anima:
1476 2541 1542 2560 mem
1567 2533 1726 2569 passiones,
1750 2538 1777 2560 tu
1796 2539 1857 2567 qua

1068 2579 1171 2606 fontem
1204 2579 1432 2614 impassibilitatis
1474 2579 1641 2614 concepisti,
1667 2584 1695 2607 et
1720 2586 1855 2612 compun-

1067 2626 1166 2653 ctionis
1189 2626 1291 2653 imbres
1313 2627 1434 2654 concede
1459 2627 1525 2654 mihi
1539 2647 1546 2659 ,
1564 2634 1582 2653 ο
1599 2625 1713 2660 Deipara
1739 2629 1833 2652 sancta
1848 2645 1854 2656 ,

1068 2671 1114 2705 qui
1150 2671 1270 2698 futuram
1298 2665 1325 2699 in
1354 2672 1426 2699 coelo
1458 2672 1675 2699 consolationem
1709 2670 1856 2705 acquirant

1068 2717 1146 2745 mihi.

1103 2766 1174 2795 Ecce
1188 2772 1270 2795 natus
1281 2771 1364 2794 estex
1374 2770 1410 2799 te,
1426 2763 1656 2800 quemadmodum
1666 2762 1753 2790 Isaias
1763 2767 1856 2798 aperto

1067 2813 1213 2846 clamabat,
1243 2814 1379 2842 Altissimi
1406 2813 1503 2845 Filius,
1526 2817 1553 2838 et
1571 2809 1656 2838 Filius
1683 2814 1745 2837 tuus
1766 2810 1856 2838 factus

1068 2865 1120 2894 est,
1141 2869 1158 2888 ο
1172 2861 1256 2897 Virgo
1271 2866 1358 2893 easta,
1372 2861 1420 2896 qui
1443 2860 1515 2888 ﬁlios
1534 2858 1623 2887 Patris
1639 2858 1760 2887 cmleslis
1774 2858 1857 2886 emcit

1067 2916 1125 2942 eos,
1141 2908 1189 2944 qui
1205 2912 1230 2936 te
1244 2909 1412 2936 collaudaut.
