2069 3159
220 165 288 199 1075

784 174 814 204 S.
835 173 991 204 JOSEPHI
1011 174 1169 205 HYMNOG
1176 175 1294 206 RAPHI

1780 173 1848 205 1076

254 226 276 254 Ο
291 224 374 260 Virgo
383 225 451 254 lucis
463 227 592 262 genitrix,
606 229 704 256 anima!
712 236 778 256 mea-
793 230 880 257 nubcs
889 230 1002 265 expelle,

1091 233 1270 268 Φωτοκυῆτορ
1300 231 1440 267 Παρθένε,
1459 232 1510 267 τῆς
1532 232 1622 268 ψυχῆς
1647 240 1697 266 μου
1720 231 1756 258 τὰ
1779 232 1848 267 νέφη

221 277 250 299 ct
266 273 396 303 concede.
409 281 425 300 ο
435 272 548 301 Domina
560 275 634 301 omni
649 275 729 302 laude
740 276 914 309 celebranda,
930 282 961 304 ut
975 277 1008 304 ad

221 318 312 346 radios
337 318 484 346 salutiferae
513 320 727 355 pulchritudinis
752 321 827 349 illius
850 322 895 356 qui
911 330 944 350 ex
963 328 1010 350 tuo

220 364 395 392 sanctissimo
428 370 506 393 utero
531 366 558 393 in
580 367 668 394 lucem
695 367 815 403 gentium
842 369 1007 401 coruseavit,

221 417 287 443 pure
303 409 487 437 illuminctur.

220 476 271 512 75
289 476 329 504 Ea:
350 486 449 505 canone
465 479 492 506 in
508 478 714 542 SS.di_i{a1réyres
730 482 860 518 Agapium
872 488 896 510 et
909 484 1007 516 socios,

583 523 605 542 te

583 523 605 542 τε

255 578 405 614 Splendore
420 582 589 611 lucidissime
607 584 692 616 illius,
708 586 754 619 qui
768 594 799 613 ex
813 590 838 613 te
854 590 932 615 ortus
946 591 1006 621 est,

220 625 356 660 illumina,
369 635 386 655 o
397 628 487 664 Virgo,
499 631 616 665 pupillas
631 631 730 659 animae
746 640 822 665 meae,
840 638 868 661 ut
881 638 906 662 te
922 634 1007 668 glori-

220 671 302 699 ﬁcare
322 674 436 708 possim.

255 718 413 748 Creatorem
430 722 604 758 agnOvimus,
622 723 668 758 qui
686 723 711 750 in
724 725 814 752 carnis
830 725 1008 753 similitudine

220 769 331 800 propter
351 767 456 794 viscera
477 768 671 796 misericordiae
683 778 741 797 suae
756 779 787 798 ex
805 776 883 799 utero
900 776 947 799 tuo
963 772 1007 799 lu-

221 811 317 845 cifero,
336 820 352 839 ο
367 812 453 841 Mater
468 822 576 849 semper
597 815 690 851 Virgo,
714 817 841 852 apparuit
864 817 1007 846 manifeste

219 859 298 885 nobis
311 859 531 888 collaudantibus
545 866 580 890 te.

1060 278 1206 310 ἁπέλασον,
1229 277 1275 304 καὶ
1294 277 1366 304 δίδου
1391 276 1519 312 καθαρῶς
1543 275 1846 313 προσενοπτρίζεαθαι,

1059 323 1202 356 Δέσποινα,
1220 324 1250 350 τὸ
1269 324 1401 359 σωτήριον
1413 323 1510 355 κάλλος
1525 324 1571 350 τοῦ
1589 323 1747 358 λάμψαντος
1762 322 1848 358 appa-

1059 378 1112 401 τως
1130 370 1162 396 ὲκ
1183 370 1233 403 τῆς
1249 369 1299 404 σῆς
1323 368 1461 403 παναγίας
1486 369 1581 405 νηδύος
1604 370 1644 401 εἰς
1670 368 1730 404 φῶς
1748 368 1846 402 ἐθνῶν,

1060 416 1231 452 πανύμνητε.

1066 481 1117 509 Ἐκ
1132 481 1185 508 τοῦ
1204 481 1334 514 κανόνος
1344 482 1385 513 εἲς
1395 481 1467 517 τοὺς
1481 481 1586 517 ἁγίους
1600 481 1750 517 μάρτυρας
1771 481 1849 517 Ἁγά-

1165 525 1235 544 πιον
1253 517 1301 543 καὶ
1318 516 1388 549 τοὺς
1405 516 1465 543 σὺν
1482 516 1571 550 αὐτῷ,
1585 517 1680 551 ἡμέρᾳ
1697 516 1737 544 ιε’.

1094 583 1180 618 Αῖγλῃ
1204 582 1367 618 φαεινοτάτῃ
1390 581 1436 608 τοῦ
1451 582 1483 608 ἐκ
1501 582 1559 615 σοῦ,
1577 583 1711 619 Παρθένε,
1737 584 1847 611 ἀνατει-

1058 631 1154 662 λαντος
1163 631 1211 665 τῆς
1226 630 1314 666 ψυχῆς
1330 638 1380 663 μου
1396 629 1442 660 τὰς
1452 628 1536 664 κόρας
1547 630 1762 666 φωταγώγησον,
1773 632 1846 663 ὅπως

1058 677 1162 710 δοξάζω
1180 685 1219 704 σε.

1094 723 1199 759 Σαρκὸς
1215 724 1368 760 ὁμοιώματι
1392 723 1594 760 ὲμφανισθέντα
1608 723 1640 750 ὲκ
1659 723 1708 758 τῆς
1724 723 1848 757 φωτοφὸ-

1060 779 1107 805 ρου
1122 770 1228 805 νηδύος,
1243 770 1290 798 τὸν
1323 770 1443 806 κτίστην
1469 770 1628 805 ἐπέγνωμεν
1644 769 1688 796 διὰ
1707 769 1848 804 σπλάγχνα

1059 817 1161 850 ἐλέους,
1178 818 1245 852 ἡμῖν
1260 818 1316 849 τοῖς
1333 817 1448 853 ὑμνοῦσι
1468 825 1510 851 σε,
1523 817 1619 853 Μήτερ
1635 816 1811 852 ἀειπάρϐινε.

258 903 432 940 Unguentum
458 908 603 942 suscepisti
625 909 650 936 in
668 913 746 936 utero
773 914 830 942 tuo,
846 918 863 938 ο
881 915 956 938 casta
980 915 1002 938 et

1094 908 1189 944 Μύρον
1213 909 1241 935 ὲν
1259 907 1360 943 γαστρὶ⁸
1385 906 1431 934 τὸν
1450 907 1537 941 Λόγον
1560 906 1683 939 ὑπεδέξω
1697 927 1703 939 ,
1728 907 1846 941 ἆχραντε

218 950 358 984 imiolata,
378 951 495 980 Verbum
512 954 627 988 scilicet,
643 955 717 990 quod
736 956 867 984 mundum
885 965 900 984 a
915 957 1008 984 [mdis-

219 999 290 1026 simo
304 1000 426 1027 omnium
439 1006 614 1035 peccatorum
628 1003 712 1030 odore
728 1004 900 1038 repurgavit:
913 1011 1009 1039 quam~

219 1046 312 1073 obrem
328 1049 354 1073 te
368 1054 430 1074 cum
447 1047 498 1075 ﬁde
513 1047 621 1075 beatam
639 1048 817 1084 appellamus.

256 1089 362 1117 Divinis
384 1091 499 1119 canticis
530 1091 672 1128 Driparam
692 1093 786 1121 ﬁdeles
807 1094 1008 1127 beatiﬁcemus,

219 1136 361 1165 dicentes:
378 1136 469 1170 Salva,
489 1143 579 1173 porta,
604 1147 652 1174 per
671 1147 754 1174 quant
775 1141 851 1168 solus
875 1141 1008 1169 Dominus

219 1184 408 1217 pcrtransivit.

254 1230 277 1257 0
289 1231 434 1265 purissima
451 1239 550 1267 sponsa
565 1232 609 1260 Dei
623 1232 691 1266 (55),
702 1240 763 1267 quae
776 1237 871 1260 sancto
886 1233 1008 1268 germine

219 1279 267 1304 tuo
289 1276 458 1305 inﬁdi-litatis
474 1279 580 1312 plantas
597 1278 734 1306 areiecisti
745 1300 752 1312 ,
772 1279 859 1307 hostis
875 1279 1006 1307 malitiam

219 1321 362 1356 iminiuue,
379 1323 407 1350 in
423 1331 468 1351 me
482 1324 592 1352 assidue
607 1324 828 1359 repullulantem.

253 1411 370 1440 Exsolve
384 1421 437 1446 me,
453 1420 469 1441 ο
483 1413 754 1447 immaculatissima,
774 1413 1005 1442 inextricabilium

218 1462 395 1493 peccatorum
426 1459 543 1487 \inculis
567 1459 743 1495 colligatum,
769 1467 801 1488 ac
824 1459 1006 1495 lacrymarum

218 1503 321 1531 imbres
349 1505 469 1532 concede
490 1505 566 1537 mihi,
582 1506 689 1533 canenti
716 1506 750 1533 ad
771 1513 833 1533 eum
851 1507 898 1541 qui
915 1515 949 1534 ex
980 1511 1006 1535 te

218 1556 296 1579 ortus
310 1555 376 1579 est:
401 1551 565 1580 Benedictus
593 1560 640 1585 es,
672 1551 742 1580 Deus
762 1557 868 1587 patrum
900 1557 1007 1582 nostro-

218 1604 291 1625 rum.

254 1642 362 1670 Hedere
386 1642 561 1677 passionibus
580 1641 671 1670 cordis
685 1642 750 1675 mei,
769 1650 787 1670 o
801 1646 888 1669 mater
908 1641 1003 1670 Salva-

218 1686 297 1718 toris,
316 1693 376 1721 quae
393 1686 620 1721 impassibilitatis
638 1686 739 1714 fontem
759 1687 899 1722 peperisti,
929 1692 955 1715 et
970 1688 1003 1715 ad

218 1732 300 1758 vitam
317 1732 436 1759 divinam
453 1732 541 1760 deduc
555 1740 608 1765 me,
625 1736 655 1759 ut
667 1733 816 1768 gloriﬁcent
834 1738 860 1760 te
873 1733 899 1760 in
914 1734 1004 1760 omnia

217 1779 328 1806 saecula.

252 1826 360 1854 lllustra
387 1833 441 1860 me,
458 1833 475 1854 ο
492 1825 745 1859 intemeratissima,
771 1826 945 1862 negligentiae
963 1831 1004 1853 te-

252 1916 307 1952 (55)
322 1916 407 1944 Nemo
427 1917 532 1944 nescire
545 1894 626 1944 debet
649 1916 750 1952 (inquit
764 1916 926 1944 Ambrosius
951 1915 1005 1943 Ca-

215 1952 341 1980 tharinus
357 1954 383 1979 in
407 1951 512 1987 DiSput.
530 1960 578 1986 pro
603 1953 716 1979 veritate
743 1951 926 1979 immaculata;
940 1959 1004 1978 con-
1019 1973 1025 1980 .

215 1988 348 2022 captionis
378 1988 440 2014 libr.
455 1995 496 2021 in,
517 1987 618 2015 testim.
635 1987 675 2021 6,)
698 1988 771 2021 quod
799 1988 826 2013 in
854 1987 1004 2022 Scripturis
1025 2016 1028 2020 λ

214 2023 328 2055 sanctis,
352 2024 422 2049 inter
457 2023 568 2054 multas,
589 2030 650 2056 quae
677 2022 714 2049 ibi
743 2027 1004 2052 commemorantur,

214 2058 432 2086 atloleseentulas
460 2063 488 2085 et
501 2058 670 2085 concubinas
685 2058 766 2092 regis,
782 2058 838 2084 imo
863 2058 945 2084 etiam
961 2065 1004 2084 re-

214 2095 303 2129 ginas,
318 2101 370 2120 una
385 2099 427 2121 est
446 2094 531 2128 ipsius
545 2093 626 2129 Regis
639 2092 741 2129 Christi
751 2092 881 2129 primaria
897 2092 1003 2129 Sponsa

213 2127 298 2156 electa
315 2133 342 2156 et
365 2127 515 2163 prmelecta,
534 2127 608 2163 quod
628 2128 667 2163 de
687 2128 774 2155 Maria
796 2129 888 2163 procul
919 2127 1002 2155 dubio

213 2161 384 2198 intelligitur,
399 2165 470 2192 sicut
493 2169 520 2190 et
544 2161 620 2197 canit
650 2162 780 2190 Ecclesia.
803 2161 871 2189 Nam
891 2168 1002 2197 propter

213 2200 344 2226 nimirum
358 2199 430 2226 illitis
444 2199 630 2226 excellentiam
645 2198 849 2230 declarandam,
867 2198 998 2231 scriptum

213 2240 272 2261 est:
291 2234 435 2269 Sexaginta
452 2239 512 2261 sunt
529 2234 634 2269 regium,
655 2238 679 2259 et
691 2234 822 2269 octoginta
837 2234 998 2269 concurbimrv,

213 2269 468 2296 adolescentularum
482 2277 530 2296 non
544 2273 582 2295 est
599 2276 733 2295 numerus.
751 2268 809 2295 Una
828 2273 866 2295 est
881 2268 1002 2295 columba

213 2313 281 2336 mea,
293 2305 410 2340 perfecta
434 2313 503 2331 nica.
515 2303 692 2340 Nullirautein
709 2304 761 2331 nisi
783 2311 863 2340 supra
889 2303 999 2330 modum

212 2345 323 2367 austero
337 2341 439 2367 homini
456 2344 543 2375 potest
559 2339 769 2375 videridecens,
786 2339 858 2374 quod
867 2346 999 2375 summus

212 2379 240 2401 et
256 2375 403 2409 primarius
414 2373 462 2402 rex.
480 2374 657 2402 volueritsibi
673 2373 802 2408 adoptare
820 2375 847 2400 in
864 2373 997 2408 Sponsam

214 2411 305 2440 talem.
322 2411 425 2437 scilicet
443 2411 557 2445 primam
587 2414 613 2437 et
636 2409 803 2444 primariam,
815 2417 874 2436 eam
891 2410 925 2436 de
945 2417 999 2445 qua

212 2445 267 2472 dici
280 2445 426 2480 aliquando
439 2444 540 2480 posset,
551 2445 590 2472 vel
604 2452 651 2479 pro
662 2445 753 2479 aliquo
766 2449 913 2476 momento,
923 2444 998 2479 quod

213 2481 264 2507 sub
281 2481 367 2508 hostis
383 2485 409 2507 et
425 2481 539 2508 adulteri
556 2484 689 2515 potestate
707 2481 787 2507 fuerit
798 2481 885 2507 :etita
898 2480 997 2507 subira

212 2523 272 2548 sua,
287 2521 312 2543 et
328 2515 416 2542 Patris
435 2516 477 2543 sui
503 2516 613 2542 maximi
637 2520 663 2542 ct
681 2515 805 2543 altissimi
826 2515 916 2549 Regis,
935 2522 996 2542 cum

212 2551 364 2586 pr.rsei'tiin
376 2552 493 2586 potuerit
503 2551 560 2585 ipse
572 2558 603 2577 ac
617 2551 730 2582 noverit,
741 2551 763 2578 si
775 2551 856 2578 modo
870 2550 996 2582 voluerit,

211 2594 270 2613 eam
294 2587 438 2621 praeripere
450 2594 482 2613 ac
499 2593 666 2622 praeservare
688 2586 750 2618 sibi,
768 2594 801 2613 ne
819 2587 845 2613 in
864 2586 996 2622 hosticam

211 2629 323 2649 manum
336 2621 528 2650 dimitteretur.
542 2621 672 2653 Obsecro,
683 2621 822 2648 discamus
834 2621 885 2648 hoc
899 2621 994 2648 saltem

212 2665 227 2684 a
253 2657 397 2692 prudentia
427 2658 599 2690 smeuliuice
625 2657 738 2684 minoris
763 2656 936 2692 benignitatis
964 2664 996 2684 ac

211 2692 363 2727 prudentia
376 2693 506 2720 faciamus
524 2694 617 2720 Deum.
628 2692 655 2719 Si
664 2693 736 2718 enim
747 2697 884 2726 quaeratur
895 2699 994 2725 sponsa

211 2729 329 2761 cuipiam
348 2730 436 2762 magni
455 2729 526 2763 regis
545 2728 610 2759 lilio,
623 2727 668 2762 qui
682 2729 823 2761 speciosus
839 2727 896 2761 ipse
913 2727 995 2754 fuerit

211 2769 266 2796 prae
280 2763 342 2790 ﬁliis
356 2762 508 2795 hominum,
526 2769 573 2790 aut
600 2763 658 2797 ipse
682 2762 753 2789 ﬁlius
781 2763 832 2789 sibi
858 2762 909 2796 ipsi
934 2769 994 2790 eam

233 2802 325 2834 iuerat,
339 2799 393 2825 imo
412 2799 453 2834 (ut
474 2800 562 2834 aptior
584 2797 710 2833 parabola
733 2797 790 2831 ﬁat)
804 2798 825 2825 si
851 2799 928 2824 detur
944 2797 994 2831 ipsi

213 2832 268 2858 ﬁlio
283 2833 396 2868 eligendi
417 2832 543 2865 laeulias,
561 2835 626 2868 quill
651 2833 740 2867 potius
763 2837 790 2859 et
817 2833 948 2859 condendi
969 2837 995 2859 et

212 2869 389 2900 cunpouendi
414 2874 534 2903 potestas
556 2876 636 2894 unam
660 2868 778 2902 aliquam
799 2875 847 2901 pro
869 2872 942 2898 voto,
959 2875 993 2894 an

212 2909 317 2936 quieso,
335 2903 414 2931 talem
438 2904 528 2939 eliget,
546 2908 593 2930 aut
617 2903 668 2930 sibi
691 2905 798 2934 condet,
814 2910 895 2937 quatit
919 2911 993 2930 com-

1063 953 1147 989 ἁγνὴ,
1173 953 1219 980 τὸν
1246 953 1349 987 κόσμον
1381 952 1513 985 δυσωδίας
1543 952 1766 988 ἀποκαθαίροντα
1794 952 1846 978 πά-

1061 1005 1110 1032 σης
1138 996 1192 1023 τῶν
1222 996 1428 1032 ὲπταισμένωνο
1456 996 1518 1023 ὅθεν
1541 997 1645 1029 πιστῶς
1673 1005 1702 1023 σε
1728 996 1846 1032 μακαρί-

1059 1042 1292 1123 ζοιΐῗμνο).ογίαις
1315 1088 1402 1120 θείαις
1419 1089 1469 1124 τὴν
1488 1087 1620 1115 Θεοτόκον
1641 1088 1732 1115 πιστοὶ
1759 1096 1848 1123 μακα-

1060 1134 1181 1169 ρίσωμεν
1191 1142 1198 1150 ·
1215 1135 1312 1170 Χαῖρε,
1328 1135 1464 1169 λέγοντες,
1478 1135 1562 1170 πύλη,
1578 1135 1613 1170 ἢν
1627 1134 1706 1170 μόνος
1719 1133 1848 1162 διώδευσε

1059 1181 1173 1216 Κύριος.

1094 1227 1249 1264 Μαράνασα
1265 1228 1297 1255 τὰ
1312 1227 1383 1263 φυτὰ
1406 1229 1456 1264 τῆς
1479 1227 1586 1260 ἀθεῒας,
1615 1226 1784 1262 πανάμωμε,
1809 1226 1848 1262 τῷ

1059 1273 1099 1308 σῷ
1131 1274 1204 1309 ἁγιω
1241 1274 1397 1310 φυτῴιτὴν
1437 1274 1696 1301 ἀναϐλαστάνουσαν
1729 1274 1758 1300 ἐν
1785 1275 1849 1309 ἐμοὶ

1058 1321 1190 1347 ἑκάστοτε
1215 1321 1263 1348 τοῦ
1289 1320 1388 1356 ἐχθροῦ
1428 1321 1529 1348 κακίαν
1562 1319 1736 1356 ἁπομείωσον
1751 1339 1761 1352 ,η
1789 1319 1848 1346 θεό-

1058 1376 1160 1402 νυμφε.

1092 1414 1156 1439 Δεδε
1161 1414 1240 1449 μένον
1250 1415 1354 1449 σειραῖς
1365 1420 1398 1449 με
1408 1413 1556 1449 ἀμυθήτων
1566 1416 1745 1448 πταισμάτων
1754 1415 1845 1448 λύσον,

1058 1460 1213 1495 πανάμωμε
1231 1460 1389 1496 παρέχουσά
1404 1469 1449 1496 μοι
1470 1460 1591 1496 δμὸρους
1612 1461 1738 1497 δακρύων
1754 1462 1844 1498 μελῳ-ν

1057 1505 1147 1532 δοῦντι
1161 1506 1197 1542 τῷ
1207 1507 1238 1533 ὲκ
1254 1507 1301 1533 σοῦ
1315 1507 1496 1533 ἁνατείλαντι·
1522 1508 1543 1534 Ο
1556 1509 1611 1534 τῶν
1625 1508 1752 1544 πατέρων
1769 1509 1848 1544 ἡμῶν

1057 1553 1134 1585 Θεὸς,
1148 1553 1294 1588 εὐλογητὸς
1311 1551 1346 1582 εἴ.

1094 1641 1183 1669 Ἴασαί
1199 1651 1250 1677 μου
1264 1641 1299 1669 τὰ
1314 1641 1387 1677 πάθη
1400 1643 1449 1678 τῆς
1464 1642 1591 1678 καρδίας,
1605 1643 1743 1676 ἀπαθείας
1755 1645 1847 1680 πηγὴν

1057 1688 1075 1724 ἡ
1089 1689 1226 1719 τετοκυῖα.
1249 1688 1297 1715 καὶ
1315 1688 1382 1724 πρὸς
1408 1689 1480 1724 ζωήν
1497 1698 1531 1724 με
1546 1689 1621 1717 θείαν
1638 1690 1844 1726 καθοδήγησον,

1057 1733 1101 1761 ἴνα
1118 1743 1150 1762 σε
1163 1733 1277 1768 δοξάζω,
1296 1735 1394 1771 Μῆτερ
1409 1735 1456 1763 τοῦ
1470 1736 1607 1771 Σωτῆρος,
1621 1736 1662 1768 εἰς
1670 1737 1774 1770 πάντας
1784 1738 1847 1770 τοὺς

1057 1781 1168 1812 αἰῶνας.

1092 1826 1164 1853 Φωτι
1181 1835 1214 1863 με
1233 1827 1378 1862 μετανοίας
1392 1827 1437 1856 τὸν
1457 1829 1651 1864 ὲσκοτισμένον
1669 1831 1702 1866 τῇ
1720 1830 1844 1866 ἀμελείᾳ,

1054 1917 1183 1954 prehendi
1205 1917 1239 1944 ab
1253 1917 1336 1954 hoste
1349 1922 1376 1945 et
1391 1918 1484 1946 violari
1508 1919 1638 1954 patiatur,
1653 1927 1734 1954 quam
1754 1926 1843 1949 tamen

1055 1952 1130 1986 prius
1153 1953 1271 1988 potuerit
1288 1953 1345 1988 ipse
1361 1961 1392 1980 ae
1415 1952 1546 1981 meruerit
1570 1952 1702 1982 servare?
1719 1955 1844 1984 Profer-to

1054 1992 1181 2024 austerus
1194 1987 1324 2024 nimirum
1343 1996 1457 2024 necesse
1467 1990 1514 2022 sit,
1530 1990 1576 2024 qui
1590 1989 1642 2017 hoc
1656 1991 1772 2017 fateatur
1786 2000 1791 2016 :
1805 1992 1845 2018 iu-

1054 2022 1285 2060 decentissimum
1300 2024 1373 2051 enim
1396 2028 1437 2051 est
1453 2023 1505 2052 hoc
1529 2022 1556 2052 in
1583 2032 1683 2060 sponsa
1704 2025 1842 2060 primaria.

1054 2056 1216 2098 Foedissime
1243 2058 1315 2085 enim
1341 2059 1526 2087 elaudicarent
1554 2056 1733 2098 haeinuptiie,
1755 2069 1843 2098 neque

1053 2096 1130 2131 enini
1150 2101 1251 2131 spons_o
1274 2098 1348 2131 easet
1375 2102 1479 2131 sponsa?
1493 2096 1669 2128 conveniens,
1688 2104 1767 2129 quem
1784 2096 1840 2131 jam

1057 2127 1212 2161 speciosum
1230 2128 1344 2156 facimus
1363 2127 1417 2164 pra:
1434 2130 1496 2157 liliis
1513 2130 1664 2157 hominum.
1679 2127 1755 2163 Quod
1777 2127 1842 2159 vero

1056 2168 1116 2200 post
1131 2171 1213 2190 unam
1232 2164 1301 2191 hanc
1314 2164 1471 2199 primariam
1487 2166 1596 2200 penitus
1617 2166 1760 2199 illibatam,
1773 2167 1841 2194 alias

1054 2198 1153 2225 habeat
1175 2199 1346 2230 Secundario.
1370 2201 1427 2227 sive
1447 2198 1569 2233 ancillas,
1591 2201 1648 2228 sive
1663 2202 1841 2234 concubinas,

1056 2234 1207 2270 redeinptas
1225 2238 1313 2262 tamen
1328 2239 1355 2262 et
1372 2237 1406 2262 ab
1427 2235 1545 2263 hostium
1563 2244 1646 2263 manu
1664 2241 1782 2270 ereptas,
1799 2242 1842 2264 at-

1053 2275 1106 2305 que
1121 2269 1180 2295 ideo
1192 2270 1372 2305 nonrpenitus
1387 2270 1514 2303 intactas,
1531 2271 1597 2298 nihil
1624 2269 1770 2299 absurdum
1790 2278 1840 2305 est,

1052 2304 1144 2341 nullus
1152 2304 1369 2339 enitnyituperio
1376 2305 1491 2336 dederit,
1501 2306 1582 2334 modo
1591 2307 1636 2333 illa
1644 2314 1697 2334 una
1708 2307 1794 2341 prima
1809 2314 1838 2336 a(

1052 2340 1186 2376 przecipua
1200 2345 1307 2376 servata
1323 2341 1358 2368 sit
1370 2340 1417 2373 illi,
1428 2345 1457 2368 ut
1467 2349 1580 2376 prorsus
1593 2340 1715 2373 illibata,
1726 2343 1839 2375 intacta,

1051 2375 1224 2402 immaculata
1243 2375 1333 2402 fuerit.
1352 2376 1422 2409 Quid
1439 2375 1528 2408 ergo?
1544 2377 1738 2404 Prudentiores
1759 2382 1837 2404 erunt

1051 2409 1103 2446 ﬁlii
1123 2410 1212 2437 saeculi
1237 2411 1264 2437 in
1284 2412 1458 2446 generatione
1482 2419 1602 2444 sua,uon
1613 2411 1776 2446 dico,quam
1793 2412 1838 2439 ﬁlii

1051 2444 1120 2472 lucis
1128 2446 1190 2479 (hoc
1199 2446 1271 2472 enim
1287 2444 1337 2480 per
1352 2447 1507 2474 socordiam
1518 2452 1638 2474 nostram
1647 2444 1719 2480 sa-pe
1725 2447 1836 2474 con'in-

1049 2480 1109 2514 εει),
1123 2481 1328 2517 seddicoquam
1339 2481 1395 2516 ipsa
1406 2482 1472 2509 lux?
1487 2482 1558 2515 ipsa,
1573 2482 1749 2517 inquam,lux
1761 2488 1838 2508 aeter-

1050 2520 1127 2552 νέμοι
1136 2516 1267 2552 sapientia
1279 2524 1351 2550 vera,
1360 2517 1430 2544 unde
1444 2519 1534 2545 omnis
1545 2517 1839 2552 sapil,quicunquesa-

1049 2550 1088 2584 pit
1096 2550 1200 2588 ἳᾼζιςὶι.
1212 2550 1279 2584 Quis
1288 2552 1358 2579 enim
1371 2553 1461 2580 dicere
1473 2553 1524 2580 hoc
1540 2550 1694 2588 potestsine
1710 2550 1840 2588 blasphe-

1048 2587 1119 2622 mia?
1128 2585 1197 2621 Ergo
1205 2588 1424 2620 spcriosnssimus
1431 2585 1552 2615 omnium
1562 2588 1725 2622 Sponsus,et
1733 2585 1838 2621 sapiem

1049 2621 1170 2648 tissimus
1181 2642 1187 2653 ,
1198 2627 1225 2649 et
1237 2623 1519 2657 onmipotentissimus
1542 2621 1608 2654 ltuit,
1622 2630 1677 2650 non
1693 2622 1771 2649 talem
1786 2623 1837 2649 sibi

1047 2657 1135 2693 potius
1146 2658 1311 2692 adoptaret-il
1328 2657 1472 2692 Sponsam,
1488 2660 1542 2685 imo
1556 2658 1598 2693 (ut
1609 2658 1766 2693 Hieronymi
1777 2662 1837 2693 utar

1047 2692 1147 2727 Verbis)
1164 2694 1245 2719 etiam
1263 2693 1425 2726 condiderit,
1439 2702 1470 2721 ac
1487 2692 1644 2724 servaverit,
1661 2693 1768 2727 qualem
1785 2692 1837 2719 sibi

1046 2728 1158 2766 omnino
1172 2729 1316 2766 convenire
1330 2729 1499 2766 praevideret,
1510 2729 1613 2756 scilicet
1627 2733 1758 2766 perpetuo
1773 2735 1836 2762 spe-

1046 2763 1160 2794 ciosam,
1174 2763 1373 2796 intemeratum,
1390 2764 1575 2796 incorruptam
1594 2763 1703 2799 penitus
1713 2768 1741 2790 et
1758 2771 1836 2799 meni-

1046 2800 1072 2834 te
1086 2802 1113 2824 et
1132 2806 1257 2833 corpore,
1272 2804 1366 2826 etcum
1390 2807 1442 2832 qua
1460 2800 1564 2827 nullum
1580 2806 1699 2834 unquam
1718 2798 1836 2834 potuerit

1046 2832 1211 2861 intervenire
1239 2835 1402 2862 dissidium?
1428 2835 1478 2867 Qui
1515 2835 1566 2862 hoc
1599 2832 1748 2866 negaverit,
1765 2832 1835 2859 male

1045 2867 1158 2904 alfeelus
1187 2870 1231 2900 sit,
1250 2877 1362 2904 prorsus
1390 2877 1500 2898 necesse
1529 2876 1580 2898 est.
1599 2879 1608 2896 ι
1627 2869 1763 2897 Hactenus
1781 2868 1835 2895 Ca-

1046 2903 1170 2931 thariuus
1197 2903 1255 2932 loco
1271 2906 1361 2933 citato.

1362 2985 1377 3000 κ
