2069 3159
246 179 311 211 1077

966 180 1147 210 MARIALE.

1800 183 1868 215 1078

243 236 409 270 πανάμωμε,
430 235 599 271 λάμπρυνον,
619 235 694 269 ὅπως
709 235 786 272 ὑμνῶ
802 236 849 264 καὶ
867 236 971 270 δοξάζω
991 237 1025 264 τὰ
1041 260 1044 266 λ

1083 237 1172 265 uebris
1188 237 1316 271 otl‘usum,
1329 238 1390 265 luce
1404 238 1583 272 pmnilentite,
1609 244 1638 266 ιιι
1652 239 1760 267 laudem
1774 247 1798 268 et
1811 242 1869 276 glo-

244 283 375 317 μεγαλεῖά
389 290 447 310 σου.

1083 283 1186 311 riﬁeem
1204 284 1339 319 magualia
1355 289 1413 311 tua.

665 357 719 392 76
740 356 781 384 Ea:
791 364 890 383 canone
903 356 929 383 in
943 355 972 383 S.
984 355 1086 390 Papam
1101 360 1254 390 martyrem,
1269 356 1313 383 die
1323 356 1354 383 16
1368 356 1447 391 (55‘).

281 425 423 461 Tanquam
438 426 542 462 angelis
557 427 678 454 sanctior
700 427 845 460 exsistens,
864 426 948 454 Deum
965 434 1030 454 san-

244 479 330 505 etum,
351 472 536 506 sanctissima,
573 473 744 508 concepisti,
776 473 822 508 qui
857 473 1029 500 sanctitatem

245 520 359 554 largitur
380 520 509 547 omnibus
534 527 595 548 sese
614 519 785 548 incessanter
802 519 1030 555 gloriﬁcantibus.

244 570 411 600 sanctosque
426 565 514 600 ipsius
532 571 668 602 martyres
686 566 891 594 venerantibus.

280 612 388 640 Canens
415 611 548 647 propheta
574 613 658 640 David
676 617 712 646 te,
739 612 783 639 Dei
800 611 905 644 Mater,
930 611 1032 639 montis

243 657 353 692 pinguis
391 656 502 684 nomine
533 657 756 686 manifestissime
789 657 1031 693 przesigniticavit,

244 711 276 730 cx
290 710 346 738 quo
361 702 473 730 advenit
494 702 623 732 Christus
633 724 641 737 ,
657 703 704 739 qui
720 703 830 731 malitiae
844 708 953 731 montes
965 710 1032 731 con-

245 749 330 776 trivit.

281 794 427 830 Templum
447 800 572 824 sanclum
590 795 752 832 apparuisti,
771 803 788 823 ο
805 794 889 831 Virgo
907 795 1032 831 innupta,

245 843 318 877 quod
334 841 418 870 Deum
436 842 463 870 in
477 850 507 871 se
530 843 678 874 continuit.
701 842 838 870 universis
858 842 1031 870 sanctitatem

1082 427 1174 458 enixa.
1193 427 1320 462 abyssum
1348 427 1480 454 malorum
1496 435 1621 456 meorum
1637 428 1758 461 exsicca.
1778 437 1795 456 ο
1817 429 1871 457 Do~

1084 473 1157 499 mina
1168 472 1353 504 sanctissima,
1367 473 1564 502 intercessione
1576 478 1633 507 tua,
1649 479 1678 502 et
1690 475 1871 510 cogitationes

1084 516 1305 552 compunctionis
1321 518 1442 545 concede
1457 519 1535 546 mibi.

1118 563 1281 592 Benedictus
1292 564 1396 593 fructus
1411 570 1474 593 tuus
1485 566 1561 593 omni
1576 566 1765 595 benedictione
1777 576 1870 595 cumu-

1084 609 1245 644 latissimus,
1262 618 1278 638 ο
1293 610 1515 638 benedictissima
1538 611 1659 644 Domina,
1675 620 1756 647 quem
1775 615 1871 648 depre-

1085 664 1158 691 care,
1174 661 1203 685 ut
1218 657 1361 685 benedicat
1372 657 1461 690 nobis,
1476 658 1521 693 qui
1536 662 1562 686 te
1577 665 1681 686 castam
1696 659 1743 687 Dei
1757 660 1870 688 Matrem

1085 703 1259 738 agnovimus.

1120 748 1213 784 Dejiee
1231 749 1392 777 fortitudine
1411 755 1469 783 tua,
1485 748 1568 785 Virgo
1592 749 1734 783 inviolata,
1759 751 1871 778 univcr-

1085 802 1143 823 sam
1159 794 1245 823 hosus
1261 794 1460 828 fortitudinem,
1479 803 1584 830 nosque
1597 796 1696 824 virtute
1709 797 1869 828 corrobors,

1085 845 1116 867 ut
1138 840 1258 868 divinam
1284 839 1331 868 (iiii
1357 840 1396 868 tui
1424 840 1592 868 voluntatem
1620 841 1753 876 perﬁcere
1779 842 1871 868 valea-

243 887 415 923 largientem,
435 893 546 923 propter
563 888 779 916 misericordiam
806 896 884 916 suam
906 887 1030 916 ineﬂabi-
1050 884 1070 912 Β
1086 893 1158 918 mus.
1187 893 1204 913 0
1224 886 1381 921 prwsidium
1408 885 1584 914 formidabile
1606 894 1701 914 eorum
1727 886 1776 922 qui
1794 887 1871 914 invo-

244 934 308 966 lem,
325 938 354 962 et
368 935 498 969 pietatem
516 942 629 969 prorsus
648 935 870 962 inenarrabilem.

279 978 328 1012 Te,
343 987 360 1006 o
371 980 424 1007 Deo
439 979 615 1013 charissima,
632 979 828 1014 Prophetarum
843 980 947 1008 chorus
962 988 1031 1016 prae-

244 1025 408 1053 monstravit
421 1025 479 1053 fore
501 1024 638 1053 Creatoris
661 1024 785 1058 Matrem,
801 1033 882 1060 quem
898 1026 958 1053 sine
975 1026 1029 1054 ulla

243 1072 450 1100 intermissione
473 1079 596 1107 precare,
630 1075 660 1100 ut
683 1071 846 1100 misereatur
873 1072 1030 1100 animarum

243 1123 400 1146 nostrarum
406 1140 413 1147 ι

277 1165 412 1199 Abyssum
423 1164 618 1193 misericordia:
637 1169 664 1193 et
674 1165 880 1193 miserationum
890 1165 1031 1194 Christum

248 1243 298 1271 Ἐκ
310 1243 366 1271 τοῦ
384 1244 513 1277 κανόνος
527 1245 571 1277 εὶς
587 1244 641 1271 τὸν
654 1244 741 1278 ἅγιον
758 1244 896 1276 Ἀλέξων
912 1244 965 1271 τὸν
978 1244 1031 1272 ἇν-

417 1282 535 1314 θρωπον
550 1279 603 1307 τοῦ
613 1280 696 1311 Θεοῦ,
708 1279 804 1314 ἡμέρᾳ
815 1279 857 1312 ιζ’.

285 1341 314 1369 '0
329 1342 396 1370 Θεοῦ
411 1343 584 1380 συνάναρχος
600 1344 663 1377 Υἱὸς
676 1344 754 1381 ἔσχεν
770 1345 808 1378 ὡς
824 1345 914 1373 αἰτίαν
934 1355 963 1373 σε
979 1346 1030 1382 τῆς

241 1390 309 1425 πρὸς
324 1391 408 1426 ἡμᾶς,
419 1389 554 1427 Παρθένε,
568 1392 726 1428 ὁμοιώσεως
739 1393 824 1428 μόνην
834 1393 905 1428 ὑπὲρ
918 1394 1029 1421 ἃπασαν

241 1435 342 1469 κτίσιν,
366 1437 496 1472 ἂχραντε,
521 1436 644 1473 καθαράν
668 1446 698 1465 σε
722 1438 890 1473 εὑράμενος·
918 1438 979 1466 ὅθεν
999 1447 1029 1466 σε

241 1482 380 1518 ὑμνοῦμεν
395 1484 480 1511 πᾶσαι
496 1484 588 1518 γενεαὶ
603 1485 650 1511 καὶ
665 1484 866 1520 μακαρίζομεν.

1085 935 1149 958 cant
1166 931 1208 958 te!

1120 975 1202 1011 Virgo
1216 981 1303 1007 casta,
1319 981 1346 1004 et
1360 976 1548 1009 immaculata,
1566 984 1626 1011 quae
1641 976 1689 1003 Dei
1715 980 1872 1011 receptacu-

1086 1020 1140 1048 lum
1158 1021 1329 1056 apparuisti,
1347 1029 1391 1048 me
1419 1021 1545 1056 plurimis
1562 1021 1681 1056 peccatis
1705 1022 1870 1049 maculatum

1084 1067 1214 1100 eutuuda,
1224 1075 1354 1103 prccor,o
1367 1067 1667 1102 Deipara,purilicativa
1675 1068 1872 1096 intercessione

1085 1118 1151 1146 tua,
1177 1118 1204 1141 et
1234 1114 1263 1141 in
1290 1114 1334 1141 die
1357 1113 1454 1149 judicii
1481 1121 1495 1141 a
1519 1114 1703 1142 damnationis
1736 1115 1872 1143 sententia

1084 1158 1169 1187 libera
1183 1167 1236 1188 me.

1085 1235 1138 1270 77
1156 1235 1199 1262 Ea:
1219 1243 1319 1264 canone
1333 1237 1359 1264 in
1376 1237 1406 1265 S.
1421 1237 1544 1265 Alesiam
1557 1238 1687 1265 hominem
1704 1238 1761 1269 Dei.
1773 1238 1815 1266 die
1828 1239 1869 1268 l7.

1119 1339 1167 1367 Dei
1181 1339 1279 1373 Filius,
1299 1341 1336 1368 illi
1352 1346 1516 1375 coaeternus,
1538 1342 1635 1370 habuit
1650 1346 1686 1375 te,
1702 1349 1718 1369 ο
1734 1341 1817 1377 Virgo
1830 1343 1871 1369 in-

1085 1385 1195 1419 violata,
1223 1390 1353 1422 tauquam
1380 1395 1504 1420 causam,
1524 1396 1578 1423 qua
1602 1388 1701 1416 similis
1724 1387 1814 1417 factus
1829 1393 1872 1417 est

1084 1432 1175 1465 nobis,
1191 1440 1254 1460 cum
1275 1437 1300 1461 te
1317 1433 1402 1460 solam
1420 1442 1504 1469 super
1520 1442 1629 1462 omnem
1649 1440 1804 1462 creaturam
1830 1435 1871 1462 in-

1083 1477 1204 1505 venisset
1222 1486 1317 1513 puram
1339 1477 1395 1514 (56)
1411 1488 1417 1506 :
1436 1480 1508 1506 umle
1527 1487 1624 1508 omnes
1643 1481 1832 1515 generationes
1847 1486 1872 1509 te

1083 1524 1235 1558 laudamus,
1256 1533 1287 1553 ac
1303 1525 1411 1553 beatam
1427 1526 1605 1561 appellamus.

281 1572 312 1599 '0
330 1572 386 1600 ἄνω
406 1574 563 1610 ἀθεώρητος
577 1576 634 1606 τοῖς
649 1575 787 1610 ἀγγέλοις,
801 1576 919 1612 ἂχραντε
930 1598 937 1610 ,
956 1578 1031 1605 κάτω

1118 1570 1170 1604 Qui
1182 1571 1309 1606 superius
1322 1573 1348 1599 in
1364 1573 1435 1600 coelo
1448 1578 1490 1601 est
1512 1574 1615 1609 angelis
1629 1573 1785 1607 invisibilis,
1803 1574 1872 1602 infc-

241 1619 274 1645 ὲκ
294 1619 342 1646 σοῦ
368 1620 513 1655 γενόμενος
548 1622 701 1657 καθορᾶται
733 1622 836 1654 τέλειος
868 1622 1027 1659 ἄνθρωπος,

240 1665 427 1702 ἀπολλύμενον
440 1667 542 1695 κόσμον
556 1668 760 1698 ἀνακτώμενος.

276 1757 422 1793 Θηλάσασα
444 1759 489 1786 τὸν
509 1759 619 1795 δοτῆρα,
645 1759 781 1796 Παρθένε,
805 1761 852 1788 τοῦ
880 1761 1028 1795 γάλακτος,

241 1803 377 1830 πεινῶσαν
395 1804 443 1831 καὶ
466 1806 612 1833 στένουσαν
632 1805 680 1832 νῦν
703 1806 752 1842 τὴν
765 1806 881 1842 καρδίαν
907 1816 958 1842 μου
984 1807 1030 1833 κό-

243 1859 319 1884 ρεσον
335 1852 424 1887 πάσης
441 1851 615 1886 ἐπιγνώσεως
628 1852 675 1879 καὶ
688 1853 860 1885 κατανύξεως
873 1853 958 1885 θείας,
974 1854 1030 1880 ἰκε-

241 1896 311 1923 τεύω
323 1905 364 1924 σε.

282 1941 310 1968 '0
326 1942 383 1976 φῶς
405 1943 540 1970 κατοικῶν
566 1943 615 1978 τὴν
641 1943 722 1978 ἁγίαν
741 1943 849 1979 ῷκησέν
874 1952 920 1970 σου
938 1943 1029 1978 νηδὺν,

241 1988 320 2024 ἁγνὴ,
347 1989 451 2024 κόσμον
474 1989 661 2025 ἀπολλύμενον
683 1990 774 2016 σκότει
800 1991 937 2024 ἀγνωσίας
963 1990 1029 2016 ἁνα-

242 2033 390 2067 κτώμενος,
404 2034 433 2062 ὃν
457 2035 562 2062 ίκέτευε
581 2036 684 2068 πάντας
696 2036 815 2070 φωτίσαι
831 2035 892 2067 τοὺς
914 2034 1030 2069 ὑμνοῦν-

241 2079 290 2111 τέις
307 2088 348 2108 σε.

279 2127 385 2162 Νόμους
399 2128 517 2162 φύσεως,
535 2128 654 2164 ἄχραντε
669 2128 815 2159 Δέσποινα,
833 2127 1029 2164 ὁΔημιουργὸς

242 2174 453 2207 καινουργῆσας,
463 2172 514 2208 τῆς
526 2173 640 2204 κτίσεως
648 2174 680 2199 ὲκ
690 2172 737 2199 eo?)
748 2172 877 2209 ἀρῤήτως
891 2171 1028 2204 τίκτεται,

243 2219 290 2245 καὶ
305 2218 362 2245 Geo!
373 2227 407 2254 με
422 2219 455 2245 δι’
469 2219 589 2255 ἄμετρον
605 2218 690 2251 ἔλεος.

277 2309 404 2344 Μεγαλου
428 2309 552 2340 διάκονος
577 2309 608 2336 σὺ
630 2308 781 2344 μυστηρίου
805 2307 915 2341 ἐγένου,
942 2306 1030 2333 πανά-

242 2363 338 2390 μωμε⁶
354 2355 420 2382 Θεὸν
437 2355 492 2390 γὰρ
506 2355 693 2389 ὲσωμάτωσας
710 2354 836 2389 μεγάλων
850 2352 943 2380 κακῶν
956 2353 1030 2388 ἡμᾶς

240 2402 478 2438 ἀπολυτρούμενον
496 2401 560 2433 τούς
576 2410 606 2428 σε
619 2401 832 2437 μεγαλύνοντας,
848 2399 928 2435 ἁγνὴ,
953 2399 1030 2425 εὐλο-

242 2449 348 2484 γημένη
363 2448 556 2484 θεοχαρίτωτε.

283 2495 446 2526 Ῥεύσαντας
461 2496 535 2530 ἡμᾶς
551 2496 583 2530 τῇ
602 2495 685 2521 πάλαι
705 2494 861 2530 παραϐάσει
883 2494 1029 2522 ἀνακαινί-

241 2541 295 2573 ςων
311 2542 325 2568 ὁ
338 2541 528 2577 φιλάνθρωπος
543 2541 701 2577 ἁρῤεύστως
714 2541 888 2576 σεσάρκωται
902 2541 932 2573 ἐξ
944 2540 1031 2575 ἀφθόο

279 2632 346 2668 (55')
362 2632 455 2660 Graeca
472 2632 571 2659 desunt
586 2630 615 2668 in
629 2630 736 2668 “alneis
750 2630 904 2668 il!‘pl‘_(‘_$5i$o

277 2665 409 2703 (56)'Non
429 2668 577 2694 invenisset
600 2666 645 2693 Dei
667 2665 751 2703 Filius
771 2666 801 2693 Β.
816 2665 953 2703 Virginem
980 2673 1027 2703 rso-

241 2701 293 2731 Iam
314 2701 387 2730 uului
402 2707 525 2730 creatura
539 2703 685 2736 puriorem,
701 2702 723 2730 si
738 2702 794 2729 ha'c
814 2709 868 2729 nou
883 2701 965 2728 fuerit
979 2702 1029 2728 im-

242 2739 333 2766 munis
367 2738 402 2764 ab
423 2737 548 2776 originali
563 2738 692 2776 _ma_«'ula,
709 2745 761 2772 qua
791 2737 870 2776 primi
900 2740 1028 2776 parentes

240 2778 388 2801 caruerunt
407 2774 490 2800 creati
512 2774 537 2800 in
559 2773 665 2807 justitia
681 2778 707 2800 et
723 2772 868 2799 sanctitate
891 2772 1026 2799 veritatis.

240 2809 308 2836 Cum
323 2814 414 2836 autem
437 2808 522 2836 solam
539 2809 613 2835 omni
637 2813 761 2835 creatura
788 2807 924 2841 puriorem
950 2807 1027 2833 inve-

242 2845 338 2876 nisset,
360 2844 387 2870 in
403 2851 434 2870 ea
450 2843 545 2869 habuit
564 2851 674 2870 causam
702 2851 754 2878 qua
771 2842 869 2869 similis
881 2842 970 2878 nobis
981 2842 1028 2868 iic-

242 2885 293 2911 I‘t'l,
309 2886 405 2912 nempe
418 2886 552 2905 summam
569 2876 725 2912 puritatem,
743 2878 801 2905 siue
812 2885 863 2911 qua
879 2877 924 2903 [Μ
943 2876 1027 2903 Filius

243 2915 271 2942 in
285 2921 317 2943 ca
331 2922 386 2942 Il0l|
398 2913 494 2942 fuisset
509 2913 676 2942 incarnatus.
692 2913 750 2942 Non
765 2913 837 2941 enim
853 2912 963 2940 decebat
975 2920 1026 2948 pu-

1083 1618 1142 1645 rius
1173 1618 1199 1645 in
1224 1623 1296 1646 terra
1312 1625 1393 1647 natus
1409 1627 1441 1646 ex
1458 1623 1495 1652 te,
1509 1627 1524 1646 ο
1537 1619 1680 1653 inviolata,
1693 1620 1728 1648 ab
1743 1621 1873 1648 omnibus

1080 1663 1250 1698 conspicitur
1277 1664 1414 1700 perfectus
1448 1665 1550 1699 homo,
1576 1666 1711 1701 perditum
1740 1667 1873 1695 mundum

1081 1715 1305 1744 recuperaturus.

1117 1755 1139 1782 0
1155 1754 1248 1791 Virgo,
1265 1764 1326 1792 quae
1342 1757 1463 1784 datorem
1482 1758 1560 1786 laCIis
1576 1758 1696 1791 lactasti,
1713 1767 1762 1787 eor
1783 1767 1872 1787 meum

1081 1801 1235 1830 famesccns
1248 1811 1279 1830 ac
1289 1811 1400 1838 gemens
1411 1804 1491 1838 satia,
1502 1812 1609 1840 precor,
1625 1806 1701 1833 omni
1718 1806 1874 1842 cognitione

1082 1856 1114 1876 ac
1126 1850 1338 1884 compunctione
1356 1850 1462 1881 divina.

1117 1939 1169 1974 Qui
1188 1940 1294 1968 habitat
1307 1941 1333 1968 in
1350 1941 1421 1974 lucc,
1456 1942 1483 1970 in
1496 1946 1593 1971 sancto
1612 1948 1689 1971 utero
1701 1948 1748 1971 tuo
1764 1943 1872 1971 habita-

1082 1987 1130 2019 vit,
1147 1992 1271 2020 ocasta,
1301 1993 1331 2015 ut
1352 1988 1484 2016 mundum
1509 1988 1536 2016 in
1561 1989 1680 2016 tenebris
1714 1989 1874 2024 ignorantia:

1082 2037 1243 2067 pereuntem
1276 2040 1469 2069 recuperaret;
1498 2036 1624 2063 eumdem
1655 2036 1816 2071 deprecare,
1844 2042 1873 2063 ut

1082 2087 1176 2107 omnes
1192 2086 1216 2107 te
1230 2079 1372 2108 laudantes
1389 2081 1533 2110 illumiuct.

1118 2125 1185 2152 Cum
1205 2131 1397 2154 creaturarum
1422 2128 1547 2156 conditor
1579 2134 1682 2156 natura:
1699 2129 1771 2164 leges
1792 2130 1873 2157 iuno-

1082 2177 1191 2206 vassct,
1212 2180 1227 2200 ο
1244 2171 1360 2201 Domina
1387 2174 1533 2206 inviolata,
1555 2183 1588 2203 ex
1603 2180 1628 2202 te
1645 2175 1775 2203 ineﬂabili
1791 2176 1873 2202 mode-

1083 2223 1227 2255 natusest,
1249 2225 1330 2248 etme
1353 2225 1463 2256 propter
1478 2221 1640 2249 immensam
1658 2223 1873 2250 miSericordiam

1046 2256 1071 2285 Ῑ)
1085 2273 1162 2292 suam
1175 2265 1319 2294 deiﬁcavit.

1121 2309 1209 2345 Magni
1227 2312 1347 2347 mysterii
1362 2313 1486 2340 ministra
1498 2313 1567 2341 facta
1580 2321 1610 2341 es
1625 2317 1667 2347 tu,
1682 2323 1699 2341 o
1713 2314 1874 2342 immacula-

1083 2357 1205 2390 tissima;
1224 2358 1307 2385 Deum
1320 2359 1392 2386 enim
1409 2360 1572 2393 corporasti,
1586 2360 1632 2395 qui
1648 2368 1662 2388 a
1677 2361 1784 2395 magnis
1797 2361 1875 2388 malis

1084 2403 1199 2431 redemit
1208 2412 1268 2435 nos,
1278 2404 1322 2438 qui
1332 2410 1356 2432 te
1365 2405 1537 2440 magniﬁcam
1543 2414 1584 2438 us,
1593 2414 1610 2433 0
1618 2411 1706 2439 casta,
1720 2407 1873 2440 benedicta,

1084 2447 1139 2475 Deo
1155 2448 1331 2477 charissima.

1119 2494 1184 2526 Nos,
1201 2495 1247 2529 qui
1274 2501 1382 2530 propter
1397 2495 1538 2531 antiquam
1558 2497 1804 2532 transgressionem
1822 2497 1871 2524 de-

1083 2539 1249 2568 ﬂuxeramus
1274 2541 1301 2568 in
1330 2542 1556 2577 corruptionem,
1586 2543 1699 2570 Amator
1732 2543 1873 2570 hominum

1081 2632 1187 2674 ritatem
1201 2632 1339 2672 inﬁnitam
1352 2640 1384 2673 ex
1400 2632 1495 2673 hlatre,
1508 2642 1569 2669 qua:
1580 2634 1725 2674 aliquando
1736 2635 1872 2674 contami-

1083 2673 1144 2704 nata
1170 2666 1275 2700 fuissot,
1292 2668 1425 2703 progigni,
1439 2676 1502 2704 cum
1517 2666 1724 2704 planet-iturum
1748 2669 1871 2696 sordiqu

1083 2703 1141 2736 ipsa
1158 2710 1267 2764 (guoque
1281 2705 1412 2730 memoria
1435 2703 1571 2731 oﬂ‘emtere
1593 2704 1688 2731 soleat.
1703 2703 1873 2738 Quapropter

1083 2739 1148 2764 dum
1187 2758 1194 2764 .
1207 2737 1343 2764 Josenhus
1359 2737 1500 2764 Deinaram
1517 2739 1602 2764 solam
1617 2746 1631 2764 a
1650 2739 1703 2764 Deo
1715 2746 1797 2764 suner
1813 2747 1873 2764 0m-

1083 2739 1148 2765 dum
1165 2737 1194 2764 S.
1207 2737 1343 2773 JOSephus
1359 2737 1500 2771 Deiparam
1517 2739 1602 2766 solam
1617 2746 1631 2764 a
1650 2739 1703 2765 Deo
1715 2746 1797 2772 super
1813 2737 1873 2766 olit-

1082 2781 1130 2800 ucs
1148 2779 1287 2801 creaturas
1310 2774 1427 2808 puritate
1454 2773 1599 2808 fulgentem
1617 2774 1754 2800 inventam
1770 2773 1867 2808 fuisse,

1082 2808 1232 2842 eademque
1246 2809 1280 2836 de
1298 2816 1381 2836 causa
1407 2808 1433 2836 in
1462 2808 1506 2835 Dei
1520 2808 1633 2835 Matrem
1662 2809 1776 2836 electam
1797 2809 1873 2836 afﬁr-

1083 2849 1148 2877 mat,
1162 2851 1269 2872 omnem
1282 2844 1317 2872 ab
1336 2844 1393 2880 ipsa
1407 2843 1582 2879 original-iam
1602 2843 1737 2871 maculam
1758 2845 1872 2880 propul-

1082 2884 1134 2906 SM.
