2069 3159
219 196 287 229 1019

785 205 815 234 S.
834 206 991 237 JOSEPIII
1014 209 1291 261 ΠΥΜΝοίξΒΑΡΗΙ

1773 207 1841 242 1080

217 255 417 284 renovaturus,
448 251 692 288 incorruptibiliter
715 256 874 286 incarnatus
904 266 945 288 est
969 269 1001 289 ex

1056 272 1102 297 pou
1118 252 1175 295 σοῦ,
1195 263 1361 298 πανάμωμε,
1381 263 1487 298 νηδύος,
1506 262 1554 291 καὶ
1567 262 1704 300 ὲρῤὗσατο
1717 262 1841 295 ἅπαντας

216 295 360 329 impolluta
381 301 459 324 tttcro
482 302 539 332 tuo,
556 306 572 326 ο
589 301 746 335 purissima,
775 308 856 339 atque
879 313 974 335 omnes
988 315 1002 334 a

217 341 321 374 peccati
339 343 515 377 corruptione
539 344 675 381 liberavit,
693 355 710 375 ο
727 348 857 379 immunis
873 353 907 380 ab
929 354 1003 381 omni

217 386 323 413 macula
341 387 410 421 (57).

252 432 292 458 Ad
309 437 334 459 te
348 432 483 462 Gabrielis
495 436 608 465 vocibus
629 438 772 468 lmtabttndi
787 441 948 477 clamamus,
961 445 1004 472 di-

192 515 194 522 Ι
216 482 310 506 centes
325 488 331 506 :
349 479 439 512 Salve,
454 488 470 508 o
485 489 550 516 ager
565 483 687 518 inarate;
704 487 788 521 salve,
805 495 822 516 o
835 489 1005 518 maledictio-

217 524 260 552 nis
276 525 390 554 solutio:
405 527 490 560 salve,
507 536 523 555 ο
535 529 596 557 fons
611 538 689 566 aqua;
703 533 788 567 vivae;
807 535 890 567 salve,
903 536 1004 571 gloria-

217 571 256 598 tio
268 576 428 600 sanctorum
457 573 572 610 Deipara
586 584 695 612 semper
708 578 800 615 Virgo.

216 651 272 687 78
291 651 332 679 Ex
356 661 456 681 canone
478 655 505 682 in
528 655 580 683 SS.
608 656 821 694 Chrysanthum,
846 666 872 689 et
892 662 1004 690 Darium

482 696 623 726 martyres,
637 693 679 720 die
696 695 740 722 l9.

252 762 303 796 Qui
323 764 473 792 secundum
488 771 615 794 naturam
635 768 754 797 divinam
769 775 812 798 est
827 771 1004 799 inaccessibi-

217 807 261 840 lis,
289 810 458 838 accessibilis
487 814 614 847 apparuit
639 815 728 846 mihi.
754 823 787 843 ex
813 821 857 848 te,
880 824 897 844 ο
923 817 1005 853 Virgo

216 863 299 882 carne
323 863 451 892 suscepta
468 867 473 884 :
489 866 570 893 quem
597 860 677 888 Daria
697 863 895 897 concupiscens
908 884 914 896 ,
937 871 1004 891 con-

217 906 321 930 stanter
342 903 510 938 decertavit,
534 909 561 932 et
583 905 609 933 in
632 914 740 942 sponsae
762 916 864 938 morem
883 909 917 937 ad
941 917 1004 937 eum

217 948 335 976 adducta
353 954 404 977 est.

253 993 350 1028 Filius,
376 995 422 1030 qui
436 1004 468 1023 ex
486 1001 563 1025 utero
588 1002 646 1031 tuo,
664 1007 680 1026 ο
696 998 780 1035 Virgo
802 1001 943 1034 inviolata.
960 1009 1004 1029 se-

217 1040 337 1067 cundum
347 1048 457 1068 carnetn
471 1048 552 1071 natus
561 1049 613 1077 est,
626 1045 800 1081 (lesponsavit
811 1048 862 1075 sibi
876 1056 1004 1083 sponsam

216 1090 319 1112 castam
341 1091 488 1122 martyrem
510 1088 629 1118 Dariam.

252 1130 541 1166 lncomprebensibilis
555 1135 600 1163 ille
613 1136 648 1163 ab
664 1137 738 1164 omni
752 1137 902 1171 intellectu,
917 1140 964 1174 qui
979 1144 1005 1168 te

216 1181 278 1211 post
306 1183 413 1212 partum
439 1180 572 1215 virginem
606 1183 797 1217 conservavit,
825 1185 1003 1219 quemadmo-

216 1222 280 1249 dum
306 1223 398 1252 l'ueras
419 1231 481 1253 ante
504 1232 624 1261 partum,
645 1235 678 1255 ex
703 1233 738 1262 te,
769 1237 785 1257 ο
804 1230 944 1263 inviolata,
964 1231 1005 1258 in-

216 1273 346 1296 carnatus
377 1274 438 1303 est,
470 1271 578 1299 Dariam
615 1278 760 1309 martyrem
790 1275 842 1303 sibi
873 1282 1003 1310 sponsam

216 1322 367 1343 aselsccns.

251 1360 319 1393 Quis
334 1366 410 1388 tuum
429 1363 518 1391 valeat
536 1364 675 1399 explicare
692 1366 864 1401 mysterium,
878 1373 895 1394 ο
907 1367 1005 1395 castis-

216 1405 307 1432 sima?
337 1406 421 1434 Deum
448 1409 520 1435 enim
548 1408 688 1443 Verbum,
714 1418 796 1445 supra
830 1412 1004 1446 cogitationis

215 1450 345 1486 verbique
367 1459 541 1487 conceptum,
556 1454 694 1489 duplicem
708 1455 736 1482 in
750 1461 848 1483 natura
862 1456 1003 1491 peperisti.

251 1497 289 1525 Te
303 1501 433 1533 tanquam
450 1507 550 1527 novum
565 1508 680 1536 puerum
697 1500 780 1537 Virgo
794 1502 910 1537 peperit,
928 1506 1005 1530 antc-

215 1544 347 1571 saeculare
369 1544 504 1578 Verbum,
534 1547 607 1580 quod
639 1547 737 1582 puellae
764 1548 1002 1583 concupiscentes,

216 1594 346 1625 tanquam
371 1598 477 1625 sponsae
495 1596 556 1626 post
569 1592 643 1619 illam
662 1593 785 1622 adducta:
799 1598 864 1622 sunt
880 1593 928 1621 tibi
944 1601 1003 1622 om-

215 1635 291 1663 nium
309 1635 386 1672 Regi.

253 1682 305 1716 Qui
329 1684 480 1712 secundum
505 1685 625 1712 dirinam
652 1686 834 1714 substantiam
856 1690 898 1714 est
921 1686 1005 1714 incir-

217 1728 411 1764 cumscriptus,
445 1729 471 1756 in
499 1730 562 1757 sinu
589 1734 656 1763 tuo,
683 1738 701 1759 ο
724 1731 826 1767 Virgo,
857 1731 946 1759 factus
963 1737 1005 1759 est

217 1773 315 1801 similis
344 1774 424 1802 nobis
450 1776 600 1802 secundutn
629 1783 738 1804 carnem
769 1777 1003 1812 circumscriptus.

217 1818 363 1847 Benedicta
385 1828 414 1848 es
430 1826 457 1848 tu
473 1821 544 1848 inter
560 1822 701 1856 mulieres,
717 1829 734 1849 o
748 1822 859 1850 domina
873 1823 1004 1851 immunis

218 1865 252 1891 ab
263 1865 337 1892 omni
353 1868 469 1894 macula.

253 1911 318 1939 Cum
337 1917 362 1940 te
378 1918 506 1948 tanquam
530 1922 621 1942 rosant
641 1915 667 1942 in
685 1915 773 1942 medio
799 1916 940 1950 spinarum
956 1915 1007 1942 hu-

214 1958 261 1994 jus
286 1960 365 1992 Vitte,
397 1960 547 1988 invenisset
574 1961 644 1988 Deus
669 1961 871 1989 itnmaculatam
899 1961 973 1996 (58),
989 1969 1006 1989 ο

218 2005 388 2040 castissima,
416 2006 549 2034 habitavit
570 2008 597 2034 in
626 2013 703 2035 utero
729 2011 776 2035 tuo
803 2008 955 2041 ittviolato,
979 2011 1021 2034 ets

217 2051 333 2086 mystica
343 2053 530 2080 suaveolentia
544 2053 655 2088 replevit
668 2055 800 2081 mundum
818 2055 982 2082 clamantem
999 2063 1005 2081 :

217 2095 314 2124 Omnia
334 2105 429 2131 opera,
447 2097 555 2125 laudate
575 2098 733 2126 Dominum.

252 2142 371 2171 Horrore
394 2144 556 2178 quatiuntur
579 2151 657 2172 mens
672 2149 698 2172 et
721 2153 778 2178 cor,
805 2145 871 2173 dum
897 2151 1003 2181 partum

217 2193 306 2220 tuum,
321 2197 337 2215 ο
351 2190 450 2225 pttella,
466 2191 625 2226 recogitant.
640 2191 723 2218 Deum
736 2191 820 2224 enim,
836 2199 916 2227 quem
929 2193 1004 2220 nulla

217 2235 346 2269 cogitatio
373 2237 604 2271 comprehendere
630 2241 734 2272 potest,
765 2237 928 2272 concepisti,
956 2239 1003 2273 qui

1055 309 1191 344 ἁμαρτίας
1212 310 1396 345 καταφθορᾶς,
1410 309 1615 346 παναμώμητε.
1666 349 1671 352 ⁸

1090 442 1184 476 Φωνήν
1203 450 1243 468 σοι
1265 441 1440 477 προσάγομεν
1460 442 1508 469 τοῦ
1531 441 1652 478 Γαϐριὴλ
1673 443 1839 478 γηθόμενοι·

1055 487 1151 522 Χαῖρε,
1176 486 1318 520 λέγοντες,
1346 487 1421 523 χώρα
1437 488 1454 523 ή
1472 487 1658 523 ἀγεώργητος,
1684 489 1775 524 χαῖρε,
1791 489 1841 523 τῆς

1056 533 1180 569 κατάρας
1196 534 1213 568 ἡ
1228 532 1314 566 λύσις,
1329 535 1419 568 χαῖρε,
1442 534 1518 570 πηγὴ
1542 534 1637 566 ὕδατος
1659 535 1707 562 τοῦ
1729 534 1840 567 ζῶντος.

1056 577 1137 604 ὁσίων
1154 577 1184 604 τὸ
1197 577 1340 613 καύχημα,
1356 578 1472 605 Θεοτόκε
1489 578 1665 614 ἀειπάρθενε.

1062 656 1114 684 Ἐκ
1129 656 1182 684 τοῦ
1196 658 1325 690 κανόνος
1337 658 1382 694 εις
1397 658 1468 691 τοὺς
1483 659 1589 693 ἁγίους
1604 658 1752 694 μάρτυρας
1767 659 1840 694 Χρύ-

1196 694 1312 720 σανθον
1328 693 1378 720 καὶ
1393 694 1528 728 Δαρειαν,
1548 693 1642 728 ἡμέρᾳ
1658 693 1700 721 ιθ’.

1096 771 1126 798 '0
1137 771 1217 807 φύσει
1230 772 1263 806 τῇ
1282 770 1360 807 θεῖκῇ
1376 771 1524 807 ἀπρόσιτος
1545 771 1674 807 προσιτδς
1690 771 1768 807 ὤφθη
1785 781 1840 808 μοι,

1056 817 1089 844 ἑκ
1105 817 1149 844 σοῦ
1159 839 1167 851 ,
1183 816 1305 854 Ιιαρθένε
1315 837 1322 850 ,
1339 818 1428 853 σάρκα
1441 818 1603 853 προσλαϐών
1613 826 1620 833 ·
1636 818 1666 845 ὃν
1677 818 1778 854 Δαρεία
1794 828 1842 846 πο-

1057 863 1163 899 θήσασα
1187 864 1359 900 καρτερικῶς
1385 864 1528 901 ὲνήθλησε,
1553 865 1600 892 καὶ
1615 866 1757 901 νυμφικῶς
1769 865 1843 902 αὐτῷ

1057 910 1251 945 προσήνεκται.

1093 999 1180 1035 Σαρκὶ
1196 999 1302 1035 τεχθεὶς
1318 1000 1350 1027 ὲκ
1365 1000 1484 1036 γαστρός
1499 1009 1546 1028 σου
1561 1001 1610 1036 τῆς
1625 1001 1760 1037 παρθένου
1774 1002 1842 1035 υῐδς,

1058 1045 1187 1081 ἄχραντε,
1217 1046 1326 1082 νύμφην
1346 1047 1432 1084 ἁγνὴν
1460 1047 1589 1083 μάρτυρα
1611 1048 1702 1084 ἐαυτῷ
1726 1049 1844 1085 Δαρείαν

1059 1093 1251 1128 μνηστεύεται.

1095 1139 1270 1176 Συντηρήσας
1286 1149 1316 1168 σε
1327 1141 1473 1178 παρθένον,
1487 1142 1526 1176 ὡς
1541 1142 1594 1178 πρὸ
1606 1142 1654 1170 τοῦ
1667 1143 1757 1174 τόκου,
1775 1142 1844 1178 μετὰ

1057 1184 1103 1211 τὸν
1116 1185 1204 1218 τόκον,
1232 1186 1361 1222 ἇχραντε,
1378 1189 1411 1215 ὲκ
1430 1188 1476 1216 σοῦ
1498 1188 1643 1225 ὲσαρκώθη
1666 1189 1681 1215 ὁ
1695 1190 1844 1224 ἀπερινόη-

1057 1239 1120 1263 τος,
1143 1231 1258 1267 Δαρείαν
1279 1233 1329 1268 τὴν
1351 1234 1478 1270 μάρτυρα
1505 1234 1615 1270 νύμφην
1630 1234 1719 1270 ἐαυτῷ
1742 1235 1844 1270 ἱπαγό-

1059 1285 1148 1312 μενος.

1092 1367 1140 1400 Τίς
1151 1368 1262 1395 δύναται
1278 1369 1308 1396 τὸ
1322 1369 1367 1396 σὺν
1381 1369 1548 1406 ἑρμηνεῦσαι
1567 1372 1730 1407 μυστήριον,
1742 1369 1765 1399 ὦ
1777 1372 1845 1399 πάν-

1057 1422 1139 1447 αγνε;
1152 1414 1218 1441 Θεὸν
1230 1415 1316 1449 Λόγον
1334 1415 1389 1452 γὰρ
1410 1416 1480 1452 ὑπὲρ
1493 1417 1556 1444 νοῦν
1569 1417 1616 1445 καὶ
1628 1417 1718 1452 λόγον,
1730 1418 1843 1445 διπλοῦν

1057 1461 1090 1495 τῇ
1106 1460 1186 1494 φύσει
1206 1461 1331 1493 τέτοκας.

1092 1505 1160 1532 Νέον
1177 1515 1206 1532 σε
1222 1506 1259 1538 ὼς
1273 1506 1379 1534 παιδίον
1396 1507 1534 1543 Παρθένος
1549 1508 1650 1545 ἐκύησε
1662 1509 1707 1536 τὸν
1722 1509 1840 1545 προαιώ-

1058 1560 1113 1578 νιον
1130 1553 1226 1586 Λόγον,
1243 1552 1273 1579 ὃν
1289 1553 1421 1581 ποθοῦσαι
1434 1555 1515 1590 κόραι
1531 1555 1633 1591 ταύτης
1650 1556 1737 1583 ὀπίσω
1750 1565 1791 1583 σοι
1805 1555 1846 1592 τῷ

1058 1598 1167 1626 πάντων
1184 1598 1289 1634 βασιλεῖ
1304 1600 1448 1635 νυμφικῶς
1464 1601 1668 1638 ἀπηνέχθησαν.

1099 1685 1129 1711 '0
1145 1686 1206 1713 κατ’
1221 1685 1316 1714 οὐσίαν
1332 1687 1382 1723 τὴν
1402 1687 1496 1724 θεῖκὴν
1510 1689 1548 1716 ὢν
1561 1689 1770 1726 ἀπερίγραπτος
1783 1691 1846 1718 κόλ-

1057 1740 1118 1763 ποις
1139 1740 1197 1762 σου.
1215 1732 1350 1768 Παρθένε,
1366 1734 1462 1768 γέγονε
1476 1734 1538 1761 καθ’
1551 1736 1625 1771 ἡμᾶς
1640 1738 1674 1772 τῇ
1696 1738 1778 1772 σαρκὶ
1794 1747 1844 1765 πεο

1057 1777 1269 1813 ριγραφόμενος.
1289 1779 1464 1816 Εὐλογημένη
1481 1781 1513 1808 σὺ
1526 1782 1554 1808 ἐν
1563 1783 1687 1817 γυναιξὶν
1698 1783 1843 1819 ὑπάρχεις,

1055 1823 1212 1860 πανάμωμε
1225 1824 1370 1853 Δέσποινα.

1097 1912 1142 1944 Ὧς
1156 1913 1233 1949 ῥόδον
1249 1914 1279 1941 ὲν
1298 1914 1374 1950 μέσῳ
1397 1914 1524 1943 ἀκανθῶν
1545 1916 1592 1944 τοῦ
1613 1916 1682 1953 βίου,
1709 1918 1843 1952 πάναγνε,

1055 1958 1122 1991 Θεὸς
1133 1959 1286 1995 εὐράμενός
1296 1967 1324 1986 σε
1333 1959 1382 1996 τὴν
1390 1959 1551 1996 ἀμώμητον,
1561 1962 1654 1998 ῷκησε
1665 1963 1714 1999 τὴν
1723 1964 1844 1998 γαστέρα

1057 2014 1105 2032 σου
1126 2005 1176 2041 τὴν
1200 2006 1345 2041 ἄχραντον,
1367 2008 1414 2034 καὶ
1435 2007 1550 2040 aureola:
1576 2009 1712 2044 μυστικῆς
1742 2010 1844 2045 κόσμον

1057 2051 1218 2087 ἐπλήρωσεν
1238 2051 1377 2078 ἐκϐοῶντα
1391 2059 1399 2067 ·
1420 2053 1513 2080 Πάντα
1527 2054 1561 2081 τὰ
1574 2054 1657 2090 ἔργα,
1670 2055 1780 2090 ὑμνεῖτε
1799 2055 1845 2082 τὸν

1057 2097 1171 2132 Κύριον.

1090 2144 1198 2180 Φρίττει
1223 2144 1353 2179 λογισμὸς
1374 2144 1423 2171 καὶ
1444 2145 1542 2181 καρδία
1567 2146 1765 2179 κατανοοῦντες
1792 2147 1843 2183 τὴν

1056 2192 1164 2227 λοχείαν
1192 2192 1240 2226 τὴν
1264 2192 1460 2228 ἀκατανόητον,
1488 2194 1573 2229 κόρη·
1597 2193 1664 2221 Θεὸν
1682 2194 1735 2230 γὰρ
1757 2194 1844 2228 Λόγον

1056 2239 1245 2273 ὲκυοιρόρησας
1265 2238 1311 2266 τὸν
1328 2239 1373 2266 διὰ
1390 2237 1438 2266 σοῦ
1455 2240 1587 2275 ῥυόμενον
1609 2239 1700 2275 πάσης
1720 2240 1844 2276 ἀνάγκης

216 2290 264 2317 per
280 2288 306 2310 te
323 2281 421 2310 liberat
436 2283 470 2311 ab
492 2283 566 2311 omni
596 2283 761 2311 necessitate
776 2291 823 2310 eos
838 2283 885 2318 qui
911 2288 937 2311 te
956 2284 1002 2311 bo-

1056 2284 1116 2316 τοὺς
1130 2284 1268 2319 τιμῶντας
1282 2292 1322 2312 σε.

215 2334 324 2357 norant.

250 2432 421 2467 (57)'Saep€ssi
427 2440 468 2460 me
476 2431 641 2467 SJosephus
648 2439 677 2459 se
685 2432 821 2467 egregium
830 2438 878 2467 pro
885 2432 1004 2465 Deiparte

214 2466 395 2507 immunitate
406 2468 440 2507 ab
464 2466 596 2507 originali
610 2466 926 2507 ﬁtlejttssmemuprmbet,
938 2474 999 2507 cunt

214 2510 268 2530 non
285 2505 373 2530 solum
390 2503 444 2533 hic.
464 2503 510 2530 sed
533 2503 598 2530 alibi
615 2510 674 2529 eam
698 2502 860 2537 dcpraedicct
871 2502 912 2529 'ab
925 2502 1000 2529 omni

214 2538 322 2566 macula
364 2543 391 2566 et
430 2538 490 2566 labe
518 2538 677 2570 immunem,
705 2537 739 2564 ab
769 2538 844 2565 omni
879 2537 939 2564 labe
974 2541 1001 2563 et

215 2573 320 2600 macula
344 2573 457 2600 liberam
474 2593 480 2605 ,
498 2574 571 2600 otnni
595 2573 652 2600 labe
676 2577 703 2600 et
728 2573 832 2600 macula
850 2577 999 2602 carentem,

213 2609 248 2636 ab
263 2608 336 2635 omni
353 2609 410 2636 labe
426 2616 550 2637 vacuam.
561 2609 593 2635 ab
606 2609 679 2635 ontni
695 2608 753 2635 labe
767 2609 915 2644 puratn,ab
927 2607 999 2634 onmi

213 2652 292 2670 naevo
306 2645 445 2676 mundam,
460 2653 520 2678 quae
543 2645 764 2679 elogiavabsolute
786 2644 899 2678 prolata,
918 2647 947 2670 ut
969 2650 999 2669 ea

214 2679 319 2713 profert
336 2680 365 2707 S.
381 2679 525 2714 Juscphus,
537 2679 670 2714 maculam
681 2679 774 2711 etiam,
793 2679 879 2706 labem
896 2684 923 2706 et
939 2685 994 2705 nae-

215 2721 277 2741 vum
295 2715 395 2750 peccati
410 2713 550 2749 or-igirtalis
562 2723 575 2741 a
598 2714 627 2740 Β.
649 2713 908 2750 Virgineablegant.

254 2752 310 2785 (58)
327 2750 355 2778 Si
381 2751 410 2779 Β.
427 2750 508 2785 Virgo
526 2755 653 2784 tanquam
680 2757 742 2776 rosa
759 2749 785 2776 in
805 2749 998 2785 metliorspina-

215 2792 275 2812 rum
305 2786 385 2819 hujus
402 2786 462 2813 vitae
487 2785 663 2812 immaculata
691 2785 798 2811 inventa
817 2793 869 2811 non
889 2784 996 2817 fuisset,

215 2819 242 2846 in
254 2828 285 2847 ea
302 2820 347 2848 Dei
372 2820 455 2848 Filius
473 2829 521 2855 per
535 2821 661 2847 humanae
676 2819 767 2847 carnis
783 2821 998 2854 assumptioncm

215 2862 268 2882 non
288 2854 480 2884 inhabitasset.’
496 2855 564 2882 Hinc
586 2855 715 2882 Nicolatts
731 2855 855 2882 Cttsanus
871 2854 900 2882 S.
919 2856 950 2882 Β.
966 2856 997 2882 Ε.

214 2890 360 2919 cardinalis
383 2891 444 2918 libr.
461 2899 486 2918 v.
508 2891 602 2917 Exerc.
619 2890 653 2917 ad
674 2890 717 2916 illa
742 2890 843 2916 verba:
863 2890 960 2917 Caelum
976 2896 999 2918 et

215 2931 288 2952 terra
303 2927 462 2960 transibunt,
480 2927 537 2954 haec
552 2926 703 2954 litterarum
727 2926 911 2953 monumentis
934 2934 999 2954 con-

1056 2432 1218 2473 signavitat
1241 2431 1321 2473 Virgo
1339 2433 1466 2473 gloriosa
1479 2440 1540 2460 cum
1557 2433 1841 2473 esseLprtedestinata

1050 2473 1111 2494 ante
1127 2467 1239 2499 stecula,
1252 2472 1280 2494 ut
1295 2475 1327 2494 ex
1342 2467 1399 2501 ipsa
1413 2468 1545 2502 reciperet
1557 2468 1603 2495 Dei
1617 2468 1702 2496 Filius
1715 2473 1841 2496 naturam
1861 2481 1866 2486 ι

1050 2502 1208 2534 humanam,
1228 2508 1255 2529 et
1279 2503 1324 2529 Dei
1341 2503 1428 2530 Filius
1454 2504 1529 2530 tieret
1555 2504 1626 2530 ﬁlius
1657 2503 1786 2534 hominis,
1805 2505 1843 2531 ita

1049 2542 1181 2572 concepta
1197 2542 1249 2566 est.
1268 2543 1295 2564 ιιι
1311 2537 1422 2571 dignum
1436 2538 1469 2565 ad
1486 2539 1537 2566 ltoc
1556 2539 1741 2566 habitaculum
1755 2539 1842 2567 tieret.

1050 2573 1163 2599 lndttcre
1175 2581 1204 2599 se
1219 2572 1326 2608 debuit”
1338 2573 1408 2600 Dens
1438 2573 1606 2601 humanitate
1641 2573 1741 2605 Mariae,
1758 2582 1844 2608 quare

1051 2609 1169 2635 humana
1187 2613 1282 2635 natura
1309 2607 1425 2643 Virginis
1452 2609 1532 2643 digna
1555 2608 1624 2636 facta
1639 2613 1680 2635 est
1702 2610 1736 2635 ab
1753 2607 1840 2636 initio.

1051 2643 1116 2670 Mm
1140 2643 1190 2670 etsi
1218 2643 1273 2677 ipsa
1286 2648 1418 2677 concepta
1450 2643 1500 2670 fuit
1515 2651 1549 2670 ex
1583 2644 1652 2670 virili
1683 2644 1787 2671 semine
1801 2644 1842 2672 via

1052 2678 1254 2714 propagationis
1277 2679 1310 2705 ab
1333 2679 1430 2710 Adam,
1443 2683 1470 2705 et
1491 2683 1622 2713 quantum
1639 2678 1673 2705 ad
1691 2687 1770 2706 suum
1789 2679 1843 2706 ini-

1052 2714 1120 2741 tium
1144 2713 1259 2748 indiguit
1285 2713 1438 2746 liberatore,
1456 2714 1519 2748 quia
1537 2715 1564 2741 in
1587 2714 1682 2745 Adam,
1698 2714 1750 2741 nisi
1776 2715 1844 2741 libe-

1053 2753 1147 2776 rentur
1163 2753 1209 2775 aut
1226 2753 1433 2783 prteserrentnr.
1456 2756 1560 2780 omnes,
1574 2749 1741 2782 moriuntur,
1758 2755 1787 2777 ιιι
1813 2751 1841 2777 in

1053 2784 1162 2811 Christo
1173 2791 1269 2810 omnes
1286 2783 1475 2814 vivificantur;
1493 2789 1582 2811 tamen
1595 2785 1665 2811 sicut
1676 2785 1768 2812 anima
1780 2785 1839 2819 ejus

1054 2819 1205 2850 rationalis,
1225 2818 1298 2846 ttullo
1314 2823 1436 2853 tempore
1452 2819 1511 2850 fuit,
1529 2824 1676 2854 antequam
1693 2825 1765 2847 esset
1781 2818 1842 2847 cor-

1054 2855 1112 2888 pori
1137 2854 1221 2884 unita,
1241 2854 1276 2881 ita
1300 2854 1356 2888 ipsa
1379 2854 1443 2881 dum
1464 2859 1614 2886 crearetur,
1635 2859 1729 2882 sancta
1752 2861 1842 2882 creata

1056 2890 1115 2922 l‘nit,
1133 2889 1173 2916 sic
1198 2890 1278 2916 etiam
1304 2890 1375 2924 quod
1398 2890 1470 2915 nulla
1499 2890 1642 2917 duratione
1671 2889 1722 2917 l'uit
1749 2898 1841 2918 rerum

1055 2926 1145 2953 dicere
1162 2924 1296 2960 Virginem
1320 2924 1405 2953 l‘u‘sse
1422 2926 1473 2952 sub
1489 2930 1611 2960 peccato.
1631 2935 1639 2952 ι
1659 2925 1703 2953 Sic
1715 2926 1770 2954 ille.
