2069 3159
148 185 214 218 1081

875 189 1057 222 MARIALE.

1710 190 1777 223 1082

460 246 514 282 79
531 246 572 273 Ea:
588 247 694 274 Canone
711 247 737 274 in
753 246 782 275 S.
799 247 928 283 Cyrillum
948 249 1097 283 episcopum
1110 248 1241 283 Cataniw,
1262 248 1303 276 die
1319 249 1348 276 Η
1376 247 1455 284 (58‘).

181 304 324 332 Fortitudo
341 311 412 337 mea,
426 304 497 338 laus,
514 309 542 332 et
554 305 629 333 salus
653 313 712 333 mea
728 305 856 333 Christus
879 310 932 340 est,
948 300 971 327 Α
1021 292 1087 336 Esto
1103 309 1170 336 mihi
1185 308 1375 344 gubernatrix,
1392 316 1408 335 ο
1419 307 1516 343 Virgo,
1533 307 1561 334 in
1575 307 1671 343 pelago
1689 311 1777 335 tenta-

145 359 162 379 ο
177 351 350 384 castissima;
374 351 420 386 qui
441 358 473 378 ex
494 356 520 378 te
542 356 671 386 tanquam
693 352 774 379 homo
801 356 880 380 natus
893 357 936 380 est

145 399 220 426 circa
235 397 454 432 corruptionem.
473 402 584 432 propter
601 405 680 425 suam
697 398 812 425 multam
827 398 936 426 miseri-

145 443 280 477 cordiam,
295 447 323 471 et
338 443 428 471 factus
442 447 486 471 est
498 444 572 478 quod
584 451 638 472 non
652 449 723 472 erat.

181 490 204 518 Ο
216 491 377 518 immensam
401 490 523 525 mysterii
549 490 763 525 profunditatem
781 501 787 519 :
806 490 879 520 Deus
894 492 936 519 in-

146 542 278 565 carnatur
303 541 328 564 et
345 536 468 564 nascitur
481 544 514 564 ex
531 536 619 571 puella
644 536 815 572 incorrupta,
833 542 858 564 et
872 544 936 565 cor-

147 584 301 618 ruptionem
320 582 447 610 dissolvit
460 589 509 617 per
527 583 671 618 passiones
686 591 756 619 quas
774 583 848 611 subit
861 585 936 612 solus

147 629 235 657 bonus
249 634 277 656 et
291 632 398 655 amator
413 627 567 656 homirnam.

180 675 324 710 Quomodo
339 675 460 703 Verbum
477 675 627 710 peperisti?
643 677 781 711 quomodo
796 681 860 712 post
873 683 937 712 par-

148 726 205 750 tum
223 722 393 756 incorrupta,
407 719 497 755 qualis
506 725 574 748 ante
589 720 693 755 fueras,
713 722 901 757 permansisti,
919 729 936 749 ο

151 767 232 802 Virgo
250 767 525 795 immaculatissima?
538 767 682 800 Quomodo
698 769 821 797 omnium
846 768 936 796 nutri-

148 819 235 841 torem
250 814 354 846 aluisti,
366 814 521 842 voluntarie
532 819 708 850 apparentem
718 815 849 843 infantem
859 822 937 841 man-

147 865 253 888 suetum
276 868 308 888 ac
324 860 482 895 placidum?
500 862 521 889 ο
542 861 692 889 novitatem
718 861 847 889 miraculi
875 860 913 888 tui
926 881 934 894 .

148 906 296 941 purissima
306 906 312 933 !

182 952 262 980 Salva
274 960 327 986 me,
340 960 356 980 ο
369 953 563 987 mundissima,
575 961 589 981 a
601 953 773 988 gravissimis
785 952 916 988 periculis
929 962 936 981 :

147 999 221 1034 erige
249 1006 292 1027 me
310 1006 326 1026 a
342 999 488 1026 libidinum
510 1007 635 1028 mearum
663 1000 856 1035 sterquilinio;
880 1004 907 1027 et
921 1005 938 1028 a

147 1043 314 1078 captivitate,
341 1048 368 1071 et
392 1045 538 1072 vexatione
570 1045 768 1081 pessimorum_
783 1045 937 1074 daemonum

148 1089 232 1116 libera
248 1097 302 1123 me,
317 1089 380 1117 dum
394 1094 419 1118 te
433 1090 531 1118 devote
547 1091 684 1119 cullaudo.

154 1135 205 1161 Ἐκ
236 1135 290 1173 τσῦ
316 1136 446 1173 σιαγόνος
464 1137 508 1169 εις
526 1136 591 1173 τὸν
622 1136 724 1173 ἅγιονΔ
741 1137 938 1173 ἱερομάρτυρα

252 1170 416 1198 Βασίλειον
433 1170 649 1206 πρεσϐύτερονέ
668 1170 769 1207 ήμέρᾳγ
779 1170 830 1207 κβζ

189 1215 218 1243 '0
233 1215 273 1252 τῷ
298 1217 386 1252 Ila.th
403 1217 586 1254 συνυπάρχων
609 1218 771 1253 Μονογενὴς
797 1218 939 1254 βουληθεὶς

149 1261 293 1298 κατῴκησε
319 1270 366 1289 σου
382 1262 431 1298 τὴν
446 1263 583 1298 ἄχραντον
598 1263 691 1298 νηδὺν,
706 1264 753 1290 καὶ
766 1263 862 1300 βροτὸς
877 1265 938 1304 ἐγέ-

149 1315 221 1340 νετο,
252 1308 334 1344 ἁγνὴ,
354 1309 440 1336 σῶσαι
469 1309 555 1336 θέλων
585 1309 649 1342 τοὺς
676 1309 790 1346 βροτοὺς
813 1310 845 1337 δι’
869 1311 939 1345 ἁγα-

149 1353 259 1390 θότητα.

185 1401 325 1437 Γνωρίσας
335 1400 479 1437 πόρρωθεν
489 1401 539 1438 τὴν
553 1401 601 1437 σὴν
618 1400 752 1436 σύλληψιν
768 1401 883 1434 Ἡσαΐας
895 1402 939 1430 διὰ

150 1448 316 1484 πνεύματος,
332 1448 412 1483 κόρη,
428 1447 610 1483 διετρὰνωσεν
621 1447 708 1483 αὐτὴν
724 1447 793 1483 βοῶν
803 1455 811 1463 ·
832 1448 896 1475 Ἰδοὺ
909 1449 939 1476 ὲν

150 1494 248 1531 γαστρὶ
263 1494 280 1530 ὴ
297 1493 435 1529 Παρθένος
452 1492 498 1521 τὸν
514 1493 580 1521 Θεὸν
597 1493 776 1530 συλλήψεται.

194 1583 288 1619 ’Υμνῶ
313 1591 355 1616 σε,
371 1584 519 1616 Δέσποινα,
535 1584 585 1620 τὴν
605 1584 797 1620 πολυύμνητον
808 1593 816 1600 ·
835 1585 940 1621 εὐλογῶ

151 1638 196 1662 σε,
221 1629 362 1665 Παρθένε,
383 1629 418 1656 δι’
439 1626 474 1665 ἦς
499 1629 592 1665 βροτοὶ
615 1630 715 1662 πάντες
740 1630 938 1666 εὐλογήθημεν,

150 1677 269 1712 καὶτῆς
293 1676 418 1712 κατάρας
453 1675 561 1711 ἀληθῶς
590 1676 639 1712 τῆς
671 1676 789 1712 ἀρχαίας
821 1677 941 1713 ἐλυτρώ-

150 1722 250 1758 θημεν.

186 1768 243 1804 Τὴν
268 1768 407 1804 ἁνωτὲραν
432 1767 486 1794 τῶν
514 1767 661 1803 χερουὸὶμ,
693 1768 743 1804 τὴν
771 1768 959 1805 ὐψηλοτέραν”

150 1814 285 1850 οὐρανῶν,
307 1814 357 1850 τὴν
372 1814 530 1849 ὑπερτέραν
551 1814 601 1849 τῆς
625 1814 753 1847 κτίσεως,
773 1815 827 1841 τῶν
851 1815 941 1850 σοφῶν

153 1860 301 1897 μαρτύρων
322 1860 352 1888 τὸ
375 1860 584 1897 περιτείχισμα,
611 1860 661 1895 τὴν
690 1860 776 1896 μόνην
810 1860 941 1888 Θεοτόκον

151 1908 324 1943 τιμήσωμεν.

194 1953 287 1988 Ύμνῶ
303 1961 343 1985 σε,
358 1951 529 1988 πανύμνητε,
545 1951 578 1987 ἢν
593 1951 709 1987 ὑμνοῦσι
722 1951 849 1988 στρατιαὶ
862 1953 941 1980 ἐπου-

154 1999 254 2036 ρανίων
267 1998 381 2032 τάξεων,
397 1998 445 2025 καὶ
459 1998 578 2025 δυσωπῶ
594 2006 635 2031 σε,
659 1997 733 2034 πάθη
758 2006 809 2033 μου
826 1999 875 2034 τῆς
888 1999 940 2033 ψυ-

153 2046 204 2081 χῆς
223 2045 374 2081 ἱάτρευσον,
392 2045 521 2080 ἀχραντε,
546 2044 595 2071 καὶ
620 2044 704 2081 πυρδς
727 2044 837 2071 αἰωνίου
863 2045 941 2072 ἐλευο

154 2091 285 2127 θέρωσον.

188 2137 343 2174 Παρθενίαν
370 2137 442 2173 μετὰ
465 2137 545 2164 τόκον
573 2136 757 2173 ἀδιάφθορον,
799 2137 941 2172 Παρθένε,

154 2183 335 2218 διαμένουσαν
360 2182 541 2217 κατανοοῦσα,
559 2182 597 2219 τῷ
614 2183 646 2210 ἐκ
662 2183 709 2210 σοῦ
724 2183 847 2219 τεχθέντι
870 2183 942 2220 ὑπὲρ

151 2228 216 2257 νοῦν
229 2229 309 2261 ἐϐόας
328 2229 434 2265 Σωτῆρι
447 2229 493 2256 καὶ
505 2229 576 2265 Θεῷ⁹
594 2229 748 2265 Εὐλογητὸς
762 2227 798 2262 εἶ,
819 2230 833 2257 ὁ
849 2230 916 2263 Θεὸς
927 2231 943 2258 ὁ

151 2276 208 2302 τῶν
222 2275 348 2311 πατέρων
361 2275 451 2310 ἡμῶν.

189 2366 332 2402 Σωτηρῑαν
351 2364 503 2402 ἀνθρώπων
518 2365 596 2399 γένος
606 2365 719 2401 ἠξίωται
732 2365 776 2392 διὰ
798 2365 856 2398 σοῦ,
870 2374 941 2393 παν-

156 2414 222 2448 αγία
247 2413 446 2448 θεοχαρίτωτε·
466 2412 534 2448 μόνη
565 2412 621 2448 γὰρ
653 2413 719 2447 ἡμῖν
744 2412 789 2439 τὸν
825 2411 942 2447 Σωτῆρα

156 2459 276 2495 ἒκύησας
286 2479 293 2491 ,
309 2459 338 2486 ὃν
355 2457 548 2494 ὑπερυψοῦμεν
564 2458 603 2490 εἰς
618 2458 722 2490 πάντας
737 2458 801 2490 τοὺς
825 2458 939 2491 αἰῶνας.

191 2549 305 2585 Φρικτὺς
322 2550 336 2576 6
354 2549 454 2584 τρόπος
473 2548 487 2574 ὁ
508 2548 557 2583 τῆς
585 2546 693 2582 λοχείας
716 2555 762 2574 σου
774 2555 782 2563 ο
802 2547 868 2578 Θεὸς
888 2547 942 2584 γὰρ

159 2594 190 2632 ἣν
200 2618 207 2629 ,
235 2595 374 2632 Παρθένε,
398 2594 550 2630 σαρκωοεὶς
564 2594 578 2620 ὁ
593 2592 752 2628 τικτόμενος
764 2612 772 2625 ,
790 2592 819 2619 ὃν
838 2593 943 2620 ἱκέτευε

159 2643 277 2677 φρικτῆς
302 2642 439 2673 κολάσεως
458 2640 563 2671 πάντας
589 2639 651 2670 τοὺς
677 2638 833 2673 ἁδιστάκτῳ
852 2638 943 2665 πίστει

159 2689 296 2724 τιμῶντας
312 2696 353 2721 σε,
368 2689 456 2724 μῆτερ
472 2686 646 2721 ἀπειρόγαμε
662 2684 759 2720 σεμνὴ,
788 2684 945 2720 ἀπολυτρώ-

158 2733 267 2761 σασθαι.

167 2780 216 2807 Ἐκ
229 2779 282 2807 τοῦ
298 2780 430 2812 κανόνος
443 2781 487 2812 εἰς
504 2778 558 2805 τὸν
571 2778 657 2805 ὅσιον
669 2777 785 2812 Πατέρα
796 2776 881 2812 ἡμῶν
894 2776 946 2804 Νί-

424 2822 515 2846 κωνα,
529 2814 623 2848 ἡμέρᾳ
638 2812 693 2847 κγ’.

201 2861 232 2888 Ἦ
250 2861 321 2895 πύλη
334 2861 384 2895 τῆς
398 2860 467 2896 πρὸς
487 2860 560 2895 ἡμᾶς
576 2868 633 2892 σου,
644 2858 741 2895 Κύριε,
769 2858 944 2894 συγκαταῦά-

197 2918 265 2955 (58')
280 2918 374 2947 Gre-ca
394 2917 584 2946 desiderantur
597 2916 624 2944 in
637 2915 755 2944 .‘ilcnmis.

989 354 1094 381 tionum
1119 354 1203 390 huius
1231 355 1294 382 vitae
1319 353 1553 389 periculosissime
1578 353 1730 384 fluctuanti.
1750 357 1778 380 et

989 399 1076 434 dirige
1089 407 1133 427 me
1146 400 1173 427 in
1188 404 1297 434 pcrtum
1315 400 1424 431 salutis,
1436 404 1463 426 et
1477 398 1552 426 salva
1570 406 1624 426 me.

1024 444 1142 473 Mentem
1165 452 1255 473 meam
1282 445 1462 480 plurimarum
1478 444 1651 480 [passionum
1681 443 1778 471 morbo

989 495 1157 526 peremptam
1171 491 1289 523 virilica,
1306 499 1322 518 ο
1337 490 1609 522 immaculatissima;
1621 493 1648 517 et
1660 489 1695 516 da
1711 489 1778 516 mihi

990 536 1072 568 vires.
1089 541 1119 564 ut
1134 537 1188 564 Deo
1204 536 1305 572 placita
1328 535 1434 564 allicere
1462 536 1579 571 possim,
1605 540 1635 563 ut
1655 535 1778 570 magnifi-

989 590 1048 610 cem
1074 587 1101 610 te
1123 582 1234 611 fervens
1259 582 1462 618 patrocinium,
1484 586 1511 610 et
1539 588 1615 617 spem
1642 580 1779 609 Christia-

989 636 1100 656 norum.

1023 674 1134 702 Curasti
1160 673 1352 701 contritionem
1379 673 1444 701 Adae
1471 672 1586 704 terreni,
1611 672 1677 699 dum
1695 672 1779 699 Deum

991 719 1160 748 Salvatorem
1193 719 1344 755 peperisti,
1368 728 1385 747 ο
1409 719 1604 747 illibatissima.
1645 717 1778 745 Eumdcm

989 774 1072 794 exora
1094 773 1146 801 pro
1169 766 1311 794 curatione
1339 766 1482 800 plagarum
1503 765 1602 792 animae
1624 772 1703 798 meae,
1719 771 1780 799 qua:

989 811 1136 840 insanabili
1153 813 1249 840 morbo
1267 812 1382 839 laborat.

1026 859 1094 887 Cum
1110 859 1192 887 ferret
1209 864 1338 893 tanquam
1353 865 1449 886 recens
1461 862 1554 886 natum
1568 857 1699 885 infantem
1712 855 1780 883 Ver-

990 905 1055 934 bnm
1079 906 1151 941 quod
1168 909 1210 932 est
1224 908 1288 932 ante
1302 905 1402 932 szecula
1415 924 1423 936 ,
1442 904 1597 931 veneranda
1612 904 1702 938 puella
1713 896 1781 931 'stu-

989 958 1057 986 pore
1081 950 1216 986 perculsa,
1235 950 1292 985 80
1311 949 1352 977 sic
1368 949 1531 984 loquebatur
1550 948 1621 976 :Fili
1646 949 1694 981 mi,
1713 956 1781 982 quo-

990 997 1071 1025 modo
1095 996 1153 1024 iero
1173 1001 1210 1029 te,
1233 995 1280 1031 qui
1297 1000 1364 1023 nutu
1390 996 1515 1023 contines
1540 994 1690 1022 universa?
1711 1002 1781 1029 quo-

990 1043 1072 1071 modo
1088 1048 1114 1071 te
1132 1042 1323 1070 lacte'nutrio
1347 1041 1522 1075 nutritorem,
1541 1040 1723 1074 Salvatorem,
1749 1047 1782 1068 ac

990 1088 1098 1116 Deum?

990 1135 1033 1163 Ex
1057 1143 1158 1163 canone
1171 1133 1377 1195 inS.Basili:_m
1385 1133 1567 1195 ggubylerum
1581 1137 1606 1161 et
1623 1137 1778 1168 martyrem,

1348 1178 1370 1195 ιι
1424 1188 1431 1195 ι

1348 1178 1370 1196 ιι
1386 1178 1431 1195 ZZ-

1024 1216 1199 1253 Unigenitus,
1215 1215 1263 1251 qui
1283 1215 1366 1244 simul
1382 1220 1425 1243 est
1447 1222 1510 1243 cum
1534 1215 1627 1248 Patre,
1658 1215 1781 1242 haoilare

989 1264 1076 1292 voluit
1093 1263 1253 1291 inviolatum
1280 1267 1388 1289 uterum
1407 1266 1495 1295 tuum,
1513 1268 1530 1288 ο
1544 1265 1638 1294 casta;
1654 1265 1682 1288 et
1699 1261 1781 1287 homo

989 1309 1080 1338 factus
1100 1313 1186 1337 estut
1209 1308 1335 1337 homines
1366 1312 1480 1343 propter
1514 1314 1592 1335 suam
1629 1306 1780 1334 bonitatem

990 1356 1081 1384 salvos
1091 1355 1204 1383 faceret.
1519 1390 1521 1393 ι

1025 1401 1093 1429 Cum
1119 1409 1134 1429 a
1157 1402 1238 1437 longe
1273 1400 1481 1436 conceptionem
1519 1403 1594 1427 tuam
1621 1398 1706 1427 Isaias
1732 1406 1781 1434 per

971 1459 975 1462 ~
995 1448 1122 1483 spiritum
1148 1447 1321 1483 agnovisset,
1338 1454 1355 1474 ο
1375 1446 1464 1482 puella
1478 1467 1486 1479 ,
1503 1447 1579 1474 clare
1595 1445 1781 1473 manifestavit

991 1495 1066 1522 illam
1086 1495 1243 1523 exclamans
1262 1503 1270 1522 :
1289 1494 1357 1522 Ecce
1372 1492 1455 1529 Virgo
1473 1492 1559 1520 Deum
1575 1493 1603 1520 in
1619 1496 1698 1520 utero
1714 1499 1782 1519 con-

991 1542 1083 1577 cipiet.

1026 1586 1121 1615 Laudo
1135 1590 1172 1617 te.
1189 1585 1317 1617 Domina,
1340 1585 1414 1613 omni
1435 1584 1514 1613 laude
1531 1584 1692 1620 dignissima
1708 1595 1715 1612 :
1733 1591 1780 1612 oe-

993 1633 1091 1661 nedico
1107 1637 1143 1665 te,
1161 1631 1252 1667 Virgo,
1268 1639 1317 1666 per
1336 1639 1418 1666 quam
1436 1638 1533 1659 omnes
1555 1630 1681 1658 homines
1696 1630 1781 1658 bene-

993 1680 1056 1709 dicti
1074 1686 1184 1711 sumus,
1211 1683 1294 1714 atque
1309 1678 1344 1706 ab
1361 1677 1474 1713 antiqua
1501 1677 1694 1705 maledictione
1717 1683 1782 1704 vere

992 1726 1109 1754 liberati.

1029 1772 1224 1800 Sublimiorem
1239 1770 1401 1804 Cherubim,
1416 1769 1595 1798 excelsiorem
1610 1768 1697 1801 caelis,
1709 1768 1780 1796 emi-

992 1819 1144 1846 nentiorem
1159 1818 1234 1846 omni
1251 1822 1376 1845 creatura
1389 1836 1398 1850 ,
1426 1815 1693 1851 sapientissimorum
1709 1822 1782 1842 mar-

991 1869 1082 1899 tyrum
1109 1864 1310 1891 munimentum
1336 1869 1368 1890 ac
1384 1861 1496 1895 vallum,
1524 1862 1612 1889 solam
1636 1860 1781 1896 Duiparam

992 1909 1105 1945 hymnis
1125 1909 1307 1936 lionoremus.

1029 1956 1122 1984 Laudo
1146 1961 1172 1984 te
1184 1976 1192 1987 .
1210 1963 1227 1983 ο
1245 1961 1353 1983 summe
1379 1953 1524 1981 laudabilis
1536 1973 1543 1986 ,
1565 1959 1646 1987 quam
1671 1950 1782 1978 laudant

993 2002 1066 2030 acies
1081 2001 1234 2029 caelestium
1251 2000 1440 2031 exercituum;
1456 2002 1483 2026 et
1498 2005 1594 2033 precor
1611 2001 1648 2029 te,
1664 2003 1680 2022 ο
1695 1995 1782 2022 invio-

992 2048 1059 2082 lata,
1077 2053 1107 2075 ut
1121 2048 1219 2074 anima!
1231 2054 1298 2074 mea;
1314 2044 1507 2073 atl'ectionibus
1524 2041 1671 2073 medearis,
1684 2047 1782 2075 meque

992 2094 1027 2122 ab
1040 2094 1103 2128 igne
1123 2093 1224 2120 liberes
1237 2091 1415 2126 sempiterno.

1027 2140 1096 2167 Cum
1122 2138 1304 2174 virginitatem
1324 2141 1398 2164 tuam
1421 2138 1484 2171 post
1516 2138 1624 2170 partum
1654 2132 1782 2159 incorru-

993 2189 1068 2221 ptam
1095 2185 1280 2220 permansisse
1306 2189 1509 2219 cognosceres,
1543 2180 1739 2212 exclamabas,
1765 2187 1782 2207 o

992 2231 1086 2268 Virgo,
1108 2231 1242 2259 Salvatori
1258 2238 1291 2258 ac
1303 2230 1369 2262 Deo,
1394 2229 1441 2264 qui
1461 2236 1493 2256 ex
1513 2232 1539 2256 te
1564 2235 1647 2263 supra
1671 2234 1781 2254 omnem

993 2277 1094 2306 mentis
1104 2282 1214 2313 captum
1231 2281 1313 2305 natus
1326 2280 1387 2304 est:
1403 2274 1565 2303 Benedictus
1585 2280 1626 2307 es,
1645 2272 1716 2301 Deus
1730 2280 1780 2308 pa-
1808 2306 1814 2319 ἕ

958 2324 981 2352 ι)
995 2327 1068 2351 trum
1088 2327 1259 2351 nostrorum.

1030 2369 1082 2397 Per
1103 2373 1130 2397 te
1155 2369 1304 2396 humanum
1320 2375 1407 2404 genus
1427 2366 1515 2394 salute
1537 2365 1652 2400 dignum
1678 2363 1783 2392 factum

995 2421 1048 2450 est,
1069 2422 1086 2443 ο
1103 2414 1276 2443 sanctissima
1299 2421 1330 2442 ac
1350 2413 1406 2441 Deo
1428 2412 1591 2441 charissima
1609 2420 1616 2439 2
1631 2411 1691 2439 sola
1709 2411 1783 2437 enim

995 2463 1075 2491 nobis
1095 2461 1264 2489 Salvatorem
1281 2459 1419 2496 peperisti,
1444 2466 1526 2494 quem
1547 2457 1785 2494 superexaltamns

996 2509 1024 2537 in
1037 2507 1128 2536 omnia
1146 2507 1258 2534 macula.

1031 2553 1177 2581 Pavendus
1199 2557 1241 2580 est
1256 2551 1352 2579 modus
1377 2555 1472 2586 partus
1497 2550 1547 2583 tui,
1560 2557 1576 2578 ο
1592 2548 1695 2583 Virgo:
1714 2547 1786 2576 Deus

996 2598 1070 2627 enim
1090 2598 1252 2626 incarnatus
1276 2604 1309 2624 ex
1334 2601 1360 2624 te
1380 2600 1462 2623 natus
1488 2601 1552 2623 est:
1567 2602 1649 2630 quem
1670 2592 1785 2628 supplex

997 2652 1091 2678 exora,
1105 2648 1134 2671 ut
1147 2651 1162 2670 a
1176 2642 1299 2678 pavendo
1312 2641 1446 2677 supplicio
1461 2641 1561 2676 eripiat
1578 2646 1684 2671 omnes,
1697 2638 1743 2672 qui
1759 2641 1785 2663 te

999 2691 1162 2718 inconcussa
1192 2689 1244 2717 [ide
1277 2693 1457 2722 venerantur,
1480 2695 1497 2716 ο
1520 2684 1672 2714 veneranda
1701 2683 1787 2710 Mater

999 2742 1146 2817 mnsuitiéx
1167 2789 1266 2808 canone
1278 2781 1305 2808 in
1322 2781 1351 2809 S.
1372 2780 1406 2808 Ρ.
1425 2780 1461 2808 Ν.
1483 2779 1623 2811 Nicanem,
1645 2777 1688 2804 die
1701 2776 1748 2803 25.

1033 2861 1115 2890 Porta
1129 2861 1184 2895 ina,
1205 2869 1253 2897 per
1278 2869 1360 2898 quam
1385 2860 1419 2888 ad
1435 2867 1496 2893 nos,
1517 2857 1643 2891 Domine,
1669 2855 1785 2884 descen-
