2069 3159
310 168 379 202 1083

871 172 902 201 S.
922 171 1080 202 JOSEPHI
1100 171 1379 202 HYMNOGRAPHI

1860 169 1929 203 1084

306 225 380 257 disli,
393 222 591 258 supernatut‘ali
606 223 684 250 modo
695 223 786 258 genuit
800 223 944 256 orientem,
957 228 984 251 et
995 224 1091 257 solent,

1151 233 1223 256 τεως,
1241 225 1372 261 ἀνατολὴν
1385 225 1432 252 καὶ
1444 224 1520 260 ἥλιον
1538 224 1584 251 καὶ
1612 225 1670 259 φῶς
1702 225 1844 259 μυστικῶς
1860 234 1926 260 συγ-

306 275 333 296 et
365 268 452 295 lucem
481 268 594 302 mystice
614 268 775 294 advocatam
801 272 884 302 atque
910 267 1089 298 accersitam.

1144 270 1310 306 καλούμενον
1325 270 1472 306 ὑπερφυῶς
1485 270 1645 305 γεγέννηκε,
1658 270 1770 297 διπλοῦν
1785 271 1835 307 τὴν
1847 271 1929 306 φύσιν

307 313 392 341 lli-unt
408 314 511 341 scilicet
538 318 563 340 et
596 313 744 347 hominem,
770 318 865 340 natura
894 313 996 348 duplici
1021 321 1092 348 pm-

1151 317 1190 343 :bv
1204 316 1290 343 Θεάνο
1294 325 1395 352 ρωπον.

307 361 402 388 ditttm.

345 407 494 442 Martyrum
507 411 594 434 C(etus
611 405 777 433 occisionem
798 410 883 437 tuatn,
895 404 1019 437 Domine,
1031 405 1093 432 imi-

308 457 382 481 tatus
393 457 435 480 est
457 458 539 487 atque
564 452 589 478 in
606 459 635 479 se
649 452 794 486 expressit,
809 459 871 479 cutn
894 453 1050 487 agnovisset
1067 457 1094 479 te

309 507 341 526 ex
359 497 469 533 Virgine
485 498 599 532 innupta
618 502 743 524 exortum
756 505 827 525 esse.

346 545 486 580 Tanquam
517 545 590 571 omni
617 548 742 571 creatura
773 544 955 578 superiorem,
983 544 1095 571 Creator

310 591 403 618 dilexit
418 594 453 623 te,
471 598 486 617 o
498 589 580 625 Virgo
593 595 688 622 mater,
709 589 812 617 faciens
828 595 853 617 te
864 590 977 617 Matrem
996 597 1092 622 suam;

309 646 393 672 quam
422 637 504 664 etiam
538 637 720 671 deprecantur
741 641 891 671 martyrum
920 637 1007 664 turbae
1032 643 1094 663 cum

310 681 384 707 outni
399 681 500 708 honore
513 687 544 708 ac
557 680 741 708 veneratione.

346 727 446 754 Lucem
463 727 535 754 illam
548 727 609 755 sine
623 732 753 762 tempore,
766 734 827 761 quae
841 731 883 754 est
902 727 1032 762 splendor
1044 727 1095 755 Pa-

311 773 373 806 tris,
389 773 517 808 genuisti,
531 781 547 800 ο
562 772 827 805 immaculatissinta,
846 772 944 800 factam
963 773 1014 800 sub
1029 777 1098 801 tem-

313 826 387 854 ρπο,
406 823 516 853 propter
530 819 639 846 divitias
655 818 786 845 bonitatis
799 825 867 846 suae.

348 863 490 899 Templum
506 867 533 891 et
548 864 678 899 palatium
701 863 748 892 Del
770 865 921 892 animatum
946 872 1099 900 agnoscens

1181 404 1336 440 Μαρτύρων
1354 405 1440 440 δῆμος
1464 403 1514 439 τὴν
1529 403 1578 438 σὴν
1599 403 1792 430 ἀπαικονίσατο
1810 404 1930 439 σφαγὴν,

1146 453 1280 484 Δέσποτα,
1292 450 1455 486 ἐπεγνωκὼς
1469 452 1551 486 κόρης
1573 458 1602 477 σε
1619 450 1648 484 ἐξ
1664 450 1854 487 ἀπειρογάμου
1871 451 1933 487 βλα-

1148 499 1295 532 στήσαντα.

1187 544 1231 575 Ὦς
1244 544 1419 580 ὑπάρχουσαν
1430 543 1482 579 τῆς
1499 543 1614 575 κτίσεως
1626 543 1764 578 ἀνωτέραν
1782 544 1795 570 ὁ
1814 543 1932 579 Ποιητὴς

1147 590 1276 625 ἠγάπησε
1286 599 1327 621 σε,
1338 589 1561 625 Παρθενομῆτορ,
1573 588 1664 621 δείξας
1676 597 1704 615 σε
1719 589 1825 624 μητέρα
1837 588 1930 619 αὑτοῦ,

1148 637 1181 673 ἣν
1197 637 1244 664 καὶ
1265 636 1434 663 λιτανεύουσι
1454 635 1536 670 δῆμοι
1558 635 1684 670 ἀθλητῶν
1711 634 1931 670 εὐπρεπὲστατα.

1188 725 1247 757 Φῶς
1277 724 1390 759 ἄχρονον
1418 723 1483 758 ἡμῖν
1505 722 1553 749 τοῦ
1581 722 1686 757 [ἰατρὸς
1714 722 1745 749 τὸ
1766 721 1933 756 ὲπαύγασμα

1150 771 1307 806 ἐγέννησας,
1327 769 1379 796 ὑπὸ
1393 769 1488 805 χρόνον
1507 768 1676 804 ἁγαθότητος
1694 767 1802 803 πλούτῳ
1818 767 1933 803 γενόμε-

1150 828 1205 854 νον,
1222 819 1386 854 πανάμωμε.

1187 866 1259 893 Ναόν
1273 874 1302 892 σε
1316 865 1362 892 τοῦ
1372 864 1439 892 8εοῦ
1451 865 1498 891 καὶ
1515 862 1646 890 παλάτιον
1657 860 1777 897 ἔμψυχον
1789 861 1844 888 τῶν
1854 861 1935 888 ἀθλο-

313 913 340 937 te
361 914 511 945 martyrum
527 910 753 946 triumphantium
782 911 896 943 chorus,
920 916 947 938 te
973 911 1098 944 Domina,

1152 913 1242 948 φόρων
1270 912 1364 948 χορεία
1390 910 1548 944 ἐπιγνοῦσα,
1570 909 1717 947 Δέσποινα,
1748 907 1883 935 λιτανεύει
1901 916 1932 934 σε

314 956 488 990 deprecatur,
508 964 569 991 quae
593 957 650 984 sola
671 957 817 984 mulierum
838 958 1015 992 opprobrium
1038 958 1101 985 abs-

316 1001 413 1028 tulisti.

354 1045 470 1074 Verbum
484 1046 585 1081 Patris,
605 1047 708 1082 absque
724 1047 778 1075 ulla
793 1047 958 1083 virginitatis
973 1053 1026 1076 tuas
1039 1057 1101 1076 cor—

315 1092 451 1127 ruptione,
473 1092 501 1119 in
529 1096 556 1119 te
583 1093 731 1126 habitavit;
748 1099 774 1121 et
798 1094 1008 1122 celeberrimum
1027 1102 1101 1121 mar-

315 1142 405 1172 tyrum
423 1138 537 1166 chorum
551 1139 671 1172 attraxit,
690 1144 715 1167 te
737 1139 882 1176 Deiparam
898 1145 1013 1175 castam,
1030 1147 1100 1176 pra:-

315 1184 460 1211 dicantem.

352 1230 499 1265 Perrumpe
525 1230 632 1265 pondtts
651 1239 732 1265 grave
757 1232 891 1260 malorum
919 1242 1056 1269 meorum,
1084 1244 1101 1264 ο

317 1280 371 1302 tota
389 1281 464 1303 casta
488 1281 569 1311 atque
590 1276 730 1309 inviolata,
760 1282 787 1304 et
808 1279 882 1305 omni
897 1279 975 1307 laude
998 1281 1101 1316 dignis-

315 1322 393 1355 sirna,
409 1330 470 1357 quae
484 1328 562 1357 partu
584 1328 629 1351 ttto
655 1323 719 1352 Adae
733 1324 839 1360 lapsum
855 1327 1009 1361 reparasti;
1026 1333 1052 1356 et
1069 1329 1102 1356 il-

314 1367 417 1395 lttmina
433 1376 486 1401 me,
500 1373 529 1396 ttt
544 1369 663 1397 clamare
678 1371 780 1405 possim
798 1376 887 1400 mente
913 1381 997 1408 pura:
1015 1374 1101 1402 Bene-

314 1412 408 1442 dicite.
421 1412 512 1440 omnia
528 1421 624 1448 opera,
640 1414 794 1442 Dominum.

349 1458 430 1486 Lucis
442 1459 627 1487 habitaculutn
644 1459 716 1488 facta
732 1469 773 1494 es,
796 1462 870 1490 illius
886 1464 990 1492 scilicet
1001 1465 1046 1500 qui
1067 1473 1101 1494 ex

316 1509 342 1531 te
364 1511 473 1540 propter
487 1513 538 1534 nos
551 1511 631 1534 natus
646 1511 704 1541 est;
722 1516 802 1543 quem
821 1509 881 1538 sitte
897 1511 1101 1541 intermissione

1151 959 1199 995 τὴν
1213 958 1296 995 μόνην
1312 957 1449 993 γυναικῶν
1463 955 1606 992 ἀραμένην
1624 955 1655 982 τὸ
1669 954 1780 986 δνειδος.

1186 1049 1233 1084 Μὴ
1247 1047 1406 1083 διαφθείρας
1421 1047 1471 1082 τὴν
1485 1045 1635 1081 παρθενίαν
1643 1045 1711 1076 ὅλως
1722 1045 1772 1080 τὴν
1788 1045 1838 1080 σὴν
1849 1045 1936 1078 Λόγος

1151 1094 1199 1121 τοῦ
1230 1093 1347 1129 Πατρδς,
1374 1093 1529 1127 ἐσκήνωσεν
1550 1091 1596 1118 ἐπὶ
1623 1091 1684 1121 σοὶ,
1711 1090 1759 1117 καὶ
1790 1090 1938 1126 μαρτύρων

1153 1140 1329 1168 ἐπεσπάσατο
1352 1139 1431 1175 χορὸν
1443 1137 1576 1174 ἀοίδιμον,
1593 1137 1724 1164 Θεοτόκον
1738 1137 1824 1173 ἁγνήν
1839 1145 1870 1164 σε
1885 1146 1934 1172 κη-

1153 1186 1295 1223 ρύττοντα.

1193 1232 1289 1268 Ῥἦξον
1299 1231 1352 1258 τῶν
1368 1231 1461 1259 κακῶν
1475 1240 1526 1267 μου
1541 1231 1570 1259 τὺ
1583 1231 1654 1267 βαρὺ
1667 1231 1788 1267 φορτίον,
1803 1231 1937 1266 πάναγνε,

1152 1280 1168 1315 ἡ
1196 1278 1375 1315 ἀνθρθώσασα
1400 1277 1487 1314 Ἀδὰμ
1506 1277 1559 1314 ,τὴν
1586 1277 1734 1310 ἔκπτωσιν,
1750 1277 1880 1312 ᾶχραντε,
1905 1279 1939 1312 τῇ

1153 1327 1250 1360 κυήσει
1263 1334 1320 1358 σου,
1337 1325 1509 1361 πανύμνητε,
1526 1325 1574 1352 καὶ
1599 1323 1805 1361 φωταγώγησον
1831 1323 1896 1361 βοᾷν
1911 1325 1941 1352 ὲν

1152 1373 1265 1409 καθαρῷ
1281 1373 1403 1410 λογισμῷ
1414 1381 1421 1388 '
1451 1373 1607 1408 Εὑλογεῖτε,
1634 1373 1723 1401 πάντα
1739 1374 1773 1400 τὰ
1800 1373 1880 1409 ἔργα,
1894 1372 1941 1400 τὸν

1151 1420 1266 1456 Κύριον.

1187 1467 1277 1499 Φωτδς
1290 1467 1448 1502 οἰκητήριον
1462 1466 1556 1502 ὤφθης
1571 1465 1617 1494 τοῦ
1634 1467 1668 1494 δι’
1682 1467 1757 1503 ἡμᾶς
1778 1467 1811 1494 ἐκ
1829 1466 1876 1494 σοῦ
1894 1476 1940 1494 τε-

1154 1513 1273 1548 χθέντος,
1288 1512 1318 1539 ὃν
1331 1512 1512 1544 ἀδιαλείπτως
1523 1512 1643 1540 δυσώπει
1659 1515 1865 1548 φωταγωγῆσαι
1877 1515 1941 1545 τοὺς

315 1551 462 1585 deprecare
479 1557 508 1579 ut
521 1552 622 1580 lumine
640 1561 691 1581 suo
714 1555 861 1589 perfundat
882 1564 940 1589 eos,
968 1558 1014 1593 qtti
1034 1563 1069 1592 te,
1085 1567 1098 1587 ο

1154 1559 1340 1595 ἀνυμνοῠντάς
1360 1567 1400 1592 σε,
1429 1559 1476 1586 καὶ
1490 1559 1632 1593 Θεοτόκον,
1658 1560 1782 1596 πάναγνε
1803 1560 1942 1597 Παρθενο-

315 1596 470 1624 castissima
500 1596 580 1634 Virgo
598 1597 699 1632 Mater,
716 1600 872 1629 collaudant
903 1609 935 1630 ac
959 1602 1098 1639 Deiparam

1156 1605 1252 1641 μῆτορ,
1273 1604 1520 1639 καταγγέλλοντας.

317 1643 493 1671 confitentur.

320 1689 375 1724 82
402 1689 443 1717 Ea:
468 1698 567 1717 canone
588 1691 616 1718 in
633 1691 761 1754 55$???
791 1694 943 1730 archangeli
961 1694 1102 1728 Gubrt’elis.

676 1736 698 1754 ιε
714 1736 758 1754 20.

353 1779 449 1807 Statim
465 1784 547 1815 atque
562 1781 671 1810 Gabriel
686 1783 753 1810 vidit
773 1789 798 1812 te
814 1790 918 1814 castam
945 1788 1020 1816 omni
1042 1789 1104 1817 labe

315 1831 463 1860 carentem,
479 1827 577 1855 illustri
596 1835 662 1856 voce
685 1830 849 1859 exclamavit
866 1841 872 1860 :
887 1834 955 1867 Ave,
975 1834 1102 1868 Domina.

315 1872 426 1901 tltulatni
444 1874 546 1907 nescia,
572 1875 713 1903 hominum
730 1877 815 1911 salus,
829 1880 986 1915 angelorum
1002 1882 1103 1917 gloria-

315 1918 353 1946 tio
367 1924 394 1946 et
407 1926 544 1948 venustas.

351 1963 508 1999 Agnoscens
521 1967 630 1995 Gabriel
640 1969 801 2004 mysterium
817 1971 881 1998 olim
897 1971 1101 2007 absconditum,

315 2010 348 2036 ad
370 2014 395 2037 te
409 2010 584 2045 clamabat,o
607 2014 696 2048 pttella
720 2024 727 2042 :
757 2015 824 2050 Ave,
843 2016 889 2044 Dei
915 2018 1055 2052 palatium,
1075 2019 1102 2046 in

314 2063 368 2090 quo
385 2056 551 2091 inhabitans,
561 2065 657 2088 omnes
671 2061 806 2093 homines.
819 2066 914 2090 utoote
930 2063 1101 2099 misericors,

313 2101 462 2130 dcilieabit.

347 2149 414 2176 Cum
428 2155 452 2176 te
464 2153 548 2177 totam
560 2158 574 2177 a
588 2151 691 2186 Spirittt
707 2158 803 2181 sancto
816 2155 997 2184 castillcatam
1015 2157 1102 2186 vidis-

314 2201 354 2223 set
367 2195 489 2228 Gabriel.
505 2205 520 2223 ο
542 2197 808 2233 immaculatissima,
833 2201 996 2231 exclamavit
1015 2205 1048 2232 ad
1070 2210 1097 2233 te

1161 1695 1210 1722 Ἐκ
1226 1695 1279 1722 τοῦ
1297 1695 1424 1731 κανόνος
1444 1693 1559 1731 εις-,τὴν
1570 1694 1702 1731 σιξνᾳξιν
1712 1694 1766 1722 τοῦ
1778 1695 1940 1731 ἀρχιστρα-

1328 1729 1420 1764 τήγου
1435 1729 1579 1764 Γαϐριὴλ,
1595 1729 1690 1764 ἡμέρα
1705 1733 1763 1762 κς’.

1194 1785 1293 1821 Ἀγνήν
1307 1793 1336 1812 σε
1359 1785 1530 1820 πανάμωμον
1547 1786 1562 1812 ὁ
1584 1784 1705 1821 Γαϐριὴλ
1719 1785 1757 1817 ὡς
1772 1784 1890 1821 ἑώρακε,
1911 1785 1941 1813 ea

1153 1832 1250 1867 Χαῖρε,
1269 1829 1321 1864 σοὶ,
1348 1829 1492 1862 Δέσποινα,
1515 1828 1651 1865 λαμπρῶς
1673 1829 1797 1865 ἐϐόησεν,
1828 1830 1942 1865 ἄπειρόο

1152 1886 1236 1913 γαμε,
1256 1875 1359 1912 βροτῶν
1370 1877 1387 1911 ἡ
1406 1875 1538 1911 σωτηρία,
1553 1876 1678 1911 ἀγγέλων
1693 1875 1723 1903 τὺ
1738 1876 1871 1912 καύχημα
1891 1877 1940 1903 καὶ

1154 1932 1182 1951 σε
1187 1923 1302 1959 μνολόγη
1307 1931 1355 1959 μα.

1187 1968 1329 2004 Γνωρίζων
1339 1967 1369 1994 τὸ
1381 1967 1465 1994 πάλαι
1475 1967 1667 2002 κεκρυμμένον
1685 1968 1846 2004 μυστήριον,
1859 1968 1940 2004 κόρη,

1153 2017 1194 2043 σοί
1207 2025 1271 2042 ποτε
1282 2016 1296 2042 ὁ
1312 2014 1431 2050 Γαϐριὴλ
1448 2013 1604 2049 ἑκραύγασε
1618 2022 1625 2029 ·
1648 2014 1746 2049 Χαῖρε,
1762 2014 1831 2041 Θεοῦ
1850 2015 1940 2041 παλά-

1151 2071 1219 2094 τιον,
1229 2062 1257 2088 ἐν
1274 2058 1295 2096 ᾧ
1308 2061 1423 2097 οἰκήσας
1437 2060 1561 2092 ἅπαντας
1575 2059 1689 2096 βροτοὺς
1705 2059 1803 2087 θεώσει
1825 2060 1864 2092 ὡς
1894 2060 1940 2087 €6-

1153 2118 1168 2135 σ
1173 2109 1316 2143 πλαγχνος.

1187 2155 1271 2189 Ὅλην
1296 2162 1327 2180 σε
1349 2153 1388 2190 τῷ
1406 2152 1547 2187 Πνεύματι
1567 2153 1581 2179 ὁ
1596 2152 1717 2188 Γαϐριὴλ
1741 2153 1940 2189 περιηγνισμέ-

1150 2211 1210 2237 νην,
1234 2202 1400 2236 πανάμωμε,
1418 2201 1593 2236 κατανοήσας
1616 2199 1700 2236 ἐκϐοᾷ
1726 2209 1767 2227 σοι
1792 2201 1939 2236 ἐμφανῶς·

313 2242 394 2269 claris
408 2243 521 2270 vocibus
537 2252 543 2270 :
561 2243 629 2276 Ave,
645 2244 796 2280 redemptio
811 2254 826 2274 a
845 2247 1037 2278 maledictione
1069 2257 1097 2279 at

1151 2249 1247 2284 Χαῖρε,
1263 2247 1331 2283 ἀρᾶς
1345 2248 1361 2283 ἡ
1373 2246 1519 2283 λύτρωσις,
1537 2247 1584 2273 καὶ
1601 2246 1658 2273 τῶν
1669 2247 1861 2282 πρωπατόρων
1878 2248 1942 2274 ἀνά-

313 2288 462 2322 printorum
474 2293 616 2323 parentum
636 2291 784 2318 revocatio.

347 2332 415 2359 Cum
429 2333 559 2367 templum
573 2335 798 2364 sanctificationis
813 2344 900 2371 esses,
916 2346 932 2366 o
948 2339 1097 2368 intemera-

313 2377 431 2408 tissima.
454 2385 503 2413 per
520 2386 614 2407 vocem
646 2380 781 2410 Gabriclis
797 2384 952 2420 archangeli
969 2387 1098 2422 concepi-

311 2423 346 2450 sti
355 2431 428 2456 eum,
439 2425 485 2459 qui
501 2427 648 2460 requiescit
660 2427 686 2454 in
699 2429 801 2456 sanctis
812 2430 880 2466 suis,
891 2433 1095 2461 sanctissimum

311 2467 407 2502 Dettm,
425 2470 470 2504 qtti
486 2470 627 2498 universos
643 2473 794 2502 sanctiﬁcat
817 2482 848 2503 ac
864 2476 989 2504 liberata
1005 2479 1096 2507 malis.

347 2515 450 2543 Divinis
460 2515 594 2545 Gabrielis
611 2518 703 2547 verbis
722 2520 855 2549 obediens
873 2521 959 2555 fuisti,
977 2531 993 2550 ο
1009 2529 1096 2558 casta,

309 2567 337 2589 et
353 2561 469 2589 Verbum
483 2568 613 2590 meritum
638 2564 664 2592 in
676 2573 759 2594 carne
775 2569 917 2603 perpcristi
932 2569 1004 2604 quod
1019 2579 1098 2598 mutt-

309 2607 373 2635 dum
393 2608 428 2635 ab
441 2608 650 2637 irrationalitate
661 2611 796 2640 liberavit.

345 2654 444 2682 Missus
461 2659 502 2682 est
516 2655 645 2692 princeps
666 2658 769 2686 militia:
791 2660 910 2689 caelestis
926 2662 1048 2695 Gabriel,
1065 2668 1096 2692 ut

308 2701 356 2728 tibi
383 2701 512 2736 gaudium
537 2702 726 2737 attnttntiaret,
746 2712 762 2732 ο
781 2712 854 2733 casta
887 2707 970 2743 Virgo
996 2708 1091 2743 Mater,

309 2757 357 2782 per
369 2757 451 2784 quam
464 2757 527 2777 vere
540 2749 649 2776 tristitia
664 2752 792 2785 cessavit,
812 2759 838 2780 et
861 2755 1017 2784 maledictio
1039 2761 1096 2785 ste-

309 2795 367 2822 rilis
390 2795 462 2823 facta
488 2800 540 2828 est,
561 2803 594 2823 ac
621 2795 713 2824 ﬂoruit
737 2798 890 2828 benedictio
917 2802 1041 2831 ﬁdelibus
1069 2804 1096 2830 in

309 2841 418 2867 secula.

347 2886 487 2922 Tanquam
505 2890 658 2926 jucundum
684 2893 766 2929 Regis
793 2894 932 2928 thronum,
965 2900 1094 2931 tanquam

1151 2296 1257 2327 κλησις.

1206 2305 1230 2321 σι
1250 2315 1257 2322 ι

1186 2305 1259 2374 Illaec;
1282 2340 1452 2376 ἁγιάσματος
1479 2339 1651 2375 ὑπάρχουσα,
1673 2339 1840 2374 πανᾶμωμε,
1864 2340 1940 2374 φωνῇ

1151 2388 1270 2423 Γαϐριὴλ
1285 2387 1331 2413 τοῦ
1348 2386 1532 2422 ἀρχαγγέλου.
1543 2386 1590 2411 τὸν
1605 2386 1634 2412 ἐν
1657 2385 1743 2419 ἁγίοις
1762 2386 1941 2420 ἀναπαυόμει

1151 2444 1196 2462 νον
1211 2435 1324 2465 τέτοκας
1337 2433 1475 2468 ’πανάγιον
1491 2433 1570 2466 Θεὸν,
1591 2433 1696 2464 πάντας
1723 2432 1875 2467 ἁγιάζοντα
1895 2434 1940 2459 καὶ

1150 2479 1245 2507 δεινῶν
1262 2478 1462 2514 ἐξαιρούμενον.

1190 2525 1335 2560 Ῥημάτων
1365 2525 1447 2551 θείων
1469 2524 1601 2559 ὑπήκοος,
1634 2523 1714 2558 ἁγνὴ,
1743 2523 1790 2550 τοῦ
1820 2522 1940 2557 Γαϐριὴλ

1151 2573 1349 2608 ἐχρημάτισας,
1364 2572 1412 2598 καὶ
1424 2571 1469 2597 τὸν
1484 2571 1661 2605 προάναρχον
1674 2569 1761 2603 Λόγον
1780 2570 1863 2604 σαρκὶ
1873 2571 1941 2596 ἁπε-

1151 2619 1268 2652 κύησας,
1285 2618 1335 2652 τῆς
1350 2618 1463 2652 ἀλογίας
1479 2619 1582 2653 κόσμον
1594 2615 1848 2651 ἁπολυτρούμενον,

1192 2665 1344 2700 Ἀπεστάλη
1362 2664 1483 2700 Γαϐριὴλ
1498 2665 1512 2690 ὁ
1527 2663 1749 2699 ἀρχιστράτηγος
1773 2663 1862 2698 χαρὰν
1885 2671 1939 2697 μη-

1150 2712 1220 2738 νύων
1239 2720 1289 2742 σοι,
1304 2711 1518 2746 Παρθενομῆτορ
1540 2711 1622 2745 ἁγνὴ,
1639 2709 1674 2736 δι’
1693 2707 1728 2745 ἧς
1743 2709 1814 2744 λύπη
1831 2709 1940 2735 πέπαυ-

1149 2767 1206 2790 ται,
1222 2758 1268 2784 καὶ
1282 2758 1298 2793 ἡ
1314 2757 1368 2792 ἀρὰ
1390 2756 1498 2791 ἀληθῶς
1523 2756 1734 2791 ἀπεστείρωται,
1760 2756 1806 2783 καὶ
1828 2755 1939 2788 εὐλογία

1150 2806 1250 2841 ἦνοησε
1266 2806 1321 2836 τοῖς
1338 2805 1444 2836 πιστοῖς
1456 2805 1495 2836 εἰς
1512 2804 1575 2835 τοὺς
1586 2804 1699 2835 αἰῶνας.

1193 2896 1236 2928 Ὠς
1257 2895 1351 2930 θρόνον
1375 2894 1422 2922 τὸν
1452 2893 1635 2930 πνευματικὸν
1658 2894 1704 2922 τοῦ
1733 2894 1877 2929 βασιλέως,
1901 2893 1942 2925 ὡς
