2069 3159
167 164 237 197 1085

888 170 1069 201 MARIALE.

1718 169 1786 202 1086

164 225 274 252 πάντων
283 224 338 251 τῶν
348 233 410 260 ποιη
416 225 507 260 μάτων
518 226 714 263 ὑπερέχουσαν,
729 227 766 260 ὼς
775 229 819 255 τὸν
831 229 882 255 ima
887 227 947 264 ρού-

1001 228 1128 256 omnibus
1153 228 1287 256 creaturis
1311 227 1535 261 eminentiorem,
1561 231 1689 263 tanquam
1713 235 1784 261 eam,

166 281 224 299 σιον
246 271 326 307 μόνον
345 272 518 300 οὐσιώσασαν
538 273 584 300 τὸν
600 275 663 306 τοὺς
679 274 791 310 βροτοὺς
810 275 950 302 Θεώσαντα

167 318 263 344 ἐνώσει
277 318 412 353 κρείττονι
425 321 578 355 γεννήσεως
593 321 714 356 ἁρῥήτου
737 321 783 348 καὶ
797 322 886 357 ξένης,
902 322 951 356 τὴν

165 364 350 400 ιὺλογημένην
374 365 539 401 ὑμνήσωμεν
551 366 699 401 Παρθένον.

201 453 304 487 Φέγγος
315 453 458 489 ἀστραπῆς
473 453 520 480 τοῦ
529 453 611 481 τόκου
622 462 669 481 σου
684 453 805 490 ελαμψεν
819 455 867 481 καὶ
883 462 950 482 καιτ-

164 499 308 534 εφαίδρυνε
327 500 418 526 πᾶσαν
444 500 495 534 τὴν
511 500 636 535 ὑφήλιον,
665 501 770 528 καὶτὸν
795 501 951 536 προστάτην

165 545 212 572 τοῦ
232 545 345 577 σκότους
357 545 453 579 ὤλεσε,
466 547 652 583 Θεογεννῆτορ
671 547 804 582 πάναγνε,
825 547 950 582 ἀγγέλων

165 592 312 626 κτύχημα,
328 592 375 619 καὶ
390 592 541 628 ἀνθρώπων
560 593 670 621 πάντων
683 594 713 620 τὸ
730 594 882 630 διάσωσμα,
897 593 951 620 τῶν

163 637 315 669 ἀπαύστοις
332 639 434 672 φωναῖς
448 638 646 674 εὐφημούντων
661 648 701 667 σε.

171 736 218 763 Ἐκ
230 736 283 764 τοῦ
295 737 425 774 nardi-oc
440 738 483 774 εἰς
493 737 546 774 tot
553 738 641 765 ὅσιον
649 738 763 772 Πατέρα
771 739 856 774 ἡμῶν
873 740 949 768 Ἱλα-

334 772 429 806 phum
439 773 492 799 τὸν
506 773 592 806 Νέον,
606 774 702 809 ἡμέρᾳ
715 778 766 810 κη’.

200 836 260 864 Τῶν
272 836 346 871 ἐμῶν
358 837 535 873 πταισμάτων
546 839 596 871 τὰς
606 839 710 875 σειρὰς,
724 840 856 874 πάναγνε,
871 840 950 878 διάρ-

999 282 1060 309 qum
1073 274 1161 302 solum
1179 273 1472 309 supersubstantialem
1488 273 1669 301 substantiam
1684 273 1785 304 eﬂ‘ecit,

1000 320 1045 355 qui
1072 320 1296 355 praestantissima
1314 319 1414 346 unione
1432 319 1575 346 ineﬂ‘abilis
1586 326 1618 346 ac
1635 319 1786 354 peregrinae

1000 366 1186 402 generationis
1215 366 1342 394 homines
1361 366 1515 397 deiﬁeavit.
1539 365 1677 401 Virginem
1704 365 1785 392 bene-

1000 413 1099 440 dictam
1108 412 1305 440 collaudemus.

1034 457 1119 486 Jubar
1131 459 1243 494 fulgoris
1260 461 1353 493 partus
1368 458 1407 485 tui
1422 457 1589 490 coruscavit,
1615 462 1696 492 atque
1721 458 1785 484 tini-

1000 511 1108 531 versum
1136 509 1270 531 terrarum
1287 503 1381 530 orbem
1404 503 1463 530 laeta
1479 503 1539 530 luce
1555 503 1690 536 perfudit;
1709 506 1785 529 tene-

1000 549 1167 584 brarumque
1183 549 1328 584 praesidem
1359 548 1523 584 proﬂigavit,
1540 557 1557 576 ο
1588 548 1634 576 Dei
1662 548 1784 576 Genitrix

1000 595 1164 627 castissima,
1184 595 1344 631 angelorum
1371 593 1506 629 gloriatio,
1533 594 1587 629 83
1609 599 1637 621 et
1661 594 1784 621 omnium

1001 641 1142 668 hominum
1157 640 1242 672 salus,
1259 640 1306 675 qui
1323 645 1349 667 te
1368 638 1579 667 incessabilibus
1591 639 1703 666 vocibus
1719 645 1785 665 con-

1000 686 1149 714 celebrant.

1001 742 1043 769 Ea:
1067 749 1168 770 canone
1198 741 1224 767 in
1257 739 1286 768 S.
1313 740 1358 802 P.d
1364 738 1607 801 _1\;.8Hilariomm
1633 738 1783 771 Juniorem,

1360 783 1383 802 te
1434 793 1442 802 .

1360 783 1383 802 ιε
1396 783 1442 802 Ζδ.

1035 842 1191 877 Disrumpe,
1224 849 1241 869 ο
1268 841 1433 874 castissima,
1456 844 1629 875 peccatorum
1660 847 1782 868 meorum

165 883 256 918 ρηξον,
270 883 315 910 τὸν
331 883 377 910 σδν
389 884 454 911 Υἰδν
478 885 524 911 καὶ
547 885 614 912 Θεὸν
644 885 803 913 ἱκετεύουσα
815 895 823 904 ·
838 887 887 914 καὶ
900 888 947 922 τὴν

1000 889 1122 922 vincula,
1142 889 1292 924 deprecans
1304 895 1353 923 pro
1368 895 1411 915 me
1427 887 1525 914 Filium
1538 894 1570 914 ac
1587 886 1670 914 Deum
1688 893 1782 919 tuum;

163 929 348 965 τυραννοΰσάν
362 939 408 965 με,
427 931 613 968 ’Δειπάρθενε,
637 933 775 968 ἁμαρτίαν
799 933 945 966 κατάϐαλε,

162 977 235 1010 ὅπως
251 986 281 1004 σε
296 977 418 1013 γεραίρω
441 977 570 1012 πάντοτε,
588 979 754 1015 πανάμωμε,
781 980 945 1016 σωζόμενος.

201 1064 352 1100 ’ῐάτρευσον
368 1064 404 1092 τὰ
420 1065 563 1100 τραύματα
581 1066 631 1102 τῆς
654 1066 744 1102 ψυχῆς
762 1076 824 1103 μου,
840 1067 945 1103 δέομαι,

161 1111 209 1138 καὶ
221 1110 268 1137 τοῦ
285 1110 344 1142 νοὸς
359 1110 528 1146 κυϐέρνησον
543 1112 593 1143 τὰς
613 1113 736 1148 κινήσεις
755 1114 823 1148 πρὸς
845 1114 879 1140 τὰ
901 1114 943 1141 θεο

160 1154 269 1191 λήματα
282 1154 330 1182 τοῦ
343 1156 375 1182 ἐκ
391 1155 437 1182 σοῦ
453 1157 652 1192 σαρκωθέντος,
670 1158 738 1194 κόρη
753 1158 888 1193 πάναγνε.

210 1246 232 1273 0
244 1246 347 1282 Κύριός
364 1255 393 1274 σε
409 1247 516 1283 Κυρίαν
531 1247 659 1275 ἁπάντων
669 1247 718 1275 καὶ
729 1248 879 1276 Δέσποιναν
890 1250 947 1286 sip.

161 1292 274 1326 γάσατο,
287 1292 404 1327 ἄχραντε
417 1299 425 1307 ⁸
442 1291 489 1319 σοῦ
512 1292 567 1328 γὰρ
589 1293 621 1318 ὲκ
640 1293 748 1328 μήτρας
774 1293 946 1329 σεσάρκωται

161 1337 406 1373 κατακυριεύοντος
432 1337 516 1365 αὑτοῦ
542 1339 571 1366 τὸ
588 1338 654 1366 ῐδιον
668 1339 781 1375 πλάσμα
801 1339 945 1375 λυτρωσά-

162 1392 250 1419 μενος.

201 1430 289 1465 ’ἰσχὺς
315 1429 370 1456 τῶν
399 1429 504 1457 πιστῶν
536 1430 583 1457 καὶ
611 1430 693 1457 ὁσίων
717 1429 845 1465 ’γέγονας
878 1439 948 1467 κρα-

161 1475 271 1511 ταίωμα
284 1484 291 1493 ο
303 1476 348 1503 διὰ
364 1475 412 1503 σοῦ
432 1476 497 1511 γὰρ,
519 1475 653 1511 ἄχραντε,
680 1476 782 1503 ἅπασιν
806 1477 948 1511 ὶπήγασας

159 1522 194 1549 τὰ
208 1523 361 1558 κρείττονα,
377 1522 426 1550 καὶ
441 1523 466 1549 οἱ
480 1523 532 1559 γῆν
544 1522 737 1555 κατοικοῦντες
753 1522 820 1558 πρῦς
831 1522 947 1558 οὐρανὸν

161 1569 323 1605 βαδίζουσιν.

196 1615 252 1650 Τὴν
270 1615 394 1643 παστάδα
419 1615 488 1643 Θεοῦ
514 1616 564 1650 τὴν
583 1615 744 1652 ἀμόλυντον,
773 1615 869 1651 θρόνον
898 1615 945 1642 τδν

161 1662 335 1697 πυρίμορφον
348 1661 396 1688 τοῦ
411 1662 645 1698 Παντοκράτορος,
664 1662 714 1696 τὴν
734 1661 865 1688 Θεοτόκον
875 1661 946 1688 ᾶπα-

162 1715 207 1735 σαι
220 1709 312 1742 γενεαὶ
329 1708 432 1742 γενεῶν
447 1708 656 1743 μακαρίσωμεν.

195 1754 345 1789 Συμσόλοις
359 1762 388 1780 σε
400 1754 544 1790 πόρρωθεν
561 1753 740 1790 προδιετύτιου
764 1754 781 1789 ἠ
799 1753 879 1789 χάρις
897 1753 944 1780 τοῦ

161 1799 318 1834 Πνεύματος
331 1801 509 1835 προφητικοτς
521 1799 699 1835 χαρίσμασιν,
711 1799 774 1834 ὅρος
784 1801 844 1826 πῖον
856 1799 945 1834 ἅγιον,

161 1844 248 1878 πύλην
275 1845 420 1880 σωτήριον,
443 1845 526 1879 τόμον
548 1853 578 1871 τε
601 1845 772 1878 καινότατον,
791 1844 871 1881 ἁγνὴ,
899 1845 946 1872 καὶ

161 1889 276 1917 κισωτόν
290 1898 319 1916 σε
336 1890 571 1926 κατονομάζουσα.

201 1980 301 2008 Ῥύπου
319 1990 353 2016 με
367 1981 473 2015 παθῶν,
483 1981 529 2009 καὶ
546 1981 641 2008 σπίλου
656 1980 804 2017 ἁμαρτίας,
820 1980 945 2016 θεοχαρί-

160 2035 230 2054 τωτι
246 2027 409 2060 ἀπόπλυνον,
430 2028 477 2054 καὶ
496 2026 583 2059 πύλας
611 2035 656 2062 μοι
673 2026 777 2059 ἄνοιξον
801 2026 946 2061 μετανοίας

159 2073 347 2106 ὀλισθαίνοντι,
357 2073 404 2100 καὶ
419 2073 537 2108 συνεχῶς
549 2073 605 2106 τοῖς
617 2073 796 2107 πταίσμασιν,
815 2071 945 2107 ἄχραντε,

160 2119 337 2151 συναντῶντι,
350 2119 397 2146 καὶ
416 2119 464 2146 τὸν
477 2119 544 2145 Θεὸν
561 2119 767 2154 παροργίζοντι.

195 2166 288 2201 Φωνήν
313 2174 354 2193 σοι
380 2166 555 2201 προσάγομεν
574 2164 621 2192 τοῦ
638 2164 758 2200 Γαϐριὴλ
781 2163 944 2200 γηθόμενοι·

160 2212 259 2247 Χαῖρε,
277 2211 414 2246 λέγοντες,
433 2209 508 2243 οἶκος
532 2211 579 2238 τοῦ
597 2211 832 2246 Παντοκράτορος,
856 2210 944 2245 χαῖρε,

160 2258 214 2284 τῶν
226 2257 306 2284 ὁσίων
323 2258 340 2292 ή
357 2257 420 2289 δόξα
433 2258 480 2284 καὶ
493 2257 546 2284 τῶν
561 2257 665 2284 πιστῶν
681 2257 789 2284 πάντων
807 2256 941 2292 σωτηρία,

159 2302 235 2340 δι’ἦς
250 2302 416 2339 ἐθεώθημεν,
432 2303 546 2330 Θεοτόκε
558 2302 733 2338 ἁειπάρθενε.

166 2372 216 2398 Ἐιι
232 2370 285 2398 τοῦ
300 2372 429 2403 κανόνος
453 2372 496 2403 εὶς
510 2370 563 2397 τὸν
583 2370 669 2405 ἅγιον
682 2369 805 2405 Μάρκον
819 2368 945 2396 enimio-

319 2415 378 2433 πον
402 2406 607 2440 Ἀρεθουσίων,
624 2405 720 2440 ἡμέρᾳ
734 2404 785 2432 κθ’.

196 2476 277 2510 Ὅρος
293 2483 322 2501 σε
334 2473 482 2502 κατάσκιόν
497 2482 562 2500 ποτε
575 2473 590 2500 ὀ
609 2473 768 2508 Ἀὃὸακοὺμ
779 2472 946 2507 ammon;
983 2500 986 2506 ,

159 2520 408 2556 ἱθεάσατο,;Μῆτερ
433 2519 615 2556 ἀπειρόγαμε,
633 2519 663 2552 ἐξ
677 2516 711 2554 ἦς
729 2518 796 2550 Θεὸς
814 2526 946 2553 σωματω-

160 2567 216 2598 θεὶς
236 2567 370 2602 ἑπέφανεν
397 2567 482 2602 ἀρετῇ
507 2565 631 2600 καλύψας
646 2565 684 2597 ὡς
709 2564 818 2600 ἀληθῶς
840 2564 875 2591 τὰ
899 2565 945 2592 οὺ-

159 2611 251 2647 ράνια.

199 2659 229 2684 '0
244 2659 323 2694 μόνος
346 2659 428 2686 οἰκῶν
455 2659 518 2690 τοὺς
543 2657 675 2693 οὐρανοὺς
694 2657 744 2692 τὴν
761 2657 868 2692 μήτραν
896 2665 944 2683 σου

158 2703 321 2740 κατῴκησεν
343 2705 492 2740 ὑπερσολῇ,
515 2703 648 2738 Παρθένε,
677 2703 872 2739 χρηστότητος,
896 2702 945 2729 καὶ

159 2749 228 2783 σὰρξ
241 2749 335 2785 ὠράθη
352 2751 384 2777 ὲκ
401 2750 447 2776 σοῦ
465 2750 623 2784 τικτόμενος
637 2757 644 2764 ·
661 2749 719 2775 ἀλλ’
732 2749 812 2775 αὐτὴν
838 2749 943 2775 ἱκέτευε

158 2797 249 2831 πάσης
262 2797 460 2832 περιστάσεως,
473 2797 605 2830 παναγία,
617 2795 749 2830 ρυσθῆναι
758 2795 820 2827 τοὺς
834 2794 944 2826 δούλους

159 2851 218 2870 σου.

197 2889 370 2916 Συλλαϐοὖσα
387 2889 526 2925 ἁφλέκτως
548 2888 578 2915 τδ
596 2889 651 2925 πῦρ
668 2889 718 2924 τῆς
744 2889 943 2925 Θεὸτητος,καὶ

997 940 1026 964 et
1039 940 1191 971 peccatum.
1208 934 1280 970 quod
1302 941 1344 961 me
1355 933 1497 968 tyrannica
1515 933 1624 966 premit,
1641 933 1738 967 dejice,
1754 938 1784 958 ut

998 982 1113 1010 salutem
1137 985 1301 1009 consecutus
1325 984 1351 1008 te
1365 986 1473 1014 semper
1506 979 1642 1007 honorare
1667 979 1782 1016 valeam,

997 1036 1014 1056 ο
1029 1035 1136 1064 semper
1152 1026 1233 1062 Virgo
1248 1026 1406 1062 purissima.

1032 1074 1114 1107 Cura,
1140 1081 1247 1109 precor,
1263 1073 1376 1100 vulnera
1389 1073 1488 1100 animat
1507 1081 1584 1105 meas,
1599 1079 1616 1099 ο
1630 1070 1720 1106 puella
1733 1077 1781 1097 ea-

998 1120 1137 1153 stissima;
1153 1123 1179 1146 et
1196 1119 1295 1146 mentis
1313 1126 1381 1146 meae
1405 1123 1495 1146 motus
1521 1125 1584 1153 rege
1599 1125 1632 1145 ac
1646 1117 1732 1151 dirige
1748 1115 1781 1142 ad

997 1165 1163 1191 voluntatem
1185 1163 1245 1197 ejus
1267 1162 1430 1195 faciendam,
1450 1163 1496 1195 qui
1519 1171 1552 1190 ex
1579 1167 1604 1189 te
1624 1161 1783 1189 incarnatus

997 1214 1048 1236 est.

1035 1252 1166 1281 Dominus
1178 1253 1320 1281 constituit
1335 1257 1372 1286 te,
1388 1261 1405 1280 ο
1419 1252 1565 1287 inviolata,
1585 1252 1728 1279 Dominam
1749 1258 1782 1278 ac

999 1299 1130 1335 Reginam
1143 1299 1330 1327 universorum
1346 1307 1398 1327 :ex
1416 1304 1492 1326 utero
1505 1299 1577 1326 enim
1592 1303 1638 1325 tuo
1661 1298 1785 1325 incarna-

998 1350 1043 1374 tus
1059 1350 1110 1378 est,
1130 1350 1158 1373 ut
1169 1353 1248 1373 suum
1262 1346 1366 1380 plasma
1380 1345 1414 1372 ab
1433 1352 1476 1378 eo,
1489 1344 1535 1380 qui
1550 1344 1638 1372 eidem
1656 1343 1783 1371 domina-

999 1392 1091 1424 batur,
1107 1392 1242 1419 liberaret.

1034 1437 1176 1465 Fortitudo
1199 1438 1319 1465 lldelium
1349 1441 1376 1466 et
1395 1434 1595 1465 ﬁrmaménlum
1623 1433 1779 1463 sanctorum

999 1483 1071 1511 facta
1087 1491 1125 1515 cs.
1138 1491 1154 1510 ο
1165 1483 1324 1510 intemerata
1346 1491 1353 1510 :
1374 1491 1422 1518 per
1443 1486 1469 1509 te
1485 1482 1555 1509 enim
1573 1479 1700 1508 omnibus
1715 1488 1784 1514 ιιι-πει

1001 1528 1231 1556 stantissimorum
1247 1528 1380 1556 bonorum
1398 1527 1459 1555 fons
1484 1527 1632 1558 emanavit,
1655 1531 1681 1553 et
1705 1526 1784 1553 habi-

961 1568 982 1596 C
1001 1575 1120 1603 tantibus
1135 1575 1162 1601 in
1182 1579 1252 1602 terra
1265 1574 1298 1601 ad
1314 1574 1411 1602 cmlum
1429 1574 1480 1601 iter
1496 1572 1662 1608 patefactum
1680 1576 1732 1599 est.

1033 1619 1194 1647 Thalamum
1219 1618 1264 1646 Dei
1291 1618 1474 1654 impollutum,
1502 1617 1631 1644 thronum
1649 1615 1781 1650 Omnipo-

998 1666 1080 1694 tentis
1104 1664 1289 1700 igniformem,
1303 1665 1446 1700 Deiparam
1467 1670 1563 1690 omnes
1591 1662 1782 1697 generationes

996 1712 1202 1748 generationum
1228 1711 1424 1738 bealilicemus.

1031 1757 1124 1786 Gratia
1143 1756 1263 1792 Spiritus
1279 1756 1366 1784 sancti
1390 1753 1554 1790 propheticis
1572 1751 1784 1782 cliarismatibus

998 1807 1025 1830 to
1037 1810 1052 1829 ιι
1069 1803 1150 1836 longe
1168 1809 1215 1836 per
1238 1801 1361 1837 symbola
1374 1800 1576 1835 prmtigurabat.
1591 1807 1607 1826 ο
1623 1804 1718 1830 casta;
1736 1805 1784 1824 no-

996 1849 1107 1876 minans
1125 1852 1152 1875 te
1169 1851 1289 1874 montem
1307 1847 1434 1882 pinguem
1451 1853 1484 1873 ac
1513 1849 1648 1877 sanctum,
1677 1850 1782 1878 portant

997 1895 1156 1926 salutarem,
1176 1892 1303 1920 volumen
1334 1900 1433 1920 novum
1456 1900 1489 1919 ac
1505 1890 1736 1921 recentissimum,
1758 1894 1786 1916 ct

997 1947 1100 1966 arcam.

1032 1984 1154 2012 Emunda
1167 1991 1220 2015 me.
1235 1991 1252 2011 ο
1270 1983 1325 2011 Deo
1339 1982 1516 2014 charissima,
1531 1989 1546 2008 a
1566 1981 1694 2009 sordibus
1717 1987 1781 2014 pas-

997 2030 1116 2061 sionum,
1129 2032 1181 2056 eta
1194 2027 1309 2055 maculis
1332 2026 1446 2062 peccati,
1463 2030 1490 2053 et
1509 2025 1675 2061 poenitentia:
1693 2025 1785 2059 portas

997 2075 1072 2111 aperi
1085 2073 1162 2107 milii,
1177 2081 1194 2101 ο
1209 2073 1313 2101 illibata
1326 2092 1334 2105 ,
1359 2072 1405 2108 qui
1420 2072 1498 2103 cado,
1514 2076 1541 2098 et
1557 2071 1666 2098 assidue
1683 2070 1708 2096 in
1723 2078 1786 2104 pec-

997 2126 1057 2148 cata
1071 2121 1192 2152 incurro,
1207 2118 1346 2154 Deumque
1359 2125 1479 2153 provoco
1492 2116 1525 2143 ad
1544 2117 1623 2143 iram.

1033 2165 1135 2193 Vocem
1154 2164 1290 2192 Gabrielis
1309 2163 1342 2190 ad
1359 2167 1386 2190 te
1401 2170 1462 2190 cum
1484 2161 1584 2197 gaudio
1609 2159 1784 2196 proferimus,

998 2212 1120 2240 dicentes
1135 2219 1142 2238 :
1159 2211 1225 2244 Ave,
1253 2211 1350 2238 domus
1364 2208 1565 2244 Omnipotentis
1583 2216 1590 2235 :
1617 2214 1677 2237 avc,
1697 2206 1783 2242 gloria

998 2256 1230 2292 sanctorum,“
1242 2262 1268 2284 et
1283 2256 1359 2284 salus
1370 2255 1492 2283 omnium
1503 2254 1634 2285 ﬁdelium,
1646 2260 1663 2280 ο
1674 2253 1785 2286 Deipara

998 2311 1105 2339 semper
1117 2303 1211 2338 Virgo,
1227 2309 1276 2338 per
1289 2309 1372 2338 quam
1384 2300 1502 2329 deiﬁcati
1520 2307 1625 2328 sumus.

998 2370 1042 2398 Ea:
1062 2378 1162 2398 canone
1178 2370 1205 2397 in
1226 2369 1306 2397 Festo
1324 2367 1354 2396 S.
1381 2367 1468 2395 Marci
1488 2367 1605 2402 episcopi
1627 2365 1786 2393 Arethusia-

1291 2412 1358 2437 rum,
1378 2405 1419 2430 die
1440 2403 1485 2430 29.

1032 2475 1152 2501 Montem
1167 2471 1469 2507 umbrosum,quondam
1484 2470 1632 2498 Abbaeucli
1646 2469 1787 2497 illumina-

998 2526 1042 2549 ttts
1060 2526 1084 2548 te
1102 2521 1178 2552 vidit,
1194 2525 1281 2547 mater
1302 2520 1428 2553 innupta,
1448 2526 1481 2545 ex
1499 2525 1552 2552 qua
1572 2516 1643 2544 Deus
1656 2517 1787 2550 incorpo-

997 2571 1073 2595 ratus
1105 2567 1241 2602 apparuit,
1263 2566 1363 2593 virtute
1397 2564 1540 2593 occultans
1563 2563 1707 2592 verissime
1730 2569 1786 2590 cae-

996 2613 1087 2642 lestia.

1032 2658 1067 2690 ls,
1084 2658 1129 2693 qui
1139 2657 1216 2685 solus
1231 2656 1366 2684 inhabitat
1387 2657 1483 2689 caelos,
1498 2657 1526 2684 in
1548 2661 1627 2683 utero
1641 2660 1689 2683 tuo
1704 2654 1781 2681 habi-

996 2705 1074 2737 tavit,
1091 2712 1107 2731 ο
1128 2703 1223 2739 Virgo,
1247 2703 1283 2732 ob
1299 2711 1442 2731 excessum
1461 2702 1650 2738 benignitatis,
1675 2706 1702 2728 et
1718 2708 1782 2728 caro

996 2751 1122 2787 apparuit
1136 2756 1217 2778 natus
1233 2758 1266 2778 ex
1281 2755 1316 2778 te.
1331 2750 1372 2778 Tu
1391 2758 1457 2778 vero
1473 2750 1560 2784 ipsum
1576 2748 1735 2782 deprecare,
1762 2752 1780 2773 ο

996 2798 1181 2831 sanctissima.
1197 2801 1228 2825 ut
1243 2797 1340 2825 liberet
1353 2804 1446 2824 servos
1462 2801 1524 2823 tuos
1539 2795 1572 2822 ab
1585 2794 1662 2821 omni
1682 2794 1780 2821 adver-

997 2843 1089 2872 sitate.

1031 2888 1097 2922 Quae
1112 2890 1257 2924 suscepisti
1271 2890 1376 2925 absque
1392 2888 1582 2916 combustione
1599 2886 1690 2922 ignem
1707 2885 1782 2914 Divi-
