2069 3159
291 168 360 201 108Ἰ

853 174 883 203 5.
902 173 1059 216 OSEPHI
1079 173 1360 204 llYMNOGRAPHl

1841 174 1910 207 1088

290 223 394 255 uitatis.
406 229 433 251 et
446 225 572 259 peperisti
585 226 644 254 sine
659 226 763 254 semine
781 226 884 255 fontem
902 228 965 255 vita:
980 228 1071 255 Domi-

1135 228 1241 256 τεκοῦσα
1254 229 1383 264 ἀσπόρως
1401 229 1493 264 πηγὴν
1509 228 1582 264 ζωῆς
1595 227 1641 255 τὸν
1658 227 1771 263 Κύριον,
1796 237 1910 263 κεχαριι

291 277 366 301 num,
382 277 399 295 ο
411 269 634 304 Deipara,gratia
650 273 740 307 plena,
754 273 829 301 salva
848 273 882 301 ab
893 274 968 301 omni
985 280 1073 309 parte,

290 315 496 349 magniﬁcantes
512 321 547 343 te.

325 359 379 387 Nos
392 361 438 395 qui
455 365 527 388 tuam
544 363 740 397 protectioncm
753 364 935 399 possidemus,
949 373 965 392 ο
978 366 1075 393 imma-

290 406 390 437 culata,
407 410 433 432 et
449 408 504 434 luis
521 407 764 437 intercessionibus
781 417 797 436 a
818 410 898 437 malis
913 411 1073 443 liberamur,

290 459 306 478 a
321 459 403 479 cruce
416 451 477 479 Filii
491 453 529 479 tui
541 454 569 480 in
588 454 717 482 omnibus
739 455 878 489 custoditi,
891 456 953 491 jure
972 461 998 484 te
1013 464 1076 484 om-

291 505 340 525 nes
353 498 479 533 religiose
494 500 711 534 magniﬁcamus.

327 554 405 582 Mons
419 550 473 588 ille,
501 564 581 591 quem
604 558 736 593 propheta
764 559 859 587 Daniel
883 550 1007 592 vrditre;
1021 567 1076 596 quo

291 599 360 634 lapis
374 600 501 629 Christus
514 602 655 630 abscissus
677 609 718 631 est
733 606 793 632 sine
813 613 909 639 manu,
928 611 1076 635 conterens

292 645 374 678 idola,
390 652 416 673 et
426 653 549 675 evertens
559 649 712 677 daemonum
723 650 834 684 fastum,
852 657 881 679 tu
896 660 936 686 es,
950 660 966 681 0
980 652 1074 689 Virgo,

291 696 433 726 propterea
451 698 476 721 te
495 693 689 728 gloriﬁcamus.

325 748 472 778 Admirans
487 751 660 779 sanctissima
676 760 748 785 eum.
761 753 808 789 qui
828 762 861 782 ex
878 762 908 782 se
922 759 1004 783 natus
1016 760 1075 783 erat

292 794 473 829 ilicll‘abiliter,
489 802 590 825 terrore
606 799 822 832 concutiebatur,
831 805 858 828 et
875 801 1075 836 magniﬁcabat,

293 844 321 866 et
344 840 491 874 clamabat,
507 843 651 876 Quomodo
676 845 703 871 in
727 845 799 874 ulnis
816 846 884 874 meis
909 847 1075 882 complector

294 890 330 917 te,
347 885 407 919 Fili,
424 889 551 916 universa
567 890 802 925 complectentem.

329 942 462 971 Palatium
480 945 524 972 Dei
534 946 692 980 apparuisti,
709 947 835 980 Domina,
846 949 968 976 omnium
982 957 1080 984 regna-

295 988 373 1021 toris,
390 997 470 1024 quem
484 991 640 1026 deprecare,
659 997 689 1020 ut
715 1001 759 1021 me
784 994 917 1022 malorum
942 995 1078 1023 latronum

294 1033 474 1062 diversorium
493 1036 593 1064 factum
617 1043 758 1073 expurget,
777 1042 804 1066 et
820 1039 906 1067 salvet
919 1047 972 1073 me,
993 1047 1010 1068 o
1026 1041 1079 1068 im-

296 1080 442 1108 maculata.

331 1137 491 1173 Segnitiem,
508 1147 569 1175 quas
584 1144 625 1168 est
653 1141 680 1168 in
696 1149 749 1174 me.
767 1143 895 1176 Domina,
921 1149 948 1172 et
966 1152 1080 1173 somno-

294 1182 406 1210 lentiam
438 1191 548 1219 gravem
572 1186 748 1221 vigilantibus
777 1189 831 1217 tuis
859 1194 886 1217 ct
918 1191 1080 1218 venerandis

296 1229 424 1263 precibus
445 1231 515 1264 apud
533 1230 627 1265 Deum.
643 1232 828 1266 immaculata,
855 1235 969 1270 expelle,
985 1239 1012 1262 et
1025 1237 1078 1263 mi-

295 1282 386 1302 serere
401 1276 464 1308 mei,
481 1276 527 1311 qui
539 1285 608 1305 cano
627 1287 634 1305 :
658 1278 713 1314 85
726 1279 880 1308 Laudabilis
895 1285 922 1308 et
938 1281 1078 1318 Superglo-

295 1319 387 1356 riosus
401 1320 472 1349 Deus
485 1327 593 1357 patrum
609 1330 777 1352 nostrorum.

331 1376 481 1405 Contritam
500 1379 641 1407 hominum
654 1385 779 1409 naturam
797 1383 908 1418 antiqua
927 1388 1080 1420 transgres-

295 1423 383 1457 sione,
402 1423 559 1453 reformasti
587 1433 671 1461 super
695 1431 832 1461 naturam,
853 1434 880 1455 et
906 1429 1049 1463 deilicasti,
1065 1437 1081 1457 ο

296 1476 374 1503 pura,
403 1470 564 1505 psallentem
590 1473 680 1507 partui
707 1477 754 1500 tuo
779 1480 787 1501 :
810 1474 975 1508 Benedicite,
989 1475 1080 1503 omnia

297 1521 391 1549 opera,
410 1520 463 1544 etc.

1126 275 1246 311 τωμένη,
1269 275 1393 308 Θεοτόκε,
1408 275 1545 311 περεσωζε
1559 275 1622 307 τοὺς
1639 274 1670 301 σὲ
1695 274 1908 309 μεγαλύνοντας.

1164 364 1195 391 Οἱ
1211 365 1261 399 τὴν
1274 364 1323 400 σὴν
1339 365 1508 401 προστασίαν
1523 364 1699 400 κεκτημένοι,
1714 364 1844 400 ἄχραντε,
1862 365 1910 391 καὶ

1126 410 1188 441 ταῖς
1210 411 1271 442 σαῖς
1300 410 1413 443 ἱκεσίαις
1450 410 1505 437 τῶν
1539 410 1633 437 δεινῶν
1654 410 1843 445 λυτρούμενοι,
1873 410 1912 445 τῷ

1127 456 1238 491 σταυρῷ
1253 455 1300 482 τοῦ
1314 456 1380 484 Υζοῦ
1394 465 1441 483 σου
1458 457 1491 483 ὲκ
1504 456 1586 483 παντὶ
1597 456 1807 492 φρουρούμενοι,
1823 464 1911 483 κατα-

1128 501 1215 537 χρέως
1231 510 1261 528 σε
1278 501 1378 534 πάντες
1394 502 1514 534 εὐσεϐῶς
1529 503 1726 538 μεγαλύνομεν.

1163 557 1200 584 To
1213 557 1285 592 ὅρος,
1312 559 1327 585 ὸ
1352 558 1496 594 προφήτης
1515 557 1614 594 Δανιὴλ
1627 558 1641 585 δ
1655 558 1792 593 τεθέαται,
1806 558 1837 592 ἐξ
1857 554 1889 585 οὖ
1899 559 1914 585 ὁ

1128 602 1200 634 λίθος
1212 603 1226 630 ὁ
1240 603 1358 638 Χριστὸς
1382 603 1488 638 ἐτμήθη
1506 603 1619 631 ἄνευθεν
1645 603 1748 638 χειρὸς,
1765 604 1915 640 συντρίψας

1126 650 1162 676 τὰ
1170 649 1266 676 εἴδωλα
1276 650 1324 677 καὶ
1339 649 1461 676 καθελὼν
1472 649 1507 675 τὰ
1520 648 1574 677 τῶν
1584 649 1721 684 δαιμόνων
1735 649 1913 685 φρυάγματα,

1128 696 1161 722 σὺ
1175 693 1211 728 el,
1225 695 1348 731 Παρθένε
1361 703 1368 711 ·
1383 695 1424 722 διό
1438 703 1467 722 σε
1480 694 1639 730 δοξάζομεν.

1163 752 1347 788 Θαυμάζουσα
1357 752 1402 779 τὸν
1422 752 1454 779 ἐκ
1477 752 1578 787 ταύτης
1593 751 1720 787 ἀρρήτως
1743 744 1913 786 τικτόμενον,

1128 798 1145 833 ὴ
1160 798 1296 832 πάναγνος
1304 797 1515 832 κατεπλήττετο,
1527 797 1574 823 καὶ
1584 796 1746 832 ὲμεγὰλυνε,
1764 797 1813 823 καὶ
1823 796 1916 832 βοιῖισα

1128 844 1204 878 ἔλεγε
1218 852 1225 860 ·
1251 844 1313 875 Πῶς
1339 845 1368 870 ὲν
1396 843 1531 878 ἀγκάλαις
1549 852 1579 870 σι
1607 843 1724 879 κατέχω,
1747 842 1853 876 τέκνον,
1869 842 1916 870 τὸν

1129 891 1218 917 πάντα
1232 891 1381 926 κατέχοντα
1392 899 1400 924 ;

1165 946 1300 973 Παλάτιον
1313 946 1381 973 Θεοῦ
1406 946 1541 982 ἐδείχθης,
1565 946 1715 978 Δέσποινα,
1733 945 1781 972 τοῦ
1807 945 1917 972 πάντων

1131 992 1337 1027 βασιλεύοντος·
1353 992 1383 1019 ὃν
1412 993 1518 1019 ἱκέτευε
1537 991 1646 1028 λῃστῶν
1661 1000 1696 1026 με
1719 991 1845 1027 πονηρῶν
1864 991 1916 1027 ἠδη

1131 1039 1262 1072 γεγονότα
1289 1038 1463 1073 καταγώγιον
1488 1037 1674 1073 ἀποκαοὰραι,
1699 1036 1748 1064 καὶ
1769 1035 1854 1064 σῶσαί
1869 1045 1916 1072 με,

1130 1084 1164 1119 ἄχ
1168 1092 1246 1119 ραντε
1251 1104 1257 1111 .

1165 1141 1221 1177 Τὴν
1238 1141 1266 1168 ὲν
1279 1141 1340 1177 ἐμοὶ
1363 1141 1509 1177 ρᾳθυμίαν.
1533 1140 1678 1173 Δέσποινα,
1698 1139 1744 1167 καί
1761 1139 1918 1174 νυσταγμὺν

1131 1187 1175 1213 τὸν
1190 1187 1307 1222 χαλεπὸν
1323 1188 1383 1219 ταῖς
1410 1186 1561 1223 ἀγρύπνοις
1575 1195 1623 1213 σου
1639 1186 1707 1222 πρὸς
1721 1185 1788 1212 Θεὸν
1815 1186 1862 1212 καὶ
1874 1193 1920 1211 σε·

1131 1235 1214 1265 πταῖς
1231 1234 1371 1270 δεήσεσιν,
1384 1233 1513 1268 ἄχραντε,
1525 1233 1672 1264 ἀπέλασον,
1685 1231 1732 1258 καὶ
1748 1230 1921 1266 μελῳδοῦντά

1132 1287 1166 1313 με
1183 1279 1326 1314 οῐκτειρον·
1336 1278 1364 1305 Ὁ
1378 1277 1484 1310 αἰνετδς
1498 1278 1552 1305 τῶν
1564 1276 1690 1313 πατέρων
1703 1275 1768 1308 Θεὸς
1779 1274 1919 1310 καὶῦπσρ-

1132 1324 1247 1356 ἔνδοξος.

1168 1381 1361 1416 Συντριὸεῖσαν
1381 1380 1461 1415 φύσιν
1474 1379 1528 1406 τῶν
1554 1379 1660 1416 βροτῶν
1674 1379 1707 1414 τῇ
1724 1377 1808 1405 πάλαι
1829 1385 1920 1412 παρα-

1132 1426 1210 1453 σάσει
1230 1426 1386 1458 ἀνέπλασας
1405 1426 1476 1461 ὑπὲρ
1491 1425 1583 1460 φύσιν,
1610 1426 1658 1452 καὶ
1683 1424 1813 1457 ὲθὲωσας,
1837 1423 1918 1458 ἁγνὴ.

1131 1471 1170 1507 τῷ
1194 1472 1268 1507 τόκῳ
1289 1480 1335 1498 σου
1359 1471 1522 1506 ψάλλουσαν·
1545 1471 1638 1497 Πάντα
1654 1470 1689 1497 τὰ.
1704 1470 1784 1505 ἔργα,
1798 1468 1845 1496 τδν
1861 1468 1920 1496 Κύ-

1133 1525 1190 1552 ριον
1216 1517 1336 1551 ὑμνεῖτε,
1369 1517 1417 1544 καὶ
1449 1515 1620 1553 ὑπερυψοῦτε
1649 1516 1690 1547 εἰς
1724 1515 1828 1547 πάντας
1856 1515 1921 1546 τοὺς

1133 1563 1244 1594 αἰῶνας.

331 1601 460 1629 Miserere
490 1603 580 1637 populi
601 1604 652 1637 tui,
669 1603 793 1638 Domine,
817 1610 844 1633 et
867 1605 948 1640 hujus
966 1605 1081 1644 haeredi-

1169 1609 1262 1635 Φείσαι
1275 1609 1323 1636 τοῦ
1335 1607 1400 1636 λαοῦ
1418 1616 1477 1640 σου,
1502 1607 1599 1644 Κύριε,
1617 1607 1665 1635 καὶ
1678 1604 1713 1644 ἦς
1728 1607 1837 1642 ἐκτήσω
1856 1605 1924 1633 ταύ-

297 1647 362 1674 tatis
392 1652 455 1680 tuae,
476 1656 558 1683 quam
593 1650 751 1684 poSsedisti,
772 1650 859 1678 ﬂexus
883 1652 1012 1686 precibus
1033 1660 1081 1687 pro

298 1693 377 1720 nobis
390 1694 490 1722 oblatis
504 1694 650 1723 Genitricis
667 1701 718 1724 tua:
735 1696 781 1724 Dei
797 1696 883 1729 Filiae,
907 1702 936 1725 ut
962 1701 988 1726 te
1008 1699 1083 1727 velut

299 1738 445 1768 Dominum
459 1744 487 1768 et
502 1741 793 1771 misericordissimum
812 1743 1006 1779 gloriﬁcemus.

1135 1663 1184 1689 της
1197 1654 1380 1689 κληρονομίας
1396 1662 1455 1686 σου,
1476 1654 1537 1685 ταῖς
1561 1652 1632 1688 ὑπὲρ
1650 1651 1730 1689 ἡμῶν
1755 1651 1806 1687 τῆς
1826 1659 1857 1678 σε
1873 1659 1921 1678 τε-

1135 1700 1237 1735 κούσης
1262 1700 1403 1732 θεόπαιδος
1428 1699 1632 1735 παραχλήσεσιν
1662 1697 1921 1733 ὲπικαμπτόμενος,

1141 1747 1185 1774 ἶνα
1201 1755 1231 1774 σε
1247 1747 1285 1779 ὡς
1305 1748 1444 1774 Δεσπόττιν
1459 1747 1506 1774 καὶ
1523 1747 1740 1782 πανοικτιρμονα
1761 1744 1923 1780 δοξάζομεν.

671 1810 714 1838 Ea:
727 1821 826 1840 canone
843 1813 869 1840 in
888 1813 938 1841 SS.
957 1817 1086 1849 martyres
1096 1815 1189 1842 Ionam
1208 1821 1232 1843 et
1247 1815 1445 1848 Barachisium,
1466 1815 1507 1843 die
1520 1815 1566 1842 29.

758 1871 841 1906 (Idem
859 1876 901 1899 est
916 1879 978 1900 cum
993 1872 1140 1907 superiori,
1157 1878 1184 1901 et
1199 1873 1260 1901 ideo
1274 1873 1451 1912 omittimus.)

511 1930 567 1966 se
586 1930 712 1958 MENSIS
726 1931 876 1959 APRILIS.

1389 1932 1468 1959 ΜΗΝ
1486 1931 1677 1959 ΑΠΡΙΛΛΙΟΣ.

600 1999 641 2026 Ea:
652 2007 751 2027 canone
764 2001 790 2027 in
807 1999 858 2028 SS.
875 2006 1005 2036 martyres
1020 2001 1185 2029 Theodulum
1196 2006 1220 2028 el
1231 2001 1437 2043 Agathopodem,
1450 2001 1492 2028 die
1507 2000 1625 2036 4(53“).

338 2065 522 2100 Salvatorem,
552 2067 683 2096 factorem
707 2070 848 2104 omnium,
883 2078 915 2098 ac
940 2070 1086 2098 Dominum

300 2114 472 2148 concepisti,
501 2122 582 2149 quem
615 2115 776 2150 Agathopus
813 2123 866 2143 una
898 2124 960 2144 cum
988 2117 1087 2145 illustri

302 2159 443 2187 Theodulo
472 2160 716 2195 prmdicavitlesse
738 2161 824 2188 Deum
853 2166 879 2189 et
904 2161 1054 2196 hominem,
1070 2170 1087 2191 ο

306 2205 387 2241 Virgo
403 2205 498 2238 Mater,
516 2206 591 2233 omni
609 2206 779 2234 beatitudine
791 2207 1019 2236 cumulatissima.

338 2251 375 2279 Ex
390 2256 417 2280 te
428 2253 503 2281 salus
521 2253 679 2280 hominibus
693 2259 787 2281 exorta
803 2258 854 2287 est,
870 2261 887 2281 ο
901 2253 949 2281 Dei
963 2254 1087 2282 Genitrix

303 2297 456 2330 benedicta,
478 2302 620 2333 propterea
643 2302 668 2325 te
683 2297 827 2326 laudamus
854 2298 988 2327 universae
1004 2307 1087 2334 gene-

301 2345 432 2371 rationes.

338 2389 482 2424 Pcperisti,
510 2397 527 2416 o
565 2389 705 2424 inviolata,
727 2390 947 2426 Redemptorem.
977 2392 1024 2427 qui
1053 2393 1088 2420 ab

304 2435 397 2462 hostili
416 2435 574 2470 captivitate
594 2436 720 2464 homines
733 2437 869 2470 liberavit,
893 2445 977 2465 carne
996 2443 1090 2466 nostra

304 2481 515 2508 circumdatum.

343 2526 526 2554 l‘raadicantes
542 2527 757 2555 incarnationem
775 2527 895 2561 Domini,
908 2529 955 2564 qui
968 2538 1000 2557 ex
1014 2535 1093 2559 utero

308 2578 366 2607 tuo,
382 2573 495 2608 Deipara
516 2581 677 2606 coruscans,
693 2580 807 2603 exortus
822 2580 874 2608 est,
890 2576 1003 2612 gloriosi
1019 2586 1091 2605 mar-

307 2624 381 2655 tyrcs
396 2619 517 2646 salutare
530 2620 653 2655 martyrii
671 2620 799 2654 poculum
812 2621 936 2650 laetantes
952 2623 1092 2651 biberunt.

343 2666 366 2693 0
382 2666 468 2693 Mater
492 2665 550 2699 Dei,
577 2666 675 2693 animae
695 2674 761 2694 meae
790 2669 939 2701 pessimum
967 2670 1092 2697 morbum

309 2720 385 2745 cura,
401 2717 428 2740 tu
455 2721 516 2746 quae
544 2713 677 2747 optimurrt
702 2712 822 2740 Verbum
855 2715 995 2750 peperisti,
1021 2716 1095 2751 quod

310 2759 453 2787 universos
466 2759 547 2792 eilicit
560 2760 659 2787 bonos.

346 2804 453 2833 Medere
467 2806 640 2840 passionibus
654 2805 753 2833 animae
766 2813 844 2838 meae,
860 2813 876 2834 ο
896 2806 1093 2836 immaculatis—

341 2895 395 2930 (58'
402 2895 420 2931 ‘)
434 2897 528 2924 Graeca
543 2897 642 2925 desunt
658 2897 685 2925 in
696 2897 806 2926 Menaeis
820 2897 969 2934 impressis.

1139 2062 1225 2103 sima;
1250 2077 1311 2105 qua:
1338 2069 1567 2105 impassibilitatis
1594 2068 1696 2097 fontem
1726 2068 1873 2104 peperisti,
1899 2074 1927 2097 et

1139 2124 1282 2152 compesce
1297 2116 1468 2151 tyrannidem
1485 2123 1591 2145 eorum.
1609 2122 1626 2142 o
1643 2113 1736 2149 Virgo,
1753 2114 1801 2149 qui
1815 2115 1927 2143 assidue

1139 2163 1305 2191 conturbant
1319 2169 1352 2190 ac
1366 2162 1420 2197 8⁵1
1437 2165 1592 2196 perterrent
1603 2167 1651 2188 cor
1669 2167 1770 2187 meum.

1175 2209 1244 2236 Cum
1261 2213 1298 2240 te,
1315 2215 1332 2234 ο
1351 2211 1440 2239 casta,
1456 2207 1589 2234 virtutum
1606 2205 1751 2241 splendore
1766 2210 1927 2233 exornatam

1139 2254 1288 2282 invenisset
1313 2254 1432 2281 Verbum
1460 2252 1537 2285 illud,
1568 2251 1641 2286 quod
1668 2251 1754 2278 cmlos
1781 2251 1928 2279 virtutibus

1138 2300 1259 2332 caelavit,
1274 2299 1404 2327 habitavit
1419 2299 1447 2325 in
1462 2302 1499 2330 te,
1513 2305 1529 2325 ο
1551 2296 1709 2333 purissima,
1731 2301 1760 2324 et
1778 2297 1928 2324 humanam

1107 2338 1130 2366 Β
1145 2350 1269 2372 naturam
1286 2345 1312 2371 in
1324 2344 1463 2372 caelestem
1479 2343 1623 2370 convertit.

1177 2390 1286 2424 Absque
1299 2389 1354 2416 ulla
1367 2393 1472 2416 naturae
1489 2395 1547 2416 sua:
1574 2388 1724 2416 mutatione
1749 2395 1815 2415 vere
1840 2391 1927 2415 totum

1144 2437 1282 2464 hominem
1308 2443 1341 2462 ex
1365 2439 1391 2462 te
1417 2433 1489 2462 Deus
1505 2434 1664 2468 assumpsit,
1683 2441 1700 2461 ο
1724 2433 1816 2461 divina
1844 2433 1930 2467 gratia

1144 2481 1361 2510 cumulatissima
1383 2480 1516 2513 Domina;
1533 2480 1611 2514 cujus
1626 2480 1783 2514 passionem
1801 2478 1931 2506 Theode-

1146 2529 1188 2557 lus
1203 2532 1284 2564 atque
1294 2527 1453 2563 Agathopus
1468 2529 1709 2561 representantes,
1724 2529 1884 2553 constantes
1896 2532 1928 2550 ac

1146 2575 1231 2603 fortes
1245 2574 1398 2602 clamabant
1410 2582 1418 2601 :
1428 2572 1526 2601 Omnia
1537 2579 1631 2607 opera,
1646 2572 1755 2600 laudate
1771 2572 1930 2599 Dominum.

1184 2622 1288 2650 lntima:
1306 2621 1417 2656 pietatis
1434 2625 1487 2648 tua:
1502 2619 1609 2655 fulgore
1624 2619 1757 2654 perfunde
1771 2625 1854 2654 atque
1870 2618 1934 2645 illu-

1147 2668 1221 2695 mina
1239 2675 1281 2694 me
1302 2667 1329 2693 in
1363 2666 1525 2702 ignorantiae
1541 2666 1660 2693 tenebris
1685 2665 1832 2700 iacentem,
1862 2672 1879 2692 ο
1905 2669 1932 2691 ιιι

1148 2722 1209 2750 quae
1224 2713 1302 2741 unica
1320 2713 1390 2740 lucis
1410 2711 1532 2740 datorem
1558 2717 1586 2739 et
1603 2711 1811 2746 Redemptorem
1826 2719 1860 2739 ac
1879 2710 1928 2739 Do-

1147 2761 1251 2788 minum
1273 2760 1299 2787 in
1315 2763 1392 2786 utero
1405 2763 1451 2786 tuo
1466 2763 1628 2795 conceptum
1649 2758 1789 2794 peperisti,
1805 2758 1853 2793 qui
1865 2765 1931 2785 san-

1147 2814 1206 2836 ctos
1218 2806 1371 2835 coronavit.
