2069 3159
156 193 222 226 1089

873 193 1055 225 MARIALE.

1710 194 1778 224 10in

159 250 212 286 Ἐκ
222 248 275 276 τοῦ
288 249 417 286 κακόν-ος
428 251 471 284 εις
481 251 551 284 τοὺς
564 251 668 286 ἁγίους
679 251 830 286 μάρτυρας
840 252 939 279 Κλαύ-

994 250 1158 286 ExﬂCanone
1184 249 1273 286 ianS.
1299 255 1427 286 marlyrgs
1453 249 1606 286 Claudium.
1621 248 1778 286 Diodorum,

195 284 274 316 διον,
284 284 439 319 Διόδωρον,
458 284 612 321 υὺΐκτορὰ,
631 284 840 320 οὺῗκτοψίὶφ-ον,
857 286 940 321 Πάπ-

187 328 268 352 κιον,
282 321 456 355 Νικηφόρον
469 322 518 348 καί
533 322 718 355 Σεραπίωνα,
731 322 826 356 ἡμέρᾳ
840 320 872 348 ε’.

195 377 239 403 Ἐν
255 376 344 413 χρόνῳ
357 377 371 403 ὸ
388 377 440 410 ἔξω
455 378 558 413 χρόνων
582 378 683 413 Κύριος
707 378 741 405 ὲκ
771 378 818 404 σοῦ
843 386 942 412 σεσαρ-

155 423 279 458 κωμένος
298 423 332 450 τὰ
347 423 402 450 τῶν
420 423 523 459 βροτῶν
537 424 668 455 διέλυσεν,
682 423 763 459 ἁγνὴ,
777 423 942 459 πολυχρόνια

155 469 327 504 πταίσματα,
342 468 372 496 ὃν
390 469 507 502 ἐκτενῶς
522 470 626 496 ἱκέτευε
649 469 696 497 τοῦ
709 471 879 506 οἱκτειρῆσαι
893 470 942 501 τὰς

155 515 241 550 ψυχὰς
258 515 348 550 ἡμῶν.
640 512 643 514 ’

195 561 341 596 Ῥυόμενον
356 562 418 593 τοὺς
436 561 548 598 βροτοὺς
563 561 752 597 αἰχμαλωσίας
774 564 873 598 νοητῆς
899 562 942 588 τέ-

155 615 247 639 ·τοκας,
276 607 323 634 τὸν
349 607 396 634 τοῦ
419 607 519 639 παντὸς
545 608 657 644 Κύριον,
678 607 796 643 ἄχραντε
820 607 941 644 Παρθένε

155 652 224 680 πανύ
228 661 323 688 μνητε.

190 699 299 734 Νοερῶς
316 707 346 725 σε
369 699 383 725 ὁ
398 699 541 734 προφήτης
560 699 728 735 προεθεώρει
754 701 826 735 ὅρος,
843 699 940 735 σεμνὴ,

155 745 314 777 κατάσκιον,
330 745 360 777 ἐξ
374 742 404 772 οὗ
418 746 432 772 ὁ
443 746 579 780 Δεσπότης
591 745 698 781 ἀληθῶς
711 745 830 780 ὲπέῳανε
841 746 941 782 σαρκὸς

155 789 303 825 ὁμοιότητι,
320 789 414 822 σώζων
426 790 458 817 ὲκ
474 790 576 826 φθορᾶς
588 791 619 817 τὸ
634 790 816 827 ἀνθρώπινον.

189 880 245 916 Τὴν
265 880 369 907 πτῶσιν
381 879 435 907 τῶν
451 880 555 916 βροτῶν
571 880 785 917 ἑπανὼρθωσας,
796 881 939 915 Δέσποινα,

155 925 198 952 ἵνα
214 926 338 961 κυήσασα
347 917 421 952 ’Θεὸν
435 926 522 960 Λόγον
537 925 583 952 τὸν
609 925 672 958 τοὺς
697 926 939 962 κατερῤαγμένους

155 969 319 1006 ἐπανορθοῦν
331 970 490 1006 δυνάμενον.

188 1017 334 1053 Νεὺρωσον
349 1017 398 1051 τῆς
414 1017 504 1053 ψυχῆς
519 1026 571 1053 μου
594 1017 639 1045 τὸν
666 1019 754 1052 τόνον,
771 1019 938 1055 πανάμωμε,

155 1064 187 1098 τῇ
203 1064 311 1098 συνεχεί
323 1063 439 1098 ἀμελείᾳ
454 1063 502 1089 καὶ
513 1064 546 1098 τῇ
568 1063 693 1099 ἁμαρτίᾳ
718 1064 938 1100 κεχαυνωμένον,

156 1109 198 1137 ἶνα
213 1109 302 1136 πίστει
320 1109 367 1137 καὶ
382 1109 522 1146 προθυμίᾳ
534 1109 629 1145 μέλπω
643 1118 672 1136 σε
689 1110 815 1139 πάντοτε.

198 1198 240 1231 Ὠς
251 1198 299 1225 τοῦ
329 1198 456 1234 Ὑψίστου
483 1200 588 1234 Θρονον,
605 1199 739 1234 Παρθένε,
764 1200 940 1235 ὑψηλώτατον

155 1243 265 1275 πάντες,
280 1244 326 1270 καὶ
341 1243 445 1278 χρυσῆν
459 1244 582 1278 λυχνίαν,
600 1244 647 1270 καὶ
663 1243 778 1271 κιῧωτὺν
798 1244 939 1279 ἁγιάσμα-

155 1298 199 1321 τος
213 1289 351 1324 ὑμνοῦμέν
366 1297 396 1316 σε
409 1297 414 1304 ·
430 1289 607 1325 Εὐλογημένη
628 1290 661 1317 σὺ
676 1290 705 1317 ἐν
721 1289 839 1325 γυναιξὶ,
855 1290 939 1325 βοῶν-

155 1343 210 1367 τες,
225 1335 389 1370 πανάμωμε.

190 1381 258 1412 Νοὺς
269 1382 283 1408 ὁ
297 1381 410 1417 φρικτός
427 1390 474 1408 σου
491 1381 602 1413 τοκετὸς
616 1382 680 1418 νικᾷ
694 1381 857 1418 κατάληψιν,
881 1382 940 1409 θεο-

156 1427 304 1462 χαρίτωτε·
333 1427 400 1460 Θεὸς
433 1427 488 1464 γὰρ
518 1428 639 1463 πέφυκεν
667 1428 785 1463 ἄναρχος
811 1429 940 1464 χρονικὴν

155 1472 242 1507 ἀρχὴν
256 1472 412 1509 δεξάμενος,
428 1473 472 1500 διὰ
499 1474 530 1500 τδ
556 1473 642 1501 σῶσαι
664 1475 727 1507 τοὺς
748 1466 851 1506 πιστῶς
866 1475 940 1511 αὺτῷ

156 1517 378 1553 κραυγάζοντας·
400 1519 550 1558 Εὑλογείτεγ
571 1519 661 1546 πάντα
682 1520 716 1547 τὰ
739 1520 808 1556 ἔργα
834 1521 939 1557 Κυρίου

155 1565 201 1590 τὸν
213 1564 324 1600 Κύριον.

1035 285 1175 318 Victorem,
1203 283 1378 317 Victorinum,
1399 285 1525 319 Pupium,
1542 283 1734 318 Nicephorum"
1753 291 1778 312 et

1024 319 1205 355 Serapionem,
1224 320 1265 348 die
1281 320 1308 348 5.

1029 374 1058 401 In
1074 379 1206 409 tempore,
1232 363 1365 401 Dominus
1380 374 1426 409 qui
1445 379 1488 415 est
1500 378 1576 401 extra
1595 377 1726 408 tempora,
1746 380 1779 400 ex

995 425 1030 454 te,
1047 428 1063 448 ο
1080 421 1178 456 Virgo,
1203 421 1373 453 incarnatus,
1396 420 1538 448 hominum
1563 424 1675 456 peccata
1702 419 1780 447 multi

993 466 1125 501 temporis
1149 466 1293 494 abolevit:
1313 473 1395 501 quem
1421 466 1544 500 impense
1570 466 1727 500 deprecare,
1751 469 1782 492 ut

992 511 1146 538 animarum
1162 516 1320 539 nostrarum
1332 510 1507 538 misereatur.

1029 555 1153 584 Universi
1172 557 1318 585 Dominum
1341 556 1479 591 peperisti,
1494 563 1510 583 ο
1533 551 1616 591 Virgo
1639 555 1779 588 inviolata,

991 604 1066 630 omni
1090 603 1170 631 laude
1199 603 1378 635 celebranda,
1404 602 1452 637 qui
1478 601 1602 630 homines
1627 609 1642 629 a
1665 602 1780 637 spiritali

992 649 1151 684 captivitate
1162 649 1298 676 liberavit.

1027 695 1155 723 Praevidit
1187 700 1214 723 te
1244 695 1466 723 intellectualiter
1493 695 1636 730 propheta,
1661 701 1779 723 montem

991 741 1165 775 umbrosum,
1189 749 1206 769 ο
1231 743 1395 774 veneranda,
1420 749 1453 769 ex
1479 749 1533 777 quo
1560 742 1693 770 Dominus
1718 750 1780 770 vere

991 788 1081 815 illuxit
1095 789 1121 816 in
1139 789 1321 816 similitudine
1333 788 1435 821 carnis,
1453 793 1483 816 ut
1502 788 1652 816 humanum
1665 796 1750 824 genus
1764 796 1780 816 a

991 835 1168 869 corruptione
1182 835 1321 862 liberaret.

1027 879 1175 906 Hominum
1202 880 1309 907 ruinam
1336 879 1482 914 reparasti,
1509 887 1525 907 ο
1549 879 1676 912 Domina,
1695 879 1779 907 Deum

957 921 978 949 Β
992 924 1111 952 Verbum
1132 925 1224 958 enixa,
1244 925 1292 960 qui
1317 925 1476 953 contractos
1498 932 1530 953 ac
1550 925 1671 961 dejectos
1691 931 1781 961 potest

993 971 1075 999 saluti
1092 971 1243 998 restituere.

1025 1017 1182 1045 Corrobora
1201 1016 1299 1045 anima:
1314 1024 1382 1044 mete
1397 1016 1530 1052 vigorem,
1552 1024 1569 1044 ο
1584 1016 1780 1044 immaculatis—

993 1062 1074 1094 sima,
1087 1062 1144 1097 88
1152 1061 1262 1089 assidua
1274 1061 1436 1097 negligentia
1447 1065 1474 1088 et
1486 1062 1605 1096 peccatis
1619 1061 1780 1095 relaxatum,

994 1112 1022 1135 ut
1033 1115 1096 1135 cum
1112 1107 1165 1135 lide
1179 1111 1260 1143 atque
1272 1107 1416 1135 alacritate
1430 1107 1642 1142 sempcrlaudes
1657 1111 1718 1135 tuas
1732 1114 1780 1135 ca-

994 1162 1059 1181 nere
1077 1155 1195 1189 possim.

1030 1198 1173 1234 Tanquam
1185 1199 1319 1227 Altissimi
1335 1199 1464 1226 thronum
1481 1198 1741 1232 eminentissimum,
1754 1206 1781 1228 et

993 1245 1135 1273 lucernam
1159 1253 1282 1277 auream,
1309 1250 1391 1280 alque
1416 1252 1507 1272 arcam
1532 1245 1780 1278 sanctiﬁcationis,

993 1291 1116 1319 universi
1134 1297 1169 1324 te,
1187 1299 1203 1318 ο
1222 1291 1315 1327 Virgo,
1329 1291 1487 1323 laudamus,
1503 1291 1656 1319 clamantes
1673 1301 1680 1319 :
1695 1291 1780 1319 Bene

993 1338 1065 1366 dicta
1080 1343 1107 1366 tu
1125 1338 1196 1365 inter
1212 1338 1351 1371 mulieres,
1370 1345 1386 1365 ο
1401 1338 1621 1365 inviolatissima.

1029 1383 1201 1412 Tremendus
1219 1389 1315 1419 partus
1331 1388 1396 1411 tuus
1413 1383 1513 1411 mentis
1534 1389 1643 1419 captum
1657 1389 1779 1419 superat,

993 1437 1011 1457 ο
1026 1429 1079 1457 Deo
1090 1429 1246 1465 gratissima
1260 1438 1267 1456 :
1280 1429 1352 1457 Deus
1364 1430 1437 1456 enim
1451 1429 1498 1465 qui
1510 1433 1553 1456 est
1563 1430 1623 1457 siue
1633 1430 1778 1465 principio,

994 1476 1158 1511 principium
1188 1477 1321 1511 temporis
1338 1475 1444 1508 habuit,
1468 1479 1499 1503 ut
1518 1475 1635 1503 salvaret
1652 1483 1711 1508 eos,
1732 1476 1779 1510 qui

993 1528 1055 1548 cum
1067 1521 1118 1549 lide
1131 1521 1250 1549 clamant
1260 1521 1293 1549 ad
1308 1521 1401 1548 illum:
1414 1520 1582 1555 Benedicite,
1595 1521 1685 1554 omnia
1696 1528 1779 1556 opera

998 1567 1118 1601 Domini,
1136 1567 1261 1595 Domino.

188 1609 312 1644 Φέρουσα
327 1610 445 1646 Χριστὸν
470 1611 498 1638 ὲν
509 1610 644 1646 ἀγκάλαις
664 1611 753 1647 σάρκα
778 1611 880 1648 θνητὴν
906 1613 939 1640 ὲκ

1028 1613 1050 1640 0
1067 1600 1159 1648 Virgo,
1173 1622 1234 1648 quae
1252 1613 1400 1646 Christum,
1417 1613 1464 1648 qui
1479 1621 1511 1640 ex
1527 1617 1552 1641 te
1562 1614 1704 1642 mortalem
1717 1621 1780 1642 ear-

156 1657 203 1684 σοῦ
214 1657 342 1691 λαϐόντα,
353 1658 447 1685 τοῦτον
461 1658 623 1691 ἑκδυσὼπει,
640 1658 772 1694 Παρθένε,
791 1659 941 1692 ἀθανασίας

154 1704 258 1738 τυχεῖν,
271 1703 439 1738 πανὰμωμε,
451 1703 515 1735 ’τούς
530 1703 681 1745 σε-μπιστῶς
692 1704 881 1740 γεραίροντας,
894 1706 941 1732 καὶ

154 1751 285 1779 Θωνόκον
301 1749 512 1786 μεγαλύνοντας.

996 1667 1057 1686 nem
1076 1659 1191 1695 accepit,
1212 1659 1239 1686 in
1264 1660 1336 1687 ulnis
1360 1659 1414 1688 tuis
1438 1659 1560 1694 gestasli,
1581 1659 1707 1687 eumdem
1733 1660 1781 1687 de-

996 1712 1121 1740 precare,
1136 1713 1153 1732 ο
1167 1705 1435 1739 immaculatissima,
1458 1709 1488 1732 ut
1508 1705 1546 1732 illi
1562 1705 1608 1741 qui
1625 1710 1651 1733 te
1667 1706 1782 1734 lidelitcr

996 1751 1140 1786 honorant,
1157 1756 1184 1779 et
1211 1752 1356 1787 Dciparam
1378 1752 1564 1788 magniﬁcam,
1591 1752 1779 1781 immortaliter

997 1801 1051 1824 tem
1068 1804 1281 1833 consequantur.

486 1837 529 1865 Ea:
545 1845 644 1865 canone
665 1837 693 1864 in
709 1842 828 1865 sanctam
841 1845 866 1867 et
880 1841 1065 1870 admirabilem
1086 1844 1261 1878 Theodoram,
1276 1846 1317 1872 die
1328 1846 1345 1873 ὅ
1360 1845 1464 1881 (58⁶·“).

193 1886 299 1915 Medere
311 1885 410 1913 anima:
427 1893 495 1913 mea;
520 1886 624 1912 morbis
641 1893 674 1913 ac
697 1886 872 1921 passionibus
890 1887 942 1915 im-

157 1932 316 1964 moderatis,
331 1938 348 1959 o
367 1930 448 1966 Virgo
461 1930 514 1957 Deo
532 1930 713 1962 charissima,
732 1935 758 1958 et
771 1931 877 1959 salvum
898 1940 941 1959 me

159 1977 212 2009 fac.
229 1985 336 2011 precor,
347 1981 375 2005 tu
388 1984 450 2012 quae
463 1975 632 2003 Salvatorem
649 1984 681 2004 ac
695 1976 839 2005 Dominum
858 1985 941 2014 supra

155 2025 271 2052 rationis
287 2028 397 2059 captum
412 2030 527 2058 corpore
538 2022 662 2050 induisti.

190 2069 303 2097 Matrem
323 2068 415 2102 Verbi,
430 2068 503 2103 quod
519 2071 582 2094 ante
595 2067 693 2095 sarcula
706 2075 738 2096 ex
751 2067 830 2097 Patre
838 2069 941 2105 absque

154 2115 333 2150 corruptione
358 2121 510 2142 coruscam.
524 2113 673 2145 emanavit,
687 2118 713 2142 te
727 2114 813 2142 solam
828 2116 942 2151 agnovi-

155 2170 227 2194 mus,
241 2169 259 2188 o
273 2168 375 2196 sponsa
389 2160 437 2187 Dei
459 2160 573 2187 illibata.
596 2158 741 2194 Propterea
754 2161 786 2188 ad
801 2165 826 2188 te
840 2161 942 2189 clama-

154 2215 216 2235 mus
228 2215 235 2234 :
246 2207 312 2239 Ave,
322 2214 339 2234 ο
355 2206 507 2235 benedicta.
516 2205 609 2242 Teque
616 2213 770 2242 precamur,
782 2211 812 2234 ut
828 2207 941 2242 impleas

154 2252 255 2287 gaudio
269 2252 377 2279 animas
393 2255 513 2278 nostras.

190 2299 291 2326 Amore
304 2297 342 2325 tui
365 2297 462 2325 allecta
479 2297 596 2325 illustris
619 2295 774 2330 Theodora,
794 2301 855 2333 post
872 2302 908 2330 te,
923 2304 940 2325 ο

155 2344 253 2379 Virgo,
278 2343 396 2372 adducta
414 2348 456 2370 est
472 2342 537 2376 Regi
554 2350 587 2370 ex
611 2347 690 2370 utero
717 2348 763 2371 tuo
788 2344 940 2378 incarnato,

154 2398 217 2417 cum
235 2390 334 2417 animus
347 2388 532 2417 exsultatione
547 2388 712 2423 tripudians.

194 2435 352 2463 Voluntarie
366 2435 490 2462 attrahor
509 2438 537 2461 et
557 2434 664 2461 inescor
679 2433 812 2461 malorum
827 2435 940 2469 pulchro

156 2485 279 2516 aspectu,
294 2484 321 2509 et
339 2480 489 2515 coinquino
512 2479 632 2506 animam
660 2486 748 2506 meam
765 2487 772 2506 ε
796 2485 938 2515 propterea

154 2531 284 2556 converte
311 2533 355 2554 me
379 2525 578 2554 intercessione
597 2528 660 2556 tua,
688 2528 716 2552 et
738 2524 812 2552 salva
840 2532 894 2559 me,
923 2533 940 2553 ο

153 2574 313 2609 purissima.

161 2621 212 2647 Ἐκ
225 2619 278 2648 τοῦ
292 2619 423 2652 κανόνος
437 2619 480 2651 δὶς
492 2617 547 2645 τὸν
567 2617 653 2652 ἅγιον
661 2616 796 2652 μάρτυρα
809 2618 939 2645 Καλλίο-

434 2660 503 2687 πον,
517 2653 610 2688 ἡμέρᾳ
625 2653 658 2685 ζ’.

197 2712 227 2739 '0
243 2711 359 2748 νεύματι
367 2711 456 2738 πάντα
471 2709 645 2745 δημιουργῶν
661 2710 693 2736 ὲκ
704 2709 751 2737 σοῦ
766 2710 940 2746 αωματοῠται

155 2757 227 2793 ὑπὲρ
239 2757 330 2792 λόγον,
348 2758 445 2793 Μῆτερ
459 2755 537 2788 Θεοῦ,
551 2757 566 2783 ὸ
580 2756 626 2783 τὸν
636 2756 786 2791 ἁθλοφόρον
800 2755 939 2792 στεφανώ-

157 2812 220 2837 σας,
235 2803 296 2839 μεθ’
312 2800 342 2830 οἵ)
355 2802 460 2834 πιστῶς
473 2811 504 2829 σε
519 2802 562 2829 ἀεὶ
581 2801 779 2838 μακαρίζομεν.

192 2914 279 2950 (58“··)
296 2914 391 2943 ereca
405 2913 513 2942 desunt.

1029 1890 1051 1918 Ο
1073 1891 1200 1924 Domina,
1225 1900 1287 1927 quae
1313 1893 1470 1926 Dominum,
1486 1893 1578 1921 lumen
1603 1892 1638 1920 de
1664 1892 1779 1926 lumine,

995 1938 1135 1972 peperisti,
1152 1938 1209 1974 89
1223 1938 1344 1966 illumina
1357 1939 1478 1966 animam
1499 1947 1586 1966 meam
1611 1939 1782 1974 negligentiae

995 1988 1021 2011 et
1040 1984 1266 2018 gravissimarum
1283 1985 1424 2019 culparum
1440 1985 1560 2012 caecitate
1577 1984 1757 2011 laborantem.

1028 2029 1214 2064 Cogitationes
1229 2035 1359 2064 tanquam
1376 2029 1493 2057 stamina
1507 2037 1568 2056 cum
1590 2029 1689 2064 gaudio
1712 2037 1780 2057 con-

994 2075 1149 2108 glomerans
1162 2083 1194 2103 ac
1207 2083 1285 2108 nens,
1305 2075 1519 2110 pulcherrimum
1536 2073 1624 2102 Verbo
1635 2075 1781 2102 vestimen-

992 2124 1050 2147 tum
1072 2120 1180 2148 texuisti
1210 2128 1242 2147 ex
1259 2120 1314 2148 tuis
1340 2120 1531 2155 sanguinibus,
1556 2119 1686 2155 o‘Virgo,
1705 2119 1780 2155 quod

993 2166 1114 2201 gestabit.
1127 2166 1154 2193 in
1168 2171 1313 2193 atemum.

1025 2211 1149 2239 lnterlice
1165 2216 1305 2246 peccatum
1320 2216 1444 2240 n0strum
1459 2211 1562 2243 vivens,
1582 2216 1609 2238 tu
1623 2218 1684 2246 quae
1695 2211 1778 2238 vitam

993 2265 1056 2286 vere
1072 2258 1247 2286 exsistentem
1266 2258 1407 2293 peperisti,
1422 2265 1439 2285 ο
1465 2258 1523 2286 sola
1546 2256 1630 2293 Virgo
1655 2265 1722 2292 pura
1748 2265 1780 2285 ac

992 2304 1150 2336 benedicta,
1169 2308 1200 2331 ut
1213 2309 1238 2331 te
1256 2304 1401 2332 laudemus
1421 2311 1469 2338 per
1486 2304 1615 2331 universa
1633 2302 1744 2330 saacula.

1028 2349 1102 2378 Luce
1115 2350 1207 2378 vultus
1228 2350 1268 2378 tui
1293 2350 1417 2378 illumina
1436 2349 1572 2385 iacentem
1602 2349 1630 2376 in
1660 2348 1780 2376 tenebris

992 2397 1166 2433 passionum.
1184 2404 1201 2424 ο
1214 2401 1292 2431 porta
1315 2396 1383 2424 lucis
1402 2396 1545 2431 spiritalis.
1560 2394 1600 2423 Ne
1619 2402 1662 2422 me
1683 2395 1780 2429 depre-

992 2443 1096 2471 hendat
1112 2448 1139 2471 et
1158 2443 1279 2471 involvat
1296 2450 1351 2471 nox
1372 2443 1480 2475 mortis,
1494 2450 1511 2470 ο
1529 2447 1603 2470 casta
1624 2441 1748 2474 Domina,
1762 2449 1778 2469 a

993 2497 1048 2525 qua
1064 2489 1162 2517 salutis
1178 2497 1245 2517 meae
1259 2496 1322 2524 spes
1339 2489 1448 2525 penitus
1464 2489 1652 2517 abscindatur.

1029 2621 1073 2649 Ex
1096 2630 1195 2650 canone
1210 2622 1237 2649 in
1254 2622 1284 2650 S.
1306 2621 1455 2656 Calliopum
1470 2626 1622 2656 martyrem,
1641 2620 1683 2647 die
1699 2619 1725 2646 7.

1030 2710 1082 2744 Qui
1099 2715 1166 2738 nutu
1183 2710 1308 2738 condidit
1333 2710 1472 2743 universa,
1499 2717 1532 2737 ex
1560 2713 1586 2736 te
1607 2705 1778 2734 ineﬂ'abiliter

992 2763 1093 2790 corpus
1107 2756 1266 2790 assumpsit,
1280 2763 1296 2782 ο
1309 2754 1356 2783 Dei
1367 2755 1453 2782 Mater
1462 2775 1470 2788 ,
1484 2755 1530 2789 qui
1541 2757 1687 2788 martyrem
1697 2758 1776 2778 suum

995 2802 1125 2829 victorem
1145 2802 1304 2830 certaminis
1319 2803 1469 2834 coronavit.
1485 2809 1547 2829 cum
1560 2807 1614 2835 quo
1630 2805 1737 2834 semper
1752 2801 1779 2826 te

994 2846 1111 2875 ﬁdeliter
1121 2847 1329 2876 beatiﬁcamus.‘
