2069 3159
121 187 192 220 1093

839 182 1021 213 MARI'ALE.

1680 179 1751 212 1034

119 258 160 276 σει
191 244 369 277 πεπτωκότας
406 243 581 277 ἁνεζώωσεν,
611 243 680 278 ἁγνὴ
707 241 902 276 Θεογεννῆτορ.

964 249 1020 269 esca
1052 247 1100 268 eos
1130 239 1178 276 qui
1205 247 1253 274 per
1279 246 1372 268 escam
1393 239 1560 272 ceciderant,
1586 246 1663 267 novae
1689 241 1751 268 vita:

153 338 188 365 Σὲ
210 335 378 373 προστασίαν
401 334 518 370 ἔχοντες,
534 333 665 370 ἄχραντε,
691 333 716 359 οἱ
738 332 827 359 δοῦλοί
847 340 907 364 σου,

118 385 166 412 καὶ
180 383 247 419 πρὸς
260 381 307 409 τὸν
321 381 386 408 Υίόν
400 389 448 408 σου
479 381 547 416 μετὰ
561 380 628 407 Θεὸν
656 380 769 415 μεσίτην
790 378 907 406 ἀκαται-

118 437 241 466 σχυντον,
274 427 407 454 κινδύνων
441 428 515 462 ἡμᾶς
560 426 630 459 σῶζε
658 427 706 453 καὶ
733 424 906 461 πειρασμῶν,

118 475 218 511 σεμνὴ,
241 474 284 501 ἶνα
299 473 392 500 πίστει
410 474 458 500 καὶ
473 473 549 508 πόθῳ
565 472 609 500 ἀεί
625 481 654 499 σε
669 472 836 507 δοξάζωμεν.

154 561 323 596 Φλογοφόρος
335 560 373 592 ὡς
388 559 467 590 λασὶς
486 558 609 591 ὑπεδιξω
623 559 652 585 ἐν
669 558 769 593 γαστρὶ
783 557 907 590 ἄνθρακα

118 609 164 635 τὸν
182 608 288 643 νοητὸν,
304 606 511 641 καταφλέγοντα
526 605 606 640 ἡμῶν
626 604 663 630 τὰ
680 604 765 638 πάθη,
788 603 835 630 καὶ
849 611 907 637 φω-

118 654 230 686 τίζοντα
242 653 292 684 τὰς
306 652 396 687 ψυχὰς
411 651 501 686 ἡμῶν,
516 651 564 677 καὶ
584 650 682 676 λύοντα
701 650 732 675 τὸ
749 649 844 680 σκότος
858 649 908 683 τῆς

119 699 328 735 είδωλομανίας,
344 699 464 733 ἀχραντε
484 696 617 733 Παρθένε,
633 696 818 732 πολυῦμνητε.

126 813 154 840 Ὲ
156 822 174 840 κ
184 812 238 840 τοῦ
249 811 378 843 κανόνος
386 811 429 843 εὶς
439 810 493 837 τὸν
500 809 586 845 ἅγιον
593 808 729 845 μάρτιῳα
738 807 826 842 Εὑψύ
829 815 907 843 χιον,

295 846 348 873 τὸν
359 846 394 873 ἐν
406 844 578 880 Καισαρείᾳ,
595 844 689 878 ἡμέρᾳ
703 844 735 870 θ’.

962 288 1092 315 restituit.

997 334 1066 361 Cum
1084 338 1119 367 te,
1134 342 1150 362 ο
1163 334 1336 366 intemerata,
1350 340 1401 360 nos
1414 333 1485 361 servi
1502 333 1542 360 tui
1559 333 1750 368 protectricem

962 380 1033 414 apud
1049 380 1149 407 Filium
1163 384 1252 413 tuum,
1268 388 1300 409 ac
1323 379 1524 410 mediatricem,
1541 387 1601 414 quae
1618 386 1671 406 non
1686 387 1751 406 con-

963 425 1100 458 funditur,
1117 431 1179 461 post
1195 425 1279 453 Deum
1305 425 1455 452 habeamus
1473 433 1481 451 :
1500 424 1582 451 libera
1607 432 1657 451 nos
1671 432 1686 450 a
1703 432 1752 458 pe-

962 462 1058 499 riculis
1074 476 1100 499 et
1116 472 1323 504 tentationibus,
1338 475 1367 498 ut
1382 475 1417 503 te,
1434 478 1451 498 ο
1461 471 1630 502 veneranda,
1644 477 1752 504 semper

964 524 1025 545 cum
1042 517 1094 544 lidc
1104 523 1130 545 et
1144 517 1241 545 allecto
1263 517 1458 553 gloriﬁcemus.

999 562 1140 598 Tanquam
1157 563 1264 599 forceps
1278 563 1441 590 llammil'era
1462 562 1608 597 suscepisti
1626 562 1653 589 iu
1672 566 1753 588 utero

962 610 1109 636 carbonem
1121 609 1334 645 spiritalem,qui
1349 610 1489 644 passiones
1504 614 1612 636 nostras
1636 608 1752 634 combu-

962 654 1014 686 rit,
1031 655 1137 681 animas
1154 660 1260 682 nostras
1281 654 1427 686 illuminat,
1447 659 1473 681 cl.
1499 653 1657 680 idololatriae
1678 657 1753 678 tene-

962 700 1027 727 bras
1042 699 1189 732 dissolviti,
1213 699 1321 736 oVirgo
1331 700 1473 733 inviolata,
1487 699 1612 735 plurimis
1627 698 1753 725 laudibus

962 746 1137 774 celebranda.

963 812 1006 840 Ex
1032 821 1133 841 canone
1148 814 1174 842 in
1191 813 1222 842 S.
1243 813 1580 877 Eupsycliiinmgmartyrem
1600 813 1751 842 δωρον-ἱει-

1279 858 1344 877 sem.
1379 857 1402 876 te
1436 870 1443 876 .

1279 858 1344 883 sem,
1360 857 1402 876 ate
1417 857 1443 877 υ.

156 905 262 940 Σαρκὸς
283 903 436 940 ὁμοιώματι
454 902 594 938 γεννηθεὶς
613 902 644 928 ἐκ
660 900 707 928 σοῦ
731 901 746 927 ὁ
770 900 908 935 Δεσπότης

998 905 1132 932 Dominus
1148 906 1175 932 in
1193 905 1372 933 similitudine
1384 906 1476 933 carnis
1486 906 1596 941 genitus
1613 914 1645 934 ac
1659 911 1750 940 natus,

121 951 320 987 ὲκαινούργησε
343 950 392 985 τὴν
407 948 484 985 ἡμῶν
501 947 744 982 πεπαλαιωμένην,
759 946 838 982 κόρη,
855 946 908 982 φύ-

122 1008 175 1031 σιν,
191 998 237 1024 καὶ
252 997 315 1029 τοὺς
328 996 443 1032 θνητοὺς
455 994 598 1031 οὐρανίους
617 994 773 1030 εἰργάσατο.

158 1045 262 1080 Ὕμνον
282 1044 458 1079 χαριστήριον
477 1042 530 1068 τῶν
545 1040 670 1076 ἀθλητῶν
685 1039 764 1075 χορὸς
781 1038 838 1074 ᾄδει
855 1047 906 1071 σοι¹

122 1088 191 1124 κόρη
205 1088 303 1124 σεμνὴ,
318 1087 365 1114 σοῦ
383 1088 444 1118 ταῖς
459 1086 581 1121 όδηγίαις
591 1085 739 1120 νικηφόρος
751 1084 908 1119 γενόμενος.

164 1176 321 1212 ’Υπερτὲρα
334 1175 477 1211 δυνάμεων
491 1174 546 1202 τῶν
568 1172 740 1208 ἐπουρανίων
755 1172 787 1198 σὺ
799 1179 909 1206 χρημα-

123 1225 231 1256 τίσασα,
251 1223 391 1260 σαρκικῶν
407 1220 503 1249 παθῶν
519 1220 669 1256 ὑπέρτερον
681 1219 728 1246 τὸν
747 1218 824 1254 ὲμὺν,
836 1218 911 1253 Dap-

125 1271 195 1302 θένε,
209 1269 273 1297 νοῦν
290 1268 440 1301 ἀνάδειξον.

166 1316 251 1351 ’Υπὲρ
263 1315 317 1342 τῶν
331 1316 370 1346 είς
389 1315 418 1341 σὲ
438 1314 487 1345 τὰς
502 1312 624 1343 ἐλπίδας.
642 1312 752 1338 πάντων
765 1310 910 1348 ᾼέσποινα,

126 1362 303 1397 κεκτημένων
333 1361 443 1388 πάντων
478 1358 624 1394 πρέσϐευε,
661 1358 737 1389 ὅπως
761 1355 912 1392 μελλούσης

125 1407 308 1441 λυτρωθῶμεν
328 1406 528 1441 κατακρίσεως.

168 1453 336 1488 Ἀνόρθωσον
353 1451 553 1487 συμπτωθέντα
563 1458 600 1487 με
616 1449 688 1482 ὅλον,
699 1448 737 1480 ὡς
753 1449 809 1479 τοῖς
827 1446 913 1474 πάθε-

128 1508 170 1525 σιν
186 1499 331 1530 ἀνοίξαντα
347 1497 443 1534 θύραν,
460 1497 506 1524 καὶ
526 1497 559 1532 τῇ
575 1496 605 1522 ἐν
619 1495 662 1522 σοὶ
682 1494 771 1529 ἀγαθῇ
790 1493 914 1529 μεσιτείᾳ

127 1545 198 1580 πρὸς
217 1544 363 1580 μετανοίας
376 1543 496 1574 εἰσόδους
511 1542 654 1576 εἰσάγαγε,
677 1540 725 1567 καὶ
741 1540 828 1567 σῶσόν
849 1548 882 1575 με
896 1540 913 1575 ἡ

126 1591 174 1618 τοῦ
189 1590 288 1622 παντὸς
302 1590 348 1617 τὸν
360 1590 476 1626 Σωτῆρα
488 1588 606 1615 τεκοῦσα
620 1587 667 1614 καὶ
681 1586 794 1622 Κύριον.

167 1682 249 1718 Ὅρος
265 1681 410 1716 προφήτης
423 1679 524 1714 Δανιήλ
543 1687 573 1705 σε
594 1678 660 1713 θείῳ
686 1676 827 1712 Πνεύματι
846 1676 913 1702 ἑκά-

125 1726 200 1758 λεσε,
229 1726 365 1762 Παρθένε,
384 1725 414 1757 ἑξ
438 1721 468 1752 οὗ
486 1724 560 1755 λίθος
587 1722 705 1758 Χριστὸς
730 1722 793 1749 ἄνευ
823 1721 915 1757 χειρὸς

125 1772 245 1808 ἐτμήθη,
262 1773 310 1799 καὶ
329 1770 483 1807 συντριϐῆν.
505 1770 656 1805 είργάσατο
670 1769 726 1796 τῶν
742 1768 845 1802 ξοάνων
864 1767 914 1803 τῆς

126 1819 243 1854 ἀπάτης.

163 1863 313 1899 Συμπαθὴς
335 1863 478 1899 Παρθένε,
504 1863 520 1898 ἠ
546 1862 592 1889 τὸν
614 1861 841 1898 συμπαθέστατον
870 1868 915 1886 τευ

127 1909 214 1937 κοῦτα
228 1910 324 1944 Λόγον,
336 1909 387 1942 ⁴τὸν
407 1908 558 1944 ἁσυμπαθῆ
571 1916 603 1943 με
617 1907 722 1943 δωρεὰν
733 1907 913 1942 οἱκτείρησον,

127 1955 341 1990 ἀπεγνωσμένον
370 1955 539 1989 πταίσμασιν
561 1953 702 1989 ἀμέτροις,
721 1954 767 1979 καὶ
791 1952 829 1988 μὴ
855 1952 915 1978 ἐπι-

129 2002 291 2036 στρέφοντα,
312 2001 371 2028 ἀλλ’
389 2002 418 2028 ὲν
440 2000 563 2037 ῥαθυμίᾳ
575 2000 620 2027 τὸν
637 2000 693 2035 βίον
706 1998 878 2026 δαπανῶντα.

164 2093 237 2121 Φωτὶ
251 2094 300 2128 τῆς
319 2093 464 2129 μετανοίας
477 2091 607 2126 αὖγασον,
619 2091 751 2126 ΙΙαρθενε,
763 2090 812 2126 τῆς
826 2090 917 2125 ἁμαρ-

128 2141 189 2172 τίας
201 2139 279 2167 νυκτί
298 2148 331 2175 με
354 2139 546 2174 σκοτούμενον,
571 2138 620 2165 καὶ
652 2136 790 2173 ῥᾳθυμίας
816 2136 915 2172 ὁμίχλῃ

130 2186 398 2221 συγκαλυπτόμενον.

135 2256 187 2282 Ἐκ
202 2254 254 2282 τοῦ
274 2253 406 2286 κανόνος
429 2253 473 2284 εις
487 2251 556 2284 τοὺς
569 2251 674 2286 ἁγίους
693 2249 848 2286 μάρτυρας
868 2249 916 2275 Τε-

142 2283 468 2324 ι;ἐντιον,Ποιιπόίλιογ-,
480 2283 617 2321 Μάξιμοᾶ-
625 2295 653 2313 κ.
669 2283 741 2312 τξλζ
757 2283 852 2320 ἡμέρᾳ
868 2287 894 2310 ι’.

172 2356 266 2392 Ὑμνῶ
282 2364 324 2390 σε,
342 2355 477 2391 Παρθένε.
492 2355 533 2382 ὅτι
549 2353 632 2388 Θεὸν,
656 2352 816 2389 πανύμνητε
836 2351 917 2388 μόνη,

131 2403 317 2436 ὲσωμὰτωσας
333 2402 364 2428 ὲκ
382 2401 437 2428 τῶν
449 2400 549 2436 τιμίων
564 2400 619 2427 σῶν
632 2399 768 2434 αἱμάτων,
786 2398 917 2432 παναγία,

131 2449 179 2477 καὶ
194 2448 266 2483 ὑπὲρ
285 2447 363 2482 λόγον
380 2447 503 2483 φρικτῶς
521 2445 695 2481 ἁπεκύησας.

168 2541 258 2568 Σῶσόν
269 2550 314 2577 με,
324 2541 452 2575 κυήσασα
462 2539 508 2567 τὸν
519 2538 693 2575 ὕπεράγαθον
704 2537 817 2573 Κύριον,
831 2537 919 2574 μῆτερ

131 2588 216 2624 ἁγνὴ,
232 2587 336 2615 παῦσον
349 2587 398 2622 τῆς
414 2587 502 2622 ψυχῆς
518 2594 570 2621 μου
586 2584 771 2620 πολυτάραχον
786 2584 918 2611 κλύδωνα.

167 2679 213 2712 Σὲ,
228 2678 386 2714 πανάμωμε
401 2677 546 2708 Δέσποινα,
560 2676 725 2711 πειρασμοῖς
735 2674 919 2710 κυκλούμενος

132 2726 173 2758 εις
198 2725 325 2760 βοήθειαν
345 2722 556 2759 προσκαλοῦμαι
569 2730 576 2737 ·
605 2721 732 2754 σπεῦσον,
758 2721 846 2748 σῶσόν
873 2729 918 2756 με,

132 2772 178 2798 τὸν
193 2772 310 2806 Σωτῆρα
325 2771 412 2805 Λόγον
427 2771 444 2805 ἠ
457 2771 595 2805 κυήσασα.

167 2817 358 2852 Λυτρούμενος
374 2815 520 2850 ὲπὲφανεν,
538 2815 667 2851 ἄχραντε,
684 2814 698 2840 ὁ
718 2814 782 2845 Υἱός
806 2822 854 2841 σου
872 2815 920 2842 dv-

134 2862 244 2895 θρωπος
263 2863 410 2897 γενόμενος
437 2861 596 2896 ἀνθρώπους
609 2860 724 2891 πάντας,
751 2860 918 2895 πανάμωμε.

170 2908 328 2934 Κατάσκιον
346 2905 475 2942 προεώρα
492 2915 521 2932 σε
538 2906 601 2942 ὅρος
623 2907 638 2932 ὁ
659 2905 802 2941 προφήτης
822 2905 919 2933 Ἀϐδα-

960 959 976 979 o
995 952 1095 987 puella,
1112 956 1236 978 naturam
1256 957 1377 979 nostram
1403 952 1581 979 inveteratam
1601 953 1752 986 renovavit,

960 1001 1042 1031 atque
1062 1005 1120 1029 eos,
1134 998 1179 1032 qui
1201 997 1330 1024 mortales
1345 1001 1434 1029 erant,
1450 997 1578 1024 caelestes
1592 997 1693 1025 ell‘ecit.

997 1042 1133 1078 Hymnum
1151 1043 1177 1070 in
1190 1044 1341 1078 gratiarum
1362 1043 1498 1070 actionem
1516 1047 1666 1079 martyrum
1682 1043 1752 1071 Cho-

960 1095 1009 1116 rus
1028 1088 1075 1115 libi
1093 1089 1177 1120 canit,
1193 1096 1210 1116 o
1226 1089 1315 1123 puella
1331 1089 1499 1122 veneranda,
1522 1097 1597 1122 nam,
1624 1093 1650 1116 te
1669 1088 1750 1122 duce,

960 1134 1104 1161 victoriam
1117 1140 1286 1163 consecutus
1304 1140 1357 1163 est.

996 1179 1049 1213 Tu,
1072 1188 1132 1215 qua:
1155 1181 1308 1208 cmlestium
1335 1185 1502 1216 potestatum
1536 1181 1680 1210 sublimior
1708 1190 1749 1217 es,

961 1226 1048 1256 edice.
1066 1233 1082 1253 ο
1103 1225 1195 1261 Virgo,
1217 1230 1336 1253 mentem
1360 1234 1449 1254 meam
1464 1227 1621 1255 carnalibus
1649 1235 1751 1256 concu—

962 1271 1104 1307 piscentiis
1124 1271 1306 1306 superiorem.

997 1316 1020 1344 0
1036 1316 1160 1345 omnium
1174 1316 1298 1348 Domina,
1322 1315 1462 1343 intercede
1477 1323 1527 1351 pro
1547 1316 1688 1348 omnibus,
1705 1316 1752 1352 qui

965 1361 992 1389 in
1016 1366 1043 1389 te
1059 1369 1122 1396 spes
1138 1370 1204 1390 suas
1217 1361 1431 1394 collocaverunt,
1448 1365 1479 1388 ut
1498 1369 1513 1389 a
1529 1361 1620 1389 futura
1639 1362 1754 1389 damna-

965 1407 1039 1434 tione
1057 1407 1218 1434 liberemur.

1000 1451 1080 1488 Erige
1104 1460 1156 1484 me,
1185 1452 1232 1487 qui
1260 1455 1334 1480 totus
1362 1451 1455 1486 lapsus
1478 1458 1550 1484 sum,
1579 1451 1680 1487 quippe
1706 1452 1754 1487 qui

965 1497 1140 1533 passionibus
1158 1497 1272 1533 januam
1300 1498 1408 1532 aperui,
1440 1503 1467 1525 et
1484 1498 1678 1534 benignissima
1696 1506 1756 1525 me-

966 1544 1086 1572 diatioue
1114 1548 1161 1570 tua
1183 1543 1215 1570 ad
1241 1543 1296 1579 92
1316 1543 1484 1578 ptenitentiaa
1502 1544 1644 1579 ingressus
1670 1545 1754 1572 induc

926 1589 948 1619 C.
970 1597 1024 1622 me,
1038 1593 1065 1616 et
1089 1588 1163 1617 salva
1182 1596 1225 1615 me
1250 1593 1289 1622 tu,
1308 1595 1369 1623 qua:
1388 1588 1510 1615 omnium
1527 1588 1695 1617 Salvatorem
1724 1596 1756 1617 ac

968 1635 1113 1662 Dominum
1129 1634 1270 1670 peperisti.

1005 1681 1141 1715 Propheta
1158 1680 1253 1708 Daniel
1269 1680 1364 1707 divino
1384 1679 1487 1715 Spiritu
1502 1679 1619 1713 amatus,
1633 1685 1754 1708 montem

967 1733 992 1755 te
1018 1728 1138 1760 vocavit,
1159 1735 1176 1755 o
1192 1726 1287 1762 Virgo,
1309 1734 1341 1754 ex
1367 1734 1423 1760 quo
1450 1726 1518 1762 lapis
1545 1727 1672 1755 Christus
1697 1728 1758 1756 sine

967 1771 1095 1798 manibus
1109 1770 1249 1798 abscissus
1271 1776 1323 1803 est,
1335 1771 1382 1806 qui
1399 1771 1546 1799 simulacra
1565 1772 1669 1800 erroris
1688 1780 1756 1800 con-

966 1817 1051 1844 trivit.

1000 1863 1022 1889 0
1034 1861 1117 1898 Virgo
1128 1862 1319 1897 compassioue
1332 1867 1440 1895 ornata,
1450 1870 1510 1898 qua:
1520 1862 1637 1890 Verbum
1649 1871 1756 1890 summa

967 1910 1159 1944 compassione
1190 1909 1300 1944 plenum
1336 1909 1478 1944 peperisti,
1505 1917 1548 1936 me
1565 1910 1758 1944 compassione

966 1959 1107 1984 carentem
1118 1954 1326 1988 commiserare,
1337 1954 1372 1982 ob
1388 1954 1547 1982 innumeros
1558 1955 1652 1989 lapsus
1664 1956 1760 1988 despe-

967 2005 1070 2034 ratum,
1087 2007 1114 2028 et
1133 2007 1307 2036 nequaquam
1321 2001 1355 2027 de
1374 2000 1556 2027 conversione
1578 2001 1758 2036 cogitantem,

967 2048 1016 2076 sed
1033 2048 1059 2075 iu
1077 2047 1240 2083 negligentia
1258 2047 1341 2074 vitam
1357 2047 1559 2074 absumeutem.

999 2094 1073 2122 Luce
1097 2093 1266 2129 poenitentiae
1290 2093 1396 2120 illustra
1425 2100 1479 2125 me,
1496 2100 1513 2119 ο
1538 2091 1632 2127 Virgo,
1654 2091 1757 2128 peccati

969 2145 1048 2166 nocte
1063 2138 1281 2171 obteuebratum,
1298 2143 1325 2166 et
1337 2137 1508 2174 negligentia
1521 2137 1629 2165 nebulis
1645 2144 1760 2172 cooper-

968 2190 1035 2213 tum.

972 2252 1013 2280 Ex
1030 2252 1138 2280 Cauoue
1157 2253 1184 2279 in
1209 2251 1260 2280 SS.
1274 2251 1343 2279 MM.
1380 2251 1542 2283 Terentium,
1566 2249 1755 2284 Pomponium,

1193 2286 1342 2314 Maximum
1360 2291 1421 2320 elc.,
1437 2287 1480 2313 die
1496 2287 1539 2313 l0.

1008 2355 1104 2383 Laudo
1120 2360 1157 2387 te,
1174 2353 1282 2391 oVirgo
1298 2355 1355 2382 sola
1372 2355 1444 2382 omui
1462 2354 1542 2382 laude
1555 2353 1714 2389 dignissima
1726 2361 1760 2381 ac

973 2401 1162 2433 sanctissima,
1178 2401 1310 2435 quoniam
1327 2399 1411 2427 Deum
1429 2407 1461 2427 ex
1475 2399 1604 2434 pretiosis
1619 2398 1760 2434 sanguini-

973 2447 1024 2475 bus
1040 2447 1095 2474 tuis
1118 2446 1281 2481 corporusli,
1298 2450 1325 2474 et
1352 2453 1435 2480 supra
1458 2445 1573 2473 rationis
1598 2449 1760 2480 conceptum

972 2494 1140 2523 formidabili
1164 2494 1271 2521 ratione
1284 2494 1426 2529 peperisti.

1011 2540 1091 2568 Salva
1106 2547 1162 2572 me,
1177 2539 1263 2566 Mater
1285 2543 1373 2571 casta,
1387 2532 1449 2574 quae
1463 2537 1597 2573 optimum
1614 2536 1761 2564 Dominum

976 2587 1126 2622 concepisti
1146 2595 1152 2613 :
1167 2586 1230 2613 seda
1244 2585 1342 2613 anima:
1357 2592 1424 2612 mea:
1443 2584 1632 2620 multipliciter
1659 2583 1761 2610 tumul-

973 2638 1094 2662 tuantem
1111 2632 1271 2668 prOCellam.

1010 2677 1059 2709 Te.
1084 2685 1101 2705 ο
1128 2677 1242 2705 Domina
1268 2681 1323 2704 tota
1349 2675 1535 2709 immaculata.
1566 2673 1761 2702 tentationibus

973 2723 1197 2751 circumvallatus
1221 2722 1247 2749 in
1272 2723 1406 2750 auxilium
1435 2723 1539 2750 advoco
1564 2730 1572 2748 :
1596 2720 1705 2751 festina,
1732 2723 1760 2746 et

973 2771 1048 2797 salva
1067 2777 1120 2800 me,
1139 2774 1166 2795 tu
1184 2776 1245 2803 qua:
1260 2767 1380 2795 Verbum
1396 2768 1565 2795 Salvatorem
1585 2766 1723 2801 peperisti.

1009 2814 1031 2842 Ο
1044 2815 1183 2847 inviolata,
1198 2823 1229 2842 ac
1242 2819 1296 2842 tota
1309 2814 1494 2844 immaculata.
1507 2813 1579 2840 lilius
1593 2816 1656 2839 tuus
1672 2810 1761 2838 factus

975 2862 1058 2889 homo
1074 2861 1211 2896 apparuit,
1225 2866 1254 2888 ut
1268 2861 1411 2888 universos
1427 2859 1551 2886 homines
1566 2858 1706 2885 liberaret.

1011 2907 1131 2935 Montem
1146 2908 1306 2935 umbrosum
1329 2906 1452 2941 praevidit
1471 2909 1497 2932 te
1513 2904 1644 2939 propheta
1670 2903 1762 2931 Ablui-
