2069 3159
294 181 363 214 1095

858 175 888 205 S.
908 173 1066 205 JOSEPHI
1086 170 1371 203 IIYMNOGRAPHI‘

1855 165 1924 198 1095

294 248 355 272 ene,
375 247 392 268 ο
404 238 532 275 Deipara,
547 245 580 266 ex
595 244 651 272 quo
675 236 749 263 Deus
762 234 935 263 ineilabiliter
951 232 1085 269 processit

1146 232 1218 267 ιοὺμ,
1240 230 1367 262 Θεοτόκε,
1393 228 1426 255 ὲκ
1448 227 1495 254 σοῦ
1520 226 1586 259 Θεὸς
1606 225 1677 261 ὑπὲρ
1697 224 1776 259 λόγον
1807 224 1926 260 προῆλθε

295 287 465 317 incarnatus,
483 284 672 318 mundumque
688 282 813 315 salvavit,
834 280 899 308 dum
922 279 1084 316 gravissima

296 337 471 368 peccatorum
490 331 609 365 procella
624 329 822 364 exagitaretur.

331 377 446 405 Humani
456 376 565 412 generis
576 376 727 410 principes,
739 374 785 409 qui
797 373 862 401 olim
877 373 912 400 ob
923 371 1085 400 foedissima

297 423 522 458 transgressionis
535 422 589 457 93
605 421 732 449 delictum
748 419 928 450 deduxerant,
944 423 983 450 tu,
997 425 1014 444 ο
1025 417 1087 444 Dei-

296 477 372 505 para.
389 470 416 496 in
441 474 520 496 utero
539 467 680 495 Christum
702 466 762 495 sine
777 465 898 493 ﬂuxione
917 464 1086 499 concipiens,

298 516 333 543 ad
346 515 428 542 vitam
444 514 584 549 antiquam
599 513 745 541 revocasti.

331 560 458 587 Animam
490 566 581 587 meam
613 562 750 585 mortuam
781 556 903 589 vivitica,
937 556 1085 591 collapsam

296 606 434 633 exsuscita
448 625 457 639 ,
471 604 640 632 vulneratam
656 610 733 637 sana,
748 609 765 629 ο
788 601 1009 634 inviolatissima,
1030 601 1088 628 lan-

1138 277 1361 313 σεσαρκωμένος.
1376 275 1423 302 καὶ
1438 275 1540 308 κόσμον
1555 272 1669 299 διέσωσε
1687 271 1725 306 τῷ
1741 270 1856 297 κλύδωνι
1874 271 1924 306 τῆς

1136 323 1257 359 χαλεπῆς
1272 322 1408 358 ἁμαρτίας
1420 320 1514 351 δεινῶς
1528 319 1716 354 συνεχόμενον.

1177 369 1344 401 Ῥεύσαντας
1376 367 1460 395 πάλαι
1486 367 1551 397 τοὺς
1581 365 1718 400 γενάρχας
1744 363 1928 399 παραϐάσεως

1145 417 1246 444 ἀτόπου
1262 414 1449 450 πλημμελείᾳ,
1466 414 1496 440 ὲν
1518 412 1596 448 νηδύϊ
1611 411 1739 447 έΧριστὺν
1770 411 1930 447 ἀῤῥεύστως

1138 461 1321 494 συλλαϐοῦσα,
1337 461 1404 497 πρὸς
1419 460 1469 497 τὴν
1485 459 1557 495 ζωὴν
1577 458 1718 494 ἀνήγαγες
1732 458 1783 493 τὴν
1798 459 1928 493 ἀρχαίαν,

1138 508 1264 535 Θεοτόκε.

1173 553 1392 589 Νενεκρωμένην
1414 552 1535 585 ζώωσον,
1564 551 1743 578 πεπτωκυῖαν
1765 550 1929 586 ἀνάστησον,

1137 599 1412 635 τετραυματισμένην
1427 599 1478 634 τὴν
1497 599 1588 634 ψυχήν
1614 606 1665 633 μου
1684 598 1760 623 ίασαι
1783 598 1815 632 τῇ
1831 596 1930 632 λόγχῃ,

297 659 345 679 cea
360 651 416 683 illa,
429 659 491 686 quae
507 650 620 686 dignum
640 649 792 676 Salvatoris
817 656 850 677 ex
866 653 945 675 utero
969 651 1016 675 tuo
1031 647 1089 674 nati

1146 645 1305 681 πτανάμωμε,
1339 647 1373 681 τῇ
1400 645 1555 681 κεντησάσῃ
1579 644 1655 671 θείαν
1689 642 1810 678 πλευρὰν
1830 642 1876 669 τοῦ
1899 643 1933 670 ὲκ

298 696 369 724 latus
383 696 537 724 vulneravit
563 703 570 721 :
591 702 671 729 quem
700 693 777 729 pueri
793 693 976 726 benedicunt,
996 699 1090 721 sacer-

1146 692 1258 728 γαστρός
1272 700 1319 718 σου
1336 691 1529 728 σαρκωϐέντος
1545 690 1684 725 Σωτῆρος,
1698 689 1728 716 ὃν
1742 689 1837 721 παῖδες
1853 689 1934 716 εὐλοο

298 742 377 770 dotes
400 741 522 774 laudant,
539 742 633 777 populi
659 740 865 776 superexaltant
879 739 906 766 in
924 738 1017 766 omnia
1036 746 1088 766 sae-

1146 739 1245 775 (οῢσιν,
1273 740 1355 775 ἱερεῖς
1378 738 1540 774 ἀνυμνοῦσι,
1563 738 1624 766 λαοὶ
1654 736 1860 773 ὑπερυψοῦσιν,
1892 736 1935 768 είς

297 789 371 816 cula.

1146 786 1246 818 πάντας
1263 786 1326 818 τοὺς
1340 785 1452 817 αἰῶνας.

335 834 472 867 lllumina,
489 840 506 861 ο
520 838 599 869 porta
615 833 696 865 lucis,
709 833 829 860 animam
846 839 935 860 meam
965 830 1091 867 gravissi-

1176 831 1306 864 Φώτισον,
1330 831 1403 866 πύλη
1420 831 1466 858 τοῦ
1494 830 1594 865 φωτὸς,
1612 830 1662 866 τὴν
1676 829 1767 866 ψυχήν
1794 838 1845 864 μου
1872 830 1935 861 ταῖς

299 881 353 908 mis
377 880 626 914 transgressionum
655 879 775 907 tenebris
796 879 970 907 obscuratam
1000 885 1033 905 ac
1043 885 1089 912 ρο·

1146 877 1243 908 δειναῖς
1258 877 1431 912 ἀμαυρότησι
1452 876 1506 903 τῶν
1523 876 1707 912 παραϐάσεων
1735 875 1935 909 ἑσκοτισμένην

300 927 467 954 riclitantem
484 934 491 952 :
506 930 533 953 et
551 925 595 953 fac
611 933 653 953 me
669 925 769 953 divinae
794 925 847 952 diei
875 924 1046 960 participem,
1062 928 1090 951 ut

1146 924 1190 950 καὶ
1209 907 1428 956 κινδυνεύουσαν,
1453 922 1501 949 καὶ
1519 907 1571 957 τῆς.
1591 922 1699 958 ἡμέρας
1730 907 1857 948 κοινωνὸν
1884 921 1936 955 τῆς

301 971 450 1007 gloriﬁcem
468 975 505 1005 te,
534 979 551 1000 ο
572 972 756 1008 patrocinium
784 971 915 1005 ﬁdelium,
944 971 1017 1007 quod
1038 978 1092 998 non

1146 969 1219 1001 θείας
1247 969 1398 1002 ἀνάδειξον,
1420 969 1495 1001 ὅπως
1506 968 1612 1002 δοξάζω
1639 977 1681 1001 σε,
1710 967 1863 1004 προστασία
1878 967 1936 994 τῶν

302 1018 489 1046 confunditur.

1146 1016 1248 1043 πιστῶν
1263 1016 1476 1052 ἀκαταίσχυντε.

302 1074 346 1102 Ea
381 1082 480 1102 canone
504 1074 531 1101 in
555 1073 585 1101 S.
614 1074 739 1108 Antipam
762 1078 915 1109 martyrem,
944 1073 1093 1108 episcopum

1150 1074 1198 1100 Ἐκ
1218 1073 1270 1100 τοῦ
1290 1074 1421 1106 κανόνος
1435 1074 1478 1107 εις
1491 1073 1545 1100 τὸν
1558 1072 1643 1107 ἄτιον
1655 1071 1852 1107 ὶερσμάρτυρᾳ
1872 1070 1937 1098 Ἆγι-

566 1105 700 1144 Pergami,
719 1109 761 1135 die
782 1105 843 1135 H.’
958 1105 963 1108 ’
1031 1105 1036 1107 ’

1220 1109 1321 1140 τίπαν,
1337 1105 1508 1135 (inimicior
1522 1105 1687 1142 Hepi'a'yov,
1700 1105 1795 1142 ἡμέρᾳ
1813 1105 1846 1133 ια’

1220 1109 1321 1140 τίπαν,
1337 1109 1508 1135 ἐπίσκοπον
1522 1108 1687 1142 Περγάμου,
1700 1107 1795 1142 ἡμέρᾳ
1813 1107 1857 1133 ια’.

338 1164 418 1193 Lucis
430 1170 481 1193 tua:
497 1164 661 1200 fulgoribus,
676 1165 778 1192 irradia
790 1173 806 1193 ο
821 1164 909 1200 puella
928 1165 1094 1192 innocentis-

1180 1165 1271 1197 Φωτός
1305 1174 1352 1192 σου
1381 1165 1443 1197 ταῖς
1467 1166 1623 1200 ἀστραπαῖς
1648 1164 1833 1198 καταύγασον,
1865 1164 1936 1198 κόρη

303 1209 374 1237 sima
391 1210 460 1245 (59).
477 1217 524 1237 cor
541 1218 644 1244 meum,
658 1211 731 1246 quod
749 1211 776 1238 in
796 1214 875 1238 nocte
889 1211 1048 1246 passionum
1068 1214 1094 1237 et

1146 1211 1318 1247 πανάμωμε,
1342 1211 1392 1247 τὴν
1417 1212 1446 1238 ὲν
1484 1211 1563 1238 νυκτὶ
1590 1211 1685 1238 παθῶν
1711 1211 1759 1238 καὶ
1787 1210 1938 1245 συμφορῶν

303 1255 489 1283 calamitatum
521 1255 678 1290 detinetur;
702 1261 730 1284 tu
761 1256 834 1284 enim
863 1257 978 1291 justitim
1002 1256 1093 1284 Solem

1146 1258 1326 1292 συσχεθεῖσαν
1337 1258 1453 1293 καρδίαν
1473 1266 1535 1293 μου,
1547 1257 1720 1292 δικαιοσύνης
1743 1257 1823 1293 ἥλιον
1851 1256 1941 1284 πᾶσιν

303 1301 431 1329 omnibus
443 1301 618 1330 ineﬂ'abiliter
635 1303 700 1330 oriri
716 1303 816 1330 fecisti.

1146 1303 1275 1339 ἀρρήτως
1289 1304 1465 1331 ἀνατείλασα.

338 1347 546 1383 Redemptorem
562 1349 703 1384 peperisti,
721 1356 738 1376 ο
765 1348 907 1382 inviolata,
926 1347 974 1383 qui
992 1349 1026 1376 ab
1047 1349 1094 1376 lio-

1189 1349 1335 1385 Ῥυόμενον
1350 1351 1415 1382 τοὺς
1428 1350 1542 1386 βροτοὺς
1555 1349 1745 1385 αἰχμαλωσίας
1759 1349 1806 1376 τοῦ
1822 1348 1938 1384 ἐχθροῦ,

303 1394 354 1422 stis
377 1394 534 1429 captivitate
559 1395 685 1422 homines
709 1394 856 1422 liberavit:
883 1394 955 1422 unde
979 1399 1005 1422 te
1032 1394 1094 1421 reli-

1146 1393 1277 1429 ᾶχραντε,
1292 1394 1338 1420 τὸν
1360 1394 1500 1430 λυτρωτὴν
1517 1395 1650 1427 τέτοκαςο
1671 1394 1733 1421 ὅθεν
1758 1393 1878 1426 εὐσεϐῶς
1907 1401 1939 1420 σε

303 1440 380 1475 giose
393 1441 588 1475 gloriﬁcamus.

1146 1440 1304 1475 δοξάζομεν.

339 1485 414 1514 Talis
437 1482 600 1514 conservata
625 1494 658 1527 les
685 1490 747 1521 post
778 1491 898 1521 partum.
925 1487 1016 1522 qualis
1033 1491 1094 1514 ante

1182 1486 1260 1513 Μετὰ
1276 1486 1356 1513 τόκον
1374 1486 1412 1518 ὡς
1424 1486 1478 1522 πρὸ
1494 1480 1574 1513 τόκου
1590 1486 1783 1522 διεφυλάχθης,
1799 1487 1940 1522 Παρθενο-

305 1537 414 1566 partum
430 1531 533 1564 fueras,
561 1531 644 1566 Virgo
673 1535 759 1558 mater
787 1531 956 1566 incorrupta.
988 1531 1094 1559 Etenim

1148 1533 1235 1567 μῆτορ
1260 1531 1363 1567 ἆφθορε
1376 1540 1383 1547 ·
1405 1531 1451 1558 τὸν
1478 1532 1651 1567 Δημιουργὸν
1675 1532 1730 1567 γὰρ
1746 1532 1855 1559 πάντων
1868 1533 1941 1559 ἀπε-

304 1576 430 1603 omnium
449 1576 626 1604 Conditorem
640 1575 780 1610 peperisti,
793 1576 839 1610 qui
856 1583 888 1603 ex
905 1580 930 1603 te
945 1576 1094 1603 humanum

1148 1577 1252 1613 κύησας
1266 1578 1299 1604 ὲκ
1321 1576 1379 1611 σοῦ,
1396 1577 1427 1604 τὸ
1443 1577 1617 1613 ἀνθρώπινον
1634 1578 1713 1612 σῶμα
1733 1578 1862 1610 ἑκουσίως
1886 1586 1939 1612 φο-

304 1629 406 1656 corpus
420 1621 574 1649 voluntarie
592 1621 724 1655 suscepit.

1146 1623 1273 1659 ρέσαντα.

340 1667 538 1695 Divinissimus
551 1667 597 1694 ille
610 1666 753 1700 Dominus,
767 1666 814 1701 qui
828 1671 886 1694 erat
898 1666 926 1694 in
935 1666 1022 1694 forma
1035 1666 1092 1700 Dei,

1185 1667 1330 1704 Ύπάρχων
1345 1667 1375 1694 ἐν
1396 1669 1486 1704 μορφῇ
1500 1667 1548 1695 τοῦ
1572 1667 1640 1694 Θεοῦ
1663 1668 1677 1694 ὁ
1699 1666 1834 1703 ὑπέρϐιος
1854 1667 1940 1703 ἐσκή-

307 1713 439 1740 liabitavit
452 1713 479 1740 in
494 1718 587 1740 ventre
604 1717 663 1745 tuo,
682 1720 699 1740 ο
715 1713 873 1748 purissima,
898 1713 1049 1749 suscipiens
1063 1721 1094 1742 ac

1146 1720 1230 1739 νωσεν
1261 1714 1289 1739 ὲν
1306 1712 1407 1748 γαστρί
1425 1720 1484 1745 σου,
1508 1713 1557 1747 τὴν
1581 1712 1690 1748 μορφήν
1713 1720 1763 1747 μου
1781 1711 1902 1747 φορέσας
1922 1713 1938 1738 ό

306 1763 415 1794 gestans
427 1758 543 1786 formam
556 1766 656 1786 meam.

343 1804 463 1832 Sanctus
479 1810 521 1833 est
534 1805 578 1833 ille
592 1806 736 1838 Dominus,
751 1805 798 1841 qui
818 1805 845 1833 in
861 1809 940 1833 utero
956 1810 1003 1833 tuo
1017 1805 1095 1834 habi-

307 1851 385 1882 tavit,
399 1859 415 1878 ο
431 1850 514 1887 Virgo
534 1852 643 1886 puella;
666 1857 694 1880 et
721 1852 873 1887 requiescit
887 1852 915 1879 in
931 1852 1045 1885 sanctis,
1069 1857 1097 1880 et

306 1895 440 1931 glorilicat
451 1903 498 1923 eos
515 1896 561 1930 qui
580 1896 669 1930 ipsum
694 1904 759 1923 vera
774 1903 836 1924 cum
863 1896 915 1923 ﬁde
930 1895 1094 1932 gloriﬁéant.

343 1942 382 1969 Ex
404 1941 534 1977 virgineis
569 1942 749 1977 sanguinibus
778 1942 832 1970 tuis
857 1943 1029 1970 incarnatum
1056 1947 1098 1971 est

310 1987 427 2016 Verbum
439 1987 494 2024 94
509 1993 675 2017 εοιειθηιυω
691 1988 775 2022 Patri,
796 1993 826 2017 ut
840 1989 1032 2017 contritionem
1048 1997 1098 2017 no-

308 2038 393 2061 stram
409 2038 586 2062 restauraret.
602 2033 749 2062 Benedicta
772 2043 803 2062 es
821 2039 848 2062 tu
875 2035 902 2063 in
923 2035 1096 2068 mulieribus,

308 2086 325 2106 ο
341 2078 455 2106 Domina
470 2079 724 2107 iutemeratissima.

343 2124 484 2160 Tanquam
501 2126 586 2154 Mater
605 2126 743 2155 Creatoris
757 2127 892 2160 omnium,
908 2131 1035 2163 tanquam
1054 2127 1098 2155 di-

307 2171 401 2199 vinum
414 2173 545 2208 templum
566 2173 778 2208 Omnipotentis,
799 2178 930 2209 tanquam
951 2178 1023 2201 terra
1038 2174 1098 2201 ina-

308 2223 377 2252 rata,
402 2226 461 2254 quae
484 2219 590 2254 spicam
621 2219 735 2247 culturae
757 2224 895 2254 expertem
922 2220 1095 2254 germinavit,

308 2265 399 2292 salvos
410 2263 464 2297 l‘ac,
480 2272 497 2292 ο
511 2264 595 2300 Virgo
610 2264 706 2297 Mater,
721 2272 779 2299 eos,
793 2265 840 2301 qui
851 2266 961 2294 assidue
970 2273 1031 2294 cum
1043 2265 1096 2294 ﬁde

309 2312 430 2340 clamant
447 2320 455 2338 :
471 2310 636 2344 Benedicite,
654 2311 747 2339 omnia
762 2314 918 2347 opera,'etc.

344 2357 404 2385 Lux
419 2357 499 2385 nobis
512 2362 605 2385 exorta
619 2361 672 2391 est,
683 2365 700 2385 ο
719 2358 819 2392 puella,
832 2365 865 2385 ex
881 2357 996 2386 lucifero
1017 2363 1096 2386 utero

309 2408 368 2437 tuo,
384 2402 513 2431 conditor
528 2404 605 2436 solis,
626 2408 654 2431 et
668 2404 818 2435 stellarum,
830 2407 858 2431 et
872 2403 1005 2432 universa
1019 2410 1097 2431 crea-

310 2455 377 2477 turae
393 2458 399 2475 :
417 2457 498 2484 quem
520 2449 600 2477 enixe
616 2456 729 2484 precare
746 2454 776 2477 ut
791 2456 850 2481 eos,
873 2449 919 2483 qui
949 2453 975 2476 te
992 2449 1097 2477 collau-

309 2495 385 2527 danl,
401 2495 547 2523 illuminet.

1146 1756 1259 1792 Κύριος,
1272 1757 1438 1792 πανάμωμε.

1184 1802 1281 1836 Ἄγιος
1304 1803 1318 1828 6
1334 1802 1479 1837 σκηνώσας
1496 1802 1525 1828 ὲν
1548 1801 1641 1837 μήτρᾳ
1663 1809 1712 1828 σου
1740 1800 1843 1836 Κύριος
1862 1800 1877 1827 6
1906 1799 1939 1827 ιν

1146 1847 1254 1882 ἁγίοις,
1287 1847 1423 1883 Παρθένε,
1453 1847 1711 1883 ἐπαναπαυόμενος,
1738 1847 1786 1874 καὶ
1815 1845 1940 1879 δοξάζων

1146 1895 1209 1927 τοὺς
1224 1895 1314 1922 πίστει
1330 1894 1427 1929 ἀληθεῖ
1438 1893 1545 1926 τοῦτον,
1564 1895 1643 1931 κόρη,
1656 1894 1833 1927 δοξάζοντας.

1185 1941 1325 1975 Αίμάτων,
1351 1941 1431 1977 κόρη,
1458 1941 1633 1976 παρθενικῶν
1661 1950 1707 1968 σου
1736 1941 1939 1976 σεσάρκωταιᾱ

1148 1986 1245 2020 Λόγος,
1258 1986 1272 2012 ό
1284 1986 1373 2021 Πατρὶ
1387 1986 1554 2022 συνάναρχος
1568 1987 1617 2022 τὴν
1637 1987 1703 2022 ἡμῖν
1720 1987 1865 2021 συντριὸὴν
1887 1988 1940 2013 ἑπ-

1148 2032 1365 2068 ανορθούμενος”
1380 2033 1551 2069 εὐλογημένη
1567 2033 1599 2060 σὺ
1615 2034 1644 2059 ἐν
1657 2033 1779 2068 γυναιξὶν
1790 2032 1938 2068 ὑπάρχεις,

1149 2079 1306 2114 πανάμωμε
1327 2079 1470 2106 Δέσποινα.

1190 2125 1233 2157 Ὧς
1247 2125 1348 2161 Μήτηρ
1361 2125 1408 2152 τοῦ
1421 2126 1531 2153 πάντων
1547 2125 1675 2160 Ποιητοῦ,
1688 2125 1726 2157 ὡς
1739 2124 1811 2152 θεῖον
1825 2124 1940 2160 τέμενος

1149 2171 1197 2198 τοῦ
1221 2171 1456 2207 Παντοκράτορος,
1478 2171 1516 2203 ὡς
1531 2171 1567 2206 γῆ
1587 2172 1717 2207 ἀνήροτος
1733 2171 1854 2206 ἄσταχυν
1869 2171 1939 2204 ἀγε-

1150 2217 1276 2253 ώργητον
1301 2217 1487 2253 βλαστήσασα,
1506 2217 1730 2253 Παρθενομῆτορ,
1751 2218 1814 2248 τοὺς
1830 2217 1938 2248 πιστῶς

1113 2250 1136 2278 Ῑ)
1149 2250 1203 2291 ἀεὶ⁷
1219 2250 1441 2300 κραυσίάζοντας·
1464 2250 1619 2300 Εὐλογεῖτε,
1631 2250 1723 2292 πάντα
1736 2264 1771 2290 τὰ
1787 2263 1868 2299 ἔργα,
1891 2263 1939 2289 τὶν

1149 2312 1264 2348 Κύριον.

1183 2358 1245 2390 Φῶς
1256 2359 1323 2394 ἡμῖν
1347 2357 1478 2391 ἀνέτειλε,
1494 2358 1575 2394 κόρη,
1598 2358 1629 2384 ἐκ
1645 2357 1803 2392 φωτοφόρου
1821 2364 1868 2382 σου
1889 2364 1939 2389 νη-

1147 2403 1220 2437 δύος,
1235 2404 1249 2430 ὁ
1265 2403 1437 2440 Δημιουργδς
1452 2403 1499 2430 τοῦ
1514 2405 1602 2439 ἠλῖου,
1616 2404 1728 2430 καὶτῶν
1740 2402 1872 2438 ἀστέρων,
1890 2401 1939 2428 καὶ

1151 2450 1243 2486 πάσης
1262 2450 1390 2483 κτίσεως,
1407 2450 1437 2477 ὃν
1462 2450 1578 2482 ἐκτενῶς
1605 2449 1711 2477 ἱκέτευε
1732 2448 1937 2484 φωταγωγῆσαι

1149 2496 1213 2528 τοὺς
1231 2495 1383 2532 ὑμνοῦντάς
1401 2504 1443 2524 σε.

598 2554 641 2581 Ex
661 2562 759 2582 canone
783 2555 810 2582 in
838 2553 890 2582 SS.
906 2559 931 2582 et
949 2555 1120 2584 admirabiles
1136 2556 1243 2582 Dimum
1258 2561 1283 2583 et
1305 2555 1472 2588 Prolianum,
1490 2555 1532 2583 die
1552 2556 1585 2582 12
1600 2554 1678 2590 (59‘).

344 2612 443 2641 Totum
467 2613 588 2648 seipsum
602 2612 717 2641 Creator
729 2613 901 2646 exinaniens,
916 2613 1096 2648 quemadmo-

346 2691 402 2728 (59)
421 2692 461 2728 An
477 2692 624 2724 insontem.
636 2692 677 2719 vel
693 2691 865 2728 innocentem
882 2691 1018 2727 appellare
1038 2698 1101 2725 pos-

311 2727 406 2757 sumus
426 2727 576 2760 hominem,
589 2727 636 2761 qui
647 2727 772 2762 quamvis
788 2727 874 2754 multo
888 2732 1010 2761 tempore
1026 2731 1100 2753 recte

309 2763 417 2794 vixerit.
440 2763 587 2798 aliquando
613 2763 690 2798 inter,
708 2767 812 2795 sontes,
827 2767 955 2798 nocentes
969 2762 1020 2798 _vel
1037 2769 1098 2788 reos

310 2803 470 2825 numeratus
487 2796 549 2825 est?
569 2797 711 2831 Quomodo
738 2805 802 2832 ergo
827 2797 857 2824 Β.
870 2796 951 2830 Virgo
969 2796 1099 2832 innocen-

310 2835 427 2865 tissitna,
443 2834 465 2860 si
478 2833 638 2860 innocentia:
657 2832 797 2867 originalis
819 2832 998 2867 praerogativa
1016 2832 1053 2858 illi
1071 2831 1096 2857 in

310 2874 444 2903 conceptu
465 2867 572 2903 defuit?
604 2868 706 2895 Favere
736 2868 844 2903 videtur
866 2872 1001 2903 perpetuae
1021 2867 1099 2893 inno-

311 2903 408 2931 centia:
417 2902 446 2931 Β.
464 2902 581 2938 Virginis
594 2904 628 2931 ab
643 2903 767 2939 originali
782 2902 903 2931 Ecclesia
918 2902 1023 2934 Graeca,
1033 2903 1096 2928 dum

1149 2614 1214 2641 dum
1233 2613 1286 2641 sibi
1302 2612 1479 2648 complacuit,
1497 2621 1529 2640 ex
1551 2617 1628 2640 utero
1651 2616 1698 2639 tuo
1712 2610 1848 2647 processit
1867 2610 1938 2637 ami-

1154 2691 1181 2718 in
1197 2690 1392 2726 Exsequiarum
1414 2689 1507 2718 Ollicio
1528 2690 1613 2718 eidem
1648 2689 1678 2717 Β,
1699 2689 1799 2725 Virgini
1817 2690 1937 2717 occinil:

1155 2726 1216 2753 Non
1241 2732 1278 2752 est
1299 2731 1393 2759 prwler
1412 2731 1436 2752 te
1457 2727 1578 2752 innocens
1598 2726 1738 2760 quispiam,
1765 2726 1938 2751 immaculata

1157 2761 1203 2787 Dei
1217 2760 1349 2787 Genitrix.
1366 2760 1419 2788 Nec
1435 2769 1488 2788 non
1507 2760 1535 2787 S.
1550 2761 1703 2788 Bernartius
1717 2768 1800 2788 serm.
1814 2761 1841 2787 in
1858 2760 1940 2787 Strer

1152 2795 1261 2831 Regina,
1282 2796 1346 2822 dum
1372 2796 1415 2823 Itis
1442 2796 1531 2823 verbis
1557 2795 1584 2831 Β]
1609 2794 1743 2831 Virginem
1772 2796 1938 2831 alloquitur:

1155 2830 1280 2857 Innocens
1297 2831 1372 2865 fuisti
1395 2831 1427 2857 ab
1446 2830 1620 2865 originalibus
1638 2836 1662 2864 ε]
1685 2830 1845 2863 naualibus,
1863 2838 1940 2858 neruo

1152 2867 1189 2892 ita
1203 2870 1297 2900 pra-ter
1313 2865 1358 2898 Te,
1374 2865 1498 2895 Domina.

1189 2902 1255 2938 (59')
1275 2900 1368 2928 Graeca
1389 2900 1578 2930 desiderantur
1594 2901 1620 2928 in
1637 2901 1715 2929 libris
1729 2900 1883 2936 impressis.
