2069 3159
198 169 313 203 1097’

913 180 1096 211 MARIALE.

1753 185 1823 220 1098

193 229 254 256 cun
282 233 375 276 carne,
390 233 420 276 ὀ
451 227 707 276 immaculatissima
729 233 860 269 Domina;
887 241 914 263 ut
932 237 984 264 im-
1000 251 1021 276 Α
1071 237 1093 266 0
1110 238 1192 274 Virgo
1213 243 1299 273 casta,
1317 240 1447 275 nuptialis
1461 241 1573 270 thalami
1588 243 1692 276 nescia,
1705 244 1823 272 assiduis

194 271 371 301 mortalitatis
387 272 489 301 fontem
505 275 663 305 hominibus
678 278 867 313 copiosissimo
880 281 982 310 faceret
1000 271 1021 276 ﬂ
1034 271 1172 321 precibus,
1189 293 1272 314 exora
1288 271 1440 320 Christum,
1462 295 1544 323 quem
1573 271 1691 325 genuisti
1715 295 1745 318 ut
1764 291 1823 319 ani-

192 324 331 345 emanare.

227 363 384 391 Laudamus
395 368 431 396 te.
450 365 533 401 Virgo
545 368 732 403 sanctissima,
755 371 885 406 quoniam
903 373 980 400 illum

191 408 307 444 genuisti
324 408 372 444 qui
390 409 425 437 ab
448 411 576 440 omnibus
601 415 735 445 creaturis
753 417 865 445 assidue
878 418 981 453 gloriﬁ-

191 459 279 481 ωιιπ.

171 517 173 522 .
226 497 354 527 Thronus
368 499 427 533 Dei,
440 508 457 528 ο
470 502 627 536 purissima,
643 504 717 533 facta
730 513 771 539 es,
786 511 814 535 et
828 507 982 543 praeclaris-

190 544 290 572 simum
305 546 447 587 palatium,
465 555 497 576 ac
511 548 637 583 lectulus,
655 551 683 578 in
697 559 753 588 quo
765 553 900 584 Dominus
916 563 979 583 om-

190 591 266 618 nium
279 591 429 621 reclinatus
446 599 500 628 est,
516 599 544 623 ut
560 597 682 631 primum
706 605 848 634 parentem
873 601 978 630 excita-

189 641 231 664 ret
246 645 278 664 ac
292 638 434 667 relevaret.

225 682 386 719 Promptum
407 694 441 714 ac
470 693 595 722 paratum
625 690 781 724 auxilium,
813 700 910 722 eorum
931 695 978 730 qui

189 729 301 762 cadunt.
321 731 497 766 erectionetn,
535 734 648 763 Matrem
675 737 721 764 Dei
745 738 842 771 nostri,
870 729 978 775 hymnis

187 774 352 808 perennibus
367 777 585 812 magnilicemus.

224 819 263 848 Ex
279 827 358 849 utero
375 828 489 857 paterno
515 830 577 852 ante
593 826 739 856 luciferum
759 835 872 858 exortus
895 838 974 858 coru-

188 867 282 898 scasti.
297 867 344 902 qui
367 873 475 896 uterum
502 870 799 908 immaculatissimum,
818 881 847 903 ut
873 884 974 912 corpus

188 920 357 948 assumens,
375 914 520 951 ingressus
535 917 623 946 fuisti.

193 981 242 1010 Ἕκ
260 983 314 1011 τοῦ
330 985 467 1026 Κανόνρς
480 987 532 1026 ἐις
546 987 600 1026 τὼς
618 988 705 1026 «irier
716 992 878 1026 VMaptt'rov
891 992 977 1019 πάπα

437 1020 560 1057 Ῥώμης.
579 1020 674 1059 nam
687 1025 732 1060 ιγ’-

226 1074 257 1102 '0
272 1076 344 1104 κατὰ
358 1076 438 1111 φύσιν
454 1077 504 1114 τὴν
528 1079 605 1107 θείαν
625 1081 743 1117 ἀόρατος
759 1083 854 1120 ὡράθη
877 1085 977 1121 βρέφος

185 1121 219 1148 ὲκ
249 1121 296 1149 σοῦ
322 1122 467 1159 ἄνθρωπος
487 1125 652 1162 γινόμενος,
676 1128 774 1161 διπλὰς
800 1131 839 1163 ὡς
867 1132 977 1167 ἀληθῶς

186 1167 311 1214 Delirat;
325 1170 467 1205 ἐνεργείας
479 1180 509 1198 τε
521 1173 688 1208 προσφαίνον
700 1174 850 1203 ὑποστάσει
865 1178 894 1204 ιν
905 1179 955 1214 μιᾷ
967 1185 975 1193 ·

185 1210 208 1248 ᾦ
227 1215 373 1250 πρέσϐευε,
388 1217 556 1254 πανάμωμε,
571 1219 660 1247 πάντα
676 1220 750 1256 ἡμᾶς
763 1210 976 1257 σώζεσθαι-τούς

185 1260 263 1297 πόθῳ
279 1270 308 1288 σε
323 1263 516 1299 γεραίροντας.

221 1307 311 1344 Πατρὶ
337 1309 384 1338 τὸν
412 1310 544 1348 ὁμότιμον
558 1313 607 1340 καὶ
630 1314 775 1351 σύνθρονον
794 1315 866 1352 ὑπὲρ
889 1317 975 1352 Λόγον

185 1353 345 1391 ἐγέννησας,
357 1356 500 1393 ἑνιργεὶας
511 1358 558 1385 δύο
573 1360 692 1397 φέροντα
706 1362 755 1388 καὶ
768 1361 815 1389 δύο
827 1362 875 1395 τὰς
896 1362 975 1400 θελή-

186 1407 255 1432 σεις.
269 1401 391 1436 παναγια
409 1403 498 1440 Κόρη.

226 1446 272 1492 Ἐν
295 1446 343 1474 δύο
375 1448 481 1482 οὐσίαις
501 1451 674 1487 ,θεανδριιιῶς
699 1455 899 1492 γνωριζόμενον
923 1455 974 1492 τῆς

185 1490 301 1536 Τριάδος
321 1492 368 1519 τὸν
385 1492 435 1520 ἕνα
451 1493 572 1530 ὲκύησας
583 1496 650 1524 Θεὸν
662 1498 731 1533 όμοῦ
753 1500 799 1526 καὶ
818 1490 972 1536 ἄνθρωπον,

185 1534 313 1570 θελήσεις
328 1537 446 1573 φόροντα
466 1540 645 1576 καταλλήλως
659 1543 714 1570 τῶν
737 1543 835 1572 τούτου
851 1534 970 1580 φύσιων,

185 1581 310 1617 Παρθὲνε
325 1584 499 1620 πανάμωμι.

1034 331 1131 359 mahus
1149 331 1252 360 nostris
1262 339 1323 360 sese
1335 333 1482 368 propitium
1503 334 1645 369 largiatur.

1067 388 1156 416 Divini
1173 389 1316 426 sanguinis
1328 391 1488 425 aspersione
1499 391 1642 427 redempti,
1658 392 1704 420 Dei
1722 395 1821 428 nostri,

1031 436 1077 470 qui
1094 435 1148 472 95
1171 444 1204 464 ex
1219 441 1296 465 utero
1311 442 1368 470 tuo.
1383 446 1399 466 ο
1414 438 1507 474 Virgo,
1531 440 1592 468 sine
1615 441 1720 469 semine
1742 447 1821 470 natus

1031 486 1082 514 cst,
1116 482 1151 510 ad
1172 487 1198 510 te
1223 483 1375 511 clamamus
1399 492 1461 512 cum
1475 485 1602 514 Galiriele
1630 487 1787 515 venerando
1811 497 1820 516 :

1030 528 1098 560 Ave,
1111 536 1128 556 ο
1141 528 1234 557 divina
1248 529 1334 564 gratia
1351 530 1522 565 plenissima.

1066 585 1155 621 Supra
1170 586 1284 615 rationis
1303 592 1414 622 captum
1430 587 1549 616 Verbum
1559 590 1709 626 concepisti
1733 596 1760 620 et
1773 599 1821 627 pe-

1031 631 1136 666 peristi,
1160 636 1188 660 et
1210 631 1294 667 Virgo
1311 638 1387 660 casta
1419 638 1503 669 atque
1521 634 1681 671 incorrupta
1712 637 1789 666 fuisti
1811 647 1819 666 :

1030 676 1091 704 ideo
1106 681 1132 705 te
1151 684 1201 712 pro
1217 677 1310 706 debito
1325 678 1446 706 assiduis
1458 676 1586 708 laudibus
1598 681 1783 711 celebramus.

1064 731 1165 768 Fulgor
1180 733 1312 761 radiantis
1342 733 1412 763 lucis
1428 742 1461 762 ex
1490 739 1516 763 te
1539 738 1705 770 coruscavit,
1722 745 1739 765 ο
1755 738 1819 767 Dei-

1028 784 1105 812 para,
1131 782 1213 813 atque
1233 779 1376 807 universas
1401 787 1446 808 res
1478 785 1586 808 creatas
1599 780 1693 808 divino
1718 782 1820 819 lumine

1027 823 1149 858 replevit,
1163 829 1244 860 atque
1254 825 1403 860 impietatis
1416 830 1524 854 noctem
1536 827 1688 856 eliminavit
1699 838 1706 856 :
1718 837 1817 864 quam-

1027 869 1120 897 obrem
1137 874 1163 898 te
1176 870 1288 899 vocibus
1304 871 1487 900 concordibus
1501 873 1719 907 magnidcamus.

1064 992 1108 1019 Ea:
1121 992 1228 1020 Conone
1239 994 1266 1021 in
1283 993 1312 1021 S.
1332 994 1479 1023 Martinam
1494 996 1553 1024 PP.
1572 1002 1597 1024 et
1616 997 1668 1031 IL,
1682 999 1723 1026 die
1739 999 1781 1027 i5.

1063 1081 1119 1114 Ille,
1131 1082 1178 1118 qui
1189 1083 1340 1111 secundum
1353 1084 1472 1113 divinam
1490 1090 1617 1115 naturam
1634 1093 1677 1116 est
1693 1089 1816 1118 invisibi-

1027 1128 1072 1161 lis,
1091 1128 1167 1157 visus
1183 1133 1225 1157 est
1243 1130 1347 1162 infans,
1369 1138 1403 1159 ex
1420 1136 1447 1160 te
1462 1132 1550 1161 iactus
1563 1134 1655 1168 homo,
1669 1135 1775 1164 habens
1789 1137 1815 1163 in

1027 1173 1107 1202 unica
1123 1174 1261 1210 hypostasi
1285 1183 1348 1203 vere
1367 1176 1437 1204 duas
1459 1178 1613 1207 voluntates
1631 1185 1659 1208 et
1679 1182 1817 1216 operatio-

1026 1227 1085 1247 nes.
1103 1218 1182 1248 Hunc
1197 1225 1237 1253 tu,
1254 1228 1271 1248 ο
1296 1221 1457 1256 purissima,
1484 1223 1634 1259 deprecare
1658 1234 1707 1261 pro
1728 1229 1816 1255 salute

1025 1265 1149 1292 omnium
1170 1265 1217 1300 qui
1232 1270 1258 1294 te
1274 1274 1337 1294 cum
1353 1267 1451 1295 aﬂectu
1469 1275 1645 1298 venerantur.
1826 1301 1829 1304 ,

1061 1309 1206 1346 Ειιυοιεηι
1232 1311 1306 1340 Patri
1328 1312 1358 1341 in
1386 1313 1492 1342 honore
1513 1322 1546 1343 ac
1571 1316 1670 1345 throno
1685 1317 1813 1348 ineﬂahill

1025 1356 1108 1384 modo
1126 1358 1273 1393 generasti,
1290 1366 1307 1386 ο
1321 1359 1495 1388 sanctissima
1517 1362 1617 1395 puella,
1631 1363 1700 1391 duas
1714 1365 1814 1393 volun-

1026 1407 1094 1430 Iates
1107 1410 1139 1430 ac
1154 1403 1224 1431 duas
1236 1405 1410 1439 operationes
1427 1406 1585 1434 habentem.

1060 1448 1088 1476 In
1102 1449 1209 1478 duabus
1221 1451 1384 1480 substantiis
1406 1452 1498 1481 divina
1510 1459 1538 1481 et
1552 1454 1671 1483 humana
1689 1456 1814 1484 uotiﬁca-

1024 1498 1083 1523 tum
1099 1503 1184 1524 unum
1198 1497 1340 1525 Trinitatis
1355 1499 1498 1533 peperisti,
1512 1508 1530 1527 ο
1544 1500 1627 1536 Virgo
1644 1505 1699 1529 tota
1717 1502 1814 1530 imma-

1023 1541 1126 1574 culata,
1155 1542 1240 1571 Deum
1264 1543 1347 1572 simul
1366 1549 1393 1573 et
1412 1545 1560 1578 hominem,
1580 1547 1724 1575 habentem
1743 1548 1815 1576 duas

1023 1588 1177 1616 voluntates
1188 1589 1267 1624 juxta
1284 1589 1422 1625 duplicem
1440 1591 1527 1626 ipsius
1539 1597 1678 1620 naturam.

226 1626 427 1664 ’Δπειρόγαμος
445 1630 579 1664 Παρθένε,
595 1633 611 1667 ἡ
627 1633 674 1660 τὸν
688 1634 896 1670 ἁπερῑγραπτον
907 1637 973 1665 θεὸν

1059 1634 1083 1663 ο
1096 1623 1264 1670 Virumque
1282 1623 1342 1664 sine
1354 1637 1427 1665 virili
1445 1623 1611 1666 commercio
1622 1638 1706 1666 Deum
1727 1639 1813 1668 incir-

186 1673 270 1707 σαρκὶ
294 1675 432 1709 κυήσασα,
455 1676 506 1712 τῆς
520 1679 622 1713 σαρκός
640 1688 692 1714 μου
708 1681 744 1708 τὰ
762 1681 835 1717 πάθη
853 1682 975 1710 θανάτω-

187 1727 233 1765 σον
244 1726 250 1733 ·
271 1719 384 1751 ζώωσον
395 1720 423 1748 δὲ
435 1721 484 1757 τὴν
495 1721 584 1758 ψυχήν
600 1733 652 1759 μου
662 1728 871 1764 νενεκρωμένην
883 1729 975 1765 πλημ-

185 1764 350 1801 μιλήμασιν-

219 1810 308 1846 Νόμοι
323 1811 430 1846 φύσεως
447 1813 476 1841 ιν
502 1814 544 1841 σοὶ
558 1815 754 1845 καταλύονται·
772 1820 901 1856 ἁρρἠως
918 1821 973 1857 γὰρ

184 1853 287 1888 τικτιις
308 1857 354 1884 τὸν
369 1857 559 1895 Πλαστουργδν
582 1860 638 1888 τῶν
666 1862 746 1896 ὅλων,
903 1853 972 1894 nov;

185 1899 299 1937 ύμνητε,
317 1902 354 1935 ὡς
368 1903 434 1931 Θεόν
447 1913 477 1932 τε
495 1907 542 1933 καὶ
555 1906 651 1943 βροτὸν
668 1908 717 1936 δύο
738 1909 863 1947 θελήσεις
882 1912 911 1939 δὲ
925 1921 971 1939 κε-

185 1948 322 1983 κτημένον
338 1950 385 1976 καὶ
398 1950 551 1986 ἐνεργείας,
561 1953 789 1991 Μητροπάρθενε.

225 2036 255 2064 '0
267 2037 394 2074 θελήσεσι
407 2039 454 2067 δύο
465 2041 512 2068 καὶ
524 2041 602 2070 δυσὶν
619 2045 773 2080 ἑνεργειαις
790 2046 822 2072 ὲκ
835 2046 893 2079 σοῦ,
903 2055 970 2075 παν-

188 2090 295 2118 upupa,
311 2083 419 2120 τεχθεὶς
435 2085 665 2124 ἁνιρμηνεύτως,
687 2091 750 2122 τοὺς
762 2090 833 2118 οὕτω
848 2100 971 2128 συμφρο-

182 2128 297 2163 νοῦντας
316 2131 445 2165 διασώζει
466 2133 692 2170 κραυγάζοντας·
719 2137 749 2164 '0
769 2137 824 2165 τῶν
842 2138 970 2176 πατέρων

182 2176 263 2212 ἡμῶν
274 2179 423 2216 εὐλογητὸς
435 2178 470 2214 εἴ,
484 2181 562 2214 Θιός.

223 2222 376 2260 ’Δγιωτιρα
385 2226 439 2253 τῶν
453 2226 509 2254 ἄνω
527 2228 750 2264 στρατευμάτων,
763 2230 810 2257 καὶ
829 2231 970 2268 Χερουϐὶμ

1025 1682 1270 1718 cumscriptibilem
1287 1684 1415 1718 peperisti
1440 1684 1467 1711 in
1483 1691 1577 1717 came,
1596 1685 1730 1713 mortiﬂca
1750 1695 1814 1722 pas.

1025 1727 1117 1756 siones
1133 1728 1225 1756 carnis
1245 1736 1322 1762 meae,
1349 1734 1376 1757 et
1393 1730 1514 1758 animam
1538 1738 1626 1758 meam
1650 1732 1811 1761 delictorum

1024 1778 1112 1801 morte
1128 1778 1295 1809 peremptam
1313 1778 1395 1810 atque
1411 1775 1575 1803 exstinctam
1595 1776 1712 1804 viviﬁca.

1060 1818 1169 1847 Natum
1179 1819 1253 1854 leges
1263 1819 1290 1847 in
1308 1824 1334 1847 te
1344 1820 1543 1853 dissolvuntur,
1557 1821 1730 1850 ineiiahiliter
1737 1823 1810 1850 enim

1022 1865 1181 1893 Creatorem
1206 1866 1329 1893 omnium
1343 1867 1426 1901 paris.
1444 1874 1462 1893 ο
1480 1867 1592 1902 Deipara
1608 1868 1735 1897 omnibus
1751 1869 1812 1897 lauo

1023 1911 1103 1939 dibus
1117 1911 1291 1944 celebranda,
1307 1911 1392 1939 Mater
1413 1917 1441 1940 et
1455 1912 1535 1948 Virgo
1548 1922 1555 1940 :
1569 1918 1698 1949 tanquam
1726 1915 1810 1943 Deum

1022 1962 1050 1984 et
1065 1958 1301 1990 hominemﬁduas
1323 1958 1479 1986 voluntates
1496 1959 1621 1995 duasque
1635 1961 1810 1995 operationes

1023 2003 1109 2030 haben
1114 2006 1166 2029 tem
1171 2023 1179 2030 .

1057 2049 1113 2085 96
1126 2048 1177 2082 Qui
1202 2057 1264 2076 cum
1281 2049 1382 2085 duplici
1402 2050 1553 2084 voluntate,
1573 2059 1605 2079 ac
1621 2051 1723 2087 duplici
1745 2059 1810 2087 ope-

1022 2097 1127 2123 ratione
1140 2104 1172 2123 ex
1191 2101 1217 2123 te
1239 2095 1414 2123 iueiiabiliter
1436 2101 1519 2123 natus
1536 2101 1589 2128 est,
1604 2104 1621 2124 ο
1649 2097 1807 2131 purissima,

1021 2149 1080 2175 eos,
1093 2141 1139 2176 qui
1161 2141 1213 2169 hoc
1232 2141 1304 2169 idem
1321 2142 1455 2175 sentiunt,
1471 2142 1562 2170 salvat
1575 2143 1725 2171 clamantes
1738 2151 1745 2170 :
1760 2143 1809 2171 Be-

1021 2186 1146 2214 nedictus
1161 2186 1232 2214 Deus
1245 2191 1366 2222 patrum.

1057 2230 1186 2259 Sanctior
1205 2232 1334 2267 supernis
1361 2232 1537 2266 exercitibus,
1552 2237 1579 2260 et
1596 2232 1742 2260 Cherubin]
1761 2241 1809 2260 su-

182 2267 333 2318 ὑπερτέρα,
354 2271 451 2308 Μῆτερ
471 2272 551 2306 Θεοῦ,
571 2274 778 2311 ὶχρημάτισας·
799 2275 841 2303 διὸ
863 2267 967 2314 βλάὸης

1024 2277 1129 2305 blimior
1145 2277 1216 2305 facta
1228 2285 1268 2310 es,
1286 2285 1303 2305 ο
1322 2277 1368 2305 Dei
1381 2278 1487 2306 Mater:
1506 2283 1650 2314 propterea
1669 2280 1808 2313 passioni-

181 2313 278 2341 παθῶν
295 2324 331 2350 με
343 2315 497 2353 ὑπέρτερον
512 2319 637 2355 ποίησον.

216 2360 321 2393 Φωναῖς
335 2362 465 2398 Πατὲρων
479 2364 648 2399 πειθόμενοι,
661 2365 707 2393 δύο
717 2367 746 2394 ὲν
756 2367 871 2401 οὐσίαις,
886 2368 966 2404 ἁγνὴ,

180 2407 228 2432 καὶ
243 2405 368 2443 θελήσεσι
382 2409 427 2435 τὸν
441 2409 489 2437 ἕνα
500 2412 550 2446 τῆς
569 2412 682 2447 Τριάδος
699 2413 731 2440 ἐκ
743 2413 790 2440 σοῦ
809 2414 968 2451 τικτόμενον

181 2453 285 2486 πιστῶς
310 2454 507 2492 ὁμολογοῦμεν,
539 2458 586 2485 καὶ
619 2459 660 2492 et,
682 2459 820 2495 Παρθένε,
848 2460 968 2498 μιγαλύ-

180 2506 272 2529 νου-εν.

1022 2324 1073 2351 bus
1086 2324 1177 2352 noxiis
1195 2331 1239 2352 me
1252 2325 1420 2360 superiOrem
1433 2324 1518 2353 cnice.

1057 2369 1170 2398 Patrum
1187 2369 1302 2397 vocibus
1325 2370 1495 2403 obedientes,
1514 2371 1540 2397 in
1557 2370 1664 2397 duabus
1677 2367 1806 2398 substan-

1022 2416 1067 2444 tiis
1083 2423 1115 2443 ac
1133 2415 1320 2443 voluntatibus
1333 2422 1417 2443 unum
1431 2415 1573 2444 Trinitatis
1590 2423 1623 2443 ex
1636 2421 1673 2449 te,
1685 2424 1702 2443 ο
1718 2419 1804 2448 casta,

1022 2466 1127 2495 natum,
1148 2453 1262 2488 ﬁdeliter
1276 2460 1451 2493 conﬁtemur,
1460 2465 1487 2489 et
1503 2465 1539 2494 te,
1554 2468 1570 2488 ο
1590 2460 1682 2497 Virgo,
1702 2460 1808 2496 magni-

1020 2508 1145 2535 ﬂeamus.

251 2556 295 2584 Ea:
322 2558 430 2587 Conone
444 2561 473 2587 in
492 2560 545 2589 SS.
563 2561 747 2590 Aristarchum
772 2562 878 2591 Pudam
894 2569 917 2592 et
940 2563 1112 2599 Tropliimum
1132 2573 1164 2592 ex
1183 2565 1319 2598 discipulis
1332 2566 1510 2601 septuaginta,
1527 2565 1569 2592 die
1594 2565 1627 2593 Η
1644 2564 1734 2601 (59").

217 2615 252 2644 Ut
271 2625 318 2646 eos
341 2619 388 2654 qui
405 2619 552 2648 inferiores
582 2625 661 2649 erant
686 2630 759 2650 nunc
777 2624 966 2658 superioribus

180 2663 360 2700 coniungeret
382 2664 454 2694 Deus
466 2666 502 2694 ob
522 2675 665 2696 excessum
693 2669 886 2697 misericordiae
899 2677 966 2703 sum,

180 2717 292 2738 carnem
308 2712 431 2747 suscepit
446 2720 480 2740 ex
506 2718 541 2746 te.
569 2722 586 2741 ο
611 2714 753 2747 inviolata,
773 2719 800 2742 et
817 2716 968 2750 permansit

178 2754 218 2787 id.
233 2756 305 2790 quod
319 2762 387 2789 erat,
404 2758 486 2785 etiam
503 2763 565 2794 post
581 2759 809 2789 incarnationem.

215 2801 298 2830 Lacte
315 2804 405 2832 nutris
418 2805 578 2833 nutritorcm
597 2806 690 2835 mundi
712 2807 844 2840 universi,
872 2812 966 2837 natum

217 2883 295 2920 (59")
314 2883 408 2911 Graeca
425 2884 532 2913 desunt.

341 2931 477 2962 PATROL.
497 2933 555 2963 Gn.
578 2931 641 2963 CV.

1020 2625 1079 2652 sine
1095 2625 1200 2653 semine
1223 2633 1257 2653 ex
1278 2626 1422 2661 impolluto
1447 2630 1524 2653 utero
1547 2629 1603 2657 tuo,
1618 2624 1664 2659 qui
1680 2622 1804 2651 homines

1020 2670 1197 2705 corruptione
1214 2671 1318 2706 peccati
1335 2671 1470 2699 contritas
1485 2671 1631 2705 reparavit.

1055 2716 1123 2744 Cum
1143 2717 1192 2748 sis.
1206 2725 1224 2745 0
1242 2718 1382 2750 inviolata,
1396 2718 1484 2746 virtus
1501 2724 1571 2749 mea,
1596 2720 1624 2743 et
1647 2713 1804 2750 praesidium

1021 2770 1123 2795 meum,
1144 2771 1294 2799 murusque
1317 2764 1544 2800 inexpugnabilis,
1569 2765 1597 2788 et
1621 2760 1692 2795 apud
1719 2759 1804 2787 Deum

1020 2808 1135 2844 oratrix,
1151 2810 1185 2838 ab
1200 2809 1311 2839 aeternis
1328 2811 1459 2847 gehennae
1477 2807 1592 2836 ﬂammis
1608 2806 1696 2835 libera
1710 2812 1764 2833 me.

1791 2863 1832 2885 me

1587 2928 1628 2960 35
