2069 3159
250 198 318 234 ιοθθ

812 197 843 226 S.
865 196 1019 226 JOSEPHI
1041 195 1319 226 HYMNOGRAPHI

1807 189 1876 222 110v

283 257 366 285 Sacer
380 257 443 283 olim
458 255 549 284 1saias
569 255 756 282 saeratissrme
780 262 794 280 a
821 254 914 281 divino
932 253 1034 288 Spiritu
1048 256 1074 286 Α
1086 261 1161 286 suos,
1179 258 1309 288 tanquam
1321 251 1376 287 97
1390 251 1480 279 divina
1498 250 1605 286 fulgura
1620 257 1668 286 per
1681 249 1812 277 mundum
1825 250 1876 274 mi-

244 303 415 331 illuminatus
429 302 574 330 clamavit:
589 301 657 329 Ecce
673 299 753 335 Virgo
766 300 937 327 incarnatutn
946 299 1033 326 Deum

245 350 272 377 in
287 354 364 376 utero
379 348 498 379 habebit,
519 351 631 382 propter
658 345 962 381 incompt'ehensibilem
980 345 1034 372 mi-

244 394 422 424 scricordiam
439 394 537 428 ipsius.

277 460 440 495 Peregrinus
457 464 508 492 Cal,
525 467 541 487 ο
556 460 657 496 pttella,
674 464 825 495 conceptus
846 463 928 492 tuus;
953 465 1032 494 pere-

244 508 339 542 grinus
358 507 472 533 horrore
489 507 639 534 venerabili
660 506 756 541 plenus
782 510 876 540 partus
894 509 968 536 tuus,
985 504 1031 538 qui

244 555 388 584 universos
404 561 418 580 a
440 553 494 580 Deo
517 554 675 588 peregrinos
692 551 791 584 factos,
808 552 896 580 eidem
910 551 1032 579 reconci-

244 603 303 634 liat,
322 608 354 629 ac
370 601 513 636 pristinam
529 601 762 635 pulchritudinem
780 600 944 634 impertitur.

279 667 300 694 0
317 668 404 700 beata,
421 675 453 694 ac
478 668 643 701 veneranda,
662 668 751 702 magni
776 667 885 694 consilii
901 666 1033 701 Angelum

245 723 277 741 rx
294 714 397 749 Spiritu
414 721 509 742 sancto
521 715 684 750 corporasti,
701 714 747 749 qui
764 714 869 741 divinos
887 713 1036 747 discipulos

280 784 323 811 Ea:
338 783 444 812 Cimone
455 784 482 811 in
498 784 527 811 S.
543 783 707 811 Crescentem
724 788 879 818 martyrem,
894 783 937 809 die
955 783 996 809 15.

281 873 441 903 incarnatus
455 875 497 899 est
513 876 623 906 propter
643 878 786 898 excessum
805 869 983 904 benignitatis
1002 876 1033 895 ex

247 924 274 945 te
289 919 420 945 Dominus
433 939 439 950 ,
455 922 482 944 et
499 922 608 952 propter
624 924 672 944 nos
686 916 784 944 similis
796 915 875 942 nobis
891 914 1034 949 apparuit,

246 965 293 999 qui
310 968 406 990 natura
426 968 484 990 erat
502 962 712 993 inaccessibilis,
728 968 809 996 quem
825 959 905 987 enixe
924 966 1037 994 precare

247 1017 296 1045 pro
315 1010 404 1041 nobis,
418 1016 436 1036 ο
451 1008 532 1043 Virgo
548 1008 706 1042 purissima.

283 1056 368 1087 illaut,
383 1062 444 1089 qua:
457 1055 514 1081 sola
531 1055 603 1080 inter
614 1053 741 1080 mulieres
754 1052 835 1080 modo
849 1050 1037 1085 inexplicabili

248 1101 332 1128 υε-ιιτη
352 1100 475 1135 peperit,
502 1099 623 1127 universi
646 1099 788 1126 Dominam
811 1098 898 1125 sacris
925 1096 1038 1124 vocibus

248 1147 426 1173 honoremus.

284 1193 397 1219 Domina
411 1193 454 1218 illa
464 1191 628 1220 castissima.
641 1197 701 1225 qua
713 1193 901 1217 creaturarum
913 1190 1038 1215 omnium

248 1238 422 1265 Conditorem
439 1236 684 1272 supernatnraliter
701 1236 782 1263 enixa
806 1240 858 1266 est,
883 1234 918 1262 ob
937 1235 1038 1262 beneﬂ-

247 1283 320 1310 eium
337 1282 438 1318 proprii
454 1282 608 1316 plasmatis,
626 1280 761 1316 condigne
776 1279 958 1307 beatillcatur.

284 1328 445 1356 Laudamus
457 1332 494 1360 te,
514 1335 531 1354 ο
548 1326 662 1361 Delpara
679 1325 754 1353 omni
771 1325 850 1352 laude
865 1325 1037 1360 dignissima,

247 1382 296 1411 per
321 1381 404 1408 quam
422 1381 437 1400 a
462 1373 638 1407 corruptione
661 1371 769 1398 liberati
791 1378 904 1403 sumus,
923 1374 950 1397 et
965 1370 998 1397 ad
1013 1374 1040 1397 te

246 1421 398 1448 clamamus
412 1428 418 1446 :
432 1418 500 1452 Ave,
516 1422 668 1452 martyrum
687 1416 844 1444 exsultatio.

285 1465 427 1500 Tanquam
454 1463 629 1500 igniformem
651 1463 780 1490 thronum
799 1461 906 1489 Domini
930 1461 1039 1488 univer-

247 1518 340 1538 sorum
355 1510 498 1537 laudamus
511 1513 546 1540 te.
564 1515 581 1536 o
593 1507 687 1535 Puella
700 1507 849 1541 inviolataf,
866 1511 893 1534 et
908 1511 1038 1541 tanquam

244 1557 397 1592 jucundum
411 1555 552 1590 palatium,
567 1558 595 1582 et
607 1554 814 1593 candelabrum,
833 1557 860 1581 et
877 1553 1038 1584 thalamum,

246 1607 274 1630 et
285 1609 406 1629 mensam
424 1601 471 1628 Del
490 1599 668 1635 reccptrieem
682 1599 864 1627 celebramus.

273 1648 412 1675 -Sanctior
426 1646 573 1674 Cherubim
599 1645 671 1673 facta
686 1653 726 1678 es,
742 1653 758 1672 o
773 1644 1037 1677 immaculatissima,

248 1693 338 1721 Verbo
358 1693 516 1727 concipiens
542 1692 659 1720 Verbum
683 1690 785 1724 Patris,
810 1691 883 1726 quod
898 1691 1039 1718 laudantes

248 1741 400 1767 clamamus
418 1748 424 1765 :
439 1738 581 1765 Benedicta
596 1745 626 1765 cs
642 1737 712 1764 ittter
726 1737 858 1764 mulieres
868 1757 875 1769 ,
891 1744 908 1764 ο
923 1736 1038 1764 Domina

248 1785 501 1813 intemeratissitna.

283 1832 341 1866 98
365 1831 387 1858 0
414 1831 594 1858 miraculum!
621 1830 766 1864 Quomodo
795 1830 878 1857 Deum
911 1829 1039 1864 peperisti

249 1878 389 1906 hominem
406 1877 520 1909 factum,
536 1885 553 1905 ο
570 1877 624 1905 Deo
644 1877 827 1904 charissima?
843 1876 982 1912 quomodo
997 1876 1039 1903 in-

249 1923 392 1951 combusta
414 1923 608 1957 perseverasti,
632 1930 695 1950 eum
722 1923 813 1958 ignem
841 1922 1039 1950 intolerabilem

249 1969 457 1997 continuisses?
473 1969 566 1996 Merito
578 1973 605 1996 te
617 1970 701 2004 gratis
713 1969 825 1997 vocibus
842 1968 1040 2004 gloriﬁcamus,

248 2023 274 2043 et
289 2016 439 2043 clamamus
458 2024 464 2042 ε
481 2015 578 2042 Omnia
596 2023 689 2048 onera,
705 2021 757 2043 etc.

284 2060 342 2089 Lux
360 2061 438 2088 nobis
457 2066 553 2088 exorta
575 2066 628 2093 est,
644 2068 660 2088 ο
676 2061 780 2094 Puella,
795 2069 829 2089 ex
844 2065 922 2088 utero
935 2065 982 2087 tuo
998 2059 1041 2086 lu-

250 2107 345 2140 cifero,
362 2107 494 2134 Conditor
522 2107 588 2134 solis
611 2113 639 2135 et
654 2108 725 2134 luna:
747 2107 873 2134 Christus
892 2107 1040 2138 Dominus,

250 2161 331 2188 quem
356 2154 478 2188 impense
505 2161 626 2188 precare,
656 2158 686 2181 ut
716 2154 823 2180 animas
838 2157 947 2180 nostras
973 2152 1042 2179 lucis

250 2207 307 2227 suae
320 2199 424 2234 fulgore
442 2199 600 2234 perlundat.

1090 299 1135 329 sit,
1157 303 1186 325 ut
1202 299 1296 325 lldeles
1310 297 1487 325 illuminaret.

1126 345 1277 372 Humanam
1305 348 1431 371 naturam
1456 343 1646 371 contristatam
1679 347 1764 370 totam
1795 348 1877 368 reno-

1088 391 1168 424 vasti,
1191 397 1206 417 ο
1228 389 1320 425 Virgo,
1347 396 1418 417 novo
1435 394 1516 424 partu
1540 394 1603 422 tuo,
1620 392 1725 416 natura:
1741 387 1846 422 legibus
1861 394 1877 414 a

1088 441 1114 464 te
1134 444 1216 471 supra
1244 440 1368 463 naturam
1395 436 1544 468 innovatis,
1572 442 1588 462 ο
1617 434 1701 470 gratia
1728 434 1806 469 plena
1835 434 1876 460 vi-

1089 483 1175 509 ventis
1188 482 1232 508 Dei
1250 481 1345 508 Mater.

1123 529 1219 556 Libera
1232 536 1273 556 me
1289 537 1302 555 a
1312 528 1420 555 ﬂamma
1436 528 1576 562 gehennae,
1589 530 1617 553 tu
1633 533 1693 561 qua:
1707 528 1878 552 meemanto—

1087 575 1226 602 lerabilem
1242 581 1326 608 supra
1338 574 1437 601 mentis
1450 576 1612 607 conceptum
1627 571 1767 607 peperisti,
1780 574 1806 597 et
1818 571 1878 597 ani-

1089 629 1161 648 mam
1173 628 1261 648 meam
1278 620 1396 648 aceende
1410 619 1549 647 desiderio
1562 622 1589 645 et
1603 610 1700 645 ail'éctu
1714 616 1878 652 cognitionis

1090 666 1163 694 illius
1177 666 1223 701 qui
1242 666 1330 700 ignem
1351 665 1426 692 venit
1448 665 1558 692 mittere
1576 665 1602 691 in
1621 669 1739 696 terram,
1755 670 1772 691 ο
1790 663 1879 700 puella

1091 713 1231 745 inviolata,
1248 713 1341 740 divina
1357 711 1443 747 gratia
1457 710 1688 739 cumulatissima.

1095 783 1145 809 Ἐκ
1168 782 1219 809 τοῦ
1235 782 1369 813 Κανόνος
1387 782 1431 813 εὶς
1459 780 1513 807 τὸν
1538 779 1626 814 ἅγιον
1649 778 1786 814 μάρτῳα
1809 778 1881 813 Κρέ-

1332 825 1455 850 σκεντα,
1474 813 1570 850 ’ἡμέρᾲ
1587 813 1625 841 ιε’.

1122 874 1278 910 Σαρκοῦται
1301 873 1437 909 ὑπερϐολῇ
1462 873 1648 908 χρηστότητος
1677 872 1712 899 ὲκ
1729 871 1777 898 σοῦ
1793 872 1807 899 ὁ
1821 871 1880 898 Κύ-

1053 939 1073 966 B
1090 928 1157 954 ριος.
1183 921 1232 946 καὶ
1256 920 1289 946 δι’
1314 920 1388 954 ἡμᾶς
1412 920 1510 954 ὁρᾶται
1536 918 1597 945 καθ’
1620 918 1694 953 ἡμᾶς
1711 917 1725 943 ὁ
1749 918 1782 952 τῇ
1800 916 1881 951 φύσει
1900 925 1902 928 '

1088 966 1245 1000 ἀπρόσιτος,
1261 965 1290 992 ὃν
1315 965 1433 997 ἐκτενῶς
1461 964 1566 991 ἱκέτευε
1598 963 1668 999 ὑπὲρ
1691 963 1781 998 ἡμῶν,
1809 962 1883 997 ἁγνὴ

1089 1011 1255 1046 πανάμωμε.

1124 1056 1179 1091 Τὴν
1203 1057 1286 1091 μόνην
1307 1056 1335 1082 ὲν
1357 1055 1483 1090 γυναιξὶν
1511 1053 1722 1090 ἀνερμηνεύτως
1749 1053 1794 1079 τὶν
1813 1052 1881 1079 Θεδν

1088 1101 1216 1134 τέξασαν,
1231 1101 1280 1136 τὴν
1295 1100 1344 1127 τοῦ
1367 1099 1468 1132 παντὸς
1485 1099 1637 1126 Δέσποιναν
1664 1096 1828 1133 ίερολογίαις
1840 1105 1881 1123 τι-

1090 1148 1127 1182 μή
1132 1154 1232 1181 σωμεν.

1131 1193 1163 1218 Ἡ
1179 1193 1224 1219 τῖιν
1245 1192 1366 1226 κτίστην
1393 1191 1521 1218 ἁπάντων
1544 1189 1598 1217 τῶν
1619 1188 1781 1224 ποιημάτων
1795 1189 1881 1222 ὓπερ-

1090 1237 1165 1272 φυῶς
1179 1238 1316 1273 κυήσασα,
1342 1238 1385 1263 ἔπ’
1401 1236 1546 1273 εὐεργεσίᾳ
1561 1236 1608 1263 τοῦ
1625 1235 1691 1262 ἰδίου
1708 1235 1877 1270 πλάσματος,

1089 1285 1105 1318 ἠ
1126 1284 1264 1317 πάναγνος
1275 1283 1409 1310 Δέσποινα
1424 1281 1601 1318 ἀξιοπρεπῶς
1617 1281 1810 1317 μακαρίζιται.

1133 1328 1290 1364 ’Υμνοῦμέν
1301 1337 1341 1360 σε,
1360 1327 1394 1355 δι’
1420 1325 1455 1364 ἧς
1482 1329 1531 1363 τῆς
1555 1327 1658 1363 φθορᾶς
1675 1326 1879 1362 ὲλυτρώθημεν,

1091 1374 1252 1409 πανὺμνητε
1266 1373 1394 1407 Scordus,
1410 1373 1458 1400 καὶ
1471 1372 1577 1409 βοῶμέν
1593 1381 1644 1400 σοι·
1660 1373 1758 1408 Χαῖρε,
1774 1372 1881 1409 μαρτύ-

1091 1428 1146 1456 ρων
1163 1419 1330 1455 ἀγαλλίαμα.
1550 1418 1555 1424 ’

1131 1466 1175 1497 Ὧς
1200 1466 1296 1501 θρόνον
1319 1465 1367 1493 τοῦ
1385 1466 1523 1493 Δεσπότου
1542 1465 1597 1492 τῶν
1618 1465 1687 1492 ὅλων
1708 1464 1881 1500 πυρίμορφον

1091 1511 1292 1547 ὑμνολογοῦμέν
1310 1520 1352 1545 σε,
1373 1512 1461 1548 Κόρη,
1478 1512 1525 1539 καὶ
1540 1511 1655 1547 τερπνὸν
1675 1511 1816 1542 παλάτιον,
1834 1510 1884 1537 καὶ

1090 1558 1210 1594 λυχνίαν,
1231 1559 1277 1586 καὶ
1292 1559 1426 1592 παστάδα,
1437 1559 1484 1586 καὶ
1500 1557 1651 1590 θεόδεκτον,
1668 1558 1798 1594 ἀχραντε,
1815 1556 1881 1592 τρά-

1050 1606 1072 1634 C
1091 1604 1186 1636 πεξαν.

1130 1650 1282 1686 Ἀγιωτὲρα
1315 1660 1369 1678 των
1397 1651 1539 1686 Χερουϐὶμ
1569 1650 1674 1686 ὤφθης,
1710 1645 1880 1684 πανάμωμε,

1092 1696 1172 1732 Λόγῳ
1187 1697 1356 1724 συλλαϐοῦσα
1367 1697 1453 1732 Λόγον
1469 1697 1515 1724 τὸν
1529 1697 1578 1723 τοῦ
1595 1696 1712 1732 Πατρδς,
1726 1696 1755 1722 ὃν
1766 1695 1881 1730 ὑμνοῦν-

1091 1752 1136 1775 τες
1149 1743 1342 1779 ἀνακράζομεν
1351 1751 1359 1758 θ
1376 1743 1552 1779 Εὐλογημένη
1564 1744 1596 1770 σὺ
1611 1744 1640 1769 ὲν
1652 1742 1776 1777 γυναιξὶν
1793 1741 1881 1776 ὖπὰρ-

1091 1798 1159 1824 χεις,
1177 1789 1332 1824 πανάμωμε
1346 1789 1491 1816 Δέσποινα.

1126 1831 1163 1860 Ὦ
1185 1833 1297 1868 θαῦμαί
1317 1833 1374 1865 πῶς
1399 1834 1512 1864 τέτοκας
1529 1832 1595 1860 Θεὸν
1616 1833 1711 1869 βροτὸν
1723 1833 1879 1868 γενόμενον,

1092 1877 1291 1913 θεοχαρίτωτες
1319 1877 1377 1909 πῶς
1395 1878 1602 1912 (immolare;
1627 1877 1749 1912 ἔμεινας,
1779 1877 1834 1912 πῦρ
1850 1876 1881 1903 τδ

1091 1923 1224 1949 ᾶστεκτον
1251 1923 1416 1958 χωρήσασα;
1445 1923 1641 1958 Χαριστηρίοις
1654 1931 1684 1949 σε
1704 1923 1804 1957 φωναῖς
1819 1921 1881 1948 ὅθεν

1091 1967 1249 2009 ᾷοξάζομεν,
1266 1968 1312 1994 καὶ
1326 1967 1432 2004 βοῶμεν
1444 1976 1451 1984 ⁸
1465 1968 1557 1995 Πάντα
1571 1969 1607 1995 τὰ
1622 1969 1701 2004 ἔργα,
1714 1977 1742 1995 κ.
1760 1977 1785 1995 τ.
1801 1967 1826 1994 λ.

1127 2058 1186 2090 Φῶς
1202 2059 1268 2094 ἡμῖν
1283 2058 1414 2091 ἀνέτειλε,
1437 2058 1529 2094 Κόρη,
1548 2058 1580 2085 ὲκ
1596 2057 1753 2094 φωτοφόρου
1768 2066 1813 2084 σου
1831 2065 1880 2091 νη-

1093 2105 1154 2137 δύος
1177 2106 1191 2132 ὁ
1214 2104 1383 2140 Δημιουργὸς
1400 2103 1447 2132 τοῦ
1467 2103 1544 2139 ἡλίόυ
1559 2104 1607 2131 καὶ
1621 2104 1671 2138 τῆς
1688 2104 1802 2139 σελήνης
1814 2103 1881 2138 Χρι-

1095 2151 1184 2183 στδςό
1210 2151 1330 2186 Κύριος·
1352 2151 1380 2177 ὃν
1399 2151 1516 2184 ἐκτενῶς
1536 2151 1652 2182 ἱκέτευε,
1678 2151 1882 2186 φωταγωγησαι

1093 2197 1142 2228 τὰς
1154 2197 1242 2232 ψυχὰς
1255 2197 1343 2232 ἡμῶν.

250 2265 293 2293 Ex
315 2266 423 2294 Canone
441 2266 468 2294 in
495 2265 559 2302 εξ.Δ
578 2265 701 2302 mulieres
727 2266 852 2300 Agnpem,
877 2264 991 2297 Ircncm,
1017 2269 1038 2292 et

1101 2264 1151 2290 Ἐκ
1168 2264 1220 2291 τοῦ
1238 2265 1372 2302 κανόνος
1386 2265 1428 2296 εὶς
1445 2263 1504 2302 τὰς.
1515 2263 1604 2302 ἁγίας
1627 2263 1771 2302 purgatae
1802 2262 1883 2299 Ἀγά-

512 2300 661 2333 Chionium,
675 2301 717 2327 die
736 2302 778 2327 lli.

285 2356 364 2384 Paris
385 2355 572 2388 inetl'abiliter,
592 2363 609 2383 ο
627 2356 754 2389 Domina,
771 2355 847 2382 illttm
864 2363 946 2390 quem
962 2355 1042 2382 Pater

250 2403 312 2430 sine
337 2401 442 2429 semine
468 2402 618 2437 generavit,
642 2407 670 2430 et
687 2402 819 2430 uberibus
838 2401 928 2429 nutris
954 2401 1041 2434 illum,

250 2448 296 2483 qui
312 2447 397 2475 nutrit
413 2447 553 2476 universa.

287 2492 393 2527 Rumpe
416 2498 589 2528 peccatorum
615 2501 739 2521 meorum
760 2493 872 2521 crudele
897 2493 1042 2528 chirogra-

250 2540 345 2574 phum,
359 2547 375 2566 ο
390 2539 517 2572 Domina,
536 2547 598 2574 qua!
613 2539 791 2567 itnmaculato
803 2543 882 2575 partu
900 2544 948 2566 tuo
972 2539 1042 2566 inie-

250 2593 342 2612 rorutn
358 2585 467 2613 vincula
483 2585 644 2613 dissolvisti.

266 2631 430 2658 ~Dominum
461 2632 651 2659 universarum
677 2636 882 2664 creaturarum,
913 2630 1040 2662 Domina,

251 2677 422 2704 incarnatttm
437 2678 565 2713 peperisti
584 2687 591 2705 :
607 2685 690 2713 quem
713 2678 873 2713 deprecare,
887 2684 904 2704 ο
924 2677 1043 2704 sanctis-

251 2722 332 2754 sima,
351 2728 381 2749 ut
393 2723 427 2750 ab
447 2725 527 2751 hoste
540 2724 701 2752 dominante
715 2724 813 2751 liberet
827 2731 890 2751 nos.

284 2768 425 2796 [mercede
439 2777 487 2804 pro
499 2778 553 2803 me,
567 2778 584 2797 ο
596 2770 700 2802 Puella,
716 2775 745 2797 ut
759 2770 887 2798 adveniat
902 2769 968 2796 mihi
981 2768 1044 2796 ﬁnis

251 2813 358 2847 bonus;
376 2821 406 2842 ut
429 2816 540 2843 titucam
566 2817 705 2844 cruciatus
727 2824 868 2852 nunquam
892 2815 1044 2848 ﬁniendos,

252 2860 299 2893 qui
317 2867 426 2888 manent
442 2871 495 2895 me,
511 2867 538 2889 et
555 2862 647 2890 salvus
661 2863 735 2889 ﬁam.

287 2905 406 2935 Tunicas
425 2909 522 2937 mortis
551 2909 676 2944 pelliceas
693 2908 827 2944 abjieiens
850 2908 936 2936 Adam
962 2916 977 2936 a
1002 2915 1042 2942 se,

1173 2306 1244 2333 πην,
1258 2299 1390 2334 Εἰρήνην
1411 2299 1461 2325 καὶ
1480 2299 1613 2331 Χιονίιιν,
1633 2299 1727 2334 ἡμέρᾳ
1755 2302 1803 2331 ις’.

1129 2355 1238 2388 Τίκτεις
1256 2356 1465 2392 ἀνερμηνεύτως
1485 2356 1515 2384 ὃν
1542 2357 1635 2391 Πατὴρ
1655 2355 1814 2393 ἀῤῥιὺστως
1829 2357 1882 2382 ὰπ-

1097 2401 1238 2437 εγέννησε,
1256 2401 1304 2428 καὶ
1332 2402 1428 2437 μαζοίς
1452 2402 1608 2438 ammte“;
1625 2401 1671 2428 ¹τὸν
1686 2401 1722 2428 τὰ
1739 2401 1886 2437 σύμπαντα

1096 2448 1240 2482 τρέφοντα,
1256 2447 1398 2475 Δέσποινα.

1139 2493 1232 2528 Ῥῆξον
1250 2493 1303 2520 τῶν
1321 2495 1499 2529 πταισμάτων
1515 2503 1564 2530 μου
1582 2493 1668 2520 δεινὸν
1690 2494 1886 2529 χειρόγραφον,

1095 2539 1239 2572 Δέσποινα,
1265 2540 1282 2575 ἡ
1297 2540 1330 2566 τὰ
1347 2539 1435 2576 δεσμὰ
1457 2540 1562 2567 λύσασα
1583 2540 1629 2567 τοῦ
1647 2539 1710 2575 ᾅδου
1726 2541 1758 2575 τῇ
1773 2540 1887 2574 ἀσπόρῳ
1901 2553 1904 2558 -

1095 2586 1189 2620 κυήσει
1208 2593 1265 2612 σου.

1131 2631 1348 2666 Σωματούμενον
1365 2631 1466 2668 Κύριον
1482 2632 1586 2664 ἔτεκες,
1601 2632 1702 2668 κυρία,
1725 2633 1817 2667 πάσης
1837 2633 1887 2667 τῆς

1094 2677 1226 2711 κτίσεως,
1241 2678 1270 2705 ὃν
1292 2679 1397 2705 ἱκέτευε
1413 2679 1547 2715 ῥωσθῆναι
1563 2680 1672 2715 ἐχθροῦ,
1688 2680 1821 2713 παναγία,
1838 2688 1886 2705 κυ-

1097 2723 1242 2758 ριεύοντος.

1132 2769 1214 2801 Τέλος
1225 2777 1271 2804 μοι
1282 2769 1401 2805 χρηστὸν
1415 2771 1625 2805 προσ-γινέσθαι,
1639 2772 1727 2807 Κόρη,
1736 2770 1884 2807 πρέσδευσ,

1095 2815 1169 2846 ὅπως
1184 2815 1259 2849 φοὸὦ
1276 2816 1327 2847 τὰς
1341 2816 1474 2851 μενούσας
1488 2825 1522 2852 με
1536 2817 1732 2853 ἁτελευτήτους
1750 2817 1885 2853 τιμωρίας

1095 2861 1142 2888 καὶ
1157 2861 1334 2897 σωθήσωμαι.

1124 2907 1303 2944 Νεχρώσεως
1316 2908 1496 2944 δερματίνους
1511 2910 1629 2945 χιτῶνας
1643 2910 1656 2936 ὁ
1676 2909 1762 2945 Ἀδὰμ
1781 2909 1884 2938 ἀποδα-
