2069 3159
208 204 276 237 1103

773 205 803 234 S.
826 204 984 234 JOSEPHI
1007 205 1084 235 llYM
1090 205 1288 236 NOGRAPHI

1772 202 1841 234 1104

204 259 365 295 ignorantia:
374 259 493 286 tenebris
504 263 664 294 occupatam
675 262 720 292 ;ut
728 258 847 286 divinam
860 264 1002 287 assecutus

1055 262 1258 296 κρατούμενον,
1281 262 1354 293 ὅπως
1381 260 1470 296 τυχὼν
1487 260 1559 287 θείου
1581 257 1723 295 φωτετμθῦ
1743 257 1842 293 ἰὰ-μι-

205 305 428 337 illustrationem,
453 305 588 340 magnalia
609 309 655 332 tua
681 305 855 338 annuntiem,
876 313 892 332 ο
916 305 998 341 Virgo

206 357 350 387 perpetua.

1053 308 1150 342 γαλεῖά
1165 316 1212 335 σου
1228 307 1418 342 καταγγέλλω,
1440 306 1629 342 ’Δειπάρθενε.

523 410 566 438 Ea;
589 411 697 439 Conone
727 412 753 438 in
777 411 807 439 S.
838 411 964 439 Acacium
989 413 1140 449 episcopum
1177 415 1316 449 Melitina’,
1335 415 1378 442 die
1396 414 1429 442 17
1445 413 1523 449 (60‘).

241 469 293 503 Tu,
306 477 367 504 quae
381 476 481 496 arcano
494 474 576 504 atque
590 469 720 497 ineﬂabili
737 469 816 497 modo
831 470 885 496 Deo
900 477 1000 504 corpus

1085 473 1185 501 Mentis
1202 481 1269 501 mea
1295 473 1473 505 mutationes,
1496 475 1523 499 et
1543 471 1636 499 cordis
1654 469 1846 499 ﬁuctuationcs

206 515 317 547 dedisti,
344 520 370 542 et
390 523 438 542 nos
455 515 579 550 repulsos
601 520 684 550 atque
710 515 826 550 rejcrtos
846 516 933 543 cidem
956 524 999 542 re-
1048 527 1316 555 compescp'precor,
1329 517 1646 555 ov5r80,miscricordia
1661 520 1846 552 .ua,eupec-

204 561 396 592 conciliasti,o
410 565 484 587 casta
501 560 574 587 omni
591 559 671 587 laude
684 560 857 595 dignissima,
879 559 999 592 medere,

205 614 308 642 quaeso,
323 606 497 641 passionibus
515 605 606 633 cordis
621 605 673 632 mei
693 605 822 640 passione
843 605 890 632 ﬁlii
907 605 957 638 tui,
975 611 1002 633 et

205 653 311 680 salvum
325 660 368 679 me
381 651 423 679 fac
444 652 604 687 psallentem
620 651 743 686 quotidie
758 661 764 679 :
783 651 908 679 Gloriose
924 651 996 678 enim

206 699 372 735 gloriticatus
387 707 426 730 es,
440 705 492 726 etc.

240 745 262 773 0
279 751 366 780 porta,
383 753 431 781 per
448 753 529 781 quam
550 744 617 772 nulli
637 744 770 772 transitus
793 748 885 778 patet,
908 743 997 778 poeni-

206 792 297 819 tentiae
314 795 420 826 portas,
436 799 452 818 o
472 796 557 824 casta,
571 790 646 826 aperi
662 790 742 823 mihi,
755 794 782 818 et
796 789 822 816 in
837 790 896 817 vias
910 794 1000 817 rectas

205 838 292 873 dirige
308 845 362 865 me.

242 883 366 916 Vivitlca,
389 883 515 915 Domina,
533 890 576 910 me
596 887 735 910 mortuum
755 890 761 908 :
778 886 805 909 et
827 882 854 909 in
878 888 998 909 errorem

205 930 347 958 inductum
381 929 509 956 celeriter
528 934 656 956 converte
679 935 731 960 me,
749 931 776 955 tu
793 935 853 962 qua:
866 934 896 954 es
910 926 951 953 via
968 926 1002 953 ab
1018 934 1040 961 Β

205 975 281 1001 omni
298 982 390 1002 errore
403 974 499 1007 libera,
513 978 595 1009 atque
608 973 732 1000 omniutn
754 972 943 1000 manuductio.

241 1021 293 1054 Qui
313 1020 388 1047 nullo
416 1021 498 1047 modo
518 1019 655 1047 Genitoris
679 1020 769 1046 sinum
788 1025 904 1046 vacuum
930 1017 996 1045 reli-

206 1071 315 1103 querat,
328 1067 402 1094 omni
415 1066 569 1094 substantia
582 1065 717 1100 superior,
730 1065 757 1091 in
771 1064 834 1092 sinu
850 1069 897 1091 tuo
909 1063 1000 1091 infans

206 1114 343 1142 contineri
358 1113 436 1141 visus
450 1117 502 1144 est.
518 1120 535 1140 ο
549 1112 649 1147 Virgo;
666 1110 802 1146 accipiens
815 1109 867 1138 sibi
885 1117 1001 1145 pauper-

208 1165 290 1188 tatem
305 1167 406 1192 meam,
423 1159 459 1186 ob
469 1166 612 1187 excessum
628 1157 788 1186 divitiarum
804 1156 1002 1184 misericordia

207 1214 279 1234 suae.

1049 571 1121 599 cato,
1136 575 1191 602 quo
1206 567 1331 594 dctincor
1351 566 1462 601 ligatus,
1480 565 1566 592 libera
1584 571 1639 596 me,
1656 563 1704 598 qui
1733 567 1758 590 te
1779 565 1846 590 Iide-

1052 613 1113 640 liter
1133 614 1240 641 beatam
1255 613 1372 648 appello.

1085 669 1134 703 'l'e,
1150 674 1181 697 ut
1194 677 1305 698 causam
1331 673 1432 696 nostrae
1452 667 1562 700 salutis,
1590 674 1688 695 omnes
1713 667 1785 694 servi
1806 667 1844 693 tui

1054 716 1177 751 quotidie
1190 716 1346 747 laudamus,
1363 723 1379 742 ο
1394 714 1451 742 Deo
1472 713 1654 746 charissima,
1670 717 1773 740 etcum
1795 712 1846 739 ﬁde

1054 762 1161 790 beatam
1175 762 1355 798 appellamus,
1367 761 1508 789 dicentes:

1089 820 1111 848 0
1134 820 1235 855 puella,
1261 827 1322 854 qua:
1344 827 1374 847 es
1398 817 1612 859 incorruptionis
1634 816 1779 848 ﬂuentum,
1803 823 1846 843 me

1051 866 1234 901 plurimorum
1246 871 1420 902 peccatorum
1442 863 1667 892 inundationibus
1675 866 1844 897 corruptum,

1054 912 1166 947 dignum
1184 912 1228 940 [ac
1242 911 1386 940 curatione
1399 915 1456 943 tua,
1468 919 1485 938 ο
1498 910 1590 946 Virgo.

1088 976 1170 1004 Lucis
1187 976 1272 1009 illius,
1286 984 1346 1011 qme
1360 976 1526 1003 illuminavit
1543 976 1682 1008 universa,
1695 974 1845 1009 jucundum

1053 1022 1272 1057 propitiatorium
1292 1031 1387 1050 revera
1407 1022 1571 1058 apparuisti,
1585 1030 1602 1048 ο
1626 1021 1708 1057 Virgo
1726 1026 1782 1049 tota
1801 1021 1845 1048 lu-

1053 1068 1131 1100 cida;
1148 1073 1291 1104 propterea
1305 1069 1382 1104 101
1402 1069 1526 1096 illumiua
1549 1076 1593 1096 me
1613 1073 1788 1103 peccatorum
1804 1071 1845 1095 te-

1054 1114 1148 1141 nebris
1163 1114 1327 1147 ittvotutum,
1352 1119 1380 1141 ut
1401 1119 1427 1142 te
1445 1120 1506 1140 cum
1524 1113 1576 1141 ﬁde
1590 1113 1764 1148 magniﬁcare
1780 1119 1844 1147 pos-

1053 1168 1116 1188 Slll't.

666 1262 708 1289 Ea:
720 1261 828 1290 Catiane
840 1262 867 1289 in
883 1260 913 1289 S.
930 1261 1101 1289 Theodorum
1111 1269 1263 1299 martyrem,
1283 1265 1327 1291 die
1343 1264 1385 1291 l9.

242 1327 289 1354 Ille
301 1326 358 1361 qui,
375 1323 526 1353 secundum
544 1327 682 1354 naturam,
699 1322 788 1349 lucem
804 1321 910 1348 habitat
925 1320 1002 1348 inac-

205 1373 376 1403 cessibilem,
395 1378 456 1398 cum
479 1370 630 1396 habitasset
649 1368 677 1395 in
701 1372 780 1394 utero
796 1373 861 1398 tuo,
878 1373 895 1393 ο
911 1367 1001 1401 puris-

206 1419 287 1450 sima,
304 1417 434 1444 iucll'abili
452 1414 642 1443 misericordia
656 1421 706 1441 sua
727 1413 791 1440 fecit
811 1420 861 1440 nos
877 1411 1002 1440 Paradisi

205 1464 389 1494 habitatores,
419 1470 452 1489 ex
478 1469 534 1496 quo
560 1465 672 1496 propter
694 1458 829 1493 serpentis
852 1457 1000 1489 invidiam,

204 1509 344 1538 amandati
361 1515 443 1544 atque
458 1508 538 1544 ejecti
551 1508 704 1535 fueramus.

242 1556 288 1583 llle
304 1555 351 1591 qui
370 1555 521 1582 secundum
540 1562 618 1582 suam
638 1557 764 1580 naturam
783 1552 914 1579 immunis
928 1557 971 1580 est
985 1559 1000 1579 a

206 1609 337 1638 tempore,
352 1606 433 1629 natus
447 1609 479 1628 ex
497 1605 523 1628 te
536 1600 564 1627 in
580 1599 790 1627 similitudinem
805 1598 896 1626 carnis
914 1598 1002 1625 factus

205 1653 247 1676 est
260 1649 312 1675 sub
327 1651 467 1680 tempore,
484 1645 631 1680 ignoscetis
657 1643 855 1678 temporalibus
879 1643 1000 1678 peccatis

206 1694 275 1722 meis
295 1698 405 1728 propter
426 1690 591 1718 inetiabilem
609 1690 737 1725 pietatem
759 1697 850 1721 suam,
869 1697 886 1717 o
901 1689 1000 1716 imma-

206 1739 386 1767 culatissima.

242 1786 308 1813 Sine
323 1790 418 1820 partus
429 1782 573 1811 dolonibus
587 1782 683 1815 Deum,
697 1781 744 1817 qui
756 1788 871 1815 corpore
879 1781 999 1814 carebat,

206 1831 354 1868 peperisti,
373 1837 389 1857 o
404 1829 494 1865 puclla
518 1838 524 1856 :
540 1828 587 1863 qui
601 1828 686 1855 Evam
712 1827 828 1862 primam
856 1831 971 1854 matrem
986 1833 1001 1853 a

206 1878 348 1906 doloribus
370 1881 467 1912 partus
488 1873 630 1906 liberavit.
651 1878 678 1912 et
698 1880 714 1900 a
735 1872 877 1900 doloribus
901 1871 1002 1900 inferni

206 1925 322 1952 redemit
335 1910 392 1954 eos.
407 1922 454 1957 qui
467 1922 548 1948 vitam
564 1910 706 1948 doloribus
720 1923 802 1954 atque
816 1917 934 1946 miseriis
947 1918 1003 1953 ple-

208 1978 271 1998 nam
284 1970 427 2004 degebant.

240 2014 263 2042 0
280 2014 428 2049 purissima
442 2033 449 2046 ,
467 2019 528 2047 qua:
553 2010 612 2039 sola
627 2010 745 2046 proprie,
758 2017 791 2038 ac
807 2016 870 2037 vere
887 2017 916 2037 es
937 2009 1000 2037 Dei-

206 2070 282 2098 para,
306 2060 452 2088 corrobora
469 2067 511 2086 me
529 2062 558 2085 ut
574 2057 748 2093 passionum,
768 2063 886 2092 quarum
904 2063 1000 2084 servus

206 2108 295 2136 Iactus
307 2104 527 2139 sum,‘dominari
540 2103 655 2139 possim,
667 2107 804 2138 quatenus
814 2102 899 2130 libera
910 2106 1001 2130 mente

208 2153 328 2190 gaudens
341 2157 366 2180 te
377 2151 541 2183 beatiﬁcem,
556 2156 573 2177 o
585 2149 661 2177 salus
674 2148 806 2176 ﬁdelium.

1088 1323 1157 1352 Ecce
1185 1331 1265 1352 mons
1290 1328 1403 1352 sanctus
1423 1332 1431 1351 :
1457 1329 1521 1350 ecce
1542 1321 1709 1350 aromataria
1734 1321 1847 1357 spiritus

1051 1369 1156 1397 oﬁicina
1183 1378 1191 1397 :
1230 1377 1293 1398 ecce
1320 1377 1400 1405 pons,
1425 1370 1472 1404 qui
1501 1376 1597 1396 omnes
1623 1373 1790 1403 transportat
1812 1367 1847 1395 ad

1052 1416 1149 1449 Deum,
1168 1415 1214 1444 Dei
1228 1415 1315 1444 Mater
1332 1416 1439 1451 puella;
1451 1423 1534 1450 quam
1550 1414 1657 1442 beatam
1674 1415 1810 1442 dicamus.

1088 1472 1310 1508 Propitiatorium
1334 1476 1394 1500 esto
1412 1471 1478 1499 mihi
1491 1493 1497 1505 ,
1512 1479 1529 1498 o
1553 1471 1735 1500 illibatissima
1747 1490 1756 1502 ,
1775 1470 1846 1507 apud

1053 1526 1116 1547 eum
1132 1519 1178 1554 qui
1192 1526 1224 1547 ex
1240 1524 1266 1546 te
1282 1523 1362 1546 natus
1374 1522 1426 1551 est,
1442 1518 1566 1553 gravium
1582 1518 1735 1546 debitorum
1749 1518 1847 1545 remis-

1055 1565 1161 1593 sionem
1187 1565 1339 1600 impetrans
1354 1565 1420 1592 mihi
1432 1585 1439 1597 ,
1461 1569 1489 1591 et
1502 1564 1626 1591 divinum
1642 1564 1719 1599 regni
1741 1563 1786 1591 Dei
1802 1564 1847 1592 inc

1015 1627 1036 1655 ϐ
1057 1619 1180 1645 gressum
1191 1632 1199 1644 ,
1216 1616 1244 1640 et
1266 1611 1424 1639 deliciarum
1442 1610 1602 1639 [tuitionem
1615 1631 1622 1643 ,
1637 1610 1761 1645 lucisque
1776 1617 1846 1638 con-

1055 1657 1183 1684 sortium.

1091 1715 1113 1744 0
1129 1716 1274 1744 ineﬂabilis
1289 1715 1411 1752 mysterii
1430 1715 1657 1751 profunditatem!
1674 1715 1700 1744 Is
1715 1716 1762 1752 qui
1780 1715 1846 1744 olim

1056 1770 1138 1789 manu
1154 1762 1298 1797 plasmavit
1309 1762 1460 1794 hominem,
1477 1761 1627 1796 plasmatur
1640 1769 1753 1789 carnem
1766 1768 1846 1789 assu-

1056 1815 1134 1835 mens
1161 1812 1268 1835 uterum
1288 1806 1406 1842 Virginis
1424 1812 1561 1842 perpetua:
1583 1807 1736 1843 ingressus,
1752 1811 1779 1835 et
1792 1808 1847 1836 sal-

1055 1858 1102 1881 vat
1116 1861 1169 1888 me,
1189 1862 1253 1881 cum
1267 1854 1366 1881 timore
1378 1854 1553 1882 clamantetn.

1095 1918 1173 1956 102
1190 1921 1314 1949 lllumina
1327 1929 1436 1956 semper
1451 1922 1546 1949 oculos
1561 1921 1660 1949 animae
1675 1929 1753 1954 mea,
1767 1929 1785 1949 ο
1800 1920 1848 1949 Dei

1057 1968 1174 2003 geniti-ix
1204 1977 1211 1995 :
1232 1976 1265 1995 ne
1287 1975 1331 1995 me
1354 1966 1578 2003 profundissimn
1600 1967 1704 2002 peccati
1730 1967 1849 1995 tencbm

1054 2014 1303 2049 comprehendant;
1329 2021 1418 2049 neque
1435 2013 1636 2048 desperationis
1660 2013 1777 2049 abyssus
1797 2013 1847 2040 ah-

1053 2059 1164 2087 sorbeat
1177 2067 1220 2087 me
1235 2068 1242 2087 :
1259 2059 1305 2087 sed
1318 2064 1346 2086 tu
1364 2067 1405 2087 me
1417 2059 1504 2092 salva,
1518 2063 1546 2086 et
1563 2059 1695 2095 guberna,
1711 2059 1846 2096 protectio

1055 2105 1189 2138 ﬁdelium,
1206 2113 1267 2141 quae
1286 2113 1340 2133 non
1359 2105 1547 2135 confunditur.

756 2206 798 2234 Ex
813 2206 919 2236 Cottone
934 2208 960 2234 in
977 2207 1008 2234 S.
1022 2206 1198 2238 Theodorum,
1213 2205 1256 2233 die
1271 2206 1317 2234 20.

244 2283 301 2312 Nos
316 2290 365 2318 per
380 2286 407 2309 te
417 2301 424 2314 .
440 2288 457 2309 ο
473 2282 562 2317 puella
575 2302 583 2314 ,
602 2280 717 2312 salvati;
733 2283 760 2306 te
775 2276 1001 2306 immaculatissi—
1017 2280 1042 2309 ι)
1090 2276 1119 2304 lu
1133 2277 1200 2304 hora
1216 2276 1356 2304 tremenda
1367 2276 1465 2311 judicii
1481 2276 1556 2304 salva
1571 2284 1625 2308 me.
1636 2281 1664 2304 et
1677 2277 1780 2304 redime
1794 2284 1847 2310 me,

207 2337 281 2357 mam
306 2329 377 2355 inter
402 2328 550 2361 mulieres,
578 2326 681 2361 Deique
701 2324 869 2352 Genitrirem
895 2323 1005 2359 ltymnis

209 2377 316 2403 beatam
332 2382 524 2409 nuncupamus
535 2395 542 2406 ,
558 2378 586 2402 et
602 2373 668 2401 illud
687 2371 833 2404 Gabrielis,
847 2372 914 2404 Ave,
929 2370 962 2398 ad
980 2375 1006 2396 te

208 2422 370 2449 clamamus.
391 2422 458 2454 Ave,
479 2428 495 2448 ο
521 2427 605 2447 causa
624 2418 829 2446 reformationis
853 2418 1003 2451 primorum

207 2470 363 2502 parentum.

244 2512 283 2540 Te
298 2513 347 2540 Dei
364 2511 530 2539 Genitrieem
552 2510 736 2538 castissimam
753 2509 870 2544 puellam
893 2513 1006 2536 sancto—

209 2568 270 2588 rum
285 2559 403 2594 populus
420 2565 574 2593 agnoscente
585 2576 593 2589 ,
611 2564 627 2584 o
643 2556 818 2584 sanctissima
829 2575 836 2587 ,
853 2554 1006 2590 splendoris

209 2606 249 2633 tui
265 2605 326 2632 luce
342 2604 490 2632 irradiatus
501 2609 552 2635 est.
569 2608 596 2630 et
613 2610 685 2630 nunc
704 2602 731 2629 iu
747 2602 824 2629 caelis
841 2607 866 2629 te
877 2602 1007 2636 depreca-

210 2658 265 2682 tur.
281 2639 399 2678 \icrbum
416 2658 449 2677 ex
465 2655 491 2677 te
503 2653 629 2676 exortum
646 2656 708 2676 cum
724 2648 822 2684 gaudio
835 2647 1005 2683 gloriticans,

209 2707 226 2725 υ
237 2697 321 2725 Maria
332 2704 431 2732 sponsa
446 2696 503 2723 Dei.

246 2743 397 2770 Thalamus
422 2741 638 2769 immortalitatis
655 2745 749 2767 venter
764 2745 826 2767 tuus
845 2740 932 2767 factus
949 2744 1001 2771 est,

214 2789 294 2822 Virgo
318 2787 465 2821 inviolata;
494 2795 527 2814 ex
554 2794 609 2822 quo
632 2793 749 2820 sponsus
781 2784 912 2812 Dominus
940 2793 1002 2812 eum

212 2834 356 2869 splendore
373 2833 536 2869 procedens,
552 2836 709 2860 sanctorunt
730 2830 846 2865 populos
861 2830 983 2858 attraxit.

1056 2331 1073 2349 o
1085 2323 1258 2351 sanctissima
1272 2343 1279 2354 ,
1296 2327 1323 2350 et
1336 2330 1350 2349 a
1368 2323 1491 2358 gebenna
1508 2324 1583 2359 eripe
1601 2331 1661 2357 me;
1678 2329 1708 2351 ut
1722 2328 1747 2351 te
1763 2323 1850 2351 beati-

1059 2369 1148 2402 ﬁcetn,
1162 2373 1189 2396 et
1202 2369 1306 2397 meritis
1319 2368 1446 2397 laudibus
1463 2369 1607 2402 ltonorem,
1619 2377 1636 2397 o
1651 2370 1850 2398 intntaculatis-

1057 2416 1138 2443 sima.

1094 2460 1134 2488 Tu
1149 2461 1219 2492 sola,
1233 2468 1250 2488 ο
1264 2460 1404 2490 inviolata.
1417 2460 1500 2488 vitam
1513 2460 1707 2489 subsistentem
1719 2460 1848 2497 genuisti.

1059 2507 1190 2534 factorem
1206 2506 1330 2534 omnium
1345 2513 1377 2533 ac
1391 2505 1550 2539 Dominum,
1564 2513 1644 2542 quem
1658 2514 1753 2534 amans
1768 2513 1848 2534 sanc-

1059 2557 1148 2579 torunt
1165 2550 1277 2578 Patrum
1297 2549 1462 2582 multitudo,
1479 2551 1550 2586 piam
1570 2555 1750 2586 sanctamque
1764 2551 1848 2580 vitam

1059 2597 1191 2626 traduxit.

1093 2644 1236 2678 'l‘anquam
1250 2643 1403 2678 pulchram,
1419 2648 1549 2678 tanquam
1565 2644 1717 2679 speciosam
1729 2643 1850 2672 Verbum

1058 2689 1211 2724 speciosum
1235 2694 1260 2716 te
1284 2689 1395 2722 dilexit,
1419 2697 1435 2716 ο
1460 2689 1573 2723 illibata,
1591 2695 1722 2726 tuumque
1742 2695 1849 2718 uterum

1059 2735 1230 2768 inltabitavit,
1247 2735 1281 2763 ob
1294 2741 1417 2763 nostrum
1431 2735 1552 2763 ﬁdelium
1568 2737 1795 2772 redemptionem.

1095 2782 1186 2810 lnnuit
1209 2787 1235 2809 te
1254 2782 1340 2809 rubus
1354 2782 1409 2814 ille,
1425 2790 1442 2810 o
1456 2782 1707 2816 intemeratissima,
1724 2783 1771 2818 qui
1787 2782 1849 2818 igne

1058 2827 1245 2856 circumdatus
1263 2827 1336 2855 nttlla
1356 2835 1388 2856 ex
1405 2828 1725 2864 parte-comburebatut':
1746 2828 1846 2857 etenim

246 2921 314 2959 (σθ’)
330 2921 423 2950 Graeca
436 2922 519 2958 huius
531 2920 644 2950 canonis
654 2924 680 2948 ct
693 2919 810 2947 duorum
825 2917 998 2952 sequentium
1019 2915 1210 2945 desiderantur
1226 2914 1252 2942 in
1266 2914 1375 2943 Menaeis
1390 2915 1543 2951 impressis.
