2069 3159
232 171 302 204 1105

958 176 1142 208 MARIALE.

1799 178 1862 210 1017

229 232 381 260 divinitatis
392 233 481 269 ignem
495 234 617 269 gestasti,
630 234 677 269 qui
692 239 727 267 te,
738 243 755 262 ο
766 235 859 269 Virgo,
875 235 935 262 sine
945 242 1019 262 com-
1034 239 1056 266 Α
1072 235 1217 271 peperisti;
1246 236 1319 270 quod
1351 243 1400 271 pro
1414 236 1493 264 nobis
1522 244 1556 264 ne
1584 243 1675 264 cesses
1707 236 1857 271 deprecari.

230 279 358 308 bustione
376 281 514 313 servavit,
529 284 557 308 et
569 285 631 315 post
643 284 752 315 partum
769 280 906 316 Virginem
925 279 1017 307 incor-

230 331 338 360 ruptam
354 326 513 354 custodivit.

268 371 346 407 103
383 371 511 407 Speciosa
549 372 619 400 facta
661 372 829 400 ornamentis
870 371 1019 403 virtutum,

229 421 257 445 et
283 425 427 445 aurearum
463 418 632 445 ﬁmbriarum
668 419 798 445 varietate
830 418 1019 448 circumdata,

230 470 248 491 o
267 462 357 499 Virgo,
375 463 526 498 speciosum
543 471 625 498 super
647 471 742 492 onmes
755 463 881 490 homines
903 461 1021 489 Verbum

238 544 290 571 ἐκ
311 543 366 570 τοῦ
385 543 518 575 Κανόνος
545 544 589 576 εις
612 543 666 570 τὸν
691 542 777 577 ἅγιον
793 542 929 577 μάρτυρα
963 541 1020 568 Ἰα-

285 577 440 612 γουὰριον,
454 578 504 605 καὶ
524 578 593 611 τοὺς
609 578 670 605 σὺν
685 577 776 610 αὐτῷ,
792 577 888 612 ἡμέρᾳ
904 579 957 603 κα”.

268 646 410 680 Μακάριός
435 646 508 672 ἐστιν
533 647 547 672 ὁ
562 645 635 678 λαὸς,
662 645 790 677 Θεοτόκε,
817 644 966 678 ὁδοξάζων
990 653 1019 671 σε

232 691 300 718 Θεοῦ
316 690 429 726 Μητέρα
439 691 541 726 ἀψευδῆ
551 691 597 718 καὶ
609 691 652 717 ἀεὶ
661 689 823 726 μακαρίζων
836 697 876 722 σε,
888 689 1017 724 ἄχραντε,

233 735 324 767 καθὼς
355 737 491 771 προεῖπας
527 736 607 771 ἱερῶς
639 734 861 771 προφητεύουσα,
903 734 1021 769 ὁπηνίκα

233 782 351 817 Χριστὸν
365 781 440 808 ινδον
454 781 567 817 ἔφερες.

274 827 368 862 Ῥἧξον
380 828 430 859 τὰς
443 828 547 863 σειρὰς,
560 827 712 862 Θεόνυμφε,
729 825 784 853 τῶν
797 825 940 861 ἁμαρτιῶν
958 834 1020 860 μου,

232 874 250 908 ἡ
263 873 298 901 τὰ
313 873 398 908 δεσμὰ
408 873 578 910 διαῤῥήξασα
596 873 630 901 τὰ
643 873 690 900 τοῦ
704 872 769 908 ᾅδου
791 871 830 908 τῷ
844 871 947 907 τοκετῷ
961 879 1021 904 σου,

233 921 281 946 καὶ
292 920 379 955 χαρᾶς
395 920 486 946 πάντα
503 919 685 954 πληρώσασα,
851 941 856 945 .

269 965 473 1000 Μιγαλύνωμεν
488 965 537 999 τὴν
553 965 638 1000 μόνην
657 964 858 999 εὑλογημένην,
873 963 907 990 δι’
922 960 956 998 ἧς
970 971 1020 999 με-

234 1011 324 1045 γάλως
337 1011 440 1043 πάντας
463 1011 647 1046 ὲπευλόγησεν
658 1011 741 1042 ὅντως
759 1011 774 1037 ὁ
789 1009 1021 1046 πανυπεράγαθος

234 1059 267 1084 tu
280 1057 382 1092 ταύτης
395 1058 591 1093 σαρκούμενος.

275 1103 430 1139 ’Υμνοῦμέν
453 1112 495 1136 σε,
511 1103 543 1130 δι’
558 1101 592 1139 ἧς
613 1103 668 1132 τοῖς
692 1102 721 1130 ὲν
736 1103 826 1130 σκότει
849 1102 907 1137 φῶς
925 1101 1022 1128 ἄδυτον

234 1148 367 1180 ἀνέτειλε,
389 1149 516 1182 Θεοτόκε,
532 1148 610 1176 ότῶν
629 1148 697 1176 ὅλων
716 1148 866 1183 Δεσπότης,
884 1147 932 1174 καὶ
946 1147 1022 1183 πόθῳ

238 1193 437 1230 μακαρίζομεν.

276 1239 334 1266 Ἐπ’
356 1240 501 1276 εὒιργισίᾳ
524 1239 580 1267 τῶν
598 1239 761 1275 ἀνθρώπων,
792 1239 847 1266 σῶν
874 1238 904 1271 ἐξ
930 1238 1022 1273 ἁγνῶν

237 1284 361 1319 discitur:
375 1285 572 1320 σεσωμάτωται
596 1283 664 1316 Θεὸς
686 1285 701 1310 ὸ
720 1284 817 1318 Λόγος,
839 1283 869 1310 δν
893 1282 1021 1315 ὲκτινῶς,

237 1330 389 1366 Θιομῆτορ,
418 1330 530 1366 αῐτησαι
554 1329 601 1356 τοῦ
618 1329 739 1365 σωθῆναι
763 1329 814 1361 τὰς
830 1328 920 1364 ψυχὰς
933 1327 1022 1364 ἡμῶν.

273 1420 421 1457 Νέκρωσόν
436 1429 488 1456 μου
512 1420 561 1452 τὰς
587 1421 719 1456 κινήσεις,
744 1419 873 1455 ἄχραντε,
897 1419 946 1452 τὰς
973 1419 1023 1454 τῆς

239 1466 351 1502 σαρκὸς,
374 1466 448 1502 ζωὴν
460 1467 477 1502 ἠ
490 1467 626 1502 κυήσασα,
642 1465 763 1498 ζώωσον,
779 1465 860 1500 ἁγνὴ,
874 1467 923 1501 τὴν
934 1465 1024 1501 ψυχήν

244 1521 294 1547 μου
321 1512 527 1548 νενεκρωμένην
553 1512 651 1540 πάθεσι
689 1512 737 1538 καὶ
764 1511 872 1544 πολλοῖς
897 1512 1023 1548 ἁμαρτή-

241 1566 333 1593 μασιν.

240 1639 371 1675 κητήριον
400 1638 485 1672 ἔδειξε
513 1639 576 1670 τοὺς
615 1638 753 1670 εὖσεὸετς,
788 1638 977 1674 πανάχραντε·
1004 1634 1026 1672 ᾦ

241 1684 346 1720 βοῶμεν
367 1685 533 1717 ἀπαύστως*
565 1685 656 1712 Πάντα
680 1685 714 1712 τὰ
731 1684 811 1720 ἔργα,
828 1684 962 1719 εὐλογεῖτε
981 1684 1027 1712 τὸν

240 1730 350 1766 Κύριον.

275 1776 367 1808 οωτδς
378 1775 425 1803 τοῦ
441 1776 471 1803 ὲν
485 1776 526 1802 σοὶ
540 1774 961 1812 μαρμαρυγαῖςοτυφλώττουσαν
977 1775 1027 1810 τὴν

241 1820 331 1856 ψυχήν
357 1829 408 1856 μου
436 1820 652 1856 φωταγώγησον,
673 1820 721 1847 καὶ
745 1820 954 1856 χειραγώγησόν
981 1828 1026 1855 με,

242 1865 331 1901 Κόρη,
345 1866 422 1898 ὀδοὺς
448 1864 632 1901 σωτηριώδεις
656 1865 830 1900 πορεύεσθαι,
853 1865 900 1892 καὶ
922 1865 1027 1900 πλάνης

241 1911 371 1946 ἐκφυγεῖν
393 1912 428 1939 τὰ
449 1911 664 1948 προσκόμματα,
681 1912 754 1944 ὅπως
775 1913 804 1938 ιν
831 1911 922 1938 πίστει
938 1919 1028 1946 {sanan

243 1957 311 1994 ρῑζω
332 1966 372 1985 σι.

249 2038 300 2066 Ἐκ
320 2038 374 2065 τοῦ
394 2038 528 2071 Κανόνος
554 2039 597 2070 εἷς
614 2037 667 2064 τὸν
689 2037 776 2064 ὅσιον
801 2037 916 2069 Πατέρα
942 2035 1028 2072 ἡμῶν

331 2073 483 2108 Θεόδωρον
496 2073 550 2100 τὸν
564 2073 733 2107 Συκεώτην,
745 2072 842 2107 ἡμέρᾳ
854 2072 906 2107 κβ¹’.

283 2151 314 2178 Ὅ
335 2151 511 2187 ἀγεώργητος
535 2151 631 2186 βότρυς
655 2159 701 2178 σου
722 2151 754 2177 ὲκ
768 2149 886 2186 γαστρὸς
907 2149 1030 2185 ἡνθησε,

244 2197 467 2234 Παρῡεωμῆτορ,
490 2198 648 2233 γλυκασμδν
671 2197 880 2225 ἀναδλυστάνων
905 2196 1028 2230 ἀφέσεως

1108 281 1189 309 Lucis
1213 281 1399 310 habitaculum
1419 288 1511 310 uterus
1527 287 1592 310 tuus
1610 282 1699 310 factus
1719 286 1778 315 est,
1798 290 1859 317 qua

1074 332 1204 355 mundum
1217 328 1368 356 divinitatis
1378 329 1567 363 splendoribus
1580 328 1743 356 illuminavit
1756 338 1763 356 :
1782 333 1859 364 porta

1073 372 1140 400 solis
1154 372 1261 406 gloriae,
1277 373 1475 408 gratiosissima
1495 374 1566 401 inter
1580 374 1710 401 mulieres
1723 393 1730 406 ,
1748 379 1844 401 sancto

1073 427 1134 446 rum
1151 418 1287 454 gloriatio,
1302 419 1474 448 sanctissima
1488 424 1568 455 atque
1582 420 1696 455 optima.

1070 539 1113 567 Ex
1135 540 1242 568 Conone
1267 540 1295 567 in
1314 540 1344 568 S.
1364 541 1546 604 Ιαηᾶιμνέιῖηι,
1560 545 1585 568 et
1603 542 1689 570 socios
1713 546 1859 577 martyres,

1434 585 1458 604 te
1508 598 1516 604 .

1434 585 1458 604 ιε
1470 585 1516 605 ΖΙ.

1107 642 1206 671 Beatus
1221 644 1347 679 populus,
1364 651 1380 672 ο
1395 644 1522 680 Deipara,
1536 645 1584 680 qui
1599 649 1625 672 te
1639 652 1731 672 veram
1746 643 1792 671 Dei
1804 644 1861 672 Ma-

1073 690 1139 713 trem
1164 687 1316 722 gloritlcat,
1336 695 1498 724 semperque
1515 689 1662 722 beatiﬁcat,
1682 689 1861 724 quemadmo-

1071 731 1146 764 dum,
1167 740 1183 760 ο
1201 733 1375 761 immaculata
1388 753 1396 766 ,
1414 735 1563 769 praedixisti
1578 742 1626 770 per
1638 742 1746 763 sacrum
1763 736 1862 763 vatici-

1072 777 1148 804 nium
1162 786 1225 805 cum
1241 779 1381 807 Christum
1399 780 1426 806 in
1443 785 1522 807 utero
1540 779 1660 808 ferebas.

1107 823 1214 859 Rumpe
1243 830 1355 853 catenas
1385 830 1559 861 peccatorum
1592 833 1733 859 meorum,
1763 833 1780 853 ο
1813 825 1860 853 Dei

1072 875 1185 903 sponsa,
1199 878 1260 905 quae
1271 871 1370 899 inferni
1385 872 1493 899 vincula
1507 872 1651 907 perrupisti
1664 876 1745 907 partu
1760 877 1818 905 tuo,
1835 877 1862 899 et

1037 917 1058 944 Β
1074 914 1200 942 universa
1217 916 1318 951 gaudio
1334 917 1484 952 replevisti.

1107 960 1312 996 Magniﬁcemus
1327 963 1436 991 unicam
1452 963 1621 991 benedictum
1634 985 1641 996 ,
1659 971 1707 999 per
1720 971 1802 998 quam
1818 963 1862 991 ille

1074 1008 1120 1043 qui
1137 1008 1212 1036 omni
1234 1009 1356 1037 bonitate
1376 1014 1417 1037 est
1434 1010 1559 1045 superior
1571 1018 1604 1037 ex
1623 1010 1668 1037 illa
1692 1010 1861 1041 incarnatus,

1074 1054 1217 1082 universos
1235 1063 1296 1083 vere
1309 1055 1451 1091 magniﬁce
1467 1056 1615 1084 benedixit.

1112 1098 1265 1127 Laudamus
1280 1105 1314 1133 te,
1330 1108 1346 1128 ο
1360 1101 1485 1136 Deipara,
1496 1108 1544 1136 per
1559 1109 1641 1136 quam
1657 1101 1702 1129 lux
1719 1101 1873 1129 inoccidua

1075 1143 1110 1172 iis
1122 1145 1168 1179 qui
1185 1146 1212 1172 iu
1229 1145 1349 1173 tenebris
1364 1146 1546 1173 versabantur
1560 1151 1653 1174 exorta
1667 1138 1729 1178 est,
1739 1146 1862 1173 omnium

1075 1191 1178 1218 scilicet
1197 1191 1347 1225 Dominus;
1367 1196 1446 1227 teque
1462 1199 1524 1219 cum
1550 1192 1647 1219 aﬂ'eetu
1665 1191 1862 1227 gloriﬁcamus.

1111 1236 1146 1264 Ut
1158 1237 1317 1264 hominibus
1325 1237 1477 1265 beneﬁcum
1489 1245 1549 1265 sese
1559 1238 1725 1268 ostenderet.
1734 1245 1765 1264 ex
1779 1238 1863 1265 castis

1075 1283 1252 1318 sanguinibus
1263 1283 1318 1310 tuis
1330 1290 1429 1318 corpus
1439 1284 1544 1318 accepit
1556 1284 1626 1311 Deus
1638 1284 1767 1316 Verbum,
1779 1291 1870 1319 quem

1075 1328 1165 1359 enixe.
1184 1335 1200 1355 ο
1223 1328 1268 1356 Dei
1282 1327 1387 1362 Mater,
1401 1336 1512 1364 precare
1535 1337 1584 1364 pro
1600 1329 1688 1357 salute
1708 1329 1862 1357 animarum

1076 1378 1244 1401 nostrarum.

1111 1418 1253 1450 Mortiﬁca,
1264 1426 1281 1446 ο
1293 1419 1435 1452 inviolata,
1446 1420 1537 1448 carnis
1549 1428 1615 1448 meae
1629 1425 1720 1449 motus
1733 1430 1740 1448 :
1758 1426 1786 1449 tu
1800 1429 1862 1458 quae

1078 1464 1159 1490 vitam
1180 1464 1313 1499 genuisti,
1328 1465 1451 1499 viviﬁca,
1472 1473 1489 1493 ο
1505 1471 1580 1494 casta
1591 1487 1599 1499 ,
1620 1467 1738 1495 animam
1754 1476 1861 1502 meam,

1077 1508 1248 1543 passionibus
1264 1509 1410 1545 multisque
1421 1511 1539 1545 peccatis
1555 1511 1756 1548 interemptum.

280 1578 469 1629 :D'oxqvtbsa;
486 1593 633 1628 ἀφράστως
656 1593 685 1619 ιν
701 1578 794 1628 μήτρᾳ
811 1601 858 1619 σου
873 1593 970 1620 ἑαυτοῦ
986 1593 1023 1619 οι-

1112 1598 1163 1631 Qui
1184 1598 1355 1627 ineil'abiliter
1374 1599 1400 1627 in
1421 1605 1499 1628 utero
1515 1606 1572 1632 tuo,
1595 1609 1612 1628 ο
1627 1601 1767 1634 inviolata,
1785 1602 1872 1630 habi--

1079 1645 1155 1677 tavit,
1184 1646 1379 1673 habitationem
1405 1654 1483 1674 suam
1509 1646 1574 1674 fecit
1600 1655 1647 1675 eos
1663 1647 1708 1682 qui
1733 1648 1860 1683 pietatem

1078 1690 1173 1718 colunt
1190 1699 1196 1716 :
1221 1691 1309 1719 eidem
1333 1692 1412 1728 10‘.
1431 1699 1481 1719 nos
1499 1693 1668 1720 incessanter
1688 1695 1860 1722 clamamus:

1079 1735 1174 1764 Omnia
1181 1745 1275 1772 opera,
1286 1737 1438 1765 benedieite
1453 1737 1580 1766 Domino.

1114 1781 1195 1809 Lucis
1209 1782 1236 1809 in
1254 1787 1279 1810 te
1299 1782 1448 1811 habitantis
1466 1784 1659 1818 splendoribus
1675 1785 1874 1813 excutientem.

1078 1827 1198 1854 animam
1213 1836 1300 1856 meam
1317 1829 1451 1861 illumina,
1467 1837 1483 1857 ο
1500 1829 1603 1863 Puella,
1616 1834 1644 1858 et
1658 1838 1739 1858 manu
1753 1831 1807 1859 due
1819 1839 1863 1858 me

1078 1877 1109 1899 ut
1123 1880 1171 1907 per
1185 1873 1243 1900 vias
1256 1873 1354 1901 salutis
1368 1874 1504 1907 incedam,
1520 1880 1548 1902 et
1561 1876 1728 1904 seductionis
1744 1881 1773 1904 et
1784 1884 1863 1904 erro-

1079 1917 1116 1944 ris
1131 1917 1291 1947 offendicula
1309 1919 1441 1953 devitem,
1455 1925 1488 1948 ut
1500 1929 1561 1948 cum
1577 1921 1630 1950 nde
1651 1926 1677 1949 te
1692 1922 1798 1950 beatam
1815 1931 1864 1958 ψ-

1077 1963 1186 1998 pellem.

1079 2041 1121 2068 Εςι
1134 2041 1238 2070 Canone
1251 2042 1278 2071 in
1292 2042 1365 2071 S..P.
1381 2042 1418 2070 Ν.
1433 2043 1594 2071 Theodorum
1606 2044 1755 2080 Syceotam,
1767 2045 1871 2075 dicit.

1117 2151 1214 2179 Butrus
1226 2152 1280 2185 ille,
1293 2153 1339 2188 qui
1353 2153 1466 2182 cultoris
1479 2161 1588 2188 operam
1602 2155 1702 2182 nullam
1712 2155 1816 2187 habuit,
1829 2164 1874 2183 er-

1079 2201 1158 2224 utero
1171 2203 1218 2225 tuo
1230 2198 1357 2231 ellloruit,
1370 2207 1386 2226 ο
1402 2199 1484 2234 Virgo
1496 2199 1581 2227 Mater
1594 2200 1861 2234 immaculatissima;

244 2244 291 2271 καὶ
305 2244 471 2280 ἀφροσύνης,
493 2245 677 2280 πανάχραντε,
697 2243 784 2271 ἅπασι
797 2243 854 2275 τοῖς
870 2243 902 2269 ἑκ
916 2242 965 2278 τῆς
979 2241 1023 2277 μό.

1079 2251 1111 2270 ex
1128 2251 1183 2278 quo
1200 2244 1374 2279 indulgentias
1393 2249 1421 2272 et
1435 2245 1535 2272 laetitiae
1551 2245 1666 2273 dulcedo
1682 2246 1785 2273 t-tl‘luxit
1807 2254 1866 2273 ou:—

243 2289 292 2325 θης
307 2289 361 2316 τῶν
374 2289 467 2317 δεινῶν
483 2291 734 2326 παραφρονήσουσι.

272 2376 359 2412 Νόμοι
371 2377 402 2404 ὲν
410 2378 452 2405 σοὶ
461 2378 511 2412 τῆς
525 2378 642 2413 φύσεως,
651 2377 784 2413 Παρθένε,
797 2375 1026 2404 καινοτονοῦνται·

243 2422 345 2455 τίκτεις
365 2425 419 2460 γὰρ
441 2425 510 2462 ὑπὲρ
534 2424 613 2459 λόγον
633 2425 681 2451 καὶ
706 2424 855 2458 Δεσπότην,
871 2422 901 2448 ὃν
911 2421 1029 2453 ἐκτενῶς

244 2468 348 2496 latitius
362 2469 480 2504 σωθῆναι
491 2470 554 2502 τοὺς
567 2469 676 2500 δούλους
691 2477 749 2496 σου.

279 2513 408 2548 Μακαρία
418 2515 450 2541 ὲκ
470 2514 571 2548 γενεῶν
587 2513 682 2541 πασῶν
698 2513 830 2548 ὲδείχθης,
849 2511 965 2548 Χριστὸν
980 2521 1025 2539 τε-

243 2559 330 2587 κοῦσα
343 2560 485 2596 μακαρίως
493 2560 676 2595 ἐργαζόμενον
687 2561 749 2591 τοὺς
759 2560 833 2594 αὑτῷ
843 2559 1026 2591 δουλεύοντας,

243 2605 467 2641 Παρθινομῆτορ,
483 2606 600 2640 ἄχραντε
614 2605 757 2632 Δέσποινα.

284 2650 403 2677 Ῥαννίσι
413 2651 460 2677 τοῦ
474 2650 564 2682 ἐλέους
577 2659 624 2678 σου
635 2650 830 2685 κατάρδευσον,
845 2651 1027 2686 πανάχραντε,

242 2696 291 2732 τὴν
307 2697 468 2724 ἑκτακεῐσάν
483 2705 534 2732 μου
549 2697 668 2723 διάνοιαν
686 2696 800 2732 φλογμῷ
816 2696 865 2731 τῆς
879 2697 1026 2731 ἁμαρτίας,

243 2744 290 2769 καὶ
302 2742 348 2769 τὸν
367 2742 530 2778 ὲσῦεσμένον
546 2751 596 2778 μου
610 2743 659 2778 τῆς
673 2741 786 2778 καρδίας
803 2741 905 2777 ᾶναψον
918 2741 1026 2777 λύχνον,

243 2789 313 2826 πύλη
330 2790 379 2817 τοῦ
391 2791 490 2825 φωτός.

280 2835 378 2863 Παοῶν
395 2845 428 2871 με
449 2837 582 2873 τρικυμία
601 2835 792 2870 συνταράσσει,
807 2834 887 2869 βυθὸς
903 2834 1028 2868 ἀπογνώο

245 2890 314 2914 σιως
336 2882 462 2919 χειμάζει
484 2892 535 2919 μου
556 2883 606 2920 τὴν
625 2883 753 2919 καρδίαν·
770 2881 939 2917 κυϐερνήτην
959 2881 1027 2917 κυή-

1079 2289 1170 2318 nibus.
1187 2289 1234 2324 qui
1249 2298 1281 2317 ex
1296 2290 1428 2317 malorum
1442 2290 1572 2318 ebrietate
1588 2291 1737 2326 prudentia:
1751 2300 1862 2319 sensum

1079 2334 1240 2375 amiserunt.

1114 2380 1223 2408 Natura:
1236 2382 1310 2416 leges
1325 2382 1351 2408 iu
1368 2386 1404 2413 te,
1417 2389 1434 2409 ο
1450 2382 1545 2417 Virgo,
1561 2383 1727 2411 innovantur
1739 2392 1747 2416 ;
1761 2384 1862 2411 etenim

1079 2433 1161 2461 supra
1180 2426 1295 2453 rationis
1316 2430 1495 2461 conceptum,
1512 2426 1656 2454 Dominum
1674 2427 1766 2462 paris,
1782 2435 1863 2462 quem

1079 2472 1197 2499 connixe
1210 2471 1357 2506 deprecare
1370 2479 1418 2506 pro
1429 2472 1516 2500 salute
1528 2472 1680 2500 animarum
1694 2477 1861 2500 nostrarum.

1115 2517 1196 2544 Beata
1208 2524 1240 2544 ex
1252 2517 1379 2545 omnibus
1391 2517 1614 2552 generationibus
1625 2518 1810 2545 demonstrata
1822 2525 1862 2548 es,

1079 2570 1096 2590 ο
1117 2562 1198 2597 Virgo
1221 2562 1306 2589 Mater
1323 2562 1454 2590 inviolata
1479 2563 1602 2594 Domina.
1627 2562 1765 2591 Christum
1789 2563 1862 2590 enim

1081 2608 1220 2643 peperisti.
1235 2609 1282 2642 qui
1298 2608 1349 2636 sibi
1365 2609 1515 2636 sorvientes
1529 2609 1624 2636 beatos
1637 2609 1711 2636 facit.

1115 2654 1269 2681 Stillicidiis
1296 2654 1491 2682 misericordiae
1515 2660 1567 2682 tua:
1586 2655 1678 2690 irriga.
1702 2662 1719 2682 ο
1739 2654 1864 2681 illibatis-

1079 2700 1147 2728 sima
1161 2721 1168 2730 .
1186 2705 1302 2727 tuentem
1321 2707 1409 2728 meam
1433 2701 1536 2735 peccati
1563 2701 1688 2728 incendio
1707 2700 1862 2735 liquescen-

1080 2751 1150 2779 tem;
1167 2750 1194 2774 et
1208 2746 1370 2773 exstinctam
1387 2747 1479 2774 cordis
1499 2749 1550 2774 mei
1568 2748 1705 2774 lucernam
1727 2746 1863 2778 aeceude.

1079 2798 1095 2817 ο
1111 2796 1189 2826 porta
1203 2790 1280 2818 lucis.

1115 2835 1276 2863 Passienum
1296 2840 1444 2871 tempestas
1469 2837 1613 2863 conturbat
1633 2844 1677 2864 mo
1702 2845 1708 2863 :
1734 2837 1863 2871 despera-

1081 2882 1163 2909 tionis
1177 2881 1342 2916 profundum
1354 2882 1471 2918 exagitat
1484 2889 1531 2909 cor
1545 2890 1653 2910 meum:
1669 2891 1685 2911 ο
1696 2883 1787 2919 Virgo.
1804 2891 1874 2919 quas.
