2069 3159
205 177 273 215 1107

774 181 804 210 S.
824 178 981 210 JOSEPHI
1002 178 1282 211 HYMNOGRAPHI

1763 181 1830 216 1108

203 235 412 271 gubernatorem
437 237 465 260 et
491 233 660 261 Salvatorem
681 232 821 260 Christum
845 234 991 268 peperisti,

1049 243 1114 262 mea
1144 236 1270 270 Χριστὸν,
1293 235 1432 271 Παρθένι,
1456 237 1502 263 καὶ
1524 237 1656 273 Σωτῆρα,
1681 237 1764 273 ῥῦσαι
1784 240 1831 266 καὶ

202 283 287 310 libera
304 289 358 314 me,
374 287 479 316 precor,
489 283 516 308 et
531 281 604 308 salva
620 287 673 307 me.

238 328 362 363 Speciem
376 326 460 354 Jacob
478 330 502 352 te
517 325 599 360 elegit
620 325 701 359 Deus,
713 332 730 352 ο
751 324 835 361 Virgo
855 325 990 360 Deipara;

201 375 230 401 in
245 377 270 401 te
286 372 427 404 habitavit,
441 377 469 398 et
486 375 512 398 te
524 376 584 406 post
597 376 706 406 partum
728 371 862 406 virginem
877 376 991 400 conser-

202 417 289 448 vavit,
307 416 397 452 qualis
409 415 501 442 fueras
517 419 580 442 ante
597 420 716 450 partum.

237 505 328 532 Sacrae
342 504 537 540 prophetarum
554 511 634 531 voces
646 507 683 537 te,
699 512 717 531 ο
733 503 826 540 Virgo,
842 505 991 540 symbolice

202 553 349 587 pradicant
368 555 474 587 portam
486 572 494 584 ,
510 555 644 584 montem.
666 557 694 580 et
713 552 922 580 tabernaculum
934 573 942 585 ,
960 559 991 580 ac

201 602 323 626 sanctam
340 598 410 626 lucis
427 598 526 625 nubem
537 617 544 630 ,
563 604 594 624 ex
614 605 667 633 qua
688 598 849 626 sedentibus
866 598 893 626 in
917 603 992 626 tene-

201 643 258 670 bris
269 647 297 670 et
308 642 416 674 umbra,
432 646 544 670 exortus
559 646 601 670 est
616 642 657 670 sol
671 642 800 671 Christus
815 643 884 671 lucis
901 643 989 670 dator.

238 733 316 768 105
332 732 506 760 Revercndus
520 735 614 767 partus
631 735 694 759 tuus
706 735 760 764 est,
776 738 794 758 o
807 730 922 766 Deipara
936 730 992 758 Ma-

201 783 241 807 ter
256 779 314 810 Dei.
329 784 472 814 propterea
492 782 518 806 te
542 785 650 812 semper
672 777 780 805 beatam
807 777 945 809 dicimus,
965 781 993 804 et

201 825 318 853 fideliter
331 824 516 860 gloriﬁcamus
533 823 723 859 generationes
739 823 947 858 generationutn
963 822 991 850 in

201 870 311 898 saecula.
326 870 424 897 Amen.

1045 282 1132 309 σῶσόν
1149 289 1194 317 με,
1209 281 1314 317 δέομαι.

1079 327 1136 362 Τὴν
1159 327 1292 362 καλλονὴν
1315 327 1413 354 Ἰακώὸ
1437 336 1466 354 σε
1488 328 1553 360 Θεὸς
1569 327 1720 363 ἐξελέξατο,
1742 330 1772 356 ὲν
1790 332 1832 359 σοὶ

1044 372 1248 407 κατεσκήνωσε,
1275 373 1324 400 καὶ
1347 373 1379 400 at
1402 374 1558 410 διετήρησε,
1586 375 1632 402 καὶ
1653 376 1721 410 μετὰ
1742 377 1831 410 τόκον,

1045 418 1193 454 Παρθένον,
1214 417 1309 455 ὥσπερ
1326 417 1361 454 ἧς
1378 420 1430 454 πρὸ
1446 420 1493 447 τοῦ
1512 422 1603 453 τόκου,
1628 421 1749 456 Παρθένε
1765 422 1816 449 Θεο

1043 464 1117 492 τόκε.

1085 511 1166 545 Ἰεραῑ
1181 519 1210 537 σε
1224 511 1277 538 τῶν
1292 511 1439 547 προφητῶν
1453 511 1618 547 κηρύττουσι
1632 513 1719 547 φωναὶ
1732 513 1833 548 συμϐο-

1044 555 1128 587 λικῶς
1148 556 1246 591 πύλην,
1269 556 1315 583 καὶ
1336 556 1409 591 ὅρος,
1424 557 1472 583 καὶ
1488 557 1601 593 σκηνήν,
1627 559 1673 585 καὶ
1687 558 1738 594 τὴν
1752 559 1832 593 ἁγίαν

1045 601 1134 636 φωτὸς
1148 601 1273 637 νεφέλην,
1288 602 1316 635 ἐξ
1341 599 1375 637 ἦς
1398 603 1454 634 τοῖς
1470 603 1499 629 ὲν
1516 603 1607 629 σκότει
1622 604 1669 629 καὶ
1686 605 1750 639 σκιᾷ
1765 603 1832 630 καθ-

1045 647 1157 682 ημένοις
1175 647 1312 674 ἀνέτειλεν
1325 648 1410 683 ἥλιος,
1430 649 1563 684 Παρθένε,
1579 649 1698 684 Χριστὸς
1719 650 1734 676 ὀ
1745 658 1833 684 φωτο-

1044 694 1135 729 δύτης.

1080 739 1183 774 Φρικτή
1202 747 1249 766 σου
1260 740 1278 775 ή
1288 739 1389 774 λοχεία,
1405 740 1521 767 Θεοτόκε
1538 741 1635 778 Μῆτερ
1648 741 1731 778 Genii,-
1748 743 1789 770 διό
1804 750 1835 770 σι

1047 786 1237 822 μακαρίζομεν
1255 787 1299 813 ἀεὶ
1321 787 1369 813 καὶ
1391 786 1539 822 δοξάζομεν
1555 789 1675 822 πιστῶς,
1693 790 1722 816 αἱ
1742 791 1835 825 γενεαὶ

1046 831 1100 858 τῶν
1113 831 1215 866 γενεῶν
1227 831 1268 864 είς
1281 833 1344 864 τοὺς
1357 833 1470 866 αἰῶνας.
1490 835 1587 870 Ἀμήν.

203 916 245 943 Ex
257 916 361 945 Conone
371 917 396 942 in
411 915 440 943 S.
456 915 569 958 Matrem
584 921 702 958 nostra}:
722 914 839 942 Elisabet
854 912 990 941 Thauma-

1049 920 1112 958 ’E2¢_
1119 921 1180 958 ξοῦ
1206 922 1342 958 ᾓανόνςος
1365 923 1408 954 εις
1423 922 1482 956 τὴν
1499 923 1590 949 ὁσίαν
1607 924 1726 957 Μητέρα
1751 923 1837 958 ἡμῶν

485 955 599 985 turgam,
617 950 658 977 die
668 949 714 977 24.

238 1008 288 1041 Te,
301 1007 479 1042 opurissima,
493 1014 554 1041 quae
567 1014 648 1041 supra
661 1006 761 1035 mentis
775 1011 938 1041 conceptum
953 1005 996 1034 ἰιιο

203 1053 356 1089 separabile
380 1052 470 1080 Patris
490 1052 607 1080 Verbum
625 1052 772 1088 peperisti,
799 1051 995 1080 ardentissimo

203 1108 298 1129 amore
323 1107 495 1136 prosequens
514 1099 694 1127 celeberrima
715 1099 852 1132 Elisabet,
869 1098 995 1134 .Spiritus

202 1146 292 1175 uncti
306 1145 511 1180 receptaculum
528 1145 598 1180 (acta
615 1149 657 1173 est
671 1145 771 1172 divinis
783 1144 934 1172 virtutibus
950 1151 994 1172 re-

203 1190 323 1225 fulgens.

238 1235 278 1264 To
292 1236 389 1269 solam,
402 1235 581 1271 purissimum
599 1234 771 1270 Virginitatis
786 1235 918 1270 templum
935 1234 994 1270 glo-

203 1283 355 1311 riosissima
372 1281 491 1310 Elisabet
506 1289 569 1309 cum
587 1281 639 1309 lide
651 1282 823 1313 desiderans,
843 1289 860 1308 ο
872 1286 929 1309 tota
942 1281 994 1308 im-

204 1329 348 1362 maculata,
363 1329 463 1364 gaudet
475 1328 591 1356 adducta
607 1327 663 1356 lilio
677 1332 724 1355 tuo
741 1327 867 1363 religiose
879 1327 995 1362 vestigia

203 1380 250 1403 tua
266 1375 425 1402 subsecuta.

240 1420 304 1447 Sola
321 1419 405 1447 Deum
424 1419 598 1447 incarnatum
615 1418 670 1446 lers
689 1418 716 1446 in
731 1424 821 1451 utero,
835 1419 881 1454 qui
894 1420 996 1454 praebet

203 1474 266 1495 esse
281 1467 418 1495 universis
428 1485 437 1499 ,
452 1474 534 1502 quem
548 1466 669 1494 Elisabet
684 1474 717 1493 ex
731 1466 823 1493 animo
838 1467 996 1502 concupivit

203 1517 231 1540 et
245 1512 356 1545 amavit,
372 1512 461 1540 eidem
477 1512 657 1548 spiritualitcr
676 1512 840 1547 desponsata
858 1521 864 1539 :
882 1519 899 1539 ο
915 1512 996 1548 Virgo

203 1558 318 1594 Deipara
331 1578 338 1592 ,
353 1559 512 1594 angelorum
530 1559 693 1586 miraculum
705 1580 712 1592 ,
727 1563 755 1586 et
768 1559 920 1587 daemonum
937 1560 995 1586 vul-

204 1611 268 1637 nus,
282 1609 339 1633 tota
351 1605 533 1632 admirabilis.

239 1650 370 1685 Superior
383 1651 510 1685 supernis
527 1650 708 1685 potestatibus
722 1649 793 1677 facta
807 1656 836 1677 es
846 1671 854 1683 ,
869 1658 886 1677 ο
901 1649 993 1685 Virgo,

205 1695 323 1724 Verbum
340 1696 415 1723 Patri
430 1700 597 1723 coaeternum
617 1701 645 1722 et
668 1696 807 1730 coaequale
822 1696 903 1723 enixa
924 1704 931 1722 ε
948 1703 996 1722 cu-

203 1742 249 1778 jus
261 1741 454 1776 splentloribus
470 1741 591 1768 Elisabet
605 1741 713 1769 Deifera
729 1741 875 1774 illustrata,
890 1741 996 1776 passio-

205 1795 272 1815 num
287 1786 403 1815 nebulas
417 1786 571 1821 dissipavit.

240 1833 398 1868 Coneepisti
415 1833 443 1861 in
464 1838 544 1861 utero
565 1833 642 1861 illum
658 1833 705 1869 qui
727 1838 770 1862 est
788 1838 850 1861 ante
871 1834 968 1862 secula
988 1844 995 1862 :

205 1879 336 1914 peperisti
350 1879 378 1906 in
393 1887 479 1907 carne
488 1886 550 1907 eum
565 1879 612 1913 qui
630 1884 726 1907 natura
741 1883 783 1907 est
796 1880 975 1914 incorporeus
989 1889 995 1907 :

205 1926 345 1954 nutrivilti
361 1926 431 1954 lacte
447 1932 510 1954 eum
525 1926 573 1961 qui
590 1926 677 1954 nutrit
690 1925 832 1958 universa;
846 1933 864 1953 ο
877 1925 923 1953 Dei
939 1925 998 1952 Ma-

205 1976 247 2000 ter
259 1972 373 2007 innupta
386 1976 414 2000 et
423 1971 564 2000 inviolata.

243 2017 321 2051 Vide,
334 2026 351 2046 o
362 2017 457 2054 Virgo,
471 2018 672 2046 tribulationem
687 2026 787 2051 meam,
799 2026 880 2054 quam
892 2017 999 2046 induxit

206 2064 355 2092 multitudo
384 2064 519 2092 malorum
540 2071 676 2096 meorum,
697 2069 724 2091 et
739 2064 774 2091 ab
790 2064 851 2099 igne
869 2064 999 2099 geltennze

205 2109 282 2145 eripe
298 2117 342 2138 me
361 2110 525 2138 clamantem
551 2119 557 2136 ε
576 2109 739 2138 Benedictus
751 2130 758 2142 ,
787 2117 804 2136 ο
827 2109 996 2142 castissima,

205 2155 313 2184 fructus
325 2157 431 2184 ventris
446 2157 496 2185 tui.

240 2201 363 2238 Corpore
378 2203 508 2230 amictum
534 2201 676 2236 peperisti,
691 2206 719 2229 et
742 2202 816 2229 ulnis
839 2201 962 2236 gestasti,
983 2208 1000 2227 ο

1106 955 1336 992 Ἐλισάϐετττὴν
1352 958 1591 992 θαυματουργὸν,
1607 955 1703 993 ἡμέρα
1719 955 1770 986 κδ⁴ζ

1081 1012 1114 1040 Σὲ
1147 1013 1199 1049 τήν
1229 1012 1364 1041 τεκοῦσαν
1391 1014 1461 1049 ὑπὲρ
1488 1013 1562 1048 νοῦν,
1588 1016 1763 1051 πανάμωμε,
1790 1016 1836 1042 τὸν

1047 1059 1199 1096 ἀδιαίρετον
1222 1059 1290 1087 Θεοῦ
1309 1060 1417 1095 Πατρὸς
1437 1061 1525 1096 Λόγον
1541 1061 1666 1097 διαπύρῳ
1683 1062 1765 1098 ἔρωτι
1785 1071 1836 1089 πο-

1046 1105 1160 1141 θοῦσαή
1181 1105 1303 1141 ἀοίδιμος
1321 1104 1474 1138 Ἐλισάὸετ,
1493 1107 1597 1142 δοχεῖον
1611 1108 1689 1142 ἁγίου
1707 1107 1834 1143 Πνεύμα-

1045 1160 1092 1183 τος
1106 1151 1229 1187 γέγονεν,
1245 1152 1333 1185 θείαις
1344 1151 1457 1188 ἀρεταῖς
1472 1153 1675 1189 διαλάμπουσα.

1082 1239 1238 1274 Παρθενίας
1249 1247 1279 1266 σι
1296 1241 1380 1276 μόνην
1390 1241 1421 1267 τὸ
1434 1240 1555 1276 καθαρὸν
1567 1241 1692 1277 τέμενος,
1704 1242 1722 1276 ἡ
1735 1249 1836 1268 mveu-

1048 1284 1131 1320 κλεής
1146 1284 1287 1313 Ἐλισάδετ
1297 1285 1389 1313 πίστει
1397 1285 1550 1322 ποθήσασα,
1559 1288 1662 1324 χαίρει,
1670 1288 1834 1323 πανάμωμῆ

1045 1331 1085 1366 τῷ
1104 1330 1144 1366 σῷ
1160 1331 1219 1368 Υἱῷ
1236 1332 1423 1367 προσαχθεζσα
1438 1332 1526 1360 ὀπίσω
1546 1342 1594 1360 σου
1616 1333 1836 1368 ἀκολουθήσασα.

1081 1420 1160 1456 Μόνη
1173 1420 1242 1448 Θεὸν
1258 1421 1351 1457 φέρεις
1368 1421 1398 1448 ἐν
1420 1422 1511 1457 μήτρᾳ
1525 1423 1723 1458 σαρκούμενον,
1743 1418 1791 1449 τὸν
1806 1423 1837 1449 τὸ

1046 1463 1117 1494 εἷναι
1133 1468 1202 1494 πᾶσι
1222 1467 1426 1502 παρεχόμενον,
1448 1467 1478 1494 δν
1495 1468 1666 1501 timuit)an
1689 1467 1722 1494 ὲκ
1734 1467 1835 1503 ψυχῆς,

1045 1512 1135 1547 τούτῳ
1157 1512 1336 1548 μνηστευθεὶς
1353 1514 1370 1548 ή
1389 1512 1532 1540 Ἐλισάδετ
1551 1514 1580 1540 ὲν
1598 1513 1749 1548 Πνεύματι,
1763 1513 1838 1548 Παρ-

1047 1559 1106 1586 Θένε
1123 1559 1250 1592 Θεοτόκε,
1266 1560 1320 1586 τῶν
1337 1559 1462 1594 ἀγγέλων
1475 1560 1505 1586 τὸ
1521 1559 1624 1596 θαῦμα,
1640 1561 1687 1587 καὶ
1701 1559 1838 1596 δαιμόνων

1047 1604 1077 1631 τὸ
1089 1603 1211 1639 τραῦμα,
1223 1604 1431 1639 πανθαύμαστε.

1090 1651 1247 1685 Ὑπερτέρα
1270 1651 1325 1677 τῶν
1354 1650 1410 1678 ἄνω
1428 1651 1554 1686 πέφυκας
1576 1651 1736 1686 δυνάμεων,
1753 1651 1840 1684 Λόγον

1048 1697 1174 1732 κυήσασα
1189 1697 1236 1723 τοῦ
1249 1697 1373 1733 Πατρὺς,
1388 1698 1521 1733 Παρθένε,
1541 1698 1588 1725 τδν
1604 1698 1773 1734 συνάναρχον
1792 1697 1840 1725 καὶ

1049 1742 1202 1776 συναΐδιον,
1225 1739 1257 1769 οὗ
1279 1744 1338 1775 ταῖς
1356 1744 1544 1779 φρυκτωρίαις
1567 1746 1584 1780 ή
1607 1745 1736 1780 θεοφόρος
1752 1745 1840 1779 αὐγα-

1049 1788 1146 1815 σθετσα
1158 1788 1213 1815 τῶν
1230 1788 1327 1816 παθῶν
1342 1790 1390 1825 τὴν
1403 1789 1517 1826 ὁμίχλην
1532 1790 1663 1818 διέλυσεν.

1084 1835 1233 1867 Συνέλαὸες
1248 1835 1278 1863 ὲν
1289 1836 1389 1871 γαστρὶ
1403 1837 1448 1863 τὸν
1463 1837 1637 1871 πῳαιὼνιον,
1650 1838 1779 1873 ἄχραντε,
1793 1837 1842 1864 καὶ

1049 1880 1164 1913 τέτοκας
1180 1882 1210 1908 ὲν
1227 1883 1308 1917 σαρκὶ
1323 1882 1370 1908 τδν
1385 1882 1465 1916 φύσει
1480 1882 1640 1918 ἀσώματον,
1660 1883 1708 1910 καὶ
1724 1883 1841 1917 γάλακτι

1049 1927 1167 1964 ἔθρεψας
1182 1927 1227 1955 τὸν
1239 1928 1343 1964 τροφέα
1359 1928 1479 1961 πάντων,
1497 1928 1640 1965 Θεομῆτορ
1655 1929 1840 1964 ἀπειρόγαμε.

1089 2016 1142 2043 Ἴδε
1164 2016 1214 2051 τήν
1237 2016 1326 2050 θλίψιν
1354 2024 1425 2051 μου,
1443 2016 1584 2051 Παρθένε,
1605 2017 1638 2052 ἣν
1661 2016 1786 2050 ἐπήγαγε
1811 2015 1842 2042 τὺ

1050 2061 1154 2096 πλῆθος
1169 2061 1224 2089 τῶν
1239 2061 1332 2088 κακῶν
1351 2070 1414 2097 μου,
1429 2062 1477 2089 καὶ
1492 2063 1605 2097 γεέννης
1621 2062 1706 2098 πυρὸς
1722 2062 1844 2097 ὲξάρπα-

1053 2117 1099 2135 σον
1118 2107 1222 2143 βοῶντα
1235 2117 1241 2123 ·
1263 2108 1453 2144 Εὐλογημένος
1464 2128 1471 2141 ,
1487 2109 1608 2141 πάναγνε
1619 2129 1627 2141 ,
1645 2108 1659 2134 ὁ
1675 2107 1780 2142 καρπὸς
1791 2108 1843 2143 τῆς

1052 2155 1102 2189 σῆς
1117 2153 1231 2186 κοιλίας.

1087 2199 1286 2235 Σωματοφόρον
1300 2200 1425 2231 τέτοκας,
1448 2199 1495 2226 καὶ
1515 2199 1648 2233 ἀγκάλαις
1669 2199 1840 2230 ἐϐάστασας,

206 2246 292 2283 Virgo
307 2247 448 2281 inviolata,
467 2247 614 2274 Dominum
633 2245 739 2277 Jcsum,
756 2246 803 2281 qui
825 2249 917 2281 portat
938 2245 995 2272 uni-

1052 2246 1171 2282 ἄχραντε
1191 2246 1327 2282 negem,
1354 2245 1460 2280 Ὶησοῦν
1480 2245 1527 2272 τὸν
1542 2245 1663 2281 Κύριον,
1685 2245 1732 2272 τὸν
1753 2246 1844 2272 πάντα

206 2301 286 2322 versa
297 2298 365 2322 nutu
375 2301 426 2322 suo
436 2293 627 2328 omnipotenti.
637 2291 820 2325 Quamobrem
831 2297 857 2319 te
868 2295 1000 2326 tanquam

210 2337 258 2365 Dei
267 2337 380 2365 Matrem
392 2338 592 2369 collaudamus,
605 2337 754 2364 clamantes
766 2344 828 2364 cum
841 2336 999 2371 prteconiis:

211 2382 385 2416 Sacerdotes,
391 2383 543 2412 benedicite
551 2391 558 2416 ;
575 2382 655 2418 106
663 2382 792 2418 populus,
801 2382 1001 2417 supcrenltate

210 2427 368 2456 Dominum.

244 2475 328 2503 Parce
342 2474 421 2508 mihi,
436 2474 571 2507 Salvator,
585 2475 632 2509 qui
645 2479 735 2507 natus,
748 2473 915 2502 Genitricem
925 2479 998 2501 tuam

210 2521 395 2556 incorruptam
412 2520 580 2549 conservasti
597 2524 658 2555 post
673 2523 781 2555 partum
793 2539 801 2552 ,
816 2527 877 2548 cum
890 2519 999 2547 sedebis

208 2572 238 2593 ut
253 2565 361 2602 judice;
378 2572 461 2601 opera
482 2573 560 2599 mea,
582 2565 761 2593 dissimulans
782 2565 952 2600 iniquitates,
973 2569 1000 2592 et

207 2616 317 2646 peccata
346 2620 405 2639 mea
429 2617 557 2647 tanquam
584 2612 816 2647 benignissimus,
840 2612 996 2643 miscrator.

208 2658 289 2691 boue,
301 2663 328 2686 et
342 2662 449 2686 amator
460 2658 615 2686 hominum.

206 2715 249 2742 Es;
279 2715 386 2743 Conone
413 2716 439 2743 in
464 2715 493 2744 S.
524 2715 660 2744 Basileum
684 2717 834 2750 episcopum
856 2717 997 2748 Amasetz,

549 2752 592 2778 die
606 2751 653 2779 26.

239 2804 262 2832 0
280 2805 363 2841 Virgo
378 2810 519 2841 perpetua,
533 2806 667 2841 refugium
684 2806 815 2839 (idolium,
833 2812 860 2833 ct
878 2806 996 2833 validum

206 2851 338 2878 auxilium
353 2852 553 2880 recurrentium
572 2852 605 2879 ad
620 2857 645 2879 te
656 2873 662 2884 ,
680 2853 714 2879 ab
731 2853 806 2880 otnni
834 2853 998 2881 necessitate

206 2899 234 2924 et
248 2896 349 2924 damno
363 2897 454 2926 hostili
473 2899 562 2927 salvas
579 2899 621 2926 lac
638 2907 697 2926 nos.

1057 2292 1225 2328 βαστάζοντα
1240 2291 1437 2327 παντοδυνάμῳ
1454 2291 1570 2327 νεύματι
1580 2300 1587 2306 ·
1602 2292 1664 2319 ὅθεν
1678 2292 1717 2323 ὡς
1732 2291 1801 2318 Θεοῦ
1814 2299 1844 2318 σε

1055 2339 1228 2374 ἁνυμνοῦμεν
1240 2338 1489 2374 Μητέρα,βοῶντες
1504 2338 1533 2365 ὲν
1548 2338 1662 2365 αίνέσει·
1682 2338 1785 2374 Ἱερᾶς,
1799 2337 1845 2363 εύ-

1054 2384 1169 2419 λογεϊτν
1186 2383 1262 2417 λαὸς,
1273 2384 1445 2420 ὖπερυψοῦτε
1458 2383 1505 2411 τὸν
1516 2383 1632 2420 Κύριον.

1088 2473 1182 2500 Φείσαί
1205 2482 1257 2508 μου
1270 2493 1277 2506 ,
1298 2473 1402 2509 Σῶτερ,
1426 2474 1441 2500 ὁ
1457 2471 1565 2508 τεχθεὶς
1587 2473 1635 2500 καὶ
1658 2472 1780 2507 φυλάξας
1794 2471 1845 2507 τήν

1051 2520 1184 2548 τεκοῦσάν
1200 2528 1230 2547 σε
1244 2519 1364 2556 ἄφθορον
1379 2518 1449 2555 μετὰ
1459 2520 1509 2555 τὴν
1519 2519 1618 2556 κύησιν
1627 2540 1635 2552 ,
1648 2519 1713 2546 ὅταν
1726 2518 1843 2555 καθίσῃς

1053 2567 1146 2602 κρίναι
1160 2566 1195 2592 τὰ
1209 2566 1278 2601 ἔργα
1297 2574 1363 2601 μου,
1379 2565 1429 2597 τὰς
1444 2566 1559 2601 ἀνομίας
1570 2565 1716 2600 παρορῶν,
1731 2565 1779 2591 καὶ
1795 2565 1846 2597 τὰς

1053 2613 1190 2649 ἁμαρτίας
1209 2621 1271 2648 μου,
1287 2612 1325 2645 ὡς
1336 2612 1524 2647 ὑπεράγαθος,
1544 2612 1681 2647 ἐλεήμων,
1697 2610 1782 2646 ἀγαθὲ
1796 2612 1842 2638 καὶ

1052 2658 1224 2694 φιλάνθρωπε
1230 2678 1236 2684 .

1057 2717 1109 2743 Ἕκ
1124 2715 1177 2743 τοῦ
1197 2716 1331 2749 Κανόνος
1344 2717 1387 2749 εις
1401 2716 1454 2743 τὸν
1470 2716 1555 2751 ἅγιον
1568 2714 1763 2750 ἱερομάρτυρα
1785 2716 1845 2741 Ba-

1119 2751 1247 2784 σίλειον,
1261 2751 1431 2778 ἐπίσκοπον
1452 2751 1605 2787 Ἀμασίας,
1618 2751 1711 2786 ἡμέρᾳ
1727 2752 1784 2782 κς’.

1095 2807 1126 2834 Ἦ
1149 2807 1252 2835 πιστῶν
1273 2807 1437 2842 καταφυγὴ,
1466 2807 1642 2843 Ἀειπὰρθενε
1655 2827 1663 2840 ,
1686 2807 1703 2842 ή
1725 2805 1844 2841 κραταιὰ

1053 2853 1163 2888 βοήθεια
1179 2853 1232 2879 τῶν
1253 2854 1474 2888 προστρεχόντων
1491 2862 1532 2880 σοι
1547 2853 1601 2880 ἀπὸ
1617 2854 1707 2890 πάσης
1719 2852 1842 2888 ἀνάγκης

1053 2900 1099 2926 καὶ
1119 2899 1220 2934 βλάϐης
1232 2899 1356 2932 ἐναντίας
1372 2900 1445 2935 ἡμᾶς
1459 2899 1602 2928 διάσωσον.
