2069 3159
249 191 316 228 1111

810 202 842 233 s.
859 201 1017 235 roseam
1033 187 1313 234 HYMi‘IOGRAPHI

1803 196 1872 230 1112

759 249 802 279 Ea;
819 251 925 279 Conone
937 252 964 278 in
978 251 1007 280 S.
1024 251 1168 286 Zosimam,
1182 252 1226 280 die
1238 251 1273 279 27
1284 250 1363 288 (60').

286 308 404 336 Verbum
426 309 492 337 citra
515 309 694 338 mutationem
716 310 887 338 incarnatum
911 311 937 337 in
962 315 1033 337 terra
1048 312 1074 341 Α
1087 315 1210 339 mortuos
1233 311 1297 339 vitae
1323 309 1459 343 restituit;
1477 309 1551 338 unde
1577 317 1628 338 nos
1646 309 1739 338 ﬁdeles
1759 309 1874 339 vocibus

248 354 377 390 peperisti
398 355 424 382 in
442 354 662 383 reformationem
679 356 836 388 hominum,
855 356 901 390 qui
918 361 943 384 te
957 356 1033 384 voci-

248 399 300 427 bus
315 400 524 428 incessabilibus
541 401 707 434 beatiﬁcant,
722 409 739 429 ο
755 409 817 430 vere
837 402 929 430 divina
946 402 1034 430 felici-

247 449 302 472 tate
315 446 542 473 cumulatissima.

259 507 262 509 ›
283 489 366 527 Virgo
383 491 551 526 incorrupta,
568 500 585 519 θ
600 496 686 525 casta,
705 496 766 527 post
781 497 890 528 partum
905 501 1035 528 perman-

246 536 319 566 sisti.
345 537 504 573 concipiens
527 539 609 566 modo
635 538 852 573 inexcogitabili,
879 539 956 568 illum
986 540 1034 575 qui

245 583 357 611 abstulit
370 584 574 620 corruptionem
592 593 599 611 :
623 589 765 619 propterea
780 592 877 614 omnes
892 590 920 614 te
935 587 1035 614 merito

244 629 351 657 beatam
366 629 493 663 dicimus,
507 637 524 657 o
539 629 664 665 Deipara.

281 674 430 704 Thalamus
441 680 514 704 totus
527 676 648 709 lucidus,
671 677 867 706 candelabrum
883 681 969 705 totum
984 686 1035 706 an-

245 729 322 749 renm
331 741 340 754 ,
354 722 431 750 locus
444 723 670 751 sanctiﬁcationis
682 724 797 752 thronus
808 723 856 752 Dei
871 724 1032 757 altissimus,

244 772 271 794 et
288 767 417 802 palatium
440 768 640 803 amplissimum
659 769 728 798 facta
745 778 785 802 es,
805 777 822 798 ο
835 770 919 805 Virgo
940 770 1033 798 divina

245 813 331 848 gratia
348 814 578 843 cutuulatissima.

282 858 408 887 Sanctior
424 860 571 888 Cherubim
596 861 690 894 fuisti,
711 869 728 890 ο
743 862 949 896 laudatissima,
969 863 1033 891 dum

246 903 331 932 Deum
345 905 532 940 inexplicabili
547 907 653 935 ratione
667 908 798 943 genuisti,
815 909 860 944 qui
875 910 960 937 voluit
977 910 1033 937 sal-

245 957 309 978 rare
325 950 472 979 humanum
486 959 583 988 genus,
600 955 735 988 serpentis
747 954 812 982 dolo
825 961 986 991 corruptum
1002 963 1034 984 ac

244 1000 425 1030 peremptum.

280 1038 370 1067 Vitam
384 1041 523 1075 peperisti,
539 1049 556 1069 ο
570 1043 735 1075 castissima,
747 1050 809 1078 quat
819 1043 856 1071 ob
869 1043 942 1079 pomi
958 1052 1034 1072 esum

1086 357 1236 393 gratiarum
1248 356 1364 386 actionis
1377 361 1404 384 te
1416 356 1523 384 beatam
1539 355 1740 392 proclamamus
1750 375 1759 389 ,
1773 363 1821 391 per
1836 361 1872 390 te,

1086 411 1104 431 o
1116 404 1243 431 laudibus
1253 399 1349 440 digna,
1366 402 1474 431 salvati.

1122 450 1177 477 Lex
1200 450 1292 477 divina
1308 454 1335 476 et
1350 449 1545 483 prophetarum
1567 448 1712 484 aenigmata
1739 455 1875 483 praemon-

1086 499 1243 524 straveruut
1258 500 1294 528 te,
1311 502 1328 523 o
1345 499 1402 523 tota
1417 495 1603 526 immaculata,
1612 494 1762 530 parituram
1779 493 1873 522 Iesum

1086 542 1226 571 Christum
1244 541 1449 568 Emmanuelem
1473 541 1500 569 in
1517 541 1640 568 omnium
1667 541 1809 568 hominum
1827 547 1873 568 re-

1085 587 1318 620 conciliationem,
1340 586 1467 619 salutem,
1489 585 1572 614 vitam
1602 592 1630 614 et
1648 585 1873 620 redemptionem.

1121 632 1299 668 Negligentiz
1313 632 1507 660 dormitatione
1521 636 1673 667 gravatum,
1690 630 1874 666 profundissi—

1087 687 1149 707 mus
1176 678 1281 714 peccati
1306 685 1391 712 sopor
1415 684 1460 706 me
1489 676 1626 712 oppressit
1657 685 1664 705 :
1693 676 1873 711 quamobrem

1085 725 1175 753 clamo
1183 724 1217 752 ad
1230 729 1267 757 te,
1279 729 1310 752 ut
1322 730 1431 759 semper
1442 722 1621 758 vigilantibus
1636 721 1763 757 precibus
1774 721 1828 749 tuis
1840 719 1875 748 ad

1086 770 1252 807 poenitentia
1267 770 1355 798 lucem
1370 769 1474 798 excites
1495 777 1549 796 ma.
1804 802 1807 804 _

1120 817 1194 846 Voce
1210 816 1359 853 gratiarum
1376 815 1494 844 actionis
1503 814 1572 843 adte
1585 815 1735 843 clamamus
1753 822 1760 842 :
1779 813 1872 845 Salve,

1083 863 1235 900 jucundum
1261 870 1294 891 ac
1317 862 1523 891 sanctissimum
1553 861 1600 889 Dei
1632 860 1839 889 tabernaculum
1864 866 1874 886 :

1085 911 1169 943 salve,
1181 910 1265 938 totius
1279 909 1359 945 ιοθ
1376 908 1470 936 mundi
1481 908 1573 936 salus:
1588 907 1672 941 salve,
1681 915 1698 934 ο
1710 905 1852 934 benedicta
1864 913 1872 932 :

1085 956 1170 988 salve,
1186 963 1204 983 o
1218 955 1253 983 ab
1262 956 1336 983 omni
1352 954 1459 983 macula
1472 954 1613 986 immunis,
1631 961 1679 988 per
1694 960 1777 988 quam
1789 959 1803 979 a
1815 958 1875 978 cor-

1047 999 1073 1030 B
1086 1002 1212 1038 ruptione
1225 1009 1258 1030 ac
1270 1001 1446 1029 damnatione
1460 999 1568 1028 liberati
1581 1005 1687 1027 sumus.

713 1111 756 1138 Ea:
772 1111 878 1140 Canam:
889 1113 917 1140 in
930 1112 960 1141 S.
977 1112 1103 1140 Iasonem
1122 1113 1279 1148 apostolum,
1301 1113 1345 1141 die
1355 1114 1401 1142 28.

279 1169 380 1199 Puella
394 1170 482 1199 virum
495 1171 642 1200 nescientis
657 1172 784 1207 apparuit
794 1171 867 1201 ﬁlius
883 1180 965 1201 carne
978 1173 1033 1201 cir-

243 1216 390 1244 cumdatus
404 1221 515 1252 propter
527 1218 641 1245 multam
654 1225 732 1246 suam
746 1218 962 1247 misericordiam
976 1219 1033 1250 ille.

243 1261 291 1298 qui
309 1262 385 1290 nulla
401 1262 501 1291 mentis
523 1262 630 1291 ratione
658 1263 852 1299 comprehendi
881 1267 980 1299 potest,
1003 1269 1033 1292 ut

243 1315 292 1336 eos
313 1308 359 1343 qui
383 1308 556 1343 passionibus
581 1308 673 1337 carnis
698 1309 796 1337 misere
819 1309 1032 1344 succubuerant,

243 1355 278 1381 ad
299 1353 545 1389 impassibilitatem
571 1353 715 1383 manifeste
736 1354 881 1383 reduceret
899 1362 947 1390 per
967 1363 1031 1390 pas-

243 1399 348 1427 sionem
360 1399 452 1427 carnis
466 1407 532 1431 sua),
544 1399 587 1427 cui
601 1399 635 1427 de
649 1407 724 1427 more
737 1400 883 1435 psallentes
893 1400 1030 1430 dicimus:

244 1445 369 1474 Glorioso
385 1445 457 1473 enim
471 1445 639 1481 gloriﬁcatus
653 1451 706 1479 est,
721 1450 774 1474 etc.

279 1490 416 1524 lnterﬂce,
431 1498 448 1518 ο
461 1490 618 1526 purissima,
640 1490 747 1519 viviﬂca
771 1490 966 1519 intercessione
985 1496 1032 1520 tua

244 1542 385 1574 peccatum
400 1537 474 1573 quod
489 1537 555 1565 vivit
568 1537 595 1564 in
607 1544 662 1569 me.
673 1541 702 1564 tu
714 1544 775 1572 quae
789 1537 872 1564 vitam
883 1537 1012 1572 genuisti.

280 1581 303 1610 0
325 1582 449 1614 Domina,
468 1582 580 1610 thalami
597 1582 726 1617 nuptialis
751 1582 855 1616 nescia,
874 1583 949 1611 salva
969 1591 1030 1617 me.

239 1623 415 1654 ‘Salvatorem
432 1625 549 1655 Verbum
567 1626 663 1659 enixa,
679 1632 705 1654 et
718 1634 734 1654 a
748 1626 877 1662 periculis
901 1631 983 1664 atque
997 1627 1032 1655 ab

246 1676 347 1701 aterna
364 1672 539 1700 damnatione
553 1672 638 1700 libera
655 1679 709 1700 me.
785 1678 792 1707 ι

281 1719 408 1747 Sanctior
430 1718 578 1747 Cherubim
609 1718 769 1754 apparuisti,
787 1706 865 1747 dum
892 1719 920 1747 in
958 1725 1030 1748 terra
1045 1706 1068 1736 ο

245 1765 368 1792 omnium
383 1764 527 1792 Dominum
550 1771 664 1799 corpore
686 1764 809 1799 induisti,
826 1773 843 1792 ο
861 1765 975 1793 Domina
991 1766 1032 1793 in-

245 1811 356 1845 violata,
370 1810 444 1839 omni
461 1810 541 1838 laude
554 1810 725 1846 dignissima.

1124 1174 1202 1202 Sicut
1223 1174 1313 1210 pluvia
1331 1174 1358 1202 in
1379 1173 1486 1206 vellus,
1513 1171 1634 1201 Verbum
1658 1168 1828 1198 salutiferam
1846 1168 1874 1197 in

1083 1220 1191 1248 vulvam
1212 1225 1286 1248 tuam
1302 1219 1453 1252 descendit,
1473 1223 1501 1247 et
1523 1218 1606 1246 homo
1621 1225 1655 1245 ex
1675 1220 1703 1244 te
1717 1215 1805 1244 factus
1820 1219 1873 1249 est,

1084 1271 1114 1294 ut
1128 1267 1246 1294 salvaret
1256 1273 1310 1299 me,
1324 1273 1341 1293 ο
1357 1265 1461 1297 Puella,
1476 1263 1641 1292 mediatione
1656 1266 1714 1290 tua.

1116 1312 1157 1339 'l‘n
1171 1320 1232 1347 qua:
1245 1311 1384 1339 Christum
1401 1311 1429 1339 in
1444 1310 1516 1338 ulnis
1533 1310 1599 1342 tuis,
1614 1313 1743 1344 tanquam
1757 1308 1873 1335 thronus

1085 1358 1240 1394 ignilormis
1262 1356 1386 1392 gestasti,
1408 1363 1493 1384 exora
1518 1353 1655 1386 eumdem,
1676 1351 1873 1381 oinnocentis—

1086 1403 1167 1436 sima,
1188 1407 1283 1438 utpote
1298 1400 1397 1429 Filium
1412 1405 1487 1428 tuum
1501 1407 1534 1428 ac
1546 1398 1705 1430 Dominum,
1729 1401 1760 1424 ut
1776 1403 1872 1431 pacem

1086 1449 1219 1484 largiatur
1231 1446 1335 1475 mundo
1344 1446 1473 1475 clamanti
1488 1444 1669 1474 :Benedictus
1682 1443 1753 1471 Deus
1763 1446 1871 1478 patrum

1087 1499 1242 1523 nostrorum
1245 1512 1255 1521 ο

1120 1540 1240 1574 Fornax,
1267 1542 1361 1575 partus
1386 1538 1424 1566 tul
1451 1537 1574 1574 symbola
1605 1536 1670 1564 olim
1694 1534 1826 1566 referens,
1854 1540 1871 1560 ο

1086 1584 1169 1620 Virgo
1188 1584 1284 1618 Mater,
1301 1583 1492 1612 adolescentes
1518 1589 1574 1610 non
1593 1580 1756 1613 combussit,
1776 1586 1872 1615 quem-

1085 1631 1232 1660 admodum
1245 1638 1296 1659 nec
1311 1630 1382 1666 ignis
1395 1629 1544 1658 divinitatis
1558 1632 1665 1656 uterum
1684 1631 1772 1654 tuum.

1117 1675 1200 1703 Mater
1217 1675 1287 1704 facta
1302 1673 1489 1703 Emmanuelis
1509 1673 1537 1701 in
1561 1677 1639 1701 utero
1655 1676 1703 1700 tuo
1716 1669 1871 1702 incantati,

1085 1721 1237 1754 deiﬁcasti,
1263 1728 1280 1749 o
1304 1720 1526 1752 inviolatissima,
1551 1724 1677 1747 naturam
1702 1717 1872 1744 humanam:

1085 1771 1238 1803 propterea,
1257 1774 1274 1794 ο
1298 1765 1473 1795 sanctissima
1501 1764 1548 1794 Dei
1573 1763 1708 1797 Genitrix,
1723 1767 1751 1791 te
1765 1763 1873 1790 beatam

1087 1820 1229 1841 vocamus.

738 1881 820 1917 ιιο
835 1879 878 1909 Ea:
893 1880 999 1910 Conone
1011 1882 1040 1910 in
1055 1882 1085 1911 S.
1102 1881 1278 1916 Memnonem,
1291 1881 1334 1909 die
1344 1880 1389 1909 29.

279 1953 347 1981 Cum
365 1951 436 1979 Deus
449 1957 482 1978 ex
507 1954 533 1979 te
550 1950 690 1978 hominem
712 1949 909 1986 assumpsisset
922 1955 1029 1986 propter

244 2008 323 2029 slnm
337 2000 498 2032 bonitatem,
511 2006 528 2027 ο
540 1998 701 2026 intemerata
712 1997 805 2034 Virgo,
822 1998 957 2034 processit
970 2003 1032 2025 cum

244 2047 346 2083 duplici
362 2044 519 2080 operatione
540 2048 568 2072 et
581 2048 696 2077 natura;
709 2051 792 2079 quem
815 2051 924 2079 semper
937 2043 1023 2079 depre

243 2100 318 2124 care.
340 2095 370 2119 ut
381 2096 407 2120 te
419 2091 562 2119 laudantes
575 2089 719 2117 illuminet.

279 2137 399 2167 Verbum
416 2135 463 2164 Dei
487 2135 629 2172 impolluta
657 2134 762 2162 viscera
791 2139 838 2162 tua
857 2133 1030 2166 inbabitavit,

242 2192 261 2212 ο
277 2183 426 2216 inviolata.
440 2187 523 2218 atque
536 2182 663 2209 universa
681 2180 825 2210 hominum
847 2186 959 2215 peccata
979 2180 1031 2208 eli-

243 2231 369 2259 minavit.

279 2276 408 2305 Animam
427 2282 517 2303 meam
542 2275 569 2302 in
594 2273 760 2310 profundum
786 2272 937 2301 carnalium
954 2272 1031 2300 volu-

242 2326 349 2357 ptatum
370 2322 524 2349 demersam
548 2319 691 2353 conlirma,
719 2323 746 2347 te
760 2325 867 2354 precor,
892 2317 1030 2345 interven-

243 2369 317 2397 tione
328 2373 383 2402 tua,
394 2375 411 2396 o
422 2368 468 2396 Dei
481 2367 608 2404 genitrix,
620 2373 681 2402 quae
692 2366 751 2394 sola
762 2365 1030 2394 bonorum'omnium

242 2417 365 2444 datorem
381 2416 466 2443 Deum
480 2419 604 2443 nostrum
620 2413 748 2449 genuisti.

278 2460 363 2489 Deum
371 2460 510 2495 peperisti,
517 2463 545 2487 et
551 2459 628 2495 virgo
634 2458 818 2494 permansisti,
826 2465 844 2486 o
852 2457 957 2493 Sponsa
965 2457 1012 2485 Dei
1021 2465 1030 2491 ;

243 2511 386 2544 propterea
401 2513 498 2534 omnes
520 2505 664 2534 hominum
687 2504 787 2541 lingua;
800 2507 827 2532 te
842 2511 905 2532 cum
930 2504 1030 2539 gaudio

241 2555 349 2583 beatam
365 2552 470 2580 dicunt.

275 2598 419 2632 uorum,
435 2606 452 2626 ο
467 2597 560 2633 Virgo,
578 2597 670 2625 carnis
685 2603 751 2624 mete
771 2594 953 2632 prudentiam.
969 2602 1030 2630 qua

508 2662 635 2691 MENSIS
643 2661 763 2694 MAIUS.

242 2723 320 2760 ιιι
348 2721 392 2751 Ea:
409 2722 518 2752 Conone
535 2721 562 2752 in
583 2719 634 2752 SS.
653 2725 782 2784 mqrtgru
801 2719 977 2752 Timotheum,
1003 2722 1029 2746 et

518 2756 653 2784 laurum.
669 2756 713 2784 dte
746 2775 754 2783 .

518 2756 653 2789 laurum,
669 2756 713 2784 die
726 2756 754 2784 5.

275 2824 544 2862 Supersubstantiale
554 2824 675 2853 Verbum
695 2824 849 2857 substantia
868 2824 970 2857 tactum
994 2831 1027 2851 ex

1084 1950 1183 1979 monis
1201 1956 1411 1986 peremptorem,
1434 1952 1462 1976 et
1487 1947 1551 1976 vitae
1577 1947 1700 1974 datorem
1723 1943 1872 1979 concepisti

1084 1999 1112 2022 et
1125 1994 1256 2030 peperisti
1271 1994 1352 2022 modo
1364 1992 1495 2022 ineﬂ'abili
1517 1996 1601 2028 atque
1626 1989 1842 2026 ineacogitabili,
1856 1996 1873 2017 o

1083 2040 1249 2069 castissima.

1117 2085 1141 2113 Α
1157 2084 1363 2120 tempestatibus
1378 2084 1574 2112 immensorum
1593 2086 1768 2118 peccatorum
1786 2080 1873 2108 libera

1083 2139 1139 2163 me,
1155 2130 1289 2164 oPuelia,
1314 2137 1375 2166 qua
1397 2130 1455 2158 sola
1473 2129 1654 2157 fortissimum
1680 2135 1710 2155 es
1729 2126 1873 2155 miserabi-

1085 2177 1152 2205 lium
1168 2176 1348 2212 adjutcrium.
1363 2181 1390 2204 et
1415 2179 1589 2212 peccatorum
1610 2171 1840 2210 propitiatorium,
1856 2179 1873 2200 o

1085 2223 1228 2251 benedicta
1241 2223 1268 2251 in
1279 2222 1441 2250 mulieribus
1451 2222 1598 2258 purissima
1615 2220 1741 2248 Domina.

1119 2268 1247 2297 Miseram
1260 2268 1380 2296 animam
1396 2275 1496 2302 meam,
1510 2266 1681 2303 gravissimis
1695 2265 1870 2301 malis'agro-

1085 2319 1188 2343 tantem
1215 2319 1242 2342 et
1265 2314 1475 2350 periclitantem,
1505 2312 1615 2349 dignam
1633 2311 1687 2344 fac,
1713 2319 1731 2339 ο
1756 2311 1871 2339 Domina

1085 2362 1141 2390 Deo
1157 2360 1333 2394 charissima,
1347 2359 1503 2388 visitatione
1514 2363 1570 2391 tua,
1587 2363 1616 2386 et
1630 2357 1816 2386 omnimodam
1831 2355 1871 2384 illi

1083 2407 1299 2435 incolumitatem
1310 2406 1432 2439 restitue,
1445 2404 1510 2433 dum
1528 2404 1640 2432 clamat.

1115 2452 1188 2480 Voce
1212 2451 1367 2487 archangeli
1391 2450 1425 2478 ad
1451 2454 1478 2478 te
1493 2448 1641 2477 laetabundi
1665 2449 1827 2481 clamamus,
1852 2454 1870 2475 ο

1079 2498 1162 2534 Virgo
1178 2507 1185 2526 :
1201 2499 1269 2530 Ave.
1287 2496 1489 2525 maledictiouis
1504 2495 1617 2528 solutio,
1631 2499 1788 2523 sanctorum
1799 2500 1869 2522 con-

1079 2530 1213 2573 fesson
1236 2545 1337 2580 gloria,
1362 2543 1474 2571 Patrum
1498 2542 1644 2579 gloriatio,
1672 2530 1893 2577 prophetarqu

1079 2590 1246 2628 przdicatio,
1259 2595 1342 2627 atque
1356 2591 1499 2619 hominum
1515 2589 1600 2618 salus.

1370 2658 1449 2686 MHN
1464 2658 1582 2686 ΜΛῙΟΣ.

1089 2718 1136 2746 Ἐκ
1148 2717 1202 2746 τοῦ
1217 2717 1351 2750 ζαν-ὄνος
1364 2717 1408 2750 εὶς
1419 2715 1491 2749 τοὺς
1503 2715 1607 2750 ἀπίους
1616 2712 1768 2750 μάρρυρας
1786 2709 1869 2745 TIM-

1261 2754 1331 2780 θσον
1339 2746 1539 2786 adlatis-Ia";
1551 2746 1647 2785 om
1657 2746 1681 2783 γ

1123 2821 1300 2857 ’Υπιρούσιος
1318 2819 1404 2854 Λόγος
1422 2817 1565 2866 commeat:
1586 2817 1616 2850 ἐξ
1630 2815 1722 2850 ἁγνῶν
1743 2811 1869 2849 αἱμάτων

277 2910 344 2954 (60⁸)
361 2912 412 2945 llic
427 2920 518 2946 canon
533 2921 600 2945 cum
614 2912 723 2946 duobus
739 2911 920 2953 sequentibus
937 2912 1031 2943 Grece
1050 2918 1106 2939 non
1122 2914 1211 2942 exstat
1224 2908 1345 2942 inlibris
1358 2908 1452 2941 editis,
