2069 3159
322 188 393 222 1119

884 187 916 218 s.
935 186 1093 218 JOSEPHI
1112 169 1393 217 nmnosnspii'r

1874 179 1946 213 1120

321 246 394 275 rales
404 246 545 282 passiones
559 252 638 279 sana,
651 252 668 274 o
677 244 768 280 Virgo,
777 251 839 281 quae
846 244 999 273 animarum
1009 249 1035 273 et
1047 252 1108 273 cor-

1164 244 1302 279 ίάτρευσον
1329 242 1413 278 πάθη,
1427 240 1474 268 τδν
1487 240 1581 277 ἰατρὸν
1596 239 1652 268 τῶν
1662 239 1757 275 ψυχῶν
1782 239 1830 267 καὶ
1853 239 1950 269 σωμάι

321 300 420 328 porum
434 292 568 320 medicum
581 291 763 327 inexplicabili
791 292 897 319 ratione
922 291 1051 327 genuisti,
1080 296 1108 319 et

322 338 397 366 salva
416 346 468 371 me,
486 346 504 366 ο
531 338 798 372 immaculatissima,
817 337 864 373 qui
878 345 940 373 spes
950 344 1026 366 meas
1043 337 1070 365 in
1081 341 1108 365 te

323 385 444 419 reposui.

358 431 427 458 Ecce
440 429 532 464 Virgo.
551 437 632 465 quam
652 437 766 464 magnus
776 428 860 460 Isaias
875 428 902 455 in
917 428 1020 463 Spiritu
1037 436 1109 465 prae-

321 475 402 507 dixit.
418 475 502 502 Deum
515 476 542 502 in
558 481 636 502 utero
659 475 783 509 concepit
801 481 833 502 ac
852 475 968 510 peperit,
979 474 1024 502 cui
1042 482 1108 502 sua-

320 521 390 548 viter
404 521 528 548 canimus
540 529 548 548 :
568 521 681 548 Domine
694 521 777 553 Deus,
791 520 950 548 benedictus
963 528 1004 548 es.

356 566 450 595 Latior
464 567 541 594 caelis
574 567 737 602 apparuisti,
761 567 846 594 Deum
874 566 901 593 in
918 571 997 593 utero
1032 574 1109 594 com-

320 614 505 649 prehenderis,
521 622 537 640 o
551 613 642 640 Puella
657 616 712 640 tota
729 617 824 640 sancta
839 621 847 644 ;
860 612 907 647 qui
926 619 941 639 a
956 613 1108 647 perniciosa

321 659 445 694 angustia
458 658 584 686 liberavit
597 665 644 686 eos
659 657 706 692 qui
727 657 894 685 concinunt:
912 657 1034 685 Laudate
1059 657 1109 686 Do-

321 705 436 735 minum,
452 710 479 731 et
495 704 694 739 superexaltate
709 703 736 730 in
748 703 840 730 omnia
857 704 967 731 saecula.

355 748 457 776 Natura
470 749 579 784 quidrm
593 749 663 776 Dens
694 756 743 780 es;
762 748 809 776 sed
821 748 974 776 sustinuisti
992 749 1110 777 circum-

319 793 377 821 dari
392 799 489 822 natura
506 795 638 825 humana.
654 794 762 821 vulvam
776 795 979 822 immaculatam
1012 799 1109 829 sponte

320 839 468 874 ingressus.
489 847 507 867 o
518 844 623 866 amator
638 840 781 867 hominum
796 848 806 866 :
826 840 897 868 unde
909 840 978 868 duas
996 845 1110 868 natura-

321 881 361 908 les
376 883 528 909 voluntates
542 883 568 909 in
586 887 612 910 te
629 888 820 918 agnoscentes.
838 888 864 912 te
890 885 1108 919 magniﬁcamus,

321 926 434 955 Matrem
452 932 526 954 tuam
542 929 659 956 lideliter
671 929 866 957 beatiﬁcantes.

323 983 404 1018 116
415 984 457 1010 Ex
476 982 581 1011 Conone
598 985 625 1011 in
636 984 702 1019 festo
714 985 746 1012 S.
762 986 882 1020 Apostoli
895 986 987 1021 Carpi,
1008 987 1052 1016 die
1063 988 1109 1016 26.

357 1071 469 1099 Pariens
487 1071 569 1108 Virgo
596 1073 815 1106 inell'abiliter.et
844 1079 948 1103 naturae
978 1076 1111 1105 innovans

322 1117 406 1152 leges,
427 1117 496 1146 facta
510 1126 541 1146 es
566 1122 655 1147 mater
683 1127 792 1155 semper
809 1120 903 1156 Virgo,
917 1126 1061 1157 propterea
1081 1127 1107 1150 te

324 1163 524 1191 beatiﬁcamus.

361 1208 468 1236 Novum
491 1213 620 1244 tanquam
646 1217 760 1246 puerum
788 1212 915 1247 peperisti
946 1213 1034 1247 illum,
1065 1214 1111 1249 qui

322 1257 386 1281 ante
399 1253 498 1281 saecula
515 1261 529 1281 a
540 1253 621 1282 Patre
639 1260 752 1283 exortus
763 1260 805 1284 est
821 1255 1007 1291 inel‘l‘abiliter,
1029 1264 1046 1285 ο
1061 1257 1110 1286 Dei

321 1297 446 1328 Genitrix
459 1308 467 1326 ι
486 1299 548 1327 ideo
563 1304 589 1327 te
601 1300 799 1335 gloriﬁcamus.

359 1345 581 1385 lntellectualiter
595 1346 662 1374 vidit
679 1351 714 1378 te.
731 1354 748 1374 o
774 1346 821 1375 Dei
848 1347 982 1380 Genitrix.
1008 1347 1111 1383 Puella,

322 1391 453 1426 propheta
465 1391 589 1420 Deifcrus
605 1397 725 1420 montem
743 1400 872 1427 magnum
887 1398 917 1421 et
940 1395 1114 1429 umbrosum,

322 1445 357 1465 ex
371 1445 425 1473 quo
437 1437 508 1465 Deus
523 1443 617 1465 noster
628 1438 654 1465 in
670 1446 752 1465 carne
764 1439 884 1467 advenit.

359 1484 380 1511 Δ
398 1483 525 1512 sordibus
543 1485 642 1512 montis
656 1489 683 1512 et
700 1484 825 1519 corporis
839 1486 957 1513 emunda
972 1494 1015 1514 me
1024 1494 1109 1519 nunc,

322 1538 342 1559 o
358 1530 508 1564 benedicta,
524 1535 591 1557 nutu
606 1535 653 1557 tuo
670 1535 752 1565 atque
769 1531 948 1559 inclinatione
959 1532 1036 1567 plena
1059 1532 1112 1560 mi-

1156 297 1211 316 των
1224 287 1444 324 ἀνερμηνεύτως,
1470 286 1605 322 Παρθένε,
1619 286 1756 320 κυήσασα,
1787 285 1835 311 καὶ
1861 285 1950 311 σῶσόν

1159 342 1193 370 με
1219 334 1265 361 τδν
1284 333 1330 361 ἐπὶ
1344 333 1386 360 σοὶ
1399 333 1448 365 τὰς
1460 331 1581 364 ἐλπίδας,
1595 331 1760 366 πανάμωμε,
1772 330 1896 365 θέμενον.

1195 423 1259 456 Ἴδε,
1271 423 1305 460 ἢν
1323 422 1408 459 ἔφησε
1430 421 1569 458 Παρθένον
1594 420 1623 447 ὲν
1640 420 1678 456 τῷ
1692 420 1835 454 Πνεύματι
1853 421 1868 447 ό
1895 419 1946 455 μέ-

1158 478 1210 505 γας
1231 469 1356 501 Ἡσαΐας,
1382 469 1410 496 ὲν
1427 468 1530 504 γαστρὶ
1545 467 1590 494 τὸν
1607 467 1673 493 Θεὸν
1689 466 1821 493 συνέλαϐε
1848 465 1896 492 καὶ
1907 465 1949 492 τι-

1158 524 1227 548 κτει,
1243 511 1265 549 ᾧ
1281 514 1470 550 μελῳδοῦμενσ
1487 513 1572 549 Κύριε
1582 514 1596 539 ό
1612 512 1691 544 Θεὸς,
1706 511 1852 547 εὐλογητὸς
1864 509 1901 538 εξ.

1197 561 1303 597 Ὠφθης
1330 560 1487 596 πλατυτέρα
1511 559 1634 595 οὐρανῶν
1660 558 1810 594 χωρήσασα
1839 557 1905 584 Θεὸν
1920 558 1950 585 ἐν

1160 608 1253 644 μήτρᾳ
1274 606 1321 633 τδν
1336 605 1518 641 στενοχωρίας
1555 604 1677 639 πονηρᾶς
1706 603 1858 639 ῥυσάμενον
1885 603 1949 635 τοὺς

1160 653 1356 689 μελῳδοῦντας,
1368 650 1490 685 παναγία
1504 650 1582 686 Κόρη
1592 650 1733 684 ’Ὑμνεῖτε
1759 649 1804 676 τὸν
1834 649 1947 685 Κύριον,

1158 698 1385 734 καὶὺπερυψοῦτε
1401 698 1441 729 είς
1452 697 1557 728 πάντας
1572 696 1685 728 αἰῶνας.

1194 745 1276 772 Φύσει
1291 744 1341 780 μὲν
1357 743 1484 778 πέφυκας
1502 742 1578 774 Θεὸς,
1590 742 1648 769 ἀλλ’
1659 741 1775 777 ἠνέσχου
1790 739 1950 775 περιθέσθαι

1158 791 1204 818 τδν
1214 791 1367 826 ἄνθρωπον,
1391 790 1499 825 μήτραν
1510 787 1661 824 ἀμώμητον
1672 787 1833 819 ἐθελουσίως
1846 786 1948 818 εἰσδὺς,

1158 836 1334 871 φιλάνθρωπε
1348 843 1356 851 ⁶
1370 835 1431 862 ὅθεν
1446 834 1543 866 διπλᾶς
1564 834 1613 865 τὰς
1627 833 1744 868 φυσικὰς
1753 833 1854 864 ειδότες
1868 831 1949 866 θελή-

1161 890 1217 914 σεις
1234 890 1293 913 σου.
1311 881 1340 908 σὲ
1355 880 1553 916 μεγαλύνομεν,
1567 879 1617 914 τὴν
1631 879 1746 914 Μητέρα
1776 886 1823 916 σου
1847 877 1950 909 πιστιῖις

1164 927 1372 963 μακαρίζοντες.

1167 983 1220 1010 Ἐκ
1231 982 1286 1010 τοῦ
1300 982 1435 1015 Κανόνος
1448 982 1491 1015 είς
1502 980 1557 1008 τὸν
1571 981 1657 1015 ἅγιον
1687 980 1861 1008 ἀπόστολον
1875 979 1952 1014 Κάρ-

1442 1023 1512 1050 ator.
1533 1015 1626 1050 ἡμέρα
1639 1019 1697 1048 κςῖί

1196 1074 1307 1103 Κῦουσα
1324 1074 1460 1110 Παρθένος
1469 1074 1679 1110 ἁνερμηνεύτως
1688 1073 1737 1100 καὶ
1755 1073 1819 1105 τοὺς
1835 1073 1885 1108 τῆς
1897 1073 1951 1107 φύ-

1163 1129 1233 1153 σεως
1248 1121 1365 1156 θεσμοὺς
1381 1120 1541 1153 καινίζουσα
1555 1119 1681 1155 πέφυκας
1697 1120 1798 1155 Μήτηρ
1812 1119 1856 1146 ἀεὶ
1872 1119 1951 1154 Παρ-

1163 1167 1249 1199 θένος,
1264 1167 1304 1194 διό
1317 1175 1347 1194 σε
1361 1166 1564 1203 μακαρίζομεν.

1198 1213 1267 1240 Νέον
1281 1213 1319 1245 ὡς
1335 1212 1441 1239 παιδίον
1457 1213 1571 1244 τέτοκας
1586 1213 1632 1239 τδν
1644 1213 1697 1247 πρὸ
1715 1202 1892 1240 τῶνῖῖῶνων
1919 1219 1955 1238 εκ

1162 1258 1210 1286 τοῦ
1226 1258 1333 1294 Πατρὺς
1353 1258 1531 1285 άνατείλαντα
1553 1258 1730 1294 ἁπορῥήτως,
1754 1258 1954 1292 Θεογεννῆτορ*

1161 1304 1207 1332 διὰ
1221 1304 1300 1331 τοῦτό
1312 1313 1342 1331 σε
1357 1303 1518 1340 δοξάζομεν.

1196 1347 1308 1385 Νοτρῶς
1326 1348 1493 1385 όΘεοφόρος,
1509 1348 1704 1385 Θεογεννῆτορ,
1720 1349 1783 1385 ὅρος
1808 1357 1839 1376 σι
1855 1347 1955 1383 βλέπει

1164 1395 1237 1430 μέγα
1262 1394 1421 1427 κατάσκιον,
1443 1393 1533 1430 Κόρη,
1561 1393 1592 1426 ἐξ
1601 1391 1633 1421 οὗ
1659 1394 1819 1429 ιπεδήμησε
1846 1392 1958 1428 σαρκὶό

1162 1440 1229 1472 Θεδς
1244 1439 1334 1476 ἡμῶν.

1204 1483 1305 1510 Ῥύπου
1319 1483 1410 1519 ψυχῆς
1433 1482 1481 1510 καὶ
1493 1482 1622 1519 σώματος
1652 1483 1803 1519 καθάρισόν
1833 1491 1868 1519 με
1892 1482 1955 1514 νῦν,

1163 1528 1535 1566 εὐλογημένη,εὺσπλάγχνῳ
1551 1537 1598 1557 σου
1616 1530 1699 1566 ῥοπῇ,
1716 1530 1791 1562 ὅπως
1813 1538 1844 1557 σε
1872 1529 1955 1565 ὗμνῶ

322 1576 479 1605 sericordiae
489 1584 496 1607 :
505 1581 535 1603 ut
547 1581 572 1604 te
585 1584 633 1611 pro
642 1576 733 1604 debito
749 1576 855 1604 laudem
867 1584 900 1605 ac
926 1578 1110 1612 magnificem,

1164 1577 1211 1604 καὶ
1228 1575 1373 1612 μσγαλύνω
1381 1575 1544 1611 καταχρέος,
1556 1575 1726 1617 πανύμνητε.

323 1629 342 1650 o
351 1622 425 1650 omni
439 1622 517 1650 laude
528 1621 699 1656 dignissima.

358 1668 507 1704 Peperisti,
524 1676 541 1695 ο
552 1667 819 1701 immaculatissima.
833 1669 893 1696 sine
909 1669 1005 1698 dolore
1031 1670 1114 1699 Crea-

324 1718 424 1744 torem.
441 1715 487 1749 qui
504 1713 594 1741 aufert
619 1713 730 1741 dolores
744 1717 772 1740 et
794 1713 901 1742 labores
931 1721 1041 1744 nostros
1053 1737 1060 1749 ,
1087 1721 1115 1744 et

324 1759 429 1788 deliciis
448 1759 523 1786 omni
537 1759 631 1788 dolore
655 1759 813 1788 carentibus
842 1760 955 1796 dignum
971 1761 1037 1790 l‘acit
1062 1763 1116 1790 hu-

325 1813 438 1834 manum
447 1812 545 1840 genus.

360 1849 503 1886 Tanquam
515 1849 593 1878 caelis
607 1849 698 1883 latior,
713 1851 854 1886 excepisti,
863 1859 880 1880 ο
891 1851 983 1889 Virgo.
999 1853 1026 1881 in
1037 1858 1115 1883 utero

326 1900 374 1925 tuo
390 1896 508 1924 Verbum
521 1896 595 1932 quod
609 1904 625 1924 a
640 1897 714 1924 nulla
729 1905 759 1924 re
769 1898 829 1932 capi
856 1903 958 1934 potest,
986 1904 1014 1928 et
1040 1900 1113 1935 quod

324 1943 435 1972 redimit
445 1943 479 1970 ab
490 1943 565 1971 omni
583 1943 712 1978 angustia
731 1951 816 1978 genus
832 1943 988 1973 hominum.

359 1988 466 2016 Caelum
483 1988 554 2016 facta
566 1996 606 2021 es.
622 1996 639 2016 ο
654 1989 814 2024 Deiparens,
840 1997 873 2017 ex
891 1998 946 2025 quo
970 1997 1047 2020 ortus
1072 1997 1114 2020 est

325 2034 405 2063 nobis
421 2033 470 2062 Sol
481 2034 606 2069 iustitiae,
621 2035 668 2069 qui
685 2034 823 2062 illuminat
837 2043 889 2065 nos
901 2037 961 2065 luce
984 2038 1114 2074 cognitio-

325 2080 380 2113 nis,
395 2087 412 2107 ο
429 2079 593 2114 Βοὶκειιίιτίι
609 2086 695 2108 casta.

362 2125 460 2154 Vocem
476 2126 524 2154 tibi
541 2126 674 2155 Gabrielis
689 2127 860 2161 exhibemus,
876 2134 892 2156 ο
908 2128 1001 2164 Virgo,
1021 2128 1113 2156 excla-

325 2172 531 2204 mantes:Ave,
558 2172 644 2200 nubes
659 2172 743 2206 levis;
771 2180 833 2206 ave.
848 2177 930 2207 terra,
960 2181 1022 2208 qum
1054 2173 1114 2201 sine

326 2217 453 2253 agricolae
476 2218 583 2246 cultura
615 2218 719 2254 spicam
748 2219 901 2253 speciosam
930 2218 1112 2253 lruclillcasti,

327 2263 489 2292 nutritorem
502 2264 606 2291 scilicet
623 2264 746 2292 omnium
760 2269 960 2292 creaturarum.

329 2310 409 2345 117
418 2309 460 2337 Ex
469 2318 567 2338 canone
576 2310 676 2344 infesto
691 2309 719 2338 S.
730 2309 856 2346 Eutych“
867 2310 1006 2346 martyris,
1015 2310 1058 2338 die
1065 2310 1112 2338 28.

351 2397 380 2425 In
389 2398 479 2426 carnis
487 2398 665 2426 similitudine
672 2406 807 2434 apparens
814 2404 922 2428 amator
932 2399 1074 2428 hominum
1081 2407 1115 2428 ex

330 2449 394 2478 te,o
415 2449 470 2472 tota
481 2445 667 2478 immaculata.
685 2445 816 2473 mundum
828 2445 943 2474 salvavit
954 2449 1115 2481 pereuntem

329 2495 412 2525 atque
440 2491 527 2518 errori
548 2490 713 2525 suhjectum,
733 2491 805 2520 unde
828 2496 856 2520 te
891 2492 1060 2520 honoramus
1084 2499 1117 2520 ac

331 2535 532 2564 healilicamus.

365 2580 464 2609 Mentis
473 2589 541 2610 mea:
557 2581 694 2614 tenebras.
712 2590 729 2610 o
741 2582 867 2618 Deipara.
887 2582 950 2610 luce
973 2588 1028 2617 tua,
1052 2591 1118 2619 pre-

331 2632 391 2657 cor,
411 2629 542 2660 tanquam
566 2625 775 2662 lienignissima,
800 2627 913 2662 dissipa.
931 2632 959 2655 et
981 2628 1119 2657 intercede

332 2679 383 2707 pro
394 2678 448 2704 me,
459 2677 488 2699 ut
501 2680 548 2707 per
557 2673 746 2708 paenitentiam
759 2673 880 2702 melioris
897 2675 959 2702 vita:
983 2674 1118 2702 rationem

332 2718 492 2752 instituam,
509 2723 538 2746 ut
553 2726 616 2747 cum
630 2719 681 2747 [ide
699 2723 728 2747 te
743 2719 901 2755 gloriﬁcem.

368 2763 564 2798 Prophetarum
582 2764 726 2799 collegium
742 2765 852 2800 scripsit
868 2770 942 2798 ante,
961 2770 987 2793 te
1002 2773 1063 2794 esse
1073 2773 1120 2794 vo-

333 2811 436 2844 lumen,
449 2819 466 2839 o
477 2810 558 2847 Virgo
572 2811 749 2839 immaculata
763 2810 817 2839 Deo
832 2811 1007 2846 desponsata.
1022 2812 1049 2839 in
1066 2820 1121 2848 quo

333 2855 453 2884 Verbum
477 2855 567 2884 Patris
591 2855 677 2892 digito
703 2856 837 2891 scriptum
860 2860 912 2890 cst.
927 2857 998 2891 quod
1028 2856 1121 2885 ﬁdeles

338 2901 466 2930 describit
481 2902 507 2930 in
523 2902 593 2931 libro
606 2903 675 2931 vitae.

1205 1668 1344 1705 Ἐκῦησας
1354 1667 1500 1699 ἀνωδύνως
1518 1667 1564 1695 τδν
1575 1667 1717 1704 Πλάστην,
1727 1668 1955 1704 πανάμωμε,’τὰς

1164 1714 1259 1746 ὀδύνας
1274 1714 1321 1741 καὶ
1340 1714 1406 1746 τοὺς
1414 1713 1513 1745 πόνους
1528 1713 1606 1748 ἡμῶν
1620 1713 1835 1749 ἀφαιρούμενον,
1850 1715 1898 1741 καὶ
1906 1714 1955 1750 τῆς

1164 1760 1301 1789 ἀνωδύνου
1313 1760 1442 1794 ἀξιοῦντα
1455 1760 1564 1796 τρυφῆς
1575 1761 1606 1788 τὺ
1618 1761 1800 1797 ἀνθρώπινον.

1205 1848 1251 1880 Ὣς
1283 1847 1438 1883 πλατυτέρα
1467 1845 1536 1875 οὖσα
1564 1847 1619 1874 τῶν
1660 1847 1785 1884 οὐρανῶν
1801 1847 1831 1875 ὲν
1863 1848 1955 1884 μήτρᾳ

1164 1894 1249 1927 ἐδέξω
1260 1894 1347 1929 Λόγον
1369 1893 1416 1921 τὸν
1430 1893 1583 1929 ἀχώρητον,
1611 1893 1745 1929 Παρθένε,
1772 1894 1957 1930 λυτρούμενον

1165 1939 1346 1975 στενοχωρίας
1361 1939 1453 1974 πάσης
1472 1938 1503 1965 τὸ
1514 1940 1594 1973 γίνος
1604 1938 1660 1965 τῶν
1673 1938 1838 1974 ἀνθρώπιον.

1200 1984 1304 2020 Ὠφθης
1319 1984 1444 2021 οὐρανὸς,
1466 1983 1630 2021 Θεοκυῆτορ,
1641 1983 1855 2017 ὲξανατέλλουσα
1888 1985 1956 2020 ἡμῖν

1163 2031 1208 2059 τὸν
1224 2030 1275 2065 τῆς
1289 2029 1462 2066 δικαιοσύνης
1476 2030 1582 2064 Ἥλιον,
1611 2030 1764 2066 φωτίζοντα
1787 2031 1861 2066 ἡμᾶς
1886 2031 1957 2065 φωτὶ

1164 2076 1348 2112 διαγνώσεως1
1358 2075 1542 2110 Θωγεννῆτορ
1554 2075 1636 2112 ἁγνή.

1197 2123 1292 2158 Φωνήν
1305 2131 1346 2149 σοι
1357 2121 1543 2157 προσάγομεν,
1552 2121 1685 2158 Παρθένε,
1694 2121 1745 2158 τὴν
1757 2121 1805 2149 τοῦ
1816 2122 1950 2159 Γαϐριὴλ,

1163 2168 1342 2200 ἁναῦοῶντες·
1356 2168 1452 2203 Χαῖρε,
1472 2167 1562 2203 κούφη
1572 2167 1682 2203 νεφέλη,
1695 2169 1783 2204 χαῖρε,
1798 2168 1836 2204 γῆ
1848 2169 1956 2204 ἀγεώρ-

1163 2221 1256 2248 γητος,
1274 2212 1376 2248 στάχυν
1387 2212 1488 2248 ὼραῖον
1500 2212 1714 2248 καρποφοροῦσα
1727 2213 1773 2241 τδν
1792 2214 1896 2250 τροφέα
1907 2214 1957 2249 τῆς

1131 2258 1153 2287 ι)
1167 2259 1293 2291 κτίσεως.

1171 2306 1219 2333 Ἐκ
1229 2305 1283 2333 τοῦ
1294 2306 1429 2340 Κανόνος
1441 2305 1550 2375 smn
1561 2305 1646 2351 ἄγνον
1661 2305 1798 2341 μάρτυρα
1808 2306 1957 2341 Εὑτυχέα,

1506 2349 1547 2375 ,οιι
1557 2349 1594 2374 κη
1604 2360 1613 2369 ι

1506 2349 1547 2375 tos
1557 2349 1613 2374 κη·-

1201 2395 1308 2432 Σαρκδς
1330 2394 1486 2432 ὁμοιώματι
1514 2395 1682 2430 επιφανεὶςὸ
1706 2395 1898 2432 φιλάνθρωπος
1925 2399 1959 2426 ἐκ

1168 2443 1226 2476 σοῦ,
1247 2443 1413 2478 πανάμωμε,
1427 2442 1531 2478 κόσμον
1549 2442 1679 2470 διέσωσεν
1694 2443 1893 2479 ἀπολλύμενον,
1910 2445 1959 2472 καὶ

1168 2489 1257 2526 πλάνῃ
1268 2488 1452 2524 ὑπαρχθέντα,
1463 2488 1504 2516 διό
1520 2497 1551 2515 σε
1563 2489 1729 2525 γεραίρομεν
1742 2489 1792 2516 καὶ
1807 2490 1961 2526 μακαρίζο-

1170 2545 1230 2572 μεν.
1470 2564 1477 2565 ,

1203 2581 1273 2614 Νοὸς
1291 2590 1341 2616 μου
1353 2579 1384 2607 τὺ
1400 2580 1505 2613 σκότος,
1519 2579 1646 2613 Θεοτόκε,
1661 2581 1730 2616 φωτὶ
1739 2581 1778 2617 τῷ
1792 2582 1822 2609 ἰν
1838 2582 1892 2615 σοὶ.
1919 2583 1960 2614 ὡς

1169 2627 1271 2662 ἀγαθὴ,
1295 2625 1456 2658 ὲκδυσωπῶ.
1486 2626 1625 2660 διάλυσον,
1654 2627 1702 2654 καὶ
1722 2627 1868 2663 μετανοίας
1896 2628 1960 2664 τρό-

1170 2681 1232 2705 ποις
1246 2681 1281 2708 με
1294 2671 1472 2707 βελτιωθῆναι
1488 2671 1637 2708 πρέσϐευε,
1654 2672 1728 2705 ὅπως
1742 2673 1772 2699 ὲν
1794 2673 1886 2701 πίστει
1917 2673 1962 2701 60-

1172 2719 1246 2751 ξάζω
1266 2726 1306 2745 σε.

1207 2764 1296 2798 Τόμον
1334 2771 1364 2790 σε
1389 2763 1546 2799 προέγραψε
1572 2764 1626 2790 τῶν
1649 2765 1809 2800 προφητῶν,
1841 2765 1960 2800 άχρανιι

1173 2809 1305 2846 Παρθένε,
1319 2810 1333 2836 ό
1348 2809 1488 2844 σύλλογος,
1502 2810 1532 2836 ὲν
1587 2810 1713 2846 δακτύλῳ
1729 2813 1894 2847 κατεγράφη
1909 2810 1957 2838 τοῦ

1173 2855 1280 2892 [la-cpe:
1296 2856 1310 2882 ὁ
1325 2855 1422 2890 Λόγος,
1441 2855 1681 2893 Θεόνυμφε,βίσλῳ
1691 2857 1740 2893 τῆς
1769 2857 1843 2894 ζωῆς
1873 2867 1959 2886 κατα-

1174 2902 1288 2938 γράφων
1304 2901 1426 2934 πιστούς.
