2069 3159
132 194 200 228 112i
859 186 939 217 MAR

997 186 1041 217 .E.
1691 180 1762 214 1122

165 247 358 285 Νεκρούμενος
385 245 484 274 πάθεσι
510 245 559 271 καὶ
585 243 737 279 λογισμοῖς,
754 242 939 278 πανάμωμεμ

1009 241 1193 274 lnteremptus
1226 247 1241 267 a
1287 239 1461 275 passiouibus
1498 243 1526 267 et
1551 238 1763 273 cogitationibus

130 297 198 334 πρὸς
213 284 278 326 τοὺς
291 292 450 328 οἱκτιρμούς
463 300 510 318 σου
521 290 687 325 καταφεύγω
701 289 770 325 πρὸς
783 288 834 323 τὴν
858 288 920 323 θερ-

997 287 1055 319 Ieis,
1068 294 1085 314 ο
1096 294 1204 314 summe
1229 285 1415 317 immaculata,
1432 285 1465 312 ad
1482 284 1677 312 miserationes
1700 289 1763 312 tuas

133 330 188 380 pip
201 350 248 369 σου
261 339 435 376 προστρέχω,
453 338 598 369 Δέσποινα,
617 335 722 371 σκέπην
737 334 785 362 καὶ
797 334 922 370 βοήθειαν

997 332 1114 367 aufugio,
1126 332 1161 360 ad
1173 331 1321 360 ferventem
1332 331 1528 366 protectionem
1544 334 1618 357 tuam
1643 334 1670 357 et
1684 330 1765 358 auxi-

132 374 222 425 ὴμῶν,
238 374 306 422 μόνὴ
319 374 488 418 θεοδόξαστε,
500 382 682 418 ζωοποιησον,
703 381 792 408 σῶσόν
808 389 855 417 με.

997 384 1040 404 um
1050 383 1115 411 erga
1124 383 1187 408 nos,
1197 383 1325 408 accurro,
1336 383 1353 403 o
1368 375 1483 402 Domina
1496 375 1554 402 sola
1564 382 1581 402 a
1594 374 1649 402 Deo
1658 383 1766 402 summe

116 448 120 466 ί
143 421 161 425 ”
239 421 245 422 ί
300 421 305 422 ⁷
974 422 1122 458 gloriﬁcata
1142 433 1149 450 :
1167 426 1195 449 tu
1212 422 1319 449 vivillca
1335 426 1360 449 et
1376 421 1449 450 salva
1466 429 1519 448 me.

114 469 121 504 θ
173 475 262 512 Διμὴν
281 473 361 509 γενοῦ
377 481 432 508 μοι,
451 471 617 506 πανάμωμι,
632 470 700 506 πρὸς
713 469 799 505 ὅρμον
834 477 923 503 σωτη-

1009 469 1110 497 Portus
1126 473 1187 496 esto
1211 468 1289 502 mihi,
1306 476 1323 496 ο
1342 468 1426 496 libera
1453 467 1489 495 ab
1510 468 1585 494 omni
1610 466 1680 499 labe,
1698 467 1766 494 diri-

134 523 196 560 ρίας
217 521 344 548 ῑθύνουσα
358 519 398 554 τῷ
413 517 604 545 θαλαττεύοντι
620 517 650 544 ὲν
659 517 717 548 τοῖς
732 516 779 543 τοῦ
802 515 861 551 βίον
873 514 923 542 νῦν

997 523 1041 543 ens
1058 523 1102 544 me
1112 515 1146 543 ad
1162 515 1283 550 quietam
1301 514 1445 542 stationem
1473 513 1580 545 salutis,
1598 513 1663 540 dum
1677 512 1765 548 agitor

133 558 250 604 κύμασι,
272 565 319 593 καὶ
348 564 403 591 τῶν
421 562 578 590 σκανδάλων
614 560 695 597 ῥῦσαι
724 560 772 588 τοῦ
802 559 924 595 πολεμή-

997 561 1089 590 iarinis
1111 560 1240 589 ﬂuctibus
1267 560 1342 594 vitae,
1372 564 1400 588 et
1427 560 1462 587 ab
1480 559 1568 586 hostis
1583 558 1720 587 scandulis
1734 558 1767 585 li-

133 621 223 644 τορος.

997 614 1041 634 era
1056 614 1110 634 me.

249 657 307 688 τοῖς
334 655 446 687 κόλποις
460 654 507 682 τοῦ
537 653 646 690 Πατρὶς
669 652 848 688 ὰπερινόητος
862 650 926 682 Υἱὸς

997 622 1321 688 Oﬁliunnintelligibilis
1334 651 1381 687 qui
1401 650 1477 679 sedet
1499 650 1527 678 in
1552 650 1614 678 sinu
1624 649 1726 682 Patris,
1739 649 1766 676 in

135 703 299 738 καθήμινος,
315 701 344 727 ὲν
359 700 471 732 κόλποις
493 698 541 726 σοῦ
563 699 612 734 τῆς
642 698 738 733 ἁγνῆς.
767 697 804 728 ὡς
827 695 927 731 βρέφος

997 706 1025 727 to
1039 699 1122 727 etiam
1139 698 1212 732 sinu,
1225 706 1242 726 o
1260 706 1342 734 pura,
1363 702 1493 733 tanquam
1512 696 1603 724 infans
1619 695 1720 723 residet
1732 695 1767 722 ad

135 748 289 781 καθέζεται,
314 747 358 773 ἐπ’
382 745 530 781 ἀνακλήσει
545 744 635 781 ἡμῶν,
659 740 682 778 ᾧ
709 742 903 779 κραυγάζομεν
917 750 924 757 -

997 745 1161 774 evocandum
1177 751 1245 778 nos;
1261 744 1305 771 cui
1316 743 1487 771 clamamus:
1501 741 1613 769 Patrum
1637 740 1770 769 Dominus

141 795 172 822 '0
180 793 234 821 τῶν
250 792 379 828 πατέρων
392 792 496 827 Κύριος
511 791 559 817 καὶ
570 790 646 822 Θεὸς,
664 788 810 823 εὐλογητὸς
823 785 859 816 εἴ.

997 796 1005 820 t
1027 791 1110 823 Deus,
1121 790 1280 818 benedictus
1296 796 1337 817 es.

171 839 300 874 Συνῆψας
318 837 354 864 τὰ
371 837 456 864 πάλαι
481 831 624 867 διεστῶτα,
649 833 771 870 Παρθένε
800 832 927 868 θεοχαρι-

1012 837 1153 872 Copulasti
1181 844 1225 869 ea,
1248 843 1311 871 qua;
1335 835 1400 863 olim
1423 833 1559 869 disiuncta
1585 836 1673 865 erant,
1689 835 1770 867 partu

136 893 215 917 τωτε,
227 883 266 919 τῷ
279 883 351 918 τόκῳ
370 889 433 909 σου·
447 881 508 908 ὅθεν
519 881 556 912 ὡς
570 879 661 907 αἰτίαν
683 887 714 905 σε
738 878 847 905 πάντων
877 886 929 913 μα-

997 890 1043 915 υο,
1064 890 1080 910 o
1092 882 1174 918 Virgo
1190 881 1245 909 Deo
1260 881 1416 915 gratissima
1430 887 1438 906 :
1458 878 1637 914 quamobrem
1653 881 1681 904 te
1706 881 1770 904 tau-

137 915 289 965 καρίξομίιν
306 915 360 955 των
370 927 492 962 ἀγαθῶν,
510 924 711 962 κραυγάζοντες
735 923 825 960 ψυχῆς
848 923 928 950 εὐθύ-

997 936 1063 963 ηιιοιιι
1078 915 1201 955 omnium
1218 927 1354 954 bonorum
1366 932 1478 953 causam
1496 923 1696 955 beatiﬁeamus,
1715 922 1772 950 cla-

137 983 199 1010 τητι
211 983 218 991 ·
236 974 288 1002 Τὸν
307 973 407 1009 Κύριον
420 973 541 1009 ὑμνεῖτε,
554 972 588 999 τὰ
599 971 679 1008 ἔργα.

997 978 1090 1002 nantes
1102 981 1164 1001 cum
1176 972 1341 1001 rectitudine
1355 970 1441 999 animi
1449 979 1456 998 :
1465 969 1599 1002 Laudate,
1610 976 1706 1004 opera,
1714 967 1770 996 Do-

981 1026 1098 1046 mtuum.

172 1060 302 1093 Φώτισον,
323 1059 402 1096 ἁγνὴ,
417 1059 505 1095 ψυχῆς
535 1067 586 1095 μου
612 1059 646 1086 τὰ
673 1050 795 1096 δμματα,
822 1059 928 1087 παῦσον

1017 1063 1152 1098 lllumina,
1168 1072 1185 1092 ο
1198 1068 1288 1095 casta,
1304 1062 1401 1091 oculos
1414 1061 1513 1090 anima:
1526 1068 1603 1093 meae.
1619 1063 1684 1089 seda
1700 1065 1771 1088 tem-

137 1107 185 1135 τδν
194 1106 317 1133 κλύδωνα
327 1106 371 1132 τὸν
379 1105 567 1140 ἑπιγινόμενον
583 1104 631 1138 τῆς
640 1104 694 1132 τῶν
706 1105 842 1141 δαιμόνων
854 1114 926 1141 παρ-

997 1115 1115 1138 estatem
1133 1109 1354 1145 perturbationis
1381 1108 1536 1136 daemonum
1570 1107 1772 1142 ingruentium,

139 1152 317 1188 ενοχλήσεως,
336 1150 435 1182 καὶ¹εις
448 1149 506 1177 ὁδὸν
519 1149 685 1177 κατεύθυνον
696 1149 750 1177 τῶν
769 1150 930 1186 θελημάτων

997 1157 1046 1184 tin
1059 1157 1130 1184 viam
1154 1156 1241 1192 dirige
1255 1156 1426 1183 voluntatum
1450 1152 1564 1185 Christi,
1581 1153 1681 1181 mentis
1705 1159 1773 1180 mea

140 1197 260 1233 Χριστοῦ
289 1197 336 1224 τοῦ
362 1197 422 1228 νοός
450 1204 520 1231 μου,
545 1194 668 1230 πάναγνε
685 1216 694 1229 ,
718 1195 768 1231 τὴν
789 1196 929 1230 στένωσιν,

997 1203 1148 1238 ηηςιιειὶωῐι,
1178 1207 1208 1229 ut
1222 1206 1248 1230 te
1260 1202 1342 1237 118
1350 1209 1458 1238 semper
1465 1209 1527 1230 cum
1541 1200 1595 1229 ﬁde
1610 1199 1773 1232 beatitleem,

140 1244 214 1276 ὃπως
226 1243 318 1270 πίστει
336 1242 380 1270 ἀεὶ
394 1241 541 1278 μακαρίζω
566 1249 606 1269 σε.

997 1257 1001 1272 ι
1020 1248 1191 1276 castissima.

480 1299 524 1327 Ea:
539 1300 648 1329 Canom
671 1299 699 1326 in
717 1298 769 1327 SS.
787 1298 961 1336 Theudulum,
979 1311 1011 1331 ac
1027 1303 1235 1340 Therepondem,
1248 1304 1291 1332 die
1307 1303 1342 1332 9.8
1357 1303 1437 1340 (63').

179 1361 350 1388 Sacerrimus
367 1359 567 1396 Prophetarum
583 1359 685 1387 chorus
709 1361 929 1394 praemonstravit
1018 1362 1138 1390 Verbum
1163 1362 1235 1390 intra
1252 1361 1356 1390 viscera
1379 1366 1427 1389 tua
1454 1351 1556 1397 corpus
1574 1353 1701 1387 ~factum'
1714 1358 1774 1387 sine

143 1414 160 1434 a
179 1406 259 1441 longe
273 1411 298 1433 te
312 1405 433 1433 futuram
458 1412 522 1433 vere
539 1404 586 1432 Dei
616 1405 795 1438 Genitricem,
813 1412 830 1432 o
847 1405 929 1441 Virgo
982 1409 1097 1440 semine,
1107 1408 1243 1443 perfectus
1257 1408 1342 1436 homo
1352 1407 1491 1443 apparuit,
1505 1407 1640 1435 innovatis
1652 1410 1774 1437 naturas,

144 1450 291 1479 sublimior
310 1449 473 1483 Cherubim,
498 1454 580 1485 atque
604 1449 762 1478 hominibus
779 1452 928 1480 creaturis.
984 1458 1066 1490 prout
1081 1453 1166 1481 Deum
1179 1454 1303 1487 decebat,
1315 1453 1548 1489 quemadmodum
1564 1453 1638 1480 solus
1649 1451 1707 1487 ipse
1721 1458 1774 1479 no-

185 1497 316 1525 Arcanam
344 1501 427 1531 atque
458 1496 665 1523 inscrutabilem
686 1501 781 1531 partus
806 1497 845 1524 tui
867 1505 933 1533 pro-
986 1500 1034 1531 vit,
1045 1507 1062 1526 ο
1076 1504 1153 1534 porta
1164 1499 1218 1527 Deo
1228 1499 1445 1532 charissima,ab
1456 1498 1531 1526 omni
1546 1505 1623 1525 naevo
1634 1497 1774 1525 immunis.

145 1542 306 1570 ίυηιίίιθιθω
319 1541 455 1568 humanus
469 1540 741 1575 ίηιειιθειιιειεεεαιιί
761 1541 836 1569 ll“"0
851 1541 933 1568 Πιοάο
1022 1546 1068 1573 Ille
1086 1546 1133 1581 qui
1149 1546 1224 1574 sedet
1236 1546 1263 1573 in
1279 1546 1341 1573 sinu
1366 1545 1504 1573 Genitoris
1531 1542 1776 1578 incircumscripti-

146 1591 246 1623 Ρουεειν
270 1594 288 1638 ξ)
313 1586 435 1643 θυευῖιη
457 1595 465 1613 ι
483 1586 556 1638 Dii“!
576 1585 666 1638 .enim.
679 1586 800 1621 δεῖνιυιη
825 1592 934 1622 Ρΐοβιετ
946 1611 970 1643 c
986 1591 1093 1624 biliter,
1111 1592 1138 1619 in
1150 1592 1212 1619 sinu
1228 1597 1275 1618 tuo
1284 1599 1358 1619 nunc
1373 1591 1484 1623 residet,
1497 1597 1513 1618 ο
1526 1590 1700 1621 intemerata,
1715 1589 1772 1616 cir-

146 1640 225 1662 suam
241 1633 456 1660 misericordiam
473 1631 636 1659 exinaniens
659 1632 687 1659 in
715 1637 795 1660 utero
819 1637 877 1664 tuo.
891 1640 935 1661 me
947 1631 970 1643 “
987 1636 1248 1671 cumscriptibiliter,
1262 1636 1350 1664 forma
1363 1642 1407 1664 tua
1422 1635 1657 1668 circumamictus,
1667 1637 1777 1670 propter

147 1684 234 1707 totum
251 1679 350 1706 iterum
366 1678 523 1713 plasmavit.

183 1725 325 1759 Tanquam
350 1728 457 1758 portam
478 1723 610 1751 ferentem
636 1723 670 1751 ad
695 1723 850 1759 ingressum
864 1723 935 1752 divi-

148 1778 226 1802 num,
244 1775 373 1804 tanquam
388 1769 472 1796 alium
488 1769 657 1800 Paradisum,
675 1773 806 1804 tanquam
830 1769 934 1797 intelli-

150 1816 261 1851 gibilem
285 1816 376 1843 locum
393 1815 629 1846 sanctiﬁcationis.
656 1819 787 1850 tamquam
815 1816 934 1850 speciem

148 1862 245 1895 Jacoh,
259 1861 400 1897 Virginem
415 1861 617 1889 lteatiiicemus.

186 1909 251 1937 Post
263 1909 433 1937 tremendum
453 1913 560 1944 partum
584 1908 671 1944 virgo,
687 1909 777 1944 qualis
796 1913 859 1936 ante
874 1908 935 1937 fue-

150 1963 207 1989 ras,
225 1954 405 1990 perseverasti
422 1963 429 1981 :
445 1954 517 1981 Deus
531 1954 604 1981 enim
622 1957 683 1982 erat
697 1955 745 1989 qui
760 1954 935 1987 nascebatur,

150 2002 198 2037 qui
209 2000 436 2028 immutatomnia
453 2000 590 2027 voluntate
609 2007 670 2032 sua,
684 2008 701 2027 ο
713 1999 798 2027 Maria
810 2000 935 2036 innupta,

152 2047 201 2075 Dei
210 2047 302 2082 gratia!
311 2045 480 2081 plenissima.

157 2115 205 2142 Ἐκ
218 2114 272 2142 τοῦ
299 2096 506 2150 Κανόνοςῌέὶς
517 2114 580 2150 τὸν,
606 2114 692 2150 ἅγιον
720 2115 855 2149 μάρτυρα
874 2115 939 2150 Ἐρ-

403 2148 498 2184 peior,
524 2148 619 2183 ἡμέρᾳ
633 2148 690 2176 λα’.

192 2205 272 2239 ’Δγίσ
297 2204 428 2241 Παρθένε,
467 2205 564 2240 Μῆτερ
588 2205 717 2241 Χριστοῦ,
747 2206 894 2242 μαρτύρων
924 2215 940 2243 r,

987 1683 1166 1711 salvationem
1177 1683 1242 1710 Adae
1266 1682 1355 1711 iactus
1369 1691 1456 1711 novus
1470 1683 1567 1710 Adam.

1022 1728 1042 1756 Δ
1074 1728 1192 1764 pristina
1211 1729 1408 1757 maledictione
1435 1729 1568 1764 redempti
1600 1736 1649 1764 per
1669 1731 1777 1763 partum

988 1779 1086 1808 tuum,
1104 1783 1121 1803 ο
1148 1775 1241 1803 Puella
1270 1776 1345 1804 omni
1369 1775 1560 1804 benedictione
1584 1775 1733 1807 cumulata,
1747 1781 1780 1802 ac

987 1819 1080 1846 divina
1094 1820 1182 1854 gratia
1209 1821 1385 1855 plenissima,
1414 1821 1447 1848 ad
1479 1825 1505 1848 te
1528 1819 1780 1856 vocem_Gabrielis

987 1865 1137 1893 emittimus
1156 1875 1163 1892 :
1179 1865 1245 1899 Ave,
1258 1874 1339 1894 causa
1356 1867 1452 1894 salutis
1464 1866 1598 1894 omnium.

1023 1909 1095 1938 Luce
1105 1917 1151 1938 tua
1167 1911 1273 1939 illustra
1289 1919 1344 1943 me,
1358 1919 1462 1947 quaeso,
1478 1919 1495 1938 ο
1517 1911 1600 1947 Virgo
1615 1910 1690 1938 inter
1716 1908 1788 1937 mu-~

987 1954 1069 1983 lieres
1080 1955 1136 1984 Deo
1163 1957 1331 1992 gratissima,
1346 1961 1373 1984 et
1401 1957 1436 1984 ab
1452 1957 1516 1993 igne
1547 1956 1661 1991 perenni
1677 1955 1780 1983 redime

989 2007 1045 2033 me,
1061 2006 1091 2028 ut
1106 2005 1132 2028 te
1146 2001 1329 2036 magniﬁcem,
1347 2002 1428 2037 119
1438 2006 1468 2029 ut
1479 2005 1504 2028 te
1516 2001 1676 2037 gloriﬁccm,
1692 2001 1781 2028 utde-

990 2046 1055 2074 bitis
1066 2047 1193 2075 laudibus
1206 2049 1335 2075 extollam
1353 2048 1488 2083 magnalia
1504 2052 1561 2075 tua.

994 2115 1038 2144 Eat
1054 2116 1160 2145 Conone
1185 2118 1213 2145 t'n
1240 2118 1308 2153 ferto
1329 2117 1358 2146 S.
1374 2117 1504 2153 Martyris
1526 2116 1646 2150 Herum,
1663 2116 1706 2144 die
1733 2115 1780 2143 51.

1030 2206 1131 2234 Sancta
1147 2207 1240 2242 Virgo.
1258 2206 1342 2235 Mater
1357 2206 1470 2239 Christi,
1484 2209 1633 2241 martyrum
1646 2205 1742 2240 gloria,
1754 2208 1782 2231 et

152 2252 230 2286 δόξα,
251 2251 298 2278 καὶ
311 2250 433 2285 ἀγγέλων
448 2251 465 2285 ὴ
475 2251 610 2287 χαρμονὴ,
629 2252 677 2278 σὺν
691 2251 795 2284 τούτοις
819 2252 939 2280 δυσώπει

997 2253 1154 2286 angelorum
1168 2253 1274 2285 lmtitia,
1300 2260 1355 2280 una
1368 2260 1431 2280 cum
1452 2252 1507 2280 illis
1529 2251 1641 2286 supplex
1669 2257 1782 2284 precare

152 2297 200 2324 τὸν
216 2297 281 2324 Υῐόν
294 2304 352 2329 σου,
374 2295 422 2323 τοῦ
439 2297 608 2332 οἰκτειρῆσαι
623 2297 670 2324 καὶ
684 2297 770 2324 σῶσαι
791 2299 854 2331 τοὺς
881 2299 941 2325 δού-

152 2344 216 2376 λους
231 2353 289 2371 σου.

190 2391 307 2426 Στόματι
322 2391 368 2417 καὶ
390 2389 497 2426 γλώττῃ
532 2398 562 2416 σε
574 2389 643 2417 Θεοῦ
672 2390 806 2424 πανάγιον
829 2390 942 2426 τέμενος

154 2435 291 2470 ὁμολογῶ,
333 2435 476 2468 πάναγνε·
511 2434 552 2461 διδ
574 2443 607 2470 με
633 2434 726 2470 πάσης
754 2434 836 2470 ῥῦσαι
859 2436 941 2463 κολά-

156 2487 238 2510 σεως.

197 2524 392 2561 ’Υπερύμνητε
407 2525 553 2558 Δέσποινα,
563 2524 609 2552 τδν
623 2525 652 2552 ὲν
671 2525 728 2557 τοῖς
759 2525 849 2560 ἁγίοις
876 2527 943 2554 ἀνα-

155 2569 310 2605 παυόμενον
327 2571 398 2607 om;
410 2569 488 2604 λόγον
502 2569 673 2604 ἀπεκύησας·
683 2569 738 2602 ,διὰ
749 2570 829 2597 τοῦτο
848 2571 944 2606 ὕμνοις

156 2621 188 2639 σε
207 2614 383 2650 γεραίρομεν.

191 2659 298 2695 Νοεράν
309 2668 338 2686 σε
352 2659 461 2695 λυχνίαν
488 2659 572 2686 πάλαι
586 2659 601 2686 ὁ
612 2659 756 2695 προφήτης
771 2660 895 2686 κατεῖδεν
916 2661 945 2687 ἐν

155 2703 297 2738 Πνιύματι
317 2705 500 2740 κεκτημένην,
515 2704 604 2739 Κόρη,
616 2704 646 2730 τὸ
658 2704 810 2739 λαμπάδιον
829 2705 946 2740 Χριστὸν

156 2749 204 2776 τὸν
218 2750 332 2785 Κύριον,
346 2750 392 2777 τὸν
404 2752 475 2785 φωτὶ
506 2750 617 2786 ἀρῤήτῳ
641 2750 744 2781 πάντας
773 2751 847 2785 ἡμᾶς
876 2758 948 2784 φωτ-

158 2794 327 2828 αγωγοῦντα,
341 2795 404 2827 τοὺς
418 2795 518 2827 πιστῶς
527 2803 557 2822 σε
569 2794 715 2830 τιμῶντας,
733 2795 897 2831 πανάμωμε.

195 2885 273 2922 (65“)
295 2885 374 2915 Deest
387 2887 414 2914 in
428 2884 536 2916 Mentis
547 2888 698 2923 impressis.

996 2298 1082 2325 ﬁlium
1097 2303 1185 2330 tuum.
1202 2303 1231 2327 ut
1248 2299 1412 2327 misereatur
1443 2305 1471 2327 et
1489 2298 1579 2326 salvos
1593 2297 1675 2324 faciat
1688 2304 1782 2324 servos

997 2349 1069 2372 tuos.

1032 2388 1086 2417 Ore
1098 2393 1126 2416 et
1150 2389 1243 2425 lingua
1263 2394 1288 2417 te
1298 2388 1501 2418 sanctissimum
1514 2387 1562 2415 Dei
1576 2387 1706 2422 templum
1716 2393 1783 2414 con-

997 2435 1086 2467 ﬁteor,
1101 2443 1118 2463 o
1136 2440 1191 2463 tota
1212 2441 1286 2464 casta
1301 2445 1308 2463 z
1326 2440 1469 2470 propterea
1494 2434 1529 2462 ab
1550 2433 1626 2462 omni
1651 2433 1784 2469 supplicio

994 2481 1080 2508 libera
1094 2489 1147 2508 me.

1032 2527 1053 2553 0
1072 2525 1185 2554 Domina
1201 2527 1275 2554 omni
1292 2526 1372 2554 laude
1389 2526 1524 2562 superior,
1541 2531 1568 2553 tu
1590 2533 1654 2553 eum
1681 2525 1727 2561 qui
1755 2525 1781 2551 in

997 2572 1100 2599 sanctis
1117 2572 1272 2606 requiescit,
1290 2571 1421 2599 ineﬂ'abili
1437 2571 1542 2599 ratione
1553 2570 1699 2606 peperisti;
1721 2569 1784 2596 ideo

999 2621 1025 2645 te
1039 2617 1165 2646 laudibus
1179 2625 1352 2645 veneramur.

1036 2661 1107 2689 Olim
1120 2662 1188 2689 vidit
1201 2667 1238 2695 te,
1257 2669 1274 2688 ο
1294 2661 1400 2692 Puella.
1414 2661 1545 2697 propheta
1561 2661 1587 2688 in
1603 2660 1700 2695 spiritu
1717 2665 1784 2686 can-
1840 2652 1846 2655 ’

999 2707 1141 2735 delabrum
1159 2708 1328 2743 intelligibile
1343 2708 1447 2736 habens
1470 2707 1610 2735 lucernam
1638 2704 1779 2733 Christum

1001 2752 1157 2785 Dominum,
1173 2753 1302 2781 ineﬂ‘aliili
1312 2754 1371 2781 luce
1386 2761 1436 2782 nos
1450 2760 1546 2780 omnes
1561 2750 1782 2787 perfundentem,

1000 2797 1047 2833 qui
1064 2802 1127 2833 te,o
1142 2798 1408 2833 immaculatissima,
1422 2798 1537 2827 ﬁdeliter
1548 2797 1728 2826 honoramus.
