2069 3159
161 184 232 217 “25

883 183 1066 214 MARIALE.

1713 183 1780 215 1126

158 240 209 268 καὶ
239 239 303 271 τοὺς
334 239 488 275 φθαρέντας
504 239 539 275 τῇ
565 238 654 275 πλάνῃ
673 228 887 275 ἑκαινούργησεν
911 238 949 270 ὡς

1002 239 1096 266 bitavit
1113 240 1140 266 in
1153 242 1233 266 utero
1245 242 1308 272 tuo;
1323 241 1350 266 et
1363 243 1492 273 tanquam
1509 239 1604 274 plenus
1620 238 1778 266 misericor-

156 285 354 321 εὖσπλαγχνος.

193 373 402 410 Σωματωθέντα
414 373 459 399 τὸν
476 372 564 408 ἀληθῆ
575 371 662 406 Λόγον
672 370 721 399 τοῦ
730 370 836 406 Πατρδς
847 371 879 398 ἐκ
892 370 945 397 τῶν

158 420 277 453 σεπτῶν,
294 419 364 454 ἁγνὴ
376 419 510 454 Παρθένε,
523 418 646 453 αἱμάτων
659 426 715 451 σου,
731 417 842 449 τέτοκας
855 418 884 444 ὲν
900 417 946 443 δύο

157 465 276 496 τελείαις
305 463 413 499 φύσεσι,
433 464 483 499 μιᾷ
509 463 537 490 δὲ
567 463 726 496 ὑποστάσει,
751 461 942 505 θεοχαρίτωτε.

195 552 232 579 *ο
257 551 349 588 πάσης
379 552 508 579 ἐπέκεινα
524 552 670 588 νοουμένης
693 551 800 588 ἀληθῶς
816 552 862 578 καὶ
875 551 945 587 ὁρω-

161 599 246 634 μένης
265 598 380 630 κτίσεως
405 599 512 634 μήτραν
525 598 575 632 τὴν
600 598 648 634 σὴν
664 598 747 626 ὑπέδυ
772 596 945 633 παναληθῶς,

161 646 208 672 καὶ
235 644 304 679 σὰρξ
335 644 516 679 ἐχρημάτισε,
531 644 594 675 τοὺς
621 644 733 680 βροτοὺς
756 644 946 676 ἀναπλάττων,

167 689 356 724 ’Λειπάρθενε.

197 734 273 761 Μίαν
289 734 407 771 φέροντα
425 734 574 760 ὑπόστασιν
587 732 706 768 ὲκύησας
720 732 764 759 τὸν
778 733 873 767 Λόγον,
883 733 946 769 Mq-

162 780 343 816 τροπάρθενε,
368 779 466 811 διπλᾶς
497 779 595 814 ἔχοντα
619 779 668 811 τὰς
690 778 812 813 θελήσεις
839 779 886 805 καὶ
914 778 949 806 τὰ

164 825 265 860 φυσικὰ
284 825 366 852 αὑτοῦ
389 823 524 859 ἰδιώματα
540 823 643 859 σαφῶς·
662 823 728 855 Θεὸς
749 823 803 858 γάρ
822 824 880 850 ἐστι
902 823 949 850 καὶ

164 871 258 907 βροτὸς
272 872 285 898 ό
299 871 331 897 δι’
347 871 420 906 ἡμᾶς
434 871 595 906 σαρκωθείς.

203 916 404 951 Ῥητορεύουσα
434 916 545 950 γλῶσσα
579 914 627 942 τοῦ
655 915 805 950 μυστηρίου
836 923 883 941 σου
917 914 946 941 τὸ
963 909 984 937 Β

163 962 320 997 ἀπόρρητον
330 961 410 996 βάθος
421 962 509 988 εἰπεῖν
523 961 554 988 οὐ
575 961 695 988 δύναται.
710 961 795 995 Λόγον
810 961 863 997 γὰρ
880 961 947 988 Θεὸν

163 1009 234 1043 ὑπὲρ
244 1009 324 1042 λόγω
340 1008 472 1043 ἑκύησας,
489 1008 610 1042 πάναγνε
629 1007 761 1042 Παρθὲνε,
783 1009 822 1039 είς
839 1008 948 1036 πάντων

166 1055 315 1090 σωτηρίαν.

198 1101 274 1135 οωνῇ
302 1098 418 1134 ἀγγέλου
439 1099 553 1132 retexet:
580 1099 625 1127 τὸν
651 1099 768 1135 ἄναρχον
792 1099 876 1133 Λόγον
900 1098 949 1124 λα-

163 1145 245 1172 ῦόντα
262 1145 353 1180 σάρκα
374 1145 465 1172 ἔννουν
479 1154 508 1172 τε
525 1146 572 1172 καὶ
587 1146 717 1181 ἔμψυχον,
733 1146 854 1180 Παροένε
881 1153 949 1170 παν-

164 1191 241 1225 αγία,
265 1192 298 1217 ἐκ
309 1191 365 1218 τῶν
377 1190 507 1227 καθαρῶν
520 1191 644 1226 αἱμάτων
659 1200 716 1224 σου,
728 1191 775 1217 καὶ
789 1191 849 1221 τοὺς
864 1190 949 1225 ἀσάρ-

165 1245 229 1268 κους
242 1237 354 1272 ἐχθροὺς
376 1237 592 1270 καταϐαλλόντα,
605 1237 652 1264 καὶ
664 1236 788 1263 σώσαντα
800 1236 872 1271 ἡμᾶς
882 1235 949 1261 πάν-

166 1290 216 1314 τας
231 1283 293 1313 τοὺς
306 1282 393 1318 ἀληθῆ
410 1283 540 1310 Θεοτόκον
553 1282 805 1318 ὁμολογοῦντάς-σε.

173 1361 223 1388 Ἐκ
233 1360 285 1388 τοῦ
295 1361 427 1394 Κανόνας
438 1362 481 1394 εις
489 1361 561 1394 τοὺς
571 1361 675 1395 ἁγίους
681 1360 835 1395 μάρτυρας
850 1359 950 1392 Ἀλέξ-

286 1395 399 1429 ανδρον
413 1397 464 1423 καὶ
486 1397 673 1429 Ἀντωνιναν,
688 1396 782 1430 ἡμέρᾳ
795 1398 822 1422 ι’-

209 1460 238 1486 '0
250 1460 453 1496 δημιουργήσας
475 1460 513 1493 ὥς
535 1460 601 1494 Θεὸς
616 1461 666 1493 τὰς
681 1461 812 1497 ἀοράτους
822 1460 950 1497 δυνάμεις

169 1505 330 1540 βουλήματι,
350 1506 429 1541 ἔσχεν
440 1505 477 1538 ὡς
487 1506 577 1534 σιτίαν
590 1515 620 1533 σε
632 1507 682 1541 τῆς
695 1507 763 1542 πρὸς
777 1507 862 1541 ἡμᾶς,
874 1506 949 1541 Παρ-

995 283 1051 315 dia,
1069 291 1117 310 eos
1150 283 1196 317 qui
1221 283 1317 310 fraude
1331 281 1433 310 diaboli
1457 283 1576 317 corrupti
1602 282 1723 316 fuerant,
1738 283 1782 310 in-

999 329 1133 355 stauravit
1151 336 1183 356 ae
1193 328 1344 356 renovavit.

1033 371 1130 400 Verum
1146 373 1234 400 Patris
1244 372 1372 406 Verbum,
1384 379 1417 399 ex
1430 370 1592 399 venerandis
1604 371 1781 406 sanguinibus

997 418 1061 451 tuis,
1077 426 1094 445 ο
1106 417 1187 453 Virgo
1196 423 1282 450 casta,
1298 422 1471 453 corporatum
1484 418 1609 453 peperisti
1627 418 1653 444 in
1674 418 1781 444 duabus

997 463 1124 498 perfectis
1141 465 1257 499 naturis,
1286 465 1366 493 unica
1391 468 1482 492 autem
1507 464 1667 499 hypostasi,
1685 471 1700 490 ο
1726 463 1782 490 Ι)ιο

997 509 1170 538 charissima.

1032 554 1089 587 ille,
1102 556 1148 590 qui
1165 563 1228 583 vere
1242 560 1284 583 est
1309 563 1389 590 supra
1412 562 1521 584 omnem
1536 560 1701 589 creaturam,
1717 564 1778 591 quae

998 600 1111 635 intelligi
1130 605 1176 628 aut
1190 601 1278 629 videri
1307 602 1412 636 possit;
1425 602 1566 630 verissime
1581 607 1688 630 uterum
1705 607 1782 629 tuum

998 646 1137 681 ingressus
1149 651 1200 679 est,
1211 651 1238 673 et
1254 654 1318 674 caro
1332 647 1419 675 factus
1435 651 1488 680 est,
1503 652 1533 675 ut
1543 647 1670 675 homines
1695 647 1782 675 refor-

999 696 1098 724 marct,
1115 699 1131 720 ο
1143 690 1228 727 Virgo
1242 697 1382 727 perpetua.

1036 737 1154 764 Verbum
1187 737 1293 765 unicam
1324 737 1427 765 habens
1454 737 1635 774 hypostasim,
1661 737 1784 773 duasque

1000 782 1162 812 voluntates.
1178 786 1205 810 et
1218 783 1353 811 naturalia
1367 784 1454 818 ipsius
1466 783 1606 816 idiomata,
1627 783 1782 814 manifeste.

999 829 1138 863 peperisti,
1151 837 1167 856 ο
1184 829 1268 857 Mater
1283 829 1365 864 Virgo
1380 839 1388 856 :
1413 829 1485 858 Deus
1499 830 1572 858 enim
1586 834 1630 858 est
1644 833 1672 858 et
1687 830 1780 862 homo.

1000 874 1047 909 qui
1060 878 1170 909 propter
1187 882 1236 902 nos
1248 874 1408 902 incarnatus
1422 881 1473 904 est.

1034 917 1139 955 hingua
1155 920 1330 954 quantumvis
1345 920 1477 955 eloquens
1489 927 1522 948 ac
1536 920 1639 948 diserta
1652 928 1705 948 non
1726 928 1777 955 po-

999 953 1224 990 test'inell‘abilcm
1234 964 1353 999 mystcrii
1365 953 1624 999 tuiprufunditatem
1632 953 1782 1000 explicare:

999 1007 1116 1035 Verbum
1128 1008 1200 1035 enim
1213 1008 1258 1035 Dei
1279 1013 1361 1044 supra
1385 1009 1498 1037 verbum
1526 1011 1655 1046 genuisti,
1671 1019 1688 1038 ο
1701 1011 1784 1046 Virgo

999 1053 1163 1086 castissima,
1175 1053 1202 1080 in
1218 1053 1335 1080 salutem
1351 1054 1553 1083 universorum.

1016 1097 1150 1125 Mediante
1161 1105 1226 1125 voce
1238 1099 1324 1134 angeli
1336 1099 1464 1133 peperisti
1472 1098 1591 1127 Verbum
1604 1107 1701 1127 carens
1709 1100 1784 1134 priu-

1000 1144 1081 1178 cipio,
1101 1143 1172 1178 quod
1184 1151 1293 1171 carnem
1308 1144 1411 1178 accepit
1421 1149 1509 1172 mente
1522 1150 1602 1179 atque
1614 1145 1705 1172 anima
1718 1153 1785 1180 prae-

999 1188 1084 1216 ditam
1097 1196 1130 1215 ex
1154 1188 1205 1215 tuis
1220 1188 1296 1223 puris
1313 1189 1504 1223 sanguiuibus,
1522 1197 1538 1217 0
1559 1189 1642 1225 Virgo
1668 1190 1785 1218 sanctis-

999 1233 1084 1265 sima;
1106 1232 1252 1267 hostesque
1278 1232 1370 1259 carnis
1398 1238 1525 1267 expertes
1553 1233 1662 1264 devicit.
1683 1240 1786 1268 uosque

1001 1283 1096 1305 Omnes
1113 1277 1236 1309 saltavit,
1252 1276 1299 1313 qui
1314 1281 1339 1304 te
1352 1284 1444 1304 veram
1459 1276 1602 1312 Deiparam
1614 1277 1784 1304 conﬁtemur.

1003 1340 1135 1388 122-152:
1150 1352 1257 1380 Conone
1267 1353 1292 1379 in
1311 1353 1378 1387 festo
1391 1352 1440 1379 SS.
1463 1358 1609 1388 martyrum
1624 1353 1783 1386 Alexandri,

1236 1392 1261 1415 et
1281 1388 1432 1420 Antonini»,
1446 1389 1489 1415 die
1503 1388 1546 1415 lU.

1037 1456 1089 1491 Qui
1103 1457 1206 1485 creavit
1217 1461 1348 1492 tanquam
1362 1456 1436 1485 Deus
1455 1457 1607 1486 invisibiles
1631 1462 1782 1493 potestates

1001 1503 1109 1530 decreto
1117 1510 1178 1536 suo,
1192 1503 1287 1531 habuit
1299 1508 1324 1530 te
1336 1507 1464 1539 tanquam
1482 1511 1594 1531 causam
1611 1503 1786 1532 reformatio-

169 1550 240 1582 θένε,
255 1551 444 1584 ἀνακλάσεως·
463 1552 557 1579 τοῦτον
576 1550 624 1580 οὖν
641 1552 760 1579 δυσώπει
783 1552 828 1579 τὸν
848 1551 950 1587 κόσμον

1002 1548 1043 1576 nis
1055 1552 1166 1581 nostra,
1183 1556 1199 1575 o
1212 1547 1305 1584 Virgo.
1322 1548 1400 1576 Hunc
1426 1557 1492 1586 ergo
1508 1557 1602 1583 exora,
1613 1557 1630 1577 ο
1640 1550 1786 1579 intemera-

169 1594 268 1627 σῶσαι,
284 1597 449 1631 naviumin.

204 1641 340 1675 Παρθένος
358 1643 484 1679 κυήσασα
502 1643 569 1670 Θιδν
583 1642 693 1679 ὠράοης
712 1643 781 1678 μετὰ
809 1643 950 1678 γέννησιν,

170 1686 216 1712 καὶ
229 1685 276 1712 σοῦ
299 1687 330 1712 τδ
342 1686 424 1720 θεῖον,
442 1687 570 1722 ἁχραντσ,
587 1688 734 1722 πρόσωπον
754 1689 830 1723 χοροὶ⁵
847 1687 951 1723 παρθέ-

170 1739 222 1758 νων
233 1731 279 1757 νῦν
296 1731 475 1766 λιτανεύουσι,
495 1733 555 1768 μεθ’
573 1731 610 1760 ὧν
633 1734 699 1769 ἡμῖν
713 1734 822 1769 αῐτησαι
839 1733 952 1768 ιλασμὺν

169 1777 216 1804 ut
229 1776 312 1810 ἔλεος,
328 1778 375 1805 καὶ
387 1777 482 1806 δεινῶν
495 1779 613 1814 παντελῆ
627 1779 826 1814 ἀπολύτρωσιν.

210 1865 255 1897 Ὦς
269 1865 379 1901 ἔχουσα,
393 1867 564 1902 πανύμνητε,
579 1868 655 1902 ίσχύν
676 1876 705 1894 σε
720 1867 768 1894 καὶ
787 1867 952 1902 στήριγμαή

177 1911 331 1945 Ἀντωνία,
357 1915 487 1948 καρτερεῖ
508 1913 543 1940 τὰ
564 1913 684 1949 ὅυσαχθῆ
709 1914 754 1941 καὶ
768 1913 891 1948 θλιόερὰ,
907 1913 953 1939 καὶ

171 1956 265 1989 ῥίπτει
279 1957 325 1984 τὸν
347 1959 478 1993 τύραννον
495 1959 542 1986 καὶ
557 1960 694 1994 σνμπατιῑ
718 1958 797 1985 ποσὶν
825 1958 949 1993 ὡραίοις,

172 2002 205 2036 τῇ
220 2002 311 2036 χάριτι
326 2002 372 2029 τοῦ
385 2004 417 2029 ἐκ
445 2003 540 2038 νηδύος
558 2011 605 2030 σου
636 2003 723 2030 Λόνου
752 2002 952 2037 ἐκλάμψαντος.

209 2094 354 2122 Κατάὂαλε
364 2095 428 2127 τοὺς
439 2095 482 2125 ἀεὶ
493 2095 678 2131 πολεμοῦντάς
698 2104 732 2131 μι
753 2095 895 2130 δαίμονας,
907 2095 954 2122 καὶ

173 2140 311 2175 ἄπρακτον
323 2141 371 2176 τὴν
381 2141 478 2177 βουλὴν
491 2141 580 2168 αὐτῶν
593 2141 715 2176 ποίησον,
729 2141 954 2177 ἄχραντε,ᾶτρυ›-

172 2186 218 2214 τόν
252 2195 288 2221 με
311 2186 436 2219 σώζουσα
454 2188 517 2223 τῆς.
533 2188 696 2224 προσδοκίας
724 2187 836 2220 τούτων,
864 2187 953 2222 Κόρη,

172 2232 247 2263 ὅπως
261 2233 305 2259 ἀεὶ
321 2232 465 2267 μακαρίζω
479 2241 520 2261 σε.
783 2269 804 2272 η
826 2269 838 2272 _
852 2271 855 2272 ν
918 2268 936 2272 --

209 2277 389 2313 Νενέκρωμαι
402 2278 491 2314 ψυχὴν
514 2280 573 2311 ταῖς
590 2269 955 2316 παραϐάσεσινξγὲῖιίσκειίξαί

169 2317 222 2358 με,
238 2323 357 2355 ζὼωσον,
382 2323 431 2358 τὴν
454 2323 528 2360 ζωὴν
550 2325 730 2361 ἀποκυήσασα
739 2325 872 2359 Χριστὸν,
887 2325 917 2352 ὃν
931 2326 955 2352 οἱ

174 2368 294 2400 ιὺκλεεῖς
318 2369 559 2406 μεγαλομάριυρες
588 2371 697 2398 πάντων
726 2371 804 2403 Θεὸν,
819 2370 956 2406 Παρθενο-

177 2415 275 2450 μῆτορ,
290 2416 534 2452 καθωμολόγησαν.

187 2527 193 2531 ς
213 2508 319 2542 Ὥσπερ
332 2510 394 2539 τοὺς
406 2511 480 2544 τρεῖς
491 2507 588 2540 πᾶῐδας
613 2509 643 2535 οὺ
668 2507 816 2543 κατέφλεξε
843 2507 958 2543 κάμινος

179 2554 197 2589 ἡ
211 2554 365 2589 Χαλδιῖκὴ,
380 2554 478 2587 οὓτως,
491 2555 620 2590 ἄχραντε,
635 2553 685 2589 σὴν
700 2553 780 2588 νηδὺν
796 2553 851 2589 πῦρ
865 2553 894 2579 τὺ
909 2554 958 2588 τῆς

178 2599 304 2633 θεότητος
324 2600 456 2633 ἄφλεκτον
470 2601 612 2635 ἐτήρησεν,
630 2599 698 2626 ἀλλὰ
728 2599 782 2634 βοῶ
798 2607 849 2626 σοι’
864 2599 957 2626 Κατά-

178 2643 275 2678 φλεξον
291 2643 357 2679 ὕλην
369 2644 471 2681 πικρὰν
481 2644 534 2671 τῶν
549 2644 641 2672 παθῶν
659 2653 721 2680 μου,
737 2644 817 2680 ἁγνὴ,
831 2644 904 2676 ὅπως
921 2643 960 2670 δο-

177 2689 251 2723 ξάζω
267 2698 307 2717 σε.

222 2725 423 2772 Ἀὖεειράνδρως
434 2737 546 2768 τέτοκας
553 2737 689 2772 Θεὺνὴμϊν
698 2736 872 2772 ὁμοιωθέντα,
886 2737 960 2771 Παρ-

179 2781 252 2815 οένε,
268 2782 298 2808 ὃν
315 2782 479 2815 ὲκδυσώπει,
501 2783 701 2818 παναμὼμητε,
723 2783 766 2809 ἀεὶ
783 2782 868 2810 σῶσαι
897 2783 960 2813 τοὺς

179 2828 384 2864 κραυγάζοντας
395 2837 401 2844 ·
419 2828 572 2864 Εὐλογείτε,
591 2828 678 2856 πάντα
692 2829 726 2856 τὰ
741 2829 819 2864 ἔργα,
847 2828 958 2864 Κύριον.

964 1584 986 1614 c
1003 1594 1119 1626 tissime,
1137 1602 1187 1630 pro
1200 1595 1295 1623 mundi
1310 1595 1410 1623 salute.

1037 1641 1105 1668 Cum
1120 1640 1204 1668 Deum
1226 1641 1379 1676 genuisses,
1395 1646 1455 1676 post
1469 1646 1575 1676 partum
1589 1640 1673 1676 Virgo
1700 1649 1785 1677 appa-

1001 1685 1092 1718 ruisti,
1105 1693 1121 1712 o
1132 1686 1290 1720 impolluta;
1305 1685 1485 1721 divinumque
1500 1686 1604 1714 vultum
1620 1691 1695 1714 tuum
1707 1686 1785 1714 chori

1002 1732 1137 1767 virginum
1161 1739 1233 1759 nunc
1262 1731 1455 1766 deprecantur,
1473 1739 1535 1759 cum
1560 1732 1658 1767 quibus
1681 1733 1788 1766 pustula

1003 1785 1051 1812 pro
1070 1777 1149 1804 nobis
1162 1777 1381 1813 propitiationem
1412 1781 1438 1804 et
1453 1777 1679 1810 misericordiam,
1697 1782 1790 1805 etom-

1003 1823 1141 1850 nimodam
1157 1831 1172 1850 a
1188 1823 1268 1850 malis
1278 1823 1480 1850 liberationem.

1037 1867 1105 1894 Cum
1121 1868 1257 1894 Antonina
1270 1868 1382 1894 haberet
1397 1872 1432 1900 te,
1449 1875 1465 1894 ο
1478 1868 1553 1894 omni
1574 1867 1653 1895 laude
1683 1867 1789 1902 dignis-

1003 1913 1082 1945 sima,
1098 1912 1282 1940 fortitudinem
1300 1920 1331 1940 ac
1345 1912 1547 1946 fulcimentum,
1557 1913 1680 1940 toleravit
1694 1919 1790 1947 aspera

1003 1966 1035 1986 ac
1051 1958 1118 1986 dura
1137 1958 1271 1993 supplicia
1283 1958 1415 1992 ;projecit
1431 1962 1588 1993 tyrannum,
1604 1958 1789 1985 conculcavit—

1004 2012 1057 2039 que
1071 2011 1132 2031 eum
1152 2004 1265 2038 pedibus
1282 2003 1426 2039 speciosis,
1443 2005 1580 2031 mediante
1603 2004 1690 2040 gratia
1715 2003 1789 2032 illius

1004 2049 1096 2082 Verbi,
1115 2050 1186 2085 quod
1204 2057 1235 2076 ex
1253 2055 1331 2078 utero
1345 2053 1392 2077 tuo
1404 2050 1569 2077 coruscavit.

1039 2095 1141 2131 Dejicc,
1153 2103 1169 2123 ο
1185 2096 1371 2129 immaculata.
1386 2096 1532 2129 daemones,
1548 2096 1594 2132 qui
1605 2103 1647 2123 me
1659 2099 1789 2130 perpetuo

1004 2146 1172 2177 oppugnant,
1190 2147 1215 2169 et
1226 2141 1333 2169 irritum
1346 2142 1426 2170 redde
1435 2142 1580 2170 consilium
1589 2149 1683 2169 eorum
1693 2149 1700 2174 ;
1712 2149 1789 2169 serva

1005 2195 1048 2215 me
1060 2187 1172 2215 illaesum
1185 2195 1199 2214 a
1209 2187 1331 2220 vulnere,
1345 2193 1442 2223 praeter
1452 2196 1526 2224 spem
1538 2195 1645 2220 eorum,
1657 2195 1673 2215 ο
1685 2187 1789 2219 Puella,

1007 2238 1036 2262 ut
1055 2238 1080 2261 te
1093 2242 1200 2269 semper
1211 2234 1374 2262 beatiiicem.

1041 2280 1167 2307 Animam
1182 2281 1443 2315 trausgressionihus
1460 2281 1650 2315 interemptam
1668 2287 1700 2307 ae
1716 2287 1790 2307 mor-

1005 2328 1080 2353 tuam
1113 2326 1198 2352 haben
1216 2335 1222 2352 :
1245 2326 1324 2353 visita
1341 2331 1368 2354 et
1392 2327 1499 2353 vivifica
1515 2334 1568 2358 me,
1585 2331 1612 2354 tu
1632 2334 1692 2362 qua:
1708 2328 1791 2352 vitam

1007 2371 1146 2398 Christum
1163 2373 1304 2406 peperisti,
1317 2380 1397 2407 quem
1416 2372 1535 2400 illustres
1557 2373 1702 2407 magnique
1718 2379 1791 2398 mar~

1008 2420 1081 2451 tyres
1099 2416 1222 2443 omnium
1247 2415 1332 2444 Deum
1363 2424 1424 2444 esse
1437 2417 1557 2444 confessi
1572 2421 1652 2447 sunt.
1679 2424 1694 2444 0
1708 2415 1792 2451 Virgo

1007 2460 1104 2488 Mater.

1044 2506 1278 2540 Quemadmodum
1297 2513 1351 2536 tres
1375 2516 1474 2544 pueros
1491 2516 1545 2535 non
1570 2508 1721 2536 combussit
1740 2507 1794 2536 for-

1008 2560 1061 2579 nax
1076 2552 1220 2580 Chaldalca
1231 2572 1238 2584 ,
1260 2553 1296 2580 ita
1313 2558 1420 2580 uterum
1437 2559 1524 2587 tuum,
1537 2561 1553 2580 ο
1570 2554 1712 2586 inviolata,
1724 2553 1793 2579 divi-

1010 2598 1102 2625 nitatis
1118 2598 1189 2632 ignis
1205 2598 1406 2626 incomliustum
1419 2600 1547 2627 servavit.
1564 2599 1619 2635 Ego
1628 2607 1693 2626 vero
1707 2598 1794 2625 clamo

1010 2643 1044 2671 ad
1056 2648 1103 2671 te;
1121 2642 1258 2673 Combure
1278 2652 1399 2673 amaram
1416 2645 1520 2681 sylvam
1535 2645 1693 2680 passionum
1717 2651 1792 2673 mea-

1010 2696 1083 2722 rum,
1099 2696 1115 2715 o
1126 2694 1211 2722 casta,
1228 2695 1257 2717 ut
1272 2695 1297 2718 te
1315 2691 1475 2725 glorificem.
1668 2683 1670 2685 I

1045 2735 1154 2770 Absque
1166 2735 1217 2762 viri
1230 2737 1395 2771 experientia
1407 2737 1491 2765 Deum
1511 2737 1648 2772 peperisti,
1667 2743 1683 2763 ο
1699 2735 1793 2769 Virgo,

1011 2779 1113 2809 factum
1129 2780 1246 2810 similem
1267 2782 1461 2817 nobis;quem
1481 2782 1638 2817 suppliciter
1648 2789 1729 2809 cxnra
1749 2789 1795 2808 as-

1013 2827 1102 2859 sidue,
1118 2834 1135 2854 ο
1152 2827 1238 2854 libera
1254 2828 1297 2855 ab‘
1305 2829 1379 2855 omni
1400 2828 1519 2859 macula,
1539 2832 1568 2854 ut
1582 2827 1668 2854 salvet
1679 2837 1684 2851 ι
1695 2835 1736 2858 os,
1751 2826 1795 2860 qui

1013 2871 1131 2900 clamant
1142 2882 1148 2901 :
1170 2872 1339 2908 Benedicite,
1349 2873 1524 2910 IasOmnia
1535 2880 1627 2909 opera,
1639 2872 1794 2902 Dominum.
