2069 3159
293 182 362 217 112⁸1

864 183 895 215 ς.
915 179 1074 213 JOSEPHI
1092 180 1374 213 HYMNOGRAPHI

1857 178 1928 214 ιω

323 239 347 269 0
361 239 530 272 castissima,
544 238 613 267 oriri
628 238 671 267 l'ac
687 238 755 267 mihi
770 246 843 267 nunc
858 239 886 266 in
898 239 1019 267 tenebris
1034 246 1083 267 so-

1169 239 1230 272 Φῶς
1243 248 1289 276 μοι
1302 239 1341 274 τῷ
1354 237 1486 274 κιιμινῳ,
1505 236 1638 273 πάναγνι,
1650 237 1680 266 ιν
1694 237 1826 274 ἀμελείας
1837 239 1928 267 σκότει

287 286 390 315 σοι-ἀίεις
402 285 519 322 iacenti,
534 285 635 318 lucem,
660 293 715 321 qua
728 285 864 314 dissolvas
880 285 979 318 nubes,
993 293 1081 314 excat-

286 337 382 360 cantes
407 336 526 359 mentem
552 338 639 358 meam
658 350 666 364 ,
685 339 718 359 ac
751 336 884 367 perpetuo
915 330 1080 359 altissimam

288 378 407 414 quietem
421 384 574 412 pacemque
589 377 726 405 concedas
739 377 839 405 animae
857 384 934 410 meae,
949 381 980 404 ιιι
995 375 1081 412 εισι-ἱ-

288 423 371 452 ﬁcare
383 424 487 459 possim
505 427 541 455 te,
554 430 571 450 ο
587 423 780 452 mundissima.

1134 285 1183 313 νῦν
1210 285 1394 318 ἑξανάτειλον,
1410 284 1447 312 τὰ
1478 283 1634 320 συφλοῦντά
1657 293 1710 320 μου
1734 284 1781 312 τὸν
1796 283 1928 320 λογισμὸν

1134 331 1204 366 νέφη
1218 330 1331 364 λύουσα,
1346 331 1395 358 καὶ
1421 330 1538 367 εἰρήνην
1561 329 1686 366 βαθεῖαν,
1704 330 1871 367 πανάμωμι,
1885 330 1930 358 ἀεὶ

1134 377 1309 414 ἐργαζομένη
1322 379 1352 405 ὲν
1365 378 1399 413 τῇ
1412 376 1485 413 ψυχῇ
1499 385 1563 412 μου,
1577 375 1625 404 τοῦ
1641 375 1764 409 δοξάζειν
1779 383 1822 405 σε.

517 480 560 508 Ea:
571 481 678 509 Canam
697 482 724 509 in
738 481 791 509 SS.
802 485 946 516 martyres.
968 479 1116 514 Heluium,
1129 478 1295 514 Stephanum
1314 482 1339 505 et
1354 476 1497 510 Joannem,
1511 477 1556 504 die
1570 476 1696 512 l0(65").

323 523 517 556 Venerandum
535 529 705 564 virginitatis
725 533 948 561 monumentum,
965 532 1086 556 montem

289 584 352 604 vere
362 576 510 611 alapicida
525 583 609 603 manu
632 576 775 609 intactum,
793 575 912 611 Spiritus
927 574 1013 602 sancti
1024 574 1087 602 thu-

289 621 422 654 ribulum,
434 620 482 648 Dei
494 626 622 653 matrem,
637 621 856 649 orthodoxorum
870 620 998 657 gloriam,
1018 620 1086 648 lide-

289 669 328 696 les
342 668 464 696 universi
484 668 683 696 beatillcemus.

325 714 508 750 Corporatum
525 713 614 742 Patris
633 714 753 742 Verbum
769 714 899 742 ineﬂ'abili
914 713 1022 742 ratione
1034 720 1083 749 ge-

289 761 386 794 nuisti,
400 769 417 788 o
428 768 496 796 pura
515 760 643 796 Deipara,
661 761 769 788 unitum
784 760 945 788 hominibus
970 764 1082 795 propter

291 814 428 835 summam
443 807 596 834 bonitatem
611 814 707 839 suam;
724 806 797 841 quod
821 806 903 838 enixe
915 813 1039 841 precare,
1052 809 1083 834 ut

288 860 383 880 servos
398 857 461 880 tuos
473 859 488 879 a
504 851 634 887 periculis
649 852 761 887 eripiat.

1138 525 1366 557 temeratissima,
1385 529 1413 552 tu
1432 531 1494 559 quae
1511 523 1596 551 vitam
1616 523 1758 559 peperisti,
1773 529 1801 552 et
1824 524 1930 560 passio-

1137 581 1203 601 num
1221 575 1410 607 tempestatem
1427 571 1454 598 in
1472 570 1698 606 tranquillitatem
1715 576 1867 604 con-muta,
1883 577 1929 599 at-

1135 627 1190 655 que
1204 623 1264 646 esto
1279 617 1348 645 mihi
1361 616 1494 652 adiutrix,
1506 617 1541 644 ab
1554 617 1638 652 hujus
1652 616 1715 644 vitae
1728 617 1860 652 periculis
1870 619 1927 646 eri-

1135 665 1214 702 piens
1227 672 1282 693 me.

1171 710 1281 740 Peccati
1309 712 1366 741 luto
1392 721 1435 741 me
1448 722 1523 742 nunc
1540 714 1657 742 inlisum
1672 713 1758 748 erige,
1784 719 1801 740 ο
1822 711 1927 747 Sponsa

1135 758 1194 792 Dei,
1213 760 1272 787 sola
1290 759 1337 787 Dei
1356 758 1495 793 Genitrix,
1521 765 1549 788 et
1568 761 1655 797 dirige
1672 760 1706 788 ad
1721 759 1927 794 impassibilita-

1135 809 1201 837 tem,
1217 804 1325 833 intense
1340 805 1421 842 124
1433 806 1608 839 clamantem,
1622 812 1677 834 etc.

1175 850 1408 887 Praellgurabatte
1418 852 1504 880 rubus
1518 852 1574 886 ille,
1588 852 1635 888 qui
1649 852 1714 880 olim
1731 851 1816 889 Moysi
1832 856 1929 880 osten-

323 896 410 931 Leges
423 901 529 924 naturae
549 897 576 924 in
593 901 619 924 te
634 896 803 924 innovantur
817 905 825 931 ;
841 904 905 924 nam
921 896 989 932 legis
1003 896 1084 924 dato-
1100 899 1122 928 Β
1136 904 1185 925 sus
1203 901 1256 931 est,
1273 897 1340 925 dum
1361 898 1482 932 arderet,
1499 903 1527 927 et
1548 906 1604 927 non
1616 899 1849 927 combureretur:
1863 906 1928 927 vere

289 951 347 971 rem
365 949 428 970 vere
441 942 582 978 peperisti,
598 942 646 978 qui
657 942 793 970 universis
808 942 872 970 vita:
887 943 961 978 leges
978 942 1084 970 consti-

290 989 352 1022 tuit,
369 992 397 1016 et
409 988 584 1023 peccatorum
595 992 692 1016 contra
703 988 790 1024 legem
799 988 1012 1016 commissorum
1029 988 1083 1016 llu-

290 1034 351 1061 vios
361 1034 505 1069 repressit,
522 1041 539 1061 o
553 1033 639 1068 Virgo
653 1034 729 1061 omni
744 1042 777 1062 ex
789 1038 866 1070 parte
879 1034 995 1067 illibata,
1008 1041 1084 1062 mar-

291 1085 382 1116 tyrum
403 1079 503 1115 gloria,
515 1083 544 1107 et
559 1078 681 1107 ﬁdelium
702 1079 779 1108 salus
798 1084 826 1107 et
837 1079 974 1115 gloriatio.

329 1125 531 1153 Solidissimam
557 1125 683 1160 gloriam,
706 1125 799 1161 regale
827 1130 1010 1162 sanctumque
1033 1133 1084 1154 ve-

293 1170 428 1203 hiculum,
455 1171 607 1198 thalamum
632 1169 698 1204 Dei,
714 1176 837 1206 pontem,
854 1171 1084 1199 transmittentem

292 1225 388 1244 omnes
402 1217 435 1244 ad
451 1217 649 1245 immateriales
668 1218 827 1245 mansiones
839 1236 846 1250 .
863 1217 958 1245 mundi
967 1218 1084 1254 \propi-

294 1264 445 1296 tiatorium,
461 1263 601 1298 Virginem
619 1262 733 1291 Mariam
758 1263 886 1291 laudibus
901 1263 1083 1291 celebremus.

327 1310 460 1337 Mortiﬁca
489 1309 583 1337 carnis
600 1317 667 1337 mea:
690 1309 865 1337 lascivientes
879 1314 982 1342 motus,
1000 1316 1017 1336 o
1037 1309 1082 1336 in.

293 1390 336 1419 Ea;
349 1389 456 1418 Canone
478 1390 507 1417 in
532 1390 599 1425 festo
628 1389 660 1418 S.
676 1389 796 1425 Acylt'mz
814 1390 954 1425 martyris,
977 1389 1021 1417 die
1040 1389 1085 1418 l5.

329 1490 381 1524 Qui
395 1497 458 1518 cum
485 1490 566 1518 Patre
579 1489 707 1526 principii
725 1494 837 1525 experte
853 1489 936 1517 simul
957 1489 1087 1525 intelligi-

1137 942 1223 975 enim,
1240 949 1258 970 o
1275 942 1442 978 castissima,
1463 943 1617 972 divinitatis
1629 944 1719 979 ignem
1736 944 1865 980 portasti,
1880 944 1928 979 qui

1137 994 1165 1018 te
1172 990 1247 1018 nulla
1256 998 1288 1018 ex
1297 994 1375 1026 parte
1385 990 1537 1018 combussit
1548 998 1556 1024 ;
1568 990 1613 1018 cui
1623 990 1750 1025 cum;llde
1758 990 1910 1018 clamamus
1918 997 1928 1017 :

1137 1034 1230 1071 Pueri,
1239 1036 1466 1070 benedicite,fetc.

1174 1082 1270 1110 Amica
1297 1082 1432 1110 bonorum
1459 1081 1553 1118 Virgo,
1574 1090 1636 1118 qua:
1654 1082 1757 1110 bonum
1783 1081 1930 1110 Dominum

1140 1135 1173 1156 ac
1195 1127 1398 1156 dominatorem
1423 1128 1570 1164 peperisti,
1597 1128 1718 1156 animam
1742 1134 1832 1155 meam
1856 1134 1931 1154 nunc

1139 1173 1315 1201 multitudine
1329 1173 1466 1201 malorum
1482 1173 1616 1206 vitiatam,
1633 1178 1763 1208 tanquam
1783 1172 1854 1200 bona
1876 1172 1927 1200 bo-

1139 1227 1202 1247 nam
1218 1219 1305 1252 ellice,
1320 1224 1348 1247 et
1362 1227 1378 1247 a
1403 1219 1506 1248 duritie
1517 1227 1571 1255 qua
1584 1226 1659 1247 nunc
1672 1219 1820 1250 detinetur,
1845 1218 1932 1245 libera

1137 1272 1198 1293 eam
1218 1264 1349 1300 precibus
1361 1265 1430 1300 tuis,
1445 1269 1477 1294 ut
1491 1269 1518 1294 te
1530 1265 1590 1295 sine
1603 1263 1930 1300 cessationemagnillcet.

1145 1391 1197 1419 Ἐκ
1207 1391 1262 1419 τοῦ
1277 1392 1413 1425 Κανόνος
1428 1392 1472 1425 εις
1488 1391 1649 1427 thr-dra»)
1655 1390 1791 1427 μάρτυρα
1811 1390 1930 1418 ’Δκωιί-

1413 1434 1483 1460 νην»
1498 1425 1593 1461 ήμέρᾲ
1607 1426 1651 1461 ιγ’·

1179 1492 1212 1520 ‘0
1226 1493 1266 1528 τῷ
1289 1493 1402 1529 ἁνάρχῳ
1419 1494 1508 1529 [lupi
1531 1493 1726 1529 συννοούμενος
1757 1491 1842 1519 ὑπέδυ
1873 1491 1930 1528 μή-

297 1540 355 1569 ιιπ,
375 1536 518 1572 ingressus
535 1541 578 1564 est
594 1540 703 1563 uterum
717 1540 806 1569 tuum,
824 1543 840 1563 o
857 1534 943 1563 Maria
970 1534 1026 1563 Deo
1041 1536 1086 1564 de-

1139 1547 1203 1574 εραν
1229 1541 1279 1575 τὴν
1308 1540 1357 1575 σὴν
1379 1539 1522 1574 ἄνθρωπος
1549 1539 1696 1574 γενόμενος
1710 1559 1720 1571 ,
1751 1539 1800 1565 καὶ
1826 1538 1930 1565 latos-ﬂ

299 1584 443 1615 sponsata,
457 1579 548 1607 factus
563 1580 658 1611 homo.
675 1584 703 1607 et
719 1579 834 1607 salvavit
851 1586 913 1613 nos,
929 1579 976 1615 qni
990 1587 1090 1608 succu-

297 1626 448 1654 bueramus
471 1625 594 1657 malitiae,
610 1629 638 1652 et
654 1626 726 1652 servi
750 1624 815 1653 facti
831 1625 970 1654 fueramus
991 1625 1091 1653 seduc-

296 1671 372 1699 tione
393 1670 497 1698 inimici
513 1679 521 1698 :
539 1675 622 1705 atque
649 1670 711 1698 ideo
741 1675 767 1698 te
794 1678 857 1698 cum
875 1671 929 1700 llde
945 1676 972 1700 et
991 1671 1089 1700 alfectu

298 1716 494 1752 gloriﬁcamus.

334 1761 373 1789 'l‘e
386 1768 516 1796 sponsam
533 1762 687 1797 innuptam,
708 1769 864 1798 purumque
878 1762 1019 1792 Creatoris
1045 1768 1087 1792 ta-

296 1807 486 1841 bernaculum,
507 1812 534 1835 et
543 1807 709 1836 Cberubinis
721 1809 900 1842 sanctiorem,
913 1817 930 1838 o
945 1814 1031 1844 casta,
1045 1818 1092 1838 co-

246 1865 251 1870 -
298 1854 454 1889 gnovimus.

334 1898 533 1927 Dormitatione
549 1898 721 1935 negligentiae
735 1908 850 1928 somnus
865 1901 969 1936 peccati
979 1901 1091 1936 depres-

299 1945 337 1973 sit
353 1953 395 1972 nie
412 1954 419 1972 :
437 1950 465 1972 tu
480 1945 603 1981 vigilanti
617 1945 816 1974 intercessione
827 1950 873 1974 tua
888 1945 1026 1974 exsuscita
1048 1953 1092 1974 me

300 1991 335 2019 ad
349 1991 558 2026 penitentiam:

333 2037 388 2065 Nos
407 2045 505 2065 omnes
534 2045 550 2065 a
566 2037 745 2066 damnatione
766 2037 920 2072 primorum
947 2041 1091 2073 parentum

297 2082 431 2118 redempti
449 2091 497 2118 per
511 2087 620 2118 partum
635 2087 725 2116 tuum,
737 2083 771 2110 ad
789 2088 816 2110 te
831 2083 1005 2111 clamamus:
1024 2082 1090 2116 Ave,

299 2128 387 2163 gratia
405 2129 495 2164 plena,
512 2129 590 2156 omni
605 2129 686 2156 laude
701 2129 876 2163 dignissima.

338 2174 374 2202 Ut
391 2175 475 2202 homo
493 2175 577 2215 ﬁeret
598 2175 680 2208 Deus,
697 2175 769 2202 Deus
781 2176 856 2203 visus
871 2179 914 2203 est
925 2175 958 2202 ab
974 2175 1093 2202 homini—

1140 1586 1215 1621 ἡμᾶς
1231 1585 1316 1621 κακίᾳ
1326 1585 1531 1620 ὑποκύψαντας,
1556 1585 1605 1613 καὶ
1628 1585 1718 1621 πλάνῃ
1747 1584 1933 1616 δουλωθέντας

1140 1632 1188 1659 τοῦ
1204 1632 1313 1668 ἐχθροῦ,
1328 1633 1423 1668 Μαρια
1446 1631 1639 1668 Θεονύμφευτε
1654 1640 1663 1649 ·
1682 1631 1728 1659 διὰ
1745 1630 1825 1659 τοῦτο
1839 1631 1932 1658 arte-sat

1142 1686 1172 1704 σε
1184 1678 1232 1705 καὶ
1243 1678 1319 1714 πόθῳ
1337 1678 1539 1715 μακαρίζομεν.

1176 1768 1297 1804 Νύμφην
1311 1776 1342 1795 σε
1357 1768 1542 1804 ἀνύμφευτον,
1554 1767 1601 1795 καὶ
1614 1765 1747 1801 καθαρὸν,
1763 1765 1846 1801 ἁγνὴ,
1858 1765 1931 1801 ’σκή-

1141 1824 1222 1851 νωμα
1246 1815 1294 1843 τοῦ
1310 1814 1428 1851 Ποιητοῦ
1454 1814 1501 1842 καὶ
1529 1813 1682 1849 ἁγωτέραν
1708 1812 1850 1849 Χερουϐὶμ
1869 1812 1930 1839 ἔκι-

1143 1861 1278 1896 στάμεθα.

1177 1904 1336 1941 Νυσταγμῷ
1350 1904 1481 1940 ἀμελείας
1505 1912 1539 1940 με
1555 1903 1638 1936 ὕπνος
1668 1901 1817 1939 ἁμαρτίας,
1841 1900 1930 1936 Κόρη.

1143 1951 1333 1987 κατέλαϐε,τῇ
1347 1950 1480 1986 ἁγρύπνῳ
1501 1949 1593 1986 ἱκεσίᾳ
1621 1956 1669 1976 σου
1693 1945 1875 1982 διανάστησόν
1896 1953 1931 1982 με

1143 1997 1214 2033 πρὸς
1230 1995 1388 2032 μετάνοιαν.

1179 2042 1387 2078 Λελυτρωμὲνοι
1404 2041 1506 2073 πάντες
1535 2039 1703 2076 προγονικῆς
1718 2037 1870 2074 καταδίκης
1890 2037 1932 2072 τῷ

1142 2087 1215 2123 τόκῳ
1233 2095 1292 2121 σου,
1304 2086 1401 2122 Χαῖρε,
1414 2084 1457 2113 σοὶ
1476 2084 1702 2121 προσφωνοῦμεν,
1722 2083 1933 2120 κεχαριτωμένη

1143 2133 1214 2161 πανύ
1218 2141 1314 2170 μνητε.

1181 2180 1239 2207 Ἵνα
1253 2179 1321 2212 Θιδς
1343 2180 1358 2207 ὸ
1371 2178 1516 2214 ἄνθρωπος
1531 2178 1658 2214 γένηται,
1687 2176 1755 2209 Θεδς
1770 2176 1865 2212 opm
1886 2176 1935 2204 ἁν-

299 2222 362 2253 bus,
377 2226 459 2249 natus
480 2229 514 2249 ex
535 2221 689 2249 visceribus
710 2221 775 2253 tuis,
792 2228 809 2248 o
834 2219 929 2256 Virgo,
943 2221 1086 2255 inexplica-

1146 2225 1277 2261 θρώποις,
1288 2224 1422 2261 Παρθένε,
1430 2225 1463 2251 ἐκ
1470 2223 1525 2251 σῶν
1541 2223 1664 2257 λαγόνων
1671 2221 1883 2258 ἀνερμηνεύτως
1893 2229 1935 2248 τε-

300 2267 349 2294 bili
367 2268 483 2300 ratione,
496 2273 523 2295 et
538 2274 704 2303 permanens
717 2266 746 2295 id
759 2267 833 2303 quod
846 2273 905 2295 erat
917 2267 1022 2302 absque
1038 2266 1093 2294 ulla

300 2314 461 2341 mutatione.

336 2359 479 2393 Peperisti,
493 2366 510 2387 o
534 2358 629 2395 Virgo,
645 2366 707 2387 eum
722 2358 769 2394 qui
788 2365 839 2386 nos
863 2358 899 2386 ab
925 2359 1002 2386 omni
1028 2366 1093 2387 cor-

302 2406 428 2440 rupti0ne
453 2405 582 2438 redemit,
602 2410 746 2441 propterea
770 2405 891 2433 universi
907 2409 933 2433 te
955 2405 1093 2441 gloriﬁca-

302 2459 374 2478 mus.

334 2498 432 2532 Angeli
450 2505 517 2526 voce
529 2497 562 2525 ad
574 2502 610 2530 te,
624 2497 816 2530 ocastissima,
830 2497 984 2525 clamamus
999 2506 1006 2524 :
1021 2498 1089 2531 Ave,

300 2551 317 2571 ο
332 2545 454 2572 onmium
472 2545 613 2572 hominum
631 2544 759 2575 salvatio,
775 2548 803 2571 et
828 2543 1089 2578 gloriosissimorum

302 2595 454 2626 martyrum
475 2599 578 2619 corona
588 2591 680 2620 divina

303 2659 382 2695 125
398 2659 439 2687 Ex
455 2659 562 2688 Camnae
577 2660 603 2688 in
616 2660 682 2722 [eam
742 2659 871 2695 Tyclwm's
896 2658 1089 2692 thaumaturgi,

662 2705 684 2723 re
733 2715 740 2723 .

662 2705 684 2723 te
697 2705 740 2723 ιο.

335 2752 454 2781 Erexisti
470 2760 559 2787 nos,o
571 2759 658 2785 casta,
676 2752 722 2788 qui
739 2752 766 2780 in
798 2750 958 2788 perditionis
975 2749 1088 2786 profun-

302 2800 366 2829 dum
383 2801 496 2837 collapsi
509 2808 632 2834 eramus,
645 2808 707 2828 cum
728 2799 867 2828 Christum
870 2806 916 2844 _e_x
931 2797 1092 2840 immacula-

338 2895 418 2932 (θῖν’)
435 2896 516 2925 Deest
528 2895 556 2924 in
568 2894 677 2924 Menaeis
692 2894 843 2931 impressis.

1145 2271 1232 2307 χθεὶς,
1249 2271 1297 2299 καὶ
1315 2271 1384 2306 ὅπερ
1397 2268 1431 2307 ἦν
1447 2269 1540 2306 μείνας
1552 2267 1739 2300 ἀναλλοίωτος.

1180 2360 1232 2387 Τὸν
1245 2360 1420 2395 καταφθορᾶς
1434 2359 1509 2394 ἡμᾶς
1524 2358 1616 2393 πάσης
1630 2355 1870 2391 ἀπολυτροὺμενον
1888 2355 1935 2382 τὲ-

1143 2414 1237 2437 τοχας’
1246 2405 1290 2434 διὰ
1303 2405 1381 2432 τοῦτό
1398 2413 1428 2432 σε
1447 2401 1558 2438 ιῖτάντες,
1573 2403 1708 2440 “spesve,
1720 2401 1880 2438 δοξάζομεν.

1178 2496 1273 2531 Φωνήν
1287 2504 1329 2523 σοι
1344 2495 1391 2522 τοῦ
1408 2495 1536 2530 ἀγγέλου,
1551 2494 1684 2528 πάναγνε,
1700 2492 1819 2529 βοῶελην⁸
1833 2492 1946 2528 Χαῖρε,¹

1143 2542 1297 2577 ἀνθρώπων
1309 2542 1437 2570 ἁπάντων
1447 2541 1601 2577 διάσωσμα,
1616 2540 1664 2568 καὶ
1680 2537 1851 2571 πανινδόξων
1861 2545 1935 2574 μαρ-

1142 2588 1234 2624 τύρων
1252 2588 1324 2615 θεῖον
1340 2588 1515 2624 στεφάνωμα.

1150 2655 1198 2684 Ἐκ
1209 2656 1263 2684 τοῦ
1270 2657 1405 2690 Κανόγος
1423 2657 1467 2689 είς
1479 2655 1535 2683 τὸν
1551 2655 1637 2690 ἅγιον
1650 2653 1699 2690 καί
1707 2651 1935 2688 emutatpr

1394 2687 1527 2726 Τύχὶυνα,
1544 2687 1641 2725 ἡμέρᾳ
1654 2687 1703 2721 ις’.

1188 2749 1367 2786 Ἀνώρθωσας
1384 2750 1458 2785 ἡμᾶς
1469 2748 1606 2781 ἀπωλείας
1619 2747 1659 2779 είς
1669 2747 1739 2782 βάθη
1755 2744 1933 2777 πεπτωκότας

1151 2797 1197 2824 τδν
1212 2796 1331 2832 Χριστὸν
1346 2796 1484 2833 κυήσασα,
1497 2794 1578 2832 ἁγνὴ,
1592 2794 1623 2828 ὲξ
1643 2794 1786 2831 ἁχράνιων
1810 2791 1932 2827 λαγόνων
