2069 3159
275 185 349 219 ιιδι

837 185 866 216 S.
887 186 1042 216 JOSEPHI
1060 186 1338 218 HYMNOGRAPH]

1828 185 1895 220 tl32

275 244 380 272 tissime
398 244 446 271 Dei
467 243 612 272 Genitrix:
641 243 725 270 Deum
754 242 880 276 Verbum,
909 244 1054 279 incompre-

1112 244 1215 280 ληπτον
1233 244 1299 270 Θεὸν
1317 243 1403 277 Λόγον
1421 241 1532 275 τέτοκας
1548 243 1726 279 ἑνδυσάμενον
1739 243 1770 270 τδ
1788 243 1892 278 ἀνθρὼ-

275 290 433 318 hensibilem
446 290 571 325 peperisti
583 290 702 317 humano
720 297 832 324 corpore
847 289 983 316 indutum.

310 336 379 363 Ecce
394 341 433 368 tu,
447 339 558 368 ocasta,
574 343 656 370 super
683 335 825 362 universas
854 335 939 370 gralia
960 335 1059 370 repleta

275 383 365 414 fuisti;
387 382 532 409 sanctitate
561 381 703 408 universas
734 381 893 415 superasti:
920 381 1061 407 universas

276 427 466 454 trauscendisti
481 448 488 460 ,
509 426 655 454 sublimior
677 427 804 454 omnibus
827 427 984 454 coelestibus
1009 434 1059 461 po-

275 473 418 500 testatibus
434 471 577 499 manifeste
593 472 756 506 apparuisti,
776 476 863 498 mater
878 471 924 498 Dei
952 471 1058 500 eil‘ecta.

308 518 376 544 Cum
390 517 563 544 ineﬂ'ahiliter
574 517 716 549 factorem,
732 521 759 544 et
773 516 855 544 Deum
870 521 956 549 tttum,
975 524 992 543 ο
1016 518 1059 544 itt-

274 563 495 595 temeratissima,
510 562 679 598 conceperis,
694 562 819 590 eumdem
828 570 922 595 exor-a,
934 567 963 589 ιιι
977 570 1028 590 uos
1043 570 1058 590 a

272 608 400 644 periculis
413 612 502 635 servet
522 608 631 639 illwsos,
647 607 854 642 animarutttque
868 607 983 635 salutem
1002 607 1059 634 lau-

272 655 400 682 dantibus
420 659 457 688 te,
475 654 601 686 Domina,
624 653 766 688 largiatur.

307 700 439 728 Mortiﬁca
455 700 596 735 passiones
609 707 694 731 meas,
709 706 725 725 o
739 698 784 725 Dei
800 697 937 730 Genitrix;
958 703 985 725 et
1000 699 1058 726 ani—

272 754 344 773 mattt
359 754 447 773 ttteam
465 745 568 780 peccati
582 752 676 772 morsu
693 747 858 779 peremptant
872 745 1015 778 resuscita,
1041 752 1058 772 ο

272 791 357 819 Mater
373 799 441 818 verte
452 790 672 818 resurrectionis.

307 837 485 864 Sanctissima
511 836 626 863 Domina
645 835 770 869 Deipara,
799 834 882 861 libera
903 843 971 863 mea
996 843 1058 863 eor—

272 882 406 917 ruptione,
433 885 460 909 et
488 881 645 916 passionum
679 879 824 907 tumultum
849 887 1001 915 compesce,
1028 887 1056 908 tu

271 935 332 962 quae
347 926 575 961 impassibilitatis
589 925 690 952 fontem
707 924 844 959 peperisti.

307 972 360 1000 Ore
371 977 398 999 et
413 976 502 999 tuente
517 976 541 999 te
556 971 677 998 universi
698 971 840 1004 Dciparam
866 971 1055 1006 praedicamus,

255 1012 288 1045 Vo
299 1023 355 1045 tota
366 1023 458 1051 casta;
475 1018 558 1044 Deum
575 1017 647 1044 enim
665 1016 794 1051 genuisti,
810 1016 854 1043 cui
869 1024 964 1044 omnes
990 1026 1057 1045 con-

269 1064 390 1091 ciuimus
407 1073 414 1090 :
432 1063 594 1090 Benedictus
605 1070 644 1095 es,
661 1062 742 1090 Deus.

308 1109 412 1141 Venite,
443 1109 608 1136 honoremus
624 1109 852 1143 pulchritudinem
880 1111 979 1141 Jacob.
1000 1110 1056 1137 Ma-

272 1155 342 1182 riam
371 1155 584 1186 immaculatam,
614 1155 744 1182 concordi
781 1165 845 1184 voce
885 1157 1055 1185 clamanles:

269 1200 367 1230 Omnia
382 1208 474 1235 opera,
490 1200 636 1227 Dominum
660 1201 778 1234 laudate,
805 1207 832 1229 et
846 1202 1055 1237 superexaltate.

306 1245 447 1279 Tanquam
462 1243 542 1270 enixa
569 1247 759 1271 creaturarum
777 1245 899 1272 omnium
924 1245 1056 1272 Condito-

270 1298 338 1323 rem,
354 1298 370 1317 ο
382 1288 536 1317 castissima
548 1309 557 1322 ,
572 1296 654 1323 supra
669 1296 750 1317 omne
765 1290 837 1325 quod
860 1295 982 1318 creatutn
1003 1295 1056 1323 est,

268 1337 343 1372 geris
360 1336 542 1371 principatum
566 1334 818 1369 incomparabilem.
832 1344 864 1364 ac
884 1337 1053 1371 prazslantis-

271 1383 367 1410 simam
390 1381 495 1408 habens
516 1380 722 1407 excellentiam:
744 1382 921 1415 quamobrem
947 1382 1051 1418 prolem

274 1434 345 1454 tuam
360 1427 502 1453 adorantes
513 1425 709 1460 gloriﬁcamus.

273 1499 352 1535 128
360 1498 402 1526 Ea;
413 1497 518 1525 Catiane
541 1498 579 1535 in»
586 1497 651 1532 festo
665 1496 694 1524 S.
718 1496 837 1535 Eusebii
847 1495 973 1530 martyris
999 1495 1054 1530 epi-

478 1533 548 1567 scopi
560 1531 738 1565 Sdmosuteni,
751 1533 794 1558 die
804 1531 850 1558 Ἠ.

304 1610 326 1638 0
340 1610 492 1643 benedicta,
507 1617 567 1645 quae
583 1610 667 1637 Deum
683 1608 824 1644 peperisti,
844 1607 959 1636 benedie
969 1615 1052 1640 nunc,

269 1663 286 1684 0
298 1656 484 1689 immaculata,
496 1655 719 1683 benedieetttihus
739 1659 776 1686 te,
789 1658 816 1682 et
832 1654 913 1688 imple
928 1661 975 1681 eos
989 1653 1055 1681 divi-

262 1702 313 1729 »nis
324 1701 482 1733 virtutibus,
496 1708 527 1728 ac
543 1701 633 1728 tribue
649 1701 720 1727 vires
734 1699 850 1727 canendi
874 1700 918 1732 iis,
933 1699 980 1734 qui
1002 1699 1054 1726 Do-

260 1745 345 1772 rmino
359 1745 488 1780 psallunt,
504 1744 649 1772 dicentes:
673 1743 800 1771 Gloriose
825 1743 896 1781 enim
925 1743 1054 1770 ltonoriti-

270 1796 348 1819 catus
357 1796 408 1824 est,
421 1795 475 1819 etc.

306 1836 452 1865 Voluntate
480 1837 579 1868 Patris,
604 1836 763 1864 adveniente
811 1835 913 1871 Spiritu
946 1841 1052 1868 sancto,

268 1883 388 1912 Verbum
404 1883 542 1919 peperisti,
555 1891 570 1911 ο
587 1882 761 1911 sanctissima
776 1882 863 1909 Mater
876 1881 968 1916 Virgo,
982 1889 1053 1916 pott-

269 1929 373 1958 tiﬁcum
403 1929 510 1964 gloria;
552 1928 728 1964 quamobrem
751 1933 778 1955 te
798 1927 906 1963 hymnis
929 1926 1054 1954 celebra-

269 1983 342 2003 mus.

303 2020 367 2052 Ore,
384 2020 484 2055 lingua,
501 2025 529 2047 ct
541 2019 624 2047 corde
637 2020 769 2047 conﬁteor
792 2023 828 2049 te,
846 2025 862 2044 o
888 2022 974 2047 casta.
992 2018 1053 2045 Ma-

268 2073 337 2095 trem
348 2067 496 2099 Creatoris,
515 2057 618 2101 tibique
640 2066 775 2100 supplico,
803 2064 902 2091 irradia
933 2063 1051 2090 animam

268 2121 355 2141 meam
371 2113 529 2140 delictorum
539 2111 662 2139 tenebris
676 2110 801 2137 oiYusam.

282 2159 486 2187 Candelabrum
498 2158 707 2185 illuminalivunt
721 2157 840 2184 divinam
858 2155 948 2182 ferens
963 2155 1051 2182 lucer-

269 2213 331 2233 nam
346 2206 454 2240 eognita
471 2213 511 2238 es,
532 2204 607 2231 oDci
619 2203 835 2237 Geuitrix,quod
850 2201 1052 2228 illuntinatotn-

267 2260 315 2280 nes
331 2252 398 2278 lines
415 2254 504 2278 terrae.

303 2299 466 2324 Immensam
482 2295 603 2331 mysterii
621 2296 657 2323 lui
676 2296 899 2330 profunditatem,
912 2301 927 2319 ο
950 2293 1050 2328 pttella,

268 2344 407 2379 propheta:
424 2343 584 2378 diviniloqui
601 2347 690 2371 mente
704 2342 892 2377 ittsp‘tcientes,
913 2340 978 2367 illud
999 2347 1053 2366 nta-

267 2389 365 2416 nifeSle
390 2393 665 2424 praemonstravcrunt
690 2396 736 2422 per
764 2388 907 2422 aenigmata
933 2385 1054 2413 divinas-

267 2443 321 2470 que
348 2435 548 2469 praedictiones.
571 2434 677 2461 Etenim
696 2433 814 2461 Verbum
841 2433 941 2464 Patris,
969 2439 1051 2466 supra

267 2481 378 2507 verbum
394 2480 554 2514 corporasti,
566 2487 583 2506 o
598 2484 683 2507 casta.

300 2528 412 2554 Natura:
428 2528 510 2563 leges,
527 2536 544 2554 ο
559 2527 649 2562 Virgo,
661 2526 820 2554 mirabiliter
835 2526 950 2552 ittuovas
972 2529 1052 2559 partu

266 2579 325 2606 tuo,
341 2579 368 2601 et
384 2582 434 2601 nos
456 2574 574 2609 pessima
599 2573 817 2608 transgressione
847 2576 1000 2606 corruptos,
1024 2571 1052 2598 itt

267 2622 402 2655 integrum
415 2621 536 2648 restituis
547 2628 578 2648 ac
593 2620 721 2647 recudis:
748 2619 819 2646 unde
835 2623 861 2645 te
888 2625 937 2652 pro
961 2616 1052 2645 debito

265 2666 446 2694 celebramus.

304 2713 446 2748 Tanquam
461 2713 604 2741 sublimior
624 2713 724 2740 divinis
742 2711 959 2743 celsttudinibus,
975 2710 1052 2737 altis-

266 2761 367 2787 simum
394 2759 512 2787 Verbum
533 2760 673 2794 peperisti,
687 2767 704 2786 ο
724 2759 958 2788 laudabilissima;
978 2756 1051 2792 quod

265 2807 397 2833 exaltavit
415 2815 429 2834 a
443 2812 513 2834 terra
526 2806 709 2834 substantiam
740 2805 881 2832 hominum
914 2812 976 2838 qua:
991 2810 1051 2830 cor-

266 2856 367 2879 ruerat.

300 2898 394 2924 Aniica
426 2898 558 2926 bonorum
593 2897 684 2934 Virgo,
709 2898 807 2926 bonam
827 2896 900 2925 ellice
931 2895 1049 2924 animam

1112 300 1198 318 πινον.

1152 337 1217 364 Ἰδοὺ
1249 338 1281 363 σὺ
1299 337 1369 373 ὑπὲρ
1383 338 1484 370 πάσας,
1499 336 1579 372 ἁγνὴ,
1598 335 1792 370 κεχαρίτωσαι,
1804 334 1891 368 ὑπερ-

1110 383 1175 417 έϐης
1191 383 1281 415 πάσας
1308 385 1341 418 τῇ
1355 383 1489 418 ἁγιότητι,
1505 381 1594 412 πάσας
1611 380 1753 415 ὑπερῆρας
1779 379 1827 405 καὶ
1842 387 1892 405 πα-

1111 429 1167 455 σῶν
1189 428 1283 464 ὤφθης
1303 429 1457 464 ὑψηλοτέρα
1476 428 1531 455 τῶν
1552 426 1685 462 οὐρανίων
1705 425 1800 459 σαφῶς
1813 424 1892 451 δυνά-

1112 484 1195 510 μεων,
1215 476 1305 510 μήτηρ
1319 474 1366 501 τοῦ
1380 474 1448 501 Θεοῦ
1467 472 1672 509 χρηματίσασσ..

1153 521 1312 557 ’Λφράστως
1325 519 1506 554 συλῖιασοῦσα,
1522 517 1689 553 πανάμωμε,
1701 516 1748 543 τὸν
1777 516 1893 551 ποιητήν
1918 530 1924 535 -

1111 575 1157 594 σου
1187 566 1235 594 καὶ
1255 566 1333 596 Θεὸν,
1359 564 1479 591 δυσώπει
1496 563 1582 590 σῶσαι
1601 561 1730 589 κινδύνων
1748 561 1833 597 ἡμᾶς.
1847 562 1894 587 καὶ

1109 613 1198 648 ψυχῆς
1224 611 1362 648 σωτηρίαν
1382 611 1532 647 βραὸεῦσαι
1558 609 1614 640 τοῖς
1637 607 1752 643 ὑμνοῦσι
1778 615 1826 639 σε,
1843 607 1892 632 Δέ-

1110 667 1216 685 σποινα.

1144 702 1292 737 Νέκρωσον
1319 700 1354 727 τὰ
1385 699 1459 734 πάθη
1485 707 1547 733 μου,
1561 697 1764 732 θεογεννήτρια,
1784 695 1831 723 καὶ
1843 694 1892 729 τὴν

1109 748 1198 783 ψυχήν
1211 756 1261 782 μου
1274 747 1322 782 τὴν
1331 745 1515 781 νεκρωθεῖσαν
1529 744 1666 779 ἁμαρτίας
1686 743 1807 779 δήγματι
1826 742 1893 769 ἀνά-

1109 803 1217 830 στησον,
1241 795 1326 829 μῆτερ
1346 793 1396 828 τῆς
1409 792 1494 821 ὅντως
1513 788 1696 821 ἀναστάσεως.

1145 841 1269 874 Παναγία
1287 839 1422 866 Δέσποινα
1435 838 1559 869 Θεοτόκε,
1573 836 1653 872 ρὖσί
1672 845 1705 872 με
1721 835 1835 871 φθορᾶς,
1846 835 1893 862 καὶ

1109 886 1205 913 παθῶν
1219 886 1264 913 τὸν
1279 885 1393 921 θόρυϐον
1421 884 1597 911 κατάπαυσω
1615 884 1632 918 ἡ
1659 882 1708 918 τὴν
1720 881 1813 918 πηγὴν
1841 883 1892 916 τῆς

1072 921 1093 948 Β
1108 932 1239 964 ἀπαθείας
1253 933 1388 966 κυήσασα.

1143 980 1261 1013 Στόματι
1273 979 1320 1005 καὶ
1339 977 1438 1013 γνώμῃ
1452 986 1482 1003 σε
1493 975 1624 1002 Θεοτόκον
1653 974 1772 1004 ἅπαντες
1788 972 1891 1008 κηρύτ-

1106 1035 1199 1062 τομεν,
1217 1026 1348 1058 πάναγνε.
1361 1024 1427 1050 Θεὸν
1440 1018 1494 1058 γαρ
1508 1023 1667 1056 ἐγέννησας,
1676 1016 1698 1054 ᾧ
1710 1020 1810 1051 πάντες
1827 1019 1891 1053 μελ-

1106 1074 1226 1110 ῳδοῦμεν
1240 1081 1246 1088 ·
1269 1074 1298 1100 ’0
1310 1072 1385 1104 Θεὸς,
1397 1071 1541 1106 εὐλογητὸς
1557 1067 1592 1096 εἴ.

1143 1119 1237 1152 Δεῦτε,
1251 1119 1384 1153 καλλονὴν
1398 1117 1444 1144 τοῦ
1464 1115 1561 1143 Ἰακὼϐ
1586 1114 1710 1150 τιμῶμεν
1723 1113 1832 1148 Μαρίαν
1842 1112 1891 1146 τὴν

1107 1166 1241 1200 ἄχραντον
1265 1164 1417 1199 συμφώνως
1433 1162 1590 1198 κράζοντες·
1605 1161 1698 1188 Πάντα
1712 1160 1745 1187 τὰ
1755 1159 1834 1194 ἔργα,
1846 1159 1891 1185 τὸν

1108 1211 1210 1246 Κύριον
1223 1210 1343 1245 ὑμνεῖτε,
1361 1208 1409 1235 καὶ
1424 1207 1606 1244 ὑπερυψοῦτε.

1138 1256 1193 1287 ’Ὦς
1208 1255 1336 1288 τεκοῦσα,
1352 1255 1484 1289 πάναγνε,
1507 1253 1563 1280 τῶν
1591 1252 1750 1287 κτισμάτων
1775 1251 1821 1277 τὸν
1844 1249 1891 1284 δη-

1110 1304 1251 1339 μιουργὸν,
1265 1302 1338 1329 κατὰ
1356 1302 1456 1333 παντὸς
1472 1299 1601 1336 γεννητοῦ
1625 1299 1717 1334 φέρεις
1734 1297 1783 1331 τὴν
1802 1295 1890 1332 ἀρχὴν

1106 1349 1272 1384 ἀσύγκριτον
1282 1347 1381 1382 ἔχουσα
1390 1346 1525 1381 ὑπεροχὴν
1537 1345 1584 1371 καὶ
1600 1343 1742 1378 ὑπερφερῆ
1753 1352 1759 1357 ·
1771 1341 1830 1368 ὅθεν
1843 1341 1889 1368 τὸν

1106 1395 1185 1422 τόκον
1198 1403 1246 1421 σου
1257 1392 1473 1429 προσκυνοῦντές
1485 1400 1514 1419 σε
1533 1391 1689 1426 δοξάζομεν.

1113 1505 1164 1532 Ἐκ
1180 1504 1234 1531 τοῦ
1248 1504 1383 1536 Καγόνος
1400 1503 1444 1536 εἰς
1453 1502 1507 1529 τὸν
1515 1509 1602 1536 αγιον
1623 1498 1889 1536 Ιερομάρτυρα-βὺ-

1141 1539 1246 1567 σέϐιον
1268 1532 1440 1566 ἐπίσκόπονί
1457 1532 1666 1571 Σαμώσάτωνν,
1682 1532 1783 1569 ’ἡμέρᾳ
1800 1532 1852 1568 ιβ’.

1140 1616 1317 1652 Εὐλογημένη
1340 1615 1406 1643 Θεὸν
1427 1616 1444 1650 ἡ
1475 1615 1613 1650 κυήσασα,
1634 1615 1698 1645 τοὺς
1710 1613 1889 1648 εὐλογοῦντάς

1106 1671 1136 1689 σε
1156 1662 1213 1694 νῦν,
1237 1662 1365 1697 ἄχραντε,
1386 1661 1543 1696 εὐλόγησον,
1560 1661 1606 1688 καὶ
1622 1660 1762 1695 ἔμπλησον
1788 1659 1889 1685 ἐνθέων

1105 1709 1221 1744 ἀρετῶν,
1244 1708 1291 1734 καὶ
1305 1707 1415 1743 ψάλλειν
1431 1707 1619 1741 ὲνδυνάμωσον
1650 1706 1689 1741 τῷ
1707 1705 1802 1741 Κυρίῳ
1820 1705 1889 1738 ψάλ-

1105 1755 1200 1786 λοντας
1219 1762 1226 1770 ·
1242 1752 1355 1786 ἐνδόξως
1370 1753 1425 1789 γὰρ
1439 1753 1607 1786 δεδόξασται.

1141 1844 1272 1880 Βουλήσει
1289 1844 1394 1880 Πατρὺς
1425 1843 1472 1870 τὸν
1497 1844 1582 1877 Λόγον
1600 1842 1724 1873 τέτοκας.
1747 1841 1887 1868 ὲπελεύσει

1104 1891 1273 1925 Πνεύματος,
1285 1890 1405 1924 παναγία
1414 1888 1642 1925 Μητροπάρθενε,
1655 1888 1806 1925 ἀρχιερέων
1812 1886 1888 1919 δόξα⁹

1103 1937 1164 1963 ὅθεν
1181 1945 1211 1962 σε
1227 1936 1377 1971 ὑμνοῦμεν.

1139 2025 1268 2059 Στόματι,
1283 2025 1364 2061 ἁγνὴ,
1385 2026 1433 2051 καὶ
1463 2024 1573 2061 γλώσσῃ
1594 2027 1642 2051 καὶ
1655 2023 1755 2061 καρδίᾳ.
1770 2023 1888 2058 καθομο-

1102 2069 1175 2104 λογῶ
1185 2070 1231 2097 τοῦ
1239 2071 1354 2097 Κτίστου
1367 2079 1397 2097 σε
1408 2071 1533 2106 Μητέρα,
1543 2071 1591 2098 καὶ
1603 2070 1720 2097 δυσωπῶ
1729 2078 1769 2103 σε,
1781 2069 1883 2096 καταύ-

1102 2125 1186 2150 γασον
1204 2116 1254 2151 τὴν
1269 2116 1357 2151 ψυχήν
1369 2125 1419 2151 μου
1431 2117 1630 2152 ὲσκοτισμένην
1642 2115 1886 2151 πλημμελήμασιν.

1136 2163 1289 2197 Φωτιστικῇ
1309 2162 1420 2197 λυχνίᾳ,
1442 2163 1612 2198 Θεοκυῆτορ,
1629 2162 1660 2189 τὸ
1684 2162 1755 2189 θεῖον
1774 2162 1885 2197 λαμ.πὰ-

1101 2208 1156 2234 διον
1180 2208 1301 2243 φέρουσα
1327 2208 1513 2243 ὲγνωρίσθης,
1543 2209 1631 2236 πάντα
1655 2208 1827 2243 καταυγὰζον
1851 2208 1886 2234 τὰ

1065 2258 1088 2285 ι)
1102 2253 1218 2288 πέρατα.

1138 2299 1292 2333 Νοήσαντες
1311 2299 1438 2333 οεηγόροι
1460 2300 1598 2333 προφῆται
1622 2298 1770 2333 μυστηρίου
1786 2306 1833 2324 σου
1855 2298 1886 2324 τδ

1103 2346 1217 2379 ἄπειρον
1235 2345 1415 2380 βάθος,τοῦτο
1429 2346 1521 2379 σαφῶς
1536 2345 1740 2381 προεδήλωσαν,
1754 2345 1834 2380 κόρη,
1853 2344 1887 2371 δι’

1103 2392 1275 2426 αἰνιγμάτων
1294 2392 1340 2418 καὶ
1354 2392 1434 2418 θείων
1453 2392 1644 2427 προρρήσεων.
1665 2391 1717 2417 Τὸν
1731 2391 1817 2424 Λόγον
1833 2392 1890 2426 γὰρ

1102 2438 1148 2464 τὸν
1164 2438 1210 2464 τοῦ
1227 2438 1333 2473 Harpe;
1348 2438 1418 2473 ὑπὲρ
1438 2437 1527 2471 λόγον,
1543 2432 1622 2472 ἁγνὴ,
1639 2437 1835 2471 ἐσωμάτιυσας.

1139 2526 1248 2561 Νόμους
1274 2527 1324 2562 τῆς
1346 2526 1470 2560 φύσεως,
1497 2526 1637 2562 Παρθένε,
1662 2527 1696 2562 τῇ
1719 2526 1818 2561 κυήσει
1840 2535 1890 2553 σου

1103 2573 1237 2604 καινίζεις
1255 2572 1426 2608 παραδόξως,
1444 2573 1491 2599 καὶ
1512 2573 1666 2608 φθαρέντας
1679 2574 1754 2608 ἡμᾶς
1769 2573 1889 2609 κακίστη

1103 2619 1257 2654 παραὸάσει
1282 2619 1463 2653 ἁναχωνεύεις
1476 2627 1484 2634 ·
1502 2620 1563 2646 ὅθεν
1583 2628 1613 2645 σε
1628 2620 1780 2654 καταχρέος
1799 2619 1889 2654 εὐφη-

1104 2665 1218 2700 μοῠμεν.

1145 2711 1189 2742 Ὠς
1221 2711 1345 2745 ἀνωτέρα
1377 2711 1430 2737 τῶν
1462 2711 1541 2737 θείων
1571 2711 1725 2746 ὑψωμάτων
1757 2711 1888 2745 Ὕψιστον

1103 2758 1196 2789 ἔτεκες
1210 2758 1295 2791 Λόγον
1310 2758 1355 2783 τὸν
1371 2757 1425 2784 ἀπὸ
1444 2758 1494 2793 τῆς
1512 2758 1563 2792 γῆς
1581 2757 1759 2792 ἀνυψώσαντα
1774 2757 1824 2792 τὴν
1837 2764 1888 2782 πε-

1105 2807 1204 2837 σοῦσαν
1216 2807 1310 2834 οὐσίαν
1326 2807 1492 2842 ἀνθρώπων,
1506 2806 1676 2842 πανύμνητε.

1139 2897 1272 2933 Φιλὰγαῡε
1289 2898 1420 2933 Παρθένε,
1438 2900 1487 2933 τὴν
1504 2899 1701 2934 κεκακωμένην
1717 2900 1749 2934 τῇ
1765 2898 1886 2934 ἁμαρτίᾳ
