2069 3159
215 200 282 232 1133

937 198 1118 229 MARIALE.

1763 206 1832 234 1134

212 259 301 293 ψυχήν
317 265 368 292 μου
381 256 526 293 ἀγάθυνον,
543 258 561 293 ἠ
573 257 620 284 τὸν
637 255 795 291 πανάγαθον
809 255 894 290 Λόγον
912 257 992 290 σαρκὶ

1046 264 1133 284 meam
1148 257 1250 291 peccati
1265 256 1365 283 malitia
1377 256 1564 290 depravatam,
1580 262 1609 285 tu
1623 265 1683 293 qua:
1713 257 1831 287 Verbum

212 303 348 338 κυήσασα.

1052 302 1125 328 omni
1143 302 1265 329 bonitate
1280 303 1422 336 praeditum
1439 302 1465 329 in
1477 309 1559 329 carne
1575 304 1712 337 peperisti.

525 360 605 396 129
624 360 665 388 Ea:
685 360 792 389 Conone
805 361 833 388 in
848 347 923 396 festo.
935 359 963 387 S.
987 359 1124 386 Michaelis
1141 359 1308 394 archangeli,
1324 359 1366 386 die
1381 359 1417 386 22
1431 358 1521 394 (ὃν).

247 426 269 454 0
289 425 390 462 Virgo,
413 426 550 454 universis
573 427 736 455 celebranda
754 427 896 460 laudibus,
914 435 996 462 ange-

212 472 299 501 lorum
312 472 407 506 decus,
422 473 563 500 hominum
580 474 724 507 auxilium,
739 478 766 501 tu
780 473 848 501 mihi
863 473 996 501 auxiliare

211 517 240 546 in
269 518 364 553 pelago
392 519 552 553 ﬂuctuanti,
579 524 607 547 et
633 524 807 555 peccatorum
836 524 997 555 tempestate

213 565 323 593 assidua
334 565 448 600 jactato,
463 570 544 601 atque
559 566 736 601 periclitanti.

246 610 294 638 llle
310 611 357 645 qui
373 611 566 640 immateriales
582 616 687 640 mentes
701 612 840 640 voluntate
853 619 902 639 sua
923 618 998 639 erea-

211 656 259 688 vit,
282 656 309 683 in
333 661 411 684 utero
428 661 476 685 tuo
498 657 632 686 materiali
647 658 802 685 voluntarie
821 657 965 688 habitavit,
980 665 997 685 ο

211 702 244 728 ab
256 702 330 729 omni
347 703 409 731 labe
429 703 597 738 purissima;
620 712 683 732 cum
699 705 727 732 in
742 712 824 732 carne
838 709 996 732 cerneretur

211 747 234 774 is
247 748 295 782 qui
309 753 370 775 erat
385 749 540 777 invisibilis.

244 793 342 821 Partus
359 795 398 821 tui
414 794 594 829 paradoxum,
610 802 626 823 ο
643 795 736 832 Virgo,
753 796 915 831 signiﬁcavit
929 796 993 823 olim

211 839 428 870 intellectualiter
442 850 584 871 sacrorum
599 844 792 879 mysteriorum
809 843 948 877 magister.
967 843 994 869 in

210 887 308 921 spiritu
322 893 442 916 montem
458 889 617 917 umbrosum
632 890 767 924 aspiciens
781 894 807 917 te
825 889 994 917 manifestis-

210 933 288 965 sime,
305 941 339 961 οι
353 941 408 969 quo
425 935 500 962 venit
516 939 629 962 sanctus
644 935 718 962 Deus
730 935 901 962 incarnatus.

244 979 472 1008 lntellectualium
492 981 650 1015 angelorum
670 981 858 1008 sublimiorem
881 985 906 1008 te
920 980 994 1008 Deus

210 1026 338 1057 ostendit.
353 1026 509 1061 ingrediens
522 1026 550 1053 in
564 1030 669 1054 uterum
683 1031 770 1058 tuum,
784 1034 801 1053 ο
811 1026 951 1059 inviolata,
967 1031 994 1054 et

210 1071 245 1098 ab
259 1071 334 1098 omni
349 1071 455 1099 macula
469 1071 598 1099 immunis
615 1080 622 1098 :
636 1079 715 1106 quem
731 1071 851 1100 assiduis
866 1073 993 1108 precibus

211 1116 351 1152 interpella
367 1124 414 1152 pro
429 1116 517 1145 salute
531 1117 684 1145 animarum
703 1122 870 1145 nostrarum.

214 1203 267 1231 Ἐκ
291 1205 498 1241 toil-(ardscat:
520 1206 564 1239 εις
584 1205 638 1233 τὸν
660 1205 747 1233 ὅσιον
770 1206 886 1240 Πατέρα
909 1206 994 1241 ἡμῶν

278 1240 366 1267 Δαὸιδ
386 1240 439 1267 τοῦ
457 1240 492 1267 ἐν
513 1241 741 1276 Θεσσαλονίκῃ,
757 1241 852 1276 ᾑμέρᾳ
867 1241 922 1274 κς’.

247 1295 351 1330 Ὠφθης
371 1295 529 1332 ώραῖσμὲνη
546 1296 586 1332 τῷ
604 1297 697 1324 κάλλει
719 1298 773 1325 τῶν
793 1298 918 1333 ἀρετῶν,
945 1299 994 1326 καὶ

209 1339 325 1375 Χριστὸν
339 1341 384 1368 τὸν
408 1342 518 1377 ὡραῖον,
544 1342 676 1377 Παρθένε,
698 1343 858 1379 ἀπεκύησας
881 1345 994 1379 βροτοὺς

209 1388 364 1422 ὡραῖσαντα
377 1390 431 1420 τοῖς
446 1388 558 1424 ὡραίοις
587 1389 698 1417 κάλλεσι
712 1390 762 1425 τῆς
777 1390 921 1426 Θεότητος,
934 1391 993 1418 ἀει-

209 1433 339 1467 πάρθενε.

249 1477 384 1513 Ἀγγὲλων
404 1480 556 1514 τιμιωτέρα
570 1480 664 1516 ὤφθης
678 1482 804 1517 κυήσασα
822 1482 869 1509 τὸν
883 1481 991 1514 αὐτοὺς,

209 1524 341 1559 Παρθένε,
359 1525 616 1561 δημιουργήσαντα·
638 1527 700 1554 ὅθεν
721 1527 834 1554 ἱκετεύω
851 1536 891 1560 σε,
911 1529 991 1563 ἁγνὴ,

210 1571 324 1604 ἁγίασον
338 1571 383 1598 τὸν
400 1572 462 1598 νοῦν
480 1581 542 1607 μου,
559 1573 606 1600 καὶ
622 1574 672 1607 τὴν
691 1574 805 1610 καρδίαν
823 1574 994 1610 φωταγώγη-

210 1625 266 1648 σον,
282 1617 350 1652 νέφη
364 1617 419 1644 τῶν
432 1618 527 1644 παθῶν
539 1618 718 1647 ὲκδιώκουσα.

249 1662 404 1698 ’Υμνοῦμέν
425 1672 467 1695 σε,
491 1664 651 1700 πανύμνητε
668 1665 811 1698 Δέσποινα,
836 1666 881 1693 τὸν
908 1667 992 1702 ὑπερ-

209 1707 327 1743 ύμνητον
339 1709 405 1735 Θεὸν
422 1710 631 1745 ἀνερμηνεύτως
646 1710 798 1746 κυήσασαν,
810 1711 859 1747 τὴν
869 1712 932 1743 τοὺς
948 1720 993 1747 χο-

209 1754 271 1788 ροϋς
282 1753 338 1780 τῶν
348 1753 472 1788 ἀγγέλων
486 1754 524 1789 τῷ
535 1754 629 1782 κάλλει
643 1755 816 1791 ἀσυγκρίτως
829 1757 990 1791 νικήσασαν.

243 1840 347 1868 Ἰθυνον
365 1841 412 1868 τὸν
427 1841 484 1876 βίον
508 1851 560 1878 μου
570 1861 578 1875 ,
591 1843 639 1869 καὶ
653 1842 688 1869 τὰ
710 1843 850 1879 κινήματα
867 1843 918 1879 τῆς
932 1844 990 1870 δια-

207 1886 296 1920 νοίας,
320 1887 390 1924 ἁγνὴ
408 1888 544 1924 Παρθένε,
567 1889 637 1924 πρὸς
657 1889 688 1915 τὸ
706 1889 777 1916 θεῖον
801 1889 925 1925 βούλημα
943 1887 991 1916 τοῦ

208 1933 241 1959 ἐκ
258 1933 305 1959 σοῦ
322 1935 451 1969 ἀρρήτως
465 1935 531 1969 ἡμῖν
546 1935 776 1970 ἐπιδημήσαντος.

248 1977 294 2009 Ἐξ
305 1978 394 2012 ἁγνῶν
409 1979 534 2013 αἱμάτων
551 1987 598 2005 σου
611 1979 747 2014 ὲξυφάνθη
764 1979 832 2013 σὰρξ
846 1979 992 2015 ὑπερφυῶς

206 2023 246 2058 τῷ
263 2023 495 2060 δημιουργήσαντι
518 2024 565 2052 τὸν
590 2025 750 2060 ἄνθρωπον,
769 2025 904 2052 Θεοτόχε·
930 2025 991 2052 ὅθεν

207 2070 290 2103 ἀξίως
306 2071 444 2106 ὕμνοῦμέν
459 2079 500 2098 σε.

243 2117 359 2143 Δὲλυται
371 2117 410 2152 τῷ
430 2117 503 2152 τόκῳ
522 2125 568 2143 σου
585 2117 655 2152 ἀρᾶς
671 2117 702 2143 τὸ
718 2116 887 2152 ἀνθρώπινον
899 2137 906 2149 ,
924 2117 991 2152 μόνη

207 2163 408 2199 παπευλόγητε
418 2172 425 2180 ·
447 2164 487 2190 διό
503 2173 533 2190 σε
547 2164 695 2199 δοξάζομεν
715 2164 752 2196 ὡς
770 2165 992 2200 κεχαριτωμένη,

207 2210 332 2242 Θεοτόκε,
348 2211 388 2241 εἰς
404 2210 514 2242 αἰῶνας.

1086 425 1184 452 Beatus
1195 425 1322 460 populus,
1334 427 1380 461 qui
1395 434 1501 461 semper
1515 427 1650 454 beatitieat
1665 433 1701 460 te,
1714 436 1730 454 ο
1744 429 1832 462 beata,

1049 479 1111 506 quae
1136 471 1244 499 beatum
1274 472 1357 499 Deum
1378 472 1538 507 perperisti.
1555 473 1601 507 qui
1629 478 1739 508 propter
1754 483 1831 503 suam

1050 516 1267 544 misericordiam
1289 517 1414 545 homines
1429 516 1558 544 iuell‘aliili
1573 518 1672 545 unione
1687 519 1832 547 deillcavit.

1085 561 1182 590 Mentis
1198 570 1304 598 magna:
1324 562 1442 590 Verbum
1463 567 1593 590 aeternum
1612 563 1706 591 videns
1724 563 1832 592 Gabriel

1049 608 1231 643 arehangelus
1245 608 1272 635 in
1292 612 1318 635 te
1331 615 1406 640 vere,
1423 616 1440 635 ο
1458 608 1559 643 puella,
1577 608 1746 636 inhabitasse
1763 609 1832 636 inel-

1049 653 1168 681 l'abiliter
1192 661 1224 681 ac
1251 653 1395 689 stupende,
1424 654 1589 681 exclamavit
1614 662 1621 681 :
1648 655 1714 688 Ave,
1736 657 1834 684 throne

1048 698 1195 732 Altissimi,
1211 707 1227 726 ο
1243 699 1393 727 benedicta.

1083 744 1246 780 Nuptiarum
1264 750 1405 780 sequester
1426 745 1536 774 divinus
1553 747 1733 783 areltangI-lus
1757 753 1833 776 stans

1047 790 1211 818 exclamavit
1228 791 1275 818 tibi
1289 798 1297 818 :
1313 791 1380 825 Ave,
1394 798 1410 818 ο
1423 791 1529 826 Sponsa
1551 792 1597 820 Dei
1613 793 1725 825 illibata.
1746 802 1832 830 ange-

1048 835 1135 863 lorum
1154 836 1251 872 gloria,
1267 837 1408 864 hominum
1425 838 1511 870 salus,
1526 842 1553 866 et
1568 840 1778 867 munimentum.

1082 882 1121 909 Ad
1140 890 1232 910 vocem
1256 883 1344 918 angeli
1366 883 1516 917 Gabrielis,
1544 885 1712 920 concepisti,
1732 894 1748 913 ο
1777 891 1832 914 tota

1007 925 1031 954 B
1046 928 1106 956 sine
1121 929 1175 956 ulla
1195 929 1317 963 macula,
1343 930 1428 957 Deum
1447 930 1584 963 Verbum,
1602 932 1649 966 qui
1669 932 1752 960 verbo
1777 939 1834 960 cm»

1046 975 1127 1002 lestes
1155 976 1290 1003 exercitus
1313 977 1428 1009 creavit,
1458 983 1485 1004 et
1509 977 1621 1005 verbum
1644 983 1753 1012 praestat
1778 986 1833 1014 quo

1046 1019 1155 1047 laudare
1170 1021 1307 1055 possimus
1325 1026 1446 1049 sanctam
1467 1022 1554 1057 ipsius
1569 1023 1784 1051 humiliationem
1801 1032 1833 1052 ac

1045 1063 1250 1098 demissionem,
1261 1073 1322 1100 quae
1334 1071 1376 1093 est
1391 1072 1473 1101 super
1490 1074 1570 1094 omne
1587 1067 1698 1095 verbum
1719 1073 1745 1096 et
1759 1069 1833 1104 cogi-

1047 1111 1187 1139 talionem.

1047 1200 1126 1235 130
1143 1199 1184 1227 Ea:
1199 1201 1305 1228 Canone
1322 1202 1347 1228 in
1377 1201 1455 1228 Festo
1482 1201 1511 1230 S.
1535 1202 1626 1231 Patris
1646 1203 1731 1231 David
1751 1203 1832 1234 Thes-

1286 1236 1458 1263 salonicensis
1467 1257 1474 1269 ,
1488 1237 1530 1264 die
1544 1238 1590 1265 26.

1079 1292 1237 1326 Apparuisti
1257 1292 1384 1319 decorata
1405 1292 1610 1327 pulchritudine
1629 1295 1780 1328 virtutum,
1804 1300 1831 1323 et

1044 1336 1183 1364 Christum
1195 1337 1337 1370 decorum,
1349 1346 1365 1365 ο
1378 1337 1472 1373 Virgo,
1489 1339 1629 1374 peperisti,
1642 1341 1689 1374 qui
1705 1341 1831 1368 homines

1045 1381 1185 1409 decoravit
1212 1382 1319 1410 decoris
1347 1383 1600 1418 pulchritudinibus
1627 1385 1787 1419 divinitatis,
1814 1395 1831 1414 0

1044 1427 1120 1462 virgo
1138 1432 1279 1463 perpetua.

1080 1475 1190 1510 Angelis
1207 1476 1392 1503 honorabilior
1409 1475 1480 1504 facta
1501 1485 1546 1511 cs,
1570 1485 1587 1505 ο
1606 1477 1701 1514 Virgo,
1723 1479 1830 1514 pariens

1045 1520 1133 1554 illum,
1149 1521 1195 1556 qui
1211 1522 1284 1556 ipsos
1298 1523 1401 1550 creavit
1417 1531 1423 1550 :
1447 1524 1624 1558 quamobrem
1645 1533 1742 1559 precor
1763 1531 1798 1557 te.
1813 1535 1830 1554 υ

1045 1570 1131 1599 casta,
1153 1567 1294 1595 sanctiﬁca
1313 1573 1431 1596 mentem
1448 1577 1536 1596 meam
1548 1590 1555 1602 ,
1573 1576 1599 1597 et
1618 1578 1667 1598 cor
1686 1579 1777 1599 meum
1796 1572 1829 1599 il-

1006 1605 1028 1635 α
1045 1612 1158 1647 lumina,
1174 1614 1312 1648 depellens
1339 1615 1425 1643 nubes
1441 1617 1610 1650 passionum.

1080 1659 1235 1688 Laudamus
1253 1665 1289 1694 te,
1305 1668 1321 1688 ο
1333 1661 1408 1688 omni
1426 1661 1507 1689 laude
1522 1662 1681 1698 dignissima
1703 1664 1828 1696 Domina,

1043 1713 1104 1740 quas
1126 1706 1202 1733 omni
1232 1707 1312 1734 laude
1345 1708 1514 1741 superiorem
1543 1708 1628 1735 Deum
1656 1709 1830 1747 ineli'ahiliter

1043 1752 1214 1786 genuisti,,et
1224 1753 1381 1788 angelorum
1395 1753 1495 1781 choros
1507 1753 1709 1788 pulchritudine
1723 1754 1812 1782 ineont
1821 1769 1829 1775 -

1043 1798 1202 1832 parabiliter
1218 1799 1363 1834 superasti.

1080 1837 1176 1879 Dirige}
1192 1845 1275 1872 vitam
1303 1853 1403 1878 meam,
1429 1850 1455 1873 et
1481 1850 1572 1874 motus
1589 1846 1689 1873 mentis
1713 1854 1790 1879 uteie,
1813 1854 1830 1874 ο

1045 1887 1128 1923 Virgo
1142 1893 1227 1921 easta,
1247 1889 1281 1916 ad
1297 1889 1419 1917 divinant
1438 1891 1584 1918 consilium
1602 1891 1675 1918 illius
1691 1892 1737 1926 qni
1753 1900 1786 1919 ex
1804 1897 1829 1919 te

1044 1934 1077 1960 ad
1094 1942 1144 1961 nos
1161 1935 1240 1962 modo
1256 1935 1440 1970 inexplicabili
1456 1936 1601 1971 processit.

1079 1980 1119 2007 Ex
1145 1980 1299 2015 purissimis
1314 1982 1497 2016 sanguinibus
1523 1983 1595 2013 tuis,
1621 1990 1704 2017 supra
1725 1987 1829 2010 natura:

1044 2033 1149 2053 morem
1166 2031 1308 2060 compacta
1327 2032 1369 2054 est
1385 2035 1448 2055 caro
1466 2027 1522 2060 illi,
1540 2028 1586 2062 qui
1602 2028 1738 2055 hominem
1753 2037 1828 2056 crea-

1002 2103 1006 2108 ἡ
1044 2070 1102 2103 vit;
1118 2070 1190 2098 unde
1203 2075 1240 2103 te,
1254 2078 1270 2098 ο
1285 2070 1399 2106 Deipara
1416 2079 1465 2106 pro
1481 2071 1775 2106 dignitatelaudanms.

1080 2115 1238 2143 Liberatum
1255 2121 1296 2143 est
1315 2124 1362 2152 per
1382 2121 1489 2152 partum
1507 2126 1581 2145 tuum
1602 2126 1616 2144 ει
1641 2118 1829 2145 tnaledietione

1045 2162 1193 2189 humanum
1210 2171 1311 2198 genus,
1327 2170 1344 2190 0
1357 2163 1414 2191 sola
1433 2164 1508 2190 omni
1524 2164 1712 2191 benedictione
1731 2172 1828 2191 cumu-

1045 2209 1117 2242 lata;
1148 2215 1289 2243 propterea
1316 2215 1341 2236 te
1374 2210 1560 2244 gloriﬁcamus
1583 2214 1712 2244 tanquam
1741 2211 1828 2244 gratia

1045 2255 1165 2288 plenam,
1180 2262 1196 2281 ο
1211 2254 1335 2289 Deipara,
1351 2255 1377 2282 in
1391 2256 1500 2283 saecula.

243 2299 276 2325 Σὲ
292 2300 341 2335 τὴν
359 2300 492 2334 καλλονὴν
510 2300 558 2326 τοῦ
591 2301 688 2327 Ἰακὼϐ
708 2301 850 2336 τιμῶμεν,
877 2301 942 2332 Θεὸς
958 2302 992 2336 ἢν

1080 2300 1118 2326 Te
1150 2300 1379 2334 pulchritudinem
1413 2301 1497 2329 Iacob
1530 2302 1711 2334 honoramus,
1745 2309 1827 2336 quam

206 2347 359 2380 ἠγάπησεν,
380 2348 413 2382 ἣν
437 2347 587 2380 ἐξελέξατο,
612 2348 720 2379 πάντως
742 2348 780 2378 ὡς
796 2347 880 2382 μόνην
905 2347 990 2383 ἁγνὴν

206 2392 392 2428 εὐλογημένην
433 2394 671 2429 ἁνυμνολογοῦμεν
704 2395 744 2425 εἰς
784 2395 889 2426 πάντας
926 2395 990 2425 τοὺς

206 2439 318 2470 αἰῶνας.
411 2464 412 2467 η

240 2486 398 2521 Φωῖοφόρον
423 2485 511 2521 πύλην
536 2494 566 2512 σε
589 2486 718 2521 προεώρα
740 2485 882 2521 Ὲζεκιὴλ,
906 2486 939 2512 δι’
954 2483 986 2522 ἦς

205 2531 298 2566 διῆλθε
324 2532 354 2557 τὸ
379 2531 436 2566 φῶς
451 2532 482 2557 τὸ
504 2531 631 2566 ἀληθινὴν
651 2532 769 2566 Χριστὸς
784 2533 798 2557 ὁ
818 2532 883 2563 Θεὸς
898 2533 986 2567 ἡμῶν,

205 2578 233 2603 ὂν
261 2578 377 2609 ἐκτενῶς
399 2579 519 2613 αἴτησαι,
545 2578 625 2613 ἁγνὴ,
648 2578 697 2613 τῆς
722 2578 865 2613 μετανοίας
886 2587 931 2613 μοι
950 2579 988 2604 δι-

205 2627 309 2659 ανοίξαι
327 2627 412 2658 πύλας
427 2627 533 2661 δέομαι.

210 2683 261 2710 Ἐκ
288 2683 341 2710 τοῦ
359 2685 491 2716 Κανόνος
516 2684 559 2715 εἰς
582 2684 634 2710 ’τὸν⁴
657 2682 744 2709 ὅσιον
768 2682 882 2716 Πατέρα
904 2681 987 2716 ἡμῶν·

325 2719 363 2754 ἀμ
369 2721 446 2754 thura
460 2719 514 2746 τὸν
529 2718 701 2752 ξενοδόχον,
721 2717 815 2752 ἡμέρᾳ
829 2718 882 2749 κζ’.

239 2777 272 2803 Σὲ
291 2777 337 2803 τοῦ
356 2777 423 2803 Θεοῦ
437 2777 484 2812 τὴν
499 2777 568 2812 ὑπὲρ
585 2776 662 2810 λόγον
679 2776 848 2810 λοχεύτριαν,
863 2775 901 2806 th;
919 2783 987 2809 κρα-

203 2825 283 2850 ταιὰν
297 2822 440 2858 ἀντίληψιν
459 2823 567 2849 πάντων
577 2842 585 2855 ,
602 2821 755 2857 πανάμωμε
767 2841 774 2854 ,
790 2821 844 2848 τῶν
867 2829 988 2847 καταπο-

239 2914 321 2946 (ΜἻ
336 2914 435 2941 Μρηωο
451 2914 582 2947 impressa
599 2920 652 2939 non
668 2912 778 2939 habent.

1045 2345 1116 2372 Deus
1140 2346 1252 2379 amavit,
1269 2350 1297 2373 et
1317 2347 1399 2382 elegit
1421 2356 1429 2374 :
1454 2348 1567 2375 omnino
1589 2353 1716 2383 tanquam
1741 2348 1828 2374 solam

1043 2397 1148 2418 castam
1174 2396 1201 2418 et
1218 2391 1389 2420 benedictam
1414 2397 1439 2420 te
1461 2392 1604 2421 laudamus
1622 2393 1648 2420 in
1668 2393 1759 2420 omnia
1777 2401 1828 2419 sm-

1042 2437 1113 2463 cula.

1078 2482 1232 2512 Luciferam
1267 2490 1372 2520 portam
1399 2485 1524 2521 przevidit
1552 2491 1577 2513 te
1606 2485 1748 2518 Ezechiel,
1781 2494 1828 2520 per

1042 2537 1124 2563 quam
1156 2531 1283 2558 transivit
1311 2533 1355 2559 Iuv
1388 2540 1449 2559 vera
1470 2532 1595 2559 Christus
1627 2532 1697 2559 Deus
1717 2538 1824 2563 noster,

1042 2583 1122 2610 quem
1147 2577 1268 2611 impense
1292 2586 1420 2612 precare,
1437 2587 1454 2605 0
1478 2585 1563 2610 casta,
1584 2584 1609 2606 te
1630 2586 1697 2609 oro,
1716 2583 1744 2604 ut
1759 2578 1825 2604 mihi

1044 2623 1211 2656 poenitentia:
1224 2632 1315 2659 portas
1324 2628 1438 2661 aperiat.

1044 2682 1119 2717 131
1138 2681 1179 2708 Ea:
1201 2682 1306 2709 Conone
1322 2682 1348 2708 in
1372 2682 1437 2716 festo
1455 2681 1485 2709 S.
1510 2681 1541 2708 Ι).
1566 2680 1718 2714 Sumpsouix
1735 2679 1825 2705 Xeno-

1322 2717 1399 2743 docln'
1409 2737 1416 2748 ,
1434 2717 1475 2744 die
1499 2718 1531 2743 27

1077 2775 1114 2802 Te
1133 2775 1181 2802 Dei
1201 2775 1373 2802 ineﬂ‘abiliter
1399 2775 1581 2805 Gcnitriccm,
1604 2777 1732 2806 tanquam
1757 2770 1827 2798 vali-

1042 2821 1183 2848 dissimam
1210 2822 1395 2850 defensionem
1429 2821 1549 2862 omnium
1573 2819 1617 2853 qui
1646 2817 1739 2844 labore
1763 2823 1828 2851 pre-
