2069 3159
252 189 325 221 1135

819 189 847 219 S.
870 189 1029 219 JOSEPHI
1049 190 1329 222 HYMNOGRAPHI

1806 193 1875 225 H36

259 253 379 279 lltltllllll‘,
398 246 582 282 gloriﬁcamus
600 244 781 277 incessanter,
801 249 827 272 et
843 245 1035 279 beatitlcamus,

1092 256 1229 283 νουμενιυν
1250 249 1397 283 δοξάζομεν
1419 249 1574 281 ἀπαύστως,
1589 249 1649 276 mal
1674 250 1872 287 paxqprOpsv.

258 302 271 321 υ
288 293 473 322 mundissima.

289 341 394 367 Anima:
405 339 558 374 mentisque
574 345 641 366 mete
654 339 781 366 tenebras
792 338 916 373 dispelle,
930 345 946 365 ο
959 345 1038 373 pura,

257 391 281 414 et
297 387 329 414 da
344 385 421 417 mihi,
437 391 467 412 ut
480 385 551 412 sicut
566 385 592 412 in
608 385 662 418 die,
681 387 795 412 honeste
807 385 944 412 ambulem
958 389 1040 419 atque

256 439 410 464 converser,
424 439 456 457 ac
470 431 601 458 salutaria
618 435 751 465 praecepta
767 438 912 465 exsequar.

288 477 344 509 Te,
374 485 391 504 0
420 482 476 504 tota
509 478 610 504 mumla
644 476 777 508 Domina,
808 475 929 504 lucidum
957 476 1038 504 Verbi

252 523 383 558 palatium
410 522 518 558 hymnis
546 522 733 554 celebramus,
759 529 790 550 ac.
809 522 917 549 beatam
944 523 1037 558 appel-

254 570 349 597 lamus.

287 615 335 650 Te,
356 623 373 643 ο
403 615 578 643 sanctissima
595 620 669 642 easta
683 635 690 648 ,
708 616 826 651 speciem
851 614 950 647 Jacob,
976 614 1038 642 ﬁdei

251 662 350 689 divinae
363 662 476 689 vocibus
487 661 641 693 laudamus,
655 669 714 696 qua:
726 661 843 697 genuisti
860 660 939 688 nobis
953 660 1037 688 Deum

253 715 360 734 carnem
376 706 507 734 ferentem
520 727 527 739 ,
543 714 624 740 quem
641 707 733 733 omnia
749 705 975 733 contremiscunt.

286 753 391 780 Coelqu
409 753 526 780 sublime
551 752 675 779 omnium
698 752 771 787 regis
789 752 835 780 Dei
863 752 934 779 tacta
958 759 1004 784 es,
1020 759 1038 779 ο

249 798 434 834 undequaque
460 798 624 833 purissima;
655 798 844 833 mundumque
870 798 942 825 illius
963 798 1038 833 pala-

252 846 329 877 tium,
346 848 373 872 et
388 845 526 871 thalamus
542 844 632 870 divina
650 844 736 878 gratia
751 851 912 872 coruscans.

287 889 379 916 Vellus
412 889 476 916 olim
512 888 675 923 pramotarit
707 889 893 916 castissimum
929 893 1035 916 uterum

1129 341 1226 375 Ψυχῆς
1246 349 1298 376 μου
1313 341 1359 368 καὶ
1373 341 1449 373 νοὸς.
1465 340 1546 375 ἁγνὴ,
1561 341 1696 368 ἐπέλασαν
1713 341 1743 367 τὸ
1760 341 1854 371 σκότος
1865 362 1873 373 ,

1093 387 1140 414 ut
1153 387 1237 420 δίδου,
1255 386 1293 418 ὡς
1308 387 1337 413 ὲν
1353 387 1454 422 ἡμέρᾳ,
1475 387 1650 422 εὐσχημόνως
1672 386 1874 419 πολιτεύεσθαι,

1092 432 1127 459 τὰ
1142 433 1265 468 σωτήρια
1277 432 1432 467 πράττοντα
1449 433 1659 468 προσ-τάγματα.

1127 479 1172 510 Σὲ,
1196 479 1352 514 πανάμωμε
1371 479 1521 511 Δέσποινα,
1539 479 1570 505 τὸ
1589 478 1720 513 φωτεινόν
1743 479 1875 506 παλάτιον

1091 524 1139 551 τοῦ
1156 525 1243 559 Λόγου
1260 524 1499 560 ἁνυμνολογοῦμεν
1514 525 1560 551 καὶ
1576 524 1773 560 μακαρίζομεν.

1127 614 1178 647 Σὲ,
1203 613 1325 648 παναγία
1351 613 1421 648 ἁγνὴ
1434 634 1441 646 ,
1459 613 1509 648 τὴν
1530 612 1660 646 καλλονὴν
1685 612 1733 640 τοῦ
1758 613 1872 644 Ἰακὼϐ,

1092 660 1210 692 πίστεως
1227 660 1314 692 θείαις
1328 660 1430 694 φωναῖς
1446 658 1629 694 ἁνυμνοῦμεν,
1645 659 1788 693 κυήσασαν
1809 660 1874 694 ἡμῖν

1091 707 1157 733 Θεὸν
1172 707 1342 743 σαρκοφόρον
1355 706 1385 732 δν
1400 706 1497 741 τρέμει
1509 705 1543 732 τὰ
1561 705 1718 740 σύμπαντα.

1130 753 1160 780 '0
1174 753 1288 785 οὐρανὸς
1300 751 1401 788 ὑψηλὸς
1416 753 1482 787 ὲχρη
1488 751 1604 786 μάτισας
1617 751 1664 777 τοῦ
1680 751 1874 785 παμϐασιλέως

1091 799 1177 831 Θεοῦ,
1205 799 1412 833 παναμὼμητε,
1438 799 1486 824 καὶ
1509 797 1628 832 καθαρὸν
1653 797 1800 830 παλάτιον,
1828 798 1873 823 καὶ

1091 846 1197 877 παστὰς
1214 845 1330 880 φωτεινὴ
1346 844 1406 880 θείᾳ
1420 845 1521 879 χάριτι.

1090 890 1162 926 "'0
1177 890 1259 922 πόκος
1277 889 1342 916 ποτὲ
1361 889 1510 925 προεδήλου
1525 889 1576 924 τὴν
1593 889 1689 924 ἁγνὴν,
1706 889 1808 925 σεμνὴ,
1821 897 1872 923 γα-

248 941 346 968 tuum,
370 943 387 961 ο
411 934 583 966 veneranda,
610 934 657 969 qui
686 935 794 969 excupit
814 935 841 961 in
865 942 894 961 se
914 934 1035 962 divinum

1090 937 1172 971 στὲρα
1194 945 1241 963 σου
1266 936 1462 972 εἰσδεξαμένην
1487 936 1538 971 τὴν
1560 936 1688 971 οὐράνιον
1712 935 1808 971 δρόσον
1825 937 1874 970 τὴν

251 989 345 1012 rorem
358 980 522 1007 irrorantem
539 979 696 1012 universos,
710 979 757 1014 qui
778 980 822 1006 siti
839 980 942 1014 peccati
964 980 1038 1007 labo-

252 1033 322 1059 rant,
335 1034 351 1053 ο
367 1026 441 1053 omni
469 1025 549 1052 laude
564 1025 646 1061 digna
661 1033 694 1053 ae
707 1025 861 1058 benedicta,
877 1033 937 1061 quae
952 1025 1037 1054 Deum

249 1074 277 1100 in
295 1079 377 1099 carne
394 1070 535 1106 peperisti.

286 1118 356 1146 Seda
391 1125 463 1145 nunc
482 1123 591 1152 gravem
613 1116 772 1151 passionum
793 1124 916 1144 mearum
936 1122 1038 1153 tempe-

250 1169 361 1196 statem,
380 1171 397 1191 ο
417 1168 491 1191 casta
510 1162 708 1197 benedictaque
726 1163 833 1198 puella;
859 1168 886 1191 ct
910 1171 1037 1199 oppugna

249 1218 347 1238 omnes
359 1211 536 1244 incorporeus
554 1209 658 1243 huStes,
672 1209 719 1244 qui
735 1209 893 1237 immaniter
905 1211 1038 1244 insultant

250 1257 404 1292 paupertati
418 1263 495 1289 meae,
513 1260 543 1285 ut
558 1255 674 1283 ﬁdeliter
692 1261 719 1283 te
733 1255 852 1283 laudem.

282 1302 474 1330 Lucidissimis
502 1300 674 1335 lampadibus
698 1300 772 1341 illius
789 1301 835 1336 qui
850 1309 882 1328 ex
906 1307 931 1329 te
954 1309 1038 1337 supra

250 1349 349 1376 mentis
363 1353 472 1383 captum
489 1347 649 1374 incarnatus
666 1351 718 1379 est,
742 1347 919 1374 sanctissima
941 1346 1036 1383 Virgo,

249 1395 436 1422 itluminemur
460 1400 521 1426 nos,
545 1393 593 1428 qui
612 1399 639 1420 te
658 1392 801 1428 Deiparam
820 1393 936 1421 ﬁdeliter
954 1401 1037 1428 auuo-

249 1442 371 1473 seimus,
394 1445 419 1468 et
438 1447 456 1467 a
483 1440 641 1475 passionum
673 1439 811 1469 tenebris.
828 1444 910 1475 atque
924 1448 940 1468 a
965 1440 1037 1475 peri-

250 1488 322 1516 culis
339 1487 502 1521 cunctisque
516 1486 578 1514 vitte
596 1485 808 1514 adversitatibus
825 1486 982 1514 liberemur.

247 1582 329 1618 132
352 1581 394 1608 Ea;
418 1580 524 1608 Canam:
536 1580 564 1618 in
588 1579 655 1618 [esto
675 1580 844 1618 _receptioni§_
863 1580 1034 1618 reliquiarum

360 1622 512 1644 sanctorum
530 1613 608 1649 Cyri,
624 1619 649 1641 et
667 1613 798 1647 Joauhis,
816 1615 859 1642 die
875 1615 919 1642 28.

278 1739 425 1775 "Tanquam
441 1745 484 1770 ea,
500 1745 561 1772 qum
572 1737 607 1765 ob
624 1736 754 1765 bonitatis
763 1744 909 1765 excessum
923 1737 971 1765 tibi
985 1745 1035 1765 nos

242 1785 399 1814 ‘t‘amiliares
414 1784 493 1817 facis,
508 1791 525 1811 ο
543 1783 712 1815 castissima,
737 1782 846 1818 Deoque
865 1783 1032 1818 gratissima,

249 1832 284 1859 ab
296 1831 369 1857 omni
385 1829 564 1862 obscuritate,
580 1832 740 1863 tempestate
753 1836 786 1856 ac
802 1827 926 1863 periculo
949 1828 1034 1855 libera

250 1878 404 1906 universos.
839 1903 843 1906 _

285 1931 367 1967 Virgo
394 1930 596 1962 illibatissima,
629 1937 691 1965 quae
716 1930 847 1965 peperisti
886 1929 962 1957 illum
988 1932 1034 1965 qui

249 1977 319 2004 tollit
342 1977 453 2004 morbos
475 1976 635 2008 hominum,
653 1975 786 2003 medicam
805 1975 904 2003 adhibe
922 1983 1034 2003 manum

247 2022 459 2052 contritionibus
485 2021 584 2049 anima:
600 2029 685 2054 meat,
709 2021 855 2057 carnisque
871 2029 938 2048 mea:
956 2021 1034 2048 intir-

248 2069 399 2097 uitalibus.

283 2113 433 2149 Opuleutas
452 2113 659 2141 misericordias
676 2117 737 2140 tuas
750 2120 863 2148 asperge
877 2120 959 2148 super
973 2120 1032 2146 nos,

249 2169 265 2187 ο
286 2160 379 2196 Virgo,
398 2160 476 2194 juxta
492 2159 720 2187 consuetudinem
740 2163 826 2191 tuam,
853 2161 944 2187 varios
961 2167 1034 2187 mor-

249 2207 298 2234 bos
314 2213 414 2233 curans
433 2205 586 2232 animarum
613 2205 721 2231 illorum
738 2205 784 2239 qui
808 2212 871 2231 cum
892 2204 944 2232 ﬁde
958 2205 991 2232 ad
1008 2209 1034 2231 te

249 2253 399 2284 accedunt,
425 2259 486 2286 qua-
508 2259 539 2278 es
563 2258 647 2278 causa
670 2251 821 2283 bonorum,
843 2257 859 2277 ο
885 2250 1031 2285 plurimum

247 2299 395 2326 laudanda.

288 2354 542 2382 JErumnosissimzc
556 2354 656 2381 anima:
670 2361 737 2381 mea:
760 2353 860 2381 ﬂuctus
877 2353 1033 2388 tranquilla,

247 2400 380 2433 obsecro;
404 2404 431 2426 et
454 2400 562 2427 dolores
595 2400 687 2427 carnis
714 2407 781 2426 meze
801 2399 875 2431 seda,
892 2406 953 2434 quae
977 2400 1035 2426 sola

249 2446 352 2480 absque
366 2445 508 2472 doloribus
524 2443 608 2471 Deum
625 2449 799 2479 corporatum
816 2444 955 2479 peperisti.

1089 983 1193 1014 πάντας
1221 982 1399 1018 δροσίζουσσν
1421 983 1484 1014 τοὺς
1510 982 1733 1017 κεκρατημένους
1751 983 1784 1016 τῇ
1809 981 1873 1017 δίψῃ

1088 1029 1137 1064 τῆς
1148 1028 1295 1065 ἁμαρτίας,
1310 1028 1470 1063 πανύμνητε
1484 1027 1666 1063 εὐλογημένη,
1679 1028 1696 1062 ἡ
1710 1027 1776 1053 Θεδν
1790 1028 1873 1062 σαρκὶ

1088 1076 1223 1111 κυήσασα.

1123 1122 1226 1157 Στῆσον
1240 1120 1333 1148 παθῶν
1349 1129 1398 1156 μου
1414 1120 1445 1147 τὸ
1464 1119 1551 1147 δεινὸν
1565 1119 1613 1147 νῦν
1625 1118 1787 1150 κλυδώνιον,
1800 1118 1872 1154 ἁγνὴ

1087 1168 1274 1203 εὐλογημένη,
1301 1167 1347 1194 καὶ
1372 1166 1526 1202 πολέμησον
1545 1166 1649 1198 πάντας
1668 1166 1732 1196 τοὺς
1755 1165 1871 1200 ἀφειδῶς

1087 1215 1119 1249 τῇ
1146 1214 1200 1249 ὲμῇ
1223 1213 1361 1248 πτωχείᾳ,
1380 1213 1467 1247 κόρη,
1484 1211 1703 1247 ἐπεμϐαίνοντας
1727 1210 1870 1246 δυσμενεῖς

1087 1260 1234 1295 ἁσάρκους,
1251 1259 1325 1290 ὅπως
1341 1258 1444 1289 πιστῶς
1458 1258 1536 1293 ὑμνῶ
1551 1265 1592 1284 σε.

1121 1304 1312 1336 Φαεινοτάταις
1333 1303 1459 1339 λαμπάσι
1474 1303 1521 1330 τοῦ
1543 1304 1576 1330 ὲκ
1598 1302 1644 1329 σοῦ
1665 1303 1868 1339 σαρκωθέντος,

1088 1351 1209 1387 Παρθένε
1231 1350 1369 1385 παναγία,
1390 1349 1460 1384 ὑπὲρ
1482 1349 1553 1382 νοῦν,
1575 1350 1599 1376 et
1618 1349 1749 1376 Θεοτόκον
1768 1349 1870 1380 εἰδότες

1088 1407 1117 1426 σε
1132 1397 1306 1433 φωτιζόμεθα
1330 1397 1439 1430 πίστει,
1461 1397 1507 1423 καὶ
1531 1396 1644 1428 σκότους
1665 1395 1870 1431 ὲκλυτρούμεθα

1086 1443 1181 1470 παθῶν
1192 1463 1199 1476 ,
1215 1443 1263 1469 καὶ
1277 1442 1409 1469 κινδύνων
1421 1442 1468 1469 καὶ
1482 1441 1592 1469 πάντων
1606 1442 1653 1468 τοῦ
1666 1441 1725 1477 βίου
1738 1442 1869 1476 περιστά-

1087 1498 1166 1518 σεων.

1094 1581 1145 1608 Ἐκ
1164 1579 1217 1607 τοῦ
1238 1579 1374 1612 Κανόνος
1390 1579 1434 1611 εις
1452 1577 1509 1611 τὴν
1528 1575 1717 1611 ἀνακομιδὴν
1730 1574 1790 1612 τῶν
1809 1576 1868 1612 λει-

1123 1616 1230 1650 ψάνων
1239 1614 1299 1650 τῶν·
1309 1610 1402 1650 ἁγίων
1411 1610 1586 1648 ἁναργύρων
1597 1610 1694 1646 Κῦρον
1706 1611 1757 1638 καί
1774 1610 1867 1638 Ἰωάν-

1120 1647 1187 1683 ὧου,
1204 1649 1298 1684 ἡμέρᾳ
1317 1647 1370 1684 κη’.

1127 1740 1170 1773 Ὠς
1186 1740 1221 1768 τὰ
1240 1739 1318 1775 ἡμῶν
1336 1738 1471 1774 ὑπερθολῇ
1495 1737 1662 1773 ἀγαθότητος
1680 1734 1868 1772 οίκειουμένη,

1085 1787 1207 1822 πάναγνε
1231 1785 1428 1821 θεοχαρίτωτε,
1459 1783 1648 1820 ἀμαυρώσεως
1679 1783 1786 1816 πάσης,
1821 1781 1868 1809 καὶ

1085 1833 1185 1868 ζάλης,
1200 1832 1248 1859 καὶ
1263 1831 1392 1859 κινδύνων
1405 1831 1508 1863 πάντας
1523 1829 1667 1857 διάσωσον.

1120 1934 1175 1964 Τὰς
1198 1933 1292 1964 νόσους
1318 1931 1373 1958 τῶν
1401 1930 1506 1966 βροτῶν
1526 1930 1573 1957 τὸν
1600 1929 1804 1965 ἀφαιρούμενον
1825 1936 1866 1956 τε·

1085 1978 1188 2010 κοῦσα,
1213 1977 1403 2012 παναμώμητε
1425 1975 1559 2010 Παρθένε,
1578 1974 1628 2009 τῆς
1652 1974 1743 2010 ψυχῆς
1762 1982 1814 2009 μου
1834 1973 1872 2000 τὰ

1086 2023 1277 2058 συντρίμματα
1298 2021 1345 2047 καὶ
1361 2021 1462 2056 σαρκὸς
1476 2023 1510 2047 τὰ
1528 2020 1669 2055 νοσήματα
1687 2018 1869 2054 θεράπευσον.

1119 2112 1247 2148 Συνήθως
1260 2112 1302 2147 ἐφ’
1315 2112 1388 2147 ἡμᾶς
1404 2111 1439 2138 τὰ
1456 2110 1570 2138 πλούσια
1584 2119 1632 2137 σου
1645 2110 1720 2145 ὲλέη,
1734 2108 1866 2144 Παρθένε,

1086 2162 1177 2196 ῥᾶνον,
1198 2161 1340 2195 νοσήματα
1366 2159 1491 2186 Ιιιαύουσα
1514 2158 1625 2185 ποικίλα
1640 2157 1751 2192 ψυχῶν,
1767 2156 1821 2182 τῶν
1840 2157 1870 2182 έν

1085 2206 1175 2232 πίστει
1195 2205 1363 2240 προσιόντων
1379 2213 1419 2231 σοι
1434 2206 1467 2240 τῇ
1485 2204 1539 2230 τῶν
1549 2203 1639 2231 καλῶν
1649 2202 1733 2238 αἰτίᾳ,
1745 2202 1864 2237 πολυὺμ·

1085 2261 1158 2288 νητε.

1121 2354 1240 2389 Κύματα
1253 2354 1374 2389 πράῦνον
1387 2352 1436 2386 τῆς
1454 2351 1604 2382 πσ-ιαυλίας
1620 2359 1672 2385 μου
1687 2350 1786 2385 ψυχῆς,
1809 2350 1864 2375 δέο-

1084 2409 1153 2435 μαι,
1180 2400 1227 2427 καὶ
1249 2402 1299 2435 τῆς
1327 2400 1429 2434 σαρκὸς
1446 2399 1551 2426 παῦσον
1566 2400 1614 2430 τὰς
1632 2398 1744 2430 ὀδύνας,
1761 2398 1777 2431 ὴ
1801 2398 1869 2432 μόνη

1085 2445 1203 2472 τεκοῦσα
1217 2445 1329 2472 ἄνευθεν
1345 2445 1439 2471 ὸδίνων
1449 2444 1517 2471 Θεὸν
1534 2443 1754 2479 σωματούμενον.

285 2491 517 2520 lutellcrtunlibus
535 2491 666 2526 superior
688 2491 891 2526 potestatibus.
919 2491 993 2518 omni
1012 2492 1166 2520 seductoris
1180 2491 1283 2519 malitia
1308 2491 1476 2526 superiorem
1495 2499 1539 2518 me
1560 2491 1602 2518 fac
1629 2489 1870 2518 intercessiOnibus

248 2541 314 2571 tuis,
341 2539 405 2566 dum
426 2543 453 2565 te
471 2545 535 2565 eum
560 2538 709 2572 gratiarum
727 2538 834 2565 actione
856 2545 962 2573 semper
977 2539 1109 2575 glorilico.

285 2587 325 2613 Ab
344 2584 504 2613 hominibus
528 2583 647 2615 infestis.
665 2592 680 2610 a
700 2583 870 2611 daemonibus
891 2584 1035 2619 malignis,

246 2638 275 2661 et
289 2633 323 2660 ab
338 2631 412 2659 omni
428 2631 479 2658 alia
496 2631 670 2662 azlvcrsilate,
690 2638 766 2663 casu,
783 2629 912 2665 omnique
928 2630 1037 2658 hesione

250 2680 334 2707 libera
358 2685 412 2710 mc,
431 2676 512 2711 Virgo
527 2681 632 2709 sancta,
654 2681 681 2703 et
699 2676 807 2703 custodi
829 2684 872 2704 me
886 2676 1036 2704 concinen-

247 2731 321 2755 tcm:
341 2723 501 2751 Benedictus
516 2731 556 2756 es,
575 2722 648 2750 Deus
665 2722 788 2750 Patrum.

285 2782 312 2809 In
329 2781 507 2809 similitudine
525 2780 616 2807 carnis
634 2780 688 2811 ille,
706 2780 752 2815 qui
766 2785 809 2807 est
825 2780 1036 2816 super-divinus,

246 2837 283 2856 ex
303 2834 329 2856 te
346 2828 482 2863 apparuit,
507 2835 524 2854 ο
543 2826 626 2862 Virgo
652 2831 738 2858 casta,
762 2834 842 2861 quem
870 2827 1038 2854 incessanter

247 2875 412 2906 deprecare,
431 2878 458 2901 ut
484 2874 647 2900 misereatur
664 2873 760 2907 nostri,
779 2873 824 2908 qui
852 2881 914 2901 cum
932 2873 1034 2901 malitia

1127 2584 1290 2620 ’Δνθρὼπων
1320 2584 1414 2611 δεινῶν
1439 2585 1485 2610 καὶ
1509 2583 1645 2619 δαιμόνων
1675 2584 1802 2619 πονηρῶν
1824 2583 1872 2610 καὶ

1086 2631 1178 2666 πάσης
1207 2630 1291 2665 ἄλλης
1315 2630 1505 2664 κακοπραγίας
1529 2630 1576 2655 καὶ
1607 2629 1794 2664 συμπτώσεως
1824 2629 1872 2654 καὶ

1085 2677 1175 2712 πάσης
1188 2677 1336 2708 κακώσεως
1354 2676 1434 2712 ῥῦσαί
1452 2685 1497 2711 με,
1511 2675 1578 2710 ἁγία
1593 2675 1726 2711 Παρθένε,
1742 2675 1789 2700 καὶ
1808 2682 1871 2701 συν-

1085 2724 1205 2759 τήρησον
1219 2722 1365 2758 ψάλλοντα·
1381 2723 1533 2758 Εὐλογητὸς
1547 2720 1582 2755 εἷ,
1599 2724 1612 2749 ό
1633 2721 1700 2754 Θεδς
1715 2723 1729 2748 ὁ
1742 2722 1796 2748 τῶν
1816 2722 1871 2747 Πα-

1084 2769 1184 2804 τέρων.

1127 2827 1172 2852 Ἐν
1191 2825 1344 2861 ὁμοιώματι
1369 2826 1470 2860 σαρκὸς
1485 2827 1498 2852 ὁ
1514 2825 1658 2862 ὑπέροεος,
1671 2826 1752 2860 ἁγνὴ,
1769 2827 1801 2852 ἐκ
1824 2825 1871 2851 σοῦ

1085 2873 1191 2908 ὼρᾶθη,
1207 2874 1236 2900 ὃν
1250 2873 1396 2905 ἀπαύστως
1409 2872 1529 2900 δυσώπει
1543 2873 1686 2908 ἐλεηυῆναι
1702 2873 1774 2908 ἡμᾶς
1789 2874 1873 2906 κακίᾳ
