2069 3159
258 201 325 235 1139

256 310 298 332 tor
314 307 449 339 omnium,
470 313 550 342 atque
565 309 648 335 exivit
667 309 702 336 ah
726 315 804 338 tttero
818 315 875 344 tuo.
906 313 1037 349 virginem

255 357 281 378 te
294 359 469 380 conservans.
485 352 508 380 Ο
519 354 680 382 miraculum
698 356 908 385 miraculorum!
924 367 941 386 ο
958 367 1039 387 novo-

255 404 314 423 rum
347 398 538 432 mysteriorum
572 400 774 434 muniit-statio,
794 410 854 436 qua:
871 403 899 429 in
923 407 948 431 te
966 403 1038 432 facta

254 447 317 469 sunt
336 442 363 470 in
378 444 468 471 omnia
485 445 595 472 saecula.

288 487 310 515 0
329 489 415 525 virgo,
430 498 489 524 qua:
505 491 572 525 ipsis
586 491 733 520 Cherubim
752 495 879 528 superior
906 498 1036 531 apparui-

253 534 298 566 sti,
315 534 390 562 ellice
405 540 524 563 tuentem
544 545 632 564 meam
645 539 803 567 carnalibus
835 542 1035 577 concupiscen-

254 581 299 608 tiis
315 582 431 616 vita-que
449 582 647 610 tentationibus
670 585 862 618 superiorem;
876 592 903 614 et
915 589 1034 617 concede

253 627 319 653 mihi
339 631 367 653 ιιι
397 628 523 662 expedite
550 628 682 664 facileque
702 630 824 657 incedam
843 640 893 666 pro
923 635 1034 662 semitas

253 673 397 703 salutares.
413 681 474 707 quae
493 674 596 702 ducunt
610 675 643 702 ad
660 683 806 710 supernam
841 677 990 713 civitatem,
1017 689 1033 707 ο

253 718 433 745 immaculata.

816 211 846 241 S.
867 211 1024 242 IOSEPHI
1045 214 1327 247 HYMNOGBAPHI

284 260 330 287 ~Ex
346 260 432 287 sacris
446 261 626 296 snnguinibus
653 263 707 291 tuis
725 264 883 293 incarnatus
898 267 1035 295 cstCrea-
1049 271 1070 301 Α

1129 270 1174 303 Ἐξ
1187 271 1313 306 αἱμάτων
1332 280 1379 298 σου
1400 272 1481 306 ἱερῶν
1497 273 1668 308 σεσάρκωται
1682 275 1695 301 ὁ
1716 275 1872 310 Πλαστουρ-

1089 317 1139 350 γὺς
1163 318 1177 343 ὀ
1201 317 1328 350 πάντων,
1344 318 1390 344 καὶ
1414 318 1462 344 σοῦ
1479 319 1613 354 προῆλθεν
1628 321 1660 346 ὲκ
1684 321 1820 355 γαστρὸς,
1841 322 1872 348 σὲ

1092 363 1229 398 παρθένον
1255 364 1441 398 διαφυλάξας”
1471 364 1493 391 ὣ
1524 365 1617 399 θαῦμα
1649 365 1815 401 θαυμάτωνῖ
1849 366 1872 394 ὣ

1091 409 1192 436 καινῶν
1213 410 1368 446 μυστηρίων
1390 411 1543 447 φανέρωσις
1560 412 1589 439 ἐν
1603 412 1645 439 σοὶ
1670 413 1872 448 πεπραγμένων

1091 455 1131 486 είς
1145 454 1249 487 πάντας
1263 457 1325 487 τοὺς
1339 457 1456 488 αίῶναςε

1125 500 1253 533 Φανεῖσα,
1271 501 1404 536 Παρθένε,
1420 501 1474 529 τῶν
1488 502 1629 537 Χερουϐὶμ
1642 502 1777 536 ἅνωτέρα,
1802 503 1872 530 ἀνώ-

1089 555 1167 582 τερον
1190 547 1346 583 ἀπέργασαι
1367 550 1412 576 τὸν
1426 549 1488 576 νοῦν
1506 559 1557 584 μου
1579 551 1634 577 τῶν
1653 551 1793 586 σαρκικῶν
1809 551 1870 586 ἡδο-

1087 592 1150 625 νῶν,
1182 593 1229 620 καὶ
1252 594 1299 621 τοῦ
1315 595 1373 630 βίου
1390 596 1563 631 πειρασμῶν,
1587 597 1633 623 καὶ
1655 596 1727 623 δίδου
1749 597 1870 631 βαδίζειν

1086 637 1224 670 εὐσταλῶς
1248 640 1298 671 τὰς
1325 640 1476 676 σωτηρίους
1499 641 1620 676 τρίϐους,
1650 641 1700 674 τὰς
1725 641 1870 677 φερούσας,

1087 683 1215 719 ἄχραντε,
1232 685 1299 720 πρὸς
1315 686 1365 721 τὴν
1381 686 1436 713 ᾶνω
1451 686 1538 714 πόλιν.

543 777 584 804 Ex
598 777 704 806 Conone
717 780 771 807 alio
783 781 810 807 in
827 780 877 808 SS.
891 781 1042 817 Anargyros
1064 782 1199 817 Casuram,
1226 789 1251 811 et
1275 785 1432 813 Damianum
1462 787 1572 822 (64“””).

288 833 456 861 Salvatorem
474 842 505 862 ac
521 834 603 862 Deum
622 843 654 862 ex
678 837 761 864 castis
780 838 960 873 sanguinibus
977 839 1032 867 luis

252 880 416 914 corporasti,
433 887 450 907 ο
467 887 534 914 pura
555 885 582 907 et
609 881 748 914 inviolata.
779 883 825 918 qui
853 884 928 911 dedit
954 885 1033 912 nobis

1122 841 1265 877 Templum
1281 843 1413 872 mundum
1432 844 1495 872 fecit
1512 849 1549 877 te,
1572 844 1697 878 Domina,
1717 845 1868 872 mundissi-

1088 894 1163 914 mttm
1184 887 1264 923 136
1285 888 1415 922 Verbum,
1434 889 1507 924 quod
1532 890 1652 918 divinam
1666 889 1868 926 Anargyrorum

251 925 385 953 salutares
405 926 524 953 medicos
537 927 693 961 passionum
706 933 872 961 nostrarum,
888 934 915 956 et
930 929 1037 957 ferven-
1054 928 1074 957 Β
1089 932 1239 960 Ιίοειθδὶειιιι
1252 933 1338 969 signis
1354 941 1387 962 ac
1404 934 1535 970 prodigiis
1564 943 1674 970 semper
1705 925 1868 970 magnificat.

253 975 294 998 tes
307 970 474 1004 defensores,
492 972 629 1006 sapientes
643 972 799 1007 Anargyros
815 974 841 1000 in
857 974 963 1008 spiritu.

287 1016 325 1044 Te
342 1017 572 1051 speciosissimam
594 1017 666 1044 inter
679 1018 807 1045 mulieres
820 1019 899 1054 elegit
913 1019 993 1053 Deus,
1009 1025 1036 1048 et

251 1071 285 1090 ex
303 1067 330 1091 te
345 1063 533 1098 corporaliter,
550 1071 566 1090 o
582 1069 668 1096 casta,
685 1065 759 1091 nasci
785 1066 950 1100 complacuit
972 1067 1034 1099 sibi,

251 1109 297 1144 qui
311 1109 455 1144 requiesrit
473 1109 500 1136 in
514 1110 617 1137 sanctis
631 1111 702 1138 suis.

284 1153 481 1189 Compassione
496 1159 541 1182 tua
556 1155 667 1190 dignum
684 1163 728 1183 me
742 1155 795 1188 fac,
811 1165 828 1184 ο
846 1156 929 1192 Virgo
945 1158 1033 1186 invio-

251 1202 392 1234 lata,qu:c
409 1200 537 1235 peperisti
566 1200 681 1228 Verbum
709 1202 788 1229 unice
817 1204 1035 1238 compassivissi-

251 1254 337 1277 mum.
357 1246 429 1281 quod
445 1247 583 1274 concessit
597 1247 733 1275 universis
751 1248 851 1276 finibus
869 1254 946 1276 terra:
960 1250 1032 1278 San-

250 1295 309 1318 ctos
328 1291 526 1327 compatientes
542 1292 670 1326 medicos,
686 1298 714 1320 et
729 1293 924 1321 miraculorum
940 1299 1032 1330 patra-

250 1342 336 1365 ιοῐοε.

286 1382 453 1418 Sapientiam
473 1384 518 1416 Dei
535 1385 742 1414 substantialem
763 1387 904 1421 peperisti,
923 1395 939 1414 ο
951 1387 1033 1422 Virgo

250 1428 381 1457 inviolata
394 1429 521 1464 Deipara.
535 1438 596 1465 qua:
615 1437 725 1460 sanctos
741 1433 961 1467 sapientissimos
983 1441 1033 1460 no-

249 1474 293 1502 bis
316 1477 465 1508 concessit,
485 1484 533 1511 per
546 1484 616 1511 quos
628 1478 739 1505 malitia:
768 1478 911 1506 architecti
935 1478 1034 1506 cecidit

249 1519 349 1554 fastus,
365 1525 390 1549 et
403 1522 565 1557 gravissima
580 1527 785 1558 stratagemata.

1128 989 1151 1017 Ο
1170 990 1254 1019 Maria
1277 991 1353 1026 virga
1378 999 1440 1027 quae
1453 991 1611 1026 germinasti
1626 999 1658 1019 ex
1673 991 1765 1019 radice
1777 990 1864 1024 Jesse,

1088 1035 1238 1070 protulisti,
1267 1036 1406 1068 inviolata,
1432 1036 1525 1064 liorem
1553 1036 1704 1070 Christum,
1723 1036 1770 1071 qui
1796 1036 1870 1063 velut

1086 1080 1209 1114 ﬂoribus,
1223 1081 1360 1109 miraculis
1371 1086 1484 1109 exornat
1495 1081 1610 1110 lamulos
1621 1089 1685 1110 suos
1699 1081 1865 1116 Anargyros.

1121 1138 1263 1173 Perempta
1278 1143 1320 1165 est
1335 1146 1407 1166 mors
1423 1139 1450 1166 in
1464 1143 1505 1171 te;
1522 1137 1605 1166 vitam
1615 1137 1688 1166 enim
1702 1137 1868 1165 substantia-

1088 1183 1139 1211 lem
1153 1184 1281 1219 peperisti
1297 1184 1436 1212 Christum
1449 1183 1605 1216 Dominum,
1621 1191 1638 1211 ο
1652 1183 1792 1216 inviolata,
1807 1189 1864 1218 pro-

1087 1233 1216 1256 tectorem
1232 1229 1292 1256 vitae
1307 1233 1417 1262 nostrae,
1431 1230 1477 1264 qui
1495 1230 1648 1265 Anargyros
1662 1228 1782 1256 medicos
1796 1227 1864 1256 dedit

1088 1275 1122 1302 iis
1132 1275 1178 1310 qui
1203 1275 1339 1302 clamant:
1353 1275 1509 1303 Benedicite
1524 1276 1626 1303 omnia.

1122 1331 1204 1359 Facta
1217 1340 1257 1362 es.
1270 1340 1287 1359 ο
1301 1331 1393 1367 Virgo,
1410 1332 1578 1360 domicilium
1608 1332 1678 1360 lucis
1708 1331 1790 1364 illius,
1807 1337 1863 1366 qua

1085 1376 1212 1404 universa
1239 1376 1412 1408 illuminavit,
1447 1382 1474 1404 et
1500 1377 1630 1404 luciferos
1655 1380 1765 1404 sanctos
1795 1382 1866 1402 nunc

1085 1422 1232 1453 concessit,
1250 1421 1297 1456 qui
1329 1421 1531 1449 mortiferarum
1556 1421 1714 1457 passionum
1739 1420 1866 1447 tenebras

1085 1467 1112 1494 in
1128 1468 1224 1502 spiritu
1238 1467 1392 1502 eliminant,
1404 1475 1421 1495 o
1432 1468 1490 1496 sola
1507 1475 1614 1503 semper
1627 1467 1756 1495 inviolata
1773 1466 1867 1502 Virgo.

617 1581 660 1609 Ea:
679 1582 785 1611 Conone
803 1584 856 1610 alio
868 1584 895 1611 in
911 1583 963 1612 SS.
978 1585 1131 1620 Anargyros
1143 1584 1274 1616 Cosmum,
1291 1588 1315 1611 et
1326 1583 1496 1611 Damianum.

284 1636 398 1664 Edunde
412 1645 494 1672 super
510 1644 569 1670 nos,
587 1645 670 1670 nunc.
682 1645 699 1666 o
711 1644 797 1672 casta,
812 1639 900 1667 stillas
914 1640 1013 1667 misera
1042 1644 1065 1675 ρ
1081 1645 1160 1675 partu
1172 1645 1218 1667 tuo
1231 1639 1406 1674 conjunxit,o
1420 1639 1583 1671 castissima,
1599 1637 1734 1666 custodiat
1749 1637 1775 1664 in
1791 1642 1865 1665 tran-

248 1683 353 1710 tionum
372 1687 492 1715 tuarum,
512 1687 540 1710 tu
557 1691 618 1718 quae
631 1684 744 1718 bonum,
761 1689 788 1712 et.
805 1685 894 1720 pium,
906 1690 936 1713 et
952 1686 1033 1712 inise-

248 1733 365 1756 ratorem
379 1728 550 1756 invii'abiliter
566 1730 705 1764 peperisti,
735 1735 816 1766 atque
841 1731 1031 1760 universorum

248 1781 322 1801 nttnc
335 1773 491 1808 praesidium
509 1775 629 1803 exsistis.

287 1820 332 1848 llle
351 1821 396 1855 qui
409 1821 483 1848 solus
495 1826 537 1848 est
552 1821 649 1854 bonus.
662 1821 737 1850 solus
755 1822 849 1850 intime
862 1823 1030 1856 misericors,

249 1866 450 1894 immaculatam
478 1867 586 1894 vulvam
599 1872 674 1894 tuam
697 1867 839 1903 ingressus
853 1873 906 1900 est.
935 1876 952 1895 0
978 1872 1032 1896 tota

248 1910 436 1946 immaculata;
455 1916 549 1941 volens
571 1922 620 1941 nos
641 1914 816 1948 passionibus
843 1915 960 1950 pollutos
987 1923 1032 1943 re-

247 1959 375 1987 formare.

282 2005 312 2032 in
330 2010 365 2038 te,
381 2014 397 2033 ο
416 2005 496 2040 Virgo
526 2005 573 2032 Dei
603 2005 699 2039 Mater,
722 2013 784 2041 spes
809 2014 884 2034 meas
912 2008 1032 2042 reposui,

249 2060 291 2079 me
307 2052 340 2078 ah
356 2052 430 2079 omni
444 2051 530 2079 hostis
544 2052 646 2079 malitia
661 2060 722 2080 esse
742 2053 925 2080 liberandum.

281 2097 304 2126 Ο
323 2097 437 2126 Domina
461 2103 547 2130 casta,
575 2106 636 2133 quae
670 2098 755 2126 Deum
789 2099 962 2126 incarnatqu
993 2099 1035 2126 itt-

247 2143 491 2178 comprchensibili
506 2144 588 2171 modo
603 2143 747 2178 peperisti,
771 2145 895 2171 cmitdem
925 2152 1033 2179 semper

247 2192 405 2225 deprecare.
421 2194 451 2217 ut
467 2197 510 2217 me
525 2197 541 2217 a
556 2189 713 2217 carnalibus
738 2190 930 2224 passionibus,
948 2195 975 2217 et
999 2191 1033 2218 ab

246 2236 356 2265 aeternis
369 2236 514 2263 tormentis
531 2235 638 2271 eripiat.

282 2284 329 2312 Ille
344 2283 392 2319 qui
407 2283 535 2311 inferiora
551 2283 738 2318 superioribus
754 2283 780 2310 in
809 2284 1029 2318 supernaaturali

251 2352 294 2380 Ea:
305 2352 411 2381 Conone
429 2354 456 2380 in
474 2352 542 2386 festa
563 2351 591 2379 S.
622 2351 729 2380 Thoth
746 2352 891 2380 Pala’ensis
905 2358 928 2380 et
943 2352 1034 2388 S.Cy-

478 2389 558 2414 riam:
572 2388 708 2423 martyris,
722 2388 765 2415 die
775 2388 801 2416 7.

285 2473 379 2502 Mortis
403 2475 534 2509 impetum
560 2474 724 2509 repressisti,
740 2482 757 2501 ο
779 2480 864 2508 casta,
891 2475 1030 2503 Chrisntm

249 2521 466 2550 immortalitatis
481 2521 603 2549 datorem
617 2521 710 2553 enixa,
727 2529 809 2556 quem
830 2529 892 2549 cum
906 2522 1030 2550 infernus

247 2566 404 2594 voluntario
417 2567 528 2594 decreto
548 2571 685 2593 mortuum
711 2566 834 2597 vidisset.
854 2568 1029 2599 contremuit.

282 2613 304 2640 0
320 2612 413 2648 Virgo.
426 2621 486 2647 qtue
497 2613 691 2641 subsistentem
708 2612 753 2640 Dei
771 2613 937 2648 Sapientiam
948 2621 1030 2649 pepe-

247 2660 320 2692 risti,
338 2667 352 2687 a
368 2660 491 2694 sophista
512 2659 622 2686 malitiae
638 2659 723 2687 libera
740 2667 784 2687 me
795 2660 962 2688 mediatiouc
974 2665 1030 2694 tua,

245 2715 264 2735 ο
279 2708 336 2735 sola
352 2715 449 2736 carens
475 2708 549 2735 omni
568 2708 638 2735 laln'.

282 2752 391 2786 Libera.
408 2761 425 2782 o
443 2754 527 2789 Virgo
541 2754 708 2786 castissima,
724 2755 758 2782 ab
783 2756 858 2782 omni
877 2755 962 2783 hostis
978 2756 1031 2782 lat—

246 2798 333 2830 sione,
359 2806 407 2826 eos
435 2799 481 2834 qui
509 2805 642 2826 noverunt
669 2804 694 2827 te
712 2808 802 2827 veram
833 2808 894 2828 esse
908 2800 954 2828 Dei
973 2808 1030 2828 ma.

247 2847 325 2872 trem.

1084 1685 1168 1720 quillo
1185 1690 1256 1713 statu
1270 1693 1330 1719 nos,
1344 1686 1391 1721 qui
1406 1689 1432 1713 te
1448 1685 1572 1713 laudibus
1585 1684 1748 1712 exaltamus.

1082 1746 1085 1749 ~
1119 1731 1195 1760 Mons
1210 1731 1267 1764 Dei,
1282 1738 1314 1758 es
1331 1737 1385 1766 quo
1399 1729 1507 1758 Veritas
1523 1730 1723 1762 manifestatur,
1744 1733 1772 1756 tu
1792 1736 1832 1761 es,
1849 1734 1866 1755 ο

1084 1777 1167 1813 Virgo
1198 1776 1276 1812 137
1296 1781 1383 1809 casta,
1405 1776 1432 1803 in
1449 1783 1505 1811 quo
1520 1783 1583 1803 eum
1614 1774 1793 1802 inhabitasset
1809 1773 1864 1807 ille,

1084 1825 1132 1859 qui
1149 1829 1191 1852 est
1207 1822 1500 1857 incomprehensibilis,
1530 1821 1687 1849 hominibus
1717 1819 1804 1847 voluit
1825 1819 1866 1846 si-

1084 1869 1157 1896 milis
1173 1869 1230 1896 lieri
1248 1872 1357 1904 propter
1368 1875 1510 1895 excessum
1522 1866 1716 1894 misericordiae
1728 1872 1804 1893 suae:
1821 1864 1866 1891 cui

1084 1915 1226 1950 psallimus
1241 1923 1249 1942 :
1264 1914 1426 1941 Benedictus
1441 1921 1481 1945 es,
1499 1917 1551 1941 etc.

1120 1961 1200 1993 Ecce,
1216 1969 1232 1988 ο
1246 1961 1336 1988 anima
1355 1967 1426 1992 mea,
1444 1964 1520 1993 porta
1537 1958 1618 1989 lucis,
1630 1965 1691 1993 quae
1705 1965 1779 1986 nunc
1802 1965 1867 1993 ape-

1083 2007 1120 2034 rit
1133 2007 1224 2035 aditus
1239 2007 1403 2040 pmnitentiat
1420 2015 1427 2033 :
1441 2013 1505 2033 ecce
1519 2005 1625 2040 species
1654 2004 1753 2038 Jacob;
1784 2005 1867 2032 unica

1085 2052 1225 2080 hominum
1244 2052 1327 2079 tutela
1347 2058 1380 2080 ac
1391 2051 1514 2078 defensio
1529 2060 1535 2077 :
1553 2050 1650 2078 fesﬁna
1672 2058 1721 2086 per
1734 2051 1868 2078 interces-

1084 2098 1177 2126 siones
1190 2098 1264 2125 illius
1280 2097 1411 2132 consequi
1426 2096 1655 2124 miscricordiam.

1119 2144 1306 2179 Agnoscentes
1329 2149 1366 2175 te.
1381 2150 1398 2170 ο
1426 2142 1552 2175 Domina,
1579 2149 1642 2169 vere
1657 2141 1775 2169 lucidam
1807 2148 1867 2168 esse

1084 2191 1184 2218 nubent
1200 2189 1272 2217 Solis
1285 2189 1399 2223 iustitia!
1412 2196 1460 2223 per
1480 2193 1554 2215 tuam
1586 2187 1809 2215 intercessionem
1832 2187 1868 2214 ab

1084 2234 1290 2263 obscurissimis
1303 2233 1435 2266 tenebris,
1451 2237 1479 2260 et
1492 2232 1526 2259 ab
1540 2237 1641 2259 aeterno
1657 2231 1790 2267 supplicio
1801 2230 1869 2258 libe-

1085 2289 1189 2314 remur,
1207 2289 1224 2309 ο
1237 2281 1272 2308 ab
1287 2281 1362 2308 omni
1377 2287 1454 2307 naevo
1469 2279 1563 2307 libera.
1714 2286 1717 2289 '

1089 2351 1140 2378 Ἐκ
1159 2350 1212 2378 τοῦ
1227 2350 1359 2382 Κανόνος
1379 2350 1422 2381 εἰς
1447 2348 1501 2375 τὸν·
1518 2348 1606 2383 ἅγιον
1635 2345 1741 2382 Θωμᾶν
1761 2346 1869 2383 tt}th

1118 2386 1158 2419 τῷ
1173 2385 1302 2418 Halani),
1313 2385 1362 2412 καὶ
1374 2384 1432 2418 τὴν
1447 2384 1536 2419 ἁγίαν
1550 2382 1687 2418 μάρτυρα
1701 2382 1867 2416 Κιιριακὴν,
1905 2405 1908 2410 λ

1116 2422 1211 2456 ἡμέρᾳ
1227 2420 1259 2452 ζ’.

1121 2478 1235 2515 Ῥύμην,
1250 2478 1330 2512 ἁγνὴ,
1344 2476 1391 2504 τοῦ
1410 2476 1527 2503 θανάτου
1543 2474 1702 2506 ἁνέστειλας
1716 2474 1867 2506 ἀθανασίας

1082 2527 1212 2563 πρόξενον
1226 2524 1344 2561 Χριστὸν
1360 2525 1495 2559 κυήσασα,
1513 2521 1543 2548 ὃν
1561 2521 1575 2548 ὸ
1590 2520 1656 2556 ᾅδης
1673 2519 1788 2547 θανέντα
1805 2520 1868 2556 βου-

1083 2573 1161 2608 λήσει
1177 2571 1287 2607 ἑκουσίᾳ
1306 2569 1367 2597 ἰδὼν
1379 2569 1539 2604 ὲτρόμαξεν.

1120 2619 1221 2654 Σοφίαν
1235 2617 1282 2644 τοῦ
1300 2617 1367 2644 Θεοῦ
1385 2616 1435 2652 τὴν
1450 2614 1633 2641 ἐνυπόστατον
1648 2612 1779 2646 τεκοῦσα,
1793 2614 1868 2647 Ιῐαρ-

1082 2665 1154 2698 θένε,
1167 2664 1215 2692 τοῦ
1229 2663 1355 2698 σοφιστοῦ
1373 2671 1407 2698 με
1419 2662 1470 2696 τῆς
1485 2660 1586 2692 κακίας
1599 2659 1772 2696 ὲκλύτρωσον
1785 2668 1864 2695 μεσι-

1080 2711 1140 2747 τείᾳ
1159 2720 1216 2742 σου,
1237 2710 1305 2746 μόνη
1322 2708 1522 2744 παναμώμητε.

1122 2756 1216 2783 Ῥῦσαι
1234 2755 1323 2789 πάσης
1333 2755 1482 2786 κακώσεως
1496 2754 1542 2781 τοῦ
1557 2753 1715 2790 δυσμενοῦς,
1732 2752 1866 2788 Παρθένε,

1085 2803 1150 2835 τοὺς
1164 2802 1268 2834 εἰδότας
1281 2801 1389 2838 ἀληθῶς
1404 2801 1472 2828 Θεοῦ
1490 2809 1519 2828 σε
1538 2800 1656 2837 μητέρα,
1672 2800 1807 2834 πάναγνε.

282 2920 383 2955 (ti-5"")
404 2921 453 2950 Hic
466 2931 552 2951 canon
564 2931 626 2951 cum
643 2923 766 2958 sequenti
780 2923 858 2951 deest
870 2923 898 2952 in
918 2922 1029 2951 Menaeis
1047 2923 1200 2958 impressis.
