2069 3159
213 187 280 220 1H!

937 186 1119 218 MARIALE.

1765 184 1833 212 1H2

250 242 380 274 Ἔλυσας,
411 241 538 277 ἄχραντε,
555 241 610 268 τῶν
636 241 816 277 προπατόρων
840 242 889 277 τὴν
916 242 997 277 ἀρὰν,

1087 239 1256 271 Dissolvisti,
1279 247 1296 266 ο
1321 239 1493 270 intemerata,
1510 237 1660 272 primorum
1690 242 1834 271 parentum

217 287 316 319 τέΞασα
329 287 394 314 ἄνευ
410 287 522 322 σαρκὸς,
539 287 637 322 σεμνὴ,
652 288 812 322 θελημάτων
834 289 880 314 τὸν
907 288 996 314 πάντα

216 333 252 368 τῷ
268 332 350 360 αὑτοῦ
366 332 498 368 θελήματι
510 333 575 369 θείῳ
588 333 683 368 σαφῶς
696 334 879 361 οὺσιώσαντα.

252 424 370 452 Βασιλέα
384 425 511 460 κυήσασα
528 426 646 461 Χριστὸν
661 423 759 462 οἷάπερ
774 425 928 461 βασίλισσα,
940 428 998 452 Oso-

217 471 360 507 χαρίτωτε,
376 472 438 502 τοὺς
451 472 498 498 ἐπὶ
513 471 555 498 σοὶ
575 472 792 508 προστρέχοντας
812 472 934 508 οὐρανῶν
949 472 998 507 βα-

217 516 318 548 σιλείας
327 516 453 548 ἀξίωσον.

257 562 288 588 Ὃ
309 562 390 596 μόνος
404 561 470 593 Θεδς
484 562 567 597 μόνην
582 559 646 598 εὗρε
663 562 786 598 καθαρὰν
803 563 853 597 τὴν
869 563 920 597 σὴν
945 570 998 597 γα-

217 607 313 642 στέρα.
327 608 385 636 xui;
398 607 571 642 σωματοῦται
596 608 644 635 καὶ
675 608 837 643 γνωρίζεται
858 608 1001 643 ἄνθρωπος

219 653 313 685 σώζων
324 652 370 679 τδν
383 653 525 689 ἄνθρωπον
535 659 543 668 ‘
557 654 618 681 ὅθεν
633 654 670 685 ὼς
689 654 779 680 καλῶν
797 663 826 680 σε
842 655 930 681 αἰτίαν
942 654 1002 681 επι-

218 696 346 732 στάμενοι
356 696 508 732 ψάλλομεν·
524 697 699 734 Εὐλογημένη
715 700 733 734 ή
743 699 810 726 Θεῇν
834 699 925 734 σαρκὶδ
936 699 1002 734 κυή-

219 751 301 770 σασα.

257 787 288 814 '0
306 788 467 823 ὑπερούσιος
495 789 560 821 Θεὸς
574 790 692 825 οὑσιώθη
712 791 773 818 καθ’
796 791 869 826 ἡμᾶς
882 793 914 818 ἐκ
942 793 1001 825 σοῦ,

220 832 354 867 Παρθένε,
364 833 411 859 καὶ
424 833 520 869 ὡράθη
530 834 567 866 ὡς
582 834 681 869 βρέφος
696 837 710 862 ὁ
723 835 775 869 πρὸ
784 836 889 863 αἰώνων
903 837 1004 872 Πατέρι

219 878 266 904 καὶ
281 878 345 913 Θείῳ
359 879 538 915 συνυπάρχων
558 880 697 916 Πνεύματι
708 890 715 896 ·
730 881 791 908 ὅθεν
805 882 842 914 ὡς
865 883 946 909 αὑτοῦ
974 891 1003 909 σε

219 922 366 959 δοξάζομεν
379 924 496 960 μητέρα.

255 1013 469 1046 dim-rewards“;
482 1013 608 1050 λαμπάσι
625 1015 672 1042 τοῦ
693 1015 726 1042 ὲκ
741 1015 788 1043 σοῦ
805 1017 1003 1051 σαρκωθέντος,

222 1058 343 1093 Παρθένε
359 1060 492 1094 παναγία,
504 1060 574 1096 ὑπὲρ
586 1060 647 1088 νοῦν
658 1061 683 1088 οἱ
695 1061 827 1089 Θεοτόκον
838 1062 940 1094 ειδότες
970 1070 1000 1089 σε

221 1105 397 1140 φωτιζόμεθα
408 1106 510 1140 πίστει,
524 1107 572 1134 καὶ
597 1107 710 1139 σκότους
733 1107 937 1144 ὲκλυτρούμεθα
951 1117 1004 1135 πα-

221 1151 288 1183 θῶν.
301 1153 348 1180 καὶ
365 1153 473 1181 πάντων
497 1154 628 1181 κινδύνων
647 1155 694 1181 καὶ
705 1155 795 1191 πάσης
806 1155 1004 1190 περιστάσεως.

1021 912 1040 939 Β
1053 928 1106 955 ritu
1134 912 1226 954 divino
1245 912 1260 953 ﬁ:

1049 287 1280 317 maledictionem,
1294 293 1355 312 cum
1366 285 1493 319 peperisti
1506 284 1566 311 sine
1578 284 1719 310 voluntate
1729 283 1833 313 carnis.

1049 341 1066 361 ο
1085 333 1251 364 veneranda,
1273 332 1347 358 illum
1377 331 1423 365 qni
1443 330 1584 357 voluntate
1601 337 1650 356 sua
1667 329 1757 356 divina
1777 336 1836 355 ma-

1050 379 1148 408 nifeste
1162 379 1290 407 universa
1308 377 1447 410 produxit.

1085 425 1108 452 Ο
1127 426 1183 453 Deo
1199 424 1366 460 gratissima,
1383 430 1446 458 qum
1470 429 1560 455 regem
1586 421 1726 447 Christum
1752 427 1835 454 pepe-

1050 471 1121 502 risti.
1138 475 1231 505 utpote
1247 470 1341 504 regina
1354 490 1361 501 ,
1379 475 1437 500 eos,
1455 467 1501 502 qui
1530 467 1563 494 ad
1579 472 1604 494 te
1618 471 1774 497 recurrunt,
1796 466 1838 492 di-

1051 524 1119 552 gnos
1136 517 1178 544 fac
1186 516 1260 551 regni
1275 515 1419 542 cmlorum.

1087 562 1170 593 Deus,
1190 561 1236 596 qui
1252 565 1294 588 est
1309 560 1397 590 solus,
1418 559 1505 587 solum
1522 562 1629 585 uterum
1650 560 1725 583 tuum
1740 563 1837 591 purum

1053 608 1167 638 invenit,
1184 611 1211 634 et
1228 610 1393 641 corporatus
1419 610 1472 637 est,
1488 609 1515 631 et
1541 603 1648 637 agnitus
1676 603 1758 629 homo
1785 602 1838 629 sal-

1052 661 1119 681 vans
1135 653 1272 680 hominem
1290 661 1296 679 :
1313 651 1385 678 unde
1398 656 1425 678 te
1448 655 1578 684 tanquam
1607 656 1718 675 causam
1751 647 1838 675 bono—

1053 707 1113 726 rum
1133 702 1324 734 agnoscentes,
1355 697 1496 732 psallimus
1521 702 1528 722 :
1549 695 1697 722 Benedicta
1724 699 1764 726 tu,
1779 702 1839 728 qua:

1054 745 1138 772 Deum
1152 745 1178 771 in
1192 751 1275 771 carne
1290 743 1432 777 peperisti.

1090 790 1170 825 138
1187 788 1465 824 Snpersubstantialis
1482 787 1554 815 Deus
1568 786 1723 814 substantia
1742 790 1838 812 nostra

1055 835 1144 863 factus
1158 839 1200 862 est
1225 843 1257 862 ex
1279 840 1313 865 te,
1340 843 1355 861 ο
1385 835 1478 868 Virgo,
1503 837 1531 860 et
1557 833 1683 867 apparuit
1710 837 1839 866 tanquam

1056 881 1157 914 infans,
1172 881 1216 908 ille
1235 881 1281 915 qui
1298 885 1359 907 ante
1372 880 1471 907 saecula
1483 883 1525 906 est
1550 886 1612 906 eum
1634 878 1716 905 Patre
1732 883 1758 905 et
1781 877 1842 911 Spi-

1287 934 1373 962 quare
1401 931 1531 961 tanquam
1566 925 1640 952 illius
1673 929 1788 951 matrem
1816 928 1842 950 te

1059 973 1254 1008 glorificamus.

1095 1020 1285 1048 Lucidissimis
1309 1019 1479 1053 lampadibus
1506 1018 1596 1049 illius,
1622 1018 1668 1052 qui
1698 1024 1732 1045 ex
1759 1021 1802 1048 te,
1827 1024 1843 1043 o

1058 1067 1141 1101 Virgo
1155 1065 1339 1097 sanctissima,
1356 1072 1438 1100 supra
1449 1064 1549 1091 mentis
1559 1068 1669 1098 captum
1684 1063 1843 1090 incarnatus

1057 1116 1116 1144 est,
1144 1120 1205 1143 nos,
1229 1111 1276 1146 qui
1292 1115 1318 1138 te
1336 1110 1480 1144 Deiparam
1510 1109 1626 1137 fideliter
1647 1109 1844 1144 agnoscimus,

1057 1157 1245 1185 illuminemur
1259 1177 1266 1188 ,
1281 1161 1308 1183 et
1323 1164 1338 1183 a
1360 1156 1480 1183 tenebris
1510 1155 1669 1191 passionum
1681 1175 1688 1188 ,
1715 1155 1845 1189 omnique

1057 1202 1179 1237 periculo
1195 1206 1277 1237 atque
1291 1202 1457 1229 adversitate
1474 1200 1633 1228 liberemur.

569 1264 610 1292 Ea:
622 1264 728 1293 Canone
740 1266 769 1293 in
789 1265 838 1294 SS.
864 1266 1066 1301 Patermutium,
1080 1275 1105 1297 et
1128 1270 1254 1304 Caprum,
1285 1269 1326 1296 die
1341 1268 1358 1296 9
1376 1267 1497 1303 (65"'“).

259 1320 390 1349 Mortiﬁca
412 1322 503 1350 cordis
524 1323 577 1350 mei
603 1323 772 1357 aﬂ‘ectiones,
789 1329 829 1357 tu,
846 1333 907 1360 qua:
922 1326 1005 1353 vitam

224 1371 346 1394 nostrain
370 1367 509 1395 Christum
535 1368 710 1397 ineﬂ'abiliter
732 1370 878 1405 peperisti,
893 1379 909 1398 ο
923 1370 1007 1406 Virgo

225 1413 356 1447 nuptialis
369 1413 480 1442 thalami
493 1415 596 1449 nescia,
611 1422 672 1451 spes
690 1423 785 1443 corum
803 1416 849 1451 qui
862 1422 1008 1445 recurrunt

226 1460 258 1485 :ttl
271 1462 306 1486 te.

261 1504 283 1533 0
296 1510 374 1540 porta
390 1507 530 1540 salutaris,
550 1507 717 1542 paenitentiae
728 1511 832 1544 portas,
856 1513 949 1543 utpote
961 1510 1008 1537 be-

227 1551 308 1587 nigna
324 1553 484 1587 proteetrix,
499 1554 573 1588 aperi
585 1554 666 1586 mihi,
697 1558 724 1582 et
749 1561 764 1581 a
789 1555 891 1589 peccati
923 1557 1009 1591 portis

226 1597 312 1624 libera
326 1605 380 1630 me,
398 1598 556 1626 custodiens
576 1607 619 1626 me
632 1599 723 1626 divina
734 1600 852 1634 potentia
864 1605 921 1628 tua.

261 1644 367 1679 Corpus
382 1645 487 1680 accepit
505 1652 539 1672 ex
555 1645 708 1672 visceribus
723 1645 778 1673 tuis
794 1646 866 1673 Deus
878 1645 1008 1681 Verbum,

227 1696 243 1715 ο
260 1689 306 1717 Dei
321 1689 437 1724 genitrix
454 1690 553 1725 puella,
569 1694 596 1717 ct
612 1693 642 1716 ut
657 1689 749 1717 infans
764 1691 841 1719 visus
854 1696 906 1725 est,
930 1693 1021 1720 exbi-~

227 1735 294 1763 Lens
312 1735 446 1763 universis
458 1735 646 1763 admirandam
665 1743 697 1763 ac
713 1741 825 1771 stupore
837 1738 945 1772 plenam
959 1746 1002 1767 re-

227 1782 441 1817 generationem.

264 1827 310 1855 Ille
325 1827 372 1863 qui
384 1832 443 1854 erat
455 1827 680 1862 perfectissimus,
696 1827 784 1856 factus
807 1828 890 1855 homo
915 1836 948 1855 ex
974 1833 1009 1861 te,

227 1873 339 1909 oVirgo
360 1874 486 1909 innupta,
517 1878 674 1909 corruptam
699 1874 840 1902 hominum
863 1876 1009 1902 essentiam

226 1919 373 1948 deitieavit.

263 1965 420 1994 lucessabili
438 1973 504 1994 voce
520 1966 552 1994 ad
568 1972 593 1994 te
606 1966 775 1994 clamamus:
796 1964 900 1998 Gaude,
930 1974 946 1994 ο
969 1966 1010 1993 io-

233 2055 284 2082 Ἐκ
301 2054 354 2082 τοῦ
366 2055 498 2087 Κανόνος
510 2055 554 2086 είς
571 2053 644 2086 τοὺς
657 2053 760 2088 ἁγίους
772 2054 924 2088 μάρτυρας
938 2054 1011 2088 Πρό-

368 2091 444 2116 κλον
456 2089 507 2116 καὶ
526 2089 692 2123 Ἰλαριωνα,
713 2088 808 2123 ἡμέρᾳ
823 2088 869 2124 ιβ’.

267 2157 314 2184 Τὸν
330 2156 386 2184 τῶν
407 2156 496 2183 ἀκοῶν
510 2156 559 2191 τῆς
586 2155 761 2191 προμήτορος
786 2154 858 2187 Εὔας
890 2155 1011 2192 Γαϐριὴλ

228 2212 269 2229 σοι
285 2202 455 2238 προσφωνῶν
482 2201 512 2229 τὸ
535 2202 622 2237 Χαῖρε
646 2201 754 2236 ἀληθῶς
778 2201 924 2234 ἐξετίναξε,
963 2202 1011 2228 Δέ-

227 2257 244 2275 σ
254 2248 408 2283 πηνα-μόνη
416 2248 470 2284 γὰρ
480 2248 525 2275 τὸν
534 2246 681 2282 ἀναιρέτην
691 2247 740 2282 τῆς
756 2246 855 2278 κακίας
867 2246 912 2273 τοῦ
923 2246 1006 2282 ὖφεως

1062 2259 1126 2279 vere
1151 2251 1249 2285 ejccit,
1266 2258 1283 2277 o
1308 2250 1421 2277 Domina
1447 2259 1454 2277 ς

227 2294 298 2329 ὑπὲρ
315 2293 376 2320 νοῦν
389 2301 419 2320 τε
435 2293 482 2320 καὶ
491 2292 570 2328 λόγον
582 2291 714 2328 ὲκύησας.

264 2389 361 2422 Λῦσον,
390 2388 523 2424 Παρθένε,
550 2388 597 2416 τὸν
621 2388 720 2424 δεσμὸν
748 2387 803 2415 τῶν
828 2386 921 2415 κακῶν
947 2395 1010 2422 μου,

230 2434 376 2461 συνδέουσα
400 2436 433 2470 τῇ
459 2434 560 2469 στοργῇ
585 2442 618 2468 με
655 2432 703 2460 τοῦ
727 2433 760 2459 ἐκ
784 2431 832 2459 σοῦ
870 2432 1013 2467 τεχθέντος

229 2481 327 2515 Λόγου,
344 2480 570 2516 πανάμωμε,καὶ
594 2479 681 2506 σῶσόν
708 2487 753 2514 με,
781 2479 926 2511 Δέσποινα,
948 2479 1009 2510 ταῖς

230 2526 346 2558 ἱκεσίαις
360 2535 418 2554 σου.

203 2575 219 2600 ’1
265 2571 411 2607 Συντριϐὲν
422 2572 456 2606 τῇ
472 2569 627 2606 παραϐάσει
638 2569 692 2596 τῶν
706 2568 805 2604 χειρῶν
819 2577 866 2596 σου
882 2569 913 2596 τὺ
928 2569 1009 2605 ποίη-

231 2627 269 2653 μα
283 2617 489 2652 κατοικτείρων,
502 2617 583 2651 Λόγε,
603 2617 711 2651 μήτραν
724 2615 911 2651 ἁπειρὸγαμον
937 2616 1012 2652 ᾠκη-

230 2672 292 2697 σας,
307 2663 355 2690 καὶ
366 2664 395 2690 ὲν
409 2663 469 2689 δυσὶ
484 2663 543 2694 ταῖς
563 2662 667 2693 οὐσίαις
683 2662 881 2698 προελήλυθας,
904 2663 1010 2698 ἀφθαρ-

230 2709 293 2742 σίας
309 2709 438 2741 καινίζων
450 2709 527 2740 6δοὺς
543 2709 600 2740 τοῖς
612 2707 695 2735 εἰδόσι
709 2716 750 2736 σε.

267 2805 315 2838 Τις
333 2805 444 2833 δύναται
459 2803 490 2831 τδ
504 2803 550 2831 σδν
573 2802 740 2839 ἑρμηνεῦσαι
757 2803 919 2840 μυστήριον,
935 2800 957 2831 ὦ
969 2803 1016 2830 Δέο

267 2894 369 2929 (erm)
384 2893 486 2922 Menaaa
498 2901 552 2921 non
565 2893 674 2922 habent.

1061 1329 1288 1357 temeratissima:
1311 1327 1439 1363 gaudium
1466 1325 1539 1353 enim
1557 1324 1679 1352 onmium
1706 1323 1845 1352 Christum

1061 1375 1198 1409 genuisti;
1225 1379 1306 1409 atque
1336 1374 1491 1402 universum
1527 1372 1622 1407 prima:
1644 1372 1739 1398 matris
1779 1370 1839 1398 Eva:

1061 1427 1208 1447 mcerorem
1224 1419 1359 1454 eﬂugasti.

1097 1465 1167 1493 Ecce
1179 1466 1249 1492 Area
1267 1465 1311 1492 illa
1325 1464 1421 1500 legalis
1436 1463 1627 1499 praefigurabat
1644 1467 1750 1489 uterum
1767 1465 1843 1489 tuum

1062 1512 1246 1540 continentem
1274 1510 1371 1538 Manna
1395 1510 1534 1537 Christum
1550 1517 1641 1536 eseam
1661 1513 1796 1540 nostram,
1830 1516 1847 1534 ο

1064 1556 1110 1584 Dei
1126 1557 1242 1592 geniti-ix
1255 1557 1312 1584 sola
1328 1561 1414 1589 easta,
1430 1555 1582 1583 benedicta.

1023 1592 1046 1623 (ἶ
1097 1602 1181 1630 Casiis
1196 1602 1339 1630 sublimior
1354 1601 1514 1636 apparuisti,
1531 1601 1595 1627 dum
1612 1599 1731 1626 Verbum
1750 1598 1846 1630 Deum,

1061 1647 1108 1682 qui
1125 1654 1175 1674 nos
1186 1647 1219 1673 ad
1232 1646 1360 1673 sublimia
1378 1646 1479 1678 evexit,
1495 1645 1637 1680 peperisti,
1650 1651 1730 1678 quem
1750 1651 1847 1678 super-

1061 1691 1163 1719 exaltat
1181 1691 1269 1719 omnis
1292 1691 1416 1726 spiritus,
1446 1695 1576 1725 tanquam
1601 1689 1685 1716 Deum
1711 1695 1846 1720 nostrum,

1061 1739 1089 1765 in
1105 1738 1213 1766 saecula.

1096 1783 1177 1811 Lucis
1199 1787 1252 1810 tua:
1279 1782 1362 1810 radiis
1387 1781 1520 1814 illumina,
1543 1788 1561 1808 ο
1581 1780 1685 1815 Sponsa
1707 1780 1772 1811 Dei,
1787 1780 1848 1807 ani-

1061 1836 1133 1856 mam
1149 1836 1248 1860 meam,
1265 1828 1344 1863 139
1358 1828 1384 1854 in
1399 1827 1532 1855 socordia:
1546 1826 1682 1862 profundo
1694 1826 1845 1862 iacentem;

1060 1881 1187 1909 exsurge,
1201 1880 1283 1909 atque
1296 1875 1389 1902 hostes
1404 1874 1534 1908 proturba
1549 1881 1582 1901 ac
1597 1873 1694 1908 dejicc,
1713 1872 1759 1907 qui
1772 1880 1846 1899 sem-

1060 1927 1109 1955 per
1123 1920 1250 1947 divcxant
1263 1927 1312 1946 cor
1331 1927 1434 1950 meum.
1449 1924 1476 1946 et
1494 1919 1528 1946 ad
1548 1919 1675 1946 libidines
1693 1925 1768 1946 meas
1796 1926 1840 1945 sc-

1062 1966 1176 1993 ctandas
1191 1965 1332 2000 impellunt
1348 1973 1399 1992 me.

1062 2052 1105 2080 ΕΞ
1120 2053 1224 2082 Catiane
1241 2054 1268 2081 in
1283 2053 1348 2088 festo
1363 2053 1413 2081 SS.
1429 2058 1576 2089 martyrum
1596 2053 1695 2086 Procli,
1718 2056 1743 2079 et
1767 2051 1848 2079 Hila-

1344 2089 1438 2121 rionis,
1456 2089 1497 2116 die
1526 2089 1567 2116 12.

1099 2157 1238 2184 Venenum
1251 2178 1258 2189 ,
1277 2157 1350 2192 quod
1377 2157 1464 2192 prima
1482 2161 1569 2184 mater
1592 2156 1645 2183 Eva
1666 2156 1780 2183 auribus
1797 2163 1847 2182 au-

1062 2203 1162 2231 diendo
1187 2203 1347 2235 imbiberat,
1369 2203 1477 2230 Gabriel
1505 2203 1575 2236 tibi,
1600 2204 1672 2234 Ave,
1693 2202 1848 2229 acclamans

1479 2253 1507 2277 tu
1522 2249 1596 2277 enim
1620 2249 1678 2276 sola
1697 2249 1846 2276 ablatorcm

1064 2297 1175 2324 malitiae
1189 2297 1323 2331 serpentis
1345 2303 1427 2331 supra
1446 2295 1536 2323 omnis
1551 2294 1725 2330 cogitationis
1741 2302 1772 2322 ac
1786 2302 1846 2322 ser-

1064 2343 1154 2370 monis
1167 2348 1275 2378 captum
1292 2342 1430 2377 peperisti.

1102 2389 1233 2421 Dissolve,
1259 2397 1274 2416 ο
1298 2389 1391 2424 Virgo,
1410 2395 1535 2416 catenam
1558 2387 1693 2415 malorum
1713 2395 1848 2419 meorum,

1065 2437 1197 2470 colligans
1214 2444 1257 2463 me
1272 2443 1366 2462 amore
1381 2434 1473 2467 Verbi,
1486 2434 1558 2469 quod
1575 2441 1608 2460 ex
1632 2437 1668 2465 te,
1691 2440 1707 2460 ο
1728 2433 1851 2459 rotundis-

1063 2483 1145 2515 sima,
1160 2487 1253 2510 natum
1267 2489 1308 2510 est
1321 2491 1328 2509 :
1340 2487 1367 2509 et
1377 2481 1482 2509 salvum
1496 2488 1539 2508 me
1553 2480 1606 2514 fac,
1618 2488 1635 2508 ο
1649 2479 1774 2512 Domina,
1790 2487 1850 2514 prc-

1064 2529 1143 2557 cibus
1162 2529 1227 2556 luis.

1099 2574 1274 2602 Confractum
1289 2574 1324 2601 ob
1349 2573 1612 2609 transgressionem,
1637 2579 1706 2608 opus
1720 2579 1849 2599 manuum

1066 2624 1174 2647 tuarum
1194 2619 1407 2651 commiserans.
1436 2627 1453 2647 ο
1470 2618 1608 2650 Verbum,
1633 2623 1739 2646 uterum
1765 2616 1851 2643 virilis

1068 2666 1172 2700 copulae
1184 2666 1305 2693 nescium
1326 2665 1466 2698 babitasti,
1482 2669 1509 2692 et
1527 2665 1553 2692 in
1571 2664 1677 2691 duabus
1690 2662 1852 2690 substantiis

1069 2711 1242 2747 processisti,
1269 2719 1403 2739 renovans
1427 2711 1486 2738 vias
1511 2708 1723 2738 immortalitatis
1740 2707 1852 2735 scienti-

1070 2757 1120 2784 bus
1137 2762 1173 2783 te.

1106 2801 1173 2835 Quis
1189 2806 1264 2830 tuum
1279 2802 1365 2830 valeat
1376 2802 1510 2838 explicare
1524 2798 1694 2835 mysterium,
1708 2804 1725 2824 ο
1739 2795 1853 2824 Domina
