2069 3159
311 196 320 229 l
329 196 375 230 ιη

869 199 899 229 S.
920 197 1076 228 JOSEPHI
1097 195 1377 227 HYMNOGRAPHI

1859 197 1930 226 1128

344 256 512 284 Acutissima
529 256 733 284 intercessionis
750 261 802 284 tua:
825 257 904 288 falce,
931 260 1054 291 amputa,
1076 263 1109 291 ο,

1180 255 1349 292 Προρρίζους
1362 253 1399 289 τῷ
1415 252 1541 290 τμητικῷ
1565 261 1612 279 σου
1633 252 1760 288 δρεπάνῳ
1792 253 1840 287 τῆς
1862 261 1930 288 πρε-

313 302 410 337 ρωειιθ,
422 309 436 327 a
449 301 587 329 radicibus
599 309 696 336 pravas
707 302 888 337 cogitationes
899 302 998 328 anima:
1013 309 1094 334 mete;

314 354 407 380 .neqne
431 346 604 374 fructiferqu
626 347 718 381 redde,
738 356 851 383 precor;
876 347 1001 375 omnium
1021 347 1095 374 enim

312 393 439 420 Satorem
455 393 549 426 Deum,
563 398 590 420 et
603 393 773 422 Salvatorem
794 394 934 429 peperisti.

349 480 448 508 Verbis
472 481 527 509 tuis
551 482 727 515 inhaerentes,
751 491 846 510 omnes
863 483 1053 517 generationes
1072 489 1100 512 te

316 527 420 554 beatam
435 527 563 560 dicimus,
576 534 592 554 ο
605 528 704 561 puella.
718 528 787 555 beati
801 528 847 556 Dei
860 534 971 556 matrem
987 529 1099 563 factam,

313 572 363 608 qui
379 573 521 601 credentes
537 574 563 600 in
577 581 617 607 se,
634 573 700 601 facit
710 581 771 602 esse
784 574 889 602 beatos.

353 658 533 691 Verbum'ex
558 663 824 692 immaculatissimis
847 665 1024 699 sanguinibus
1048 665 1105 693 tuis

320 708 507 740 incarnatum,
524 716 539 735 ο
559 709 646 744 puella
663 709 849 741 immaculata,
872 717 918 737 eos
936 710 983 744 qui
1001 711 1033 737 ad
1064 711 1103 738 ir-

320 754 582 782 rationabilissimas
606 754 697 781 carnis
715 755 857 790 passiones
873 760 937 782 ante
951 755 1104 790 propende-

320 803 395 830 raut.
407 799 498 826 divina
512 799 626 826 scientia
638 799 790 832 deiﬁcavit;
808 800 869 827 ideo
878 807 928 827 nos
942 799 1008 826 illud
1024 807 1105 834 supe-

319 845 488 873 rexaltamus
505 845 532 872 in
548 845 640 872 omnia
661 846 771 872 saecula.

359 891 439 927 lu
455 891 592 923 illumiua.
607 899 623 918 ο
640 896 716 926 porta
730 891 810 922 lucis,
828 891 948 918 animam
964 898 1052 918 meam
1071 891 1106 918 ab

1149 302 1242 333 σὸείας
1259 300 1437 335 ἐναπόκοψον,
1458 299 1538 334 κόρη,
1560 299 1623 331 τοὺς
1637 298 1771 334 πονηροὺς
1785 299 1931 333 λογισμοὺς

1147 349 1197 382 τῇς
1207 347 1297 382 ψυχῆς
1312 356 1374 382 μου,
1390 346 1438 372 καὶ
1459 345 1634 381 καρποφόρον
1645 344 1800 377 ἀνάδειξον,
1813 345 1908 379 δέομαι
1922 352 1929 358 ·

1149 391 1276 418 ἁπάντων
1293 392 1347 427 γὰρ
1364 392 1409 418 τὸν
1426 391 1578 427 φυτουργὸν
1590 390 1646 425 ,τὸν
1662 389 1729 417 Θεὸν
1743 389 1791 416 καὶ
1811 389 1927 425 Σωτῆρα

1149 436 1280 471 ἔκύησας.

1191 482 1310 518 Ῥήμασι
1333 483 1389 514 σοῖς
1404 480 1614 513 ἀκολουθοῦντες
1635 479 1825 516 μακαρίζομεν
1841 481 1934 514 γενεαὶ

1151 528 1249 560 πᾶσαι,
1273 527 1352 562 κόρη.
1374 527 1509 562 μακαρίου
1536 526 1604 553 Θεοῦ
1619 526 1734 562 Μητέρα
1763 535 1793 552 σε
1820 526 1935 561 δειχθεῖ-

1153 582 1213 606 σαν,
1231 574 1294 606 τοὺς
1316 575 1356 606 εἰς
1379 573 1461 600 αὐτὸν
1483 572 1662 604 πιστεύοντας
1682 572 1834 608 μακαρίους
1855 573 1936 599 ἐκτε-

1152 619 1261 646 λοῦντα.

1189 665 1346 700 Σαρκωθεὶς
1371 665 1386 691 ὁ
1407 664 1493 698 Λόγος
1522 664 1554 690 ὲκ
1579 663 1634 690 τῶν
1661 663 1860 699 παναχράντων
1887 671 1936 689 σου

1154 711 1288 746 αἱμάτων,
1309 710 1390 746 κόρη,
1409 711 1472 741 τοὺς
1495 709 1710 744 προνενευκότας
1734 709 1803 743 πρὸς
1816 708 1850 735 τὰ
1875 708 1937 735 ἁλο-

1155 756 1264 791 γώτατα
1278 755 1329 790 τῆς
1343 755 1444 790 σαρκὸς
1458 755 1544 789 πάθη,
1570 754 1719 788 ἑπιγνώσει
1733 754 1794 790 θείᾳ
1809 754 1937 785 ὲθέωσεν,

1156 801 1285 837 ἄχραντε,
1301 801 1330 827 ὃν
1345 799 1541 836 ὑπερνψοῦμεν
1554 800 1595 832 είς
1611 800 1716 831 πάντας
1728 799 1793 831 τοὺς
1807 799 1918 830 αἰῶνας.

1192 889 1321 921 Φώτισον,
1341 890 1413 925 πύλη
1427 889 1474 917 τοῦ
1485 889 1584 925 φωτὸς,
1599 889 1649 924 τὴν
1663 888 1870 924 τυφλώττουσαν
1885 887 1924 922 ψυ

319 935 465 963 affectibus
477 941 650 968 excaecatum,
659 936 803 972 pravisque
810 936 1023 971 cogitationibus
1032 936 1108 963 obte—

1161 936 1208 971 χήν
1225 944 1278 971 μου
1288 936 1344 967 τοῖς
1358 935 1468 968 πάθεσι,
1483 935 1531 962 καὶ
1550 936 1678 970 πονηροῖς
1692 935 1832 970 λογισμοῖς
1848 935 1940 970 ἀμαυ-

321 982 476 1015 nebratam,
486 991 518 1010 ac
533 984 732 1018 periclitantem
743 992 750 1016 ;
762 991 860 1018 meque
873 991 889 1010 a
901 983 1105 1015 tentationibus,

320 1029 460 1064 periculis,
473 1037 506 1057 ac
521 1029 743 1057 tribulationibus
759 1029 846 1064 eripe.
858 1034 888 1056 ut
901 1029 1050 1064 gloriﬁcem
1069 1033 1105 1062 te,

320 1075 441 1102 lldelium
455 1083 530 1110 spem
542 1083 575 1103 ac
587 1075 788 1103 fortitudinem.

322 1151 366 1179 Ea:
396 1151 502 1180 Conone
537 1153 566 1180 in
598 1151 931 1214 ferlod_S.‘6Athenogenis
970 1150 1108 1187 martyris,

682 1195 706 1214 te
759 1206 766 1214 .

682 1195 706 1214 ιε
722 1195 766 1214 10.

363 1262 478 1291 Verbum
494 1267 637 1296 aeternum,
654 1271 688 1290 ex
711 1263 890 1298 sanguinibus
907 1264 973 1295 tuis,
993 1270 1011 1291 ο
1026 1264 1109 1291 innu-

325 1315 381 1344 pta,
397 1317 506 1337 carnem
526 1309 639 1341 factum,
671 1317 753 1344 supra
767 1311 866 1337 mentis
880 1310 1009 1344 verbique
1033 1318 1110 1337 cont-

324 1355 546 1390 prehensionem,
567 1355 709 1390 peperisti.

361 1400 444 1428 C(elis
467 1400 611 1428 sublimior
628 1401 699 1429 facta
717 1409 757 1434 es,
780 1409 796 1427 ο
820 1406 905 1432 casta.
921 1406 948 1428 et
966 1397 1109 1436 Serapbim

325 1446 456 1478 sanctior,
471 1447 571 1481 quippe
587 1455 647 1481 qua:
663 1448 786 1474 omnium
804 1446 901 1482 Regem
914 1455 947 1475 ac
964 1447 1109 1474 Dominum

327 1499 410 1526 supra
423 1497 527 1519 naturae
540 1493 663 1519 ordinem
681 1493 820 1526 genueris.
975 1521 977 1523 .

361 1537 486 1571 IEqualis
498 1546 560 1565 cum
583 1538 711 1566 Genitore
734 1539 877 1573 potestatis
897 1546 928 1566 ac
942 1538 1047 1569 throni.
1063 1546 1108 1565 su-

297 1595 299 1597 -
326 1583 587 1618 persubslantialem
615 1585 778 1618 corporasti,
807 1592 823 1612 ο
845 1584 1107 1615 itnmaculatissima.

327 1629 375 1663 qui
399 1635 463 1656 cum
488 1630 644 1657 hominibus
663 1635 773 1665 propter
792 1638 870 1658 suam
895 1630 1109 1658 misericordiam

327 1678 506 1701 conversatus
521 1679 575 1701 CSI.

363 1719 479 1746 Matrem
509 1726 542 1746 ac
565 1718 705 1755 Virginem
731 1725 760 1748 te
782 1724 867 1748 totam
888 1724 1010 1749 sanctam
1029 1727 1113 1755 agno-

328 1769 456 1798 scentes,
481 1766 609 1793 concordi
631 1773 699 1794 voce
722 1770 749 1794 te
773 1773 947 1799 veneramur,
971 1771 1001 1794 et
1016 1765 1113 1793 devote

329 1810 438 1838 beatam
454 1811 633 1846 appellamus.

367 1855 508 1891 Tanquam
522 1855 708 1891 ;intelligibilis
727 1864 801 1890 arca,
824 1857 1007 1893 legislatorem
1021 1862 1115 1892 porta-

330 1901 365 1928 sti
381 1909 388 1928 :
406 1905 536 1937 tanquam
559 1902 671 1929 lucerna
686 1902 828 1937 splendida
851 1903 943 1930 lumen
961 1903 1090 1938 peperisti
1105 1911 1113 1930 :

331 1951 460 1981 tanquam
478 1947 554 1974 radix
571 1955 711 1983 nunquam
726 1948 837 1983 irrigata
856 1949 917 1976 vita:
931 1956 1083 1983 racemum,
1098 1957 1115 1976 ο

331 1993 460 2027 Deipara,
476 1993 626 2028 protulisti.

369 2037 501 2071 Verbum,
529 2039 601 2074 quod
631 2047 714 2074 supra
738 2039 815 2067 verbi
844 2040 1115 2075 comprehensionem

331 2083 472 2118 peperisti,
495 2091 512 2110 ο
536 2084 581 2111 Dei
600 2084 716 2118 genitrix
730 2084 826 2118 Maria,
847 2093 897 2120 pro
919 2086 998 2113 nobis
1021 2093 1116 2119 exora,

332 2128 380 2163 qui
401 2133 428 2156 te
447 2136 509 2156 cum
528 2128 582 2157 ﬁde
599 2129 800 2164 collaudamus,
823 2138 855 2158 ac
877 2131 1079 2165 beatiﬁcamus,
1096 2139 1113 2159 ο

333 2175 520 2203 immaculata.

369 2221 489 2250 Liberati
506 2230 555 2258 per
578 2227 615 2255 te,
640 2230 657 2250 ο
680 2223 930 2256 intemeratissima,
948 2223 982 2251 ab
1005 2223 1117 2259 antiquo

1159 981 1292 1016 ρωθεϊσαν
1310 982 1357 1008 καὶ
1380 981 1599 1014 κινδυνεύουσαν,
1613 982 1661 1008 καὶ
1673 980 1765 1013 ἐξελοῦ
1792 990 1826 1016 με
1848 989 1940 1016 πειρα-

1159 1027 1247 1062 σμῶν,
1283 1027 1415 1054 κινδύνων
1431 1027 1478 1055 καὶ
1491 1027 1618 1063 θλίψεων,
1636 1027 1680 1054 ῐνα
1702 1026 1806 1060 δοξάζω
1822 1034 1863 1058 σε,
1890 1026 1941 1061 τὴν

1158 1073 1254 1100 ἐλπίδα
1263 1073 1319 1101 τῶν
1333 1074 1438 1100 πιστῶν
1454 1074 1501 1101 καὶ
1515 1072 1691 1110 κραταίωμα.

1164 1151 1213 1178 Ἐκ
1222 1150 1276 1178 τοῦ
1300 1150 1433 1182 Κανόνος
1447 1150 1491 1183 εις
1502 1149 1556 1176 τὸν
1568 1149 1655 1184 ἅγιον
1667 1148 1804 1184 μάρτυρα
1823 1149 1941 1183 Ἀθηνο-

1405 1185 1507 1220 γένην,
1522 1184 1617 1219 ἡμέρᾳ
1637 1187 1686 1217 ις’.

1195 1262 1289 1297 Σάρκα
1305 1261 1488 1297 γεγενημένον
1502 1262 1535 1288 ὲκ
1548 1261 1602 1288 τῶν
1614 1261 1668 1288 σῶν
1684 1261 1817 1296 αἱμάτων,
1831 1261 1942 1296 ἀπειρό-

1159 1316 1242 1343 γαμε,
1257 1308 1303 1335 τὸν
1329 1307 1437 1335 αἰώνιον
1461 1307 1549 1342 Λόγον
1577 1307 1649 1342 ὑπὲρ
1673 1306 1736 1334 νοῦν
1755 1315 1786 1333 τε
1799 1307 1847 1333 καὶ
1863 1306 1944 1340 λόγον

1159 1353 1289 1389 ἔκύησας.

1196 1400 1308 1436 Ὠφθηςι
1332 1400 1466 1436 οὐρανῶν,
1497 1400 1579 1436 ἁγνὴ,
1607 1400 1772 1436 ὑψηλοτέρα,
1811 1400 1859 1426 καὶ
1876 1400 1944 1426 -τῶν

1160 1447 1286 1482 Σεραφὶμ
1302 1447 1346 1474 ἀεὶ
1367 1447 1516 1482 ἁγιωτέρα,
1534 1446 1572 1478 ὠς
1587 1446 1634 1473 τὸν
1659 1447 1786 1473 ἁπάντων
1807 1446 1945 1481 Δεσπότην

1161 1491 1207 1519 καὶ
1221 1491 1338 1518 Βασιλέα
1360 1491 1508 1527 ὑπερφυῶς
1530 1492 1734 1528 κυοφορήσασα.

1202 1536 1382 1571 Ἰσοδύναμον,
1403 1536 1548 1571 σύνθρονον
1566 1536 1605 1572 τῷ
1621 1537 1798 1572 γεγεννηκότι
1821 1537 1868 1563 τὸν
1882 1537 1945 1563 ὑπε-

1161 1581 1270 1617 ρούσιον
1296 1582 1492 1617 ἑσωμάτωσας,
1520 1583 1686 1618 πανάμωμε,
1714 1585 1771 1616 τοῖς
1794 1583 1898 1619 βροτοῖς
1913 1583 1946 1610 δι’

1160 1625 1251 1655 οἶκτον
1263 1628 1441 1664 ὁμιλήσαντα.

1197 1717 1315 1753 Μητέρα
1325 1718 1375 1745 καὶ
1385 1717 1524 1753 Παρθένον
1536 1718 1636 1751 ειδότες
1648 1727 1678 1746 σε
1690 1720 1827 1753 παναγίαν
1839 1720 1945 1756 συμφώ-

1161 1771 1215 1794 νως
1229 1763 1407 1798 γεραίρομεν,
1423 1764 1470 1790 καὶ
1486 1764 1608 1797 εὐσεϐῶς
1624 1764 1824 1800 μακαρίζομεν.

1206 1849 1250 1882 Ὠς
1258 1850 1340 1886 νοητὴ
1352 1850 1468 1883 κιϐωτὸς
1476 1851 1522 1878 τὸν
1528 1851 1675 1887 νομοδότην
1680 1851 1844 1885 ἐϐάστασας,
1854 1854 1949 1889 λυχνία

1167 1896 1206 1929 ὡς
1219 1898 1365 1932 φωταυγὴς
1377 1898 1408 1925 τὸ
1420 1897 1478 1932 φῶς
1488 1898 1660 1934 ἀπεκύησας,
1677 1899 1716 1931 ὡς
1733 1899 1796 1935 ῥίζα
1805 1900 1949 1932 ἀπότιστος

1165 1943 1215 1978 τῆς
1226 1943 1298 1979 ζωῆς
1311 1943 1357 1971 τὸν
1369 1944 1476 1980 βότρυν,
1488 1945 1615 1977 Θεοτόκε,
1627 1945 1842 1980 ἁνεΰλάστησας.

1204 2033 1252 2059 Ὃν
1273 2033 1437 2068 ἀπεκύησας
1451 2033 1538 2068 Λόγον
1567 2034 1639 2070 ὑπὲρ
1655 2035 1745 2070 λόγον,
1766 2035 1950 2071 Θεογεννῆτορ

1166 2079 1272 2112 Μαρία,
1297 2079 1367 2112 ὑπὲρ
1394 2080 1472 2115 ἡμῶν
1500 2080 1665 2113 ὲκδυσώπει,
1699 2081 1755 2108 τῶν
1788 2082 1892 2114 πιστῶς
1921 2091 1951 2108 σε

1168 2124 1335 2160 ὑμνούντων,
1357 2126 1404 2151 καὶ
1425 2125 1633 2160 μακαριζόντων
1649 2134 1690 2159 σε,
1707 2126 1837 2162 ἄχραντε.

1202 2211 1402 2247 Λυτρωθέντες,
1414 2196 1578 2249 πανάμωῇε,
1591 2213 1636 2240 διὰ
1644 2213 1703 2245 σοῦ,
1712 2214 1761 2249 τῆς
1768 2196 1887 2249 ἀρχαίας
1896 2215 1951 2241 τῶν

334 2267 486 2303 primorum
500 2273 643 2303 parentum
658 2269 753 2303 lapsu,
770 2269 816 2296 tibi
833 2269 995 2301 clamamus,
1008 2257 1079 2302 Ave;
1090 2276 1109 2297 οξ

1170 2257 1309 2291 προγόνων
1333 2258 1509 2292 ἐκπτώσεως,
1536 2259 1577 2292 τὸ,
1594 2260 1691 2294 Χαῖρε,
1710 2260 1752 2286 σοὶ
1770 2260 1890 2295 βοῶμεν,
1906 2261 1952 2287 καὶ

333 2320 397 2341 cum
415 2313 466 2341 ﬁde
487 2315 673 2349 gloriﬁcamus
687 2322 760 2348 eum,
783 2314 830 2350 qui
845 2322 893 2350 per
912 2319 937 2342 te
957 2322 1009 2342 nos
1024 2322 1039 2342 a
1054 2322 1117 2342 cor-

334 2361 459 2395 ruptione
475 2361 609 2389 liberavit.

369 2405 437 2434 Fers
454 2407 479 2433 in
495 2407 568 2434 ulnis
591 2407 674 2434 Deum
692 2407 822 2435 ferentem
839 2407 946 2439 omnia;
963 2405 1052 2433 nutris
1066 2414 1119 2433 nu-

334 2453 469 2486 tritorem,
493 2453 571 2489 145
589 2461 605 2480 ο
628 2458 716 2486 casta,
734 2454 811 2482 nobis
832 2454 949 2481 similem
973 2453 1116 2487 eﬂ‘ectum;

334 2506 417 2532 quem
431 2498 590 2533 deprecare.
604 2504 634 2526 ut
646 2507 661 2526 a
677 2500 783 2527 cunctis
801 2500 908 2535 asperis
923 2504 1006 2535 atque
1020 2499 1118 2526 adver-

334 2541 375 2570 sis
392 2542 488 2569 liberet
502 2543 632 2577 populum
648 2548 737 2570 tuum.

338 2620 378 2648 Ex
395 2621 502 2649 Conone
521 2622 550 2648 in
571 2621 638 2657 [esto
664 2621 695 2649 S.
716 2620 829 2649 Marino:
850 2622 986 2657 martyris,
1010 2621 1052 2649 die
1074 2621 1118 2649 Π.

373 2721 584 2757 Receptaculum
612 2729 697 2757 capax
712 2722 811 2751 divinae
833 2723 927 2759 gratiae
950 2722 1021 2750 facta
1046 2730 1087 2755 es.
1104 2729 1121 2750 ο

342 2769 389 2796 Dei
406 2769 524 2805 genitrix
543 2770 718 2797 immaculata
733 2779 740 2797 :
754 2769 1005 2805 proptereaMariun
1022 2769 1120 2796 aﬁ'ectu

336 2815 458 2850 virgineo
478 2821 504 2844 te
519 2824 688 2852 prosequens
702 2825 734 2845 ac
749 2816 918 2850 desiderans,
933 2815 1002 2844 Filio
1015 2820 1062 2843 tuo
1076 2815 1123 2842 ad-

339 2860 420 2888 tincta
431 2868 473 2889 est
485 2868 547 2898 post
562 2867 598 2890 te.

377 2905 445 2934 Vcrc
461 2914 494 2934 ac
509 2908 617 2943 proprie
629 2912 654 2936 te
670 2908 811 2943 Deiparam
827 2915 879 2934 nos
895 2906 988 2934 ﬁdeles
1008 2914 1123 2934 tenera-

1169 2302 1259 2329 πίστει
1276 2303 1425 2339 δοξάζομεν
1438 2305 1482 2331 τὸν
1496 2304 1540 2332 διὰ
1557 2304 1603 2331 σοῦ
1618 2306 1651 2332 ἐκ
1662 2305 1765 2341 φθορᾶς
1778 2306 1851 2341 ἡμᾶς
1867 2307 1952 2342 ῥυσά-

1191 2357 1260 2376 ενον.

1191 2357 1260 2376 ενον.

1170 2357 1298 2430 μιῐνέρεις
1324 2395 1354 2422 ὲν
1382 2396 1514 2430 ἀγκάλαις
1541 2395 1609 2423 Θεὸν
1631 2396 1678 2423 τὸν
1708 2396 1828 2431 φέροντα
1854 2398 1952 2428 πάντα.

1169 2439 1281 2474 τρέφεις
1297 2439 1342 2466 τὸν
1361 2441 1464 2475 τροφέα
1482 2441 1558 2476 ἡμῖν.
1572 2441 1840 2476 ἁγνὴ,ὸμοιωθέντα·
1854 2442 1885 2468 ὃν
1897 2443 1953 2468 ἱκέ-

1169 2493 1231 2510 τευε
1248 2484 1287 2519 τῷ
1302 2484 1358 2520 λαῷ
1372 2493 1418 2511 σου
1434 2485 1526 2513 δοῦναι
1541 2487 1651 2513 πάντων
1668 2485 1806 2522 δυσχερῶν
1820 2486 1872 2520 τὴν
1886 2486 1954 2513 ἀπο·

1170 2530 1314 2566 λύτρωσιν.

1177 2610 1225 2638 Ἐκ
1240 2610 1292 2638 τοῦ
1308 2610 1442 2643 Κανόνος
1459 2611 1503 2643 εις
1524 2609 1582 2643 τὴν·
1605 2610 1695 2644 ἁγίαν
1712 2609 1849 2644 μάρτυρα
1865 2609 1957 2644 Μαρί-

1444 2655 1512 2680 νην,
1524 2644 1618 2680 ἡμέρᾳ
1633 2644 1677 2676 ιζ’.

1209 2713 1317 2748 Δοχεϊον
1345 2713 1498 2748 χωρητικὸν
1516 2712 1632 2746 γέγονας
1653 2713 1703 2747 τῆς
1731 2711 1808 2743 θείας
1832 2711 1957 2747 χάριτος,

1174 2759 1352 2793 θεογεννῆτορ
1365 2759 1492 2793 ἀχραντε·
1509 2757 1549 2784 διό
1564 2766 1593 2784 σε
1607 2756 1717 2793 Μαρίνα
1726 2755 1871 2792 ποθήσασα
1886 2765 1957 2792 παρ-

1173 2805 1288 2837 θενιχῶς
1304 2805 1389 2831 όπὶσω
1404 2813 1450 2832 σου
1461 2804 1500 2840 τῷ
1519 2804 1557 2840 σῷ
1568 2803 1627 2839 Υίῷ
1643 2803 1912 2840 προσαπενήνεκται.

1211 2903 1322 2940 Κυρίως
1339 2904 1386 2931 καὶ
1402 2903 1510 2940 ἀληθῶς
1533 2912 1562 2931 σε
1582 2902 1713 2931 Θεοτόκον
1732 2903 1756 2929 οἱ
1770 2901 1861 2929 πιστοὶ
1881 2899 1959 2928 σέϐο-
