2069 3159
138 211 207 242 1119

859 215 910 241 ΜΛ
917 215 938 242 Η
943 216 953 242 l
959 215 1039 243 ΑΜΕ.

1693 216 1762 244 1150

137 275 198 302 μεν,
214 265 379 302 πανάμωμε·
391 266 424 292 σὺ
439 265 493 301 γὰρ
516 265 584 293 Θεὸν
601 265 715 298 τέτοκας
731 266 821 302 σάρκα
838 275 921 301 γεγο-

977 277 1046 302 mur,
1062 277 1078 296 ο
1093 269 1194 297 munda
1210 269 1244 296 ab
1258 269 1333 297 omni
1355 269 1416 297 labe
1436 278 1443 297 :
1463 273 1490 297 tu
1507 269 1579 297 enim
1602 268 1686 298 Deum
1701 278 1760 298 car-

136 313 212 343 νότα.

977 321 1038 341 nem
1053 313 1157 341 factum
1172 314 1310 349 peperisti.

172 358 276 386 Fluxus
303 358 488 394 corruptionis
510 357 680 391 compescuit
705 357 800 394 Virgo,
829 359 988 395 incorrupte
1011 360 1084 387 enim
1115 361 1210 396 genuit
1250 360 1328 388 illum
1353 360 1401 396 qui
1425 363 1586 396 corruptam
1619 361 1759 388 hominum

137 409 263 433 naturam
282 411 298 431 a
313 403 491 438 corruptione
509 404 668 431 vindicavit.

178 454 210 482 'H
228 453 400 487 πανάμωμος
419 452 466 479 καὶ
488 452 557 487 μόνη
578 453 717 488 ἁγιωτέρα
740 453 796 480 τῶν
821 454 925 489 Χερου-

137 499 186 534 ϐὶμ
199 500 327 533 φανεῖσα,
346 498 395 529 τὰς
407 497 496 532 ψυχὰς
522 497 601 532 ἡμῶν
628 498 714 525 σῶσον
735 499 825 534 πάσης
846 507 925 534 περι-

138 545 272 575 στάσεως,
289 543 344 570 τῶν
364 543 454 569 πίστει
471 543 630 578 ὑμνούντων
646 552 686 577 σε,
702 543 833 579 ἄχραντε,
850 544 926 578 Παρ-

138 590 198 617 θένε
215 590 363 626 θεόνυμφε.

172 649 315 676 Θάλασσαν
327 647 528 683 σπαργανώσας
542 647 641 684 ὁμίχλῃ
655 648 808 683 βουλήματι
821 656 926 682 κυοφο-

139 696 227 730 pint
241 695 256 720 ὁ
272 694 392 730 Κτίστης
411 695 444 721 ὲκ
457 694 605 729 παρθένου,
620 695 700 730 κόρη,
725 694 926 729 ἀπειρογάμου,

137 741 232 776 ὥσπερ
246 741 356 776 βρέφος,
373 742 422 768 κα)⁸
436 741 604 776 σπαργάνοις
620 741 748 776 ἀρρήτως
764 740 926 768 εἱλίσσεται.

172 837 297 874 Παρθινε
314 837 381 873 μόνη
405 837 444 869 ὡς
459 837 584 873 καθαράν
599 845 630 864 σε
655 837 819 873 ἀδιάφθορον
841 837 928 871 Λόγος

137 885 260 920 καθαρὸς
275 885 415 919 ἠγάπησε,
428 884 476 911 καὶ
488 884 521 910 ὲκ
536 883 583 910 σοῦ
608 883 784 911 ὰνεπλάσατο
809 883 928 918 σαρκού-

1010 453 1033 481 Ο
1047 454 1314 485 immaculalissiina,
1333 461 1394 489 quae
1408 453 1465 481 sola
1481 453 1602 480 sanctior
1613 451 1762 479 Cheruhim

976 500 1142 535 apparuisti.
1159 501 1233 528 salra
1255 501 1362 528 animas
1379 504 1488 527 nostras
1503 499 1537 526 ab
1557 498 1632 524 omni
1645 498 1764 524 circum—

977 545 1059 572 stanti
1084 546 1260 578 adversitale,
1277 545 1341 572 dum
1367 549 1393 571 te
1415 551 1477 571 cum
1502 542 1555 570 fide
1570 542 1725 574 laudamus.
1746 548 1760 568 (ι

975 590 1151 618 immaculata
1163 590 1256 625 Virgo,
1275 597 1375 624 sponsa
1389 588 1445 616 Dei.

1012 645 1135 678 Creator,
1154 645 1201 680 qui
1224 645 1322 673 nebula
1341 651 1470 680 tanquam
1503 643 1589 670 fascia
1604 650 1686 670 mare
1706 642 1757 670 cir-

976 691 1098 723 cumdat,
1132 699 1181 718 sua
1205 691 1345 718 voluntate
1364 699 1396 717 ex
1419 689 1507 724 puella
1537 688 1649 723 Virgine
1684 689 1759 715 innu-

976 740 1021 771 pta
1045 736 1166 771 gignitur
1181 741 1313 770 tanquam
1326 735 1428 768 infans,
1443 740 1471 763 et
1485 734 1582 762 fasciis
1599 733 1680 761 modo
1698 732 1768 761 inef-

976 781 1051 809 fahili
1069 783 1305 810 circumvolvitur.

1011 839 1033 866 0
1047 838 1130 875 Virgo
1149 840 1241 873 unica,
1264 844 1291 867 te
1307 844 1401 874 utpote
1417 846 1512 874 puram
1531 844 1560 866 et
1574 838 1760 873 incorruptam

976 884 1096 912 Verbum
1119 885 1185 913 illud
1203 893 1301 920 purum
1319 885 1428 917 dilexit,
1442 890 1468 912 et
1482 893 1514 912 ex
1532 890 1557 912 te
1580 885 1764 915 incarnatnm.

139 939 230 966 μενος,
260 931 342 966 κόρη,
364 931 412 957 τὸν
443 930 598 966 ἄνθρωπον,
620 931 635 957 ὁ
664 931 792 966 Μαρίνην
811 929 925 963 δοξάσας

977 930 1114 957 hominem
1143 930 1321 964 reformavit;
1352 931 1425 966 quod
1459 929 1594 957 Marinam
1625 929 1764 957 miraculis

136 977 194 1008 τοῖς
210 975 341 1011 θαύμασι.

174 1030 280 1066 Ὠφθης
307 1029 448 1066 ὑπερτέρα
474 1029 599 1065 οὗρανῶν
622 1028 691 1056 θεὸν
715 1027 843 1065 οὐράνιον
859 1027 928 1054 ἀπο·

137 1077 263 1112 κυήσασα
287 1077 332 1103 τὸν
345 1075 551 1112 οὐρανώσαντα,
574 1075 707 1109 πάναγνε,
725 1073 850 1109 γηγενῶν
866 1073 927 1100 ὂλον

137 1123 169 1149 τὸ
191 1122 317 1157 φύραμα,
342 1122 390 1149 καὶ
411 1121 460 1157 ⁵τῆς
477 1122 603 1157 Μαρίνης
617 1121 666 1156 τὴν
692 1120 794 1155 σεπτὴν
814 1119 926 1155 μνήμην

139 1167 333 1204 φαιδρύναντα,
388 1167 505 1203 βοῶμεψ
522 1168 616 1195 Πάντα
631 1167 665 1194 τὰ
676 1166 746 1202 ἔργα
759 1166 870 1202 ὑμνεῖτε
879 1165 925 1192 τὸν

139 1214 251 1249 Κύριον.

172 1270 230 1301 Φῶς
255 1271 320 1306 ἡμῖν
339 1269 477 1301 ἀνέτειλας
495 1269 602 1304 μήτρας
621 1268 652 1301 ἐξ
665 1267 850 1303 ἅπειράνδρου
865 1275 923 1299 σου,

139 1316 271 1350 Παρθένε,
292 1317 309 1353 ἢ
334 1318 395 1348 ταῖς
412 1316 582 1352 φυκτωρίαις
605 1315 709 1346 ἐνθέοις
725 1313 926 1348 καταυγασϐεῖ-

139 1370 172 1388 σα
186 1362 243 1396 φῶς
268 1363 465 1398 ἐχρημάτισεν,
480 1363 497 1397 ή
514 1361 564 1397 τῆς
581 1362 669 1397 χαρᾶς
691 1361 845 1395 ἐπώνυμος,
862 1359 925 1385 Θεο-

138 1408 240 1443 κυῆτορ
253 1408 483 1444 Μητροπάρθενε.

144 1462 194 1490 Ἐκ
208 1462 263 1490 τοῦ
293 1464 428 1496 Κανόνος
455 1464 499 1496 εις
522 1462 576 1489 τὸν
589 1462 675 1497 ἄτιον
688 1461 824 1497 μάρτυρα
847 1462 927 1496 Αιμι-

384 1497 506 1531 λιανὸν,
521 1497 617 1532 ἡμέρᾳ
633 1500 678 1532 ιη’.

181 1555 267 1590 ’ἰσχύς
291 1564 354 1591 μου,
369 1555 417 1583 καὶ
433 1554 561 1590 ὕμνησις,
577 1554 625 1581 καὶ
637 1553 776 1589 φωτισμδς
790 1554 841 1589 τῆς
856 1561 925 1588 καρ-

977 976 1150 1012 glorificavit.

1011 1029 1099 1057 Altior
1111 1029 1189 1058 ccelis
1206 1029 1358 1065 apparuisti
1374 1029 1460 1057 Deum
1478 1028 1620 1057 ctelestem
1639 1028 1731 1062 enixa,
1748 1035 1762 1056 ο

977 1079 1145 1111 castissima,
1159 1079 1206 1114 qui
1223 1078 1378 1107 cmlillcavit
1399 1078 1557 1106 universam
1576 1085 1696 1105 massam
1712 1082 1760 1104 ter-

978 1126 1146 1160 rigenarum.
1167 1133 1200 1153 ac
1215 1125 1399 1153 venerandam
1423 1123 1535 1152 Marine
1552 1124 1711 1151 memoriam
1733 1123 1760 1150 il-

978 1171 1122 1204 lustravit;
1134 1171 1167 1198 ad
1181 1178 1263 1206 quem
1284 1170 1458 1199 clamamus:
1475 1169 1574 1198 Omnia
1594 1177 1689 1205 opcra,
1705 1169 1762 1196 lau.

976 1217 1040 1245 date
1055 1217 1214 1245 Dominum.

1012 1275 1113 1303 Lucem
1129 1275 1209 1303 nobis
1226 1274 1292 1302 oriri
1311 1273 1399 1301 fecisti
1417 1281 1449 1301 ex
1471 1273 1600 1300 inviolato
1614 1277 1692 1300 utero
1708 1276 1765 1303 tuo,

976 1329 993 1349 ο
1015 1321 1108 1357 Virgo,
1129 1322 1175 1356 qui
1200 1320 1394 1355 splendoribus
1418 1319 1520 1346 divinis
1541 1319 1704 1351 illustratus,
1720 1317 1761 1345 lu)

976 1368 1078 1400 evasit,
1101 1375 1119 1395 ο
1140 1367 1186 1394 Dei
1207 1367 1334 1401 genitrix,
1352 1365 1438 1393 Mater
1455 1366 1542 1400 virgo,
1559 1365 1639 1400 cujus
1664 1372 1763 1392 nomen

976 1417 1087 1440 resonat
1103 1412 1235 1439 laetitiam.

979 1467 1059 1504 146
1080 1467 1122 1496 Ea;
1147 1467 1253 1495 Canone
1275 1466 1301 1493 in
1319 1465 1434 1528 gestans.
1455 1465 1599 1492 zlimiliani
1624 1466 1761 1501 martyris,

1339 1510 1360 1528 ιε
1419 1521 1425 1527 .

1339 1510 1360 1528 ιε
1382 1510 1425 1528 ιδ.

1011 1558 1156 1587 Fortitudo
1172 1566 1242 1592 mea,
1264 1563 1291 1586 et
1316 1557 1378 1585 laus
1400 1565 1470 1588 mea.
1492 1556 1659 1584 illuminatio
1673 1557 1761 1584 cordis

137 1600 194 1632 δίας
219 1610 270 1636 μου
291 1601 421 1638 ὑπάρχει,
436 1601 606 1636 πανάμωμε,
632 1600 749 1635 Χριστὸς
767 1600 782 1626 ὁ
807 1598 921 1634 Κύριος.

977 1607 1029 1634 mei
1055 1612 1098 1635 est
1126 1606 1253 1633 Christus
1287 1604 1429 1637 Dominus,
1461 1612 1542 1639 quem
1576 1603 1719 1639 peperisti,
1747 1613 1765 1633 ο

137 1647 167 1674 ὃν
183 1647 303 1683 ὲκύησας
317 1649 346 1675 ὲν
363 1647 411 1675 δύο
431 1648 492 1680 ταῖς
516 1647 632 1680 οὐσίαις,
658 1647 708 1683 μιᾷ
731 1645 880 1673 ὑποστάσει
895 1644 924 1670 δὲ

980 1661 1088 1682 summe
1100 1652 1215 1684 illibata.
1232 1652 1278 1686 qui
1293 1651 1455 1686 intelligitur
1472 1650 1500 1677 in
1515 1650 1622 1678 duabus
1639 1650 1767 1678 substan-

138 1693 270 1720 κατανοού
275 1702 366 1729 μενον.

173 1739 280 1773 Νόμους
295 1740 364 1773 τοὺςζ
390 1739 441 1775 τῆς
467 1738 575 1774 φύσεως
593 1737 714 1766 λαθοῦσα
732 1738 762 1764 ιν
784 1736 825 1772 τῷ
854 1736 925 1773 ὑπὲρ

138 1784 220 1818 φύσιν
235 1784 348 1820 τοκιτῷ,
381 1785 519 1820 παρθένος
541 1784 611 1820 μετὰ
631 1784 771 1819 γέννησιν,
788 1782 926 1818 Παρθενο-

140 1831 244 1866 μῆτορ,ῑ
269 1831 389 1866 ἔμεινας·
416 1831 462 1858 τὸν
485 1830 677 1865 Πλαστουργδν
697 1829 763 1864 γὰρ,
789 1828 920 1864 ἁχραντε,

138 1877 252 1913 ἁπάσης
265 1877 382 1909 κτίσεως
392 1877 517 1909 τέτοκας.

179 1923 362 1959 Ἀγιάσματός
379 1931 410 1950 σε
421 1923 504 1950 τόπον
516 1921 564 1949 τοῦ
583 1922 658 1957 ἡμᾶς
669 1921 844 1955 ἁγιάσαντος,
856 1928 925 1946 παν-

138 1967 203 2001 αγία
220 1969 299 2004 κόρη,
319 1968 404 2003 μόνην
435 1967 594 2003 εὑρεθεῖσαν
617 1967 776 2001 δοξάζομεν,
792 1966 824 1992 δι’
851 1963 882 1992 οὗ
899 1965 924 1995 οἱ

137 2015 190 2049 γῆν
205 2015 396 2047 κατοικοῦντες
409 2014 613 2050 οὐρανώθησαν,
627 2013 675 2040 καὶ
700 2012 774 2048 ζωῆς
794 2011 924 2047 ἀληθινῆς

138 2061 303 2096 ἠξιώθησαν.

181 2106 316 2142 Ῥομφαίᾳ
338 2107 478 2142 τρωθέντα
496 2115 529 2142 με
544 2106 594 2141 τῆς
620 2104 757 2140 ἁμαρτίας
782 2104 859 2130 ίασαι
885 2103 925 2138 τῷ

137 2151 349 2187 δραστικωτάτῳ
367 2160 413 2178 σου
425 2152 575 2187 φαρμάκῳ,
588 2151 605 2186 ἡ
617 2151 662 2177 τὸν
678 2150 792 2184 Σωτῆρα
802 2149 921 2184 Χριστὸν

139 2197 274 2232 κυήσασα,
290 2198 374 2233 λόγχῃ
386 2199 432 2225 τὴν
448 2198 588 2233 τρωθέντα
607 2197 641 2223 δι’
659 2196 720 2230 ἐμὲ,
734 2195 864 2231 ἇχραντε,
877 2196 925 2222 καὶ

137 2243 280 2278 τρώσαντα
295 2244 345 2279 τὴν
359 2244 473 2279 καρδίαν
484 2244 531 2270 τοῦ
545 2244 644 2278 δφεως.

980 1700 1037 1732 tiis,
1052 1707 1106 1727 una
1123 1703 1214 1726 autem
1228 1697 1380 1733 hypostasi.

1015 1745 1126 1773 Naturae
1143 1745 1219 1780 leges
1235 1744 1364 1778 ignorans
1378 1743 1406 1770 in
1424 1745 1503 1777 partu
1519 1746 1575 1773 tuo,
1588 1741 1635 1776 qui
1656 1739 1707 1768 fuit
1721 1747 1761 1768 su-

979 1799 1027 1827 pra
1052 1796 1189 1822 naturam,
1213 1797 1230 1817 ο
1253 1789 1336 1822 Virgo
1356 1787 1458 1820 Mater.
1478 1793 1538 1822 post
1554 1791 1661 1822 partum
1683 1785 1767 1821 Virgo

979 1836 1154 1872 permansisti
1171 1844 1178 1862 ε
1196 1835 1318 1862 omnium
1335 1834 1408 1861 enim
1429 1839 1618 1862 creaturarum
1633 1832 1762 1860 Condito-

979 1890 1049 1915 rem,
1063 1889 1079 1909 ο
1093 1881 1235 1912 inviolata.
1250 1879 1391 1914 peperisti.

1014 1928 1061 1960 Te,
1080 1935 1140 1962 quae
1162 1926 1219 1954 sola
1245 1924 1473 1953 sanctilicationis
1497 1923 1696 1952 sanctificantis
1715 1930 1762 1950 nos

979 1973 1056 2000 locns
1069 1980 1129 2000 esse
1142 1972 1251 1999 inventa
1270 1970 1356 2003 fuisti,
1373 1977 1389 1997 ο
1404 1969 1493 2004 puella
1511 1973 1566 1995 tota
1585 1973 1691 1999 sancta,
1709 1967 1761 2001 glo-

979 2019 1138 2051 rilicamus;
1166 2025 1213 2052 pcr
1233 2025 1324 2052 quem.
1349 2021 1448 2044 terram
1471 2015 1665 2046 inhabitantes,
1686 2014 1761 2041 cmlc-

979 2071 1035 2094 stes
1049 2065 1113 2092 facti
1132 2068 1209 2096 sunt,
1224 2071 1342 2098 veraque
1357 2062 1412 2089 vita
1433 2062 1507 2097 digni
1526 2061 1624 2090 redditi
1639 2064 1712 2088 sunt.

1014 2110 1055 2137 Me
1077 2109 1183 2145 peccati
1204 2108 1295 2144 gladio
1316 2108 1489 2135 vulneratum
1513 2106 1616 2134 sariasti
1636 2104 1762 2132 ellicacis-

979 2157 1047 2184 sima
1062 2156 1196 2183 medicina
1210 2160 1266 2185 tua.
1284 2161 1300 2181 ο
1316 2153 1502 2185 immaculata,
1520 2159 1580 2186 quae
1594 2151 1762 2178 Salvatorem

979 2203 1119 2231 Christum
1137 2201 1276 2236 peperisti.
1294 2200 1341 2235 qui
1364 2203 1474 2234 propter
1492 2206 1535 2225 me
1557 2198 1652 2225 lancea
1668 2197 1760 2224 vulne-

980 2254 1065 2280 ratus,
1078 2255 1125 2275 cor
1134 2247 1269 2282 serpentis
1281 2246 1341 2281 ipse
1354 2244 1517 2272 vulneravit.

173 2287 230 2314 Εὕα
249 2288 298 2322 μὲν
320 2289 455 2324 ἐτρύγησε
471 2288 517 2315 τοῦ
538 2288 618 2322 ξύλου
645 2289 753 2326 καρπὸν
772 2288 925 2324 θανατηφό-

1015 2294 1070 2321 Eva
1086 2293 1197 2328 quidem
1214 2290 1351 2326 decerpsit
1377 2290 1497 2317 fructum
1520 2288 1626 2316 arboris
1643 2287 1761 2315 mortife

139 2342 186 2369 ρον
195 2342 203 2350 ν
220 2334 253 2360 σὺ
265 2334 304 2367 δὲ,
317 2335 451 2370 πάναγνε,
467 2334 541 2370 ζωῆς
556 2335 587 2361 τὸ
602 2335 680 2368 ξύλον
693 2335 885 2370 καρπογονεῖς,
896 2329 928 2360 οὗ

138 2380 156 2415 ὴ
172 2379 264 2414 γεῦσις
280 2379 404 2412 ἅπαντας
416 2381 478 2413 τοὺς
499 2380 630 2412 θανόντας
644 2380 816 2413 ἁνεξώωσεν.

174 2476 496 2512 Κυριώνυμεζθεόνυμιρε,
511 2475 553 2507 τδ,
569 2476 666 2510 Χαῖρε,
681 2474 724 2502 σοὶ
738 2475 830 2501 πίστει
841 2482 928 2510 κραυ-

138 2522 269 2558 γάξομεψ
288 2523 335 2550 καὶ
346 2523 400 2558 γὰρ
414 2522 534 2558 ὲκύησας
552 2521 639 2558 χαρὰν
658 2520 842 2556 ἁνεκλάλητον
857 2521 926 2556 Χρι-

140 2568 202 2595 στδν
213 2568 257 2594 τὸν
281 2568 395 2603 Κύριον,
413 2565 435 2602 ᾧ
452 2567 656 2603 κραυγάζομεν·
689 2566 719 2593 Ὀ
731 2566 784 2593 τῶν
797 2565 928 2602 Πατέρων

139 2615 242 2650 Κύριος
259 2615 306 2641 καὶ
325 2615 390 2646 Θεὸς
404 2614 550 2649 εὐλογητὸς
570 2611 606 2640 εἷ.

175 2661 295 2695 Σταγόνα
309 2661 500 2696 μοιδμϐρησον
516 2660 617 2692 ἐλέους,
635 2659 726 2695 πηγὴν
742 2658 790 2686 τοῦ
802 2658 894 2691 ἐλέους
909 2659 926 2695 ή

139 2707 276 2742 κυήσασα,
292 2707 339 2733 καὶ
350 2707 399 2741 τῆς
410 2706 548 2742 ἁμαρτίας
559 2714 608 2741 μου
623 2705 739 2740 ξήρανον
748 2705 924 2740 ὁμὸρήματα,

139 2753 188 2780 καὶ
198 2754 247 2788 τῆς
261 2753 350 2788 ψυχῆς
362 2762 412 2788 μου
424 2753 544 2787 πράῡνον
559 2753 642 2788 ἄγρια
657 2752 779 2788 κύματα,
802 2751 924 2787 Παρθένε

139 2800 254 2826 θεοτόκε
269 2799 373 2835 Μαρία,
384 2799 427 2826 ἵνα
445 2807 473 2825 σε
488 2798 591 2833 δοξάζω
608 2800 648 2831 εἰς
662 2798 765 2830 πάντας
778 2798 842 2829 τοὺς
858 2797 925 2824 αἰῶ-

138 2854 197 2876 νας.

174 2891 247 2918 Φωτί
262 2900 295 2927 με
319 2891 492 2924 καταύγασον
512 2890 551 2927 τῷ
567 2890 616 2926 σῷ,
634 2889 805 2926 πανύμνητε,
833 2890 880 2916 τὸν
893 2890 923 2916 ὲν

139 2937 231 2963 σκότει
247 2936 440 2971 ’πορευόμενον⁹
465 2935 536 2961 δίδου
557 2943 602 2969 μοι
631 2935 708 2970 χεῖρα
739 2934 873 2969 βοηθείας·
890 2935 923 2962 τὰ

981 2348 1060 2368 rum:
1076 2344 1103 2367 tu
1119 2342 1222 2370 autem,
1237 2345 1254 2364 ο
1265 2335 1430 2366 castissima.
1450 2335 1513 2362 vitae
1527 2335 1654 2362 arborem
1669 2333 1766 2361 fructi-

981 2383 1081 2417 llcasti,
1111 2383 1191 2418 cujus
1219 2387 1316 2417 gustus
1341 2387 1450 2414 omnes,
1477 2380 1523 2415 qui
1552 2380 1653 2408 mortui
1676 2383 1765 2411 erant,

979 2430 1138 2458 viviflravit.

1015 2478 1036 2503 0
1061 2476 1108 2503 Dei
1132 2483 1244 2511 sponsa,
1267 2475 1420 2502 dominanti
1444 2474 1557 2502 nomine
1578 2477 1689 2506 ornata,
1704 2471 1765 2504 tibi,

979 2532 1041 2551 cum
1055 2523 1107 2551 fide
1119 2523 1282 2553 clamamus.
1295 2521 1407 2552 Gaude:
1420 2521 1521 2550 etenim
1534 2520 1663 2556 gaudium
1676 2519 1768 2547 inell'a-

979 2570 1032 2597 bile
1047 2569 1187 2597 Christum
1200 2568 1347 2596 Dominum
1361 2568 1503 2604 peperisti,
1519 2568 1552 2595 ad
1568 2574 1648 2602 quem
1665 2565 1762 2593 vocife<

979 2623 1093 2643 ramur:
1118 2616 1229 2643 Patrum
1245 2615 1328 2648 Deus,
1346 2619 1375 2642 et
1391 2615 1522 2642 Dominus
1540 2613 1701 2642 benedictus
1721 2619 1762 2639 es.

1013 2661 1115 2696 Deplue
1131 2669 1212 2696 super
1227 2669 1270 2688 me
1292 2661 1392 2689 stillam
1414 2660 1622 2692 misericordia,
1644 2663 1683 2691 tu,
1703 2665 1760 2693 qua

978 2706 1176 2734 misericordia:
1192 2705 1296 2733 fontem
1311 2705 1456 2740 peperisti;
1473 2705 1632 2740 peccatique
1647 2702 1699 2730 mei
1712 2703 1761 2728 im-

976 2752 1040 2780 hres
1054 2752 1174 2784 cxsicca,
1198 2760 1231 2779 ac
1248 2752 1353 2779 feroces
1369 2751 1468 2778 anima:
1488 2758 1556 2778 mea
1572 2749 1671 2776 fluctus
1685 2752 1761 2774 tran-

976 2797 1070 2832 quilla,
1084 2805 1100 2824 o
1119 2796 1199 2832 Virgo
1216 2796 1332 2833 Deipara
1351 2796 1448 2830 Maria,
1466 2801 1495 2824 ut
1511 2784 1538 2823 te
1559 2795 1586 2822 in
1602 2793 1693 2821 omnia
1709 2801 1761 2821 sa:-

979 2843 1040 2870 cula
1055 2843 1218 2878 glorificem.

1015 2891 1122 2918 lllustra
1146 2899 1188 2919 me
1202 2891 1262 2919 lucc
1278 2896 1322 2920 tua
1337 2891 1364 2919 in
1386 2890 1504 2918 tcncliris
1525 2888 1723 2920 ambulartcm,
1745 2894 1761 2914 ο

977 2938 1051 2965 omni
1079 2937 1158 2965 laude
1184 2938 1342 2970 dignissima
1370 2946 1377 2964 ε
1404 2935 1510 2967 porrige
1543 2934 1609 2962 mihi
1649 2941 1761 2962 manum
