2069 3159
314 215 378 249 1151

869 218 898 246 S.
919 216 1076 247 JOSEPUI
1094 216 1120 246 II
1126 215 1375 246 YMNOGRAPIII

1862 215 1932 244 1152

310 276 509 303 auxiliatricem
531 284 540 304 :
562 275 650 303 nubes
667 275 765 303 animae
783 276 916 310 dispelle;
943 276 1099 310 passionum

1155 276 1219 311 νέφη
1237 276 1287 310 τῆς
1297 276 1385 310 ψυχῆς
1410 283 1460 309 μου
1484 275 1629 301 ἀπέλασοψ
1648 273 1742 300 παθῶν
1759 281 1810 309 μου
1825 274 1854 300 τὸ
1872 273 1939 300 κλυ-

309 330 432 349 mearum
458 327 646 357 tempestatem
677 323 752 355 seda,
784 329 801 349 0
828 322 965 357 refugium
997 321 1096 356 despe-

310 373 444 395 ratorum.

315 422 389 458 147
411 422 452 449 Ea:
475 423 581 450 Canone
594 423 621 450 in
636 423 702 457 [esto
717 422 746 451 S.
760 423 793 450 Ρ.
811 422 848 450 Ν.
866 422 912 450 Dii
927 423 1096 457 confessoris,

655 459 698 485 die
713 459 756 486 l9.

345 514 419 542 Solis
442 515 593 549 spiritualis
619 515 828 542 tabernaculum
854 514 927 542 facta
957 522 999 546 es,
1025 522 1041 541 0
1064 514 1098 541 ab

315 560 384 586 nnui
399 560 460 587 labe
476 568 543 594 pura
555 583 562 594 ,
583 561 631 595 qui
655 569 705 587 nos
721 561 822 588 divinis
837 561 1029 594 splendoribns
1046 561 1099 594 pic-

312 607 374 632 tatis
387 606 564 637 illuminavit,
582 611 665 641 atque
679 606 838 642 ignorantia:
851 607 966 634 nebulas
981 607 1098 640 dissipa-

315 652 359 684 vil,
386 659 402 678 ο
416 651 497 686 Virgo
515 657 655 686 perpetua.

348 696 484 723 llabitavit
500 697 526 723 in
546 703 582 729 te,
604 705 621 723 0
645 697 831 731 immaculata,
849 698 903 730 ille,
924 701 970 734 qui
995 699 1100 726 ilnitilnl

313 743 339 770 in
352 743 446 775 caelis;
466 751 546 777 quem
568 743 647 770 enixe
672 751 748 779 roga,
765 749 793 771 ut
817 745 905 772 salvet
920 746 1025 773 animas
1041 745 1100 772 lau-

315 789 434 816 dantium
453 794 488 816 te.

346 834 544 861 Candelabrum
566 834 722 866 luciferum,
741 841 766 862 te
781 835 905 862 divinum
923 837 1098 871 splendorem

315 881 340 908 in
363 886 438 908 utero
457 886 607 915 gestantem
632 882 806 916 agnovimus,
828 890 845 910 0
865 882 965 918 Virgo:
985 883 1056 911 unde
1072 889 1099 911 te

1148 323 1244 350 δώνιον
1261 323 1392 354 κόπασον,
1408 321 1628 356 ἀπεγνωσμένων
1638 321 1817 356 καταφύτων.

1156 423 1206 450 Ἐκ
1224 422 1277 450 τοῦ
1295 421 1430 454 Καγόνος
1453 422 1497 454 είς
1515 420 1570 447 τὸν
1596 420 1684 447 ὅσιον
1705 419 1823 453 Πατέρα
1850 420 1937 455 ἡμῶν

1416 457 1496 489 Δίον,
1518 455 1613 491 ἡμέρᾳ
1631 455 1673 482 ιθ’.

1191 515 1282 541 Ἠλίου
1295 513 1342 541 τοῦ
1361 512 1470 548 νοητοῦ,
1485 512 1650 547 πανάμωμε,
1665 511 1799 546 σκήνωμα
1822 511 1939 545 γέγονας

1149 564 1209 593 ταῖς
1224 562 1329 592 θεῖκαῖς
1357 559 1549 595 λαμπρότησιν
1569 559 1642 594 ἡμᾶς
1671 559 1813 589 εὐσεϐείας
1838 567 1940 584 καταυ-

1150 609 1294 642 γάσαντος,
1316 607 1363 634 καὶ
1384 607 1434 642 τὴν
1447 607 1532 641 ἁχλυν
1554 605 1701 638 διώξαντος
1720 606 1769 640 τῆς
1789 604 1937 639 ἀγνωσίας,

1156 655 1202 680 ’Δε
1207 654 1253 680 ιπά
1257 653 1344 689 ρθενε.

1192 699 1345 735 Ἐνῲκησιν
1366 699 1412 726 ἐπὶ
1438 699 1480 724 σοὶ
1504 699 1518 724 ὁ
1543 697 1680 724 κατοικῶν
1706 697 1770 728 τοὺς
1794 696 1937 731 οὐρανοὺς.

1151 746 1280 782 ἄχραντε,
1296 745 1325 772 ὃν
1340 744 1459 776 ἐκτενῶς
1478 746 1591 778 αἰτησαι
1605 742 1692 770 σῶσαι
1709 741 1760 774 τὰς
1776 742 1865 777 ψυχὰς
1883 741 1940 768 τῶν

1151 790 1309 826 ὑμνούντων
1321 799 1366 818 σε..

1186 837 1345 872 Φωτοφόρον
1378 844 1408 863 σε
1437 835 1549 871 λυχνίαν
1572 835 1603 862 τὸ
1627 834 1699 861 θεῖον
1726 833 1827 868 φέγγος
1853 833 1882 859 ἐν
1904 834 1939 867 τῇ

1151 884 1251 918 γαστρὶ
1277 882 1452 917 βαστάσασαν
1471 881 1604 915 ἕγνωμιν,
1632 879 1765 915 Παρθένε·
1796 879 1857 906 ὅθεν
1875 878 1940 905 Sus-

315 926 449 961 supplices
462 927 652 961 deprecamur,
667 932 696 954 u-t
715 929 776 955 luce
790 933 836 956 tua
857 929 972 957 irradies
992 930 1099 958 animas

1155 929 1281 964 ωποῦμέν
1297 937 1337 961 σε,
1353 928 1423 962 φωτί
1432 936 1480 955 σου
1490 927 1664 961 καταύγασον
1675 926 1784 953 πάντων
1796 926 1845 956 τὰς
1852 924 1942 959 ψυχὰς

315 973 437 999 Omnium
451 973 497 1007 qui
513 978 538 1000 te
549 973 716 1001 Collaudant.

351 1018 473 1045 lntcrfice
486 1019 584 1046 anima:
595 1027 662 1047 mea:
676 1019 800 1051 affectus.
815 1029 831 1048 0
846 1021 1100 1057 inculpabilissima,

315 1071 376 1098 qum
392 1064 474 1091 vitam
499 1065 621 1092 omnium
642 1065 772 1092 ineﬂ’abili
789 1065 878 1093 Verbo
898 1068 1027 1102 peperisti
1048 1077 1055 1095 :
1074 1072 1102 1096 ct

315 1115 432 1138 mentem
453 1119 543 1138 meum
561 1112 750 1139 conturbatum
768 1113 892 1146 pacifica,
910 1121 926 1140 ο
948 1114 1047 1148 puella.

318 1159 319 1163 ‘
349 1155 496 1183 Cherubim
521 1157 688 1184 sanctiorem
708 1156 798 1184 effecit
817 1162 853 1188 te,
870 1166 887 1184 ο
907 1159 1007 1193 puclla,
1031 1159 1102 1188 Deus

315 1207 426 1230 sanctus
449 1203 604 1237 manifeste,
629 1204 675 1238 qui
692 1205 846 1232 sanctiﬁcat
866 1205 1032 1237 clamantes,
1051 1207 1102 1234 Be-

316 1248 421 1276 nedicta
445 1254 473 1276 tu
503 1250 531 1277 in
560 1250 736 1283 mulieribus,
763 1257 780 1278 0
802 1251 915 1278 Domina
941 1252 1104 1281 immacula-

317 1294 432 1321 tissima.

349 1338 432 1366 Coclis
456 1339 535 1368 latior
557 1343 717 1377 apparuisti,
742 1345 828 1372 Deum
851 1345 878 1372 in
897 1349 922 1372 te
945 1346 1068 1379 Capiens,
1086 1351 1103 1372 0

316 1384 400 1412 Maria
415 1386 589 1421 castissima;
606 1396 688 1423 quem
706 1390 853 1426 deprecare
870 1395 900 1418 ut
918 1391 1014 1418 liberet
1029 1398 1073 1418 me
1087 1398 1103 1418 a

319 1431 493 1463 passionibus
509 1433 695 1462 detinentihus
715 1443 768 1468 Ine,
790 1441 873 1471 atque
897 1443 911 1463 a
931 1436 1021 1462 futura
1048 1439 1103 1462 trc-

317 1476 415 1504 menda
433 1479 568 1506 sententia
595 1480 693 1515 eripiat
708 1489 751 1509 me
771 1482 934 1510 clamantem
949 1490 956 1509 :
972 1481 1103 1514 Laudato,

315 1523 406 1549 omnia
426 1530 519 1558 opera,
535 1525 691 1554 Dominum.

355 1569 439 1597 Parce
453 1571 530 1604 mihi,
545 1570 663 1606 Christe,
693 1573 803 1607 quando
824 1574 933 1600 veneris
944 1581 1006 1601 cum
1018 1573 1102 1608 gloria

1153 975 1208 1001 τῶν
1223 974 1378 1009 ὑμνούντων
1394 982 1435 1001 σε.

1148 1038 1151 1043 -
1190 1022 1336 1056 Νέκρωσον
1353 1021 1402 1055 τῆς
1415 1020 1504 1055 ψυχῆς
1530 1028 1581 1055 μου
1600 1019 1635 1045 τὰ
1663 1017 1750 1052 πάθη,
1776 1017 1941 1051 πανάμωμε,

1154 1069 1171 1104 ἡ
1187 1067 1237 1102 τὴν
1250 1066 1323 1101 ζωὴν
1339 1067 1392 1093 τῶν
1408 1066 1535 1094 ἁπάντων
1554 1065 1704 1100 ἀπορρήτῳ
1717 1064 1790 1098 λόγῳ
1801 1063 1943 1098 κυήσασα,

1155 1114 1203 1140 καὶ
1216 1114 1262 1140 τὸν
1271 1113 1333 1140 νοῦν
1350 1121 1401 1148 μου
1415 1111 1631 1147 ταρασσόμενον,
1647 1110 1726 1145 κόρη,
1738 1110 1907 1145 είρήνευσον.

1196 1159 1362 1194 ’Δγιωτέραν
1379 1158 1433 1185 τῶν
1449 1157 1590 1193 Χερουὸίμ
1602 1165 1632 1183 σε
1649 1156 1848 1192 ἀπειργάσατο,
1860 1155 1943 1189 κόρη,

1156 1207 1170 1233 6
1184 1205 1252 1236 Θεὸς
1274 1206 1288 1232 6
1303 1205 1380 1238 ἅγιος
1394 1203 1534 1239 ἐμφανῶς,
1554 1202 1676 1238 ἁγιάζων
1690 1202 1753 1233 τοὺς
1773 1200 1946 1237 κραυγάξον-

1155 1259 1216 1284 τας
1236 1250 1414 1286 Εὐλογημένη
1445 1250 1477 1277 σὺ
1505 1251 1535 1276 ὲν
1565 1248 1684 1284 γυναιξὶ,
1713 1249 1867 1283 πανάμωμε
1893 1247 1946 1274 Δέ-

1156 1305 1264 1324 σποινα.

1195 1342 1301 1378 Ὠφθης
1316 1341 1474 1376 πλατυτέρα
1488 1340 1611 1377 οὐρανῶν
1629 1341 1695 1368 Θεὸν
1708 1341 1867 1377 χωρήσασα,
1884 1341 1945 1367 Μα-

1157 1391 1204 1427 ρία
1216 1390 1348 1424 πάναγνε·
1358 1388 1388 1416 ὃν
1401 1389 1561 1415 καθικέτευε
1577 1388 1659 1424 ῥῦσαί
1673 1397 1709 1424 με
1721 1388 1776 1414 τῶν
1784 1387 1877 1414 παθῶν
1889 1388 1946 1414 τῶν

1158 1436 1327 1472 συνεχόντων
1349 1444 1394 1470 με,
1409 1435 1457 1461 καὶ
1482 1435 1531 1469 τῆς
1555 1434 1706 1470 μελλούσης
1728 1434 1847 1469 φοϐερᾶς
1864 1434 1944 1468 δίκης

1158 1490 1191 1517 με
1205 1481 1338 1516 ῥύσασθαι
1351 1481 1397 1508 τδν
1413 1480 1527 1516 βοῶντα¹
1544 1481 1636 1508 ιιάντα
1653 1480 1686 1507 τὰ
1709 1479 1788 1516 ἔργα,
1806 1479 1944 1513 εὐλογεῖτε

1156 1527 1202 1554 τὸν
1217 1527 1330 1563 Κύριον.
1510 1556 1516 1561 ι

1192 1572 1287 1600 Φείσαί
1303 1581 1366 1607 μου,
1379 1571 1491 1608 Χριστὲ,
1501 1571 1564 1598 ὅταν
1579 1571 1660 1608 ἔλθῃς
1673 1572 1766 1606 κρῖναι
1780 1570 1827 1597 τὸν
1842 1570 1945 1605 κόσμον

316 1615 349 1642 ad
364 1615 542 1649 judicaudum
557 1618 701 1652 mundum,
717 1626 779 1646 cum
794 1619 894 1647 habeas
909 1620 1102 1654 deprecantem

1158 1619 1226 1654 μετὰ
1241 1618 1331 1653 δόξης,
1347 1618 1416 1653 ἔχων
1436 1617 1612 1645 δυσωποΰσάν
1630 1626 1671 1650 σε,
1692 1617 1773 1651 Λόγε,
1783 1617 1834 1652 τὴν
1843 1616 1943 1643 Θεοτό-

316 1665 353 1693 te,
377 1669 393 1688 ο
425 1660 560 1692 Verbum.
591 1663 735 1699 Deiparam
763 1672 873 1699 semper
900 1664 1051 1699 Virginem,
1076 1669 1102 1692 et

1155 1673 1203 1691 κον
1230 1664 1280 1700 τήν
1298 1663 1488 1699 ἀει-πάροινον,
1519 1663 1553 1690 τὰ
1575 1663 1630 1690 τῶν
1649 1662 1776 1698 ἀγγέλων
1803 1663 1944 1698 τάγματα,

317 1705 475 1739 angelorum
488 1706 610 1739 ordines,
631 1711 845 1743 sanctorumque
859 1708 1019 1736 concilium.

1155 1711 1201 1738 καὶ
1217 1711 1271 1738 τῶν
1282 1711 1362 1737 ὁσίων
1373 1711 1423 1746 τὴν
1436 1710 1583 1747 ὁμήγυριν.

355 1817 395 1844 Ex
414 1817 520 1846 Conone
542 1819 569 1846 in
584 1818 653 1854 festo
666 1818 694 1846 S.
710 1818 779 1847 Elite
797 1819 947 1855 Prop/telae,
966 1821 1009 1848 die
1022 1821 1068 1850 20.

1163 1820 1213 1847 Ἐκ
1224 1819 1277 1847 τοῦ
1290 1820 1476 1852 Κανόνοςεις
1484 1819 1538 1855 τὸν
1551 1818 1638 1854 ἅγιον
1651 1817 1809 1853 προφήτην
1829 1816 1945 1849 Ἠλιοῦ,

1470 1853 1566 1889 ἡμέρα
1577 1853 1625 1880 δι’·

357 1917 636 1952 Supersuhstantialis
658 1918 741 1952 Deus,
765 1927 799 1947 ex
823 1924 859 1952 te,
881 1928 898 1947 ο
912 1921 1102 1954 mundissimaI

1200 1923 1229 1951 '0
1245 1923 1405 1959 ὑπερούσιος
1420 1922 1496 1954 Θεὸς,
1509 1922 1675 1957 πανάμωμε,
1693 1921 1725 1948 ὲκ
1745 1921 1793 1947 σοῦ
1805 1920 1944 1954 σεσάρκω-

321 1965 481 1992 incarnatus
498 1970 551 1998 est,
566 1970 592 1992 et
606 1971 716 2001 propter
730 1975 782 1995 nos
805 1968 887 1994 homo
904 1967 993 1995 factus
1011 1975 1051 1995 esl
1067 1968 1102 1995 si-

1158 1977 1213 1999 ται,
1229 1969 1276 1996 καὶ
1287 1969 1322 1995 δι’
1347 1969 1421 2003 ἡμᾶς
1435 1967 1512 2003 ὤφθη
1531 1967 1593 1994 καθ’
1615 1967 1689 2002 ἡμᾶς
1715 1967 1729 1992 ὁ
1744 1966 1899 2001 ἄνθρωπος,
1915 1965 1945 1991 όν

319 2011 393 2038 milis
417 2011 498 2039 nobis
515 2019 522 2039 :
536 2019 618 2046 quem
632 2013 755 2047 impense
771 2021 846 2046 roga,
865 2022 881 2041 ο
897 2014 1062 2046 castissima,
1079 2019 1102 2041 ut

1158 2014 1274 2046 ἐκτενῶς
1291 2015 1396 2041 ίκέτευε
1409 2014 1479 2049 ὑπὲρ
1493 2013 1597 2044 πάντας
1619 2011 1780 2047 ἀνθρώπους
1790 2031 1798 2043 ,
1817 2012 1946 2046 ἡμαρτη.

319 2065 372 2090 me,
382 2057 428 2092 qui
440 2065 522 2092 supra
535 2065 631 2086 omnes
644 2058 724 2094 148
736 2059 862 2087 homines
875 2059 996 2094 peccavi,
1021 2060 1102 2087 salvel

1158 2061 1225 2088 κότα
1243 2069 1288 2096 με,
1301 2060 1436 2095 πάναγνε,
1451 2059 1538 2086 σῶσαι
1550 2059 1598 2086 καὶ
1611 2058 1748 2090 κολάσεως
1761 2057 1910 2094 ῥύσασθαι.

318 2107 346 2130 ct
359 2103 454 2131 liberet
469 2111 484 2131 a
500 2104 644 2138 supplicio.

355 2146 377 2175 Ο
389 2152 467 2182 p0rta
482 2148 626 2183 impervia,
646 2156 695 2184 per
707 2157 791 2182 quam
807 2149 942 2177 transitur
961 2150 993 2177 ad
1011 2150 1102 2182 Deum,

1201 2151 1350 2178 ’Δδιόδευτε
1374 2149 1462 2185 πύλη,
1485 2150 1502 2183 ὴ
1527 2149 1596 2184 πρὸς
1607 2148 1674 2174 Θεὸν
1701 2147 1833 2182 φέρουσα,
1859 2146 1946 2176 πύλας

320 2192 487 2227 paenitentiae
498 2198 592 2228 portas
603 2194 678 2228 aperi
693 2195 758 2221 mihi
773 2202 879 2229 precor,
890 2195 1003 2222 abluens
1013 2195 1102 2223 sordet

1161 2196 1305 2232 μετανοίας
1313 2204 1370 2231 μοι,
1381 2195 1460 2230 κόρη,
1472 2194 1589 2227 ἄνοιξον,
1600 2193 1708 2228 δέομαι,
1720 2191 1944 2227 ἀποκαθαίρουσα

320 2242 495 2273 peccatorum
512 2247 634 2266 meorum
652 2239 787 2268 imbribus
802 2240 996 2268 misericordia:
1010 2244 1074 2274 tuaa,
1091 2247 1102 2267 tl

1160 2243 1304 2278 ἁμαρτιῶν
1320 2251 1370 2277 μου
1386 2242 1431 2268 τὸν
1453 2241 1539 2277 sum
1563 2239 1677 2275 ὕμόροις
1697 2238 1744 2265 τοῦ
1771 2238 1864 2270 ἐλέους
1887 2246 1945 2268 σου,

319 2285 407 2320 puella
421 2285 476 2312 Deo
491 2285 666 2313 charissima.

1160 2289 1350 2324 θεοχαρίτωτι,

355 2331 423 2358 Cum
437 2331 566 2359 omnibus
582 2331 740 2360 cmlestibus
757 2331 915 2365 virtutibus,
933 2339 996 2359 cum
1016 2332 1102 2360 omni-

1194 2334 1272 2362 Μετὰ
1289 2333 1384 2361 πασῶν
1395 2333 1450 2360 τῶν
1461 2332 1596 2367 οὐρανίων
1621 2330 1774 2366 δυνάμεων,
1795 2329 1866 2365 μετὰ
1879 2329 1946 2356 πᾶν·

319 2376 371 2404 bus
387 2377 528 2412 prophetis
541 2381 568 2404 et
580 2378 758 2413 martyribus,
773 2385 837 2405 cum
851 2378 985 2412 apostolis
999 2382 1027 2405 et
1037 2386 1102 2405 con-

1157 2391 1222 2413 των,
1240 2383 1373 2408 Δέσποινα
1393 2380 1563 2416 πανάμωμε,
1588 2379 1643 2406 τῶν
1655 2378 1816 2414 προφητῶν,
1828 2378 1876 2405 καὶ
1892 2378 1946 2404 τῶν

321 2422 482 2456 fessoribus,
498 2430 593 2458 preces
608 2423 726 2454 effunde.
746 2431 763 2451 0
779 2424 892 2450 Domina
913 2423 1106 2457 mundissima,

321 2474 349 2508 nt
363 2477 424 2504 ego,
440 2469 486 2504 qui
503 2470 587 2497 multa
601 2471 724 2504 peccavi,
741 2471 858 2498 salutem
873 2477 1035 2505 consequar,
1051 2476 1079 2499 et
1090 2479 1105 2499 a

318 2515 421 2542 futuris
439 2515 528 2550 poenis
543 2515 655 2550 cripiar.

355 2561 444 2596 Super
465 2568 491 2589 te
507 2567 636 2596 tanquam
660 2563 747 2591 imber
763 2564 904 2592 descendit
918 2564 1037 2592 Verbum
1060 2572 1108 2592 su-

320 2608 559 2643 persubstantiale,
576 2608 649 2643 quod
663 2603 823 2644 deprecare,
837 2617 854 2637 0
869 2610 959 2645 puella
975 2611 1104 2638 innocen-

322 2653 440 2685 tis-sima,
454 2658 484 2681 ut
500 2661 583 2688 super
604 2663 647 2682 me
667 2663 740 2682 nunc
759 2655 875 2684 mandas
889 2656 1108 2690 compunctionis

321 2697 407 2726 stillas
427 2698 548 2733 depluat,
565 2699 664 2734 quibus
686 2707 782 2728 omnes
801 2700 998 2728 immensarum
1020 2700 1107 2727 malo-

322 2752 383 2773 rum
397 2752 518 2773 meorum
535 2746 631 2773 sordes
649 2745 806 2773 abluantur.

357 2792 378 2818 Ο
400 2796 477 2826 porta
494 2791 551 2824 Dei,
574 2792 682 2819 divinos
702 2792 842 2827 ingressus
864 2791 978 2820 ostende
1001 2792 1108 2819 miserm

323 2837 421 2864 anima:
437 2845 514 2870 mea»,
532 2846 601 2873 quos
616 2838 754 2873 ingrediar
771 2847 832 2866 cum
847 2838 1032 2871 confessione,
1051 2846 1109 2865 ma-

324 2881 468 2916 lorumque
482 2883 682 2912 absolutionem
699 2884 828 2919 recipiam
840 2905 847 2918 ,
865 2891 881 2911 0
899 2885 1027 2919 Deipara.

362 2925 457 2955 Laudo
477 2933 512 2957 te.
535 2937 552 2956 ο
568 2934 622 2958 tota
637 2930 791 2959 laudabilis.
809 2935 834 2958 et
852 2930 1008 2962 magniﬁco.
1021 2939 1037 2957 0
1052 2930 1107 2957 Deo

1157 2427 1293 2463 ἀθλητῶν,
1307 2427 1354 2454 καὶ
1371 2427 1426 2453 τῶν
1443 2426 1612 2456 ἀποστόλων,
1640 2425 1686 2452 καὶ
1702 2424 1757 2450 τῶν
1774 2425 1868 2455 ὁσίων,
1888 2424 1945 2449 ῐκέ-

1156 2482 1219 2501 esus
1235 2474 1328 2508 τυχεῖν
1341 2480 1375 2508 με
1390 2472 1528 2507 σωτηρίας
1539 2472 1586 2499 τὸν
1598 2470 1684 2498 πολλὰ
1697 2470 1892 2506 ἁμαρτάνοντα
1902 2471 1945 2497 καὶ

1157 2517 1292 2552 ρυσθῆναι
1306 2515 1456 2551 μελλούσης
1470 2516 1617 2548 κολάσεως.

1198 2563 1260 2589 Ἐπὶ
1274 2562 1304 2589 σὲ
1316 2562 1410 2597 ὥσπερ
1422 2562 1524 2597 δμῦρος
1537 2562 1624 2596 Λόγος
1632 2561 1821 2597 καταϐέϐηκεν
1834 2562 1848 2588 6
1861 2562 1947 2596 ὑπερσ

1157 2607 1259 2640 ούσιος,
1286 2607 1315 2634 ὃν
1345 2606 1475 2639 δυσώπει,
1500 2607 1580 2642 κόρη,
1611 2607 1786 2642 ὲπομῦρῆσαί
1819 2615 1868 2642 μοι
1899 2607 1946 2633 νῦν

1158 2653 1331 2686 κατανύξεως
1347 2652 1470 2688 καθαρὰς
1488 2652 1620 2686 σταγόνας
1631 2651 1842 2684 ἁποπλυνούσας
1857 2653 1946 2680 πάντα

1159 2698 1244 2735 ῥύπον
1259 2698 1312 2725 τῶν
1329 2697 1456 2733 ἀμέτρων
1467 2697 1560 2724 κακῶν
1583 2705 1646 2733 μου,
1659 2696 1828 2732 πανάμωμε.

1199 2788 1232 2815 Ἦ
1251 2787 1323 2822 πύλη
1345 2787 1362 2822 ή
1382 2786 1429 2814 τοῦ
1439 2785 1519 2819 Θεοῦ,
1534 2786 1653 2816 εἰσόδους
1666 2785 1740 2817 θείας
1759 2784 1900 2817 ὑπόδειξον
1915 2786 1948 2820 τῇ

1159 2835 1276 2869 ταπεινῇ
1292 2842 1341 2869 μου
1354 2832 1440 2868 ψυχῇ,
1458 2833 1487 2858 ὲν
1501 2829 1545 2863 αἷς
1568 2831 1759 2867 εἰσελεύσομαι
1773 2831 1938 2866 ὲξομολογού

1161 2890 1252 2917 μενος,
1265 2881 1312 2907 καὶ
1327 2879 1420 2906 κακῶν
1434 2879 1484 2913 τὴν
1499 2878 1586 2910 λύσιν,
1606 2878 1733 2910 Θεοτόκε,
1747 2876 1938 2912 ἀπολήψομαι.

1201 2927 1292 2963 ’Υμνῶ
1302 2935 1341 2959 σε,
1350 2925 1418 2952 πανύ
1424 2934 1519 2961 μνητε,
1530 2925 1575 2952 καὶ
1588 2923 1744 2960 μεγαλύνω,
1753 2922 1946 2958 θεοχαρίτωτε,
