2069 3159
310 220 377 254 1155

870 217 901 248 S.
922 216 1080 247 JOSEPHI
1101 214 1380 245 HYMNOGRAPHI

1857 211 1928 244 1156

310 285 426 313 rumque
441 284 484 305 me
500 276 613 304 reddere
630 275 737 311 satagit:
752 278 780 302 tu
795 273 866 302 enim
883 273 937 301 dux
954 281 984 300 es
1001 272 1100 300 infalli-

1161 271 1275 307 ὶπλανὴς
1290 271 1344 297 τῶν
1368 269 1416 297 ἐπὶ
1436 269 1477 296 σοὶ
1501 267 1672 296 πεποιθότων
1683 268 1817 304 ὑπάρχεις
1838 269 1932 305 ὸδηγὶα

313 324 377 351 bilis
390 329 471 358 atque
482 322 556 350 omni
569 329 662 349 errore
671 328 778 353 carens,
787 328 881 348 eorum
894 320 940 354 qui
953 318 1094 346 confidunt

311 370 338 397 in
355 373 392 400 te,
415 373 496 403 atque
524 367 695 395 incessanter
719 367 838 394 clamant
854 374 861 393 :
875 365 983 400 Populi,
1001 371 1096 399 super-

310 414 426 441 exaltate
446 413 603 440 Dominum.

345 459 367 486 0
384 459 464 494 Virgo
478 459 563 485 amica
579 458 726 490 bonorum,
737 458 858 485 animam
876 464 964 484 meam
978 454 1097 490 peccatis

310 505 498 540 malignatam,
511 504 611 531 bonam
627 504 712 537 efﬁce,
729 508 756 531 et
773 504 808 531 ab
822 508 924 530 aeterna
939 501 1048 529 ﬂamma
1066 500 1098 527 li-

311 551 375 578 hera
387 557 431 577 me
443 549 686 578 intercessionibus
700 549 765 576 tuis.

1146 318 1201 345 τῶν
1232 317 1357 353 βοώντων
1384 316 1541 347 ἀπαύστως·
1562 315 1648 348 Λαδς,
1677 315 1847 351 ὐπερυψοῦτε
1869 315 1930 342 Κύ-

1149 372 1216 400 ριον.

1183 451 1319 486 Φιλάγαθε
1334 450 1469 486 Παρθένε,
1485 450 1535 485 τὴν
1549 449 1749 485 κεκακωμένην
1767 451 1826 481 ταῖς
1840 449 1931 485 ἅμαρ-

1147 497 1220 529 τὶαις
1232 497 1322 532 ψυχήν
1346 505 1397 532 μου
1421 496 1567 530 ἀγάθυνον,
1592 495 1640 521 καὶ
1656 495 1766 522 αἰωνίου
1785 495 1884 530 φλογός
1897 503 1933 531 με

1151 543 1237 579 ῥῦσαι
1256 541 1415 577 πρεσϐείαις
1431 550 1488 568 σου.

664 604 741 640 151
773 603 816 632 Ex
843 603 949 631 Canone
978 603 1004 630 in
1031 601 1060 629 S.
1091 599 1238 627 Fantinum
1263 602 1344 625 mart.
1361 598 1403 625 die
1416 597 1451 624 24
1468 597 1556 633 (65").

347 665 367 690 Ο
380 662 550 693 Castissima,
572 669 633 696 qua:
650 661 737 688 lucem
759 660 880 688 divinam
897 663 980 693 atque
998 658 1098 684 imma-

312 710 432 736 culatam
452 709 478 734 in
502 710 590 734 Iuccm
615 706 738 738 edidisti,
764 706 901 738 tenebras,
928 712 989 738 qua:
1010 704 1037 730 in
1055 710 1099 730 me

313 759 389 788 sunt,
407 754 531 789 dispelle,
555 753 647 780 cordis
668 753 719 779 mei
742 752 829 780 nubes
842 752 956 786 dissipa,
975 749 1097 778 illumina

315 808 370 833 Ille,
399 806 475 834 porta
507 799 628 832 luminis,
645 798 692 833 qui
722 802 747 825 te
774 805 835 825 cum
860 797 912 824 lidc
943 795 1098 831 magnifico,

314 845 453 880 Deumque
475 845 597 880 gloritico
617 853 624 871 :
638 843 755 878 gloriose
772 843 844 870 enim
861 843 1030 878 gloriticatus
1047 846 1098 868 est.

351 890 408 922 llle,
438 890 485 924 qui
514 888 616 924 duplici
642 889 773 923 praeditus
804 893 902 915 natura
927 887 1100 922 intelligitur,

317 936 387 962 Deus
405 939 432 961 et
454 935 553 967 homo,
580 932 729 961 Paternum
756 933 847 960 sinum
871 933 944 959 nulla
969 940 1001 959 ex
1026 936 1102 966 parte

316 980 522 1014 derelinquens,
544 979 572 1006 in
593 979 732 1011 sinu-tuo,
749 985 765 1005 ο
788 977 871 1013 Virgo
897 978 1037 1009 inviolata,
1057 984 1104 1003 re—

317 1026 387 1052 sedit
406 1023 681 1059 circumscriptibilis,
705 1030 769 1050 cum
791 1022 826 1050 sit
846 1023 1104 1057 incircumscriptus

317 1075 412 1105 suapte
425 1073 532 1096 natura.

354 1117 427 1143 Deus
453 1115 574 1143 ccelestis
606 1113 678 1141 intra
704 1113 812 1141 viscera
841 1117 887 1140 tua
923 1111 1069 1144 habitavit,
1087 1121 1103 1139 υ

318 1159 424 1192 Puella,
441 1164 523 1193 atque
547 1158 684 1185 hominem
703 1157 849 1190 dedicavit,
866 1161 947 1191 teque
960 1157 1106 1184 universo-

319 1212 380 1232 rum
394 1204 576 1239 patrocinium
592 1203 804 1238 praesidiumque
815 1202 968 1230 constituit.

356 1250 471 1286 Legales
502 1249 557 1284 typi
585 1249 797 1284 praefigurabant
821 1248 983 1284 mysterium
1008 1254 1107 1276 conce-

321 1294 455 1329 ceptionis
471 1299 534 1326 tua,
551 1301 668 1328 quorutn
686 1300 738 1320 nos
761 1293 900 1320 intuentes
926 1291 1030 1320 exitum
1046 1291 1106 1326 glo-

322 1340 461 1366 ritlcatnns
477 1344 513 1371 te,
534 1345 550 1365 o
567 1337 660 1373 Virgo,
675 1345 736 1372 qua:
750 1337 822 1365 facta
834 1345 864 1366 es
875 1337 999 1365 omnium
1022 1336 1108 1364 bono-

321 1392 382 1412 rum
394 1390 489 1415 causa,
507 1387 533 1410 et
547 1390 635 1417 genus
647 1388 771 1410 nostrum
790 1382 875 1417 gratia
888 1381 1036 1416 rcplevisti.

358 1429 474 1464 Respice
496 1429 523 1456 in
550 1435 604 1461 me,
622 1435 639 1455 o
661 1427 718 1455 Deo
741 1427 899 1462 gratissima
917 1426 1033 1461 Regina,
1051 1430 1078 1453 et
1093 1432 1108 1452 a

323 1507 368 1535 Ea:
379 1506 485 1535 Canam:
501 1507 529 1533 in
543 1506 610 1541 festo
622 1505 672 1533 SS.
691 1504 837 1566 Ilerzmlgfz,
852 1509 877 1531 et
889 1504 1020 1531 sociarant
1036 1510 1110 1530 mar-

629 1546 725 1566 tutum.
765 1548 788 1566 te
838 1558 844 1565 ι

629 1546 725 1576 tymm,
746 1546 788 1566 me
800 1546 844 1565 ΖΑ.

359 1599 452 1626 Redde
480 1598 546 1625 mihi
565 1598 704 1625 Christum
726 1596 889 1631 propitium,
904 1603 920 1622 o
946 1594 1027 1629 Virgo
1051 1598 1108 1620 tota
1123 1585 1144 1614 (ἶ

326 1646 387 1673 sine
404 1645 511 1672 macula
526 1643 595 1680 ‘66),
612 1643 731 1670 liberans
748 1650 792 1669 me
811 1642 838 1668 in
855 1641 900 1668 die
914 1639 1014 1668 Judicii
1029 1648 1044 1667 a
1056 1644 1110 1667 trc-

326 1693 426 1720 menda
443 1690 630 1718 damnationis
647 1688 793 1716 sententia.

361 1737 460 1764 Libera
488 1744 541 1767 me,
566 1743 583 1763 o
613 1732 877 1764 iunuaculatissima,
903 1738 919 1759 a
949 1731 1111 1767 gravissima

326 1786 489 1818 tempestate
501 1785 690 1816 peccatorum,
707 1783 735 1806 et
747 1778 957 1813 cogitationum,
973 1784 1034 1812 quae
1047 1784 1111 1804 cru-

327 1833 425 1860 deliter
441 1829 573 1858 invadunt
590 1834 639 1855 cor
655 1833 755 1853 meum.

362 1878 506 1912 Tanquam
524 1875 640 1902 thronus
657 1870 822 1907 igniforntis,
839 1869 986 1898 Dominum
1008 1869 1074 1902 fers,
1096 1875 1113 1895 ο

327 1925 419 1952 divina
439 1923 528 1958 gratia
551 1918 787 1950 cumulatissima;
805 1925 886 1952 quem
914 1917 1060 1951 deprecare
1083 1919 1114 1942 ut

328 1971 420 1999 salvos
436 1969 519 1996 faciat
532 1974 583 1994 nos
597 1967 622 1993 in
635 1965 740 2000 peccati
757 1963 816 1991 salo
830 1962 1027 1998 periclitantes.

364 2016 503 2043 Habentes
527 2017 563 2044 te,
589 2020 605 2039 ο
632 2011 724 2046 Virgo,
748 2009 942 2045 patrocinium,
968 2006 1112 2042 refugium,

330 2063 493 2096 firmamque
507 2058 706 2089 defensionem,
722 2064 769 2091 per
790 2060 815 2083 te
831 2055 978 2082 liberemur
993 2053 1026 2080 ab
1039 2052 1115 2080 omni

330 2107 519 2135 tribulatione.

369 2154 532 2190 Tempestas
556 2153 753 2180 immensarum
786 2153 958 2184 peccatorum
992 2154 1114 2174 meorum

331 2201 479 2229 conturbat
495 2206 549 2230 me,
566 2202 593 2225 et
607 2197 632 2224 in
651 2196 816 2231 profundunt
833 2193 1033 2228 desperationis
1044 2200 1117 2220 sem-

1150 656 1333 690 pessimorum
1355 653 1522 684 daemonum,
1537 651 1583 686 qui
1603 658 1647 679 me
1665 650 1839 683 conturbant,
1854 655 1935 678 vexa‘

1153 702 1239 732 tione,
1254 704 1281 727 et
1298 700 1332 726 ab
1348 699 1409 734 igne
1425 698 1557 733 gehennae
1577 697 1663 725 libera
1683 705 1737 730 tne,
1762 696 1810 731 qui
1827 701 1852 724 te
1873 704 1934 723 cum
1958 731 1960 733 ἓ

1151 746 1205 773 lide
1218 744 1355 771 collaudo.
1772 772 1774 775 π

1187 789 1423 825 Quemadmodum
1438 796 1492 815 non
1507 787 1659 815 combussit
1674 786 1740 814 olim
1759 785 1830 821 ignis
1843 784 1936 812 forna-

1153 838 1194 865 cis
1213 835 1445 872 prudentissimos
1466 833 1673 864 adolescentes;
1698 831 1735 859 ita
1760 838 1811 858 nec
1831 831 1937 858 vulvam

1155 888 1242 915 tuam,
1257 880 1422 916 Deigenitrix
1437 878 1530 913 Virgo,
1546 877 1698 906 combussit
1718 884 1792 904 nunc
1807 876 1877 911 ignis
1894 876 1939 903 Di-

1117 921 1138 948 Β
1154 926 1289 957 vinitatis,
1305 932 1366 960 qua:
1379 925 1406 951 in
1424 930 1450 950 te
1465 927 1571 950 naturae
1583 922 1716 950 terminos
1732 921 1884 948 inn0vavit.

1188 970 1284 998 Morbo
1305 969 1428 1001 affectos,
1453 972 1536 1003 atque
1558 968 1592 994 ad
1615 971 1716 994 terram
1739 966 1894 997 inclinatos.
1910 970 1938 993 et

1153 1022 1268 1053 peccato
1299 1017 1389 1051 palam
1413 1014 1577 1046 servientes,
1602 1013 1734 1041 Dominus
1755 1013 1940 1047 omnipotens,

1154 1071 1217 1092 cum
1245 1062 1426 1090 inhabitasset
1453 1064 1562 1088 uterum
1590 1064 1677 1091 tuum,
1703 1058 1840 1090 salvavit;
1870 1058 1943 1086 unde

1154 1114 1230 1134 nunc
1248 1106 1325 1133 firma
1343 1106 1395 1133 lide
1414 1105 1535 1132 clamant
1548 1103 1582 1130 ad
1598 1111 1683 1131 eum:
1703 1102 1798 1136 Pueri,
1817 1108 1871 1130 etc.

1191 1152 1355 1187 Corruptam
1376 1152 1574 1186 terrigenarum
1591 1151 1773 1178 substantiam
1800 1155 1879 1185 partu
1897 1155 1944 1177 tuo

1156 1197 1360 1234 incorruptibili
1375 1197 1580 1232 redintegrasti.
1593 1196 1775 1229 Quamobrem
1788 1195 1923 1224 vociferor
1935 1204 1943 1222 :

1157 1244 1321 1279 Redintegra
1350 1251 1394 1272 me
1420 1243 1467 1278 qui
1493 1247 1568 1270 totus
1589 1242 1821 1276 concupiscentiis
1849 1241 1945 1276 pravis

1157 1295 1305 1326 corruptus
1321 1298 1395 1323 sum,
1418 1290 1498 1325 152
1519 1293 1614 1325 utpote
1635 1288 1843 1324 benignissima,
1857 1291 1884 1315 et
1900 1295 1946 1315 se-

1157 1337 1240 1364 mitas
1265 1336 1414 1371 dirigentes
1437 1336 1472 1363 ad
1498 1333 1582 1363 vitam
1612 1335 1772 1362 demonstra
1799 1333 1885 1366 mibi;
1915 1337 1945 1360 tu

1157 1382 1230 1409 enim
1245 1389 1276 1410 es
1288 1382 1343 1409 dux
1359 1381 1496 1415 omnium,
1513 1381 1561 1416 qui
1577 1384 1726 1408 recurrunt
1750 1379 1784 1406 ad
1803 1383 1840 1412 te,
1858 1386 1875 1406 ο
1895 1386 1945 1413 pu-

1159 1436 1280 1456 l'lSSlma.

1166 1506 1217 1535 Ἐκ
1236 1506 1289 1533 τοῦ
1305 1506 1440 1538 Κανόνος
1453 1507 1497 1538 εὶς
1515 1505 1570 1532 τὸν
1587 1505 1673 1539 ἄτιον·
1685 1505 1822 1539 μάρτυρα
1845 1505 1948 1539 Ἑρμό-

1264 1543 1342 1568 λαον
1353 1541 1402 1567 καὶ
1417 1541 1488 1573 τοὺς
1503 1540 1564 1567 σὺν
1578 1538 1667 1572 αὐτῷ,
1681 1538 1775 1575 ἡμέρᾳ
1789 1538 1840 1571 κζ’.

1196 1597 1291 1624 Ἰλεών
1303 1606 1358 1632 μοι,
1372 1597 1506 1632 Παρθένε,
1519 1596 1566 1623 τὸν
1584 1597 1703 1632 Χριστὸν
1719 1596 1884 1633 ἀπέργασαι,
1894 1605 1948 1623 πα-

1162 1644 1289 1680 νάμωμε,
1319 1644 1347 1671 ὲν
1363 1644 1456 1680 ἡμέρα
1475 1644 1525 1679 τῆς
1548 1643 1627 1679 δίκης
1652 1643 1771 1678 φοϐερᾶς
1796 1643 1948 1678 καταδίκης

1163 1691 1319 1726 ὲξαίρουσα.

1206 1736 1301 1763 Ῥὖταί
1326 1744 1371 1771 με.
1389 1735 1556 1771 πανάμωμε,
1571 1734 1715 1770 ἁμαρτιῶν
1738 1734 1827 1761 δεινοῦ
1843 1734 1948 1761 κλύδωο

1162 1791 1218 1816 νος,
1238 1781 1286 1809 καὶ
1309 1781 1453 1817 λογισμῶν
1473 1780 1529 1808 τῶν
1542 1780 1763 1815 ἐπεμϐαινόντων
1777 1779 1896 1814 ἀφειδῶς
1915 1780 1948 1813 τῇ

1162 1828 1264 1864 καρδίᾳ
1279 1836 1341 1863 μου.

1201 1874 1307 1909 Ὠσπερ
1333 1872 1427 1909 θρόνος
1438 1872 1612 1908 πυρίμορφος
1627 1871 1721 1908 φέρεις
1735 1870 1781 1898 τδν
1796 1870 1948 1905 Δισπὸτην,

1164 1920 1358 1956 θεοχαρίτιινι-ε,
1383 1919 1413 1946 δν
1441 1919 1546 1946 ἱκέτευε
1569 1918 1689 1954 σωθῆναι
1715 1918 1789 1954 ἡμᾶς
1813 1918 1949 1953 ἁμαρτίας

1165 1966 1239 2001 σάλῳ
1254 1965 1472 1998 κινδυνεύοντας.

1200 2011 1234 2038 Σὲ
1248 2011 1428 2047 προστασίαν,
1443 2010 1616 2046 καταφυγὴν,
1637 2010 1684 2037 καὶ
1700 2009 1812 2046 βεϐαίαν
1833 2010 1948 2043 ἀντξλη-

1165 2056 1212 2092 ψιν
1222 2065 1306 2092 κεκτη
1311 2057 1398 2093 μένοι,
1408 2057 1540 2092 Παρθένε,
1549 2056 1661 2092 ῥυσοείη
1665 2065 1726 2091 μεν,
1735 2056 1779 2083 διὰ
1788 2055 1848 2088 σοῦ,
1860 2055 1949 2090 πάσης

1168 2102 1295 2137 θλίψεως.

1204 2149 1314 2175 κλύδων
1327 2157 1361 2181 με
1370 2149 1424 2175 τῶν
1436 2149 1565 2184 ἀμέτρων
1575 2149 1756 2183 πταισμάτων
1769 2148 1948 2182 συνταράττει

1168 2194 1216 2221 καὶ
1238 2194 1311 2229 βυθῷ
1324 2194 1507 2229 παραπέμπει
1519 2193 1653 2228 διηνεκῶς
1665 2194 1859 2227 ἀπογνώσεως,
1872 2194 1949 2227 κόρη·

331 2256 379 2283 per
394 2247 489 2281 dejictt
510 2253 563 2278 me,
585 2251 602 2271 ο
624 2242 717 2269 Puella
733 2250 740 2268 :
757 2245 785 2268 at
801 2245 828 2267 tu
852 2240 1033 2275 praeveniens,
1051 2246 1109 2273 por-

1168 2241 1235 2268 ἀλλὰ
1252 2240 1434 2275 προφθάσασα
1449 2241 1530 2275 χεῖρά.
1555 2249 1600 2274 μοι
1624 2239 1728 2275 ὄρεξον,
1750 2240 1796 2266 καὶ
1811 2239 1884 2266 δίδου
1904 2248 1949 2273 μοι

331 2296 388 2330 rige
413 2293 479 2320 mihi
498 2298 609 2318 manum
637 2294 723 2321 tuam,
749 2291 776 2314 et
795 2288 830 2313 da
847 2286 926 2319 milii,
944 2290 973 2312 ut
993 2285 1020 2312 in
1038 2288 1114 2312 tran-

332 2340 418 2375 quillo
435 2337 600 2373 pmuilettlite
613 2339 694 2370 portu
709 2341 822 2361 securus
833 2332 980 2367 ingrediar.

371 2385 454 2421 Virgo
466 2383 540 2411 omni
553 2382 699 2410 sanctitate
714 2379 838 2415 praedita,
852 2385 912 2412 quae
926 2377 1010 2404 Deum
1023 2376 1113 2403 incar-

333 2437 425 2459 uatnm
450 2428 593 2464 peperisti,
610 2428 644 2454 ab
659 2426 735 2453 omni
758 2430 880 2460 peccato.
898 2428 926 2450 et
942 2422 1116 2449 tribulatione

333 2477 438 2504 salvum
456 2475 500 2502 fac
515 2475 643 2509 populqu
661 2477 736 2499 tuum
756 2471 918 2498 clamantem
932 2477 939 2496 :
955 2467 1117 2495 Benedictus

333 2531 374 2555 cs,
395 2522 467 2549 Deus
481 2520 605 2547 Patrum.

369 2612 448 2648 (65")
459 2610 573 2648 Menam
591 2615 651 2648 non
659 2607 769 2648 habent.

371 2637 427 2682 ltili)
439 2637 629 2682 'Consonat_
638 2642 774 2682 fAmadeus
786 2637 989 2682 Lausalnlne'nsis
1003 2637 1119 2682 antistes

335 2672 430 2711 hoinill.
446 2672 461 2708 ’ί
475 2672 518 2708 de
533 2680 562 2706 ll.
580 2678 612 2706 V.
630 2679 694 2705 dum
714 2676 846 2703 inducens
867 2674 1005 2711 Christum
1039 2672 1118 2699 Matri

336 2708 438 2746 Edisti.
454 2716 551 2744 ccelutn
568 2713 695 2742 subeunti
715 2711 906 2746 gratulantem.
922 2709 949 2736 in
966 2708 1039 2746 hunc
1059 2715 1119 2734 mo—

336 2744 401 2781 dum
417 2753 512 2780 scribit
526 2759 534 2778 :
551 2759 560 2775 ε
581 2744 994 2781 Ι)οωίιιυεὶεείειειιε-οετεεθαξ
1012 2744 1045 2781 de
1058 2750 1119 2770 cor-

355 2778 612 2822 ὀὲὶὲξίιὲὶρνπᾱιειιι
633 2782 727 2822 laudes
748 2781 833 2822 ejus.~j
852 2779 924 2822 ,Τυχει
949 2778 1063 2822 pglchra
1078 2785 1117 2822 es}.

355 2797 412 2820 ore,
433 2797 467 2815 Ital
483 2797 612 2822 pratulum.
633 2797 727 2810 liluuc:
748 2797 833 2815 σμηκ.
863 2797 924 2806 ινιιι
949 2797 1063 2814 ,ιη-νη...
1078 2797 1117 2817 εἴη,

338 2797 422 2851 Slater
451 2830 522 2854 mea,
540 2824 567 2847 et.
595 2818 701 2846 macula
726 2821 836 2854 nonest
851 2814 947 2854 in_'l_'e.
965 2812 1045 2854 'l‘ota,
1059 2817 1117 2854 ¹ειη,

339 2847 645 2892 pulei-trahes;pulcltra_
656 2854 683 2892 in
699 2853 829 2892 cogitatu,
846 2850 956 2884 pulchra
971 2847 1093 2892 i'nnverbo
1110 2856 1117 2874 :

340 2883 452 2926 Baliari
469 2883 495 2918 in
509 2883 583 2921 actu,
602 2889 715 2924 pulchra
731 2883 765 2926 ab
775 2891 836 2926 ortu
853 2891 939 2926 usque
952 2883 985 2910 ad
999 2883 1090 2926 linem.
1107 2891 1115 2907 ι

342 2919 387 2953 Sic
400 2927 452 2955 illc.
465 2926 516 2953 Ubi
533 2919 610 2953 ortus
623 2931 676 2951 non
697 2922 878 2952 nativitatem,
894 2919 940 2946 sed
957 2923 1117 2953 conceptum

1169 2285 1238 2321 ’πρὸς
1259 2286 1393 2321 γαληνοὺς
1409 2285 1552 2320 μετανοίας
1564 2284 1677 2320 λιμένας
1692 2284 1866 2320 ὁρμίζεσθαι.

1204 2374 1328 2408 Παναγία
1336 2374 1468 2409 Παρθένε,
1477 2375 1494 2408 ἡ
1503 2373 1570 2400 Θεὸν
1581 2373 1750 2414 σαρκοφόρον
1759 2373 1953 2407 ἀποκυήσασα.

1170 2421 1202 2447 ὲκ
1221 2421 1312 2455 πάσης
1332 2421 1468 2455 ἁμαρτίας
1494 2420 1540 2446 καὶ
1555 2419 1670 2454 θλίψεως
1693 2420 1798 2454 βοῶντα
1826 2419 1872 2445 τὸν
1889 2419 1953 2445 lado

1172 2473 1219 2492 σου
1233 2466 1379 2500 περίσωζε·
1400 2466 1428 2491 '0
1442 2465 1495 2491 τῶν
1514 2465 1642 2500 Πατέρων
1653 2465 1732 2499 ἡμῶν
1745 2464 1824 2495 Θεὺς,
1839 2464 1955 2497 εὐλογη-

1170 2513 1216 2544 τὸς
1230 2510 1267 2540 εἷ.

1169 2602 1311 2637 passivum
1331 2607 1420 2634 sonat,
1446 2609 1461 2628 a
1485 2609 1540 2636 quo
1557 2607 1631 2634 ortu,
1650 2602 1714 2637 sive
1732 2603 1868 2637 principio
1895 2603 1955 2629 vita-

1171 2636 1258 2672 iisque
1271 2638 1304 2664 ad
1331 2638 1411 2664 tinent
1428 2638 1454 2664 in
1475 2642 1572 2669 morte,
1595 2638 1672 2664 beata
1693 2636 1777 2672 Virgo
1793 2636 1861 2670 tota,
1878 2637 1955 2672 juxta

1170 2672 1334 2703 Amadeum,
1352 2677 1480 2707 perpetuo
1507 2673 1589 2699 nituit
1610 2673 1715 2707 absque
1743 2673 1818 2699 omni
1844 2681 1955 2708 prorsus

1171 2708 1290 2735 macula.
1307 2708 1443 2742 Alioquin,
1461 2708 1483 2734 si
1510 2708 1646 2734 Amadeus
1674 2709 1830 2742 significare
1854 2708 1956 2734 voluis—

1172 2748 1213 2781 set
1225 2747 1319 2781 ortum.
1330 2750 1363 2781 ex
1386 2748 1473 2781 utero,
1490 2743 1816 2781 nimirumnativitatem,
1838 2743 1957 2781 diminu-

1173 2778 1296 2805 tissimus
1311 2777 1420 2809 luisset,
1436 2779 1491 2805 imo
1505 2778 1604 2805 falsum
1619 2777 1743 2810 dixisset,
1762 2785 1824 2804 cum
1842 2777 1957 2811 Deipara

1171 2812 1253 2840 fuerit
1270 2813 1383 2848 pulchra
1396 2821 1443 2848 per
1460 2813 1575 2848 gratiam
1598 2817 1661 2848 ante
1677 2814 1847 2840 nativitatem
1866 2820 1956 2848 suam,

1172 2847 1309 2875 utomnes
1326 2847 1489 2875 concedunt.
1514 2847 1581 2876 Vide
1606 2847 1793 2883 Nieremberg,
1811 2849 1838 2875 in
1860 2847 1956 2874 Sacro-

1171 2883 1272 2919 sgllabo
1286 2883 1314 2916 5,
1326 2891 1386 2919 pag.
1403 2883 1467 2911 255.
