2069 3159
136 189 203 222 1157

861 193 1043 225 MARIALE.

1689 206 1757 236 1158

171 244 205 271 Σὲ
228 243 259 270 τὸ
277 245 393 280 τερπνὸν
406 245 538 273 παλάτιον
562 246 611 274 καὶ
632 247 745 284 φαιδρὸν
762 247 913 285 ἐνδιαίτημα

1011 250 1049 277 Te
1063 250 1215 285 jucundum
1233 252 1378 287 palatium,
1396 259 1424 282 et
1447 256 1618 291 splendidum
1640 259 1754 289 dornici-

135 289 184 316 τοῦ
212 290 420 325 παμῦασιλέως,
448 293 570 326 παναγία
593 293 738 327 Δέσποινα,
768 294 918 329 ὑμνοῦμεν,

136 334 270 369 δεόμενοι,
287 335 369 366 ναοὺς
394 336 467 370 ἡμᾶς
485 336 624 369 ἀνάδειξον
634 338 681 364 τοῦ
696 339 729 364 ὲκ
747 339 794 365 σοῦ
809 339 920 375 τεχθέν-

135 386 193 410 τος,
223 378 448 413 καθαρεύσαντας
471 379 561 416 πάσης
583 381 682 413 κακίας
707 381 843 414 ἐναντίας,
873 384 920 409 καὶ

136 424 257 459 βοῶντας
271 424 430 457 ἀπαύστως·
451 425 534 460 Δαὸς,
550 426 720 462 ὑπεροψοῦτε
741 428 859 463 Χριστὸν
880 431 919 462 εἰς

134 471 197 501 τοὺς
213 469 327 502 αἰῶνας.

170 515 266 542 Φεῑσαί
293 524 357 551 μου,
381 516 484 553 Σῶτερ,
499 518 513 544 ὁ
532 518 641 553 τεχθεὶς
661 521 710 547 καὶ
729 519 852 554 φυλάξας
868 520 918 554 τὴν

133 561 267 588 τεκοῦσαν
282 570 312 588 σε
329 561 448 597 ἄφθορον
465 563 535 598 μετὰ
550 565 599 600 τὴν
615 564 713 600 κύησιν
732 566 796 592 ὅταν
804 565 918 602 καθίσῃς

134 609 227 642 κρῖναι
242 608 276 634 τὰ
289 608 446 643 σύμπαντα,
459 609 508 641 τὰς
527 611 642 646 ἀνομίας
657 612 787 647 παρορῶν
809 613 857 639 καὶ
869 621 918 644 τας

134 654 272 689 ἁμαρτίας
288 662 351 689 μου,
370 654 409 687 ὡς
422 656 615 692 ἀναμάρτητος
637 656 775 693 ἐλεήμων,
799 657 837 690 ὡς
851 657 917 690 Θεὸς

135 699 183 725 καὶ
198 699 397 735 φιλάνθρωπος.

139 800 193 838 ‘qu
214 800 267 838 τοῦ
288 801 426 838 Κανόνι-ος
438 803 482 835 εις
497 803 569 835 τοὺς
593 803 696 838 ἁγίους
723 804 916 837 ἀποστόλους

168 837 336 905 Ιῧιῖἓχωρογ,
352 837 512 871 Νικάνορα.
533 839 657 872 Τίμωνα,
671 839 721 866 καί
735 839 910 874 Ιιαρμήνιιν,

167 879 178 897 1
222 879 262 905 ρᾳ
277 879 312 906 κη
322 891 330 898 .

974 296 1041 323 lium
1053 299 1174 324 omnium
1190 298 1281 333 ltegis,
1297 308 1314 326 ο
1330 301 1502 330 sanctissima
1518 303 1755 338 Domina,_lauda-

971 349 1042 373 mus,
1064 343 1250 376 obsecrantes,
1269 349 1298 371 ut
1313 345 1414 373 eﬂicias
1432 355 1481 375 nos
1503 351 1602 384 templa
1619 336 1683 380 Fifii
1703 353 1756 386 tui,

972 389 1103 420 purgatos
1117 386 1152 413 ab
1165 388 1239 414 oumi
1254 389 1415 418 adversante
1431 393 1545 426 malitia,
1559 399 1586 421 et
1599 395 1755 425 incessabili

970 437 1037 457 voce
1050 431 1199 460 clamantes
1216 442 1223 460 :
1242 433 1348 469 Populi,
1361 438 1562 472 superexaltate
1570 439 1709 469 Christum
1725 443 1754 470 in

969 476 1079 504 sazcula.

1004 521 1090 550 Parce
1113 523 1192 557 mihi,
1209 524 1335 554 Salvator
1351 528 1409 563 (qui
1426 535 1516 562 natus,
1537 533 1653 560 servasti
1672 532 1755 561 Geni-

969 567 1063 595 tricem
1078 573 1150 597 tuam
1168 571 1352 607 incorruptam
1370 580 1431 609 post
1443 576 1573 612 partum),
1590 580 1752 613 quandoae-

968 614 1045 642 debis
1063 616 1236 650 iudicaturus
1259 619 1337 654 153
1361 621 1504 655 universa;
1522 631 1574 649 non
1603 625 1753 659 respiciens

968 661 1125 696 iniquitates
1142 671 1227 697 meas,
1243 670 1270 692 et
1285 671 1397 699 peccata
1418 674 1490 700 mea,
1506 673 1635 703 tauquam
1653 670 1753 705 impcc—

968 708 1074 740 cabilis,
1097 713 1125 736 et
1149 710 1325 744 misericors;
1346 717 1476 748 tanquam
1500 713 1583 748 Deus,
1603 721 1630 742 et
1646 721 1753 744 amator

967 753 1108 782 hominum

968 809 1010 835 Ea:
1026 809 1172 850 Canone_in
1189 812 1255 850 [esto
1276 812 1326 850 SS.
1343 814 1524 850 apostolorum
1542 817 1681 850 Prae/tori,
1702 818 1751 845 Ni-

1052 847 1168 878 canoris,
1191 847 1318 881 Timonis,
1339 853 1364 875 et
1384 849 1533 884 Parmenw,
1554 852 1596 878 die
1616 852 1660 880 9.8.

169 927 282 962 Πορεῖαι
298 929 384 956 αἰτοῦ
399 929 478 962 Θεοῦ,
491 930 657 966 πανάμωμε,
678 932 705 958 ἐν
725 932 767 959 σοὶ
779 932 913 967 ἐγνώσθη-

1002 931 1101 958 Itinera
1118 932 1165 960 Dei
1182 932 1253 961 facta
1271 934 1297 961 iu
1311 939 1337 962 te
1350 935 1458 970 cognita
1472 942 1546 970 sunt,
1559 945 1576 964 ο
1589 938 1750 966 immacula-

133 981 182 998 σαν
197 974 380 1008 γεγενημέναι
398 974 465 1011 ξένῳ
480 976 583 1012 τοκετῷ
592 977 750 1012 άσυγκρίτῳ
760 986 789 1004 τε
805 977 912 1004 ἑνώσει·

129 1016 191 1044 ὅθεν
206 1017 244 1050 ὡς
257 1021 366 1046 πάντων
382 1020 527 1048 δέσποιναν
547 1022 601 1049 τῶν
618 1023 780 1058 ποιημάτων
793 1031 823 1049 σε
835 1024 913 1055 δοξά-

130 1063 224 1098 ζομεν.

166 1109 336 1143 Σταλάζοντα
358 1111 515 1147 γλυκασμὸν
541 1113 589 1140 καὶ
612 1114 803 1149 ἀπολύτρωσιν
819 1115 913 1142 κακῶν

129 1155 243 1188 τέτοκας
257 1157 303 1183 τὸν
315 1157 417 1191 ἀγαθὸν
431 1157 543 1194 Κύριον,
563 1160 682 1194 άχραντε
710 1159 827 1195 παρθένε
844 1167 913 1186 παν-

130 1201 243 1237 ἀμωμε.

170 1249 378 1285 Ἀπειρογάμως
394 1251 513 1287 ὲκύησας
527 1251 593 1278 Θεὸν
603 1252 688 1286 Λόγον
701 1253 911 1288 σωματωθέντα,

130 1294 262 1329 πάναγνε,
287 1296 358 1332 ὑπὲρ
371 1297 434 1324 νοῦν
450 1299 496 1325 καὶ
515 1299 603 1333 λόγον·
628 1299 689 1326 ὅθεν
705 1300 866 1335 καταχρέως
881 1309 910 1327 σε

130 1341 271 1376 Παρθένον
281 1342 427 1378 δοξάζομεν
440 1344 486 1371 καὶ
505 1344 681 1379 χρεωστικῶς
699 1346 899 1381 μακαρίζομεν.

170 1473 324 1510 Ύμνοῦμέν
347 1483 376 1502 σε
398 1475 433 1502 δι’
458 1473 492 1512 ἧς
514 1476 564 1510 τῆς
582 1476 684 1511 φθορᾶς
710 1477 910 1513 ὲλυτρώθημεν,

129 1521 283 1555 πανάμωμε
294 1541 301 1552 ,
316 1521 363 1547 τοῦ
382 1521 490 1554 ἀδύτου,
517 1522 564 1548 καὶ
584 1522 634 1557 τῆς
650 1523 714 1557 πρὶν
729 1523 913 1559 τυραννούαης

129 1565 228 1597 κακίας
244 1566 291 1592 τοῦ
307 1567 468 1601 ἀλάστορος.

163 1610 262 1642 Τάξεις
290 1619 320 1637 σε
349 1600 502 1646 ἀσωμάτων
526 1612 649 1646 ἀγγέλων
675 1613 844 1648 γεραίρουσι,
865 1600 947 1640 καὶο

128 1655 286 1682 ἀποστόλων
298 1658 412 1692 χορεῖαι,
425 1659 471 1684 καὶ
482 1657 629 1692 μαρτύρων
638 1657 731 1693 δῆμοι.
744 1658 909 1695 Θεοκυῆτορ·

127 1700 173 1726 τὸν
188 1700 243 1736 γὰρ
258 1702 367 1728 πάντων
383 1702 500 1729 Βασιλέα
516 1703 664 1738 ἀφράστως
677 1703 807 1739 ἑκύησας.

163 1793 242 1827 Λόγῳ
257 1794 302 1821 τὸν
313 1794 399 1829 Λόγον
415 1795 461 1822 τὸν
477 1795 523 1822 τοῦ
542 1796 659 1832 Πατρὸς,
677 1797 762 1833 κόρη,
778 1798 909 1832 τέτοκας,

127 1838 199 1874 λόγῳ
211 1839 326 1874 οὐρανὸν
341 1841 494 1876 ποιήσαντα
512 1841 559 1868 καὶ
572 1842 623 1877 τὴν
642 1841 705 1877 γῆν,
725 1843 772 1869 καὶ
790 1843 912 1876 δοξάζεις

127 1884 231 1917 τοῦτον,
248 1887 401 1921 πανάμωμε
414 1907 421 1918 ,
439 1886 520 1921 λόγον
535 1887 691 1923 παρέχοντα
704 1889 760 1920 τοῖς
782 1889 911 1924 καθαρῶς

127 1931 202 1966 αὐτῷ
215 1931 262 1958 νῦν
278 1933 461 1960 πιστεύουσιν.

169 1977 234 2003 Ἰδοὺ
248 1977 387 2013 θεηγόρων
400 1979 429 2006 αἱ
446 1979 536 2014 φωναὶ
554 1980 642 2016 πέρας
656 1980 791 2015 ἐδέξαντο,
811 1982 911 2009 ἀποτε-

127 2022 228 2058 κούσης
245 2023 290 2049 σοῦ
304 2024 349 2050 τὸν
365 2025 527 2060 ὑπερούσιον
543 2027 656 2062 Κύριον,
674 2027 721 2054 ὑπ’
738 2028 851 2055 ἐκείνων
864 2029 910 2055 τὸν

127 2069 301 2103 δηλούμενον,
316 2072 356 2101 εἰς
373 2072 510 2106 σωτηρίαν
523 2072 578 2098 τῶν
593 2073 707 2107 πιστῶν,
718 2073 908 2109 θεοχαρίτωτε,

126 2122 181 2140 των
201 2114 336 2149 βοώντων·
352 2117 445 2144 Πάντα
459 2117 494 2144 τὰ
504 2117 573 2154 ἔργα
581 2119 695 2155 Κυρίου,
712 2119 849 2153 εὐλογεῖτε
865 2119 910 2147 τὸν

126 2161 240 2197 Κύριον,

162 2209 255 2243 Φωνήν
271 2217 312 2236 σοι
328 2209 444 2245 βοῶμεν,
462 2211 594 2245 Παρθένε,
609 2212 765 2248 περιχαρῶς
777 2213 824 2240 τοῦ
840 2213 910 2249 ἀρχ-

967 977 1085 1010 tissima,
1119 985 1167 1013 per
1198 984 1306 1014 partum
1339 985 1415 1008 tuum
1450 983 1636 1017 peregi-inurit,
1669 989 1752 1019 atque

967 1024 1095 1050 unionem
1112 1025 1374 1060 incomparabilem:
1394 1029 1464 1055 unde
1481 1033 1608 1064 tanquam
1627 1032 1750 1059 euntium

965 1073 1153 1097 creaturarum
1166 1070 1308 1098 Dominam
1325 1077 1350 1099 te
1367 1073 1561 1107 gloriﬁcamus.

1001 1114 1104 1142 Bonum
1132 1117 1278 1144 Dominum
1301 1118 1448 1146 stillantem
1465 1120 1647 1153 dulcedinem,
1662 1128 1689 1148 et
1705 1130 1748 1149 re-

964 1160 1150 1196 demptionem
1163 1170 1178 1189 a
1197 1164 1288 1197 malis,
1317 1165 1458 1199 peperisti,
1472 1173 1488 1192 ο
1504 1166 1635 1194 inviolata
1651 1167 1746 1204 Virgo,

963 1215 1060 1235 carens
1073 1209 1146 1235 omni
1162 1210 1279 1237 macula.

1000 1251 1066 1280 Siue
1079 1253 1131 1280 viri
1145 1255 1241 1288 copula
1262 1255 1391 1290 peperisti
1414 1255 1499 1283 Deum
1519 1256 1634 1285 Verbum
1650 1266 1748 1294 corpo-

963 1303 1064 1332 ratum,
1087 1300 1284 1333 ocastissima,
1310 1309 1391 1336 supra
1415 1310 1523 1330 onmem
1549 1304 1621 1330 verbi
1644 1307 1746 1340 cogita-

965 1346 1102 1380 tionisque
1140 1347 1430 1382 comprehensionem;
1473 1350 1543 1377 unde
1575 1357 1624 1384 pro
1656 1351 1747 1379 debi:o

964 1396 990 1419 te
1007 1391 1145 1427 Virginem
1171 1393 1368 1428 gloriﬁcamus,
1389 1403 1420 1422 ac
1442 1395 1502 1430 jure
1525 1396 1632 1423 beatam
1655 1399 1746 1432 appel-

963 1436 1061 1464 lamus.

999 1483 1155 1511 Laudamus
1171 1489 1206 1516 te,
1219 1492 1235 1511 ο
1250 1485 1333 1512 libera
1346 1487 1380 1513 ab
1394 1487 1468 1513 omni
1486 1488 1555 1521 labe,
1575 1498 1622 1523 per
1635 1499 1715 1526 quam
1729 1499 1745 1518 a

963 1530 1139 1564 corruptione
1152 1531 1284 1561 barathri,
1301 1538 1327 1558 et
1340 1541 1353 1557 a
1371 1533 1471 1559 malitia
1487 1534 1584 1567 hostis,
1599 1544 1652 1571 qua
1668 1537 1746 1571 prius

965 1576 1104 1611 tyranuice
1121 1578 1321 1610 premebamur,
1342 1577 1446 1605 liberati
1464 1587 1569 1608 sumus.

998 1619 1224 1656 lucorporeorum
1248 1622 1408 1658 angelorum
1433 1625 1505 1651 acies
1526 1629 1551 1652 te
1566 1632 1744 1660 venerantur,

963 1674 979 1694 o
1008 1667 1188 1703 Deigenitrix,
1214 1677 1268 1696 uua
1293 1677 1356 1696 cum
1378 1670 1564 1704 apostolorum
1590 1674 1686 1704 choro.
1714 1682 1746 1701 ac

963 1720 1112 1749 martyrum
1130 1715 1208 1742 turba
1231 1724 1238 1743 ι
1257 1716 1380 1744 omnium
1397 1716 1499 1752 quippe
1518 1726 1607 1753 regem
1623 1719 1747 1746 iueﬂ'abi-

963 1760 1025 1788 liter
1039 1761 1181 1796 peperisti.

999 1806 1050 1834 Per
1067 1807 1178 1834 verbum
1197 1807 1324 1842 peperisti
1349 1806 1466 1835 Verbum
1489 1808 1588 1842 Patris,
1604 1817 1621 1836 ο
1645 1810 1746 1845 puella,

962 1851 1035 1886 quod
1050 1851 1132 1878 verbo
1147 1853 1245 1878 ccelum
1262 1856 1418 1887 terramque
1431 1854 1534 1880 creavit
1549 1862 1556 1880 :
1569 1858 1595 1880 et
1612 1854 1748 1888 gloriﬁcas

963 1897 1040 1928 illud.
1063 1906 1079 1925 o
1095 1899 1263 1933 castissima,
1279 1899 1342 1926 dum
1359 1899 1460 1934 praebet
1475 1900 1586 1927 verbum
1609 1900 1672 1932 illis,
1698 1902 1746 1936 qui

963 1952 1035 1971 nunc
1050 1944 1125 1980 ipure
1143 1944 1258 1971 credunt
1276 1944 1339 1971 sibi.

998 1988 1067 2017 Ecce
1095 1989 1325 2024 diviuiloquorum
1356 1996 1437 2016 voces
1461 1989 1542 2016 ﬁnem
1571 1994 1746 2024 acceperunt,

963 2035 1087 2070 pariente
1105 2041 1131 2062 te
1156 2035 1446 2069 supersubstautialem
1469 2034 1627 2067 Dominum,
1644 2035 1678 2062 ab
1692 2035 1744 2063 illis

961 2081 1127 2109 declaratum
1142 2088 1174 2107 ac
1185 2081 1414 2113 demonstratum,
1431 2087 1447 2107 o
1465 2080 1520 2108 Deo
1537 2081 1704 2116 gratissima,
1718 2081 1744 2107 iu

961 2128 1075 2156 salutem
1095 2127 1216 2154 ﬁdelium
1238 2126 1415 2153 clamantium
1445 2134 1452 2153 :
1469 2125 1636 2159 Benedicite,
1653 2127 1745 2154 omnia

960 2181 1042 2208 opera
1056 2173 1174 2205 Domini;
1192 2171 1320 2200 Domino.

969 2238 974 2244 .
999 2218 1078 2253 155
1096 2217 1258 2252 Archangeli
1274 2224 1342 2244 voce
1364 2217 1397 2244 ad
1416 2221 1443 2244 te
1458 2224 1520 2244 cum
1540 2216 1639 2251 gaudio
1653 2216 1745 2244 excla-

126 2255 243 2289 αγγέλου
255 2264 263 2272 ο
284 2257 380 2292 Χαῖρε,
394 2258 410 2290 ἡ
428 2258 501 2293 χαρὰ
512 2258 566 2285 τῶν
575 2259 710 2292 ἀγγέλων,
721 2260 776 2286 τῶν
791 2261 909 2287 ἀποστό-

964 2271 1070 2291 mamus
1084 2270 1121 2290 :0
1139 2262 1230 2297 Virgo.
1247 2262 1352 2295 Gaude,
1378 2262 1503 2296 gaudium
1522 2261 1691 2296 angelorum,
1708 2261 1744 2288 ti-

126 2303 180 2330 λων
196 2305 227 2331 τὸ
246 2306 448 2342 σεμνολόγημα,
475 2307 522 2334 καὶ
545 2307 694 2342 προφητῶν
710 2308 741 2334 τὸ
758 2308 890 2344 κήρυγμα
901 2328 909 2341 ,

126 2350 173 2376 καὶ
191 2350 244 2378 τῶν
262 2352 409 2388 μαρτύρων
424 2352 454 2379 τὸ
471 2353 647 2388 στεφάνωμα.

132 2416 180 2455 Ἐῑξ
204 2416 409 2455 τοῦᾼΚανόνος
428 2420 472 2452 εις
481 2419 552 2452 τοὺς
567 2420 669 2455 ἁγίους
685 2419 838 2455 μάρτυρας
852 2421 909 2448 Σύ-

162 2452 239 2496 λανδι
257 2453 424 2480 Σιλουιινὺν
445 2455 494 2480 καὶ
521 2452 596 2487 τοὺς(
611 2452 672 2482 ubi
685 2452 811 2490 ἀῦτοῖς,
826 2452 910 2491 ’ἠμέ-

124 2499 129 2502 ·
160 2494 198 2521 po
219 2494 249 2512 λ·-

167 2543 373 2579 ἵΥπερύμνητον
397 2544 464 2572 Θεὸν
489 2546 618 2580 ἀῤῥήτως
637 2546 750 2578 τέτοκας
769 2547 858 2582 σάρκα
876 2550 910 2576 ἐκ

126 2588 174 2615 σοῦ
197 2589 349 2624 φορέσαντα
372 2589 407 2616 δι’
433 2591 600 2626 άγαθὸτητα,
625 2592 801 2628 ὑπερύμνητε
826 2594 907 2628 ἁγνή·

124 2635 186 2661 ὅθεν
202 2636 231 2661 ἐν
242 2637 343 2669 φωναῖς
359 2635 578 2672 εὐχαριστηρίοις
600 2637 802 2674 ὑμνολογοῦμέν
817 2648 847 2666 σε
862 2640 909 2666 καὶ

126 2681 323 2718 μακαρίζομεν,
342 2682 380 2714 ὡς
396 2682 479 2710 πάλαι
498 2685 715 2719 προεφήτευσας.

159 2773 256 2807 Εὑρὼν
281 2783 310 2800 σε
330 2775 385 2801 τῶν
402 2774 525 2808 ἀγγέλων
539 2774 734 2811 καθαρωτέραν
756 2775 840 2802 ὑπέδυ
858 2775 908 2810 τὴν

124 2820 246 2854 γαστέρα
272 2828 319 2846 σου
341 2820 391 2856 τὴν
413 2821 494 2854 άγίαν
520 2821 534 2848 ό
561 2820 619 2855 φῶς
645 2821 727 2848 οἰκῶν
749 2821 906 2856 ἀπρόσιτον,

124 2865 251 2897 (lamna,
267 2868 314 2892 καὶ
333 2866 413 2900 ὤφθη
435 2865 576 2900 ἄνθρωπος
594 2867 626 2894 ὲκ
645 2866 692 2894 σοῦ
709 2867 906 2904 σαρκούμενος,

125 2911 154 2936 ὲν
168 2910 226 2937 δυσὶ
239 2913 298 2943 ταῖς
314 2911 410 2946 φύσεσι
425 2912 631 2948 γνωριζόμενος,

962 2309 1036 2336 tulus
1064 2308 1232 2335 honoriﬁcus
1258 2307 1457 2342 apostolorum,
1487 2307 1655 2341 praeconium
1683 2313 1746 2333 oro-

961 2355 1116 2390 pbetarum,
1135 2359 1341 2389 martyrumque
1358 2360 1470 2380 corona.

962 2422 1004 2450 Ex
1020 2422 1125 2451 Cimone
1138 2423 1165 2449 in
1183 2422 1250 2457 festo
1265 2420 1315 2448 SS.
1338 2420 1419 2457 Sylw,
1438 2419 1602 2457 alrSylvani,
1618 2424 1642 2446 et
1659 2419 1744 2446 socio-

1206 2465 1265 2484 rum
1284 2461 1375 2489 marl.,
1393 2456 1437 2483 die
1451 2456 1496 2483 50.

997 2546 1173 2581 Superiorem
1187 2545 1262 2572 omni
1280 2544 1361 2572 laude
1377 2543 1464 2571 Deum
1483 2543 1654 2572 iucarnatum
1669 2551 1703 2572 ex
1718 2547 1745 2572 te

960 2597 1073 2628 propter
1097 2599 1174 2619 suam
1197 2591 1358 2622 bonitatem,
1381 2590 1554 2617 ineﬂ‘abilitcr
1573 2590 1711 2625 peperisti,
1727 2597 1744 2617 ο

961 2644 1036 2666 casta
1060 2639 1134 2665 oumi
1159 2637 1238 2665 laude
1260 2637 1410 2672 superior:
1436 2643 1522 2671 quare
1545 2644 1605 2663 cum
1629 2637 1744 2664 vocibus

961 2685 1110 2721 gratiarum
1131 2683 1247 2711 actionis
1271 2687 1296 2711 te
1313 2683 1467 2716 laudamus,
1491 2682 1663 2716 dicimusque
1677 2682 1742 2709 bea-

961 2737 1028 2764 tam,
1044 2730 1273 2767 quemadmodum
1290 2730 1356 2758 olim
1382 2735 1409 2758 tu
1434 2731 1493 2765 ipsa
1508 2727 1689 2764 prophetasti.
1702 2770 1708 2776 1

995 2777 1043 2804 ille
1063 2776 1111 2811 qui
1131 2775 1219 2802 lucem
1241 2774 1346 2802 habitat
1365 2773 1593 2805 iuaeecssibilem,
1619 2779 1681 2798 cum
1702 2773 1742 2797 in-

961 2822 1079 2850 venisset
1094 2825 1129 2854 te,
1147 2829 1163 2848 ο
1176 2820 1301 2855 Deipara,
1318 2820 1422 2856 angelis
1439 2819 1616 2850 sanctiorem,
1636 2817 1742 2852 ingres-

961 2877 1008 2897 sus
1024 2872 1066 2896 cst
1081 2867 1108 2894 iu
1122 2872 1230 2895 uterum
1249 2872 1337 2900 tuum,
1352 2871 1379 2894 ct
1394 2867 1475 2892 homo
1493 2864 1581 2892 factus
1592 2868 1633 2892 est
1648 2864 1742 2892 incar-

962 2920 1042 2944 natus
1055 2923 1088 2944 ex
1105 2919 1140 2949 te,
1153 2915 1179 2943 in
1190 2914 1298 2943 duabus
1311 2913 1417 2942 naturis
1432 2911 1599 2941 notillcatus.
