2069 3159
303 204 371 236 1159

865 201 895 230 S.
916 199 1076 230 JOSEPHI
1095 196 1378 229 HYMNOGRAPIII

1861 189 1931 222 1160

337 257 529 286 Miraculorum
557 254 678 283 omnium
703 253 951 282 eminentissimum
967 257 1009 280 est
1021 253 1087 296 .mi-
1103 271 1107 282 λ

1173 251 1329 286 Θαυμάτων
1348 248 1483 284 ὑπερέχον
1499 247 1608 282 πέφυκε
1622 245 1654 272 τὸ
1673 246 1703 272 ἐν
1721 245 1766 271 σοὶ
1786 246 1934 280 γενόμενον

303 305 427 339 raculum
450 303 552 330 factum
579 302 605 329 in
623 305 648 328 te
668 309 674 328 :
697 300 798 328 etenim
827 303 925 334 praeter
944 303 1091 326 consuetas

306 357 410 379 natura:
427 349 511 384 leges,
527 348 712 383 legislaturem
736 346 879 374 Christum
893 345 1033 381 peperisti,
1046 343 1093 380 qui

306 398 457 433 primorum
480 398 626 430 parentum
649 392 899 428 transgressiOnem
924 390 1055 422 abolevit,
1077 397 1095 416 ο

305 438 569 467 immaculatissima.

343 485 381 512 Te
397 489 477 511 antea
491 483 639 518 descripsit
660 481 744 508 David
762 485 882 508 montem
901 479 1073 515 coagulatam
1085 500 1093 512 ,

307 537 426 559 montem
447 531 491 558 Dei
509 530 615 562 nostri,
633 533 754 556 montem
770 528 909 562 pinguem.
927 526 954 553 In
975 530 999 553 te
1011 526 1094 558 enim,

307 585 324 604 ο
341 576 444 612 puella.
465 580 538 603 notm
558 575 636 602 facta:
650 579 715 601 sunt
729 573 802 600 illius
822 573 882 602 viae.
905 571 969 598 dum
985 577 1095 597 carnem

309 632 342 650 ex
360 629 386 650 te
400 621 596 654 emcndicavit,
611 627 716 654 nosque
732 619 764 646 ad
777 618 920 654 pristinam
936 616 1096 651 dignitatem

307 669 427 697 reduxit.

344 715 412 742 Cum
424 713 523 741 Factor
533 717 559 740 te
575 713 702 740 decoram
718 709 921 746 pulchritudine
936 707 1098 739 inVenisset,

311 762 338 788 itt
363 765 387 787 te
402 759 494 794 posuit
517 758 726 785 tabernaculum
747 764 839 786 suum,
856 759 883 781 et
897 753 1039 789 speciosus
1053 759 1100 779 su-

310 813 358 841 per
373 812 469 832 omnes
507 805 576 830 filios
599 803 798 837 terrigenarum
823 800 949 834 apparuit
968 804 1100 832 corpora-

312 857 367 883 tus,
389 859 405 878 o
423 849 599 878 sanctissima
622 847 715 882 Virgo,
740 846 813 874 omni
831 846 910 873 laude
926 843 1099 878 dignissima.

348 898 472 925 Dissolve
485 896 565 923 funes
581 899 755 929 peccatorum
769 899 891 920 meorum
904 889 1101 918 intercessione

312 949 370 975 tua,
389 950 405 970 o
419 948 494 970 casta
507 962 515 975 ,
534 945 561 968 et
577 941 675 975 colliga
692 947 735 966 me
751 937 871 974 perfecte
886 936 1021 964 charitate
1036 933 1100 962 boni

313 988 375 1015 Filii
391 988 430 1015 tni
450 996 457 1014 :
474 994 536 1013 nam
547 986 573 1013 iit
583 986 642 1013 dies
651 985 760 1019 longius
776 982 886 1010 discedo
900 981 933 1009 ab
947 988 980 1008 eo
991 988 1039 1015 per
1052 979 1101 1006 de-

315 1035 418 1062 formes
431 1033 584 1067 cupidines.

350 1091 434 1117 Parce
455 1089 533 1120 mihi,
546 1087 594 1123 qui
617 1086 715 1113 itcru‘m
739 1087 871 1111 venturus
887 1089 916 1110 es
933 1088 995 1110 cum
1017 1081 1103 1116 gloria

316 1136 466 1164 divinitatis
486 1135 612 1170 judicare
637 1132 730 1158 orbem
766 1137 913 1161 terrarum,
942 1136 958 1154 o
977 1127 1102 1162 omnipo-

317 1188 377 1210 tens
395 1180 519 1213 Domine,
540 1178 618 1213 155
635 1185 682 1212 per
701 1175 915 1203 intercessiones
938 1174 1023 1205 illius,
1043 1180 1104 1208 qua:

318 1227 441 1254 nesciens
453 1226 540 1252 virum
555 1223 658 1258 peperit
681 1227 707 1249 te
722 1230 728 1248 :
741 1226 768 1248 et
784 1228 817 1247 ne
834 1221 861 1247 in
882 1221 970 1255 ignem
991 1219 1104 1254 dejicias

317 1280 371 1304 mc,
390 1272 425 1298 oh
443 1275 553 1306 peccata
570 1269 756 1303 desperatum.

355 1350 396 1378 Ea;
412 1349 519 1378 Catiane
534 1348 562 1374 iu
579 1347 646 1382 [mo
668 1345 698 1374 S.
713 1345 855 1372 Eudocimi
867 1344 948 1378 justi,
965 1344 1007 1371 die
1022 1343 1068 1371 5i.

354 1464 496 1499 Tanquam
511 1462 662 1490 animatum
681 1461 728 1488 Dei
751 1460 915 1492 thalamum,
936 1463 964 1486 et
981 1457 1106 1485 tburibu-

321 1511 377 1538 lum
395 1507 526 1543 spiritalis
541 1507 687 1540 vitalisque
711 1505 851 1536 carbonis,
867 1504 1012 1538 Deiparam
1034 1510 1106 1529 sem<

321 1559 370 1587 per
382 1553 569 1580 beatissimam
587 1551 695 1587 hymnis
708 1550 890 1581 celebremus,
904 1548 1087 1575 vociferantes
1099 1555 1105 1574 :

321 1600 388 1632 Ave,
402 1606 486 1626 causa
499 1597 627 1625 salutaris
640 1595 859 1624 restaurationis.

355 1643 424 1671 Cum
455 1651 532 1671 esses
568 1642 671 1676 angelis
703 1640 907 1673 honorabilior,
948 1638 1107 1674 angclorunt

324 1690 481 1717 Creatorem
503 1693 549 1715 tuo
571 1688 676 1723 gremio
696 1687 793 1718 tulisti.
816 1694 847 1713 ac
868 1685 1006 1720 peperisti,
1025 1692 1041 1712 ο
1058 1683 1106 1710 Dei

323 1740 410 1762 mater
438 1735 467 1761 in
497 1733 713 1768 redemptionem
737 1733 879 1759 hominum
905 1731 1108 1758 concinentium

323 1780 371 1807 tibi
395 1788 403 1807 :
422 1779 482 1807 Non
504 1783 546 1807 est
571 1783 695 1812 sanctus,
714 1786 730 1806 0
748 1778 934 1811 immaculata,
955 1781 1052 1813 praeter
1072 1782 1109 1809 te,

322 1824 447 1852 Domina.

360 1871 382 1898 0
396 1870 472 1898 omni
485 1870 563 1897 laude
577 1869 738 1903 dignissima
757 1866 839 1902 Virgo
855 1872 984 1902 pcrpettta
996 1888 1003 1901 ,
1019 1872 1047 1894 tu
1065 1874 1112 1902 pc—

324 1917 417 1952 peristi
432 1916 530 1950 Deum,
546 1924 608 1943 vere
619 1916 757 1942 hominem
773 1914 886 1946 factum,
903 1922 984 1949 quem
1000 1913 1110 1948 superni

325 1964 439 1990 laudant
462 1963 612 1989 exercitus.
635 1960 769 1988 Eunidem
794 1968 843 1995 pro
862 1960 948 1987 servis
969 1960 1024 1986 tuis
1045 1967 1111 1993 sup-

324 2010 431 2044 pliciter
445 2016 560 2036 exorare
574 2017 607 2036 tie
620 2015 724 2036 cesses.

362 2067 453 2098 Illum,
472 2067 518 2101 qui
536 2073 569 2093 es
588 2071 612 2093 te
630 2066 790 2093 incarnatus
809 2069 860 2096 est.
880 2072 897 2092 ο
911 2063 995 2099 Virgo
1018 2063 1111 2096 Mater,

326 2121 434 2148 semper
457 2114 605 2148 deprecare
626 2121 676 2147 pto
698 2113 776 2140 nobis
800 2112 973 2139 laudantibus
996 2117 1033 2142 te.
1053 2117 1113 2138 uta

327 2159 503 2194 passionibtts
533 2163 561 2186 et
588 2159 718 2193 periculis
758 2158 916 2190 mortiferis,
940 2165 955 2184 a
977 2158 1056 2184 malis
1081 2165 1114 2185 ac

327 2206 568 2240 tribulationibus,
582 2206 616 2233 ab
631 2211 732 2233 acterna
752 2205 874 2238 ﬂamma,
895 2213 928 2233 ac
943 2211 1023 2240 pecua
1047 2205 1114 2232 libe-

325 2261 427 2281 I'CIHUI’.

361 2300 454 2327 Electa
478 2307 495 2326 a
523 2299 576 2326 Deo
603 2298 689 2330 luisti,
717 2302 809 2332 utpote
837 2297 1052 2332 speciOsiSSima,
1096 2305 1113 2324 o
1131 2293 1151 2320 ι)

327 2345 430 2381 Virgo,
458 2347 584 2381 iactaque
608 2353 638 2373 es
664 2346 787 2380 ejusdem
815 2347 894 2373 sedes
919 2353 951 2372 ac
973 2345 1113 2379 ponessio

328 2393 540 2428 spatiosissima,
560 2397 586 2419 et
611 2392 759 2423 thalamus,
776 2397 802 2419 et
826 2393 949 2424 lucerna,
965 2397 991 2418 et
1009 2398 1113 2418 mensa.

364 2440 453 2472 Illum,
479 2447 559 2474 quem
590 2439 730 2474 peperisti,
763 2439 911 2474 deprecare
945 2445 1064 2472 semper,
1098 2445 1114 2463 ο

329 2484 422 2520 Virgo,
441 2490 469 2512 ut
482 2485 581 2511 liberet
595 2492 638 2510 tne
654 2492 669 2510 a
681 2484 815 2512 servitute
828 2484 988 2518 passionum
1002 2484 1115 2509 damna-

329 2533 431 2566 tiouis,
451 2540 467 2560 a
485 2532 560 2566 gravi
578 2532 678 2558 duritie
700 2539 760 2565 qua)
777 2531 880 2558 detinet
896 2538 949 2562 me,
964 2535 992 2557 et
1015 2529 1049 2556 ab
1064 2531 1116 2556 illl-

329 2579 406 2614 pcrio
418 2586 524 2611 eorum,
539 2578 585 2612 qui
606 2585 713 2612 semper
729 2577 861 2604 tribulam
876 2584 930 2610 me,
952 2585 967 2603 ο
980 2575 1034 2603 Deo
1050 2575 1116 2602 cha-

315 2622 449 2654 'r‘tssitna‘

363 2684 593 2716 AdteFormator,
621 2691 654 2711 ex
682 2682 864 2718 sanguinibus
887 2680 953 2712 tuis,
985 2687 1002 2706 ο
1026 2684 1116 2711 casta,

330 2733 463 2760 l'ortnatus
489 2737 542 2764 est,
569 2732 693 2765 laetoque
718 2734 764 2756 tuo
790 2728 924 2759 nutritus,
951 2727 997 2761 qui
1025 2726 1115 2753 nutrit

329 2787 412 2807 omne
429 2779 500 2814 quod
523 2778 618 2812 spirat,
635 2785 651 2804 o
674 2777 787 2811 Deipara
803 2775 903 2810 Virgo;
926 2774 997 2801 unde
1012 2776 1040 2799 te
1058 2777 1118 2799 tan—

331 2835 413 2863 quam
433 2825 608 2862 l‘eijlatrcm
624 2823 819 2860 gloriﬁcamus.

367 2884 448 2911 Lucis
468 2881 650 2910 illttminantis
667 2888 765 2908 omnes
787 2878 973 2906 habitaculum
987 2881 1014 2904 et
1029 2877 1119 2903 taber—

334 2931 459 2957 naculum
473 2930 532 2964 ejus
543 2951 551 2963 ,
571 2936 597 2957 ct
620 2937 688 2964 pons
703 2933 728 2956 et
742 2927 813 2955 scala
830 2926 856 2952 in
879 2925 1019 2957 excelsum
1038 2929 1117 2950 terri-

1143 298 1246 333 θαῦμα·
1267 297 1391 332 νομίμων
1405 295 1460 330 γὰρ
1476 293 1590 321 ἄνευθεν
1600 291 1651 328 τῆς
1665 291 1774 326 φύσεως
1792 291 1838 318 τὸν
1853 300 1930 326 νομο-

1143 344 1223 379 δάτην
1238 342 1356 378 Χριστὸν
1368 340 1537 370 ἁπαιίκτεις,
1553 338 1602 373 τὴν
1612 337 1667 364 τῶν
1684 337 1865 374 προπατόρων
1881 344 1935 362 πα-

1146 389 1260 425 ράϐασιν
1275 388 1385 420 λύοντα,
1402 385 1608 421 παναμὼμητε.

1181 480 1215 506 Σὲ
1228 479 1242 505 ὁ
1256 478 1340 505 Δαὸὶδ
1354 474 1554 511 προδιέγραψεν
1575 474 1638 509 ὅρος
1658 471 1856 508 τετυρωμὲνον,
1873 471 1933 504 ὅρος

1145 525 1193 551 τοῦ
1210 524 1276 550 Θεοῦ
1295 522 1384 558 ἡμῶν,
1401 521 1464 557 ὅρος
1479 521 1550 548 πῖονθ
1566 520 1596 546 ὲν
1610 519 1652 545 σοὶ
1666 518 1731 554 γὰρ,
1749 517 1827 551 κόρη,
1848 516 1935 549 ἐγνω-

1149 570 1280 606 ρίσθησαν
1301 569 1398 596 τούτου
1419 568 1447 594 αἱ
1470 567 1577 601 πορεῖαι
1597 564 1688 600 σάρκα
1708 561 1936 597 πτωχεύσαντος,

1147 617 1196 643 καὶ
1211 615 1279 651 πρὸς
1293 615 1323 642 τὸ
1336 615 1448 650 ἀρχαῖον
1463 613 1538 649 ἡμᾶς
1553 611 1749 644 ὲπανάξαντος.

1190 710 1302 745 Ὠραίαν
1326 717 1356 735 σε
1376 708 1469 735 κάλλει
1488 708 1502 734 ὁ
1525 705 1644 741 IIem-d1;
1663 703 1825 739 εὑράμενος,
1839 702 1869 728 ὲν
1894 701 1937 728 σοὶ

1149 757 1300 792 ἐσκήνωσε,
1319 754 1366 780 καὶ
1380 753 1488 787 ὡραίως
1503 752 1575 787 ὑπὲρ
1592 751 1716 780 ἅπαντας
1731 749 1804 779 υἱοὺς
1817 748 1871 774 τῶν
1886 755 1938 780 γη-

1150 802 1237 836 γενῶν
1253 801 1330 836 ὢφθη
1347 798 1572 834 σωματούμενος,
1591 795 1712 830 παναγία
1730 794 1852 829 Παρθένε
1868 801 1938 819 παν-

1152 848 1266 883 ύμνητε.

1187 893 1275 921 Λῦσόν
1292 901 1342 928 μου
1359 891 1408 923 τὰς
1425 889 1518 925 σειρὰς
1540 887 1595 915 τῶν
1610 886 1790 921 πταισμάτων
1804 886 1838 920 τῇ
1857 892 1936 919 μεσι-

1152 940 1214 975 seta
1230 947 1287 972 σου,
1303 939 1385 972 ἁγνὴ,
1401 936 1449 963 καὶ
1464 937 1497 971 τῇ
1514 935 1609 970 ἀγάπῃ
1631 933 1742 964 τελείως
1763 930 1811 958 τοῦ
1835 929 1939 965 ἀγα.θοῦ

1154 985 1219 1012 Υίοῦ
1238 993 1285 1010 σου
1301 983 1463 1018 πρόσδησον,
1481 980 1687 1016 μακρυνόμενον
1701 978 1763 1005 καθ’
1778 977 1896 1010 ἑκάστην
1911 974 1941 1008 ἐξ

1153 1030 1235 1058 αὐτοῦ
1249 1030 1283 1057 δι’
1299 1028 1400 1065 ἡδονῶν
1415 1027 1534 1055 ἀτόπων.

1187 1086 1281 1114 Φεῖσαί
1298 1095 1360 1122 μου,
1374 1085 1388 1111 ὁ
1403 1084 1507 1120 μέλλων
1518 1085 1547 1110 ὲν
1560 1082 1624 1119 δόξῃ
1639 1081 1718 1108 πάλιν
1732 1079 1861 1116 ἔρχεσθαι
1873 1078 1940 1105 Θεό-

1154 1143 1234 1169 τητος
1251 1134 1342 1167 κρῖναι
1357 1131 1406 1166 τὴν
1417 1129 1592 1164 οἰκουμένην,
1606 1126 1805 1161 παντοδύναμε,
1820 1124 1941 1154 ἱκεσίαις

1154 1182 1204 1215 τῆς
1217 1178 1416 1214 ἁπειράνδρως,
1429 1177 1563 1207 Δέσποτα,
1580 1174 1713 1208 τεκούσης
1725 1180 1766 1205 σε,
1782 1171 1831 1198 καὶ
1849 1171 1886 1206 μὴ
1901 1172 1943 1199 εις

1155 1228 1211 1263 πῦρ
1228 1226 1372 1261 ἐκπέμψῃς
1389 1233 1423 1260 με
1440 1221 1664 1258 κατεγνωσμένον
1680 1219 1888 1255 ἁμαρτήμασιν.

1163 1349 1215 1376 Ἐκ
1233 1347 1287 1374 τοῦ
1302 1345 1438 1376 Κανόνας
1456 1344 1500 1375 εις
1516 1341 1570 1368 τὸν
1584 1341 1674 1376 ὅσιον
1692 1336 1742 1365 καὶ
1757 1336 1877 1362 δίκαιον
1888 1334 1910 1359 Ε
1915 1335 1947 1359 ὐ‹

1393 1374 1529 1413 δόκιμον,
1545 1376 1640 1411 ἡμέρᾳ
1654 1374 1706 1401 λα’.

1198 1462 1242 1494 Ὧς
1262 1460 1388 1488 παστάδα
1409 1457 1530 1494 ἔμψυχον
1545 1454 1614 1483 Θεοῦ
1633 1453 1680 1481 καὶ
1702 1450 1881 1486 θυμιατήριον
1897 1447 1946 1474 τοῦ

1157 1509 1252 1545 νοητοῦ
1267 1508 1315 1535 καὶ
1330 1506 1486 1541 φωτοφόρου
1502 1503 1648 1539 ἄνθρακος,
1666 1499 1715 1534 τὴν
1729 1496 1945 1545 ἀειμακαρισιον

1157 1541 1359 1592 ἀνύμνήσωμεν
1375 1552 1505 1579 Θεοτόκον
1522 1547 1736 1585 κραυγάζοντες·
1751 1543 1848 1578 Χαῖρε,
1865 1541 1883 1576 ἡ
1901 1541 1945 1566 αἰ-

1159 1603 1204 1629 τία
1219 1601 1268 1636 τῆς
1285 1598 1475 1634 σωτηριώδους
1488 1595 1677 1625 ἁναπλὰσεως.

1202 1633 1378 1680 ’Υπὰρχουσα
1393 1642 1517 1676 ἀγγέλων
1531 1639 1683 1675 τιμιωτέρα
1694 1637 1739 1664 τὸν
1755 1635 1877 1668 κτίστην
1891 1633 1946 1659 τῶι

1160 1679 1284 1726 ἀγγέλων
1301 1691 1336 1725 τῇ
1358 1690 1392 1724 σῇ
1405 1688 1481 1723 νηδύῖ
1497 1686 1650 1716 manus;
1666 1683 1714 1711 καὶ
1730 1682 1860 1712 τέτοκας,
1883 1679 1947 1705 Θεο-

1162 1741 1260 1774 μῆτορ,
1278 1736 1382 1772 βροτῶν
1404 1736 1445 1766 εἰς
1460 1733 1594 1768 λύτρωσιν
1613 1731 1668 1758 τῶν
1684 1727 1877 1765 μελῳδούντων
1894 1732 1946 1752 σοι·

1161 1786 1219 1813 Οὺκ
1233 1784 1316 1817 ἔστιν,
1329 1784 1457 1818 ἅχραντε,
1474 1779 1551 1814 ἅγιος
1564 1777 1634 1813 πλὴν
1649 1784 1707 1809 σου,
1723 1775 1867 1802 Δέσποινα.

1197 1875 1360 1909 Πανύμνητε
1373 1871 1418 1899 τὸν
1433 1871 1489 1898 ἄνω
1501 1866 1680 1904 στρατηγίαις
1697 1863 1868 1900 ὑμνούμενον
1880 1862 1947 1888 Θεὸν

1162 1907 1328 1955 ἀπεκύησαξ
1336 1917 1479 1953 ἄνθρωπον
1494 1916 1579 1946 δντως
1593 1913 1750 1948 γενόμενον,
1767 1910 1797 1937 ὃν
1811 1908 1882 1943 ὑπὲρ
1896 1907 1950 1934 τῶν

1162 1969 1262 1996 δούλων
1276 1975 1323 1993 σου
1336 1962 1528 1992 ἑκδυσωποῦσα
1546 1961 1584 1996 μὴ
1597 1959 1702 1994 παύσῃ,
1717 1955 1893 1992 ἁειπάρθενε.

1204 2066 1291 2102 ’Υπὲρ
1307 2065 1385 2100 ἡμῶν
1398 2064 1444 2090 τὸν
1460 2064 1491 2090 ὲκ
1505 2062 1552 2089 σοῦ
1570 2059 1757 2097 σαρκωοέντα,
1773 2056 1951 2091 Παρθενομῆι

1163 2123 1223 2149 τορ,
1239 2113 1354 2140 πάντοτε
1365 2109 1548 2137 δυσώπειτῶν
1562 2117 1591 2134 σε
1603 2106 1768 2142 ὑμνούντων,
1784 2104 1830 2130 τοῦ
1846 2103 1951 2138 λυτρω⁴

1165 2147 1244 2195 ϐῆναι
1265 2159 1298 2184 ὲκ
1321 2157 1417 2183 παθῶν
1433 2156 1480 2182 καὶ
1501 2154 1641 2186 κινδύνων,
1658 2150 1838 2186 ψυχοφθόρων
1859 2147 1951 2175 κακῶν

1165 2207 1212 2234 καὶ
1225 2205 1351 2240 θλίψεων,
1367 2203 1414 2230 κα)⁸
1433 2201 1613 2235 αἰωνιζούσης
1628 2198 1726 2234 φλογὸς
1739 2197 1786 2224 καὶ
1803 2195 1950 2224 κολάσεως.

1206 2297 1337 2333 Ἐκλεκτὴ
1355 2296 1394 2331 τῷ
1416 2293 1476 2329 eaq;
1497 2291 1698 2328 ὲχρημάτισας,
1716 2289 1754 2321 ὡς
1776 2288 1951 2323 ὡραιοτάτη,

1165 2345 1265 2383 χωρίον
1282 2343 1439 2378 εὐρύχωρον
1462 2340 1571 2372 τούτου,
1597 2337 1737 2372 Παρθένε,
1755 2335 1890 2370 γέγονας,
1908 2333 1954 2360 καὶ

1166 2391 1272 2422 παστὰς
1290 2390 1337 2416 καὶ
1354 2388 1449 2423 λυχνία
1462 2387 1508 2414 καὶ
1520 2384 1654 2422 τράπεζα.

1204 2437 1253 2463 ⁸ον
1270 2436 1374 2467 ἔτεκες,
1398 2435 1547 2464 Δέσποινα,
1562 2431 1606 2458 ἀεὶ
1615 2429 1745 2461 δυσώπει,
1768 2427 1893 2459 δουλείας
1907 2428 1953 2462 ῥυ-

1168 2483 1264 2518 σθῆναί
1282 2491 1316 2516 με
1331 2480 1424 2507 παθῶν
1439 2488 1468 2506 τε
1484 2478 1684 2513 κατακρίσεως,
1705 2476 1751 2503 καὶ
1765 2475 1813 2510 τῆς
1826 2474 1955 2510 συνεχού-

1169 2538 1218 2562 σης
1237 2537 1270 2564 με
1295 2527 1383 2561 δεινῆς
1409 2526 1576 2561 πωρώσεως,
1593 2523 1704 2558 καὶτῆς
1730 2521 1785 2548 τῶν
1809 2520 1955 2547 θλιῦόντων

1169 2583 1202 2610 με
1216 2573 1259 2600 ἀεὶ
1272 2572 1459 2608 ἐπικρατείας,
1477 2569 1675 2606 Θεοχαρίτωτε,

1210 2675 1238 2702 '0
1256 2673 1302 2701 τοῦ
1325 2673 1411 2708 Ἀδὰμ
1427 2671 1597 2707 Δημιουργὸς
1613 2669 1643 2702 ἐξ
1659 2668 1783 2703 αἱμάτων
1796 2675 1856 2699 σου,
1872 2664 1955 2699 ἁγνὴ,

1169 2722 1388 2757 δημιουργεῖται,
1411 2719 1459 2746 καὶ
1482 2718 1745 2752 γαλακτοτροφεῖται
1766 2715 1780 2740 ό
1803 2713 1956 2748 διατρὲξτων

1170 2769 1260 2794 πᾶσαν
1286 2766 1378 2801 πνοὴν,
1394 2764 1515 2800 Παροένε
1541 2763 1654 2789 Θειιτόκε
1668 2781 1676 2793 ,
1700 2761 1760 2788 ὅθεν
1784 2760 1822 2791 ὡς
1844 2758 1913 2785 Θεοῦ
1929 2767 1956 2784 σε

1170 2814 1318 2848 δοξάζομεν
1335 2812 1460 2847 Μητέρα.

1204 2872 1294 2902 Φωτὸς
1309 2870 1470 2904 ἐνδιαίτημα
1483 2868 1530 2895 τιῦ
1546 2869 1648 2898 πάντας
1662 2865 1898 2898 καταυγάσαντος,
1914 2862 1959 2889 καὶ

1171 2918 1258 2954 σκηνὴ
1274 2916 1449 2952 καθωράῦης,
1465 2915 1661 2950 Θεοχαρίτωτε,
1679 2913 1787 2947 γέφυρα
1799 2912 1844 2937 καὶ
1861 2908 1960 2944 κλίμαξ
