2069 3159
175 179 243 212 “(ii
901 174 1086 206 MARIALE.
1639 217 1642 220 ν
1730 167 1798 199 1162

172 237 241 271 πρὸς
255 235 322 270 ὕψος
334 235 398 267 τοὺς
411 236 539 271 γηγενεῖς
554 234 704 268 ἀνάγουσαι,
720 234 799 268 κόρη,
814 233 854 260 διό
868 242 897 260 σε
914 242 961 267 γε·
976 239 989 264 Α

983 239 996 264 Α
1017 238 1102 266 genas
1131 229 1269 258 deducens
1296 226 1457 262 apparuisti,
1486 225 1566 261 156
1594 233 1610 252 ο
1635 225 1724 260 puella
1746 225 1800 252 Dm

172 281 306 316 ραίρομεν
320 281 367 307 καὶ
380 281 485 312 πιστῶς
499 289 529 307 σε
545 279 745 314 μακαρίζομεν.

1015 276 1198 309 charissima;
1215 276 1276 303 ideo
1290 279 1316 302 te
1333 281 1506 305 veneramur,
1525 278 1551 300 et
1565 280 1627 299 cuni
1645 272 1696 299 title
1714 273 1794 300 bcati-

1015 323 1140 350 ﬂeamus.

408 379 486 405 MIIN
505 378 717 406 ΔΥΓΟΥΣΤΟΣ.

1234 376 1360 403 MENSIS
1381 377 1400 404 A
1407 376 1522 403 UtiUST
1529 376 1580 403 US.

179 435 230 462 Ἐκ
244 435 296 462 τοῦ
310 435 443 468 Κανόνας
455 437 498 468 εὶς
513 436 570 469 τὴν
581 434 785 469 κατακομιδὴν
797 435 850 462 τοῦ
864 435 959 469 τιμίου

1015 435 1058 462 Ea:
1076 435 1182 462 Catiane
1197 436 1224 461 in
1243 434 1455 461 Traitslationeut
1477 439 1577 460 sancite
1592 435 1679 461 crucis
1697 442 1713 460 a
1731 434 1799 465 loco.

197 470 332 504 σταυροῦ
349 470 407 497 ἀπὸ
423 470 476 497 τοῦ
495 471 769 504 σκευοφυλακείου,
789 471 883 504 ’ἡμέρᾳ
898 469 935 496 α’.

877 478 883 496 t
898 469 935 496 α’.
1126 471 1151 496 in
1165 478 1215 504 quo
1233 477 1311 496 sacra
1326 477 1390 496 vasa
1413 475 1594 500 (reservantur,
1611 469 1652 496 die
1670 470 1694 496 1.

209 527 324 561 Ἔλεγεν
345 527 362 562 ἡ
387 527 524 561 πάναγνος
549 527 689 553 κλαίουσα·
707 526 772 553 Ὅςε
796 535 845 559 σε,
866 526 961 553 τέκνον

1051 527 1162 554 Dicebat
1186 526 1342 554 castissima
1370 533 1431 553 cunt
1459 525 1522 552 ﬂetu
1538 535 1545 552 :
1563 526 1631 553 Cum
1657 530 1693 559 te,
1708 534 1724 554 ο
1739 526 1801 559 Fili,

171 574 335 608 ἀπορρήτως
349 572 452 604 ἔτεκον,
468 573 565 604 ὠδῖνας
576 573 686 607 ἔφυγον,
702 572 749 599 καὶ
763 572 821 605 πῶς
840 573 898 599 νυνὶ
912 573 959 607 ὅλη

1016 572 1188 600 ineifabiliter
1214 572 1317 607 peperi,
1345 572 1456 599 dolores
1484 581 1537 599 non
1562 572 1660 599 sensi:
1682 578 1709 600 et
1733 581 1801 608 quo-

171 619 273 646 ὀδυνῶν
288 618 490 654 πεπλήρωμαις
516 618 573 654 ὁρῶ
595 618 650 653 γάρ
678 627 708 645 σε
730 619 907 654 κρεμάμενον
923 619 960 650 ὡς

1016 619 1096 646 modo
1111 626 1182 646 nunc
1195 623 1250 646 tota
1265 619 1405 645 doloribus
1422 619 1500 652 pletta
1522 618 1603 645 sum?
1622 618 1708 646 Video
1728 620 1801 646 enim

173 665 326 700 κακοῦργον
341 665 370 691 ἐν
384 664 464 699 ξύλῳ,
480 665 529 700 τὴν
543 666 595 700 γῆν
612 665 733 699 ἀσχέτως
753 665 942 700 κρεμάσαντα.

1016 670 1041 691 te
1062 672 1238 699 suspensum,
1257 669 1387 699 tanquam
1405 664 1591 692 facinorosum
1613 665 1638 691 in
1664 665 1748 699 ligno,
1766 669 1801 697 te,

1016 710 1138 744 inquam,
1155 711 1202 744 qui
1219 715 1317 737 terram
1335 711 1360 737 vi
1379 710 1557 744 insuperabili
1570 710 1748 744 suspcmlisti.

208 755 425 791 Νενεκρωμένην
449 754 498 790 τὴν
514 755 591 790 Ζωὴν
607 755 652 782 ἐπὶ
670 754 788 790 σταυροῦ
809 755 959 790 θεωροῦσα,

1050 755 1118 782 Cum
1136 757 1220 783 vitam
1244 756 1272 782 in
1289 764 1370 783 cruce
1392 761 1528 782 lltOllllam
1552 757 1704 782 veneranda
1722 756 1802 791 Virgo

174 802 223 828 καὶ
244 802 282 836 μὴ
294 802 416 837 φέρουσα
429 801 483 828 τῶν
497 801 660 836 σπλάγχνων
675 802 721 828 τὸν
737 801 829 834 πόνον,
844 801 961 828 ἐδονεῖτο

1017 803 1181 835 intueretur,
1203 811 1258 830 non
1275 804 1416 830 sustinens
1431 803 1565 829 viscerum
1578 803 1710 833 dol0tetti,
1729 811 1798 829 νοω-

174 848 191 882 ή
205 847 293 882 σεμνὴ
308 847 446 883 Παρθένος
464 847 667 881 ἀνακράζουσα·
680 848 714 874 OE
726 856 780 882 μοι,
796 848 845 874 Υἱέ
858 856 921 882 μου,
935 849 961 874 τί

1016 848 1189 879 movebatur,
1212 853 1294 883 atque
1316 849 1509 876 exclamabat:
1529 847 1577 874 Hei
1600 849 1678 881 ntilti,
1707 848 1803 875 Filiam

175 901 217 919 σοι
231 893 317 928 δῆμος
331 893 441 928 ἀνόμων
457 894 608 928 πεποίηκεν
620 902 628 927 ;
980 919 990 929 ς

980 919 999 929 ,ι
1016 895 1177 929 (inquietis),
1194 895 1258 929 quid
1279 895 1326 921 tibi
1344 894 1407 920 l‘ccit
1424 894 1543 929 populus
1561 894 1738 928 iniquorum?

213 919 393 973 Παρθενικῆςῖ
412 919 524 971 Τέκνον,
550 919 583 964 ὲκ
609 919 717 973 μήτρας
740 946 770 964 σε
793 938 896 969 ἔτεκον,
917 939 964 965 καὶ
980 919 1001 945 Β
1018 919 1025 929 ὶ

986 920 1001 945 Β
1050 941 1088 968 Ex
1104 947 1182 968 utero
1199 941 1328 976 Virgittali
1356 941 1448 976 peperi
1465 946 1500 968 te.
1519 948 1535 967 0
1552 941 1612 972 Fili,
1627 945 1654 968 et
1676 949 1748 968 nunc
1767 943 1803 968 ri-

173 984 266 1019 ὀρῶσα
278 983 349 1019 ξύλῳ
358 983 405 1010 νῦν
417 984 603 1018 κρεμάμενον,
614 983 745 1018 ἑπαπορῶ
756 985 802 1010 καὶ
815 984 845 1010 οὑ
860 984 965 1018 συνορῶ

1016 987 1084 1014 dens
1108 992 1133 1013 te
1159 987 1185 1013 itt
1203 987 1278 1021 ligno
1302 993 1480 1020 suspensum.
1500 993 1601 1020 auceps
1630 986 1732 1017 Itaerro,
1757 994 1804 1013 iter

175 1030 243 1064 ῦψος
260 1029 422 1065 μυστηρίου,
439 1029 487 1055 καὶ
507 1029 587 1064 βάθος
607 1028 712 1055 πολλῶν
737 1029 881 1064 κριμάτων
905 1038 964 1060 σου,

1017 1032 1140 1068 intelligo
1178 1032 1350 1059 altitudinum
1383 1032 1516 1067 mysterii,
1543 1036 1570 1059 et
1595 1032 1805 1066 profunditatem

175 1076 192 1110 ἡ
208 1076 345 1109 πάναγνος
361 1075 426 1102 ὲὸόα
438 1095 445 1107 ,
461 1075 494 1110 ἢν
516 1075 619 1109 φωναῖς
641 1074 783 1109 ἁσιγήτοις
797 1075 834 1106 ὡς
851 1075 966 1109 Μητέρα

1015 1078 1182 1113 judiciOrum
1211 1083 1345 1105 tuorum:
1373 1078 1414 1104 sic
1442 1077 1615 1104 exclamabat
1639 1078 1805 1109 castissima,

173 1121 243 1149 Θεοῦ
265 1121 465 1156 μακαρίζομεν.

1017 1132 1100 1158 quam
1118 1124 1329 1151 inccssabilibus
1341 1125 1455 1152 vocibus
1472 1128 1600 1158 tanquam
1617 1123 1665 1150 Dei
1694 1123 1805 1151 Matrem

1017 1169 1217 1196 beatilicatnus.

217 1207 263 1234 Ἐν
278 1205 389 1241 σταυρῷ
403 1205 548 1242 καθορῶσα
572 1207 618 1233 τὸν
635 1207 668 1234 δι’
682 1207 839 1243 άγαθότητα
854 1209 886 1235 ὲκ
906 1208 965 1240 σοῦ,

1058 1214 1127 1242 Cum
1146 1216 1287 1250 aspiceres
1300 1215 1327 1242 in
1344 1223 1427 1242 cruce
1449 1214 1537 1247 illum,
1564 1214 1609 1249 qui
1629 1220 1740 1249 propter
1758 1215 1804 1242 bo-

177 1253 342 1288 πανάμωμε,
355 1252 426 1287 ὑπὲρ
442 1252 505 1278 νοῦν
524 1253 667 1288 τεχθέντα,
683 1253 814 1289 tamen;
826 1253 861 1280 τὰ
879 1254 966 1280 σπλά-

1018 1260 1131 1288 nitatem
1159 1269 1237 1287 suam
1262 1269 1295 1288 ex
1324 1265 1359 1290 te,
1389 1268 1405 1287 ο
1429 1261 1696 1291 immaculatissima.
1726 1269 1806 1295 supra

176 1307 249 1334 ιίχνα
272 1299 320 1325 καὶ
340 1298 442 1332 ἔλεγες·
467 1298 501 1325 Oi
520 1307 576 1334 μοι,
595 1298 667 1325 θεῖον
690 1299 803 1326 τέκνονι
822 1300 880 1330 πῶς
895 1300 967 1335 ὑπὲρ

1019 1306 1118 1333 mentis
1138 1310 1300 1340 conceptum
1325 1313 1406 1333 natus
1426 1309 1478 1338 est,
1501 1305 1746 1332 cotitmmebatttttr
1765 1306 1806 1331 vi-

177 1344 286 1371 πάντων
303 1343 448 1375 ὀδυνᾶσαι,
466 1343 613 1378 προσκυνῶ
634 1351 681 1370 σου
706 1343 737 1370 τὸ
767 1342 965 1378 εὖσπλαγχνον,

1018 1359 1095 1379 scera
1122 1357 1180 1384 tua,
1207 1360 1239 1379 ac
1257 1353 1390 1379 dicebas:
1412 1353 1458 1378 llei
1480 1351 1557 1381 tuilti.
1583 1351 1675 1377 divina
1700 1352 1803 1385 proles;

179 1390 278 1425 Κύριε·
1017 1398 1156 1432 quomodo
1169 1406 1217 1433 pro
1227 1399 1354 1425 omnibus
1366 1398 1458 1425 dolore
1468 1397 1591 1424 aliiecris.
1603 1397 1704 1430 Adorc,
1714 1397 1807 1425 Douti-

212 1435 364 1471 Νηστεύειν
384 1436 471 1471 ἡμᾶς,
492 1435 574 1470 ἁγνὴ,
592 1435 692 1466 κακίας
706 1435 797 1470 πάσης
816 1435 966 1470 ὲνίσχυσον,
1019 1451 1026 1469 ι

715 1435 797 1470 πάσης
816 1435 966 1470 ἐνίσχυσον,
1019 1451 1063 1475 tte,
1077 1443 1201 1470 intimam
1214 1444 1430 1470 tttiscricortliaut
1448 1450 1532 1470 luant.

179 1482 227 1508 καὶ
248 1481 359 1516 φαύλων
383 1482 431 1508 καὶ
449 1480 578 1516 πονηρῶν
602 1480 753 1516 ἀπέχεσθαι
771 1480 899 1515 πράξεων
924 1481 967 1508 ἀεὶ

1055 1488 1092 1515 Da
1118 1489 1197 1516 nobis
1211 1490 1295 1520 vires.
1312 1498 1327 1516 ο
1348 1495 1435 1521 casta,
1452 1494 1481 1516 ut
1498 1491 1532 1517 ab
1550 1492 1625 1519 ontni
1642 1491 1748 1519 malitia
1763 1490 1803 1525 jc-

179 1527 380 1562 ὲνδυνάμωσον,
409 1526 564 1562 προστασία
590 1527 702 1554 πάντων
733 1527 788 1553 τῶν
815 1525 968 1562 ἀνθρώπων

1016 1535 1165 1570 juttemus;
1180 1540 1207 1563 et.
1217 1536 1365 1563 corrobora
1381 1544 1430 1562 uos
1445 1542 1475 1563 ut
1490 1544 1504 1563 a
1521 1538 1611 1571 pravis
1626 1546 1657 1565 ac
1674 1537 1807 1572 perversis

179 1581 232 1608 χρη
236 1572 397 1607 ματίξουσα.
982 1601 996 1629 ί

988 1601 1004 1629 ε
1019 1581 1125 1608 actibus
1138 1580 1215 1616 157
1224 1589 1330 1615 semper
1343 1581 1540 1615 abstineamus,
1556 1591 1617 1610 cum
1633 1585 1671 1611 sis
1685 1583 1805 1610 omnium

1024 1627 1164 1654 hominum
1184 1628 1374 1661 patrocinium.

216 1663 285 1696 Νοός
304 1672 354 1698 μου
367 1663 418 1698 τὴν
432 1663 563 1690 στένωσιν
575 1664 610 1699 τῇ
624 1665 657 1698 σῇ
672 1662 807 1698 πρεσῦείᾳ
821 1663 966 1694 πλάτυνον,

1059 1671 1144 1698 Dilata
1168 1672 1266 1699 tuentis
1281 1680 1348 1700 mea:
1368 1673 1522 1707 angustiam
1540 1673 1736 1700 intercessione
1751 1677 1806 1704 tua,

180 1709 324 1740 Δέσποινα,
343 1709 360 1743 ἠ
384 1708 542 1735 στενώσασα
565 1708 659 1740 πάσας
687 1708 735 1739 τὰς
757 1708 896 1742 μεθοδείας
921 1707 969 1734 τοῦ

1023 1724 1040 1742 ο
1054 1716 1182 1748 Domina,
1200 1725 1261 1751 quin
1280 1717 1307 1744 in
1326 1719 1467 1752 angustias
1482 1718 1609 1752 redegisti
1624 1723 1650 1745 et
1665 1717 1806 1745 coarctasti

181 1754 367 1789 πολεμήτορος
379 1773 386 1786 ,
407 1754 455 1781 καὶ
474 1754 508 1781 δι’
528 1753 588 1781 ὁδοῦ
615 1763 648 1788 με
673 1754 767 1780 στενοῦ
784 1753 969 1780 κατευύδωσον

1024 1762 1170 1789 insidiosas
1189 1762 1246 1789 rias
1265 1763 1368 1796 hostis;
1395 1767 1420 1788 ιιι
1439 1770 1486 1798 per
1507 1766 1577 1790 viam
1600 1768 1742 1798 angustant
1767 1763 1808 1790 l'ac

183 1799 250 1834 πρὸς
262 1799 420 1835 πλατυσμδν
434 1800 483 1835 τῆς
495 1799 567 1835 ζωῆς
583 1799 713 1834 βαδίζειν,
730 1800 824 1834 Μῆτερ
837 1799 916 1826 Θεοῦ.

1024 1815 1068 1835 me
1093 1808 1206 1836 feliciter
1222 1809 1357 1842 incedere,
1379 1813 1408 1836 ut
1428 1809 1461 1836 ad
1479 1809 1650 1837 latitudinem
1674 1810 1733 1836 vitae
1749 1818 1808 1843 pcr-

1023 1853 1143 1885 veniant,
1159 1861 1175 1879 0
1194 1853 1239 1879 Dei
1257 1853 1351 1880 Mater.

218 1890 274 1918 Νῦν
290 1891 328 1923 ὡς
346 1891 439 1927 ἀρνίον
454 1891 557 1919 ἄκακον
577 1892 722 1927 καθορῶσα
734 1892 908 1927 κρεμάμενον
924 1893 971 1919 καὶ

1059 1898 1136 1926 Nunc
1164 1903 1292 1932 tauquam
1324 1899 1429 1933 Agnum
1458 1899 1628 1925 innocentem
1659 1899 1755 1925 videns
1783 1904 1808 1925 te

183 1937 235 1963 ὑπὸ
250 1937 359 1971 ἀνόμων
373 1937 412 1973 τῷ
428 1937 537 1973 σταυρῷ
561 1939 744 1972 πηγνύμενον,
759 1937 808 1964 Υιέ
830 1947 881 1972 μου
903 1947 971 1974 προ-

1024 1951 1200 1978 suspensum,
1216 1948 1243 1970 et
1262 1944 1296 1970 ab
1317 1943 1418 1978 iniquis
1432 1943 1506 1971 cruci
1523 1943 1668 1975 aliixum,o
1684 1942 1732 1969 Fili
1753 1944 1787 1969 nti
1800 1963 1807 1974 ,

184 1983 296 2018 ἀναρχε,
312 1983 359 2010 καὶ
374 1983 502 2019 ὀδυρμοῖς
522 1985 723 2019 συγκόπτομαι,
738 1984 784 2010 καὶ
797 1985 857 2015 ταῖς
872 1993 970 2020 μητρι-

1024 1990 1098 2016 mntti
1113 1989 1248 2023 principio
1262 1996 1369 2021 carens,
1382 1993 1464 2023 atque
1482 1989 1574 2016 omnia
1590 1989 1764 2020 antecedens,
1783 1993 1809 2014 ct

183 2030 246 2060 καϊς
264 2029 483 2064 περιστατοῦμαι
501 2029 618 2062 ὀδύναις,
642 2030 658 2065 ἡ
680 2030 818 2063 πάναγνος
838 2030 917 2061 ἐϐόα,
937 2031 970 2065 ἣν

1025 2035 1130 2062 ﬂetibus
1145 2034 1318 2069 querelisque
1334 2035 1475 2067 conﬁcior,
1489 2039 1516 2062 et
1528 2035 1670 2062 doloribus
1679 2034 1809 2061 maternis

184 2075 286 2107 φωναῖς
309 2075 451 2110 ἀσιγήτοις
471 2074 610 2110 ὐμνοῦμεν
633 2074 787 2110 θεοφρόνως
812 2076 851 2106 εἰς
865 2075 971 2106 πάντας

1025 2081 1190 2109 circutudor.
1204 2080 1242 2108 Ita
1265 2081 1419 2108 castissima
1444 2081 1625 2113 exclamabat,
1642 2088 1722 2115 qtiatti
1741 2080 1808 2107 irre-

183 2121 246 2151 τοὺς
262 2119 374 2152 αἰῶνας.
1025 2127 1125 2161 quietis
1135 2127 1258 2159 vocibus,
1271 2127 1362 2154 divina
1379 2135 1441 2153 ctttti
1461 2127 1605 2154 orudentia
1626 2126 1769 2153 laudamus
1783 2125 1810 2152 in

1026 2173 1116 2199 omnia
1130 2173 1238 2200 szecula.

219 2220 325 2256 Φθορᾶς
340 2229 371 2247 σι
392 2219 453 2256 δίχα
469 2220 570 2248 τέτοκα
595 2221 628 2247 ἐκ
645 2222 774 2257 γαστρὸς,
792 2222 846 2258 πρὸ
864 2221 971 2249 αἰώνων

1061 2217 1126 2244 Siue
1142 2217 1319 2252 corruptione
1337 2217 1427 2252 peperi
1445 2221 1470 2244 te
1485 2225 1516 2245 ex
1532 2222 1621 2250 utero,
1635 2224 1715 2252 quem
1731 2214 1810 2243 Pater

185 2267 279 2303 Πατὴρ
295 2266 325 2294 ὃν
337 2267 494 2302 ἐγέννησεν,
510 2267 557 2294 καὶ
569 2267 628 2298 πῶς
639 2267 741 2302 φθοράς
754 2267 892 2304 ἄνθρωποι
903 2277 971 2294 σπαν
988 2285 1002 2312 ε

992 2285 1010 2312 D
1026 2269 1089 2291 ante
1112 2263 1210 2291 smcula
1238 2265 1377 2299 generavit
1396 2273 1402 2292 :
1427 2270 1454 2291 et
1478 2264 1616 2299 quomodo
1635 2267 1809 2298 corruptores

187 2311 313 2347 ράττουσί
325 2320 367 2346 σε,
381 2312 439 2345 Υἱὲ,
453 2312 501 2339 καὶ
515 2311 564 2348 τὴν
580 2312 701 2348 πλευρὰν
713 2312 858 2347 ὀρύττουσι
875 2313 970 2348 λόγχῃ,
988 2309 1004 2312 r

990 2309 1005 2312 "
1026 2310 1150 2337 homines
1165 2318 1238 2338 nunc
1258 2314 1285 2337 te
1303 2310 1463 2342 dilacerant,
1479 2318 1495 2337 ο
1508 2310 1571 2343 Fili,
1594 2317 1626 2336 ac
1647 2309 1718 2336 latus
1733 2313 1807 2336 tuum

186 2357 233 2384 καὶ
247 2357 297 2388 τάς
311 2358 406 2393 χεῖρας
417 2357 466 2384 σὺν
478 2358 533 2388 τοῖς
547 2358 626 2385 ποσὶν
640 2357 750 2393 ἡλοῦσιν
763 2358 970 2394 ἁπανθρώπως;

1025 2356 1117 2383 lancea
1137 2355 1302 2390 perfodiunt,
1321 2363 1472 2390 manusque
1496 2363 1558 2383 cuni
1582 2354 1695 2390 pedibus
1711 2354 1808 2381 crude-

187 2403 204 2437 ἡ
225 2403 360 2438 πάναγνος
376 2403 452 2437 ἐϐόα,
465 2403 499 2438 ἠν
515 2403 634 2436 ὶπαξίως
650 2404 846 2438 μεγαλύνοιιεν.

1026 2402 1085 2428 liter
1098 2401 1230 2436 alligutit?
1246 2400 1291 2428 Sic
1307 2401 1461 2428 castissima
1473 2400 1653 2433 exclamabat,
1667 2408 1748 2435 quam
1760 2406 1810 2427 nos

1026 2454 1075 2481 pro
1090 2447 1220 2481 dignitate
1241 2447 1459 2480 niagtiiﬁcatnus.

663 2505 705 2532 Ea:
719 2505 824 2532 Catiane
836 2505 862 2532 iu
873 2505 923 2533 SS.
937 2505 1039 2536 Septem
1048 2513 1153 2540 pueros,
1167 2505 1209 2531 die
1220 2505 1238 2531 2
1250 2504 1332 2540 (66“).

223 2559 271 2587 Ille
284 2563 331 2595 qul
347 2564 442 2595 suapte
456 2565 553 2588 natura
571 2567 657 2595 purus
670 2565 722 2592 est,
745 2568 806 2588 cum
827 2561 975 2588 invenisset
1064 2561 1168 2589 Novum
1193 2561 1325 2588 infantem
1351 2561 1489 2596 peperisti,
1515 2568 1531 2588 ο
1552 2560 1646 2595 Virgo,
1669 2560 1715 2595 qui
1734 2567 1811 2587 mun-

188 2609 226 2638 ιε,
253 2613 270 2632 o
302 2606 469 2639 castissima,
500 2606 629 2634 omnibus
661 2606 796 2634 creaturis
824 2607 974 2641 puriorem,
1028 2607 1093 2635 dum
1109 2608 1166 2641 jatu
1183 2608 1230 2634 diu
1247 2608 1323 2634 senio
1343 2606 1509 2638 confectum,
1528 2607 1618 2634 divina
1640 2606 1752 2635 scicntia
1770 2613 1812 2632 re-

188 2651 349 2678 inhabitavit
359 2652 385 2679 in
395 2657 431 2683 te,
443 2652 548 2684 volens,
561 2656 688 2686 tanquam
703 2651 843 2678 hominum
858 2655 974 2684 amator,
1029 2653 1155 2686 novavit;
1171 2657 1312 2688 propterea
1329 2659 1354 2680 te
1369 2653 1563 2688 gloriﬁcamus.

187 2698 455 2733 climinareculpam,
470 2697 741 2733 quaeiiabitaveritin
755 2697 866 2725 Adamo.
1044 2720 1046 2723 .
1065 2698 1197 2732 Dissolve,
1225 2706 1241 2725 ο
1266 2699 1357 2734 Virgo,
1387 2700 1485 2726 animm
1517 2706 1583 2725 mea;
1609 2696 1738 2724 duritiem
1759 2704 1765 2722 :
1785 2700 1812 2722 et

223 2743 293 2770 Cum
312 2752 356 2772 me
379 2752 413 2771 ex
436 2745 538 2772 divinis
565 2745 744 2779 satiguinibus
768 2744 822 2771 tuis
850 2743 976 2771 Christus
1028 2743 1145 2771 concede
1169 2744 1236 2771 milii
1259 2750 1380 2779 prompte
1400 2752 1432 2772 ac
1449 2744 1561 2771 faciliter
1579 2743 1678 2770 divinis
1696 2742 1756 2769 Filii
1771 2742 1812 2768 tui

189 2793 319 2824 tanquam
348 2791 540 2818 vestimentum
572 2791 749 2825 suscepisset.
780 2799 797 2817 ο
826 2790 974 2823 inviolata,
1028 2791 1218 2818 sanctionibus
1236 2791 1437 2826 obtemperare,
1456 2796 1536 2824 atque
1550 2789 1694 2816 inhierere.

190 2835 255 2862 olim
271 2836 401 2863 nudatum
421 2837 514 2872 gratiae
529 2837 651 2864 vestibus
666 2837 764 2863 induit.
1063 2837 1194 2865 Mortilica
1217 2838 1308 2865 carnis
1327 2837 1393 2865 mea:
1408 2837 1507 2864 fastum
1525 2843 1556 2863 ac
1574 2835 1714 2866 l'ct'ociam,
1731 2841 1748 2861 ο
1762 2842 1813 2869 pu-

229 2892 298 2928 (65‘)
313 2892 394 2920 Deest
410 2893 436 2920 in
453 2892 574 2921 Menaeis.

333 2940 470 2969 PA'rttOL.
487 2940 546 2969 GR.
571 2939 632 2969 CV.
1607 2937 1645 2966 37
