2069 3159
266 178 333 211 Πῦτ

834 182 862 211 S.
885 181 1041 211 JOSEPIII
1063 182 1343 214 HYMNOGRAPHI

1818 182 1829 214 l
1836 181 1886 215 168

265 235 441 270 comprobata
465 242 505 265 es,
526 242 542 261 ο
562 234 748 267 immaculata,
766 234 849 262 Deum
876 236 949 262 enim
976 244 1057 271 supra

1111 237 1156 263 τὸν
1171 237 1251 264 τόκον
1269 238 1306 269 ὡς
1317 236 1424 273 ἀληθῶ;
1440 237 1562 272 ὲδείχθης
1577 245 1584 254 ·
1599 236 1645 263 τὸν
1659 236 1725 263 Θεὸν
1739 236 1794 271 γὰρ
1819 237 1888 270 ὑπὲρ

265 281 377 309 rationis
389 286 497 316 captum
510 280 648 315 peperisti,
659 280 705 315 qui
716 286 828 308 sanctos
841 286 973 317 martyres
993 287 1053 317 post

265 327 416 355 confertum
432 331 568 354 certamen
585 327 740 354 coronavit.

300 372 438 399 Habitavit
451 372 477 399 in
491 377 526 404 te,
543 379 559 398 ο
581 371 707 405 Deipara,
725 372 856 400 Dominus
874 373 984 408 ilie,qui
1003 373 1054 400 ha-

265 420 332 447 bitat
343 419 370 446 in
385 419 473 450 ccclis,
489 423 571 453 atque
591 426 606 445 a
623 419 702 446 nobis
717 426 825 446 omnem
841 418 964 446 fraudem
979 427 1055 445 erro-

265 471 376 499 remque
386 464 548 490 eliminavit.

215 502 220 506 ’
300 508 442 543 Tanquam
464 508 598 543 speciosa,
613 508 766 542 speciosum
783 508 923 542 peperisti,
938 515 955 535 ο
973 508 1054 543 Virgo

266 555 350 582 Mater
365 554 507 586 inviolata,
524 554 569 588 qui
591 554 812 588 speciosissimos
829 553 893 581 fecit
908 559 1052 589 martyres,

265 601 311 635 qui
339 606 497 627 constanter
520 600 740 632 deeertaverunt,
777 604 859 634 atque
885 600 1053 634 impietatem

265 647 469 673 iii-minuerunt.

301 693 368 725 Quis
382 698 457 719 tuum
469 693 557 720 valeat
571 692 710 727 explicare
724 691 894 727 mysterium,
909 698 926 718 0
942 690 1054 718 Dmnina

258 739 398 774 rDeipara?
415 739 520 766 Etenim
541 747 622 773 supra
641 739 754 766 rationis
781 737 970 772 orationisque
989 745 1054 764 eou—

266 792 385 820 eeptum,
404 785 485 812 Deum
505 785 676 812 ineﬁ‘abiliter
692 784 831 819 peperisti.

301 831 403 858 Pratter
421 834 525 857 natura:
543 830 626 863 leges,
643 837 736 856 verum
760 829 955 863 legislatorem,
971 836 988 854 o
1003 828 1055 854 im-

266 876 491 907 maculatissima,
505 874 633 909 peperisti
653 882 660 900 :
684 880 765 908 quem
781 873 893 907 supplex
909 880 1002 902 exora.
1026 877 1055 898 ut

1106 283 1184 317 λόγον
1201 283 1304 315 ἔτεκες,
1320 283 1366 311 τὸν
1382 284 1445 315 τοὺς
1462 284 1556 318 ἁγίους
1572 283 1713 319 μάρτυρας
1739 282 1886 318 ἐνηθληκό-

1104 337 1154 360 τας
1170 328 1389 363 στεφανώσαντα.

1147 373 1305 407 Ἐνοίκησεν
1320 373 1366 400 ἐπὶ
1378 374 1420 402 σοὶ
1434 375 1448 401 ὁ
1458 373 1541 400 οἰκῶν
1552 373 1614 404 τοὺς
1627 373 1760 408 οὐρανοὺς
1785 372 1888 407 Κύριος

1104 418 1151 445 καὶ
1166 419 1194 452 ἐξ
1215 419 1295 454 ἡμῶν
1321 419 1431 447 ἃπασαν
1457 420 1573 455 πλάνην,
1596 419 1724 451 Θεοπόκε,
1746 417 1887 453 ἑξῴκισεν.

1144 507 1189 538 Ὧς
1204 507 1293 541 ὡραία
1317 507 1476 543 ἀπεκύησας
1489 508 1535 536 τὸν
1549 509 1660 545 ὡραῖον,
1675 507 1888 543 Παρθενομῆτορ

1104 553 1232 587 ἂχραντε,
1247 553 1293 579 τὸν
1308 553 1493 589 ὡραιοτάτους
1510 554 1639 586 δείξαντα
1660 553 1723 585 τοὺς
1747 552 1889 588 μάρτυρας

1105 598 1226 634 στερρῶς
1234 598 1450 634 ὲναθλήσαντας,
1463 600 1509 626 καὶ
1524 599 1573 635 τὴν
1588 599 1684 626 ἀθειαν
1698 599 1866 634 μειώσαντας
1880 598 1888 624 l

1140 687 1188 718 Τίς
1201 687 1313 714 δύναται
1337 688 1368 714 τὸ
1384 688 1429 715 σὺν
1443 687 1610 723 ἑρμηνεῦσαι
1627 687 1786 722 μυστήριον,
1809 684 1832 714 ὦ
1847 687 1891 713 Δέ-

1106 741 1204 760 σποινα
1214 733 1338 760 Θεοτόκε·
1347 734 1417 769 ὑπὲρ
1427 734 1488 761 νοῦν
1503 734 1557 769 γὰρ
1569 735 1616 760 καὶ
1625 733 1703 767 λόγον
1723 733 1790 759 Θεὸν
1801 733 1889 768 ἀφρα-

1106 787 1176 810 στως
1191 779 1315 811 τέτοκας.

1140 823 1274 858 Νομίμων
1286 824 1447 860 ἀπεκύησας
1465 824 1536 859 δίχα,
1554 824 1721 859 πανάμωμε,
1736 824 1782 850 τὸν
1802 823 1890 859 ἀληθῆ

1105 868 1265 903 νομοθέτην,
1285 869 1315 896 ὃν
1338 870 1462 896 δυσώπει
1489 869 1563 904 νόμῳ
1587 870 1635 904 τῆς
1666 869 1802 904 ἁμαρτίας
1840 869 1890 904 τὴν

255 922 365 950 .animte
392 928 468 953 mea,
485 920 587 955 peccati
603 919 706 954 legibus
726 918 862 951 obnoxiae,
881 918 1053 950 misereatur,

1110 913 1196 949 ψυχήν
1217 922 1268 949 μου
1284 914 1472 950 τροπουμένην
1495 915 1629 949 οἰκτεῖραι
1655 915 1702 940 καὶ
1724 913 1810 940 σῶσαί
1839 922 1884 948 με.

266 972 293 995 et
305 967 391 994 salvet
406 973 458 993 me.

303 1013 445 1047 Tanquam
463 1011 541 1039 emlis
564 1011 654 1044 latior,
671 1018 688 1037 ο
707 1014 792 1042 casta,
809 1009 939 1043 Verbum,
955 1009 1027 1044 quod
1039 1016 1054 1036 a

258 1058 340 1085 -nulla
351 1065 380 1085 re
393 1056 643 1091 comprehenditur.
655 1063 740 1090 supra
754 1063 836 1090 quant
846 1059 936 1082 tuente
949 1054 1055 1089 concipi

268 1103 365 1138 possit,
376 1102 531 1137 suscepisti,
547 1109 563 1128 ο
577 1105 633 1128 tota
653 1100 828 1128 immaculata
842 1108 849 1133 ;
865 1100 938 1134 quod
956 1099 1056 1126 ambu-

268 1151 356 1177 lantes
371 1156 419 1184 per
435 1148 507 1175 viam
526 1147 605 1182 162
625 1146 860 1182 augustissimam,
877 1145 911 1173 ad
932 1145 1056 1174 latitudi-

268 1203 330 1224 nem
348 1195 446 1223 diviuae
461 1193 523 1221 vita:
538 1193 671 1228 perducit.

303 1242 326 1270 Ο
337 1242 419 1276 Virgo
431 1246 524 1269 sancta
533 1247 593 1275 qua:
602 1239 688 1267 Deum
699 1242 906 1273 supersanctum
918 1238 1056 1273 peperisti.

269 1288 315 1324 qui
327 1288 413 1324 gratia
427 1290 536 1314 sanctos
551 1290 683 1320 martyres
698 1292 764 1312 suos
778 1284 930 1316 coronavit,
943 1285 1016 1311 salva
1031 1288 1058 1310 et

269 1334 409 1364 sanctiﬁca
420 1341 480 1364 nos,
495 1333 542 1368 qui
554 1332 646 1359 animo
661 1336 788 1366 prompto
801 1337 881 1365 atque
895 1331 978 1358 alacri
991 1338 1058 1359 con-

266 1381 402 1410 cinimus:
419 1379 587 1412 lieneilicite.
599 1378 690 1405 omnia
704 1377 964 1413 opera,Dominum.

304 1425 430 1453 lllumiua
446 1432 507 1456 nos,
525 1432 541 1451 ο
560 1423 651 1458 Virgo,
663 1428 760 1457 inquae
775 1422 862 1449 lucem
881 1421 1057 1449 inaccessibi-

265 1472 322 1499 lem
336 1471 481 1506 peperisti;
496 1470 568 1504 reple
582 1477 632 1496 nos
644 1469 745 1499 latitia,
760 1468 898 1502 animique
906 1468 1055 1499 alacritate,

267 1526 302 1546 ac
319 1518 410 1545 divina
431 1517 554 1548 scientia,
572 1515 635 1542 dum
653 1519 678 1541 te
696 1522 764 1549 puro
779 1513 860 1541 corde
883 1513 1007 1548 religiose
1026 1521 1058 1540 ac

271 1564 418 1599 prudenter
429 1564 535 1590 beatam
552 1561 729 1596 appellamus.

270 1592 312 1638 ἐκ
329 1610 435 1637 Canone
449 1610 478 1635 in
505 1592 619 1642 [esto-IS.
641 1605 760 1641 Myronis
790 1605 926 1640 martyris,
940 1605 983 1632 die
1012 1604 1056 1632 17.
1069 1592 1092 1622 c

302 1688 368 1715 Sola
391 1686 473 1713 Deum
493 1684 622 1720 nuptialis
639 1684 689 1711 tori
711 1683 802 1710 nescia
823 1681 962 1717 peperisti,
979 1690 1060 1716 quem

270 1733 457 1760 decertatorcs
484 1735 618 1766 martyres
638 1729 768 1762 confessi,
786 1730 903 1757 similem
922 1730 1000 1757 nobis
1019 1730 1058 1756 la-

271 1784 358 1811 clum,
368 1777 519 1805 seductoris
529 1781 605 1805 astus
614 1777 706 1804 irritos
719 1775 905 1807 reddiderunt,
921 1783 937 1803 0
946 1775 1060 1803 Domina

272 1823 383 1850 intacta.

307 1868 458 1904 lmpietatis
481 1872 563 1903 atque
585 1867 754 1896 inﬁdelitatis
774 1871 870 1897 morbo
889 1869 1060 1897 laborantem

271 1919 383 1939 omnem
410 1916 574 1944 creaturam,
592 1917 631 1944 tu,
652 1919 669 1939 ο
701 1912 792 1948 Virgo,
818 1913 902 1941 Deum
925 1914 1059 1941 medicum

270 1958 351 1985 enixa
363 1957 560 1985 admirabiliter
568 1957 708 1985 eurnvisli.
715 1957 860 1993 Propterea
871 1959 971 1993 gratias
978 1966 1059 1994 agen-

271 2008 314 2030 tes
329 2003 362 2030 ad
374 2007 400 2030 te
414 2003 565 2030 clamamus
585 2010 592 2028 :
610 2001 695 2029 Nemo
714 2008 756 2030 est
768 2003 827 2030 sine
843 2002 948 2030 macula
962 2007 1061 2038 praeter

272 2053 311 2082 te,
323 2056 340 2074 ο
357 2048 470 2076 Domina
482 2047 549 2082 (67).

309 2094 435 2129 Magnum
452 2100 483 2120 ac
497 2093 666 2120 tremendum
687 2097 781 2128 partus
803 2094 840 2120 tui
856 2094 1027 2128 mysterium,
1043 2102 1060 2121 ο

273 2145 365 2172 casta,
380 2145 492 2174 stupore
507 2138 629 2172 percellit
647 2146 756 2166 omnem
771 2144 900 2171 mentem,
910 2139 973 2173 quia
989 2139 1059 2168 Deus

274 2192 309 2212 ex
322 2189 351 2212 te
365 2185 446 2212 homo
459 2184 516 2212 ﬁeri
533 2184 584 2212 sibi
609 2184 773 2218 complacuit
787 2188 897 2218 propter
911 2184 1059 2212 bonitatem

276 2238 366 2264 suam,
379 2230 406 2257 in
419 2229 535 2258 salutem
549 2237 582 2257 ac
594 2229 818 2258 restaurationem
830 2229 936 2257 mundi.

310 2262 400 2307 Illum,
415 2278 461 2311 qui
475 2283 508 2302 ex
529 2280 555 2303 te
576 2276 734 2303 incarnatus
757 2279 799 2302 est
811 2276 892 2302 verbo
916 2275 1057 2308 inell'abili,
1071 2262 1098 2292 D

274 2328 325 2356 pro
346 2321 424 2348 nobis
449 2321 605 2356 deprecare,
630 2328 646 2347 ο
662 2320 815 2353 benedicta,
836 2325 866 2347 ut
881 2321 915 2347 ab
931 2320 1059 2347 omnibus

277 2367 401 2394 hostibus
415 2371 470 2394 tam
488 2366 650 2398 visibilibus,
669 2373 751 2400 quam
767 2365 949 2393 invlsibilibus
960 2365 1058 2393 libere-

277 2419 338 2438 mur
353 2419 403 2439 nos
423 2412 470 2447 qui
483 2418 508 2440 te
523 2417 626 2439 castam
644 2411 785 2446 Deiparam
804 2412 1024 2446 pronuntiamus,
1040 2419 1057 2437 ο

276 2455 405 2484 immunis
420 2457 454 2484 ab
463 2457 536 2484 omni
552 2456 612 2483 labe
624 2456 693 2491 (68).

313 2534 370 2571 (ti'l)
392 2533 427 2562 Ut
438 2534 505 2571 nihil
521 2534 955 2571 proconceptioneimmaculata
971 2534 1060 2571 mani:

277 2569 384 2602 festius,
405 2570 441 2597 ita
466 2569 534 2597 nihil
562 2569 615 2597 dici
641 2574 730 2605 potest
751 2569 893 2597 illustrius.
908 2569 1058 2605 Nantﬂquid

277 2604 410 2632 illustrius
433 2609 515 2639 atque
539 2603 696 2639 expressius
719 2604 779 2632 istis
804 2605 917 2632 verbis:
937 2613 946 2629 ι
976 2603 1059 2631 Nemo

276 2644 318 2667 est
332 2640 391 2667 sine
404 2641 510 2667 macula
522 2645 619 2674 preter
630 2644 666 2671 te.
679 2647 696 2666 ο
709 2639 839 2666 Domina?
852 2649 861 2665 ›

275 2674 319 2702 his
339 2676 451 2702 omnino
470 2673 619 2710 aﬂirmatur
640 2673 783 2710 Deiparam
805 2674 889 2701 solam
907 2674 977 2702 inter
997 2681 1057 2710 om-

276 2716 326 2737 nes
342 2714 483 2737 creaturas
510 2709 596 2737 fuisse
618 2710 677 2737 sine
697 2709 812 2736 macula.
837 2710 891 2736 Aut
910 2710 982 2736 enim
1004 2709 1056 2736 ista

260 2754 262 2756 ·
277 2745 307 2779 _s_.
325 2742 436 2779 Josephi
451 2745 601 2772 auctoritas
615 2749 658 2772 est
676 2744 798 2779 neganda
814 2745 855 2771 vel
874 2744 1056 2771 concedenda.

276 2777 334 2804 Non
358 2777 491 2814 neganda,
506 2787 571 2814 ergo
588 2777 771 2806 concedenda.
790 2779 951 2813 llujusmodi
968 2783 1056 2805 autem

276 2814 437 2848 auctoritate
456 2822 598 2845 concessa,
615 2814 687 2841 milia
708 2814 760 2840 alia
784 2814 966 2848 explicatione
988 2821 1057 2848 opus

275 2851 317 2873 est
332 2847 364 2873 ad
382 2850 600 2886 cognoscendum
613 2857 649 2886 rex
671 2848 780 2882 Josephi
799 2847 898 2882 mente,
916 2848 946 2875 Β.
971 2847 1058 2884 Virgi-

280 2888 342 2907 nem
358 2883 443 2910 solam
455 2884 517 2912 sine
530 2885 635 2911 macula
651 2887 808 2918 conceptam
824 2891 896 2912 esse.

879 2639 984 2672 Quibus
1000 2646 1059 2666 ver-

1148 1004 1191 1036 Ὧς
1214 1004 1372 1041 πλατυτέρα
1395 1004 1451 1031 τῶν
1480 1004 1612 1040 οὐρανῶν,
1634 1004 1716 1039 ἁγνὴ,
1735 1003 1891 1035 ὑποδέδεξαι

1106 1050 1192 1084 Λόγον
1211 1050 1336 1086 μηδαμοῦ
1360 1050 1532 1086 χωρούμενον
1546 1050 1616 1085 ὑπὲρ
1632 1051 1705 1082 νοῦν,
1721 1049 1891 1082 στενωτάτην

1106 1097 1169 1127 τοὺς
1196 1096 1338 1128 ὁδεύοντας
1364 1097 1434 1129 ὁδὸν,
1456 1097 1622 1131 πανάμωμε,
1638 1096 1704 1131 πρὸς
1733 1094 1892 1129 πλατυσμὸν

1107 1143 1251 1178 εἰσάγοντα
1262 1143 1335 1175 θείας
1352 1143 1436 1178 ζωῆς.

1153 1243 1233 1277 ’Δγία
1246 1243 1378 1280 Παρθένε,
1386 1243 1402 1278 ἡ
1410 1242 1476 1270 Θεὸν
1483 1242 1528 1269 τὸν
1537 1242 1685 1277 ὑπερᾶγιον
1699 1241 1891 1275 ἀποκυήσασα.

1108 1288 1153 1314 τὸν
1168 1288 1380 1322 στεφανώσαντα
1391 1287 1482 1323 χάριτι
1492 1288 1555 1318 τοὺς
1565 1287 1661 1321 ἁγίους
1675 1286 1769 1313 τούτου
1786 1287 1892 1321 μάρτυ-

1110 1340 1171 1367 ρας,
1196 1333 1292 1364 σῶσον,
1307 1332 1421 1366 ἁγίασον
1445 1332 1518 1367 ἡμᾶς
1545 1331 1692 1366 προθύμως
1716 1331 1867 1366 μέλποντας
1884 1338 1892 1345 ’

1110 1375 1265 1408 Εὑλογείτε,
1281 1376 1371 1402 πάντα
1387 1376 1421 1403 τὰ
1434 1376 1513 1411 ἔργα⁷
1530 1375 1642 1410 Κύριον.

1148 1422 1267 1449 Φώτισον
1283 1423 1356 1458 ἡμᾶς
1371 1423 1389 1458 ὴ
1402 1421 1518 1449 τεκοῦσα
1535 1421 1593 1456 φῶς
1609 1421 1640 1448 τὸ
1649 1420 1805 1456 ἀπρόσιτον,
1817 1421 1893 1455 Παρ-

1110 1469 1181 1501 θένε,
1210 1467 1350 1503 ἔμπλησον
1367 1468 1440 1503 ἡμᾶς
1466 1466 1648 1502 εὐφροσύνης,
1681 1467 1728 1493 καὶ.
1749 1465 1893 1501 θυμηδίας,

1111 1514 1159 1541 καὶ
1177 1513 1252 1545 θείας
1271 1513 1398 1547 γνώσεως
1410 1513 1475 1545 τοὺς
1497 1512 1607 1549 καθαρᾷ
1624 1511 1724 1547 καρδίᾳ
1743 1519 1773 1538 σε
1786 1511 1894 1538 εὐσεϐο-

1111 1561 1216 1595 φρόνως
1234 1559 1446 1595 μακαρίζοντας.

1117 1607 1165 1633 Ἐκ
1179 1606 1232 1633 τοῦ
1248 1606 1382 1638 Κανόνος
1396 1605 1505 1675 ειξυῖἓν
1517 1605 1602 1672 ᾶγὲιον
1610 1605 1746 1640 μάρτυρα
1756 1605 1893 1638 Μύρωνα,

1479 1649 1520 1674 pa
1535 1650 1542 1666 ι
1571 1661 1577 1667 -

1479 1649 1577 1674 wit.-

1147 1687 1223 1722 Μὸνη
1241 1687 1306 1714 Θεὸν
1327 1687 1524 1722 ἀπειρογάμως
1549 1686 1680 1721 ὲκύησας,
1694 1686 1723 1713 ὂν
1748 1686 1895 1721 ἀθλοφόροι

1114 1735 1252 1770 μάρτυρες
1272 1735 1489 1770 ὁμολογήσαντες
1508 1735 1574 1770 ἡμῖν
1595 1734 1775 1769 ὁμοιωθέντα,
1790 1735 1894 1768 κατήρ-

1112 1788 1200 1815 γησαν
1210 1780 1259 1815 τὴν
1270 1779 1384 1814 πλάνην,
1394 1780 1512 1815 ἄχραντε
1524 1780 1669 1806 Δέσποινα.

1146 1867 1286 1894 Νοσοῦσαν
1302 1867 1381 1902 ἀθεῖᾳ
1391 1867 1440 1900 τὴν
1454 1867 1545 1893 πᾶσαν
1564 1865 1654 1893 κτίσιν
1673 1865 1739 1892 Θεὸν
1753 1865 1893 1899 κυοφορή-

1112 1923 1183 1941 σασα
1208 1913 1317 1948 ἰατῆρα,
1341 1913 1472 1948 Παρθένε,
1499 1912 1685 1948 ὲθεράπευσας
1709 1911 1893 1947 παραδόξως·

1111 1959 1337 1995 εὐχαριστοῦντές
1354 1967 1394 1985 σοι
1419 1958 1460 1985 διὸ
1473 1958 1676 1994 κραυγάζομεν,
1694 1958 1732 1989 ὡς
1745 1957 1803 1985 οὐκ
1817 1957 1894 1983 ἐστιν

1111 2006 1226 2041 ᾶμωμος
1241 2005 1311 2038 πλὴν
1324 2004 1382 2035 σοῦ,
1401 2004 1543 2031 Δέσποινα.

1146 2095 1183 2122 Τὺ
1196 2095 1268 2130 μέγα
1283 2094 1328 2121 καὶ
1352 2094 1465 2129 φρικτὸν
1489 2092 1638 2129 μυστήριον
1654 2092 1703 2127 τῆς
1717 2091 1824 2127 λοχείας
1848 2100 1894 2118 σου

1111 2141 1297 2176 καταπλήττει
1316 2140 1416 2172 πᾶσαν,
1433 2139 1514 2173 ἁγνὴ,
1535 2138 1650 2170 ἔννοιαν,
1666 2138 1707 2165 ὃτι
1733 2138 1800 2169 Θεὸς
1816 2139 1895 2164 ἐναν-

1111 2186 1255 2222 θρωπῆσαι
1272 2187 1306 2212 ὲκ
1323 2184 1370 2211 σοῦ
1397 2184 1545 2220 ἀγαθότητι
1561 2184 1719 2218 εὐδόκησεν,
1737 2184 1777 2215 είς
1800 2191 1892 2219 σωτη-

1113 2232 1172 2268 ρίαν
1186 2231 1289 2266 κόσμου
1302 2231 1349 2257 καὶ
1365 2230 1527 2257 ἀνάπλασιν.

1155 2277 1240 2311 ’Υπὲρ
1263 2276 1341 2312 ήμῶν
1365 2276 1412 2302 τὸν
1441 2277 1473 2302 ὲκ
1500 2275 1547 2302 σοῦ
1575 2274 1753 2310 σαρκωθέντα
1782 2274 1895 2310 ἀρρήτῳ

1110 2323 1185 2358 λόγῳ
1203 2322 1333 2355 δυσώπει,
1358 2321 1626 2356 εὐλογημένη,ὅπως
1653 2321 1799 2355 ῥυσθῶμεν
1825 2320 1895 2355 ὀρω-

1113 2369 1202 2404 μένων
1217 2368 1264 2395 καὶ
1288 2367 1398 2394 πάντων
1413 2367 1538 2402 ἀοράτων
1551 2366 1668 2402 ἐχθρῶν,
1684 2366 1852 2401 πανάμωμε,
1869 2366 1893 2391 οἱ

1111 2415 1140 2441 σὲ
1158 2414 1287 2441 Θεοτὸκον
1300 2412 1384 2447 ἁγνὴν
1393 2412 1633 2446 καταγγέλλοντες.

1151 2533 1212 2570 (681
1228 2532 1299 2570 Ergo
1328 2531 1460 2570 immunis
1490 2531 1577 2570 etiam
1599 2531 1633 2558 ab
1650 2529 1791 2570 _originali
1808 2528 1897 2570 labe,

1114 2563 1234 2604 alioquin
1248 2563 1282 2595 ab
1303 2567 1456 2604 omniiahe
1471 2574 1525 2593 non
1541 2566 1636 2594 fuisset
1649 2563 1790 2604 imniuniq.
1808 2563 1899 2604 Probe

1112 2599 1232 2632 Joan'nes
1244 2604 1278 2630 de
1296 2602 1404 2637 Agaciis
1421 2601 1517 2637 doctus
1529 2606 1623 2637 auctor
1637 2605 1664 2628 et
1677 2599 1855 2637 perantiquus
1871 2599 1899 2626 in
1931 2619 1934 2622 ι

1115 2640 1242 2666 Tractatu
1265 2638 1297 2664 de
1311 2634 1613 2671 conceptionerl’irginis
1636 2634 1897 2671 apudrNorariuum
1929 2640 1935 2667 ξ

1112 2675 1139 2701 in
1161 2674 1259 2701 Umbra
1290 2668 1412 2707 Virginea
1431 2679 1460 2699 n.
1476 2670 1530 2698 209
1543 2668 1555 2697 Ξ
1570 2680 1580 2707 ι
1597 2668 1899 2707 ὃὶεύιηὶιιᾳιιὶικῃιὶγι
1929 2673 1934 2698 ξ

1113 2709 1163 2736 fuit
1184 2708 1282 2736 similis
1311 2702 1375 2742 Αξιω
1404 2707 1436 2742 ad
1458 2705 1674 2742 corruptionem,
1695 2705 1736 2742 ita
1749 2702 1793 2730 'B.
1813 2702 1898 2742 Virgo

1112 2744 1196 2771 Maria
1213 2743 1308 2770 similis
1332 2741 1383 2769 fuit
1404 2740 1512 2768 Christo
1531 2741 1562 2766 ad
1585 2740 1796 2775 reparationem,
1814 2742 1841 2764 et
1856 2740 1898 2764 sic

1111 2785 1222 2812 necesse
1245 2778 1298 2804 fuit
1314 2782 1344 2804 ut
1359 2780 1439 2812 esset
1450 2783 1465 2802 a
1481 2778 1595 2812 peccato
1618 2773 1848 2812 immunis,_sicut
1869 2777 1898 2811 et

1111 2815 1168 2848 ipse
1179 2808 1315 2840 Christus.
1333 2821 1342 2837 ι
1356 2810 1401 2848 Sic
1414 2810 1466 2848 ille.
1481 2808 1650 2848 Non-[uisset
1662 2814 1752 2848 autem
1766 2808 1898 2848 immunis

1110 2842 1144 2876 ab
1162 2847 1235 2875 omni
1257 2848 1327 2878 labe,
1343 2847 1415 2873 sicut
1433 2846 1497 2880 ipse
1517 2844 1655 2879 Christus,
1671 2843 1694 2872 si
1716 2842 1823 2878 peccati
1839 2842 1897 2869 Ori-

1109 2883 1206 2918 ginalis
1222 2883 1280 2910 labe
1291 2882 1386 2909 fuisset
1398 2879 1508 2908 infecta.
