2069 3159
182 159 249 192 1181

902 163 1083 194 MARIALE.

1733 162 1805 194 1182

214 219 329 252 Εὐλογεῖ
359 218 433 245 πᾶσα
462 218 550 249 κτίσις
564 218 609 245 τὸν
635 218 715 246 τόκον
743 228 800 252 σου,
813 219 962 254 εὐλογίαις1

1054 219 1220 246 Benedicunt
1244 226 1340 247 omnes
1363 223 1496 246 creatum:
1514 222 1622 253 partum
1650 223 1738 250 tuum.
1756 219 1803 252 qui

179 265 253 299 ἡμᾶς
269 263 492 297 στειρανώσαντα,
505 263 551 289 καὶ
565 262 613 298 τὴν
626 263 696 298 ἀρὰν
716 264 864 300 ὲξάραντα,
880 274 965 292 παντ-

178 309 308 343 ευλόγητε
335 308 403 343 μόνη
418 307 609 343 δεδοξασμένῃ,
627 309 643 343 ἡ
656 308 688 334 τὸ
702 309 779 343 γένος
794 310 873 344 ἡμῶν
886 318 967 345 χαρι-

178 355 303 381 τώσασα.

212 402 373 437 Φιλαμαρτὴ
379 410 446 436 μονα
459 400 584 436 γνώμην,
600 401 647 428 καὶ
659 400 822 437 ἀδιόρθωτον
838 401 906 436 βίον,
919 401 967 428 καὶ

177 448 419 484 πλημμελήσασαν
453 446 563 482 ψυχὴν,
599 448 646 473 καὶ
677 446 794 482 καρδίαν
837 448 967 483 ρυπῶσαν

178 496 246 530 ἔχων
260 495 364 525 ἄσωτος
380 492 446 527 ἐγὼ,
460 492 624 527 προσπίπτω
639 501 691 524 σοι,
706 493 851 526 Δέσποινα,
873 492 966 528 βοήθει

178 550 223 575 μοι
239 541 286 567 καὶ
300 539 444 576 διόρθωσιν
455 539 537 571 δίδου,
551 539 615 574 πρίν
632 547 666 574 με
681 538 772 574 φθάσῃ
785 539 833 565 τοῦ
849 539 965 566 θανάτου

177 588 193 621 ἡ
210 586 292 621 τομή-

211 677 301 706 Φωτδς
314 675 361 702 τοῦ
380 676 409 702 ὲν
430 675 472 702 σοὶ
497 676 704 710 μαρμαρυγαῖς,
731 675 893 711 Θεόνυμφε,
916 676 966 711 τὴν

175 723 265 758 ψυχήν
283 730 333 756 μου
348 721 562 757 ψωταγώγησον,
579 721 704 756 κείμενον
721 721 809 757 βόθρῳ
827 721 966 752 ἀπωλείας

176 770 340 802 αυάστησον,
355 767 469 803 ἐχθροὺς
489 767 734 803 καταταράσσουσα
750 769 813 798 τοῦς
824 766 965 798 θλίϐοντας

177 815 221 842 ἀεὶ
241 817 292 850 τὴν
309 815 424 851 καρδίαν
443 823 507 850 μου,
522 816 570 841 καὶ
589 814 656 850 πρὸς
670 815 705 841 τὰ
725 814 799 850 πάθη
816 814 966 841 συνωθοῦν-

177 864 227 896 τάς
244 873 290 899 με.

184 910 235 936 Ἐἰι
257 909 311 936 τοῦ
342 908 478 941 Κανόνος
499 909 543 941 εἰς
571 908 624 934 τὸν
654 908 739 942 ἅγιον·
768 907 964 942 ἱερομάρτυρα

405 944 428 970 Ε
432 943 551 977 ὺτυχέα.
574 943 669 977 ᾑμέρᾳ
684 942 732 969 κδ’.

216 999 261 1026 Ἑν
279 999 331 1032 σοὶ,
349 999 483 1034 Παρθένε,
498 998 548 1034 τὴν
565 998 659 1024 ἐλπίδα
684 998 779 1034 τίθημι
801 998 852 1033 τῆς
874 1006 963 1034 σωτη-

176 1045 238 1080 ρίας
259 1054 329 1080 μου,
356 1044 500 1079 ἁμαρτιῶν
521 1044 609 1080 ῥύπου
635 1044 695 1070 ὅλον
725 1052 757 1078 με
792 1043 964 1076 ἀπόπλυνον,

175 1091 223 1118 καὶ
239 1091 359 1127 καθαρὸν
377 1090 531 1130 ᾲπέργασαι
547 1089 586 1124 τῷ
600 1089 656 1124 Υἱῷ
672 1098 718 1116 σου
733 1089 851 1124 ἀρίστως
867 1089 965 1125 εὐαρε-

176 1136 304 1168 στοῦντα,
315 1136 361 1163 καὶ
372 1130 528 1170 στράττοντα
541 1135 636 1162 τούτου
651 1135 682 1162 τὸ
697 1135 830 1168 πανάγιον
845 1135 962 1170 Θέλημα.

211 1182 334 1215 Χαῖρε,ἡ
353 1181 419 1215 μόνη
439 1181 488 1215 τὴν
503 1181 590 1216 χαρὰν
603 1180 811 1216 ἀνερμηνεύτως
826 1180 944 1207 τεκοῦσα
955 1188 962 1196 ·

177 1228 266 1262 χαῖρε,
283 1226 358 1261 ἅρμα
373 1226 417 1252 καὶ
430 1225 528 1261 νεφέλη
539 1225 586 1252 τοῦ
603 1226 690 1259 Λόγου
701 1233 708 1240 ·
720 1227 808 1260 χαῖρε,
825 1225 902 1260 θρόνε
917 1224 964 1251 τοῦ

175 1271 254 1302 Θεοῦ,
266 1271 385 1305 Παρῢένε
396 1271 580 1305 ἁπειρόγαμεο
591 1271 680 1306 χαῖρε,
692 1271 771 1297 ὁσίων
783 1270 856 1302 δόξαι
872 1271 963 1305 χαῖρε,

178 1316 325 1353 μαρτύρων
337 1317 514 1352 στεφάνωμα.

217 1362 262 1388 Ἑν
283 1361 392 1397 γυναιξὶ
412 1362 481 1396 μόνη
499 1361 634 1396 παρθένος
658 1360 814 1394 διέμεινας,
836 1360 885 1387 καὶ
911 1359 964 1395 πρὸ

175 1407 266 1439 τόκου,
282 1407 330 1434 καὶ
348 1407 418 1442 μετὰ
433 1407 483 1442 τὴν
501 1407 645 1440 γέννησιν·
667 1405 733 1437 Θεὸς
750 1406 804 1442 γὰρ
819 1404 854 1442 ἦν
870 1406 884 1432 ὁ
901 1414 963 1432 και-

176 1453 298 1487 νοτομῶν
312 1452 406 1487 φύσεις
420 1452 490 1488 ὑπὲρ
504 1452 583 1486 λόγον
597 1453 629 1478 ὲκ
643 1451 690 1478 σοῦ
705 1451 833 1487 ἀρρήτως
847 1451 964 1487 σαρκού-

177 1507 268 1532 μενος,
284 1499 298 1525 ὁ
313 1498 369 1524 ἄνω
392 1498 446 1535 πρὸ
470 1497 596 1531 αἰώνων,
612 1498 659 1524 καὶ
680 1499 709 1524 ἐν
733 1498 767 1534 γῇ
786 1497 826 1529 είς
848 1497 883 1524 τὰ
899 1498 962 1532 τέλη

175 1544 316 1579 γεννηθεὶς
330 1543 384 1570 τῶν
397 1543 515 1576 αἰώνων,
532 1544 698 1578 πανάμωμε.

210 1634 425 1670 Μητροπίιρθενε
451 1633 537 1669 κόρη.
555 1633 572 1668 ὴ
596 1633 642 1659 τὸν
668 1633 857 1668 ἀπερίληπτον
877 1632 964 1666 Λόγον

175 1679 313 1714 κυήσασα,
322 1679 377 1705 τῶν
385 1678 510 1712 ἀγγέλων
522 1678 596 1710 δ’ἲξα,
608 1679 655 1704 καὶ
664 1678 800 1713 δαιμόνων
809 1678 839 1704 τὸ
851 1677 963 1713 τραῦμα

176 1724 321 1759 θεόνυμφε,
334 1725 383 1759 τὴν
398 1724 470 1760 ἐμὴν
479 1725 593 1760 καρδίαν
611 1724 862 1760 τραυματισοεῖσαν
872 1725 964 1760 ἀμαρ-

173 1771 246 1803 τίαις
261 1771 410 1807 θεραπείας
424 1771 517 1798 ἐνθέου
533 1771 660 1804 ἀξίωσον,

210 1816 279 1847 Νοός
296 1824 346 1850 μου
361 1816 410 1846 τὰς
427 1815 577 1851 ἐκτροπὰς.
602 1817 649 1842 καὶ
669 1816 718 1850 τῆς
737 1816 826 1852 ψυχῆς
839 1817 874 1843 τὰ
886 1817 964 1852 κινή-

177 1870 247 1895 ματα
262 1861 297 1888 τὰ
312 1862 423 1896 ἔμπαθῆ
441 1862 487 1888 καὶ
503 1862 588 1892 δεινὰ,
603 1861 734 1897 Παροὲνε,
746 1862 903 1898 διόρθωσον,
916 1864 963 1889 καὶ

175 1906 262 1933 σῶσόν
288 1915 333 1941 με,
363 1906 479 1940 φύλαξον
503 1907 536 1933 ὲκ
562 1905 616 1934 τῶν
643 1906 817 1942 καθεκάστην
846 1907 963 1941 ἀφειδῶς

174 1952 397 1987 ἐπεμϐαινόντων
407 1961 463 1987 μοι.

209 1998 364 2033 Νοήσαντες
377 1999 520 2034 πόρρωθεν
535 1998 630 2025 σεπτοὶ
645 1999 784 2033 προφῆται
794 1998 841 2024 τοῦ
857 2006 962 2032 μυστηη

175 2044 234 2080 ρίου
250 2052 296 2070 σου
305 2043 353 2070 τοῦ
369 2044 526 2080 ἀπορρήτου
538 2043 630 2079 βάθος,
647 2043 864 2078 ποικιλοτρὸπως
878 2044 962 2070 πᾶσιν

174 2090 318 2124 ὶφάνωσαν
330 2091 380 2125 τὴν
395 2091 445 2125 σὴν
454 2089 570 2124 λοχείαν,
589 2089 723 2125 Παρθένε,
737 2088 940 2124 χραυγάζοντες
951 2095 959 2104 ⁸

175 2136 330 2170 Εὐλογητὸς
344 2137 358 2163 ὁ
373 2135 439 2167 Θεὸς
453 2136 468 2162 ὁ
481 2135 536 2162 τῶν
555 2135 695 2170 Πατέρων.

1018 273 1069 292 nos
1092 265 1329 293 benedictionibus
1350 264 1501 296 coronavit,
1517 269 1600 299 atque
1619 265 1730 292 abstulit
1747 272 1806 292 ma-

1018 311 1193 338 lcdictionem
1213 321 1220 338 :
1237 310 1260 338 0
1274 311 1350 337 omni
1368 310 1557 338 benedictione
1576 311 1724 342 cumulata,
1744 310 1804 338 sola

1017 357 1147 392 gloriosa,
1164 364 1223 390 qua:
1239 364 1323 390 genus
1341 361 1463 382 nostrum
1477 355 1563 390 gratia
1581 355 1732 389 replevistil

1053 401 1110 436 Ego
1125 401 1169 428 ille
1188 401 1328 436 prodigus,
1345 408 1377 427 ac
1395 400 1553 427 luxuriosus
1568 400 1671 426 habens
1685 405 1803 427 mentem

1017 451 1193 482 peccatorum
1211 447 1339 479 amicam,
1353 450 1379 473 et
1391 446 1474 472 vitam
1488 452 1609 480 pravam,
1628 445 1806 480 animamque

1017 493 1125 520 delictis
1149 497 1306 524 onerataut,
1328 496 1355 519 et
1378 499 1426 518 cor
1444 491 1670 525 coinquinatum,
1692 495 1756 517 ante
1780 495 1807 517 te

1017 539 1140 573 procido,
1165 546 1181 565 ο
1197 538 1330 570 Domina;
1359 537 1457 572 adjuva
1476 544 1530 568 me,
1554 541 1582 563 et
1605 537 1802 564 correctionem

1017 583 1136 611 concede
1161 583 1226 610 mihi
1240 602 1247 616 ,
1272 588 1418 617 antequam
1439 590 1455 610 a
1486 583 1582 610 mortis
1603 581 1672 609 falce
1695 586 1805 610 secante

1018 631 1179 665 prmveniar.

1053 675 1134 701 Lucis
1159 674 1185 702 in
1210 679 1236 702 te
1261 675 1408 702 habitantis
1435 674 1530 705 radiis,
1563 674 1697 706 illumina,
1723 681 1741 701 ο
1757 674 1805 702 Dei

1017 727 1126 753 sponsa,
1144 720 1264 746 animam
1279 727 1366 746 meam
1384 728 1390 746 :
1405 719 1540 753 jacentem
1557 719 1583 746 iu
1602 719 1730 747 barathro
1744 726 1805 754 pcr-

1016 766 1128 793 ditionis
1144 766 1244 797 excita,
1263 765 1490 799 perterrefacieus
1514 765 1617 796 boSIes,
1635 765 1681 799 qui
1697 772 1804 799 semper

1018 811 1147 838 tribulam
1160 818 1207 838 cor
1222 819 1322 843 meum,
1332 815 1358 838 et
1371 811 1404 838 ad
1416 811 1558 845 passiones
1569 811 1713 838 sectandas
1727 818 1805 838 com-

1017 856 1120 890 pellunt
1132 863 1184 883 me.

982 890 1002 916 Β
1036 901 1078 928 Ea:
1094 901 1200 928 Catiane
1217 901 1243 927 in
1257 901 1325 935 festo
1338 899 1367 928 S.
1383 900 1512 936 Eutychis
1534 900 1671 934 martyris,
1683 900 1727 927 die
1739 900 1786 927 24.

1052 987 1081 1014 In
1094 991 1132 1019 te.
1147 994 1163 1014 o
1176 986 1269 1021 Virgo,
1281 994 1384 1021 repono
1393 995 1468 1022 spem
1483 987 1581 1016 salutis
1589 995 1669 1021 meae;
1682 988 1808 1023 absterge

1017 1040 1061 1060 me
1080 1037 1167 1060 totum
1183 1041 1198 1060 a
1215 1033 1343 1060 sordibus
1356 1039 1540 1067 peccatorum,
1557 1042 1588 1061 ac
1604 1042 1700 1068 purum
1718 1035 1805 1067 eﬂice,

1015 1077 1084 1105 Filio
1095 1083 1143 1106 tuo
1163 1079 1265 1114 optime
1288 1080 1521 1114 complacentem,
1548 1081 1807 1115 sanctissimamque

1016 1123 1090 1151 illius
1108 1125 1274 1152 voluntatem
1296 1124 1452 1152 facientem.

1050 1169 1156 1201 Gaude,
1173 1177 1189 1197 ο
1206 1174 1245 1201 tu,
1262 1178 1323 1204 quae
1341 1170 1398 1197 sola
1426 1170 1555 1205 gaudium
1571 1170 1742 1199 ineﬂ‘abiliter
1758 1180 1806 1207 pe-

1015 1214 1110 1247 peristi
1128 1223 1134 1241 :
1149 1216 1236 1250 gaude
1248 1235 1256 1247 ,
1284 1222 1400 1247 currus,
1425 1221 1452 1242 et
1475 1216 1563 1243 nubes
1580 1215 1659 1244 Verbi
1673 1225 1682 1248 ;
1707 1217 1806 1251 gaude.

1016 1258 1133 1286 thronus
1150 1259 1207 1292 Dei,
1218 1260 1299 1295 Virgo
1312 1260 1360 1287 viri
1374 1261 1466 1288 nescia
1481 1269 1488 1288 :
1502 1261 1600 1295 gaude,
1615 1261 1806 1289 confessorum

1016 1304 1102 1339 gloria
1120 1314 1126 1331 :
1143 1304 1240 1340 gaude,
1262 1310 1414 1341 martyrum
1428 1313 1542 1334 corona.

1051 1349 1114 1377 Sola
1129 1350 1199 1377 inter
1224 1351 1355 1379 mulieres
1380 1351 1457 1387 virgo
1483 1357 1546 1380 ante
1572 1357 1731 1387 partum,ct
1746 1359 1807 1388 post

1015 1400 1138 1430 parturn,
1155 1397 1331 1430 permansisti
1347 1406 1353 1423 :
1368 1397 1440 1425 Deus
1465 1398 1538 1425 enim
1552 1404 1612 1426 erat
1632 1400 1678 1435 qui
1694 1406 1811 1428 naturas

1015 1441 1164 1469 innovabat
1178 1449 1262 1477 supra
1278 1443 1414 1470 sermonis
1431 1449 1606 1479 conceptum,
1621 1452 1653 1472 ex
1669 1449 1694 1472 te
1709 1445 1805 1474 ineffa-

1015 1487 1107 1514 biliter
1131 1487 1291 1516 incarnatus
1308 1497 1315 1516 :
1332 1491 1378 1523 qui
1406 1489 1432 1516 iu
1451 1490 1580 1524 supernis
1604 1495 1667 1518 ante
1687 1492 1808 1522 saecula,

1016 1532 1042 1558 in
1060 1537 1130 1559 terra
1146 1537 1237 1560 autem
1253 1534 1280 1560 in
1303 1533 1357 1561 litte
1374 1534 1537 1562 saeculorum
1558 1539 1640 1562 natus
1655 1541 1707 1568 est,
1721 1543 1737 1563 ο
1751 1541 1805 1564 tota

1016 1578 1202 1606 immaculata.

1049 1624 1071 1651 Ο
1087 1623 1171 1651 Mater
1196 1624 1279 1658 Virgo
1297 1625 1399 1660 puella,
1424 1633 1485 1660 qua:
1501 1624 1621 1653 Verbum
1646 1626 1809 1661 incompree

1015 1670 1146 1697 Iteusibile
1159 1671 1275 1705 genuisti
1288 1679 1295 1697 :
1313 1678 1329 1697 ο
1347 1670 1393 1698 Dei
1407 1679 1519 1706 sponsa,
1530 1673 1690 1706 angelorum
1704 1671 1803 1707 gloria,

1013 1719 1041 1743 et
1054 1716 1211 1743 daemonum
1228 1717 1329 1745 vulnus
1343 1726 1351 1744 :
1367 1725 1416 1744 cor
1430 1725 1520 1745 meum
1542 1719 1662 1752 pereatis
1679 1719 1806 1746 vulnera-

1014 1765 1082 1793 tum,
1099 1762 1191 1790 divina
1213 1763 1291 1797 172
1306 1763 1448 1790 curatione
1466 1762 1509 1790 fac
1523 1764 1648 1797 dignum.

1049 1807 1149 1836 Mentis
1173 1816 1241 1836 mea:
1265 1809 1451 1843 evagationes,
1470 1810 1621 1844 animatque
1639 1815 1730 1837 motus
1746 1817 1805 1836 mo-

1013 1853 1117 1886 lestos,
1143 1858 1224 1889 atque
1248 1854 1391 1882 aﬂ'ectibus
1421 1855 1602 1889 perturbatos
1630 1855 1753 1889 corrige,
1778 1860 1806 1881 et

1015 1900 1089 1926 salva
1108 1904 1135 1927 et
1151 1900 1255 1927 custodi
1274 1908 1317 1927 me
1343 1901 1377 1929 ab
1390 1901 1434 1934 iis,
1456 1901 1503 1935 qui
1530 1908 1581 1935 per
1595 1901 1719 1934 singulos
1744 1901 1809 1928 dies

1013 1945 1164 1972 crudeliter
1181 1946 1314 1972 invadunt
1328 1954 1382 1974 me.

1050 1991 1265 2019 luenarrabilem
1278 1992 1401 2027 mysterii
1419 1992 1456 2019 ltti
1472 1992 1686 2027 profunditatem
1700 1999 1715 2018 a
1725 1991 1807 2026 longo

1014 2037 1154 2065 intuentes
1169 2038 1269 2064 mentis
1285 2038 1367 2065 oculo
1390 2039 1527 2072 propheta:
1545 2038 1703 2069 venerandi,
1720 2037 1808 2064 variis

1014 2083 1111 2118 ﬁguris
1131 2091 1163 2110 ac
1175 2084 1263 2110 modis
1279 2084 1414 2110 universis
1426 2089 1533 2117 partum
1551 2088 1628 2110 tuutn
1643 2082 1806 2109 manifesta-

1012 2135 1119 2162 verunt,
1135 2137 1151 2156 o
1164 2129 1247 2164 Virgo
1266 2148 1273 2160 .
1291 2131 1443 2157 clamantes
1457 2138 1463 2156 :
1480 2129 1644 2157 Benedictus
1663 2128 1735 2156 Deus
1750 2128 1804 2155 Pa-

1013 2180 1096 2202 trum.

208 2220 424 2257 Νενεκρωμένην
435 2221 555 2257 δήγματι
567 2221 615 2257 τὴν
628 2221 717 2257 ψυχήν
734 2231 785 2257 μου
797 2222 844 2248 τοῦ
858 2222 957 2256 ὂψεως,

1047 2222 1179 2249 Mortuam
1199 2222 1234 2248 ob
1257 2223 1393 2257 serpentis
1419 2229 1542 2249 morsum
1562 2222 1682 2248 animam
1701 2228 1808 2254 meam,

174 2266 242 2302 μόνη
264 2267 413 2302 προφανῶς
429 2267 446 2302 ἠ
460 2268 511 2302 τὴν
525 2268 603 2302 Ζωὴν
631 2269 771 2303 κυήσασα,
793 2269 958 2302 πανάμωμε,

174 2312 295 2344 ζὼωσον,
312 2313 359 2339 καὶ
378 2314 500 2348 ἐνεργεῖν
517 2313 649 2340 εὒὸδ-υσον
670 2314 705 2340 τὰ
727 2314 774 2340 τοῦ
789 2314 822 2340 δι’
839 2315 912 2350 ἡμᾶς
927 2314 960 2340 ἐκ

173 2357 221 2383 σου
238 2357 389 2392 τεχθέντος,
407 2358 538 2393 Παρθένε,
559 2358 710 2394 θελήματα,
733 2360 840 2394 βοῶσα’
866 2359 958 2394 Ἰερεῖς

172 2402 308 2435 εὐλογεῖτε
328 2403 440 2438 Κύριον.

208 2489 303 2524 Φωνήν
324 2497 371 2515 σου
396 2490 612 2526 προσφωνοῦμεν
627 2493 674 2520 τοῦ
699 2492 837 2527 Γαὸριήλ·
858 2493 956 2527 Χαῖρε,

171 2534 207 2568 γῆ
225 2534 351 2570 ἐκλεκτὴ,
364 2537 454 2570 χαῖρε,
465 2535 590 2570 τράπεζα
609 2537 778 2572 χρυσοειδὴς,
794 2539 885 2572 χαῖρε,
902 2538 957 2564 τῶν

171 2580 323 2614 ἀνθρώπων
351 2582 507 2617 καταφυγὴ,
526 2584 614 2617 χαῖρε,
642 2583 791 2618 μαρτύρων
814 2583 956 2619 καύχημα,

171 2626 261 2660 χαῖρε,
278 2625 332 2652 τῶν
348 2627 472 2660 ἀγγέλων
486 2628 502 2662 ἡ
518 2628 652 2662 χαρμονὴ,
666 2628 730 2662 ἁγία
744 2629 870 2662 Θεοτόκε,
887 2638 955 2664 κρα-

171 2671 280 2705 ταίωμα
294 2671 349 2699 τῶν
364 2673 453 2699 πίστει
471 2673 679 2708 μακαριςὸντων
694 2683 734 2701 σε.

389 2731 468 2758 ΜΙΙΝ
485 2733 736 2761 ΣΕΠΤΕΜΒΡΙΟΣ.

177 2774 223 2801 Ἐκ
236 2776 286 2802 τοῦ
301 2778 436 2811 Κανόνας
450 2780 493 2811 εις
501 2779 557 2815 ,τὸν
568 2779 654 2815 ἅγιον
661 2782 797 2814 μάρτυρα
807 2781 954 2815 Ἂνθιμον,

490 2814 584 2848 ἡμέρᾳ
601 2813 634 2848 γ’.

210 2866 239 2895 Ἐν
258 2867 358 2904 Κύριος
375 2870 405 2896 ἐκ
422 2870 468 2896 σοῦ
483 2871 626 2902 ἀνατείλας
643 2870 758 2910 ὡςρῖὄε,
775 2873 838 2906 τοὺς
855 2875 952 2909 χοροὺς

1019 2273 1058 2299 tu,
1073 2276 1134 2301 qua:
1149 2268 1206 2295 sola
1223 2266 1312 2294 Vitam
1330 2268 1476 2295 manifeste
1492 2268 1657 2303 peperisti,o
1669 2268 1807 2293 immacu~

1014 2313 1163 2346 latissima,
1190 2313 1296 2341 vivilica
1327 2323 1334 2341 :
1357 2318 1385 2340 et
1419 2313 1507 2341 deduc
1542 2321 1584 2340 tne
1611 2313 1726 2340 feliciter
1755 2320 1809 2347 pcr-

1012 2361 1095 2391 viam,
1111 2367 1165 2394 qua
1182 2361 1335 2386 voluntates
1357 2360 1442 2392 illius,
1468 2360 1514 2394 qui
1534 2364 1644 2394 propter
1658 2367 1708 2386 nos
1724 2367 1757 2386 cx
1776 2364 1807 2386 te

1014 2411 1093 2433 natus
1113 2411 1164 2437 est,
1192 2406 1298 2433 efﬁcere
1311 2406 1425 2440 possim,
1443 2414 1459 2432 ο
1472 2405 1566 2440 Virgo,
1592 2406 1733 2433 clamans:
1751 2405 1807 2432 Sa-s

1013 2452 1146 2482 (zerdotes.
1160 2452 1311 2479 benedicite
1340 2451 1498 2479 Dominum.

1050 2496 1119 2524 Voce
1127 2496 1261 2523 Gabrielis
1271 2496 1304 2523 ad
1315 2501 1343 2523 te
1354 2497 1525 2523 clamamus:
1540 2497 1604 2527 Ave,
1620 2501 1690 2523 terra
1703 2497 1800 2528 electa;

1012 2550 1071 2573 ave,
1087 2550 1179 2569 mensa
1206 2549 1306 2574 aurea;
1327 2549 1388 2574 ave,
1404 2542 1547 2568 hmninum
1565 2542 1719 2576 refugium;
1738 2549 1798 2572 avo,

1013 2593 1161 2623 martyrum
1178 2588 1319 2623 gloriatio;
1333 2596 1392 2620 ave,
1406 2589 1564 2623 angelorum
1576 2588 1718 2622 gaudium,
1735 2586 1798 2612 Dri-

1012 2641 1075 2667 para
1095 2638 1198 2666 sancta,
1225 2633 1311 2661 robttr
1325 2641 1419 2660 eorum
1435 2634 1480 2669 qui
1499 2639 1523 2661 te
1542 2641 1604 2670 cum
1621 2633 1672 2659 fido
1689 2632 1798 2658 sincera

1013 2679 1179 2707 l:va:iﬁcant.

1217 2736 1344 2764 MENSIS
1377 2735 1591 2764 SEPTEMBEB.

1047 2784 1087 2811 Er
1101 2784 1207 2812 Cmtone
1219 2784 1246 2811 in
1261 2784 1328 2819 festa
1345 2784 1375 2811 S.
1393 2782 1511 2810 Anlltimi
1528 2780 1663 2815 martyris,
1676 2779 1718 2806 die
1731 2778 1758 2806 5.

1046 2873 1082 2898 Du
1096 2872 1185 2905 uinus,
1210 2872 1255 2907 qui
1281 2879 1313 2899 ex
1332 2876 1357 2898 tc
1369 2877 1445 2899 ortus
1466 2875 1517 2902 cst,
1536 2875 1568 2896 co
1590 2868 1687 2899 modo,
1712 2873 1799 2903 queat
