2069 3159
270 185 340 219 1183

835 189 864 219 S.
887 186 1045 218 JOSEPIII
1065 186 1345 217 IIYMNOGRAPllI

1827 185 1895 218 1184

1575 218 1592 231 \

267 245 326 280 ipse
340 245 424 278 novit,
441 253 458 272 ο
470 250 542 273 casta
556 265 564 278 ,
591 246 754 273 athletarum
773 245 873 274 choros
889 246 1055 278 illustravit;

1109 245 1164 271 τῶν
1178 244 1303 279 ἀθλητῶν
1318 243 1502 279 ἐλάμπρυνεν,
1519 243 1600 279 ἁγνὴ,
1612 242 1646 270 τὰ
1656 242 1738 270 αὐτοῦ
1752 243 1898 276 εἰκονίζον-

266 291 450 325 exprimentes
468 291 494 318 in
510 291 608 325 seipsis
633 299 729 319 omnes
755 291 829 320 illius
856 292 1001 326 passiones
1016 291 1056 318 vi-

269 336 347 367 tales,
374 341 546 370 mortemque
565 337 707 371 injustam,
733 345 795 372 qua:
820 345 871 364 nos
898 343 1057 372 peccatores

267 381 440 416 justillcavit.

305 428 434 461 Speciosa
453 427 522 455 facta
535 436 576 460 es,
590 436 607 456 ο
622 429 788 462 castissima,
806 430 959 464 speciosum
975 436 1058 464 super

269 480 364 498 omnes
386 471 535 506 terrigenas
562 473 642 501 enixa
659 473 756 502 Filium
782 483 815 502 ac
827 474 943 502 Verbum
955 475 1057 507 Patris,

269 523 349 550 quem
377 517 501 551 generosi
520 522 654 553 martyres
673 525 809 552 amantes,
827 519 914 554 gloria
929 519 1057 547 illustrati

269 564 344 588 sunt.

306 607 383 641 173
406 605 536 640 Verbum,
552 615 606 635 non
638 609 796 644 relinquens
821 617 939 638 vacuum
966 610 1057 638 sinum

271 651 469 685 Patrruum,iu
487 654 548 680 sinu
574 658 621 681 tuo
645 655 807 682 reclinatum
842 660 895 689 est,
922 664 938 683 o
957 657 1057 691 puella,

269 702 402 730 tanquam
422 697 526 731 infans,
541 699 636 727 volens
652 704 809 728 restaurare
826 709 869 728 me
889 702 1058 737 corruptioni

269 743 435 776 subjectum.

304 787 386 823 Legis
410 790 515 817 umbras
535 791 743 820 declaraverunt
771 793 944 828 splendorem
966 794 1056 824 illum.

269 835 317 868 qui
331 843 362 861 ex
381 840 407 862 te
419 840 496 864 ortos
510 840 562 869 est,
575 845 592 864 o
612 837 701 872 puella
717 838 911 871 illibatissima,
926 845 952 867 et
974 841 1059 867 athle-

270 885 358 907 tarum
377 882 476 910 choros
492 887 517 909 te
529 882 697 911 celebrantes
712 884 868 912 illustravit.

1108 299 1158 322 τας
1172 290 1247 326 πάθη
1269 291 1370 321 πάντες
1387 290 1529 325 ζωηφόρα,
1545 290 1592 316 καὶ
1609 289 1656 317 τὸν
1669 289 1763 317 ἄδικον
1780 289 1897 317 θάνατον

1107 337 1266 365 δικαιοῦντα
1279 338 1353 372 ἡμᾶς
1366 336 1594 372 ἁμαρτήσαντας.

1151 425 1315 463 Ὠραιώθης,
1329 426 1476 462 ἰπάνιιγνε,
1501 426 1548 453 τδν
1573 425 1645 461 ὑπὲρ
1670 424 1776 456 πάντας
1797 424 1897 459 ὡραῖον

1107 473 1171 504 τοὺς
1186 474 1313 508 γηγενεῖς
1330 472 1448 500 τεκοῦσα
1467 472 1532 498 Υῑὸν
1547 472 1595 498 καὶ
1616 471 1702 506 Λόγον
1717 471 1765 497 τοῦ
1780 471 1896 507 Πατρός,

1108 520 1137 545 ὃν
1151 520 1176 546 οι
1190 520 1309 553 γενναῖοι
1326 519 1466 554 μάρτυρες
1481 518 1651 555 ποθήσαντες
1666 517 1732 553 δόξῃ
1740 517 1899 552 ἐλαμπρύν-

1109 564 1206 600 θησαν.

1126 615 1129 617 “
1142 611 1187 645 Μὴ
1202 610 1325 642 κενώσας
1339 611 1401 642 τοὺς
1413 609 1562 644 Πατρῴους
1578 611 1592 636 ό
1605 609 1691 644 Λόγος
1707 609 1834 640 κόλπους,
1848 608 1896 636 σοῦ

1108 657 1137 683 ὲν
1152 657 1209 687 τοῖς
1223 656 1345 688 κόλποις,
1373 656 1452 690 κόρη,
1477 655 1605 690 ἀνεκλίθη
1621 655 1659 686 ὡς
1674 654 1783 689 βρέφος,
1810 655 1896 681 θέλων

1109 702 1267 729 ἀναπλάσαι
1283 710 1319 737 μι
1333 702 1421 737 φθορᾷ
1440 702 1632 736 ὑποκείμενον.

1142 791 1235 827 Νόμου
1263 791 1338 818 σκιαὶ
1364 791 1500 826 ἐδήλωσαν
1516 791 1546 818 τὸ
1560 790 1662 826 φέγγος
1675 789 1705 816 τὸ
1724 791 1756 816 ἔκ
1783 789 1830 816 σοῦ
1854 789 1899 821 ὲξ-

1108 837 1263 869 ανατεῖλαν,
1277 837 1431 873 πανάμωμε
1448 837 1585 872 κόρη,καὶ
1598 836 1652 863 τῶν
1669 835 1793 870 ἀθλητῶν
1811 844 1897 862 κατα-

1108 882 1271 917 λαμπρῦναν
1286 883 1349 914 τοὺς
1363 883 1460 918 χοροὺς
1479 881 1671 918 εὐφημοῦντάς
1684 891 1724 909 σε.

307 926 329 953 0
344 927 470 962 innupta,
481 935 542 962 quae
556 928 666 956 malitia:
684 930 790 963 plantas
803 930 924 965 germine
941 935 988 958 tuo
1000 939 1055 958 are-

1146 927 1300 962 Μαράνασα
1313 928 1348 954 τὰ
1367 928 1438 962 φυτά
1458 929 1508 962 τῆς
1530 928 1630 960 κακίας
1640 947 1647 959 ,
1660 928 1818 963 ἀνύμφευτε
1829 948 1837 960 ,
1858 929 1898 963 τῷ

269 971 377 1005 fecisti,
395 973 553 1007 passionum
571 982 691 1001 mearum
706 976 805 1010 stirpes
828 976 922 1009 evelle,
937 977 1059 1004 divinas-

269 1026 324 1052 que
333 1019 513 1054 cogitationes
529 1021 682 1055 germinare
699 1021 742 1049 fac
755 1030 789 1050 ex
805 1023 895 1050 anima
916 1031 987 1050 mea.

305 1108 422 1143 Propter
449 1116 592 1136 excessum
623 1110 802 1139 humanitatis
823 1119 856 1138 ac
883 1112 1059 1148 benignitatis

269 1162 332 1188 erga
348 1155 473 1182 homines
482 1156 608 1190 apparuit
628 1156 745 1184 Verbum
760 1165 793 1184 ex
807 1161 833 1184 te
845 1163 1030 1193 corporatum,
1041 1168 1058 1186 υ

271 1199 363 1235 Virgo,
380 1201 489 1228 salvans
501 1209 547 1230 eos
561 1203 608 1236 qui
632 1203 806 1230 modulantes
821 1209 923 1231 canunt
939 1213 946 1232 :
969 1205 1058 1232 Bene-

269 1247 360 1272 dictus
370 1254 409 1279 es,
428 1246 501 1274 Dens
515 1247 624 1275 Patrum
640 1254 808 1276 nostrorum.

306 1291 398 1319 Sacris
417 1295 530 1322 vocibus
548 1295 732 1323 bealillcemus
749 1297 922 1332 impollutum
946 1298 994 1326 Dei
1014 1303 1058 1326 ta-

271 1337 459 1370 bernaculum,
475 1346 566 1366 aream
585 1340 745 1374 animatam,
759 1347 910 1378 martyrum
929 1343 1056 1378 gloriam.

269 1383 455 1411 sublimiorem
463 1385 620 1418 Cberubim,
630 1392 711 1422 atque
720 1388 848 1416 omnibus
856 1389 937 1416 rebus
945 1390 1055 1417 creatis.

304 1472 417 1501 Gladius
436 1474 581 1502 ﬂammeus
593 1495 600 1506 ,
620 1476 665 1510 qui
684 1477 747 1504 olim
764 1476 887 1505 Paradisi
904 1478 1056 1513 ingressum

269 1519 440 1551 prohibebat,
466 1529 538 1548 nunc
566 1522 679 1553 recedit.
697 1530 728 1549 ac
754 1528 828 1558 terga
845 1525 927 1551 vertit
946 1525 989 1553 iis.
1006 1525 1052 1559 qui

270 1566 437 1593 venerandas
457 1567 599 1600 passiones
620 1568 724 1596 Christi
739 1570 833 1596 lancea
858 1571 995 1598 vulnerati
1008 1578 1055 1597 vo-

269 1611 385 1637 luntarie
401 1612 426 1638 in
442 1620 470 1639 se
489 1614 664 1647 exprimunt:
681 1619 708 1640 et
723 1619 758 1647 te,
770 1622 786 1642 ο
805 1614 894 1650 Virgo,
910 1615 1056 1649 honorant,

268 1658 343 1683 omni
354 1657 455 1685 honore
468 1659 648 1693 superiorem.

269 1731 316 1772 Ea:_
340 1733 559 1772 Canone‘dupliri
581 1736 609 1762 in
627 1738 754 1764 memoria
777 1738 901 1764 miraculi
919 1739 986 1772 facti
1008 1738 1058 1765 Co-

304 1768 394 1809 lonis,
414 1769 451 1796 uel
464 1770 560 1797 (J/tout's
568 1779 614 1805 per
630 1772 661 1798 δ.
680 1772 835 1799 llic/mele."
856 1768 1056 1809 are/tangetur",

304 1803 383 1830 die6.

303 1877 326 1907 0
345 1878 425 1914 Virgo
444 1884 500 1908 tota
524 1888 604 1916 pura,
624 1884 783 1918 angelorum
808 1885 901 1918 decor,
917 1890 945 1912 et
967 1886 1057 1913 homi-

269 1931 335 1950 num
347 1925 480 1952 auxilium
494 1935 501 1959 ;
517 1931 545 1953 tu
567 1928 665 1962 adjuva
688 1937 731 1956 me
757 1930 784 1957 in
805 1930 871 1957 mari
891 1935 1056 1965 versantem,

269 1975 350 2004 atque
375 1970 402 1998 in
420 1975 580 2007 tempestate
605 1975 708 2009 peccati
735 1983 844 2010 semper
867 1977 1055 2005 concidentem

269 2024 301 2042 ac
315 2017 524 2050 periclitantem.

304 2061 326 2088 0
354 2062 516 2090 miraculum
533 2064 733 2100 inintelligibile
751 2085 758 2097 ,
778 2067 917 2100 quomodo
938 2068 1057 2095 homini-

269 2107 321 2134 bus
338 2109 431 2136 unitus
450 2113 492 2136 est
507 2109 763 2145 iucomprehcnsilis
788 2111 870 2144 Deus,
882 2119 963 2141 natus
976 2122 1008 2141 ex
1029 2120 1056 2142 te

267 2150 296 2179 in
318 2159 401 2180 carne
415 2153 567 2180 secundum
583 2153 754 2189 hypostasin,
768 2162 785 2182 ο
804 2155 916 2191 innupta
932 2175 940 2188 ,
951 2161 980 2184 ut
999 2159 1053 2185 sal-

268 2201 345 2224 varet
364 2204 408 2225 me
435 2197 472 2225 ob
497 2199 633 2233 serpentis
663 2199 787 2227 fraudem
806 2202 977 2236 corruptioui
1003 2204 1055 2231 ob-

267 2243 391 2272 noxium.

302 2289 354 2321 Qui
372 2290 564 2320 innnatcriales
583 2297 689 2320 tuentes
706 2292 855 2321 voluntatis
875 2299 942 2321 nutu
958 2294 1053 2321 condi-

268 2335 317 2366 dit,
330 2335 356 2362 iu
370 2336 450 2372 17!,
468 2343 545 2364 utero
558 2344 604 2365 tuo
622 2338 766 2370 Inateriali,
783 2346 800 2366 ο
823 2340 981 2373 purissima,
1002 2348 1052 2367 vo-

268 2380 385 2408 luntarie
402 2382 544 2415 habitavit,
568 2384 720 2411 secundum
738 2391 847 2412 carnem
861 2389 958 2420 patens
973 2394 1054 2421 aspe-

267 2427 356 2454 ctibus
377 2428 423 2462 qui
438 2434 497 2455 erat
515 2430 671 2457 invisibilis.

303 2472 396 2500 Daniel
415 2477 441 2500 te
464 2478 582 2502 montem
604 2485 730 2512 magnum
754 2478 909 2512 descripsit,
926 2487 942 2505 ο
968 2478 1055 2505 invio-

265 2517 319 2545 lata
337 2538 344 2549 ,
357 2519 486 2547 Abbacue
502 2529 565 2548 vero
581 2528 699 2550 montem
713 2525 872 2552 umbrosum
888 2526 1033 2553 virtutibus
1045 2546 1052 2554 ι

267 2565 349 2592 David
374 2570 465 2593 autem
496 2573 616 2596 montem
647 2571 820 2605 coagulatum
841 2579 897 2599 :ex
924 2577 949 2600 te
980 2573 1052 2599 enim

266 2611 337 2639 Deus
352 2612 509 2640 incarnatus
527 2619 578 2646 est,
600 2619 628 2642 ut
642 2617 772 2644 mundum
788 2617 944 2644 redimeret.

303 2657 399 2684 Docuit
411 2658 475 2685 olim
490 2666 584 2693 partus
599 2661 636 2688 tui
654 2661 818 2689 miraculum
832 2663 1051 2690 intellectualiter

266 2703 291 2729 in
307 2704 402 2737 spiritu
422 2705 466 2731 ille
482 2713 624 2733 sacrorum
641 2715 752 2741 praeses,
768 2708 877 2736 intuens
889 2714 915 2737 te
931 2715 1050 2736 Ilttottcln

266 2750 426 2777 umbrosum
447 2752 683 2787 manifestissime,
699 2762 732 2782 ex
756 2763 811 2790 quo
830 2761 943 2783 sanctus
968 2756 1052 2789 venit,

268 2794 339 2823 Deus
359 2797 528 2826 incarnatus.

303 2842 412 2871 Gabriel
427 2844 462 2872 ab
483 2845 627 2874 altissimis
644 2846 729 2879 venit.
747 2846 875 2875 deferens
893 2847 941 2875 tibi
954 2848 1020 2882 Ave,
1038 2856 1054 2874 0

268 2890 422 2917 castissima
449 2901 456 2918 :
480 2899 544 2920 cum
565 2892 625 2927 ipso
645 2901 710 2930 ergo
739 2893 890 2922 clamamus
911 2903 918 2921 ε
945 2894 1012 2928 Ave,
1038 2903 1054 2922 ο

1112 973 1221 1009 βλαστῷ
1240 982 1305 1007 σου,
1326 974 1381 1001 τῶν
1400 974 1493 1001 παθῶν
1511 984 1562 1009 μου
1580 975 1645 1007 τοὺς
1667 975 1802 1006 σκόλοπας
1824 975 1898 1002 ἐκτι-

1110 1020 1166 1051 λον,
1182 1020 1229 1047 καὶ
1244 1014 1406 1055 βλαστάνειν
1432 1020 1492 1048 θεῖα
1510 1020 1561 1056 τὴν
1585 1020 1673 1056 ψυχήν
1696 1029 1747 1056 μου
1773 1021 1898 1056 νοήματα

1111 1066 1235 1101 ποίησον.

1151 1112 1315 1148 Ὑπερϐολῇ,
1336 1112 1471 1148 Παρθένε,
1488 1112 1695 1148 φιλανθρωπίας
1709 1111 1788 1147 ὤφθη
1803 1113 1835 1138 ἑκ
1850 1113 1898 1138 σοῦ

1109 1157 1197 1192 Λόγος
1213 1158 1435 1193 σωματούμενος,
1451 1159 1497 1185 καὶ
1513 1158 1594 1190 σώζει
1605 1158 1667 1189 τοὺς
1682 1158 1843 1192 μέλποντας·
1866 1157 1899 1185 Ὀ

1108 1203 1163 1230 τῶν
1180 1204 1310 1240 Πατὲρων
1325 1203 1404 1240 ἡμῶν
1417 1204 1495 1238 Θεὸς,
1509 1205 1656 1240 εὐλογητὸς
1671 1203 1707 1231 εἴ.

1149 1291 1246 1326 Ἰεραῖς
1268 1291 1297 1317 ιν
1322 1293 1425 1326 φωναῖς
1454 1293 1653 1327 μακαρίσωμεν
1677 1292 1725 1318 τοῦ
1751 1291 1819 1318 Θεοῦ
1845 1293 1897 1327 τὴν

1109 1338 1213 1372 σκηνὴν
1234 1338 1284 1373 τὴν
1307 1338 1468 1372 ἀμόλυντον,
1491 1338 1541 1374 τὴν
1559 1338 1674 1365 κιϐωτὸν
1689 1337 1738 1373 τὴν
1760 1338 1895 1373 ἔμψυχον,

1107 1383 1163 1410 τῶν
1180 1384 1328 1419 μαρτύρων
1344 1383 1394 1419 τὴν
1416 1383 1507 1418 δόξαν,
1525 1384 1574 1419 τὴν
1599 1384 1739 1420 ἁνωτέραν
1754 1383 1898 1419 Χερουῶμ

1108 1430 1155 1455 καὶ
1172 1429 1283 1463 ἁπάσης
1301 1429 1352 1464 τῆς
1366 1429 1491 1461 κτίσεως.

1143 1475 1258 1510 Φλογίνη
1282 1475 1415 1511 ῥομφαία,
1429 1476 1446 1510 ὴ
1466 1476 1496 1502 τὸ
1518 1475 1582 1511 πρὶν
1601 1475 1649 1511 τὴν
1664 1475 1766 1502 εἴσοδον
1782 1474 1829 1501 τοῦ
1841 1483 1893 1501 πα-

1109 1520 1233 1556 ραδείσου
1257 1521 1468 1557 ὲναπείργουσα,
1487 1521 1560 1548 νῶτα
1579 1521 1627 1549 νῦν
1642 1521 1744 1554 δίδωσι,
1762 1521 1895 1557 Παρθένε,

1108 1567 1166 1597 τοῖς
1198 1566 1271 1602 πάθη
1304 1567 1340 1593 τὰ
1379 1567 1467 1594 σεπτὰ
1496 1568 1647 1594 εἰκονίσασι
1690 1568 1810 1603 Χριστοῦ
1847 1567 1896 1594 τοῦ

1109 1610 1302 1646 λογχευθέντος
1324 1612 1468 1648 θελήματι,
1490 1614 1537 1640 καὶ
1561 1613 1591 1639 σὲ
1607 1613 1708 1648 τιμῶσι
1731 1614 1781 1649 τὴν
1808 1614 1897 1649 ὑπέρ-

1108 1665 1201 1692 τιμον.

1114 1735 1164 1762 Ἕκ
1180 1736 1233 1763 τοῦ
1247 1738 1380 1771 Κανών-ος
1395 1737 1505 1765 διπλου
1526 1739 1569 1771 εις
1583 1738 1641 1772 τὴν
1660 1737 1833 1773 ἀνάμνησιν
1844 1736 1903 1764 τοῦ

1143 1774 1301 1806 γεγονότος
1315 1774 1464 1807 θαύματος
1487 1774 1522 1800 ὲν
1536 1773 1719 1806 Κολοσσαῖς,
1736 1773 1754 1807 ἢ
1773 1773 1809 1799 ἐν
1832 1773 1896 1798 Χω-

1143 1807 1210 1840 ναῖς
1225 1809 1305 1842 παρὰ
1316 1808 1370 1835 τοῦ
1390 1808 1579 1844 ἀρχαγγέλου
1595 1808 1730 1844 Μιχαὴλ,
1746 1807 1841 1842 ἡμέρᾳ
1854 1807 1896 1839 ς’.

1143 1885 1266 1921 Πιρθένε
1288 1886 1453 1922 πανάμωμε,
1467 1887 1484 1921 ἡ
1503 1886 1557 1913 τῶν
1581 1886 1705 1920 ἀγγέλων
1731 1885 1898 1921 εὐπρέπεια,

1107 1930 1260 1964 ἀνθρώπων
1284 1931 1408 1967 βοήθεια,
1425 1931 1456 1958 σύ
1472 1940 1516 1967 μοι
1540 1932 1674 1968 βοήθησον
1690 1931 1895 1964 θαλαττεύονῖι,

1107 1979 1154 2004 καὶ
1183 1978 1251 2014 ζάλῃ
1274 1979 1409 2014 ἁμαρτίας
1439 1979 1483 2006 ἀεὶ
1509 1979 1702 2015 περιπίπτοντι
1733 1978 1780 2005 καὶ
1803 1978 1899 2004 κινδυ-

1107 2023 1222 2051 νεύοντι.

1149 2070 1348 2106 ’Δκατανόητον
1375 2071 1485 2107 θαῦμα,
1506 2071 1565 2104 πῶς
1583 2073 1640 2104 τοῖς
1665 2071 1772 2107 βροτοῖς
1791 2071 1897 2106 ἥνωται

1109 2116 1124 2142 ὁ
1138 2116 1334 2152 ἀκατάληπτος
1357 2117 1435 2151 Θεὸς,
1450 2118 1483 2145 ὲκ
1498 2117 1546 2145 σοῦ
1563 2118 1645 2153 σαρκὶ
1666 2117 1728 2144 καθ’
1745 2117 1897 2143 ὑπόστασιν

1107 2161 1280 2196 ἀποτεχθεὶς,
1294 2163 1477 2198 ἁπειρόγαμε,
1490 2162 1578 2189 σῶσόν
1590 2171 1624 2198 με
1637 2161 1683 2189 τὸν
1693 2161 1849 2196 ὑπαχθέντα
1861 2161 1896 2195 τῇ

1107 2207 1197 2243 φθορᾷ
1208 2207 1295 2244 κλοπῇ
1309 2208 1356 2235 τοῦ
1370 2209 1468 2243 ὄφεως.

1148 2299 1178 2325 ’0
1193 2299 1258 2331 τοὺς
1272 2298 1370 2330 ὰΰλους
1389 2299 1594 2333 συστησάμενος
1607 2298 1670 2331 νόας
1683 2297 1849 2333 βουλήματι,
1860 2299 1895 2334 τῇ

1106 2344 1193 2378 ὲνύλῳ
1210 2353 1257 2370 σου
1274 2344 1375 2379 γαστρὶ
1387 2345 1458 2371 οἰκεῖ
1476 2344 1615 2380 βουλήσει,
1630 2344 1798 2379 πανάμωμε,
1813 2345 1897 2380 σαρκὶ

1105 2389 1298 2425 καθορώμενος
1313 2391 1327 2417 ό
1342 2390 1510 2425 ἀθεώρητος.

1145 2480 1175 2507 '0
1191 2480 1291 2516 Δανιήλ
1307 2489 1336 2506 σε
1348 2481 1410 2516 ὅρος
1421 2481 1524 2515 γράφει
1542 2480 1625 2515 μέγα,
1639 2482 1652 2507 ό
1677 2480 1836 2513 Ἀσὸακοὺμ
1851 2479 1892 2510 δὲ,

1104 2527 1233 2561 ἄχραντε,
1255 2527 1317 2561 ὅρος
1341 2527 1488 2554 κατάσκιον
1511 2527 1634 2562 ἀρεταῖς,
1652 2527 1699 2553 καὶ
1716 2526 1798 2554 Δαδὶδ
1815 2534 1895 2552 Istuc

1105 2572 1238 2607 ρωμένον,
1255 2572 1286 2604 ἐξ
1299 2569 1329 2598 οὗ
1343 2573 1357 2598 ὸ
1371 2571 1437 2603 Θεὸς
1463 2571 1636 2607 σεσάρκωται
1654 2572 1699 2598 τὺν
1724 2571 1828 2605 κόσμον
1844 2571 1894 2596 λυ-

1105 2618 1263 2653 τρούμενος.

1143 2665 1252 2699 Νοερῶς
1266 2665 1313 2691 τοῦ
1338 2665 1398 2698 σοῦ,
1417 2666 1550 2701 Παρθένε,
1572 2666 1685 2693 τοκετοῦ
1697 2666 1726 2693 τὸ
1740 2667 1895 2702 παράδοξον

1106 2713 1205 2738 ὲνοεῖτο
1226 2711 1309 2738 πάλαι
1324 2712 1338 2738 ό
1355 2713 1524 2747 ίεροεράντωρ
1541 2714 1570 2740 ὲν
1590 2713 1736 2747 πνεύματι.
1755 2714 1817 2747 δρος
1843 2723 1896 2741 κα-

1105 2757 1216 2783 τάσκιον
1226 2755 1332 2790 βλέπων
1344 2764 1374 2782 σε
1389 2756 1560 2792 τρανώτατα,
1572 2757 1602 2789 ἐξ
1615 2753 1645 2783 οὗ
1657 2757 1734 2791 ἅγιος
1748 2756 1812 2792 ἦλθε
1824 2758 1894 2790 Θεὸς

1107 2801 1232 2836 σωματού
1237 2810 1325 2836 μενος.

1148 2848 1176 2874 '0
1189 2847 1308 2883 Γαϐριὴλ
1319 2857 1359 2874 σοι
1369 2848 1399 2875 τδ
1412 2849 1498 2883 Χαῖρε
1508 2848 1601 2875 ἐκτῶν
1613 2848 1743 2882 ὑψίστων,
1759 2849 1893 2881 πάνιγνε,

1108 2893 1229 2930 κομίζιιιν
1254 2893 1334 2930 ἦλθε·
1361 2895 1410 2921 σὺν
1434 2895 1509 2930 αἱ.τῷ
1534 2892 1580 2922 οὖν
1604 2894 1764 2930 ὲχΰοώμεν·
1792 2895 1892 2931 Χιίρε,
