2069 3159
179 174 248 206 1185

893 175 1074 205 MARIALE.

1730 175 1797 208 ii86

180 231 263 264 πύλη.
289 229 369 265 μόνος
384 231 417 265 ἢν
431 229 559 257 διώδευσε
575 230 692 266 Χριστὸς
705 230 720 256 ὁ
736 229 802 261 Θεὸς
820 229 914 262 σώζων
931 229 959 256 τὸ

1014 234 1102 263 porta,
1117 237 1164 264 per
1185 236 1267 263 quam
1289 229 1364 257 solus
1379 229 1504 257 Christus
1522 229 1592 258 Deus
1612 233 1797 265 pertr:tnsn'it,

177 277 225 304 ἀνθ
230 276 358 311 ρώπινον.

214 321 328 357 Νοερῶν
346 321 471 356 ἀγγέλων
481 330 512 348 σε
525 322 642 355 ἀνέδειξε
654 321 721 353 Θε)ς
736 321 884 357 ἀνωτὲραν,
896 321 963 348 καθ-

178 369 279 400 υποδῦς
300 368 350 403 τὴν
367 367 416 404 σὴν
444 369 551 404 μήτραν
571 388 578 400 ,
603 368 730 403 ἀχραντε,
753 369 803 403 τὴν
827 367 963 403 Παναμὼ-

179 422 274 449 μητον,
285 414 315 440 ὃν
331 414 450 440 δυσὼπει
466 414 582 441 πάντοτε
598 414 766 448 οῖκτειρῆσαι
776 414 838 445 τοὺς
851 413 962 448 ὕμνουν·

177 460 226 490 τάς
241 467 282 485 σε.

219 504 386 538 ’Δγγελικῶν
402 505 555 540 δυνάμεων,
573 506 705 539 Παρθένε,
727 506 899 540 ὑπερέχουσα
914 505 962 532 καὶ

176 550 302 576 τετοκυῖα
318 549 364 575 τὸν
376 549 504 576 ἁπάντων
523 550 589 576 Θεὸν
613 551 660 577 καὶ
683 550 795 585 βασιλέα
807 571 814 583 ,
840 551 890 576 σὺν
911 551 961 577 αὺ-

177 597 234 626 τοῖς
270 594 396 628 ίκέτευε,
433 596 555 630 παναγία
591 596 745 630 Δέσποινα,
781 596 961 628 διασώζεσθαι

178 640 262 675 ἡμᾶς·

212 685 356 721 Μακάριος
372 687 386 712 ὀ
412 686 477 719 λαὸς
497 687 541 714 ἀεὶ
557 687 718 723 μακαρίζων
733 696 773 720 σε,
793 688 927 723 μακαρία,
943 689 960 724 ἡ

178 730 244 758 Θεὸν
259 731 304 757 τὸν
327 732 464 767 μακάριον
483 732 595 766 τέξασα,
609 734 673 765 τοὺς
694 733 807 768 βροτοὺς
822 734 856 760 δι’
872 732 962 760 οἶκτον

179 776 329 812 ἀπορρήτῳ
345 778 441 805 ὲνώσει
455 778 605 806 θεὼσαντα.

212 821 303 856 Τόμον
330 830 359 848 σε
384 824 512 859 προεώρα
526 824 541 850 ό
556 825 700 860 προφήτης
710 846 716 857 ,
734 825 764 852 ἐν
776 822 799 860 ᾧ
813 826 898 858 Λόγος
911 825 959 860 γέ-

176 873 301 901 γραπται
313 866 438 903 δακτύλῳ
468 869 586 903 Πατρὸς,
600 869 733 904 Παρθένε,
747 870 777 897 ὃν
793 871 898 897 ἱκέτευε
921 870 961 906 βί-

1012 275 1121 302 salvaus
1137 282 1222 309 genus
1237 275 1398 302 humanum.

1047 320 1278 348 lntellcctualibus
1291 321 1394 356 angi-lis
1407 321 1593 348 sublimiorem
1607 327 1632 349 te
1647 321 1711 349 fecit
1726 322 1797 350 Deus

1011 365 1179 393 descendens
1195 367 1388 402 etingretliens
1410 368 1436 394 in
1454 372 1561 394 uterum
1579 372 1654 394 tuum
1683 369 1798 402 purissi-

1013 419 1098 442 mum,
1113 419 1130 438 ο
1146 412 1283 440 inviolata.
1300 411 1377 440 lllum
1399 413 1480 448 igitur
1501 421 1609 446 semper
1637 414 1795 448 deprecare,

1013 462 1042 483 ut
1057 465 1150 483 eorum
1166 457 1211 491 qui
1228 462 1253 484 te
1269 458 1391 489 laudant,
1409 459 1580 484 misereatur.

1046 501 1069 528 Ο
1082 500 1174 536 Virgo,
1189 510 1250 537 quae
1265 502 1403 537 angelieas
1420 502 1571 530 P-itestntes
1594 505 1794 537 snperemincs,

1011 552 1038 574 ct
1061 548 1188 582 peperisti
1213 549 1335 574 oumium
1360 549 1454 580 Deum,
1471 553 1498 575 et
1525 548 1642 583 Regem,
1657 557 1710 576 una
1734 557 1796 577 cum

1013 594 1065 620 illis
1089 602 1183 628 preces
1208 594 1327 627 elqude,
1356 603 1373 622 ο
1402 594 1515 622 Domina
1544 596 1729 629 sanctissima,
1748 604 1798 631 pro

1012 639 1099 666 salute
1117 643 1221 666 nostra.

1048 683 1146 712 lit-atus
1170 686 1297 720 populus,
1310 686 1356 720 qui
1386 686 1520 714 beatiﬁcat
1538 691 1573 719 te,
1588 695 1604 714 ο
1626 688 1714 721 beata,
1732 697 1794 723 qua:

1013 729 1098 756 Deum
1112 731 1220 758 beatqu
1234 731 1371 765 peperisti,
1389 733 1435 766 qui
1458 738 1568 767 propter
1590 741 1667 760 suam
1683 734 1792 760 miseri-

1012 776 1132 803 cordiam
1147 777 1272 805 homines
1285 778 1413 805 im-ll'ahili
1426 779 1527 806 unione
1542 779 1690 806 deillcavil.

1047 820 1179 849 Voluuuen
1203 823 1327 857 praevidit
1355 828 1379 850 te
1403 824 1544 858 propheta,
1558 833 1574 851 ο
1593 824 1683 859 Vilgo,
1698 825 1724 852 in
1744 833 1799 860 quo

1013 865 1131 894 Verbum
1149 868 1281 902 scriptum
1293 873 1335 895 est
1351 869 1435 904 digito
1451 869 1538 897 Patris
1560 878 1567 896 :
1582 871 1654 905 quod
1680 871 1795 905 supplvx

178 900 234 946 ὅλῳ
245 913 293 947 τῆς
305 911 377 948 ζωῆς
399 900 473 948 ἡμᾶς
498 900 709 951 καταγραφῆναι
722 900 784 949 τοὺς
798 900 959 948 εὐσεὸὦίσι

1014 920 1108 946 exora,
1128 918 1158 940 ut
1168 914 1324 942 ascribatin
1334 915 1403 942 libro
1412 916 1473 943 vita:
1492 923 1552 948 nos,
1569 900 1615 951 qui
1632 922 1657 944 te
1672 917 1799 952 religiose

175 955 345 989 δοξάζοντας.

211 1003 268 1030 Νοῠ
282 1003 330 1030 τοῦ
349 1004 467 1039 μεγάλου
481 1005 566 1040 Λόγον
584 1006 630 1033 τὸν
643 1006 737 1039 ἀΐδιον,
757 1007 836 1043 κόρη,
851 1007 960 1043 ἀληθῶς

177 1051 206 1076 ὲν
224 1051 267 1077 σοὶ
282 1051 409 1087 ἀρρήτως
425 1053 473 1079 καὶ
489 1053 611 1088 φρικτῶς
637 1056 839 1090 κατοικήσαντα
855 1055 961 1090 βλέπων

177 1096 274 1130 ὲῦόησε
301 1097 422 1133 Γαϐριὴλ
444 1099 458 1124 ό
479 1099 670 1134 ἀρχάγγελος¹
695 1100 792 1135 Χαῖρε,
812 1101 891 1136 θρόνε
913 1102 960 1128 τοῦ

184 1140 324 1176 Ὑψίστου,
338 1143 520 1179 εὐλογημένη.

211 1187 264 1214 Τὸν
278 1188 393 1224 Σωτῆρα
417 1191 463 1216 καὶ
484 1190 560 1223 Θεὸν,
588 1191 634 1217 καὶ
655 1191 803 1227 Λυτρωτὴν
834 1192 881 1219 καὶ
911 1195 960 1220 Δε-

178 1233 283 1268 σπότην
309 1235 392 1269 σαρκὶ
418 1235 537 1263 τεκοῦσα
550 1256 558 1268 ,
575 1236 696 1271 πάναγνε
714 1237 864 1270 Δέσποινα,
896 1239 961 1266 τοῦ-

179 1286 224 1305 τον
238 1279 293 1311 ἀεὶ,
308 1280 437 1315 ἀχραντε,
456 1281 588 1314 δυσώπει,
604 1282 679 1315 ὅπως
695 1283 771 1310 λύσιν
785 1284 839 1311 τῶν
852 1284 958 1316 δεινῶν,

178 1325 225 1352 καὶ
242 1325 348 1352 πολλῶν
367 1327 508 1362 ἁμαρτιῶν
522 1328 572 1363 τὴν
585 1329 682 1362 ἄφεσιν
695 1329 833 1365 λάϐωμεν,
848 1330 962 1366 ὑμνολο-

176 1371 290 1406 γοῦντες
305 1371 390 1399 αὑτοῦ
405 1373 469 1405 τοὺς
486 1374 557 1410 ὑπὲρ
570 1374 632 1401 νοῦν
647 1375 817 1411 οῖκτιρμούς.

210 1503 403 1538 Νυμφοστόλος
425 1505 439 1531 ὁ
463 1504 534 1537 θεῖος
555 1506 726 1541 ἀρχάγγελος
742 1507 857 1539 ἐπιστὰς
873 1517 960 1544 προσ-

174 1549 309 1585 ιλςώνησε,
321 1550 351 1576 τὸ
365 1551 450 1586 Χαῖρε
464 1552 515 1583 σοὶ,
524 1551 625 1587 Νύμφη
643 1552 710 1579 8εοῦ
725 1552 892 1589 ἀνύμφευτε,
906 1548 960 1581 τῶν

177 1595 302 1629 ἀγγέλων
318 1596 335 1631 ὴ
348 1596 421 1628 δόξα,
448 1597 495 1623 καὶ
517 1597 572 1624 τῶν
595 1598 746 1634 ἀνθρώπων
763 1599 793 1625 τὸ
816 1600 962 1636 διάσωσμα

177 1641 224 1668 καὶ
242 1642 446 1678 περιτείχισμα.

210 1687 269 1723 Πῦρ
295 1688 414 1724 ἑκύησας
437 1689 563 1725 οὐδαμῶς
590 1690 721 1725 φλογίσαν
749 1700 807 1724 σου,
825 1693 959 1730 Παρθένε,

176 1734 268 1767 νηδὺν,
285 1734 372 1769 Λόγον
395 1735 543 1771 ἐγέννησας
560 1737 678 1772 [ἰατρὸς.
694 1738 887 1774 ἐξαιρούμενον
899 1742 962 1767 ἀλο-

176 1780 237 1814 γίας
261 1781 325 1813 τοὺς
347 1781 442 1816 λόγους
467 1781 514 1808 τοῦ
537 1782 638 1809 πλάνου
669 1784 886 1818 ὑπακούσαντας,
913 1787 961 1814 καὶ

175 1825 403 1861 παρακούσαντας
428 1827 476 1854 τοῦ
502 1828 681 1863 πεποιηκότος
705 1829 773 1856 Θεοῦ
795 1830 842 1857 τοῦ
865 1831 960 1866 φιλαν-

175 1870 297 1905 Optimam

209 1916 287 1951 Φωνῇ
304 1915 352 1942 τοῦ
373 1916 491 1951 ἀγγέλου
506 1916 627 1954 Γαϐριὴλ
656 1918 803 1951 ωνέλαὸες
825 1919 893 1946 Θεὸν
906 1921 960 1947 Λό-

174 1960 234 1994 γδν,
258 1961 460 1997 παναμώμητε,
481 1962 553 1998 λόγῳ
568 1963 615 1995 τὰς
629 1963 686 1990 ἄνω
702 1965 868 2000 στρατηγίας
883 1967 960 2001 ποιή-

175 2015 271 2039 σαντα,
289 2007 338 2034 καὶ
354 2007 432 2041 λόγον
449 2009 605 2043 παρέχοντα
621 2009 716 2044 ὑμνεῖν
733 2009 782 2045 τὴν
796 2010 867 2047 ὑπὲρ
879 2011 958 2046 λόγον

173 2052 222 2079 καὶ
233 2052 337 2080 ἔννοιαν
350 2054 446 2081 τούτου
466 2055 548 2089 ἁγίαν
562 2056 782 2090 συγητάὁασιν.

208 2144 336 2176 Φανεῖσα,
357 2144 491 2179 Παρθένε,
505 2144 664 2180 πλατυτέρα
680 2147 801 2182 οὐρανῶν
814 2147 957 2184 ἑχὼρησας

172 2189 240 2216 Θεὸν
254 2190 474 2226 ἀνερμηνεύτως,
490 2191 519 2217 ὃν
535 2191 691 2226 ἀσωμάτων
708 2193 784 2228 χοροὶ
808 2194 957 2229 ἀνυμνοῡσι

174 2235 337 2270 μυστικῶς·
367 2236 449 2263 αὐτὸν
477 2234 524 2263 οὖν
557 2237 684 2270 ἱκέτευε,
724 2238 814 2273 ἁγνὴ,

172 2281 247 2316 ἡμᾶς
273 2281 394 2317 σωθῆναι
417 2281 481 2314 τούς
496 2290 526 2309 σε
547 2283 751 2318 μακαρίζοντας
775 2285 878 2319 φωναῖς
895 2286 957 2312 ἀσι-

171 2326 275 2361 γήτοις.

177 2382 229 2409 Ἐκ
242 2382 296 2421 {of}
317 2383 452 2417 Κανόνος
476 2385 524 2421 εις
534 2384 587 2421 τὰς
613 2385 701 2421 ἁγίας
732 2386 881 2420 μάρτυρας
895 2389 958 2421 Μη-

205 2417 341 2486 mztgq’r
357 2439 366 2451 ,
408 2417 608 2453 Μητροδώραν
620 2417 644 2454 ,⁷
662 2417 712 2448 κάι
732 2417 953 2456 ’Νὖμφοδῶραὴ

212 2509 257 2542 Ὠς
271 2510 392 2546 ἔμψυχον
415 2512 546 2548 θάλαμον,
562 2513 600 2543 ὡς
623 2513 786 2549 ἀδιάφθορον
810 2515 955 2550 σκήνωμα,

169 2555 208 2587 ὡς
223 2555 312 2591 πύλην
334 2557 471 2593 οὐράνιον,
494 2558 532 2589 ὡς
550 2558 625 2585 θείαν
642 2558 793 2594 τράπεζαν,
812 2560 850 2592 ὡς
866 2561 955 2588 παλά-

170 2609 238 2633 τιον,
253 2603 302 2629 καὶ
320 2603 416 2638 θρόνον
439 2603 487 2630 τοῦ
501 2604 637 2630 Δεσπότου
664 2604 776 2639 Μαρίαν
789 2605 837 2641 τὴν
854 2606 955 2641 ἄχραν-

169 2655 216 2674 τον
231 2646 328 2683 ὕμνοις
343 2649 516 2684 τιμήσωμεν.

207 2775 263 2807 (τι)
283 2774 355 2802 Idem
367 2775 437 2811 apud
449 2782 492 2801 me
502 2780 543 2802 est
554 2775 701 2811 immunem
713 2782 772 2803 esse
785 2773 921 2811 Virginem
937 2782 951 2801 a

188 2815 281 2838 eccato
293 2810 420 2844 originali
437 2814 464 2837 et
486 2810 596 2842 actuali,
610 2817 642 2837 ac
660 2817 720 2837 esse
740 2810 952 2837 immaculatam.

188 2818 281 2838 eccato
293 2818 420 2844 originali
437 2818 464 2837 et
486 2818 596 2842 artuan,
610 2818 642 2837 ac
660 2818 720 2837 εει-»ε
740 2818 952 2837 Immaculatam.

169 2818 244 2872 [lcet
256 2845 326 2872 cnim
351 2845 475 2872 homines
492 2845 613 2879 concepti
639 2845 665 2872 in
690 2850 800 2879 peccato
821 2845 953 2872 immacu-

169 2880 215 2906 lati
240 2885 447 2915 nuncupentur,
476 2886 505 2907 ut
535 2888 596 2907 cum
631 2880 729 2906 dicitur
757 2880 783 2906 in
815 2880 919 2915 psalmo
944 2900 952 2913 ,

1014 959 1208 994 gloriﬁcamus.

1049 1004 1153 1040 Magnae
1167 1006 1266 1033 mentis
1280 1005 1400 1033 Verbum
1418 1012 1551 1034 aeternum
1568 1007 1595 1033 in
1619 1011 1654 1038 te,
1668 1014 1684 1034 ο
1698 1008 1798 1042 puella,

1014 1050 1187 1079 inetfabiliter
1195 1059 1227 1079 ac
1240 1051 1450 1080 formidabiliter
1464 1061 1526 1080 vrre
1540 1053 1676 1081 habitasse
1691 1054 1800 1081 intuens

1014 1096 1121 1124 Gabriel
1149 1097 1341 1133 archangelus,
1358 1098 1509 1126 clamabat:
1527 1099 1594 1132 Ave,
1613 1099 1727 1127 thronus
1753 1099 1802 1126 Al-

1015 1142 1124 1174 tissimi,
1138 1149 1156 1170 o
1171 1143 1324 1170 benedicta.

1049 1188 1117 1215 Cum
1161 1188 1329 1216 Salvatorcm
1355 1193 1383 1216 et
1403 1188 1500 1221 Deum,
1533 1188 1740 1224 Redemptorem
1773 1196 1801 1218 ct

1016 1232 1159 1259 Dominum
1176 1233 1338 1267 perper-eris,
1357 1241 1373 1260 ο
1399 1233 1554 1260 castissima
1572 1233 1685 1260 Domina
1697 1255 1705 1267 ,
1720 1242 1800 1262 eum-

1013 1278 1075 1305 dem
1096 1285 1202 1312 semper
1230 1279 1388 1313 deprecare,
1404 1286 1420 1306 o
1444 1279 1631 1310 immaculata,
1650 1284 1680 1306 ut
1705 1280 1740 1306 ab
1766 1288 1800 1305 eo

1014 1325 1137 1359 recipere
1153 1324 1291 1359 possimus
1300 1325 1522 1360 gravissimorum
1542 1325 1675 1352 malorum
1702 1325 1801 1360 depul-

1013 1371 1131 1404 sionem,
1145 1370 1382 1406 plurimorumque
1405 1371 1484 1405 175
1501 1376 1675 1405 peccatorum
1703 1372 1800 1398 remis-

1013 1417 1130 1450 sionem,
1145 1417 1287 1444 laudantes
1313 1417 1516 1445 misericordias
1543 1417 1614 1452 ejus,
1632 1424 1693 1451 qua:
1718 1424 1799 1444 exce-

1013 1463 1082 1490 dunt
1099 1470 1206 1490 omnem
1225 1463 1433 1497 cogitationem.

1049 1507 1185 1543 Nuptialis
1208 1516 1310 1543 auspex
1329 1509 1438 1536 divinus
1455 1508 1634 1543 arcltangelus
1651 1516 1735 1543 prope
1751 1516 1798 1535 as-

1015 1557 1089 1586 tans,
1107 1554 1270 1582 exclamavit
1287 1554 1346 1587 tibi.
1361 1553 1428 1587 Ave,
1444 1562 1460 1581 ο
1484 1561 1583 1589 sponsa
1605 1553 1651 1581 Di-i
1674 1554 1798 1589 innupta.

1014 1599 1172 1635 angelorum
1199 1600 1296 1635 gloria,
1320 1604 1348 1627 et
1378 1599 1518 1627 hominum
1536 1600 1621 1632 salus,
1642 1603 1670 1626 ut
1702 1600 1794 1626 muni-

1014 1649 1146 1672 mentum.
1367 1668 1370 1670 .

1049 1690 1140 1726 Ignem
1159 1689 1318 1725 concepisti,
1334 1689 1382 1724 qui
1396 1697 1566 1724 nequaquam
1583 1694 1690 1716 ulcrum
1708 1693 1796 1720 tuu'n,

1013 1743 1030 1764 ο
1050 1735 1142 1772 Virgo.
1160 1736 1277 1763 ﬂammis
1299 1735 1465 1768 combussit;
1494 1734 1611 1762 Verbum
1639 1735 1726 1763 Putris
1752 1743 1799 1771 gu-

1013 1782 1107 1815 nuisti,
1124 1782 1196 1817 quod
1217 1781 1314 1808 liberat
1339 1781 1373 1808 ab
1398 1780 1605 1808 irrationalitate
1625 1788 1671 1808 eos
1685 1782 1730 1816 qui
1754 1789 1798 1808 se-

1013 1828 1136 1856 ductoris
1150 1827 1240 1855 verbis
1255 1827 1427 1859 obcdierunt,
1443 1832 1470 1854 et
1489 1827 1545 1854 Deo
1562 1825 1659 1854 {actori
1671 1834 1721 1854 suo
1744 1826 1798 1854 ltu-

1013 1873 1173 1908 manissimo
1190 1872 1380 1900 inobcdientes
1391 1872 1513 1899 fuerunt.

1045 1920 1098 1946 Per
1112 1925 1206 1946 vocem
1221 1917 1309 1952 angeli
1327 1917 1474 1949 Gabrielis,
1489 1924 1506 1944 o
1520 1916 1712 1948 mundissima,
1732 1924 1797 1943 con-

1012 1964 1106 2000 cepisti
1126 1965 1210 1991 Deum
1227 1962 1358 1995 Verbum,
1371 1963 1418 1998 qui
1433 1963 1516 1990 verbo
1531 1970 1665 1996 Supernos
1689 1963 1796 1989 exerci-

1011 2015 1056 2037 tus
1069 2010 1182 2040 creavit.
1198 2014 1226 2037 et
1240 2009 1350 2036 verbum
1368 2009 1479 2044 praebet,
1496 2015 1552 2043 quo
1571 2016 1631 2035 sant
1639 2012 1693 2034 tam
1723 2007 1797 2034 illius

1010 2055 1213 2082 descensionem
1231 2061 1264 2081 ac
1281 2053 1488 2085 demissionem,
1505 2061 1566 2088 qua:
1590 2058 1700 2087 superat
1716 2060 1797 2081 clune

1009 2100 1121 2127 verbum
1139 2105 1165 2126 et
1191 2099 1392 2134 cogitationem,
1405 2099 1515 2126 laudare
1538 2098 1687 2133 poesimus.

1043 2144 1066 2172 0
1089 2144 1180 2181 Virgo,
1193 2145 1273 2172 latior
1288 2145 1364 2172 caelis
1385 2144 1547 2179 apparuisti,
1565 2144 1708 2171 continens
1721 2143 1747 2170 iu
1771 2148 1797 2171 te

1008 2191 1181 2218 ineﬂ'abiliter
1200 2190 1296 2222 Deum,
1308 2197 1390 2225 quem
1404 2190 1628 2224 incorporeorum
1644 2189 1721 2216 chori
1739 2197 1797 2225 my-

853 2240 957 2272 πάντας
970 2243 996 2272 ῐ)
1010 2238 1077 2265 slice
1109 2237 1275 2264 collaudant.
1291 2237 1381 2272 Ipsum
1402 2245 1468 2272 ergo
1496 2237 1654 2272 deprecare,
1672 2244 1689 2264 ο
1709 2242 1796 2268 casta,

1011 2291 1061 2318 pro
1073 2283 1162 2310 salute
1176 2283 1298 2310 omnium
1317 2288 1452 2316 nostrum,
1469 2283 1515 2319 qui
1531 2288 1557 2311 te
1572 2283 1728 2318 irrequietis
1746 2291 1796 2310 vo-

1010 2330 1087 2357 cibus
1097 2330 1294 2357 beatilicamus.

1011 2386 1054 2414 Ex
1065 2386 1170 2414 Conone
1189 2387 1215 2413 in
1235 2388 1301 2421 festo
1317 2386 1368 2414 SS.
1389 2392 1535 2422 nmrlyrum
1557 2386 1719 2419 Metrodore,
1741 2385 1797 2413 Me-

1152 2423 1276 2453 trodora'.
1289 2426 1313 2448 et
1331 2421 1536 2457 Nymp/wdorle,
1550 2423 1592 2448 die
1611 2423 1652 2449 lU.

1045 2510 1186 2545 Tanquam
1212 2511 1362 2538 thalamum
1379 2515 1540 2542 animalum,
1554 2515 1682 2545 tanquam
1706 2511 1796 2538 taber-

1009 2559 1138 2586 naculum
1155 2559 1356 2593 incorruptum,
1373 2564 1501 2594 tanquam
1523 2563 1629 2593 portam
1645 2557 1793 2590 cmlestém,

1007 2607 1136 2638 tanquatn
1166 2611 1288 2630 mensam
1315 2603 1447 2636 divinam,
1468 2607 1597 2638 tanquam
1620 2603 1748 2637 palatium
1767 2608 1794 2628 et

1008 2649 1135 2675 tlu'ouum
1163 2647 1283 2681 Domini,
1309 2648 1423 2676 Mariam
1444 2649 1660 2680 imtnaculatam,
1682 2648 1791 2683 hymnis
1845 2646 1847 2650 ’

1007 2694 1173 2722 bonoremus
1189 2695 1257 2729 (74).

1008 2774 1082 2802 Beati
1098 2774 1263 2801 immaculati
1281 2775 1307 2801 in
1321 2775 1374 2806 uia,
1386 2783 1480 2809 parum
1490 2773 1581 2805 refert.
1596 2773 1724 2807 quoniam
1737 2781 1791 2800 non

1007 2809 1104 2847 loquor
1116 2810 1284 2847 de‘qualibet
1300 2813 1503 2845 nuncupatione
1525 2809 1642 2847 no_minis
1658 2809 1792 2847 immacu-

1008 2843 1125 2876 lali,'sed
1145 2843 1179 2871 de
1198 2845 1322 2872 absoluta
1340 2849 1366 2872 et
1383 2843 1610 2873 a‘ntouomastica,
1626 2849 1652 2869 et
1668 2843 1788 2877 speciali,

1008 2887 1184 2914 personaeque
1208 2879 1390 2914 particularis,
1406 2883 1433 2906 et
1458 2879 1484 2905 in
1508 2877 1583 2905 Novo
1604 2878 1789 2916 Testamento,
