2069 3159
273 182 341 217 1187

275 285 410 319 dispelle;
431 282 532 317 peccati
554 280 662 307 vincula
689 279 848 313 disrumpe;
865 278 940 305 salva
958 284 1000 304 me
1021 283 1060 308 tu,

274 338 336 364 qum
354 329 426 355 omni
450 325 639 354 misericordia
652 325 805 359 pra-ditum,
817 326 995 358 omniumque
1010 324 1062 350 mi-

272 380 408 402 serentetn
425 372 564 408 peperisti.

311 420 352 447 Me
367 419 454 446 dolosi
470 418 573 445 malitia
589 418 781 452 interemptum
797 416 915 448 vivillca,
931 423 947 442 ο
973 415 1062 442 illiba-

275 467 390 498 tissima,
409 473 470 500 qua:
488 464 571 491 vitam
600 464 687 498 ipsam
714 463 864 498 peperisti;
883 462 915 489 ad
940 467 965 489 te
990 463 1062 489 enim

273 510 401 546 confugi;
425 514 452 537 ct
470 510 496 536 in
526 509 662 544 profunda
693 513 868 543 peccatorum
899 507 1062 542 prolapsum

272 557 357 591 erige,
369 561 450 591 atque
460 555 583 586 extrahe.
598 561 728 589 tanquam
747 554 826 589 176
848 553 1029 587 compatiens,
1047 559 1064 579 ο

275 607 330 629 tota
342 602 516 629 immaculata
533 601 602 636 (75).

308 647 377 675 Cum
402 652 427 674 le
450 647 683 675 solanrelcctam.
702 649 729 672 ct
756 644 910 679 pulchram,
923 649 949 671 et
967 651 1065 671 caren-

275 699 328 720 tem
347 693 466 724 macula,
484 692 684 719 divinissimum
711 690 828 718 Verbum
856 690 1015 722 invenisset,
1031 697 1064 716 ex

274 744 300 766 te
316 740 486 767 incarnatqu
504 744 555 770 est,
571 745 587 764 ο
600 738 690 764 divina
708 738 794 772 gratia
811 737 979 772 plenissima.

310 785 426 813 Sanctus
446 789 488 812 est
518 784 602 816 Deus,
618 785 663 818 qui
693 783 826 810 habitavit
849 783 876 809 in
896 787 975 810 utero
1005 786 1064 814 tuo,

274 838 335 857 cum
366 836 391 857 te
406 831 535 857 omnibus
550 829 684 856 creaturis
700 829 865 855 sanctiorem
879 835 910 854 ac
923 827 1064 862 puriorem

276 877 427 904 invenisset
448 876 514 911 (76),
531 882 547 902 o
566 875 611 902 Dri
640 875 726 902 Mater
751 874 925 902 immaculata
949 874 1063 910 Regina,

273 923 353 956 cujus
365 930 461 948 nouien
478 921 691 948 dominationem
709 926 799 947 sonat.

310 968 396 1002 Supra
415 973 516 994 naturae
533 967 665 998 ordinem,
680 967 837 993 Creatorem
861 967 887 993 in
906 972 984 993 utero
1008 970 1060 993 tuo

274 1018 436 1048 conceptum
451 1018 559 1048 gestare
573 1013 653 1047 digna
670 1013 739 1040 facta
759 1013 846 1046 fuisti,
859 1022 875 1040 υ
891 1013 979 1048 puclla
991 1033 998 1045 ,
1014 1013 1061 1048 qui

276 1058 433 1085 reformavit
451 1066 510 1092 nos,
529 1066 591 1086 cum
614 1059 665 1085 tide
674 1062 804 1085 canentes
822 1066 828 1085 :
845 1057 1010 1085 Benedictus
1020 1065 1060 1090 es,

274 1104 392 1132 Christe.

310 1150 451 1185 Tanquam
467 1150 596 1185 templum
617 1150 663 1177 Dei
689 1150 905 1182 immaculatum,
922 1157 938 1177 ο
963 1150 1061 1185 puella,

274 1198 399 1224 eumdem
415 1198 558 1231 suscepisti
571 1197 692 1224 humano
706 1204 819 1232 corpore
834 1197 967 1228 indutum,
985 1203 1011 1223 et
1026 1198 1064 1230 in,

275 1243 381 1270 duabus
400 1243 505 1270 naturis
520 1243 659 1276 cognitum
672 1251 681 1269 :
696 1243 740 1270 cui
756 1243 931 1270 coneinimus
956 1251 962 1269 :
979 1242 1066 1270 Bene-

276 1289 368 1320 dicite,
387 1296 480 1323 opera,
509 1289 665 1316 Dominum.

313 1334 397 1361 Parce
413 1335 488 1365 mihi,
507 1335 625 1367 Christe,
644 1335 707 1361 dum
730 1335 972 1369 venerisludicare
985 1343 1064 1362 mun-

276 1381 341 1407 dum
378 1388 440 1407 cum
470 1379 556 1414 gloria
579 1388 586 1406 :
615 1380 737 1407 dissolve
762 1381 878 1408 nebulas
907 1381 1064 1416 passionum

277 1433 401 1453 mearum
430 1427 556 1460 precibus
584 1425 730 1453 Genitiicis
758 1431 820 1457 ιυω,
838 1434 870 1453 ac
897 1427 1066 1453 venerando-

279 1479 340 1499 rum
369 1477 518 1506 martyrum
550 1478 659 1498 tuorum
675 1492 682 1504 ,
714 1477 842 1507 tanquam
869 1472 966 1504 bonus,
982 1473 1068 1508 pluri-

281 1524 382 1550 maque
395 1517 583 1544 misericordia
602 1517 710 1551 plenus.

841 179 868 207 S.
891 175 1046 207 JOSEPHI
1067 174 1344 206 HYMNOGRAPHI

310 241 426 274 Apparc,
442 245 457 263 ο
475 236 554 270 Virgo
577 239 662 267 casta,
678 238 704 261 et
726 233 824 260 animae
841 239 908 258 mea:
934 231 1061 258 tenebras
1077 235 1097 262 Α

1827 170 1895 204 1188

1156 232 1336 266 Ἐπιφανεϊσα
1348 231 1399 266 τῆς
1412 231 1499 266 ψυχῆς
1517 240 1567 266 μου
1580 229 1610 258 τὸ
1625 231 1719 264 σκότος
1743 231 1890 262 ἁπέλαπιν,

1113 278 1250 313 ἁμαρτίας
1262 278 1311 309 τὰς
1325 278 1430 312 σειρὰς,
1446 277 1516 313 ἁγνὴ
1532 277 1824 313 Παρθένεβιάρῤηξον,
1840 276 1895 303 σῶα

1114 321 1161 346 σάν
1179 328 1225 355 με,
1242 321 1370 355 κυήσασα
1384 319 1430 346 τὸν
1444 319 1670 355 πανοικτιρμονα.

1150 408 1331 444 Νακρωοέντα
1357 417 1390 443 με
1412 408 1497 443 κακίᾳ.
1512 407 1559 434 τοῦ
1582 407 1680 440 δολίου,
1697 407 1862 442 πανάμωμε,
1879 407 1897 441 ἡ

1115 455 1191 489 Ζωὴν
1204 454 1332 486 τεκοῦσα,
1351 454 1470 486 ζώωσον,
1481 454 1548 488 πρὸς
1564 454 1592 479 σὲ
1612 453 1666 488 γὰρ
1685 453 1837 488 κατέφυγα,
1854 455 1902 481 καὶ

1115 501 1271 536 ἐμπεσόντα
1294 501 1334 531 εἰς
1355 499 1423 534 βάθη
1447 500 1653 535 παραπτώσεων
1676 499 1845 533 ἑπανάγαγε,
1863 500 1901 530 ὡς

1116 546 1272 581 συμπαθὴς,
1292 545 1494 581 παναμώμητι,

1153 636 1187 663 Σὲ
1218 636 1303 670 μόνην
1327 635 1468 670 ἐκλεκτὴν,
1495 634 1541 661 καὶ
1565 634 1662 670 καλὴν,
1684 635 1731 661 καὶ
1752 634 1902 670 ἀμώμητον

1116 683 1270 718 εὑράμενος
1292 681 1466 716 σωματοῦται
1490 682 1504 708 ό
1532 681 1663 716 ὑπέρϐιος
1675 681 1761 716 Λόγος
1783 683 1816 708 ἐκ
1842 683 1902 717 σοῦ,

1116 729 1314 764 Θεοχαρίτωτε.

1155 776 1250 809 Ἄγιος
1267 776 1281 802 ὁ
1301 775 1443 810 σκηνώσας
1456 783 1484 801 εν
1502 775 1595 810 μήτρᾳ
1609 783 1657 801 σου
1671 774 1772 809 Κύριος
1786 775 1901 809 ἁγιωτά-

1117 829 1168 855 ραν
1193 820 1282 855 εὑρών
1305 829 1334 847 σε
1362 821 1409 846 καὶ
1435 820 1632 856 καθαρωτέραν
1653 822 1768 851 κτίσεως
1802 820 1902 856 πάσης,

1118 866 1272 902 θεομῆτορ,
1292 866 1450 901 κυριώνυμε
1464 866 1583 901 ἄχραντε
1596 866 1739 892 Δέσποινα.

1161 957 1324 993 Ὑπερφυῶς
1348 958 1394 984 τὸν
1421 958 1540 994 κτίστην
1571 960 1604 994 τῇ
1625 959 1723 994 γαστρί
1747 967 1806 990 σου.
1822 959 1904 994 κόρη,

1119 1005 1287 1040 κυοφορῆσαι
1306 1004 1482 1040 ’κατηξίωσαι
1512 1005 1585 1040 ἡμᾶς
1612 1005 1817 1033 ἀναπλάττοντα
1840 1006 1904 1037 τοὺς

1121 1051 1307 1087 αελῳδοῦντας
1322 1051 1412 1078 πίατει
1425 1059 1432 1066 ·
1450 1051 1561 1086 Χριστὲ,
1577 1051 1724 1086 εὐλογητὸς
1738 1049 1775 1078 ῑῐ.

1162 1147 1205 1177 Ὠς
1232 1146 1299 1173 Θεοῦ
1331 1146 1496 1180 ἀκηλιοωτον
1526 1146 1640 1181 τέμενος
1667 1145 1789 1179 ὑπεδέξω
1821 1145 1905 1172 atava

1120 1195 1348 1229 σωματούμενον,
1373 1193 1421 1220 καὶ
1443 1194 1471 1219 ὲν
1492 1193 1553 1219 δυσὶ
1575 1193 1635 1224 ταῖς
1654 1193 1752 1226 φύσεσι
1774 1191 1905 1226 γνωριζὸ-

1122 1248 1211 1274 μενον,
1225 1240 1304 1276 κόρη,
1316 1236 1338 1274 ᾧ
1354 1239 1536 1275 μελῳδοῦμεγ
1554 1239 1707 1273 Εὑλογιίτε,
1723 1239 1758 1265 τὰ
1771 1237 1906 1273 ἐργα,τὺν

1121 1287 1233 1322 Κύριον.

1156 1333 1250 1360 distenti
1265 1341 1329 1368 μου,
1346 1332 1457 1368 Χριστὲ,
1470 1332 1535 1358 ὅταν
1548 1331 1627 1366 ἔλθῃς
1640 1332 1731 1365 κρῖναι
1745 1331 1791 1357 τὸν
1803 1332 1906 1365 κόσμον

1124 1380 1193 1415 μετὰ
1214 1379 1304 1414 δόξης,
1323 1379 1403 1405 λῦσον
1426 1378 1476 1414 τὴν
1490 1378 1574 1414 ἀχλὺν
1594 1377 1648 1405 τῶν
1666 1376 1759 1404 παθῶν
1778 1385 1828 1411 μου
1844 1377 1906 1407 ταῖς

1122 1424 1236 1455 ἱκεσίαις
1245 1424 1295 1458 τῆς
1306 1424 1448 1458 κυησάσης
1460 1431 1500 1454 σε,
1508 1423 1556 1449 καὶ
1568 1422 1622 1449 τῶν
1636 1422 1743 1448 σεπτῶν
1755 1421 1907 1457 μαρτύρων

1122 1477 1180 1502 σου,
1192 1468 1230 1500 ὡς
1243 1468 1344 1502 ἀγαθὸς
1357 1468 1406 1495 καὶ
1418 1467 1571 1499 πολυέλεος.

278 1570 321 1598 Ea:
334 1571 439 1599 Catiane
451 1572 477 1599 in
492 1572 559 1606 festo
573 1571 602 1598 S.
617 1571 733 1615 Cornelii
747 1570 916 1598 Centuriouis
929 1570 1067 1603 martyris,

1128 1569 1180 1597 Ἐκ
1194 1569 1250 1615 τ’οῆ
1260 1569 1395 1615 Κανόγοε
1413 1570 1468 1615 εις)
1479 1568 1780 1615 τδγᾼᾰτιρνῖιμιὲρῖιρμ
1793 1567 1906 1601 Κιργή-

612 1605 655 1633 die
675 1606 718 1633 13.

312 1663 408 1691 Allicis
420 1662 538 1690 ﬁdelium
550 1663 633 1690 corda
645 1662 677 1689 ad
690 1666 716 1689 te
728 1669 835 1696 semper
848 1669 910 1688 cum
921 1660 1068 1687 insatiabili

280 1709 417 1736 desiderio
450 1709 667 1743 glorilicandam,
689 1717 704 1736 ο
729 1708 844 1734 Domina
877 1707 922 1734 Dei
953 1707 1069 1740 genitrit

282 1755 457 1782 immaculata
478 1763 483 1780 :
505 1760 532 1781 ιιι
561 1754 633 1782 enini
667 1763 697 1782 es
716 1754 858 1781 hominum
886 1753 982 1788 gIOria,
1008 1761 1069 1789 qua:

281 1801 424 1827 Dominum
444 1800 536 1835 gloria:
550 1800 689 1836 peperisti.

282 1885 344 1905 nam
364 1877 391 1904 in
406 1876 493 1905 Veteri
510 1885 562 1905 non
579 1878 721 1905 exstiterat
734 1877 858 1905 Christus
870 1882 898 1904 et
912 1878 1067 1905 heatisslma

283 1913 373 1946 Virgo,
392 1921 452 1947 qum
468 1921 589 1945 persona:
603 1920 676 1944 vere.
693 1918 720 1940 et
736 1913 854 1948 proprie.
868 1919 896 1940 et
905 1914 1027 1944 mnnino,
1044 1917 1069 1938 ct

281 1950 497 1975 antonontastice
523 1948 703 1975 inunaculata’.
732 1953 812 1980 sunt;
834 1953 860 1974 at.
882 1955 945 1974 vero
961 1955 1022 1974 cum
1042 1948 1068 1974 in

282 1982 371 2009 Veteri
387 1982 562 2010 Testamento
582 1984 649 2010 tales
673 1990 797 2018 persona:
821 1991 873 2009 non
894 1988 993 2014 essent,
1015 1990 1068 2008 non

283 2018 394 2048 mirum,
410 2019 432 2044 si
451 2019 642 2045 attribueretur
656 2017 843 2045 sanctioribus
861 2024 958 2044 nomen
973 2019 1071 2044 immn-

283 2053 376 2083 culati,
406 2054 523 2080 maxime
546 2060 608 2080 cum
632 2060 681 2080 nec
705 2053 829 2079 absolute
849 2053 902 2079 illis
924 2052 1069 2079 tribuatur.

285 2088 330 2114 Sic
347 2095 408 2114 cum
430 2089 530 2115 dicitur
547 2097 555 2114 :
575 2087 651 2114 Beati
673 2087 841 2114 immaculati
858 2106 866 2117 ,
894 2087 1014 2118 additur,
1043 2087 1070 2113 in

284 2123 338 2154 uia,
355 2123 381 2149 id
397 2128 448 2153 est,
470 2124 495 2150 in
513 2123 594 2150 modo
608 2123 749 2156 operandi,
766 2131 818 2149 non
832 2123 954 2149 absolute
970 2127 996 2148 ct
1013 2129 1072 2147 oni-

285 2158 360 2184 nino.
390 2157 470 2184 David
498 2158 580 2184 etiam
603 2157 683 2189 dixit,
714 2157 916 2184 Immaculata:
940 2164 994 2187 ero,
1021 2156 1072 2182 hoc

286 2193 374 2226 ipsum
392 2193 493 2220 indicat
505 2193 651 2227 aliquando
666 2201 720 2219 non
735 2193 821 2219 fuisse
837 2193 927 2219 talem.
940 2191 990 2218 Job
1005 2198 1072 2226 quo-

285 2236 348 2260 que,
362 2227 408 2261 qui
433 2233 590 2262 agnoverat,
611 2232 638 2254 et
659 2231 840 2262 snpposucrat
862 2235 891 2254 se
918 2227 944 2253 in
961 2231 1072 2261 peccato

285 2268 457 2297 conceptum,
478 2268 570 2297 postea
588 2271 616 2288 se
632 2263 700 2289 dixit
727 2263 930 2289 immaculatum
957 2263 991 2288 de
1006 2268 1070 2295 prae.

285 2297 367 2326 senti.
383 2306 436 2324 non
455 2298 488 2324 de
504 2298 651 2332 plecterito,
668 2298 738 2324 sicut
755 2297 799 2323 alii
823 2297 1010 2331 signiﬁcantur
1024 2297 1074 2322 im-

289 2332 414 2366 niaculati
430 2332 463 2359 de
482 2334 573 2359 l‘nturu
586 2333 611 2358 in
627 2333 780 2366 Scriptura.
795 2332 890 2358 Modus
907 2336 996 2358 autem
1019 2339 1073 2365 quo

286 2365 420 2400 JOSephns
433 2373 459 2394 et
475 2368 521 2394 alii
544 2368 636 2395 l’atres
649 2365 747 2394 Vocant
762 2366 898 2402 Virginem
915 2367 1074 2393 immacula-

288 2408 353 2432 tani,
370 2402 501 2431 absolute.
518 2403 752 2432 antonomastice;
767 2407 793 2429 ct
809 2402 910 2436 passim
927 2409 979 2427 non
997 2402 1074 2427 inve—

289 2437 363 2462 nitur
382 2437 481 2464 similis
498 2437 523 2463 in
544 2437 604 2464 aliis
626 2437 737 2467 sanctis,
758 2442 785 2463 et
800 2436 1027 2471 spccialissimum
1047 2440 1074 2462 et

287 2471 418 2505 grandius
435 2472 535 2505 aliquid
552 2480 634 2506 supra
650 2480 745 2498 omnes
761 2473 830 2499 Illius
841 2471 903 2498 Adae
921 2472 1031 2503 indicat,
1045 2475 1074 2496 ut

289 2508 314 2532 in
331 2506 388 2532 suis
411 2506 654 2534 Dis~ertationibus
669 2507 819 2541 epistolicis
836 2506 917 2541 epist.
933 2506 960 2538 8,
976 2506 1073 2532 obser-

288 2546 331 2568 vat
345 2541 574 2575 Niereinbcrgius.

324 2575 380 2612 (75)
401 2577 529 2603 Concinit
544 2576 662 2612 .loscpbo
679 2581 772 2604 nostro
789 2576 818 2603 S.
835 2575 1014 2612 lldeplionsns
1029 2581 1074 2602 ar-

288 2611 479 2645 chiepiscopus
505 2611 663 2644 Toletanus,
689 2613 714 2638 in
734 2620 817 2639 aureo
837 2615 952 2638 tractatu
978 2611 1014 2637 De
1031 2618 1075 2637 ca-

288 2653 353 2672 rona
369 2647 401 2673 Β.
431 2647 555 2681 Virginis,
571 2648 642 2681 ιμιοιι
659 2655 738 2682 opus,
755 2652 784 2674 ut
799 2652 913 2673 testatur
929 2648 1027 2682 Petrus
1041 2646 1074 2672 de

287 2682 354 2708 Alva
366 2683 391 2708 in
409 2682 571 2709 Bibliotheca
593 2682 732 2717 Virg.uuli,
746 2682 828 2709 ft'llllll
839 2689 901 2709 esse
917 2681 997 2717 hujus
1010 2689 1074 2717 sani-

288 2717 402 2744 ctissitni
415 2719 536 2752 praiSnIis
546 2715 691 2744 verisimile
703 2723 822 2752 putatur,
835 2716 897 2743 dum
909 2715 943 2752 ibi
958 2723 1018 2750 cap.
1029 2716 1073 2747 15,

289 2752 341 2779 hoc
359 2751 437 2779 habet
452 2762 458 2779 :
476 2762 486 2778 ι
514 2753 565 2785 Τιι,
586 2751 710 2784 Domina,
735 2760 843 2786 semper
866 2751 1024 2786 fuistirclara
1047 2756 1075 2778 et

290 2795 398 2818 serena,
415 2789 533 2820 sincera,
555 2788 733 2815 mundissima
752 2792 778 2814 et
796 2785 915 2814 amoena.
939 2785 979 2812 Tu
1000 2785 1073 2813 enim

289 2830 445 2858 esseniper
461 2827 515 2849 tota
531 2824 654 2858 pulchra,
677 2827 738 2858 tota,
759 2822 889 2853 formosa,
905 2826 959 2849 tota
977 2821 1074 2858 imma-

290 2857 440 2889 culataget
472 2863 525 2885 tota
557 2859 692 2892 speciOsa.
717 2857 821 2884 Macula
850 2858 922 2883 nulla
948 2857 1074 2892 fuscat-is,

290 2893 364 2918 nulla
377 2893 623 2925 sordcitnacularis,
636 2893 709 2920 omni
725 2894 811 2926 gratia
825 2892 982 2920 illustraris.
1002 2901 1011 2918 ι
1029 2891 1075 2918 Sic

1232 1607 1301 1632 λιογ
1315 1605 1367 1631 τὸν
1380 1604 1609 1638 ἑκατόνταρχον,
1626 1603 1721 1638 ἡμέρᾳ
1738 1607 1782 1636 ιγ’.

1157 1662 1269 1696 Θέλγεις
1283 1662 1384 1688 πιστῶν
1398 1661 1511 1696 καρδίας
1526 1661 1570 1688 ἀεὶ
1586 1660 1707 1693 δοξάζειν
1721 1668 1750 1686 σε
1767 1659 1908 1694 ἀκορέστῳ

1121 1708 1225 1742 ἐφέσει,
1247 1707 1429 1742 Θεογεννῆτορ
1446 1708 1579 1733 Δέσποινα
1590 1714 1596 1721 ·
1621 1705 1684 1738 δόξα
1699 1707 1754 1740 γὰρ
1770 1706 1908 1741 χρηματί-

1122 1754 1178 1786 ζεις
1192 1754 1245 1780 τῶν
1268 1753 1429 1788 ἀνθρώπων,
1445 1753 1546 1786 τέξασα
1567 1752 1613 1779 τὸν
1627 1752 1676 1786 τῆς
1690 1751 1769 1786 δόξης
1793 1751 1905 1785 Κύριον,

1121 1800 1239 1835 ἄχραντε

1120 1878 1174 1904 ille.

1157 1912 1213 1948 (76)
1232 1911 1289 1940 Vox
1310 1912 1413 1946 purior,
1439 1913 1569 1947 applieata
1590 1911 1692 1948 Virgini
1714 1913 1740 1939 in
1764 1921 1907 1947 compara-

1123 1949 1196 1975 tione
1211 1949 1332 1975 omninin
1359 1955 1558 1979 creaturarum,
1577 1951 1689 1975 omnino
1707 1948 1827 1974 excludit
1844 1957 1907 1982 pec~

1122 1988 1213 2009 calum
1240 1983 1364 2018 originis.
1382 1983 1451 2018 Nam
1468 1985 1508 2012 (ut
1533 1984 1559 2008 in
1581 1984 1639 2010 suis
1664 1983 1907 2011 Dissertatiunibus

1121 2018 1274 2053 epistolieis
1286 2019 1364 2052 epist.
1381 2017 1407 2049 6,
1424 2023 1498 2044 notat
1513 2019 1554 2044 vir
1567 2018 1674 2050 egregie
1688 2019 1786 2045 doctus
1803 2023 1831 2045 et
1846 2019 1907 2053 pius

1124 2052 1154 2079 P.
1171 2052 1238 2079 Joan
1256 2052 1389 2079 Eusebius
1412 2053 1641 2087 Nierembergius)
1659 2053 1841 2080 communiter
1858 2062 1907 2081 su.

1124 2092 1237 2114 muntnr
1251 2087 1432 2114 diversiinode
1446 2089 1497 2114 ista
1510 2088 1619 2114 nomina
1630 2089 1747 2114 sanctior
1760 2093 1786 2114 et
1801 2089 1906 2122 purior.

1126 2122 1260 2149 Sanctitas
1272 2123 1341 2149 solet
1360 2123 1429 2149 sumi
1443 2130 1492 2156 pro
1504 2123 1618 2156 positiva
1635 2123 1764 2157 dignitate
1778 2125 1871 2157 gratiae
1882 2130 1908 2152 et

1126 2159 1297 2187 meritorum,
1313 2158 1346 2184 ad
1369 2164 1449 2191 quam
1472 2157 1593 2191 pervenit
1609 2162 1743 2190 creatura,
1758 2159 1830 2185 unde
1852 2167 1907 2186 non

1126 2191 1243 2219 refertur
1260 2192 1292 2219 ad
1313 2193 1459 2227 preterita,
1477 2193 1524 2220 sed
1539 2193 1573 2219 ad
1591 2197 1749 2226 praesentem
1765 2197 1866 2220 statum
1882 2199 1909 2221 et

1127 2227 1245 2259 culmen,
1267 2227 1299 2254 ad
1319 2227 1390 2261 quod
1418 2227 1539 2261 pervenit
1564 2228 1660 2262 gratia.
1681 2227 1790 2256 Purital
1816 2234 1907 2255 autem

1126 2263 1244 2288 sumitur
1262 2270 1311 2296 pro
1327 2262 1447 2296 negativa
1472 2262 1674 2296 propinquitate
1689 2263 1791 2295 peccati
1809 2268 1835 2290 et
1850 2271 1909 2290 sor-

1124 2297 1178 2328 dis,
1197 2297 1269 2324 unde
1292 2297 1403 2330 respicit
1428 2297 1510 2323 etiam
1536 2297 1568 2324 ad
1597 2298 1776 2331 praeteritum,
1803 2306 1835 2324 ex
1854 2306 1908 2332 quo

1126 2331 1218 2358 haberi
1238 2338 1350 2366 possent
1366 2332 1470 2364 sordes,
1486 2336 1512 2358 et
1527 2337 1616 2359 tamen
1638 2341 1691 2358 non
1707 2334 1816 2359 fuerunt
1832 2331 1908 2359 habi-

1125 2371 1168 2393 tte.
1184 2365 1255 2409 Hinc
1264 2371 1306 2407 est
1321 2373 1349 2393 ut
1364 2367 1530 2409 lilagdalena,
1548 2367 1588 2409 vel
1606 2366 1729 2409 S.‘Maria
1746 2367 1908 2409 @plptiaca

1124 2406 1221 2435 posset
1230 2402 1282 2428 diei
1298 2401 1419 2428 sanctior
1440 2407 1533 2429 sancta
1557 2402 1661 2436 Agnete
1682 2403 1721 2428 vel
1745 2401 1864 2434 Ctecilia,
1883 2407 1909 2429 et

1125 2441 1214 2463 tamen
1235 2445 1288 2463 non
1310 2441 1400 2471 posset
1410 2437 1462 2463 dici
1474 2437 1565 2471 purior
1577 2444 1586 2462 :
1604 2438 1668 2471 quia
1682 2438 1807 2471 quamvis
1823 2439 1910 2472 majo-

1125 2479 1181 2497 rcni
1199 2473 1367 2499 sanctitatem
1386 2473 1504 2505 potuerit
1518 2472 1659 2506 acquirere
1671 2472 1840 2507 Magdalena,
1855 2481 1908 2499 noti

1125 2510 1216 2533 tamen
1241 2508 1309 2534 adeo
1335 2507 1424 2533 (aruit
1451 2507 1632 2534 immunditiis
1653 2512 1839 2541 pECthll'llm.
1863 2507 1909 2534 Sic

1125 2541 1206 2577 etiam
1235 2543 1253 2567 S
1291 2542 1460 2577 Augustinus
1481 2546 1571 2576 posset
1602 2540 1667 2577 dici:
1685 2544 1806 2569 sanctior
1829 2550 1909 2577 quam

1126 2575 1154 2602 S.
1172 2575 1324 2603 Lmlovicus
1337 2575 1503 2611 'episcopus.
1527 2577 1569 2604 vel
1598 2576 1626 2603 S.
1652 2575 1815 2609 Casimirus,
1838 2575 1909 2604 atta-

1125 2618 1186 2638 men
1204 2619 1257 2638 non
1270 2612 1367 2645 poterit
1379 2612 1432 2638 dici
1448 2612 1552 2646 purior,
1565 2612 1627 2646 quia
1645 2619 1698 2638 non
1712 2613 1802 2639 caruit
1818 2613 1910 2639 sordi—

1125 2646 1175 2682 bus
1199 2644 1559 2682 vitze’prtetei-itze,‘quibus
1574 2644 1669 2674 caruit
1693 2647 1722 2674 S.
1743 2647 1911 2674 Casimirus.
1960 2644 1966 2647 ”

1126 2680 1172 2708 Sic
1202 2680 1293 2708 etiam,
1313 2690 1359 2708 rex
1390 2680 1474 2708 David
1497 2686 1585 2715 potest
1609 2681 1662 2709 dici
1687 2682 1808 2709 sanctior
1826 2690 1909 2716 quant

1126 2721 1239 2743 sanctus
1259 2716 1391 2744 Henricus
1410 2716 1566 2750 imperator,
1582 2722 1610 2744 et
1626 2722 1716 2744 tamen
1739 2725 1792 2743 non
1805 2717 1912 2744 dicetur

1125 2752 1230 2786 purior.
1243 2751 1311 2779 Hine
1324 2756 1431 2778 constat
1450 2751 1481 2778 Β.
1504 2750 1654 2787 Virginem,
1675 2754 1738 2778 dum
1760 2752 1913 2786 appellatur

1126 2787 1253 2814 omnibus
1283 2787 1415 2814 creaturis
1461 2787 1566 2821 purior,
1598 2787 1722 2814 denotari
1758 2789 1914 2813 necessario

1126 2822 1247 2849 caruisse
1264 2823 1290 2849 in
1305 2824 1440 2856 praeterito
1453 2822 1512 2850 labe
1537 2822 1662 2858 originis,
1693 2828 1747 2858 qua
1763 2828 1915 2850 caruerunt

1127 2858 1214 2893 angeli
1226 2863 1252 2886 et
1266 2858 1436 2894 protoplasti.
