2069 3159
274 163 341 197 “Si

270 267 464 294 nuntiaverunt
481 275 488 299 ;
502 273 619 300 quarum
638 273 710 292 nunc
736 271 864 293 eventum
875 265 1025 298 intuemur,
1040 274 1057 293 ο

275 311 449 339 immaculata
463 311 530 346 (78).

305 356 447 391 Tanquam
463 356 700 391 norumjnl‘antem
717 358 843 392 peperisti
857 358 937 386 nobis
947 358 1057 391 Filium,

269 403 314 438 qui
337 403 417 438 178
428 408 470 430 est
486 408 548 430 ante
575 404 665 430 omnia
686 405 794 435 szccula,
809 412 824 430 ο
841 412 948 431 summe
961 405 1056 432 imma-

269 449 359 476 culata
372 449 441 483 (79);
459 448 504 483 qui
520 449 546 475 in
564 448 672 476 duabus
684 449 845 476 voluntariis
854 450 1057 484 operationibus

273 494 373 528 duplex
386 497 438 525 est,
455 495 537 520 homo
553 494 660 521 scilicet.
672 494 755 521 simul
771 499 798 520 et
823 493 909 522 Deus.

303 538 372 565 Cum
391 539 511 566 caelestis
528 539 618 566 imber
644 539 709 566 inte
733 540 930 571 descendisset,
941 547 958 566 ο
973 538 1057 575 Virgo

268 587 398 617 perpetua
412 592 419 609 :
432 588 530 610 terram
542 584 702 615 desolatam,
712 584 810 611 divinae
822 585 942 612 scicntia:
950 585 1057 613 ﬂuentis

269 628 401 663 irrigans,
420 628 642 656 fecundissimam
656 630 785 656 reddidit.

304 674 386 701 Lucis
405 674 598 702 immaterialis
628 675 797 702 domicilium
828 679 923 702 venter
937 680 999 704 tuus
1014 676 1056 703 fa-

269 724 328 746 ctns
341 724 393 752 est,
408 727 424 747 ο
442 719 488 747 Dei
504 718 610 754 Sponsa
638 720 726 755 puella
739 721 866 748 inviolata
880 729 888 747 :
906 721 990 754 illius,
1011 722 1056 748 iu-

270 772 363 798 quam.
380 765 459 797 lucis,
475 773 535 800 qua:
547 765 645 792 divina:
658 766 777 793 Scientia:
794 766 898 793 facibus
912 766 1056 794 inﬁdelita-

270 814 322 836 tem
338 809 475 837 imminuit
489 819 496 842 ;
512 818 595 845 quam
612 811 755 838 laudantes
779 812 930 839 clamamus
947 821 954 838 :
968 812 1056 840 Bene-

269 852 360 880 dictus
377 861 418 884 cs,
445 852 517 880 Deus
532 857 637 886 patrum
655 859 819 882 nostrorum.

305 897 517 926 Sacratissimus
533 899 726 933 prophetarum
743 900 854 932 chorus,
870 905 895 928 te
907 909 968 928 vere
993 905 1055 928 ante
1071 912 1094 942 Β

272 942 427 978 descripsit,
443 951 460 971 ο
477 945 630 971 veneranda
656 944 748 979 Virgo,
771 946 911 980 appellans
936 951 1056 974 montem

270 995 285 1014 a
299 988 424 1022 lapicidas
437 996 518 1016 manu
533 989 666 1017 intactum
681 999 689 1023 ;
708 991 824 1026 virgam,
839 997 866 1019 et
880 997 998 1027 portam,
1009 1001 1058 1028 per

270 1041 350 1067 quam
369 1033 526 1062 Altissimus
542 1037 726 1070 pertransivit.
751 1044 785 1064 eo
802 1038 882 1066 modo
893 1046 973 1073 quem
1001 1039 1058 1074 ipse

271 1079 358 1110 novit,
383 1080 560 1115 clausamque
574 1081 672 1108 iterum
686 1081 807 1116 reliquit.

306 1123 372 1152 Fers
381 1124 512 1152 ferentem
524 1126 615 1153 omnia
625 1127 714 1153 divina
725 1127 859 1162 potentia,
871 1128 1056 1161 ocastissima,

270 1178 303 1198 ac
318 1171 405 1198 nutris
419 1171 548 1199 uberibus
560 1172 616 1199 tuis
634 1172 798 1200 nutrientem
815 1180 896 1200 omne
913 1174 986 1208 quod
1001 1175 1058 1209 spi-

271 1221 323 1244 rat.
339 1216 573 1250 Superatomnem
593 1218 695 1245 utentis
723 1219 916 1253 cogitationem
937 1220 1057 1247 miracu-

271 1262 326 1289 lum
344 1267 433 1295 tuum,
458 1270 491 1290 ac
507 1268 620 1299 stupore
646 1264 769 1299 percellit
800 1265 910 1300 angelos
935 1266 1015 1293 simul
1032 1272 1059 1293 οι

272 1306 406 1339 homines,
422 1308 468 1342 qui
492 1313 516 1334 te
532 1308 642 1336 assidue
656 1309 822 1342 cnllaudant,
841 1314 868 1337 et
883 1317 945 1338 cum
959 1310 1056 1338 aﬂ'cctu

272 1352 377 1380 beatam
396 1354 542 1388 appellant.

273 1430 315 1457 Ea:
324 1430 429 1459 Cauoue
446 1431 472 1458 in
486 1432 551 1468 [esto
563 1431 615 1468 SS.
629 1436 782 1468 martyrum
810 1431 962 1468 Tropltymi,
987 1432 1057 1460 Sab-

440 1467 517 1499 bulii,
533 1471 557 1493 et
569 1467 775 1500 Darimedoutis,
789 1468 831 1495 die
841 1468 884 1494 19.

308 1536 437 1563 Generosi
453 1539 587 1570 martyres
603 1535 751 1570 gratiarum
771 1539 880 1561 tuarum
898 1535 1058 1562 illuminati-

273 1590 307 1609 vo
338 1581 412 1609 l'onte
444 1580 586 1616 splendide
610 1579 749 1611 illum-ali,
765 1587 782 1607 ο
802 1581 856 1607 Deo
883 1581 1055 1614 charissima,
1071 1596 1092 1625 ο

273 1627 330 1655 sola
347 1632 423 1662 porta
443 1626 513 1654 lucis
527 1645 535 1658 ,
550 1625 780 1660 profundissimas
793 1625 917 1653 tenebras
932 1626 1059 1653 intolera-

273 1672 369 1699 bilium
388 1671 595 1706 suppliciorum,
614 1675 639 1698 te
654 1670 808 1704 laudantes,
829 1671 1056 1706 pertransierunt.

309 1761 418 1788 Domini
446 1769 479 1789 ex
495 1765 521 1788 te
552 1761 686 1788 incarnati
711 1761 815 1796 legibus
829 1761 1057 1796 nbtempetantrs,

273 1808 398 1843 generosi
425 1808 541 1835 Athletae
573 1807 683 1842 iniquos
697 1807 871 1841 devicerunt;
888 1812 914 1834 te
925 1807 997 1834 enim
1013 1815 1060 1834 co-

273 1853 434 1887 adjntricem
452 1852 599 1884 habebant,
613 1859 675 1887 qum
703 1852 792 1879 salvas
816 1852 922 1879 animas
939 1857 1057 1885 nostras,

275 1907 292 1927 ο
306 1900 394 1935 puella
409 1907 505 1927 carens
518 1899 593 1927 omni
611 1899 717 1927 macula
729 1899 795 1934 (80).

313 1945 394 1980 179
407 1945 445 1973 Te
460 1950 587 1980 tanquam
614 1944 746 1972 mundum
772 1944 855 1979 Regis
880 1944 1021 1978 palatium,
1042 1953 1059 1972 ο

274 1992 350 2027 Virgo
367 1991 509 2023 inviolata,
536 1995 686 2025 martyrum
704 1995 793 2017 castus
821 1990 951 2018 invocans
973 1990 1058 2025 tripli-

274 2045 332 2064 cem
348 2036 519 2071 adjutricem,
532 2036 686 2063 daemonum
714 2035 844 2069 templum
872 2035 981 2069 dejecit,
995 2043 1058 2062 cum

275 2083 308 2110 iis
322 2082 368 2117 qui
386 2083 418 2110 ad
437 2082 568 2116 templum
582 2081 674 2116 gloria-
684 2088 831 2115 supernum
845 2081 968 2109 translati
983 2085 1058 2113 sunt,

274 2127 402 2154 laudibus
417 2131 444 2154 te
456 2134 563 2161 semper
581 2126 730 2154 honorans.
972 2127 973 2130 “

309 2172 462 2200 Fortissimi
485 2172 585 2199 milites
602 2172 760 2198 invocantes
776 2171 803 2198 in
830 2171 962 2198 auxilium
978 2172 1059 2207 virgi-

274 2226 336 2246 nem
350 2223 483 2250 sanctam,
511 2217 564 2244 Deo
581 2216 774 2250 gratissimam,
792 2224 823 2244 ac
845 2225 951 2244 suntme
963 2217 1058 2245 imma—

837 166 867 195 S.
888 164 1045 196 JOSEPHI
1065 165 1344 196 llYMNOGRAPHI

305 221 375 248 Olim
391 227 476 248 sacra:
491 227 581 249 voces.
596 225 690 255 partus
702 219 741 246 tui
754 219 968 254 profunditatem
989 228 1056 255 pr;t!-
1071 227 1094 252 Α

1825 169 1832 199 l
1839 167 1890 200 192

1151 220 1233 256 Ὶεραὶ
1257 220 1496 255 προκατήγγειλαν
1523 221 1605 248 πάλαι
1625 223 1713 255 φωναὶ
1738 223 1785 249 τοῦ
1812 225 1892 251 τόκου

1113 274 1160 293 σου
1175 266 1205 293 τὸ
1223 265 1315 301 βάθος,
1330 262 1368 293 ὧν
1382 266 1429 292 νῦν
1441 266 1568 297 emicat:
1582 267 1699 301 εἴδομεν,
1711 269 1839 303 ἀχραντε.

1144 352 1214 379 Νέον
1225 352 1263 385 ὡς
1274 353 1373 388 βρέφος
1388 355 1455 389 ἡμῖν
1464 354 1509 380 τὸν
1526 355 1688 389 προαιὼνιον
1703 356 1767 383 Υἱὺν
1781 357 1894 390 τέτοκας

1110 399 1265 433 θελητικαῖς
1298 399 1376 426 δυσὶν
1406 400 1557 435 ἐνεργείαις
1585 401 1743 436 ὑπάρχοντα
1769 402 1892 435 διπλοῦν,

1109 444 1251 480 ἄνθρωπον
1266 445 1325 479 ἃμα
1337 445 1404 472 Θεόν
1420 454 1461 477 τε,
1482 447 1645 481 πανάμωμε.

1150 490 1213 517 Ἐπὶ
1232 491 1261 517 σὲ
1275 491 1398 522 καταὸὰς
1417 492 1431 517 ὁ
1446 492 1569 526 οὐράνιος
1589 492 1692 527 ὄμϐρος
1708 494 1892 528 χερσωθεῖσαν

1107 535 1157 570 τὴν
1178 536 1241 570 γῆν,
1263 535 1436 570 ἀει-παρθενί,
1463 536 1626 571 θεογνωσίας
1651 538 1753 573 νάμασι
1789 547 1892 574 καταρ-

1108 580 1205 612 δεὺσας
1220 580 1372 616 πολυφόρον
1384 581 1493 614 ἔδειξεν.

1150 669 1245 695 ’Λΰλου
1262 669 1350 704 φωτὶς
1368 670 1525 705 οἰκητήριον
1542 671 1558 706 ἠ
1578 671 1611 706 σὴ
1631 672 1721 706 μήτρα
1734 672 1891 707 γεγένηται,

1107 715 1154 741 τοῦ
1172 715 1354 750 φρικτωρίαις
1367 715 1440 747 θείας
1452 716 1579 750 γνώσεως
1586 717 1638 752 τὴν
1650 717 1744 744 ἁθεΐαν
1756 718 1889 752 μειώσαν-

1106 769 1163 792 τος,
1178 761 1296 795 ἄχραντε
1315 761 1456 796 Θεόνυμφε
1472 763 1550 797 κόρη,
1566 763 1595 789 ὃν
1611 763 1758 797 ὑμνοῦντες
1772 765 1892 798 κραυγὰ-

1107 807 1190 842 ζομεν
1200 815 1208 822 ο
1222 807 1373 843 Εὐλογητὸς
1384 806 1420 840 et,
1428 809 1442 834 ὸ
1452 809 1517 840 Θεὸς
1531 810 1546 836 ὁ
1561 810 1615 836 τῶν
1626 810 1754 845 Πιτέρων
1767 811 1855 845 ἡμῶν.

1149 897 1182 924 Ἰε
1188 898 1293 934 ρωτάτη
1303 899 1451 934 προφητῶν
1463 907 1492 925 σε
1503 900 1659 935 προγράφει
1668 900 1784 935 ἀληθῶς,
1795 901 1891 935 σεμνὴ,

1108 943 1203 977 χορεία
1220 943 1391 979 ἀλατόμητον
1416 944 1489 979 ὅρος,
1516 945 1614 979 ῥάϐδον
1640 947 1685 972 καὶ
1700 945 1788 981 πύλην
1809 946 1842 972 δι’
1858 944 1892 981 ἦς

1107 988 1213 1024 διῆλθεν
1236 989 1273 1019 ὡς
1294 989 1364 1016 οἶδεν
1387 991 1401 1017 ὁ
1424 991 1566 1026 Ὗψιστος,
1589 992 1670 1018 πάλιν
1695 992 1892 1027 κεκλεισμένην

1108 1034 1192 1067 ἐάσας
1205 1044 1246 1068 σε,
1265 1036 1398 1071 Παρθένε.

1142 1123 1238 1159 Φέρεις
1261 1125 1307 1151 τὸν
1332 1125 1449 1162 φέροντα
1464 1126 1553 1153 πάντα
1573 1126 1651 1162 θεῖχῇ
1676 1125 1829 1162 δυναστείᾳ,
1845 1129 1893 1154 καὶ

1108 1171 1218 1205 τρέφεις
1236 1172 1268 1197 ἐκ
1293 1171 1387 1206 μαζῶν
1405 1173 1496 1198 πᾶσαν
1517 1173 1601 1208 πνοὴν
1624 1174 1669 1199 τὸν
1695 1173 1891 1208 διατρέφοντι,

1109 1216 1244 1250 πάναγνε·
1263 1216 1332 1252 ὑπὲρ
1355 1217 1416 1243 νοῦν
1432 1226 1478 1244 σου
1493 1218 1524 1244 τδ
1539 1217 1631 1253 θαῦμα
1653 1218 1784 1252 ἀγγέλους
1804 1227 1891 1245 κατα-

1108 1261 1226 1295 πλῆττον
1253 1262 1300 1288 καὶ
1329 1262 1440 1297 βροτοὺς
1459 1264 1522 1295 τοὺς
1546 1264 1588 1290 ἀεί
1615 1272 1644 1290 σε
1666 1262 1826 1298 ὑμνοῦντας,
1845 1264 1894 1289 καὶ

1109 1306 1184 1342 πόθῳ
1199 1307 1412 1343 μακαρίζοντας.

1115 1417 1162 1444 Ἐκ
1180 1419 1234 1446 τοῦ
1249 1419 1383 1452 Κανόνος
1398 1420 1441 1452 εἰς
1462 1419 1533 1452 τοὺς
1543 1420 1647 1454 ἁγίους
1655 1420 1808 1454 μάρτυρας
1825 1422 1889 1454 Τρό·

1126 1462 1228 1488 φιμον,
1244 1455 1405 1480 Σασὸάτιον
1423 1455 1472 1481 καὶ
1484 1455 1701 1489 Δορυμέδοντα,
1719 1455 1812 1490 ἡμέρᾳ
1830 1455 1872 1482 ιο’.

1144 1521 1323 1553 Φωτιστικαϊς
1354 1530 1400 1548 σου
1427 1522 1613 1557 πηγαζούσαις
1636 1523 1740 1558 χάρισι,
1761 1523 1894 1559 Θεοχαρί-

1109 1576 1189 1600 τωτε,
1212 1567 1284 1603 πύλη
1300 1568 1389 1602 φωτὸς
1405 1569 1485 1604 μόνη,
1503 1570 1528 1595 οι
1541 1570 1658 1603 γενναῖοι
1674 1569 1812 1604 μάρτυρες
1829 1578 1890 1603 φαι-

1110 1613 1182 1648 δρῶς
1216 1613 1452 1649 καταυγαζόμενοι
1480 1614 1510 1641 τὸ
1535 1614 1688 1650 βαθύτατον
1719 1615 1814 1646 σκότος
1838 1616 1894 1641 τῶν

1109 1661 1279 1688 ἀνυποίστων
1296 1662 1435 1689 κολάσεών
1459 1671 1489 1690 σε
1519 1663 1731 1699 ὺμνολογοῦντες
1756 1663 1891 1698 παρέδρα-

1111 1716 1171 1742 μον.

1145 1752 1325 1787 Νομοθεσεαις
1332 1754 1363 1780 ὲκ
1379 1753 1427 1781 σοῦ
1441 1754 1650 1790 σεσαρκωμένου
1662 1754 1798 1781 Δεσπότον
1814 1753 1891 1780 πειθ-

1109 1798 1266 1834 αρχοῦντες,
1286 1800 1477 1836 παναμώμητε
1502 1801 1581 1836 κόρη,
1605 1801 1631 1826 οἱ
1644 1802 1763 1834 γενναῖοι
1778 1800 1893 1835 ἀθληταὶ

1109 1845 1226 1880 ἀνόμους
1242 1845 1443 1881 ὲτροπῶσαντο,
1465 1846 1494 1873 σὲ
1511 1847 1640 1882 συνεργὸν
1656 1846 1695 1877 ὼς
1711 1846 1829 1881 ἔχοντες,
1844 1846 1894 1881 τὴν

1110 1890 1248 1921 σώζουσαν
1262 1892 1311 1924 τὰς
1324 1891 1412 1927 ψυχὰς
1428 1892 1517 1927 ὴμῶν.

1151 1935 1194 1967 Ὠς
1207 1936 1327 1971 καθαρὸν
1340 1937 1388 1964 τοῦ
1405 1938 1536 1972 βασιλέως
1551 1937 1683 1965 παλάτιόν
1700 1946 1729 1963 σε
1745 1936 1893 1972 μαρτύρων

1111 1981 1235 2018 σύστημα
1245 1983 1424 2019 τρισάριθμον
1435 1984 1643 2019 ἐπικαλούμενοι
1656 1983 1894 2019 βοηθδνηὴραντε

1110 2028 1244 2064 Παρθένε,
1259 2030 1338 2061 ναοὺς
1355 2030 1490 2064 δαιμόνων
1511 2030 1663 2065 ὴδάφησαν,
1680 2030 1728 2056 καὶ
1744 2029 1813 2064 πρὸς
1831 2028 1894 2054 ναὸν

1109 2075 1154 2102 τὸν
1177 2075 1233 2102 ἄνω
1254 2076 1439 2111 μετετέθησαν
1463 2077 1554 2111 δόξης,
1572 2077 1615 2103 ἀει
1630 2085 1659 2103 σε
1680 2077 1710 2103 ὲν
1730 2076 1833 2103 αἰνέσει
1847 2083 1894 2108 γε·

1110 2121 1260 2156 ραιροντες,

1145 2168 1201 2202 Τὴν
1214 2168 1296 2201 ἁγίαν
1312 2168 1460 2203 Παρθένον,
1473 2168 1523 2203 τὴν
1544 2169 1749 2204 Θεοχαρίτωτον
1761 2169 1810 2195 καὶ
1826 2179 1881 2196 παν

1110 2215 1260 2251 αμώμητον
1272 2217 1296 2242 oi
1313 2217 1420 2252 στερροὶ
1434 2217 1540 2243 ὁπλῖται
1556 2217 1596 2249 εἰς
1607 2217 1733 2252 βοήθειαν
1750 2218 1895 2244 ἐπικαλού-

274 2265 404 2298 culatam,
422 2268 621 2291 tormentorum
636 2267 782 2295 tum0rem,
803 2267 830 2290 ct
841 2270 931 2290 rerum
962 2263 1057 2291 diliici-

1111 2273 1186 2301 μενοι
1205 2264 1260 2291 τῶν
1282 2263 1405 2299 βασάνων
1426 2263 1509 2297 ὄγκον
1525 2264 1573 2290 καὶ
1589 2263 1644 2289 τῶν
1658 2263 1752 2290 δεινῶν
1773 2264 1823 2299 τὴν
1836 2273 1895 2299 τρι-

274 2311 339 2338 lium
370 2315 558 2345 tempestatem
593 2309 758 2336 inconcussa
787 2309 885 2337 utentis
915 2309 1057 2344 prudentia

275 2357 460 2392 pertransieru
465 2360 504 2383 ut.

317 2403 469 2430 Virtutibus
494 2410 526 2430 ex
555 2407 581 2429 te
610 2401 700 2429 missis
726 2401 846 2428 roborati
871 2401 985 2428 Athletae
1006 2401 1056 2435 tui,

312 2494 368 2530 (78)
390 2492 458 2520 Hinc
477 2497 552 2528 patet
635 2490 773 2526 Virginem
807 2490 936 2530 originali
956 2490 1060 2530 macula

275 2524 330 2558 non
346 2524 407 2556 esse
432 2524 641 2563 aspergendam,
656 2524 718 2553 cum
740 2525 909 2563 eam-tot_ies
924 2524 1061 2559 Josephus

275 2570 368 2592 noster
390 2564 418 2590 in
439 2559 491 2590 hoc
512 2559 604 2597 opere,
621 2562 675 2588 itno
698 2560 786 2588 omnis
808 2559 927 2597 Ecclesia
948 2565 1060 2597 sancto-

273 2609 347 2632 rum,
365 2598 462 2633 Sponsi
494 2595 586 2624 vocem
607 2597 732 2633 audiens,
753 2595 875 2633 concinit
899 2595 1059 2633 imtnacula:

276 2629 345 2666 tam,
368 2629 456 2668 inquit
474 2633 639 2668 Catherinus
660 2631 686 2658 in
711 2631 802 2658 'l‘ract.
830 2629 868 2656 De
893 2634 1009 2664 caucept.
1025 2630 1057 2657 ad

276 2670 380 2698 Svnod.
395 2667 518 2696 Trident.
534 2667 585 2695 sub
601 2667 694 2694 finem.

299 2699 368 2740 ’(79)
387 2703 531 2738 Quomodo
557 2700 891 2740 inunarutatab._Virgo
918 2706 981 2726 vere
1005 2699 1057 2740 dici

276 2734 369 2775 posset
393 2734 500 2767 summe
521 2737 703 2775 immaculata,
720 2736 862 2775 sifuisset
885 2742 948 2762 cum
973 2734 1058 2775 origi-

277 2769 332 2802 nali
350 2775 456 2801 macula
473 2772 625 2809 concepta?
636 2769 694 2798 Net?
719 2771 789 2809 valet
812 2770 912 2801 dicere,
928 2769 1000 2809 quod
1015 2770 1057 2796 di-

277 2816 354 2837 catur
368 2817 474 2836 summe
488 2807 672 2837 immaculata,
691 2806 761 2841 quod
775 2810 834 2840 post
852 2806 1055 2841 conceptionem

279 2844 360 2871 fuerit
388 2851 494 2871 summe
520 2842 661 2877 purilicata
684 2839 709 2868 ei
733 2839 784 2877 alr
804 2839 929 2874 originali
950 2839 1056 2877 macula

278 2879 408 2906 mundata
430 2888 436 2905 :
452 2875 527 2914 quia;
545 2885 606 2905 cum
633 2876 798 2912 praeteritum
824 2882 878 2902 non
896 2875 982 2909 possit
996 2881 1056 2901 esse

1111 2311 1213 2346 κυμιαν
1228 2310 1369 2345 ἀκλονήτῳ
1383 2309 1490 2345 διῆλθον
1505 2311 1670 2345 φρονήματι.

1145 2398 1330 2434 Νευρούμενοι
1346 2399 1407 2430 ταῖς
1422 2399 1454 2424 ὲκ
1469 2397 1516 2425 σοῦ
1534 2398 1758 2434 ἑκπεμπομέναις
1775 2398 1894 2433 δυνάμε-

1111 2498 1165 2518 ηοη
1195 2489 1375 2525 prteteritum,
1397 2496 1429 2525 ιιι
1456 2487 1602 2525 ΡεγΙιὶενξητ
1631 2496 1679 2523 per
1705 2487 1892 2518 Aristotelem.

1109 2523 1232 2560 sequitur
1260 2525 1366 2551 beatam
1397 2523 1533 2558 Virginem
1563 2523 1647 2550 fuisse
1676 2531 1745 2560 cum
1782 2529 1894 2558 peccato

1109 2559 1246 2595 originali,
1270 2563 1403 2595 perpetuo
1429 2564 1502 2587 esset
1527 2567 1633 2590 verum,
1659 2559 1731 2595 sicut
1758 2560 1840 2585 etiam
1868 2560 1894 2595 i_n

1108 2593 1418 2630 Magdalenaﬁemansit
1445 2601 1545 2630 nomen
1568 2594 1737 2630 peccatricis.
1767 2593 1895 2627 quamvis

1108 2629 1251 2664 puriticata
1268 2629 1348 2668 fuerit
1371 2637 1386 2656 a
1404 2629 1532 2668 peccatis,
1544 2636 1581 2668 _ne
1598 2629 1625 2655 in
1646 2633 1805 2664 perpetuum
1829 2636 1895 2655 cou-
1932 2655 1948 2667 Α

1108 2671 1239 2700 sequatur
1252 2664 1389 2700 aureolum
1406 2664 1576 2700 virginitatis.

1147 2698 1320 2735 {80)CumrS.
1334 2698 1690 2735 Josepltusﬁeiparmtteget
1709 2706 1818 2735 omnem
1834 2706 1894 2724 ma-

1111 2733 1211 2767 culam,
1223 2734 1332 2762 subhnc
1346 2735 1489 2768 negatione
1503 2733 1620 2769 generali
1636 2733 1672 2759 illi
1685 2734 1766 2760 etiam
1780 2740 1893 2765 negasse

1113 2771 1247 2797 maculam
1269 2769 1370 2804 peccati
1385 2769 1498 2804 originis
1511 2769 1575 2803 quis
1591 2769 1737 2799 inﬁcietur.
1754 2776 1817 2795 cum
1829 2775 1892 2801 prn-

1111 2805 1208 2839 positio
1234 2804 1406 2839 particularis
1436 2804 1592 2833 necessario
1620 2804 1776 2831 includatur
1802 2805 1828 2830 in
1849 2810 1893 2837 ge-

1111 2840 1212 2867 nerali'l
