2069 3159
195 185 265 218 1193

896 184 946 214 ΜΛ
952 183 1077 213 RIALE.

1739 178 1807 213 1195

196 250 239 269 σιν
261 241 287 268 ol.
302 239 457 277 ἀθλοφόροι,
474 239 586 277 Χριστὲ.
609 239 731 275 νομίμως
747 239 907 275 δνήϋλησαν,
926 239 975 275 τὴν

1032 237 1143 269 Christe,
1155 235 1274 271 legitime
1293 239 1475 268 certaverunt,
1502 235 1628 263 laudibus
1644 235 1810 268 celebrantes

197 287 283 324 ἁγνὴν
301 287 416 322 Μητέρα
438 295 485 314 σου
499 285 743 322 ἁνυμνολογοῦντες
764 285 928 321 ἁπορρἠως
947 293 977 311 σε

195 334 346 370 κυήσασαν.

236 379 411 415 Ύπάρχουσα
438 379 571 406 Δέσποινα
605 379 784 414 meapte-repet
810 378 900 412 πάσης
929 379 976 412 τῆς

195 426 311 457 κτίσεως
328 424 448 458 ὑπεδέξω
470 424 516 451 τὸν
534 425 620 458 Λόγον
641 425 674 451 ὲκ
699 424 747 451 σοῦ
769 425 897 460 ἀρρήτως
912 425 979 451 ἁπο-

194 472 363 507 τικτὸμενον,
378 470 409 497 ὃν
425 471 450 497 oi
468 471 588 504 γενναῖοι
600 470 768 509 ποθήσαντες
782 471 918 506 μάρτυρες
927 470 977 505 τὴν

195 518 250 545 τῶν
265 517 390 553 βασάνων
405 517 493 553 πυρὰν
505 516 736 553 ὲνεκαρτέρησαν.

230 605 300 633 Νέον
314 605 351 636 ὡς
367 605 467 641 βρέφος
479 605 594 637 τέτοχας
613 604 659 632 τὸν
674 604 764 640 Harp!
783 604 830 631 καὶ
843 603 882 639 τῷ
895 603 979 631 Ilvati-

197 659 278 685 ματι,
301 649 419 685 ἄκραντα
443 649 575 685 Παρθένε,
594 649 726 684 συμφυῶς
745 649 889 684 νοούμενον
912 649 979 684 Χρι-

197 696 270 728 στὸν,
289 695 335 721 τὸν
350 695 417 721 Θεὸν
433 694 521 730 ἡμῶν,
538 695 568 721 ὃν
582 695 607 721 οἱ
623 696 741 730 γενναῖοι
762 695 900 731 μάρτυρες
913 694 980 721 καθ-

195 740 389 776 ομολογοῦντες
403 740 485 776 ἱερῶς
499 740 651 773 ὲναθλοῧσιθ
666 741 726 776 μεθ’
738 738 775 768 ὧν
790 749 831 773 σε,
847 740 978 774 παναγία,

198 785 380 821 μακαρίζουσι
403 786 495 813 πίστει
515 786 587 820 λαοὶ,
614 786 706 820 φυλαὶ,
731 787 779 814 καὶ
801 786 924 821 γλῶσσαι
940 787 980 818 εἰς

196 833 300 863 πάντας
315 832 379 863 τοὺς
390 831 500 864 αἰῶνας.

230 876 354 910 diuidiae
367 886 398 904 σε
416 877 551 913 παρθένον
565 877 580 904 ὁ
594 878 626 905 ἑκ
640 877 694 905 τῶν
709 877 765 904 σῶν
780 877 922 909 ἀνατείλας
934 877 980 903 λα·

1029 283 1203 318 purissimam
1221 281 1333 309 Matrem
1363 286 1447 313 tuam,
1464 287 1525 316 qua:
1539 285 1565 308 te
1576 281 1748 309 ineii‘abiliter
1763 289 1810 317 ge-

1028 331 1098 358 nuit.

1062 377 1129 405 Cum
1145 384 1233 409 esses,
1247 385 1264 404 o
1276 375 1402 407 Domina,
1415 374 1511 410 purior
1526 373 1654 401 omnibus
1666 373 1809 406 creaturis,

1028 423 1174 458 suscepisti
1199 422 1329 454 Verbum,
1343 430 1376 449 ex
1394 425 1420 448 te
1432 420 1603 448 ineliabiliter
1618 424 1723 452 natum,
1738 419 1810 454 quod

1029 469 1152 506 generosi
1166 472 1300 504 martyres
1313 475 1375 495 cum
1392 466 1490 494 aiiectu
1507 465 1745 500 concupiscentes,
1756 470 1812 492 tor-

1029 519 1185 543 mentorum
1216 514 1405 550 probationem
1442 512 1576 547 patienter
1601 515 1812 546 constanterque

1029 561 1228 589 sustinuerunt.

1064 607 1205 642 Tanquam
1222 613 1322 633 novum
1337 604 1467 632 infantem
1480 603 1618 639 peperisti,
1632 610 1648 630 ο
1664 601 1747 638 Virgo
1763 603 1814 630 in-

1029 653 1141 692 violata,
1153 652 1293 680 Christum
1309 651 1393 679 Deum
1422 655 1559 682 nostrum,
1588 650 1636 686 qui
1654 650 1813 684 intelligitur

1029 697 1102 726 Patri
1123 706 1156 726 ac
1169 698 1282 733 Spiritui
1299 704 1427 725 coaevus:
1442 704 1523 732 quem
1539 697 1665 732 generosi
1682 701 1813 731 martyres

1030 743 1200 772 conﬁtentes.
1214 749 1322 770 sacrum
1347 745 1484 769 certamen
1506 741 1597 768 obiere
1611 749 1619 774 ε
1633 748 1694 768 cum
1714 741 1814 774 quibus

1029 787 1132 823 populi,
1147 787 1234 814 tribus
1244 793 1272 814 et
1292 786 1399 822 linguae,
1412 793 1474 813 cum
1488 785 1541 813 ﬁde
1549 790 1585 818 te,
1597 792 1614 813 ο
1628 785 1814 818 sanctissima,

1030 841 1078 868 per
1092 833 1220 860 universa
1234 832 1332 860 smeula
1352 832 1518 860 beatilicanl.

1066 878 1113 906 ille
1127 879 1173 914 qui
1199 883 1226 906 te
1253 878 1386 912 virginem
1406 877 1590 910 conservarit,
1604 885 1637 905 ex
1660 878 1715 905 tuis
1730 878 1816 906 visce-

196 924 294 958 γόνων,
310 924 460 960 ἀνέσπερος
484 924 522 956 ὡς
537 924 647 960 ἀληθῶς
664 924 750 959 ἣλιος,
768 923 900 959 Παρθένε,
915 924 978 955 τοὺς

1032 925 1107 952 ribus
1117 928 1238 957 exortus,
1252 928 1377 958 tanquam
1389 931 1451 950 vere
1461 924 1502 950 soi
1515 923 1688 956 inocciduus,
1696 930 1713 950 ο
1723 922 1814 959 Virgo,

196 970 315 1006 ἀθλητὰς
325 970 483 1006 περιφανῶς
493 970 663 1006 ἐλάμπρυνε,
674 970 906 1005 διηγωνισμένοι-ις
916 978 979 1006 καρ-

196 1016 324 1052 τερικῶς,
342 1016 402 1052 μεθ’
417 1012 454 1044 ὧν
474 1015 556 1043 αὑτὸν
571 1015 691 1042 δυσώπει
706 1016 779 1052 ἡμᾶς
793 1014 981 1050 κατοικτειρῆ-

197 1072 243 1091 σαι
257 1062 320 1095 τοὺς
333 1061 454 1095 suos“);
474 1070 504 1089 σε
521 1061 733 1097 μακαρίζοντας.

1033 971 1151 999 athletas
1176 977 1240 998 suos
1264 970 1395 1005 pramiare
1418 970 1576 1002 illustravit,
1591 969 1638 1004 qui
1655 969 1818 997 constantis-

1033 1017 1102 1045 sime
1124 1016 1330 1044 decertarerunt
1349 1023 1433 1043 :cum
1458 1015 1558 1051 quibus
1580 1016 1705 1044 eumdem
1720 1015 1816 1050 depre-

1032 1069 1105 1095 care,
1121 1066 1152 1089 ut
1167 1061 1331 1089 misereatur
1343 1061 1441 1093 nostri,
1465 1060 1512 1095 qui
1527 1065 1552 1088 te
1575 1060 1702 1096 religiose
1713 1068 1746 1089 ac
1773 1061 1818 1096 pie

1031 1107 1138 1135 beatam
1157 1107 1349 1143 praedicamus.

566 1162 606 1190 Ex
622 1161 728 1191 Conone
742 1163 770 1189 in
783 1166 903 1189 sanciunt
919 1161 1071 1190 Susunnam
1087 1163 1164 1198 (80‘),
1188 1162 1230 1189 die
1246 1162 1279 1190 l9
1293 1162 1454 1198 septembris.

231 1208 328 1237 Oriens
345 1208 411 1237 solis
432 1208 514 1241 illius,
538 1209 584 1243 qni
601 1216 683 1244 super
704 1213 832 1236 occasum
855 1208 981 1236 humanae

196 1260 300 1283 natura:
317 1258 396 1282 natus
409 1258 461 1287 est,
473 1261 568 1281 revera
587 1253 657 1281 facta
676 1261 716 1286 es,
732 1261 749 1281 ο
777 1252 903 1286 Domina,
932 1257 981 1288 per

196 1306 278 1335 quem
295 1298 344 1331 illi,
359 1299 406 1333 qui
424 1298 450 1326 in
465 1298 583 1327 tenebris
604 1303 631 1326 et
644 1298 671 1326 in
683 1297 778 1325 umbra
790 1300 978 1331 versabantur,

198 1345 323 1373 viderunt
337 1345 439 1372 lucem;

232 1390 307 1419 Urna
318 1391 453 1426 ﬁgurabat
472 1394 508 1422 te,
521 1397 538 1418 o
553 1394 627 1417 casta
654 1390 747 1426 Virgo,
764 1397 825 1425 qua:
851 1389 980 1425 intelligi-

196 1436 251 1464 bile
267 1442 367 1464 manna
385 1437 465 1472 180
476 1436 570 1469 tulisti,
585 1436 724 1464 Christum
736 1436 849 1469 scilicet,
861 1436 981 1464 dulcedi-

198 1490 259 1510 nem
275 1483 368 1510 mundi
385 1491 393 1509 :
409 1483 452 1510 cui
469 1482 602 1518 supplica,
620 1481 665 1509 Dei
675 1481 761 1509 Mater
772 1481 844 1517 (8i),
861 1487 890 1509 ut
901 1482 919 1509 ii
932 1481 980 1517 qui

197 1533 224 1556 te
236 1529 346 1556 assidue
363 1528 524 1564 gioriﬁeant,
543 1535 558 1555 a
572 1536 717 1565 pravarum
734 1527 907 1556 aiiectionum
923 1536 981 1556 ser-

197 1575 282 1602 vitute
295 1574 453 1602 liberentur;

233 1619 374 1647 Fortitudo
390 1623 451 1647 mea
470 1625 497 1648 et
507 1620 567 1647 latis
586 1627 646 1647 mea
666 1619 793 1647 Christus
812 1623 864 1651 est.
889 1619 934 1654 qui
948 1627 980 1647 ex

198 1670 234 1699 te,
251 1666 378 1701 Deipara,
391 1670 501 1693 exortus
521 1670 574 1697 est,
600 1665 693 1693 servili
721 1672 802 1693 carne
828 1665 982 1692 circumda-

197 1717 251 1745 tus,
266 1718 292 1740 et
307 1721 358 1741 nos
374 1721 388 1740 a
409 1713 541 1741 servitute
563 1712 664 1740 diaboli
689 1712 791 1748 eripuit
806 1716 916 1748 propter
933 1711 982 1739 bo-

197 1758 308 1786 nitatem
320 1760 410 1786 suam.

235 1804 442 1832 Sanctissimum
464 1803 596 1839 templum
623 1803 669 1831 Dei
687 1807 867 1839 agnoscentes
883 1807 920 1834 te.
935 1810 982 1831 s04

197 1850 249 1878 iam
264 1850 466 1878 immaculatam
486 1850 556 1885 (82),
571 1854 598 1877 et
613 1849 745 1877 creaturis
757 1849 884 1877 omnibus
898 1856 979 1884 supe-

197 1897 308 1929 riorem,
339 1896 426 1924 sacris
443 1901 470 1924 te
495 1895 608 1924 vocibus
625 1895 723 1923 merito
738 1895 844 1923 beatam
859 1895 979 1930 appella-

197 1949 270 1968 111118.

234 1985 379 2013 Dominum
397 1985 528 2019 universi,
547 1985 595 2021 qui
608 1992 640 2013 ex
656 1989 682 2013 te
704 1989 786 2013 natus
799 1983 851 2019 est,
865 1991 983 2013 exorans

233 2050 497 2088 (BQ‘LDesideratpr
510 2052 537 2088 in
552 2051 663 2088 Menaeis
679 2051 828 2088 impressis,

233 2081 343 2122 istm
358 2085 437 2115 titulo
452 2081 500 2114 Det
512 2087 607 2114 Matris
626 2081 875 2114 solide'admodum
903 2085 982 2122 colli-

197 2121 327 2184 gamus.
355 2122 491 2157 Virginem
514 2122 573 2150 sine
587 2122 728 2156 'originaiis
743 2122 854 2184 ἕξει-ιιιί
874 2121 981 2148 macula

211 2159 284 2184 uisse
305 2163 480 2184 conceptam:
495 2164 568 2184 nam.
590 2161 620 2184 ut
641 2157 730 2184 inquit
765 2177 772 2183 .
798 2156 981 2184 Bernardinns

211 2159 290 2190 uisse,
305 2156 480 2191 conceptam;
495 2164 568 2189 nam,
590 2161 620 2184 ut
641 2157 730 2191 inquit
743 2156 772 2184 S.
798 2156 982 2184 Bernardinns

199 2192 329 2223 Senensis
344 2191 426 2224 serm,
442 2192 477 2219 49
496 2192 529 2219 de
543 2198 637 2219 amore
659 2191 778 2226 glorioso
794 2199 827 2218 ex
840 2191 982 2218 Bartholo—

1033 1209 1191 1244 deprecare,
1204 1216 1220 1236 ο
1234 1209 1399 1241 castissima,
1414 1216 1464 1244 pro
1476 1208 1565 1237 servis
1576 1208 1641 1242 tuis,
1658 1213 1688 1236 ut
1698 1209 1733 1237 ab
1743 1210 1816 1238 omni

1033 1254 1197 1282 adversitate
1210 1261 1242 1281 ac
1253 1253 1371 1288 pernicie
1383 1254 1544 1287 liberentur,
1557 1254 1622 1282 dum
1638 1259 1665 1283 te
1680 1254 1818 1291 Virginem

1032 1298 1146 1327 Matrem
1161 1299 1326 1327 eollaudant.

1068 1343 1090 1371 Δ
1105 1344 1290 1372 damnationis
1315 1344 1433 1372 vinculis
1448 1344 1555 1373 solutus
1579 1351 1652 1379 sum,
1664 1349 1692 1373 et
1706 1353 1721 1373 a
1736 1345 1820 1374 male-

1033 1389 1151 1418 dictione
1166 1398 1213 1426 per
1230 1394 1338 1425 partum
1354 1394 1441 1424 tuum,
1468 1397 1484 1418 ο
1494 1391 1645 1419 castissima
1659 1391 1818 1425 benedicta;

1032 1437 1090 1464 sola
1103 1437 1176 1464 eniln
1189 1437 1216 1464 in
1236 1438 1306 1464 terra
1323 1436 1378 1463 Deo
1393 1443 1494 1471 corpus
1504 1436 1602 1465 dedisti
1617 1444 1649 1464 er
1662 1437 1739 1472 puris
1751 1445 1818 1466 san-

1032 1483 1160 1519 guinibus
1176 1483 1240 1515 tuis,
1255 1490 1272 1510 ο
1285 1482 1551 1510 immaculatissitna.

1068 1529 1257 1558 Lueidissimis
1279 1530 1471 1565 splendoribus
1496 1530 1550 1557 tuis
1569 1529 1728 1559 illuminasti
1744 1535 1818 1558 tene-

994 1578 1016 1608 α
1032 1575 1170 1603 bricosnm
1189 1582 1237 1602 cor
1258 1582 1362 1606 meum.
1378 1582 1395 1602 o
1406 1573 1499 1609 Virgo,
1523 1582 1585 1609 qua:
1603 1575 1631 1602 in
1646 1581 1717 1602 terra
1734 1576 1818 1603 solem

1034 1619 1174 1648 Christum
1189 1620 1328 1655 peperisti,
1342 1620 1385 1648 eui
1401 1620 1542 1655 psallimus
1557 1627 1686 1656 semper:
1703 1620 1820 1649 Benedi-

1033 1671 1095 1694 etus
1103 1671 1146 1694 est
1154 1667 1225 1694 Deus
1243 1671 1351 1702 patrum
1366 1671 1534 1694 nostrorum.

1068 1711 1137 1741 Cum
1156 1712 1358 1740 divinissimnm
1373 1711 1491 1740 Verbum
1502 1716 1604 1740 castam
1620 1717 1646 1741 te
1658 1714 1740 1741 etiam
1757 1719 1820 1750 post

1034 1761 1143 1794 partum
1175 1761 1377 1791 conservasset,
1410 1761 1443 1785 ex
1457 1762 1494 1790 te,
1507 1765 1524 1785 ο
1538 1758 1678 1791 inviolata,
1695 1767 1756 1787 cum
1767 1761 1820 1788 du-

1034 1803 1097 1839 plici
1114 1807 1222 1835 natura,
1253 1807 1336 1838 atque
1364 1804 1521 1839 operatione
1547 1805 1695 1839 processit;
1723 1813 1820 1841 quam.

1032 1850 1125 1878 obrem
1140 1854 1167 1877 te
1184 1852 1312 1884 tanquam
1324 1849 1382 1885 ejus
1393 1849 1505 1878 Matrem
1520 1851 1713 1886 gloriﬁcamus.

1069 1895 1142 1923 Luee
1160 1899 1206 1923 tua
1229 1894 1337 1922 illustra
1361 1902 1444 1928 me,o
1459 1900 1545 1928 casta,
1558 1897 1605 1930 qui
1621 1897 1649 1924 in
1665 1897 1747 1932 hujus
1758 1898 1819 1926 vita

1034 1942 1114 1969 nocte
1125 1940 1362 1973 eaeeitateiaboro,
1381 1947 1414 1968 ac
1443 1939 1571 1969 ductibus
1585 1941 1673 1976 iactor
1690 1947 1818 1977 peceato-

1035 1993 1116 2020 rum,
1132 1993 1149 2014 ο
1162 1985 1278 2013 Domina
1308 1990 1413 2020 sancta,
1441 1991 1518 2021 porta
1535 1986 1604 2015 lucis
1630 1987 1817 2023 intelligibilis.

1054 2057 1210 2089 raeservata,
1225 2061 1258 2081 eo
1276 2052 1347 2089 quod
1362 2053 1412 2080 i'nit
1430 2054 1543 2089 praevisa
1555 2062 1615 2083 esse
1630 2054 1714 2083 Mater
1728 2054 1787 2084 Dei.
1805 2065 1815 2082 ι

1058 2089 1082 2115 ic
1094 2088 1147 2115 ille.
1166 2088 1310 2124 Et_rneriio
1327 2088 1449 2124 quidem,
1465 2097 1526 2116 nam
1545 2095 1573 2117 ut
1593 2090 1620 2117 in
1639 2091 1770 2124 opusculo
1786 2093 1819 2118 dc

1035 2122 1159 2159 goncept.
1195 2122 1229 2151 Β.
1247 2122 1376 2159 Virginis
1390 2123 1452 2151 libr.
1480 2125 1506 2157 i,
1537 2124 1627 2159 inquit
1656 2122 1817 2154 Ambrosius

1034 2157 1223 2196 Qatharinus:
1247 2157 1316 2196 ζ)υηὶ
1344 2159 1403 2194 ipse
1427 2166 1534 2196 meeum
1560 2157 1652 2187 animo
1668 2165 1695 2196 et
1716 2161 1818 2196 cogita-

1035 2194 1108 2220 tione
1122 2194 1301 2230 contemplor,
1314 2201 1403 2230 quam
1424 2195 1525 2229 grande
1542 2199 1569 2222 et
1587 2194 1763 2230 magniﬁcum
1780 2197 1818 2224 sit

199 2230 260 2254 i'neo
272 2226 384 2254 Siculo:
403 2235 413 2252 ι
429 2226 599 2264 Credendnm
615 2225 672 2259 est,
680 2226 752 2261 quod
776 2226 862 2264 voluit
874 2233 982 2264 sumere
998 2225 1020 2253 D
1033 2229 1094 2264 esse
1115 2225 1248 2255 excelsam
1275 2225 1501 2257 Dei'Genitr'icem
1519 2238 1526 2256 :
1546 2235 1602 2257 tum
1623 2225 1705 2264 q'uam
1721 2229 1773 2258 vile
1790 2237 1818 2258 et

198 2270 307 2289 carnem
324 2269 355 2288 es
386 2268 477 2296 carne?
489 2261 647 2296 purissima,
668 2260 697 2289 et
717 2262 788 2296 quod
810 2261 882 2296 ejus
897 2260 981 2288 Mater

198 2298 282 2324 fuerit
295 2297 438 2331 plusquam
469 2294 525 2323 Eva
536 2301 562 2323 et
580 2296 678 2329 Adam,
696 2294 744 2331 qui
773 2294 855 2324 creati
872 2294 981 2323 [uerum

199 2332 258 2359 sine
290 2338 402 2365 peccato
433 2331 569 2366 originali.
600 2340 611 2357 ι
641 2331 824 2358 Bernardinus
855 2331 919 2358 item
950 2331 982 2357 de

198 2366 282 2393 Busto
292 2366 319 2393 in
333 2365 443 2393 Mariuli
465 2365 548 2393 set'm.
564 2366 582 2393 2
601 2366 635 2401 de
658 2367 782 2401 concepi.
798 2366 825 2393 in
852 2365 910 2401 ﬁne,
923 2365 980 2393 ait:

192 2402 283 2437 «Cum
300 2408 395 2437 omnes
421 2401 532 2437 credant
555 2401 586 2437 ii,
612 2400 750 2437 Virginem
761 2401 871 2437 Mariam
894 2400 982 2437 luisse

201 2436 325 2463 idoneam
347 2435 459 2463 Matrem
477 2436 533 2467 Dei,
546 2436 645 2463 debent
661 2435 750 2463 'etiam
771 2436 879 2463 credere
893 2435 980 2470 ipsam

200 2471 286 2498 fuisse
298 2471 446 2498 immunem
462 2471 497 2497 ab
521 2471 596 2498 omni
613 2470 672 2505 labe
687 2471 800 2505 peccati,
816 2470 880 2505 quia
904 2471 982 2505 aliter

199 2513 255 2533 non
273 2505 368 2533 fuisset
378 2513 497 2540 congrua
513 2505 598 2540 Mater
613 2503 723 2540 Christi.
734 2515 743 2530 ι
764 2503 901 2532 Consonat
917 2504 982 2531 Bar-

201 2541 354 2567 thoiomeus
377 2538 494 2568 Pisanus
503 2539 542 2568 De
553 2539 628 2566 laud.
649 2540 681 2567 Β.
700 2538 730 2567 ι’.
752 2540 840 2567 fructu
869 2539 895 2572 7,
916 2540 980 2566 dum

199 2575 296 2602 scribit
312 2584 320 2602 ι
336 2584 345 2601 ι
366 2575 425 2602 Non
444 2576 495 2602 fuit
507 2575 669 2603 conveniens
687 2575 798 2602 Matrem
819 2574 866 2602 Dei
894 2574 982 2602 addici

200 2610 282 2636 morti
294 2610 413 2637 aiternali
428 2617 478 2645 pro
492 2617 653 2645 quacunque
676 2617 802 2637 mensura
817 2617 824 2636 :
840 2617 905 2645 ergo
926 2609 982 2635 ori-

200 2645 282 2679 ginali
292 2646 389 2673 caruit.
404 2641 467 2672 lteni
489 2641 617 2672 Christus
626 2641 705 2680 elegit
719 2645 828 2672 Matrem
853 2641 981 2680 incorru-

221 2685 276 2707 tam
301 2681 490 2715 corporaliter,
507 2687 591 2715 quare
620 2685 647 2707 et
665 2679 854 2715 spiritualiter.
882 2688 892 2706 ι
915 2679 979 2706 Item

216 2722 317 2743 oannes
333 2715 455 2751 Vigerius
478 2716 619 2750 theologus
640 2715 833 2751 Dominicanus
859 2715 885 2751 in
910 2715 981 2751 libro

201 2750 401 2778 [institutionum
418 2751 505 2785 rapite
522 2751 555 2777 de
578 2755 687 2785 peccato
710 2750 833 2785 originali
861 2750 888 2777 in
900 2750 981 2785 hunc

201 2785 310 2812 modum
336 2784 470 2820 loquens:
494 2796 502 2811 I
528 2785 557 2812 Si
570 2784 686 2819 dicatur,
713 2784 784 2820 quod
812 2784 879 2812 Diva
899 2784 981 2818 Virgo

201 2827 254 2855 non
267 2820 360 2847 habuit
381 2825 520 2854 peceatum
536 2822 676 2855 originale,
690 2822 752 2848 licet
767 2820 931 2855 processerit
947 2820 981 2846 ab

199 2854 284 2881 Adam
312 2855 462 2882 secundum
485 2854 617 2883 rationein
646 2854 814 2887 seminatém,
834 2855 980 2882 dicendum

200 2893 253 2923 est,
264 2890 334 2924 quod
352 2891 409 2924 ipsa
426 2892 484 2917 sola
509 2891 619 2925 speciali
645 2891 730 2926 gratia
741 2893 877 2926 praeventa
891 2889 942 2917 luit
953 2894 980 2918 et

299 2935 435 2966 Ριτιιοι..
453 2936 512 2966 (in.
528 2936 588 2967 CV.

1035 2262 1174 2300 indignum
1189 2264 1339 2300 emnputari
1351 2264 1402 2300 sub
1423 2264 1527 2291 macula
1546 2269 1572 2292 et
1596 2262 1681 2300 fetore
1702 2266 1816 2300 peccati,

1033 2303 1061 2325 et
1073 2298 1125 2334 sub
1146 2298 1195 2334 ira!
1209 2297 1419 2334 omnipotentis,
1455 2306 1552 2333 magna
1579 2297 1709 2334 profecto'
1725 2297 1816 2329 dissoé

1035 2333 1128 2369 nantia
1142 2332 1299 2369 _oli'_endor{
1326 2334 1378 2368 pia:
1406 2334 1488 2369 enim
1503 2332 1595 2369 ’au‘re's
1619 2335 1815 2369 cacophouiam

1034 2367 1114 2402 istam
1140 2367 1217 2394 facile
1232 2364 1362 2400 sentiunt,
1379 2374 1440 2395 eum
1463 2368 1526 2396 hinc
1543 2364 1654 2396 Matrem
1673 2364 1731 2402 Usi,
1754 2370 1816 2398 inde

1034 2401 1108 2428 illam
1118 2402 1203 2436 ipsam
1215 2402 1266 2429 sub
1275 2402 1314 2429 ira
1325 2402 1498 2434 Dei,audinnt
1507 2404 1570 2431 hinc
1581 2409 1689 2432 rursum
1701 2401 1816 2433 matrem

1035 2436 1093 2475 _I)_ei,
1103 2437 1165 2475 inde
1180 2437 1231 2464 sub
1248 2437 1345 2475 fece‘et
1360 2438 1445 2475 i_'etore
1466 2438 1753 2475 peceati.Noquevero
1763 2441 1815 2469 dl-

1035 2472 1274 2510 bito,si_seetarum
1285 2471 1427 2510 aﬂ'ectione
1437 2471 1552 2510 semota,
1569 2471 1651 2502 etiam
1667 2476 1784 2510 vosipai,
1799 2484 1817 2503 ο

1035 2506 1217 2534 amantissimi
1237 2506 1344 2540 fratres,
1361 2507 1388 2535 in
1415 2508 1546 2536 cordibus
1556 2509 1655 2537 Vestris
1676 2506 1740 2538 rem'
1754 2506 1814 2538 eam

1036 2541 1205 2577 tranquillius
1213 2543 1375 2574 tractaretis,
1386 2543 1480 2577 praeui
1489 2543 1573 2571 dubio
1586 2545 1656 2572 hanc
1670 2545 1815 2572 absurdam

1034 2576 1232 2612 dissonantiam
1248 2576 1396 2605 sentiretis;
1411 2577 1445 2606 At
1456 2578 1521 2612 quia
1538 2587 1611 2607 nunc
1623 2580 1815 2612 magistrorum

1035 2611 1229 2648 traditionibus
1262 2612 1372 2648 addicti,
1398 2611 1481 2648 atque
1508 2613 1611 2642 ideirco
1629 2611 1699 2641 male
1727 2614 1816 2642 aﬂ'eeti

1035 2650 1100 2687 sunt
1121 2646 1243 2687 quidam,
1262 2647 1300 2673 nil
1317 2648 1414 2687 mirﬂum
1471 2656 1486 2687 ξ
1503 2657 1542 2687 re,
1552 2649 1727 2687 quantumvis
1738 2649 1818 2687 absug

1035 2685 1080 2712 ha,
1104 2687 1159 2707 non
1184 2682 1336 2715 patiuntur.
1358 2682 1435 2716 Quod
1460 2684 1482 2711 si
1506 2682 1576 2711 forte
1598 2689 1650 2710 no’n
1678 2684 1714 2710 ita
1745 2684 1816 2711 beati

1034 2716 1215 2749 quorumdam
1231 2717 1312 2750 oculi,
1334 2722 1364 2745 ut
1383 2719 1440 2745 haec
1459 2718 1576 2750 videant,
1591 2718 1686 2745 saltem
1706 2725 1740 2745 ne
1763 2719 1819 2746 sint

1034 2757 1164 2786 nequam,
1183 2755 1212 2777 ut
1224 2751 1277 2782 his,
1292 2752 1339 2786 qui
1353 2753 1453 2786 vident,
1469 2753 1616 2780 invideant.
1632 2752 1678 2780 Sic
1689 2752 1746 2780 ille.

1070 2785 1278 2822 (δὴνρυιιιρει
1303 2785 1445 2822 Deiparam
1471 2788 1556 2814 solam
1573 2794 1634 2814 esse
1655 2787 1817 2815 immacula-

1034 2824 1101 2858 tam,
1112 2821 1163 2847 nisi
1180 2821 1265 2848 solam
1293 2821 1490 2858 sincioriginali
1517 2823 1626 2858 macula
1640 2823 1814 2858 conceptam?

1035 2855 1072 2891 ita
1089 2859 1118 2891 ut
1135 2863 1197 2883 cum
1215 2857 1304 2884 ceteri
1320 2855 1421 2885 omnes
1439 2856 1562 2891 concepti
1581 2856 1608 2884 in
1622 2855 1734 2890 peccato
1753 2856 1814 2885 ius»

1034 2890 1100 2925 rint,
1111 2890 1169 2926 ipsa
1182 2892 1241 2920 sola
1257 2897 1386 2928 concepta
1406 2890 1486 2920 fuerit
1502 2890 1562 2919 siue
1574 2891 1639 2918 illo!

1598 2937 1640 2969 30
