2069 3159
226 161 297 194 1205

911 161 1092 192 MARIALE.

1771 157 1841 190 1206

223 220 406 255 Θεογιννῆτορ
420 220 538 255 ἄχραντε
548 228 555 234 ·
569 219 611 247 διδ
626 220 760 256 Χαριτίνη
775 220 919 255 ποθήσασα
933 229 1003 256 παρ-

1055 219 1107 247 trir
1126 219 1256 247 inviolata
1274 228 1281 246 :
1297 222 1438 254 propterea
1459 218 1602 246 Cbaritina
1614 217 1734 254 virgineo
1750 225 1843 245 amore

219 267 333 300 οενικῶς
347 267 435 294 ὀπίσω
450 275 497 293 σου
512 266 551 302 τῷ
563 267 602 301 σῷ
617 266 675 302 Υίῴ
696 267 962 303 προσαπενήνεκται.

255 314 311 348 Τὴν
332 313 417 348 μόνην
438 314 467 340 ὲν
490 313 614 347 γυναιξὶν
635 312 823 348 εὐλογημένην
851 321 891 346 σε,
918 313 999 348 ἁγνὴ,

220 359 373 394 στέργουσα
393 360 453 390 σαῖς
471 357 588 392 ἀγαθαῖς
617 358 711 394 χάρισι
738 358 842 394 μάρτυς
867 358 1001 394 Χαριτίνη

217 405 385 437 δεδόξασται.

252 450 465 485 Σωματούμενον
488 450 606 484 ὲκύησας
619 449 686 477 Θεὸν
699 449 796 484 Λόγον,
813 449 999 485 Θεογεννῆτορ

217 496 348 531 ἄχραντε,
364 496 393 523 ὃν
406 497 422 530 ἡ
435 496 568 531 Χαριτίνη
583 496 734 531 στέργουσα
749 496 917 531 θερμότατα,
931 496 1002 532 ’πνρὶ

218 541 381 574 ἀντετάξατο
398 541 446 568 καὶ
462 541 616 569 πολυειδέσι
628 539 838 576 στρεϐλώσεσιν.

253 628 326 660 Νοῦς
340 629 462 664 βρότειος
486 627 536 665 τὴν
551 628 601 664 σὴν
622 628 691 665 ὑπὲρ
701 628 808 656 ἔννοιαν
822 629 956 665 σύλληψιν
970 631 1001 658 οὐ

217 675 329 702 δύναται
349 675 485 710 ἐννοῆσαι,
505 675 725 711 Μητροπάρθενε
748 676 834 711 κόρη·
862 675 930 704 Θεὸν
947 675 1002 712 γὰρ

217 720 389 755 ἁπεκύησας.
432 714 434 716 ’

259 766 348 801 ἰα’χὺν
371 774 403 792 σε
422 765 572 801 εὑραμένη,
591 766 725 802 Παρθένε,
754 769 802 795 καὶ
830 770 969 805 στήριγμα
984 770 1001 805 ἡ

218 812 364 847 Χαριτίνη,
380 811 498 843 αίκίσεις
524 812 666 847 καρτερῶς
680 814 843 849 προσφέρει,
869 816 917 842 καὶ
941 815 1002 851 xui-

220 857 304 893 ρουσά
334 865 380 884 σου
407 857 495 883 ὀπίσω
521 857 560 892 τῷ
587 857 642 885 τῶν
664 858 734 886 ὅλων
765 861 888 897 Δεσπότῃ
914 870 1001 897 προσ-

218 903 326 937 άγεται.

254 949 375 985 Παρθένε
396 950 476 986 μόνη,
491 952 539 978 καὶ
553 951 676 987 καθαράν
688 961 718 979 σε
729 952 778 979 καὶ
793 953 934 988 ἀκήρατον
952 953 1002 980 Δό-

218 1005 266 1030 γος
282 996 401 1032 καθαρὸς
418 998 556 1032 ἠγάπησε,
571 998 618 1025 καὶ
632 1000 664 1026 ἐκ
678 999 726 1025 σοῦ
743 999 914 1026 ἁνεπλάσατο
936 1008 1004 1035 σαρ-

219 1042 352 1078 κούμενος
371 1043 430 1071 ὅλον
448 1044 494 1072 σὺν
515 1044 669 1080 ἄνθρωπον,
684 1046 699 1072 ὁ
719 1046 870 1081 Χαριτίνην
887 1045 1003 1078 δοξάσας

221 1097 268 1116 σου
279 1090 335 1122 τοῖς
347 1089 476 1125 θαύμασι.

255 1147 361 1183 Ὠφθης
379 1147 520 1183 ὐπερτέρα
543 1146 665 1183 οὐρανῶν
691 1147 757 1176 Θεδν
784 1148 909 1184 οὐράνιον
933 1149 1002 1175 ἀπο-

219 1193 345 1229 κυήσασα
364 1194 413 1220 τδν
426 1193 630 1230 οὐρανώσαντα,
648 1194 781 1228 πάναγνε,
803 1195 929 1229 γηγενῶν
943 1195 1003 1222 ὅλον

218 1239 250 1265 τὺ
270 1239 396 1275 φύραμα,
413 1239 460 1266 καλ¹
473 1239 621 1274 Χαριτίνης
632 1239 683 1273 τὴν
696 1238 799 1274 σεπτὴν
815 1239 925 1276 μνήμην
942 1248 1004 1275 φαι-

217 1284 361 1320 δρύναντα,
374 1281 397 1318 ᾧ
416 1284 532 1320 βοῶμεν·
549 1284 641 1311 Πάντα
655 1285 690 1312 τὰ
702 1284 770 1320 ἔργα
785 1285 901 1320 Κυρίου,
925 1285 1002 1312 εὐλο-

217 1331 291 1364 γεῖτε
305 1331 352 1357 τδν
370 1331 472 1367 Κύριον

253 1376 313 1408 Φῶς
330 1377 396 1412 ἡμῖν
417 1376 538 1405 ἀνέτειλε
563 1378 670 1413 μήτρας
695 1376 725 1410 ἐξ
747 1376 929 1412 ἀπειράνδρου
945 1385 1002 1410 σου,

220 1421 354 1457 Παρθένε,
363 1420 392 1450 οὖ
402 1424 462 1455 ταῖς
472 1423 659 1459 φρυκτωρίαις
669 1421 770 1454 ὲνθέως
784 1422 1003 1456 καταυγασθεῖσα

219 1467 277 1500 φῶς
292 1467 477 1503 ἐχρημάτισεν
488 1469 505 1503 ή
518 1468 567 1502 τῆς
578 1467 665 1503 χαρᾶς
679 1465 832 1502 ἐπώνυμος,
849 1466 1004 1501 Θεοκυῆτορ

219 1510 354 1547 ἀπειρόγα
358 1521 403 1548 με.

1053 272 1186 293 succensa
1206 268 1267 300 post
1282 269 1308 292 te
1323 265 1355 292 ail
1373 264 1471 291 Filium
1487 269 1563 291 tuum
1577 264 1694 291 adducta
1711 268 1763 291 est.

1088 309 1127 338 Te
1142 310 1239 343 solam,
1266 313 1382 343 ocasta,
1407 309 1479 337 inter
1505 310 1634 337 mulieres
1659 310 1841 340 benedictam,

1051 355 1191 384 Charitina
1204 362 1307 393 martyr
1319 363 1486 393 prosequens
1498 364 1605 390 amore,
1619 357 1712 392 gratiis
1727 356 1781 384 tuis
1793 357 1842 384 bo-

1051 401 1095 428 nis
1111 401 1262 436 gloriﬁcata
1275 407 1329 435 est,

1087 445 1294 482 lncorporatum
1315 447 1398 475 Deum
1415 447 1533 475 Verbum
1550 447 1689 482 peperisti.
1701 455 1718 474 ο
1731 446 1777 474 Dei
1796 455 1842 482 ge-

1053 492 1137 519 nitrix
1165 492 1293 527 illibata;
1327 500 1409 528 quem
1450 492 1591 520 Charitiua
1645 493 1844 520 ferventissime

1052 544 1163 570 amans,
1182 537 1283 573 ignem,
1297 545 1330 565 ac
1347 541 1483 565 tormenta
1508 537 1686 565 multiformia
1701 538 1844 572 pugnando

1053 583 1203 618 superavit.

1085 629 1299 666 Conceptionem
1334 634 1409 658 tuam
1434 631 1509 658 omni
1522 631 1689 665 cogitatione
1717 630 1842 664 superio-

1052 682 1124 708 rem,
1145 682 1199 702 non
1220 679 1310 711 potest
1339 677 1459 703 humana
1490 683 1567 703 mens
1579 676 1701 711 assequi,
1724 684 1742 703 ο
1756 681 1843 702 mater

1055 721 1136 757 Virgo
1152 721 1242 756 puclla
1257 730 1264 755 ;
1281 721 1365 749 Deum
1381 722 1453 749 enim
1466 722 1606 757 peperisti.

1086 767 1155 794 Cum
1177 771 1218 801 te,
1240 775 1257 794 o
1285 766 1378 802 Virgo,
1398 768 1481 795 robur
1505 775 1585 795 suum
1601 775 1633 795 ac
1655 767 1841 795 fulcimentum

1052 812 1192 840 Cltaritina
1204 813 1362 850 invenisset,
1376 814 1511 841 constanti
1533 813 1625 840 animo
1637 814 1751 848 laetoque
1766 813 1842 840 vultu

1053 857 1158 893 ﬂagella
1174 858 1320 892 sustinuit;
1333 863 1360 886 et
1376 864 1437 894 post
1451 863 1478 887 te
1493 859 1528 886 ad
1541 859 1732 887 universorum
1745 858 1841 886 Domi-

1019 892 1041 923 Β
1055 892 1121 931 num
1141 904 1258 932 adducta
1270 909 1322 932 est.

1081 948 1106 977 0
1124 949 1206 984 Virgo
1228 949 1385 985 singularis,
1411 950 1530 978 Verbum
1547 957 1645 986 purum
1664 955 1691 978 te
1706 958 1803 985 purum
1816 958 1843 977 et,

1054 996 1241 1032 incorruptam
1253 997 1348 1024 dilexit
1363 1001 1387 1024 el
1404 1005 1438 1024 ex
1454 1002 1479 1025 te
1494 998 1666 1025 incantatam
1680 997 1841 1024 ru-l‘nrmavit

1054 1045 1142 1068 totum
1165 1041 1304 1069 hominem
1317 1049 1326 1075 ;
1340 1045 1367 1069 et
1377 1041 1546 1069 Charitiuatn
1561 1042 1702 1070 miraculis
1713 1042 1770 1069 tuis
1785 1043 1843 1078 glo-

1053 1086 1182 1114 rilicavil.

1091 1141 1239 1171 Sublimior
1256 1145 1332 1172 caelis
1349 1144 1509 1180 apparuisti,
1525 1144 1609 1172 Deum
1619 1145 1691 1172 enim
1703 1146 1841 1173 coalestem

1054 1189 1194 1224 peperisti,
1208 1196 1225 1217 ο
1241 1190 1405 1222 castissima,
1419 1190 1464 1224 qui
1475 1190 1630 1217 universam
1642 1190 1840 1224 terrigenarum

1054 1240 1175 1262 massam
1193 1234 1366 1268 cwlilieavit;
1384 1240 1411 1263 et
1426 1234 1607 1262 venerandam
1627 1235 1774 1262 Charitinm
1785 1242 1842 1262 me-

1054 1280 1169 1307 moriam
1195 1281 1275 1316 190
1298 1281 1458 1312 illustravit;
1493 1280 1525 1307 ad
1557 1287 1636 1314 quem
1666 1281 1840 1308 clamamus:

1053 1323 1151 1352 Omnia
1163 1330 1244 1360 Opera
1266 1324 1383 1359 Domini,
1401 1325 1552 1353 benedicite
1575 1325 1728 1352 Dominum.

1090 1370 1147 1398 Lux
1179 1372 1257 1399 nobis
1285 1377 1380 1399 exorta
1395 1377 1436 1399 est
1449 1379 1481 1398 ex
1502 1371 1641 1405 impolioto
1658 1376 1733 1398 utero
1750 1376 1808 1404 tuo,
1825 1379 1842 1398 ο

1055 1416 1137 1452 Virgo
1148 1416 1195 1444 Del
1210 1416 1295 1445 Mater
1311 1418 1401 1445 nescia
1412 1417 1475 1450 viri,
1495 1417 1574 1452 cujus
1589 1417 1780 1452 splendoribus
1797 1418 1841 1444 di-

1055 1463 1120 1489 vine
1152 1463 1281 1490 in‘adiata
1306 1463 1353 1490 lux
1372 1463 1443 1491 facta
1458 1467 1499 1490 est
1515 1463 1571 1495 illa,
1584 1472 1644 1498 qua:
1655 1471 1670 1490 a
1681 1463 1780 1498 gaudio
1791 1471 1841 1491 no-

1055 1515 1116 1535 men
1133 1508 1246 1543 accepit.

227 1578 277 1606 Έκ
291 1578 345 1606 τοῦ
361 1579 495 1613 Κανόνος
507 1580 550 1612 εις
564 1579 634 1612 τοὺς
651 1579 754 1613 ἁγίους
767 1578 919 1613 μάρτυρας
944 1577 1001 1605 Εὐ-

1053 1575 1095 1603 Ea;
1110 1575 1250 1603 Canonein
1263 1576 1330 1611 [esto
1342 1576 1393 1604 SS.
1406 1576 1541 1613 Eulompii
1552 1582 1576 1605 et
1590 1576 1737 1612 Eulampiw
1748 1581 1838 1609 ηιατι..

336 1612 461 1649 Idyma?
476 1614 525 1641 καὶ
541 1612 730 1650 Εὑλαμπῖαν,
749 1613 842 1648 ἡμέρᾳ
859 1613 886 1640 ι’.

254 1681 479 1717 Λελυτρωμένοι,
497 1681 630 1716 Παρθένε,
657 1680 824 1716 προγονικῆς
842 1678 1002 1713 καταδίκης,

219 1728 350 1764 ᾶχραντι,
367 1729 401 1764 τῇ
421 1729 548 1763 γεννήσει
561 1737 607 1755 σου
624 1728 729 1762 σαφῶς,
747 1728 778 1753 ἐν
794 1727 897 1761 φωναῖς
912 1725 1003 1761 ᾀσμά-

218 1781 273 1799 των
292 1781 322 1799 σε
337 1773 382 1800 ἀεὶ
395 1773 585 1808 μακαρίζομεν
600 1773 691 1800 πιστοὶ
702 1772 740 1804 ὡς
752 1772 922 1807 Θεομήτορα.

261 1860 407 1896 Ῥυσθῆναι
423 1860 514 1896 πάσης
536 1860 658 1895 πονηρᾶς
676 1859 806 1886 ἐναντίων
830 1858 941 1892 ἐφόδου,
956 1856 1004 1883 καὶ

221 1905 316 1933 παθῶν
332 1905 522 1941 ψυχοφθόρων,
536 1906 583 1932 καὶ
601 1905 732 1932 κινδύνων
752 1903 879 1939 χαλεπῶν
891 1903 954 1934 τοὺς
974 1910 1003 1928 σε

219 1949 357 1985 τιμῶντας
368 1950 423 1983 ἀεὶ,
435 1949 551 1976 Θεοτόκε
567 1949 699 1983 πάναγνε,
719 1949 835 1976 ἱκέτευε.

253 2048 363 2084 Norica;
377 2048 523 2084 πόρρωθεν
537 2048 767 2084 ὲμφαντικώτατα
793 2048 953 2084 ’Δὸὃακούμ
973 2057 1004 2075 σε

219 2095 311 2122 ἐκάλει
323 2094 397 2130 ὅρος,
411 2093 492 2130 ἁγνὴ,
511 2096 622 2130 ἀρεταῖς
633 2095 792 2128 κατάσκιον,
804 2094 833 2128 ἐξ
850 2091 881 2122 οὗ
897 2094 1003 2130 ὲπέφη-

186 2153 193 2160 ι
219 2148 264 2167 νεν
279 2139 344 2175 ἡμῖν
360 2140 375 2166 ὁ
389 2139 513 2174 φωτίζων
524 2140 574 2171 τὰς
587 2138 675 2175 ψυχὰς
685 2140 776 2175 ἡμῶν.

1391 1612 1432 1639 die
1447 1612 1491 1639 10.

1088 1678 1110 1704 Δ
1126 1678 1276 1713 primorum
1293 1677 1446 1712 genitorum
1470 1678 1645 1706 damnatione
1660 1685 1708 1713 per
1735 1683 1840 1712 partum

1053 1727 1142 1756 tuum,
1156 1730 1172 1750 ο
1185 1721 1269 1758 Virgo
1285 1723 1424 1757 inviolata,
1449 1723 1592 1752 manifeste
1615 1723 1764 1758 redempti,
1778 1732 1841 1751 cum

1052 1768 1166 1796 vocibus
1177 1769 1346 1796 canticorum
1362 1773 1388 1796 te
1401 1777 1508 1804 semper
1527 1777 1577 1797 nos
1591 1769 1694 1802 ﬁdeles.
1707 1774 1839 1804 tanquam

1054 1814 1101 1842 Dei
1114 1814 1240 1847 Matrem,
1258 1815 1366 1843 beatam
1379 1816 1560 1851 appellamus.

1088 1859 1250 1894 Deprecare,
1280 1860 1464 1888 ocastissima
1489 1861 1614 1896 Dcipara,
1644 1867 1673 1889 ut
1687 1862 1726 1889 illi
1750 1862 1796 1897 qui
1812 1867 1838 1890 te

1053 1913 1162 1940 semper
1179 1905 1325 1939 honorant,
1339 1907 1374 1934 ab
1390 1907 1464 1934 omni
1479 1907 1595 1942 maligna
1617 1907 1791 1935 inimicorum
1805 1908 1843 1935 im

1053 1950 1176 1982 vasione,
1194 1958 1210 1978 a
1228 1951 1364 1979 letliiferis
1378 1952 1562 1987 passionibus,
1576 1957 1604 1980 et
1617 1960 1632 1980 a
1647 1954 1774 1987 gravibus
1786 1962 1843 1981 mo-

1054 1996 1185 2031 lestiaque
1200 1997 1328 2032 periculis
1343 1997 1501 2025 liberentur.

1088 2054 1157 2082 Cum
1177 2057 1204 2081 te
1218 2053 1348 2082 llabacuc
1368 2054 1476 2088 alonge
1504 2059 1595 2082 mente
1621 2055 1842 2089 perspexissetm

1053 2104 1138 2132 casta,
1150 2101 1357 2135 expressissime
1372 2105 1490 2128 montem
1506 2101 1653 2129 virtutibus
1680 2101 1840 2128 umbrosum

1054 2145 1208 2180 appellavit,
1225 2153 1258 2172 ex
1279 2153 1334 2180 quo
1351 2145 1478 2180 apparuit
1489 2145 1568 2173 nobis
1581 2145 1637 2177 ille.
1647 2144 1692 2178 qui
1707 2145 1842 2172 illuminat

1054 2192 1158 2219 animas
1172 2196 1289 2218 nostras.

261 2237 406 2273 Ῥομφαῖαι
423 2238 509 2265 πᾶσαι
535 2236 582 2264 τοῦ
605 2235 764 2272 δυσμενοῦς,
785 2236 913 2273 ἁχραντε,
935 2244 1002 2262 παν-

1089 2237 1210 2264 Εηιηεω
1221 2244 1317 2264 omnes
1330 2237 1431 2264 inimici
1442 2244 1532 2264 revera
1545 2236 1571 2263 in
1582 2236 1661 2263 linem
1673 2236 1840 2263 deiecerunt.

219 2283 331 2318 ἁμωμε,
347 2282 427 2318 ἁγνὴ,
444 2282 528 2314 ὅντως
541 2283 581 2314 είς
595 2281 670 2314 τέλος
683 2281 807 2313 ἐξέλιπον
816 2291 823 2297 ·
843 2282 875 2309 σὺ
888 2281 943 2316 γὰρ
956 2281 1002 2308 τὸν

220 2327 328 2354 πάντων
341 2328 407 2355 Θεὸν
423 2327 542 2363 ὲκύησας
553 2327 598 2354 τὸν
614 2324 723 2363 σταυρῷ
741 2326 890 2354 καθελόντα
907 2327 1002 2353 τούτου

219 2373 250 2400 τὸ
265 2373 408 2409 φρύαγμα.

261 2419 305 2450 Ὠς
318 2419 420 2455 ὄμϐρος
439 2419 590 2446 κεκένωται
605 2419 634 2445 ἐν
646 2420 678 2454 τῇ
699 2419 791 2454 μήτρᾳ
807 2427 854 2445 σου
874 2418 949 2450 Θεὸς,
968 2417 1002 2445 δι’

219 2464 422 2499 εὐσπλαγχνίαν
447 2465 561 2499 ἄφατον,
579 2465 680 2491 καὶτὸν
693 2464 860 2500 χειμάρρουν
881 2464 1003 2497 ἅπαντας

220 2510 269 2544 τῆς
284 2510 389 2546 τρυφῆς
404 2510 525 2542 ὲπότισε,
549 2510 693 2542 Δέσποινα,
710 2510 756 2536 καὶ
767 2509 815 2544 τὴν
829 2510 918 2537 κτίσιν
935 2509 1004 2545 φθακ

222 2557 316 2592 ρείσαν
331 2556 554 2592 ἐκαινούργησεν.
873 2581 877 2586 .

255 2601 374 2634 Νεανίας
402 2603 476 2637 τρεῖς
502 2603 519 2637 ἡ
545 2601 661 2636 κάμινος
684 2601 733 2628 οὐκ
749 2601 852 2637 ἐφλεξε,
879 2601 1004 2637 γέννησιν

221 2646 400 2682 προ-τυποῦσα
412 2645 462 2682 τὴν
477 2646 543 2682 σήν⁹
559 2646 589 2673 τδ
611 2646 667 2681 γὰρ
681 2645 752 2672 θεῖον
767 2646 821 2682 πῦρ
839 2654 869 2672 σε
888 2646 925 2682 μὴ
943 2646 1006 2680 φλέ-

221 2690 270 2724 ξαν
294 2691 403 2728 ᾤκησεν
418 2692 447 2718 ἐν
471 2692 523 2726 σοὶ,
546 2693 593 2719 καὶ
610 2692 714 2723 πάντας
730 2692 846 2726 ἐφώτισε
870 2692 1003 2727 βοῶντας·

221 2737 375 2773 Εὐλογητὸς
391 2735 425 2771 εί,
443 2739 457 2765 ό
467 2738 533 2770 Θεὸς
558 2737 613 2765 τῶν
624 2737 750 2773 πατέρων
763 2737 868 2773 ἡμῶν..

263 2831 447 2868 Ἀπειρόγαμε
461 2831 548 2867 Κόρη,
576 2831 665 2867 χαῖρε,
693 2830 860 2866 πανάμωμε,
885 2830 899 2858 ό
921 2829 1005 2866 λιμὴν

222 2878 279 2907 τῶν
294 2879 323 2906 ἐν
336 2879 414 2916 ζάλῃ,
426 2880 516 2916 χαῖρε,
540 2878 687 2915 θεόνυμφε,
704 2878 758 2906 τῶν
778 2878 949 2914 ἁμαρτωλῶν
974 2878 1006 2905 τὸ

1054 2290 1071 2310 ο
1086 2282 1223 2314 inviolata,
1238 2287 1293 2310 tota
1317 2291 1385 2317 pura
1405 2287 1431 2309 ct
1450 2286 1524 2310 casta
1541 2291 1548 2309 :
1565 2287 1592 2308 tu
1617 2281 1690 2309 enim
1719 2281 1840 2308 nuntium

1054 2328 1138 2355 Deum
1151 2328 1276 2363 genuisti,
1297 2328 1343 2363 qui
1368 2335 1449 2356 cruce
1461 2335 1511 2355 sua
1536 2327 1609 2354 illius
1637 2327 1782 2355 elationem
1799 2326 1840 2354 l‘a-

1055 2379 1184 2409 stumque
1199 2374 1306 2408 (injecit.

1090 2420 1228 2454 Tanquam
1245 2419 1330 2447 imber
1346 2419 1448 2447 eﬂ‘usus
1468 2423 1509 2447 est
1541 2419 1567 2446 in
1582 2423 1658 2446 utero
1685 2423 1731 2446 tuo
1757 2418 1839 2449 Deus.

1055 2470 1164 2500 propter
1177 2466 1339 2493 ineiTabilem
1357 2466 1483 2500 pietatem
1496 2470 1628 2498 suam;et
1648 2470 1768 2493 torrente
1791 2466 1839 2491 ile-

1054 2511 1177 2538 liciarum
1192 2511 1293 2545 potavit
1318 2511 1469 2545 universos,
1482 2519 1499 2538 o
1525 2510 1656 2544 Domina,
1673 2515 1840 2538 creaturam-

1055 2565 1107 2592 que
1122 2564 1277 2591 corruptam
1293 2557 1441 2584 renovavit.

1090 2603 1156 2631 Tres
1168 2603 1282 2638 juvenes
1291 2602 1386 2630 fornax
1399 2611 1451 2630 non
1461 2602 1621 2635 combussit,
1636 2602 1837 2636 conceptionem

1055 2654 1128 2676 tuam
1143 2649 1331 2684 prmﬁgurans.
1361 2649 1467 2676 Etenim
1498 2648 1607 2676 divinus
1643 2647 1714 2681 ignis
1739 2647 1840 2680 absque

1056 2695 1305 2727 tuicombustione,
1334 2694 1402 2722 inte
1431 2694 1571 2727 habitavit,
1598 2700 1746 2727 omnesque
1777 2692 1837 2718 illu-

1055 2741 1179 2772 minavit,
1193 2740 1240 2775 qui
1252 2739 1371 2767 clamant
1387 2748 1394 2767 :
1409 2739 1571 2767 Benedictus
1588 2745 1629 2771 es,
1647 2738 1717 2764 Deus
1731 2741 1837 2772 patrum

1056 2792 1223 2814 nostrorum.

1087 2831 1272 2864 Salve,Puella
1286 2831 1336 2858 viri
1348 2830 1449 2861 nescia,
1459 2834 1513 2857 tota
1522 2828 1696 2856 immaculata
1708 2837 1714 2856 :
1725 2828 1808 2860 salve,
1819 2836 1834 2855 ο

1057 2885 1155 2912 sponsa
1171 2877 1229 2910 Dei,
1242 2881 1337 2913 portus
1351 2882 1445 2905 eorum
1456 2875 1502 2911 qui
1512 2878 1670 2911 tempestate
1679 2875 1816 2910 jactantur
1829 2897 1833 2904 .
