  <div class='ocr_page' id='page_1' title='image "/cluster/home/n/w/nwhite01/storage/ocr_20150623/105/njp.32101077772893/666.png"; bbox 0 0 2069 3159; ppageno 0'>
   <div class='ocr_carea' id='block_1_1' title="bbox 183 165 1003 211">
    <p class='ocr_par' dir='ltr' id='par_1_1' title="bbox 183 165 1003 204">
     <span class='ocr_line' id='line_1_1' title="bbox 183 165 1003 204; baseline 0.004 -3"><span class='ocrx_word' id='word_1_1' title='bbox 183 165 255 201; x_wconf 70' lang='grc'>1⁵209</span> <span class='ocrx_word' id='word_1_2' title='bbox 872 172 1003 204; x_wconf 72' lang='grc' dir='ltr'><strong>ΜᾹΠῙΑ]</strong></span> 
     </span>
    </p>
   </div>
   <div class='ocr_carea' id='block_1_2' title="bbox 1026 165 1808 211">
    <p class='ocr_par' dir='ltr' id='par_1_2' title="bbox 1026 173 1808 211">
     <span class='ocr_line' id='line_1_2' title="bbox 1026 173 1808 211; baseline 0.008 -7"><span class='ocrx_word' id='word_1_3' title='bbox 1026 173 1045 204; x_wconf 86' lang='lat' dir='ltr'><strong>E</strong></span> <span class='ocrx_word' id='word_1_4' title='bbox 1739 175 1808 211; x_wconf 66' lang='lat'><strong>1210</strong></span> 
     </span>
    </p>
   </div>
   <div class='ocr_carea' id='block_1_3' title="bbox 183 225 1003 266">
    <p class='ocr_par' dir='ltr' id='par_1_3' title="bbox 183 225 1003 265">
     <span class='ocr_line' id='line_1_3' title="bbox 183 225 1003 265; baseline 0.005 -10"><span class='ocrx_word' id='word_1_5' title='bbox 183 227 311 262; x_wconf 75' lang='grc' dir='ltr'><strong>κυήσασα</strong></span> <span class='ocrx_word' id='word_1_6' title='bbox 325 225 373 253; x_wconf 80' lang='grc' dir='ltr'>τοῦ</span> <span class='ocrx_word' id='word_1_7' title='bbox 397 226 514 263; x_wconf 77' lang='grc' dir='ltr'>Πατρδς,</span> <span class='ocrx_word' id='word_1_8' title='bbox 525 228 657 264; x_wconf 70' lang='grc' dir='ltr'><strong>Παρθένε,</strong></span> <span class='ocrx_word' id='word_1_9' title='bbox 668 228 714 257; x_wconf 73' lang='grc' dir='ltr'><strong>τδν</strong></span> <span class='ocrx_word' id='word_1_10' title='bbox 726 228 895 265; x_wconf 74' lang='grc' dir='ltr'>συνάναρχον</span> <span class='ocrx_word' id='word_1_11' title='bbox 917 231 964 258; x_wconf 75' lang='grc' dir='ltr'><strong>καὶ</strong></span> <span class='ocrx_word' id='word_1_12' title='bbox 979 234 1003 264; x_wconf 79' lang='grc' dir='ltr'><strong>Α</strong></span> 
     </span>
    </p>
   </div>
   <div class='ocr_carea' id='block_1_4' title="bbox 1026 225 1808 266">
    <p class='ocr_par' dir='ltr' id='par_1_4' title="bbox 1026 230 1808 266">
     <span class='ocr_line' id='line_1_4' title="bbox 1026 230 1808 266; baseline 0.005 -8"><span class='ocrx_word' id='word_1_13' title='bbox 1026 231 1134 259; x_wconf 79' lang='lat' dir='ltr'><strong>lerbum</strong></span> <span class='ocrx_word' id='word_1_14' title='bbox 1155 231 1242 259; x_wconf 82' lang='lat' dir='ltr'><strong>Patris</strong></span> <span class='ocrx_word' id='word_1_15' title='bbox 1257 230 1438 264; x_wconf 80' lang='lat' dir='ltr'><strong>enixa,eidem</strong></span> <span class='ocrx_word' id='word_1_16' title='bbox 1457 230 1530 260; x_wconf 81' lang='lat' dir='ltr'><strong>Patri</strong></span> <span class='ocrx_word' id='word_1_17' title='bbox 1542 236 1719 266; x_wconf 68' lang='lat' dir='ltr'><strong>coaeternum.</strong></span> <span class='ocrx_word' id='word_1_18' title='bbox 1731 234 1808 262; x_wconf 84' lang='lat' dir='ltr'><strong>simi-</strong></span> 
     </span>
    </p>
   </div>
   <div class='ocr_carea' id='block_1_5' title="bbox 184 269 1003 313">
    <p class='ocr_par' dir='ltr' id='par_1_5' title="bbox 184 269 970 311">
     <span class='ocr_line' id='line_1_5' title="bbox 184 269 970 311; baseline 0.003 -10"><span class='ocrx_word' id='word_1_19' title='bbox 184 272 330 305; x_wconf 79' lang='grc' dir='ltr'><strong>συναῖδιον,</strong></span> <span class='ocrx_word' id='word_1_20' title='bbox 345 269 375 300; x_wconf 80' lang='grc' dir='ltr'><strong>οὗ</strong></span> <span class='ocrx_word' id='word_1_21' title='bbox 389 274 449 305; x_wconf 77' lang='grc' dir='ltr'>ταῖς</span> <span class='ocrx_word' id='word_1_22' title='bbox 460 275 659 310; x_wconf 74' lang='grc' dir='ltr'>φρυικτωρίαις</span> <span class='ocrx_word' id='word_1_23' title='bbox 672 276 696 302; x_wconf 78' lang='grc' dir='ltr'>οι</span> <span class='ocrx_word' id='word_1_24' title='bbox 704 275 819 311; x_wconf 77' lang='grc' dir='ltr'><strong>ἀθληταὶ</strong></span> <span class='ocrx_word' id='word_1_25' title='bbox 830 284 970 310; x_wconf 80' lang='grc' dir='ltr'><strong>καταυγα-</strong></span> 
     </span>
    </p>
   </div>
   <div class='ocr_carea' id='block_1_6' title="bbox 1026 269 1807 313">
    <p class='ocr_par' dir='ltr' id='par_1_6' title="bbox 1026 276 1807 313">
     <span class='ocr_line' id='line_1_6' title="bbox 1026 276 1807 313; baseline 0.008 -10"><span class='ocrx_word' id='word_1_26' title='bbox 1026 276 1137 311; x_wconf 81' lang='lat' dir='ltr'><strong>iiterque</strong></span> <span class='ocrx_word' id='word_1_27' title='bbox 1171 277 1306 311; x_wconf 89' lang='lat' dir='ltr'><strong>principio</strong></span> <span class='ocrx_word' id='word_1_28' title='bbox 1341 285 1470 305; x_wconf 79' lang='lat' dir='ltr'><strong>carens:</strong></span> <span class='ocrx_word' id='word_1_29' title='bbox 1503 277 1583 312; x_wconf 85' lang='lat' dir='ltr'><strong>cujus</strong></span> <span class='ocrx_word' id='word_1_30' title='bbox 1614 278 1807 313; x_wconf 87' lang='lat' dir='ltr'><strong>splendorihus</strong></span> 
     </span>
    </p>
   </div>
   <div class='ocr_carea' id='block_1_7' title="bbox 185 317 1003 358">
    <p class='ocr_par' dir='ltr' id='par_1_7' title="bbox 185 317 767 356">
     <span class='ocr_line' id='line_1_7' title="bbox 185 317 767 356; baseline 0.01 -13"><span class='ocrx_word' id='word_1_31' title='bbox 185 317 295 349; x_wconf 74' lang='grc' dir='ltr'>σθέντες</span> <span class='ocrx_word' id='word_1_32' title='bbox 310 317 404 350; x_wconf 74' lang='grc' dir='ltr'>ἁθεῖας</span> <span class='ocrx_word' id='word_1_33' title='bbox 416 318 465 354; x_wconf 82' lang='grc' dir='ltr'>τήν</span> <span class='ocrx_word' id='word_1_34' title='bbox 478 319 563 346; x_wconf 81' lang='grc' dir='ltr'>νύκτα</span> <span class='ocrx_word' id='word_1_35' title='bbox 579 320 767 356; x_wconf 84' lang='grc' dir='ltr'>παρέδραμον.</span> 
     </span>
    </p>
   </div>
   <div class='ocr_carea' id='block_1_8' title="bbox 1026 317 1806 358">
    <p class='ocr_par' dir='ltr' id='par_1_8' title="bbox 1026 322 1806 358">
     <span class='ocr_line' id='line_1_8' title="bbox 1026 322 1806 358; baseline 0.006 -9"><span class='ocrx_word' id='word_1_36' title='bbox 1026 322 1130 350; x_wconf 72' lang='lat' dir='ltr'><strong>athletae</strong></span> <span class='ocrx_word' id='word_1_37' title='bbox 1141 323 1278 356; x_wconf 81' lang='lat' dir='ltr'><strong>irradiati,</strong></span> <span class='ocrx_word' id='word_1_38' title='bbox 1297 323 1465 351; x_wconf 79' lang='lat' dir='ltr'><strong>inﬁdelitatis</strong></span> <span class='ocrx_word' id='word_1_39' title='bbox 1479 329 1585 351; x_wconf 90' lang='lat' dir='ltr'><strong>noctem</strong></span> <span class='ocrx_word' id='word_1_40' title='bbox 1599 331 1806 358; x_wconf 84' lang='lat' dir='ltr'><strong>pereurrerunt.</strong></span> 
     </span>
    </p>
   </div>
   <div class='ocr_carea' id='block_1_9' title="bbox 219 363 1003 405">
    <p class='ocr_par' dir='ltr' id='par_1_9' title="bbox 219 363 970 402">
     <span class='ocr_line' id='line_1_9' title="bbox 219 363 970 402; baseline 0.007 -13"><span class='ocrx_word' id='word_1_41' title='bbox 219 363 368 396; x_wconf 80' lang='grc' dir='ltr'>Συνέλασες</span> <span class='ocrx_word' id='word_1_42' title='bbox 383 365 412 390; x_wconf 81' lang='grc' dir='ltr'>ὲν</span> <span class='ocrx_word' id='word_1_43' title='bbox 423 365 522 400; x_wconf 75' lang='grc' dir='ltr'>γαστρὶ</span> <span class='ocrx_word' id='word_1_44' title='bbox 535 365 580 392; x_wconf 81' lang='grc' dir='ltr'><strong>τὸν</strong></span> <span class='ocrx_word' id='word_1_45' title='bbox 595 367 768 401; x_wconf 82' lang='grc' dir='ltr'>προαιώνιον,</span> <span class='ocrx_word' id='word_1_46' title='bbox 778 367 909 402; x_wconf 76' lang='grc' dir='ltr'><strong>ἄχραντε,</strong></span> <span class='ocrx_word' id='word_1_47' title='bbox 922 367 970 394; x_wconf 75' lang='grc' dir='ltr'><strong>καὶ</strong></span> 
     </span>
    </p>
   </div>
   <div class='ocr_carea' id='block_1_10' title="bbox 1026 363 1808 405">
    <p class='ocr_par' dir='ltr' id='par_1_10' title="bbox 1055 367 1808 405">
     <span class='ocr_line' id='line_1_10' title="bbox 1055 367 1808 405; baseline 0.007 -11"><span class='ocrx_word' id='word_1_48' title='bbox 1055 367 1208 402; x_wconf 87' lang='lat' dir='ltr'><strong>Concepisti</strong></span> <span class='ocrx_word' id='word_1_49' title='bbox 1228 368 1255 395; x_wconf 88' lang='lat' dir='ltr'><strong>in</strong></span> <span class='ocrx_word' id='word_1_50' title='bbox 1281 373 1368 399; x_wconf 82' lang='lat' dir='ltr'><strong>utero,</strong></span> <span class='ocrx_word' id='word_1_51' title='bbox 1383 377 1399 395; x_wconf 91' lang='grc' dir='ltr'><strong>ο</strong></span> <span class='ocrx_word' id='word_1_52' title='bbox 1414 368 1598 402; x_wconf 85' lang='lat' dir='ltr'><strong>immaculata,</strong></span> <span class='ocrx_word' id='word_1_53' title='bbox 1617 377 1679 397; x_wconf 91' lang='lat' dir='ltr'><strong>eum</strong></span> <span class='ocrx_word' id='word_1_54' title='bbox 1702 372 1749 405; x_wconf 89' lang='lat' dir='ltr'><strong>qui</strong></span> <span class='ocrx_word' id='word_1_55' title='bbox 1765 376 1808 399; x_wconf 84' lang='lat' dir='ltr'><strong>est</strong></span> 
     </span>
    </p>
   </div>
   <div class='ocr_carea' id='block_1_11' title="bbox 182 408 1003 448">
    <p class='ocr_par' dir='ltr' id='par_1_11' title="bbox 182 408 970 447">
     <span class='ocr_line' id='line_1_11' title="bbox 182 408 970 447; baseline 0.005 -12"><span class='ocrx_word' id='word_1_56' title='bbox 182 408 297 440; x_wconf 70' lang='grc' dir='ltr'>τέτοκας</span> <span class='ocrx_word' id='word_1_57' title='bbox 320 409 350 435; x_wconf 73' lang='grc' dir='ltr'>ὲν</span> <span class='ocrx_word' id='word_1_58' title='bbox 377 409 462 445; x_wconf 76' lang='grc' dir='ltr'>σαρκὶ</span> <span class='ocrx_word' id='word_1_59' title='bbox 476 410 523 437; x_wconf 76' lang='grc' dir='ltr'>τὸν</span> <span class='ocrx_word' id='word_1_60' title='bbox 547 410 629 445; x_wconf 72' lang='grc' dir='ltr'><strong>φύσει</strong></span> <span class='ocrx_word' id='word_1_61' title='bbox 654 412 813 447; x_wconf 78' lang='grc' dir='ltr'><strong>ἀπρόσιτον,</strong></span> <span class='ocrx_word' id='word_1_62' title='bbox 838 412 885 439; x_wconf 75' lang='grc' dir='ltr'>καὶ</span> <span class='ocrx_word' id='word_1_63' title='bbox 898 412 970 446; x_wconf 82' lang='grc' dir='ltr'>γάλα</span> 
     </span>
    </p>
   </div>
   <div class='ocr_carea' id='block_1_12' title="bbox 1026 408 1807 448">
    <p class='ocr_par' dir='ltr' id='par_1_12' title="bbox 1026 412 1807 448">
     <span class='ocr_line' id='line_1_12' title="bbox 1026 412 1807 448; baseline 0.004 -9"><span class='ocrx_word' id='word_1_64' title='bbox 1026 416 1084 440; x_wconf 81' lang='lat' dir='ltr'><strong>ante</strong></span> <span class='ocrx_word' id='word_1_65' title='bbox 1098 412 1361 447; x_wconf 65' lang='lat' dir='ltr'><strong>saecula;peperisti</strong></span> <span class='ocrx_word' id='word_1_66' title='bbox 1384 413 1411 440; x_wconf 89' lang='lat' dir='ltr'><strong>in</strong></span> <span class='ocrx_word' id='word_1_67' title='bbox 1440 420 1523 440; x_wconf 80' lang='lat' dir='ltr'><strong>carne</strong></span> <span class='ocrx_word' id='word_1_68' title='bbox 1542 420 1604 440; x_wconf 90' lang='lat' dir='ltr'><strong>eum</strong></span> <span class='ocrx_word' id='word_1_69' title='bbox 1629 414 1676 448; x_wconf 85' lang='lat' dir='ltr'><strong>qui</strong></span> <span class='ocrx_word' id='word_1_70' title='bbox 1704 419 1807 442; x_wconf 71' lang='lat' dir='ltr'><strong>naturte</strong></span> 
     </span>
    </p>
   </div>
   <div class='ocr_carea' id='block_1_13' title="bbox 185 454 1003 494">
    <p class='ocr_par' dir='ltr' id='par_1_13' title="bbox 185 454 968 494">
     <span class='ocr_line' id='line_1_13' title="bbox 185 454 968 494; baseline 0 -10"><span class='ocrx_word' id='word_1_71' title='bbox 185 454 316 486; x_wconf 68' lang='grc' dir='ltr'>ὒπότισας</span> <span class='ocrx_word' id='word_1_72' title='bbox 327 455 373 482; x_wconf 78' lang='grc' dir='ltr'><strong>τὸν</strong></span> <span class='ocrx_word' id='word_1_73' title='bbox 386 455 489 492; x_wconf 71' lang='grc' dir='ltr'>τροφέα</span> <span class='ocrx_word' id='word_1_74' title='bbox 503 457 622 490; x_wconf 78' lang='grc' dir='ltr'>πάντων,</span> <span class='ocrx_word' id='word_1_75' title='bbox 633 456 775 494; x_wconf 75' lang='grc' dir='ltr'>Θεομῆτορ</span> <span class='ocrx_word' id='word_1_76' title='bbox 787 458 968 494; x_wconf 72' lang='grc' dir='ltr'>ἀπειρόγαμε.</span> 
     </span>
    </p>
   </div>
   <div class='ocr_carea' id='block_1_14' title="bbox 1026 454 1807 494">
    <p class='ocr_par' dir='ltr' id='par_1_14' title="bbox 1026 457 1807 494">
     <span class='ocr_line' id='line_1_14' title="bbox 1026 457 1807 494; baseline 0.003 -9"><span class='ocrx_word' id='word_1_77' title='bbox 1026 463 1060 485; x_wconf 64' lang='lat' dir='ltr'><strong>est</strong></span> <span class='ocrx_word' id='word_1_78' title='bbox 1081 457 1287 491; x_wconf 71' lang='lat' dir='ltr'><strong>inaccessibilis,</strong></span> <span class='ocrx_word' id='word_1_79' title='bbox 1304 458 1373 485; x_wconf 86' lang='lat' dir='ltr'><strong>laete</strong></span> <span class='ocrx_word' id='word_1_80' title='bbox 1389 459 1488 493; x_wconf 87' lang='lat' dir='ltr'><strong>potasti</strong></span> <span class='ocrx_word' id='word_1_81' title='bbox 1507 466 1570 486; x_wconf 90' lang='lat' dir='ltr'><strong>eum</strong></span> <span class='ocrx_word' id='word_1_82' title='bbox 1587 459 1634 494; x_wconf 80' lang='lat' dir='ltr'><strong>qui</strong></span> <span class='ocrx_word' id='word_1_83' title='bbox 1648 460 1732 487; x_wconf 91' lang='lat' dir='ltr'><strong>nutrit</strong></span> <span class='ocrx_word' id='word_1_84' title='bbox 1743 460 1807 487; x_wconf 87' lang='lat' dir='ltr'><strong>uni-</strong></span> 
     </span>
    </p>
   </div>
   <div class='ocr_carea' id='block_1_15' title="bbox 1019 503 1487 538">
    <p class='ocr_par' dir='ltr' id='par_1_15' title="bbox 1019 503 1487 538">
     <span class='ocr_line' id='line_1_15' title="bbox 1019 503 1487 538; baseline -0.002 -6"><span class='ocrx_word' id='word_1_85' title='bbox 1019 511 1108 538; x_wconf 76' lang='lat' dir='ltr'><strong>t&#39;ersa,</strong></span> <span class='ocrx_word' id='word_1_86' title='bbox 1122 512 1139 532; x_wconf 95' lang='lat' dir='ltr'><strong>o</strong></span> <span class='ocrx_word' id='word_1_87' title='bbox 1156 504 1201 532; x_wconf 86' lang='lat' dir='ltr'><strong>Dei</strong></span> <span class='ocrx_word' id='word_1_88' title='bbox 1215 503 1300 531; x_wconf 80' lang='lat' dir='ltr'><strong>Mater</strong></span> <span class='ocrx_word' id='word_1_89' title='bbox 1315 504 1405 532; x_wconf 83' lang='lat' dir='ltr'><strong>nescia</strong></span> <span class='ocrx_word' id='word_1_90' title='bbox 1426 504 1487 531; x_wconf 86' lang='lat' dir='ltr'><strong>viri.</strong></span> 
     </span>
    </p>
   </div>
   <div class='ocr_carea' id='block_1_16' title="bbox 218 546 1003 588">
    <p class='ocr_par' dir='ltr' id='par_1_16' title="bbox 218 546 970 588">
     <span class='ocr_line' id='line_1_16' title="bbox 218 546 970 588; baseline 0.005 -13"><span class='ocrx_word' id='word_1_91' title='bbox 218 546 351 576; x_wconf 69' lang='grc' dir='ltr'><strong>Κενοῧται</strong></span> <span class='ocrx_word' id='word_1_92' title='bbox 371 550 400 576; x_wconf 71' lang='grc' dir='ltr'>ὲν</span> <span class='ocrx_word' id='word_1_93' title='bbox 434 550 526 586; x_wconf 73' lang='grc' dir='ltr'>μήτρᾳ</span> <span class='ocrx_word' id='word_1_94' title='bbox 554 558 601 577; x_wconf 82' lang='grc' dir='ltr'>σου</span> <span class='ocrx_word' id='word_1_95' title='bbox 634 550 773 586; x_wconf 81' lang='grc' dir='ltr'>Πατρῴων</span> <span class='ocrx_word' id='word_1_96' title='bbox 797 551 907 580; x_wconf 78' lang='grc' dir='ltr'>κόλπων</span> <span class='ocrx_word' id='word_1_97' title='bbox 932 552 970 588; x_wconf 77' lang='grc' dir='ltr'>μὴ</span> 
     </span>
    </p>
   </div>
   <div class='ocr_carea' id='block_1_17' title="bbox 1026 546 1808 588">
    <p class='ocr_par' dir='ltr' id='par_1_17' title="bbox 1056 549 1808 585">
     <span class='ocr_line' id='line_1_17' title="bbox 1056 549 1808 585; baseline 0.003 -8"><span class='ocrx_word' id='word_1_98' title='bbox 1056 550 1223 578; x_wconf 88' lang='lat' dir='ltr'><strong>Evacuatum</strong></span> <span class='ocrx_word' id='word_1_99' title='bbox 1239 555 1281 578; x_wconf 81' lang='lat' dir='ltr'><strong>est</strong></span> <span class='ocrx_word' id='word_1_100' title='bbox 1293 550 1320 577; x_wconf 92' lang='lat' dir='ltr'><strong>in</strong></span> <span class='ocrx_word' id='word_1_101' title='bbox 1333 554 1410 577; x_wconf 91' lang='lat' dir='ltr'><strong>utero</strong></span> <span class='ocrx_word' id='word_1_102' title='bbox 1425 554 1483 583; x_wconf 83' lang='lat' dir='ltr'><strong>tuo,</strong></span> <span class='ocrx_word' id='word_1_103' title='bbox 1511 557 1528 576; x_wconf 91' lang='grc' dir='ltr'><strong>ο</strong></span> <span class='ocrx_word' id='word_1_104' title='bbox 1543 549 1636 585; x_wconf 76' lang='lat' dir='ltr'><strong>Virgo,</strong></span> <span class='ocrx_word' id='word_1_105' title='bbox 1661 558 1715 578; x_wconf 90' lang='lat' dir='ltr'><strong>non</strong></span> <span class='ocrx_word' id='word_1_106' title='bbox 1732 558 1808 579; x_wconf 83' lang='lat' dir='ltr'><strong>recc-</strong></span> 
     </span>
    </p>
   </div>
   <div class='ocr_carea' id='block_1_18' title="bbox 182 594 1003 633">
    <p class='ocr_par' dir='ltr' id='par_1_18' title="bbox 182 594 968 633">
     <span class='ocr_line' id='line_1_18' title="bbox 182 594 968 633; baseline 0.005 -13"><span class='ocrx_word' id='word_1_107' title='bbox 182 594 367 629; x_wconf 68' lang='grc' dir='ltr'>ἀφιστὰμενος</span> <span class='ocrx_word' id='word_1_108' title='bbox 382 596 396 621; x_wconf 82' lang='grc' dir='ltr'>ὁ</span> <span class='ocrx_word' id='word_1_109' title='bbox 410 595 594 631; x_wconf 77' lang='grc' dir='ltr'><strong>πληρὲστατος</strong></span> <span class='ocrx_word' id='word_1_110' title='bbox 607 596 703 630; x_wconf 81' lang='grc' dir='ltr'><strong>Λόγος,</strong></span> <span class='ocrx_word' id='word_1_111' title='bbox 717 597 764 624; x_wconf 72' lang='grc' dir='ltr'>καὶ</span> <span class='ocrx_word' id='word_1_112' title='bbox 779 597 847 632; x_wconf 76' lang='grc' dir='ltr'>σὰρξ</span> <span class='ocrx_word' id='word_1_113' title='bbox 862 598 968 633; x_wconf 75' lang='grc' dir='ltr'><strong>ὁρᾶται,</strong></span> 
     </span>
    </p>
   </div>
   <div class='ocr_carea' id='block_1_19' title="bbox 1026 594 1807 633">
    <p class='ocr_par' dir='ltr' id='par_1_19' title="bbox 1026 594 1807 630">
     <span class='ocr_line' id='line_1_19' title="bbox 1026 594 1807 630; baseline -0.001 -6"><span class='ocrx_word' id='word_1_114' title='bbox 1026 595 1087 624; x_wconf 86' lang='lat' dir='ltr'><strong>lens</strong></span> <span class='ocrx_word' id='word_1_115' title='bbox 1103 603 1119 623; x_wconf 93' lang='lat' dir='ltr'><strong>a</strong></span> <span class='ocrx_word' id='word_1_116' title='bbox 1134 595 1251 623; x_wconf 84' lang='lat' dir='ltr'><strong>Paterno</strong></span> <span class='ocrx_word' id='word_1_117' title='bbox 1263 595 1335 628; x_wconf 92' lang='lat' dir='ltr'><strong>sinu,</strong></span> <span class='ocrx_word' id='word_1_118' title='bbox 1354 594 1473 623; x_wconf 78' lang='lat' dir='ltr'><strong>Verbum</strong></span> <span class='ocrx_word' id='word_1_119' title='bbox 1490 595 1686 630; x_wconf 86' lang='lat' dir='ltr'><strong>plenissimum,</strong></span> <span class='ocrx_word' id='word_1_120' title='bbox 1703 600 1730 623; x_wconf 87' lang='lat' dir='ltr'><strong>et</strong></span> <span class='ocrx_word' id='word_1_121' title='bbox 1743 603 1807 623; x_wconf 89' lang='lat' dir='ltr'><strong>caro</strong></span> 
     </span>
    </p>
   </div>
   <div class='ocr_carea' id='block_1_20' title="bbox 184 639 1003 679">
    <p class='ocr_par' dir='ltr' id='par_1_20' title="bbox 184 639 971 679">
     <span class='ocr_line' id='line_1_20' title="bbox 184 639 971 679; baseline 0.003 -11"><span class='ocrx_word' id='word_1_122' title='bbox 184 641 232 668; x_wconf 76' lang='lat' dir='ltr'><strong>tul.</strong></span> <span class='ocrx_word' id='word_1_123' title='bbox 243 639 342 676; x_wconf 77' lang='grc' dir='ltr'>βρέφος</span> <span class='ocrx_word' id='word_1_124' title='bbox 356 640 489 674; x_wconf 80' lang='grc' dir='ltr'><strong>τίκτεται,</strong></span> <span class='ocrx_word' id='word_1_125' title='bbox 504 639 525 676; x_wconf 85' lang='grc' dir='ltr'><strong>ᾧ</strong></span> <span class='ocrx_word' id='word_1_126' title='bbox 539 641 725 678; x_wconf 67' lang='grc' dir='ltr'><strong>μλῳδοῦμεν,</strong></span> <span class='ocrx_word' id='word_1_127' title='bbox 745 642 877 678; x_wconf 75' lang='grc' dir='ltr'>Παρθένι,</span> <span class='ocrx_word' id='word_1_128' title='bbox 889 643 971 679; x_wconf 79' lang='grc' dir='ltr'>γηθό-</span> 
     </span>
    </p>
   </div>
   <div class='ocr_carea' id='block_1_21' title="bbox 1026 639 1807 679">
    <p class='ocr_par' dir='ltr' id='par_1_21' title="bbox 1026 641 1807 678">
     <span class='ocr_line' id='line_1_21' title="bbox 1026 641 1807 678; baseline 0.001 -9"><span class='ocrx_word' id='word_1_129' title='bbox 1026 643 1158 678; x_wconf 74' lang='lat' dir='ltr'><strong>tpparuit,</strong></span> <span class='ocrx_word' id='word_1_130' title='bbox 1174 647 1257 677; x_wconf 85' lang='lat' dir='ltr'><strong>atque</strong></span> <span class='ocrx_word' id='word_1_131' title='bbox 1286 641 1378 670; x_wconf 80' lang='lat' dir='ltr'><strong>infans</strong></span> <span class='ocrx_word' id='word_1_132' title='bbox 1404 646 1497 669; x_wconf 89' lang='lat' dir='ltr'><strong>natum</strong></span> <span class='ocrx_word' id='word_1_133' title='bbox 1517 646 1584 669; x_wconf 83' lang='lat' dir='ltr'><strong>est:</strong></span> <span class='ocrx_word' id='word_1_134' title='bbox 1608 642 1651 669; x_wconf 92' lang='lat' dir='ltr'><strong>cui</strong></span> <span class='ocrx_word' id='word_1_135' title='bbox 1686 642 1807 670; x_wconf 79' lang='lat' dir='ltr'><strong>suaviter</strong></span> 
     </span>
    </p>
   </div>
   <div class='ocr_carea' id='block_1_22' title="bbox 184 686 1003 723">
    <p class='ocr_par' dir='ltr' id='par_1_22' title="bbox 184 686 799 723">
     <span class='ocr_line' id='line_1_22' title="bbox 184 686 799 723; baseline 0.002 -9"><span class='ocrx_word' id='word_1_136' title='bbox 184 694 273 722; x_wconf 73' lang='grc' dir='ltr'>μενοι·</span> <span class='ocrx_word' id='word_1_137' title='bbox 295 686 448 723; x_wconf 76' lang='grc' dir='ltr'><strong>Εὐλογητὸς</strong></span> <span class='ocrx_word' id='word_1_138' title='bbox 461 688 475 714; x_wconf 84' lang='grc' dir='ltr'><strong><em>ὸ</em></strong></span> <span class='ocrx_word' id='word_1_139' title='bbox 486 687 552 720; x_wconf 83' lang='grc' dir='ltr'><strong>Θεὸς</strong></span> <span class='ocrx_word' id='word_1_140' title='bbox 564 687 578 715; x_wconf 82' lang='grc' dir='ltr'><strong>ό</strong></span> <span class='ocrx_word' id='word_1_141' title='bbox 589 688 644 714; x_wconf 77' lang='grc' dir='ltr'><strong>τῶν</strong></span> <span class='ocrx_word' id='word_1_142' title='bbox 660 687 799 723; x_wconf 80' lang='grc' dir='ltr'>πατέρων.</span> 
     </span>
    </p>
   </div>
   <div class='ocr_carea' id='block_1_23' title="bbox 1026 686 1808 723">
    <p class='ocr_par' dir='ltr' id='par_1_23' title="bbox 1026 686 1808 721">
     <span class='ocr_line' id='line_1_23' title="bbox 1026 686 1808 721; baseline -0.001 -5"><span class='ocrx_word' id='word_1_143' title='bbox 1026 688 1146 716; x_wconf 72' lang='lat' dir='ltr'><strong>canimus</strong></span> <span class='ocrx_word' id='word_1_144' title='bbox 1172 687 1317 715; x_wconf 65' lang='lat' dir='ltr'><strong>laetabundi</strong></span> <span class='ocrx_word' id='word_1_145' title='bbox 1335 695 1343 714; x_wconf 87' lang='lat'><strong>:</strong></span> <span class='ocrx_word' id='word_1_146' title='bbox 1359 686 1522 715; x_wconf 81' lang='lat' dir='ltr'><strong>Benedictus</strong></span> <span class='ocrx_word' id='word_1_147' title='bbox 1537 687 1608 715; x_wconf 91' lang='lat' dir='ltr'><strong>Deus</strong></span> <span class='ocrx_word' id='word_1_148' title='bbox 1627 691 1734 721; x_wconf 83' lang='lat' dir='ltr'><strong>patrum</strong></span> <span class='ocrx_word' id='word_1_149' title='bbox 1761 695 1808 715; x_wconf 82' lang='lat' dir='ltr'><strong>no—</strong></span> 
     </span>
    </p>
   </div>
   <div class='ocr_carea' id='block_1_24' title="bbox 1021 737 1153 761">
    <p class='ocr_par' dir='ltr' id='par_1_24' title="bbox 1021 737 1153 761">
     <span class='ocr_line' id='line_1_24' title="bbox 1021 737 1153 761; baseline -0.015 0"><span class='ocrx_word' id='word_1_150' title='bbox 1021 737 1153 761; x_wconf 70' lang='lat' dir='ltr'><strong>atrorum.</strong></span> 
     </span>
    </p>
   </div>
   <div class='ocr_carea' id='block_1_25' title="bbox 1058 776 1808 814">
    <p class='ocr_par' dir='ltr' id='par_1_25' title="bbox 1058 776 1808 814">
     <span class='ocr_line' id='line_1_25' title="bbox 1058 776 1808 814; baseline 0.001 -9"><span class='ocrx_word' id='word_1_151' title='bbox 1058 778 1136 814; x_wconf 78' lang='lat'><strong>193</strong></span> <span class='ocrx_word' id='word_1_152' title='bbox 1151 777 1218 805; x_wconf 87' lang='lat' dir='ltr'><strong>Cum</strong></span> <span class='ocrx_word' id='word_1_153' title='bbox 1233 777 1388 813; x_wconf 77' lang='lat' dir='ltr'><strong>agminibus</strong></span> <span class='ocrx_word' id='word_1_154' title='bbox 1402 776 1638 812; x_wconf 80' lang='lat' dir='ltr'><strong>incerporeorum,</strong></span> <span class='ocrx_word' id='word_1_155' title='bbox 1656 785 1719 805; x_wconf 88' lang='lat' dir='ltr'><strong>cum</strong></span> <span class='ocrx_word' id='word_1_156' title='bbox 1735 786 1808 806; x_wconf 83' lang='lat' dir='ltr'><strong>mar-</strong></span> 
     </span>
    </p>
   </div>
   <div class='ocr_carea' id='block_1_26' title="bbox 184 820 1003 860">
    <p class='ocr_par' dir='ltr' id='par_1_26' title="bbox 184 820 971 856">
     <span class='ocr_line' id='line_1_26' title="bbox 184 820 971 856; baseline 0.004 -10"><span class='ocrx_word' id='word_1_157' title='bbox 184 828 261 856; x_wconf 81' lang='grc' dir='ltr'>μασι,</span> <span class='ocrx_word' id='word_1_158' title='bbox 288 820 337 846; x_wconf 76' lang='grc' dir='ltr'><strong>σὺν</strong></span> <span class='ocrx_word' id='word_1_159' title='bbox 356 820 413 852; x_wconf 78' lang='grc' dir='ltr'>τοῖς</span> <span class='ocrx_word' id='word_1_160' title='bbox 434 820 596 852; x_wconf 78' lang='grc' dir='ltr'><strong>ἀποστόλοις</strong></span> <span class='ocrx_word' id='word_1_161' title='bbox 609 821 656 848; x_wconf 76' lang='grc' dir='ltr'><strong>καὶ</strong></span> <span class='ocrx_word' id='word_1_162' title='bbox 669 822 835 856; x_wconf 79' lang='grc' dir='ltr'><strong>προφήταις,</strong></span> <span class='ocrx_word' id='word_1_163' title='bbox 851 821 971 854; x_wconf 69' lang='grc' dir='ltr'>ἅπαντες</span> 
     </span>
    </p>
   </div>
   <div class='ocr_carea' id='block_1_27' title="bbox 1026 820 1808 860">
    <p class='ocr_par' dir='ltr' id='par_1_27' title="bbox 1026 823 1808 860">
     <span class='ocr_line' id='line_1_27' title="bbox 1026 823 1808 860; baseline 0 -8"><span class='ocrx_word' id='word_1_164' title='bbox 1026 829 1111 860; x_wconf 86' lang='lat' dir='ltr'><strong>tyrum</strong></span> <span class='ocrx_word' id='word_1_165' title='bbox 1133 823 1316 856; x_wconf 81' lang='lat' dir='ltr'><strong>exercitibus,</strong></span> <span class='ocrx_word' id='word_1_166' title='bbox 1343 830 1406 851; x_wconf 89' lang='lat' dir='ltr'><strong>cum</strong></span> <span class='ocrx_word' id='word_1_167' title='bbox 1434 823 1566 858; x_wconf 79' lang='lat' dir='ltr'><strong>apostolis</strong></span> <span class='ocrx_word' id='word_1_168' title='bbox 1590 831 1623 851; x_wconf 85' lang='lat' dir='ltr'><strong>ac</strong></span> <span class='ocrx_word' id='word_1_169' title='bbox 1649 824 1808 859; x_wconf 82' lang='lat' dir='ltr'><strong>prophetis,</strong></span> 
     </span>
    </p>
   </div>
   <div class='ocr_carea' id='block_1_28' title="bbox 184 865 1003 905">
    <p class='ocr_par' dir='ltr' id='par_1_28' title="bbox 184 865 969 902">
     <span class='ocr_line' id='line_1_28' title="bbox 184 865 969 902; baseline 0.003 -11"><span class='ocrx_word' id='word_1_170' title='bbox 184 866 234 901; x_wconf 76' lang='grc' dir='ltr'><strong>τὴν</strong></span> <span class='ocrx_word' id='word_1_171' title='bbox 249 865 359 892; x_wconf 82' lang='grc' dir='ltr'>πάντων</span> <span class='ocrx_word' id='word_1_172' title='bbox 372 865 556 898; x_wconf 77' lang='grc' dir='ltr'>δεσπόζουσαν</span> <span class='ocrx_word' id='word_1_173' title='bbox 566 866 621 894; x_wconf 77' lang='grc' dir='ltr'><strong>τῶν</strong></span> <span class='ocrx_word' id='word_1_174' title='bbox 632 867 792 902; x_wconf 84' lang='grc' dir='ltr'><strong>ποιημάτων</strong></span> <span class='ocrx_word' id='word_1_175' title='bbox 809 867 969 900; x_wconf 80' lang='grc' dir='ltr'><strong>Δέσποιναν,</strong></span> 
     </span>
    </p>
   </div>
   <div class='ocr_carea' id='block_1_29' title="bbox 1026 865 1807 905">
    <p class='ocr_par' dir='ltr' id='par_1_29' title="bbox 1026 869 1807 905">
     <span class='ocr_line' id='line_1_29' title="bbox 1026 869 1807 905; baseline 0 -9"><span class='ocrx_word' id='word_1_176' title='bbox 1026 877 1118 897; x_wconf 82' lang='lat' dir='ltr'><strong>omnes</strong></span> <span class='ocrx_word' id='word_1_177' title='bbox 1135 869 1263 905; x_wconf 77' lang='lat' dir='ltr'><strong>religiose</strong></span> <span class='ocrx_word' id='word_1_178' title='bbox 1278 869 1375 904; x_wconf 84' lang='lat' dir='ltr'><strong>pieque</strong></span> <span class='ocrx_word' id='word_1_179' title='bbox 1387 869 1576 897; x_wconf 84' lang='lat' dir='ltr'><strong>eoilaudemus</strong></span> <span class='ocrx_word' id='word_1_180' title='bbox 1595 869 1807 898; x_wconf 86' lang='lat' dir='ltr'><strong>Dominatricem</strong></span> 
     </span>
    </p>
   </div>
   <div class='ocr_carea' id='block_1_30' title="bbox 182 905 1003 950">
    <p class='ocr_par' dir='ltr' id='par_1_30' title="bbox 182 905 1003 949">
     <span class='ocr_line' id='line_1_30' title="bbox 182 905 1003 949; baseline 0.001 -11"><span class='ocrx_word' id='word_1_181' title='bbox 182 911 220 943; x_wconf 71' lang='lat' dir='ltr'><strong>ab;</strong></span> <span class='ocrx_word' id='word_1_182' title='bbox 234 912 289 938; x_wconf 82' lang='grc' dir='ltr'>τῶν</span> <span class='ocrx_word' id='word_1_183' title='bbox 303 911 446 947; x_wconf 74' lang='grc' dir='ltr'>Χερουϐὶμ</span> <span class='ocrx_word' id='word_1_184' title='bbox 464 912 630 948; x_wconf 71' lang='grc' dir='ltr'><strong>ἁγιωτιραν,</strong></span> <span class='ocrx_word' id='word_1_185' title='bbox 642 913 690 942; x_wconf 70' lang='grc' dir='ltr'><strong>καὶ</strong></span> <span class='ocrx_word' id='word_1_186' title='bbox 708 913 793 948; x_wconf 86' lang='grc' dir='ltr'>μόνην</span> <span class='ocrx_word' id='word_1_187' title='bbox 803 912 870 941; x_wconf 82' lang='grc' dir='ltr'><strong>Θεοῦ</strong></span> <span class='ocrx_word' id='word_1_188' title='bbox 885 913 971 949; x_wconf 76' lang='grc' dir='ltr'>ἁγνὴν</span> <span class='ocrx_word' id='word_1_189' title='bbox 986 905 1003 934; x_wconf 65' lang='grc' dir='ltr'><strong>Β</strong></span> 
     </span>
    </p>
   </div>
   <div class='ocr_carea' id='block_1_31' title="bbox 1026 905 1811 950">
    <p class='ocr_par' dir='ltr' id='par_1_31' title="bbox 1026 914 1811 950">
     <span class='ocr_line' id='line_1_31' title="bbox 1026 914 1811 950; baseline 0 -8"><span class='ocrx_word' id='word_1_190' title='bbox 1026 914 1144 942; x_wconf 84' lang='lat' dir='ltr'><strong>omnium</strong></span> <span class='ocrx_word' id='word_1_191' title='bbox 1156 933 1164 947; x_wconf 85' lang='lat'><em>.</em></span> <span class='ocrx_word' id='word_1_192' title='bbox 1180 914 1302 949; x_wconf 79' lang='lat' dir='ltr'><strong>reginam</strong></span> <span class='ocrx_word' id='word_1_193' title='bbox 1316 922 1406 942; x_wconf 86' lang='lat' dir='ltr'><strong>rerum</strong></span> <span class='ocrx_word' id='word_1_194' title='bbox 1419 919 1584 947; x_wconf 87' lang='lat' dir='ltr'><strong>creatarum,</strong></span> <span class='ocrx_word' id='word_1_195' title='bbox 1597 919 1725 950; x_wconf 90' lang='lat' dir='ltr'><strong>tanquam</strong></span> <span class='ocrx_word' id='word_1_196' title='bbox 1739 915 1811 943; x_wconf 88' lang='lat' dir='ltr'><strong>Che-</strong></span> 
     </span>
    </p>
   </div>
   <div class='ocr_carea' id='block_1_32' title="bbox 184 957 1003 994">
    <p class='ocr_par' dir='ltr' id='par_1_32' title="bbox 184 957 971 994">
     <span class='ocr_line' id='line_1_32' title="bbox 184 957 971 994; baseline 0.003 -10"><span class='ocrx_word' id='word_1_197' title='bbox 184 957 298 993; x_wconf 73' lang='grc' dir='ltr'>Μητέρα</span> <span class='ocrx_word' id='word_1_198' title='bbox 308 957 429 990; x_wconf 77' lang='grc' dir='ltr'><strong>εὐσεσῶς</strong></span> <span class='ocrx_word' id='word_1_199' title='bbox 441 957 627 994; x_wconf 78' lang='grc' dir='ltr'>ἁνυμνοῦμεν,</span> <span class='ocrx_word' id='word_1_200' title='bbox 638 958 756 994; x_wconf 81' lang='grc' dir='ltr'>Χριστὸν</span> <span class='ocrx_word' id='word_1_201' title='bbox 769 958 971 994; x_wconf 74' lang='grc' dir='ltr'><strong>ὐπερυψοῦντες</strong></span> 
     </span>
    </p>
   </div>
   <div class='ocr_carea' id='block_1_33' title="bbox 1026 957 1811 994">
    <p class='ocr_par' dir='ltr' id='par_1_33' title="bbox 1026 957 1811 990">
     <span class='ocr_line' id='line_1_33' title="bbox 1026 957 1811 990; baseline 0.003 -6"><span class='ocrx_word' id='word_1_202' title='bbox 1026 957 1115 984; x_wconf 93' lang='lat' dir='ltr'><strong>rubim</strong></span> <span class='ocrx_word' id='word_1_203' title='bbox 1140 958 1317 990; x_wconf 86' lang='lat' dir='ltr'><strong>sanctiorem,</strong></span> <span class='ocrx_word' id='word_1_204' title='bbox 1335 962 1362 985; x_wconf 86' lang='lat' dir='ltr'><strong>et</strong></span> <span class='ocrx_word' id='word_1_205' title='bbox 1385 958 1471 985; x_wconf 90' lang='lat' dir='ltr'><strong>solam</strong></span> <span class='ocrx_word' id='word_1_206' title='bbox 1488 958 1535 986; x_wconf 86' lang='lat' dir='ltr'><strong>Dei</strong></span> <span class='ocrx_word' id='word_1_207' title='bbox 1555 963 1670 986; x_wconf 86' lang='lat' dir='ltr'><strong>matrem</strong></span> <span class='ocrx_word' id='word_1_208' title='bbox 1686 959 1811 987; x_wconf 77' lang='lat' dir='ltr'><strong>castissi-</strong></span> 
     </span>
    </p>
   </div>
   <div class='ocr_carea' id='block_1_34' title="bbox 184 1003 1003 1038">
    <p class='ocr_par' dir='ltr' id='par_1_34' title="bbox 184 1004 551 1036">
     <span class='ocr_line' id='line_1_34' title="bbox 184 1004 551 1036; baseline 0.008 -7"><span class='ocrx_word' id='word_1_209' title='bbox 184 1004 223 1034; x_wconf 70' lang='grc' dir='ltr'><strong>εἰς</strong></span> <span class='ocrx_word' id='word_1_210' title='bbox 237 1004 342 1035; x_wconf 80' lang='grc' dir='ltr'>πάντας</span> <span class='ocrx_word' id='word_1_211' title='bbox 362 1004 427 1036; x_wconf 82' lang='grc' dir='ltr'>τοὺς</span> <span class='ocrx_word' id='word_1_212' title='bbox 438 1004 551 1036; x_wconf 84' lang='grc' dir='ltr'>αιῶνας.</span> 
     </span>
    </p>
   </div>
   <div class='ocr_carea' id='block_1_35' title="bbox 1026 1003 1807 1038">
    <p class='ocr_par' dir='ltr' id='par_1_35' title="bbox 1026 1003 1807 1038">
     <span class='ocr_line' id='line_1_35' title="bbox 1026 1003 1807 1038; baseline 0.003 -8"><span class='ocrx_word' id='word_1_213' title='bbox 1026 1011 1107 1035; x_wconf 89' lang='lat' dir='ltr'><strong>mam,</strong></span> <span class='ocrx_word' id='word_1_214' title='bbox 1125 1003 1264 1030; x_wconf 83' lang='lat' dir='ltr'><strong>Christum</strong></span> <span class='ocrx_word' id='word_1_215' title='bbox 1295 1003 1530 1038; x_wconf 78' lang='lat' dir='ltr'><strong>superexaltantes</strong></span> <span class='ocrx_word' id='word_1_216' title='bbox 1546 1004 1573 1031; x_wconf 90' lang='lat' dir='ltr'><strong>in</strong></span> <span class='ocrx_word' id='word_1_217' title='bbox 1589 1004 1682 1032; x_wconf 85' lang='lat' dir='ltr'><strong>omnia</strong></span> <span class='ocrx_word' id='word_1_218' title='bbox 1696 1005 1807 1032; x_wconf 60' lang='lat' dir='ltr'><strong>sarcula.</strong></span> 
     </span>
    </p>
   </div>
   <div class='ocr_carea' id='block_1_36' title="bbox 219 1048 1003 1087">
    <p class='ocr_par' dir='ltr' id='par_1_36' title="bbox 219 1049 971 1087">
     <span class='ocr_line' id='line_1_36' title="bbox 219 1049 971 1087; baseline 0 -9"><span class='ocrx_word' id='word_1_219' title='bbox 219 1051 314 1078; x_wconf 72' lang='grc' dir='ltr'><strong>Φεῐσαι</strong></span> <span class='ocrx_word' id='word_1_220' title='bbox 337 1060 399 1086; x_wconf 82' lang='grc' dir='ltr'>μου,</span> <span class='ocrx_word' id='word_1_221' title='bbox 423 1050 527 1086; x_wconf 81' lang='grc' dir='ltr'><strong>Σῶτερ,</strong></span> <span class='ocrx_word' id='word_1_222' title='bbox 543 1051 557 1077; x_wconf 77' lang='grc' dir='ltr'><strong>ὁ</strong></span> <span class='ocrx_word' id='word_1_223' title='bbox 571 1050 690 1086; x_wconf 73' lang='grc' dir='ltr'><strong>τεχθεὶς,</strong></span> <span class='ocrx_word' id='word_1_224' title='bbox 712 1050 761 1077; x_wconf 76' lang='grc' dir='ltr'><strong>καὶ</strong></span> <span class='ocrx_word' id='word_1_225' title='bbox 782 1050 903 1085; x_wconf 76' lang='grc' dir='ltr'><strong>φυλάξας</strong></span> <span class='ocrx_word' id='word_1_226' title='bbox 921 1049 971 1087; x_wconf 75' lang='grc' dir='ltr'>τὴν</span> 
     </span>
    </p>
   </div>
   <div class='ocr_carea' id='block_1_37' title="bbox 1026 1048 1810 1087">
    <p class='ocr_par' dir='ltr' id='par_1_37' title="bbox 1057 1048 1810 1085">
     <span class='ocr_line' id='line_1_37' title="bbox 1057 1048 1810 1085; baseline 0.003 -9"><span class='ocrx_word' id='word_1_227' title='bbox 1057 1048 1141 1077; x_wconf 82' lang='lat' dir='ltr'><strong>Parce</strong></span> <span class='ocrx_word' id='word_1_228' title='bbox 1153 1049 1230 1083; x_wconf 84' lang='lat' dir='ltr'><strong>mihi,</strong></span> <span class='ocrx_word' id='word_1_229' title='bbox 1247 1049 1382 1081; x_wconf 86' lang='lat' dir='ltr'><strong>Salvator,</strong></span> <span class='ocrx_word' id='word_1_230' title='bbox 1395 1049 1441 1085; x_wconf 87' lang='lat' dir='ltr'><strong>qui</strong></span> <span class='ocrx_word' id='word_1_231' title='bbox 1453 1055 1533 1078; x_wconf 87' lang='lat' dir='ltr'><strong>natus</strong></span> <span class='ocrx_word' id='word_1_232' title='bbox 1545 1057 1586 1082; x_wconf 88' lang='lat' dir='ltr'><strong>es,</strong></span> <span class='ocrx_word' id='word_1_233' title='bbox 1603 1054 1630 1078; x_wconf 87' lang='lat' dir='ltr'><strong>et</strong></span> <span class='ocrx_word' id='word_1_234' title='bbox 1643 1051 1810 1079; x_wconf 81' lang='lat' dir='ltr'><strong>conservasti</strong></span> 
     </span>
    </p>
   </div>
   <div class='ocr_carea' id='block_1_38' title="bbox 183 1095 1003 1132">
    <p class='ocr_par' dir='ltr' id='par_1_38' title="bbox 183 1095 971 1132">
     <span class='ocr_line' id='line_1_38' title="bbox 183 1095 971 1132; baseline 0.001 -10"><span class='ocrx_word' id='word_1_235' title='bbox 183 1096 316 1124; x_wconf 77' lang='grc' dir='ltr'><strong>τεκοῦσάν</strong></span> <span class='ocrx_word' id='word_1_236' title='bbox 330 1105 360 1123; x_wconf 80' lang='grc' dir='ltr'><strong>σε</strong></span> <span class='ocrx_word' id='word_1_237' title='bbox 373 1096 492 1132; x_wconf 81' lang='grc' dir='ltr'>ἄφθορον</span> <span class='ocrx_word' id='word_1_238' title='bbox 505 1095 575 1131; x_wconf 78' lang='grc' dir='ltr'><strong>μετὰ</strong></span> <span class='ocrx_word' id='word_1_239' title='bbox 588 1096 638 1131; x_wconf 79' lang='grc' dir='ltr'>τήν</span> <span class='ocrx_word' id='word_1_240' title='bbox 649 1096 759 1131; x_wconf 78' lang='grc' dir='ltr'><strong>κύησιν,</strong></span> <span class='ocrx_word' id='word_1_241' title='bbox 779 1097 843 1123; x_wconf 76' lang='grc' dir='ltr'>ὅταν</span> <span class='ocrx_word' id='word_1_242' title='bbox 855 1096 971 1132; x_wconf 81' lang='grc' dir='ltr'><strong>καθίσῃς</strong></span> 
     </span>
    </p>
   </div>
   <div class='ocr_carea' id='block_1_39' title="bbox 1026 1095 1808 1132">
    <p class='ocr_par' dir='ltr' id='par_1_39' title="bbox 1026 1095 1808 1131">
     <span class='ocr_line' id='line_1_39' title="bbox 1026 1095 1808 1131; baseline 0.003 -9"><span class='ocrx_word' id='word_1_243' title='bbox 1026 1095 1208 1131; x_wconf 86' lang='lat' dir='ltr'><strong>incorruptam</strong></span> <span class='ocrx_word' id='word_1_244' title='bbox 1229 1100 1292 1131; x_wconf 89' lang='lat' dir='ltr'><strong>post</strong></span> <span class='ocrx_word' id='word_1_245' title='bbox 1315 1100 1421 1131; x_wconf 80' lang='lat' dir='ltr'><strong>partum</strong></span> <span class='ocrx_word' id='word_1_246' title='bbox 1444 1096 1605 1131; x_wconf 71' lang='lat' dir='ltr'><strong>genitricem</strong></span> <span class='ocrx_word' id='word_1_247' title='bbox 1630 1102 1720 1129; x_wconf 84' lang='lat' dir='ltr'><strong>tuam,</strong></span> <span class='ocrx_word' id='word_1_248' title='bbox 1745 1105 1808 1124; x_wconf 85' lang='lat' dir='ltr'><strong>cum</strong></span> 
     </span>
    </p>
   </div>
   <div class='ocr_carea' id='block_1_40' title="bbox 185 1140 1003 1176">
    <p class='ocr_par' dir='ltr' id='par_1_40' title="bbox 185 1140 971 1176">
     <span class='ocr_line' id='line_1_40' title="bbox 185 1140 971 1176; baseline 0 -9"><span class='ocrx_word' id='word_1_249' title='bbox 185 1142 276 1175; x_wconf 84' lang='grc' dir='ltr'>κρῐναι</span> <span class='ocrx_word' id='word_1_250' title='bbox 292 1141 327 1168; x_wconf 74' lang='grc' dir='ltr'><strong>τὰ</strong></span> <span class='ocrx_word' id='word_1_251' title='bbox 340 1140 409 1176; x_wconf 78' lang='grc' dir='ltr'>ἔργα</span> <span class='ocrx_word' id='word_1_252' title='bbox 421 1149 486 1176; x_wconf 84' lang='grc' dir='ltr'>μου,</span> <span class='ocrx_word' id='word_1_253' title='bbox 499 1141 549 1172; x_wconf 78' lang='grc' dir='ltr'><strong>τὰς</strong></span> <span class='ocrx_word' id='word_1_254' title='bbox 564 1140 681 1176; x_wconf 77' lang='grc' dir='ltr'><strong>ἀνομίας</strong></span> <span class='ocrx_word' id='word_1_255' title='bbox 695 1140 836 1176; x_wconf 79' lang='grc' dir='ltr'>παρορῶν,</span> <span class='ocrx_word' id='word_1_256' title='bbox 858 1141 905 1167; x_wconf 80' lang='grc' dir='ltr'><strong>καὶ</strong></span> <span class='ocrx_word' id='word_1_257' title='bbox 921 1141 971 1172; x_wconf 79' lang='grc' dir='ltr'>τὰς</span> 
     </span>
    </p>
   </div>
   <div class='ocr_carea' id='block_1_41' title="bbox 1026 1140 1810 1176">
    <p class='ocr_par' dir='ltr' id='par_1_41' title="bbox 1026 1140 1810 1176">
     <span class='ocr_line' id='line_1_41' title="bbox 1026 1140 1810 1176; baseline 0 -8"><span class='ocrx_word' id='word_1_258' title='bbox 1026 1141 1125 1169; x_wconf 76' lang='lat' dir='ltr'><strong>sederis</strong></span> <span class='ocrx_word' id='word_1_259' title='bbox 1142 1141 1176 1168; x_wconf 85' lang='lat' dir='ltr'><strong>ad</strong></span> <span class='ocrx_word' id='word_1_260' title='bbox 1191 1140 1338 1176; x_wconf 88' lang='lat' dir='ltr'><strong>judicanda</strong></span> <span class='ocrx_word' id='word_1_261' title='bbox 1357 1147 1440 1175; x_wconf 82' lang='lat' dir='ltr'><strong>opera</strong></span> <span class='ocrx_word' id='word_1_262' title='bbox 1457 1148 1533 1173; x_wconf 81' lang='lat' dir='ltr'><strong>mea;</strong></span> <span class='ocrx_word' id='word_1_263' title='bbox 1554 1140 1732 1169; x_wconf 84' lang='lat' dir='ltr'><strong>dissimulans</strong></span> <span class='ocrx_word' id='word_1_264' title='bbox 1755 1141 1810 1168; x_wconf 79' lang='lat' dir='ltr'><strong>ini-</strong></span> 
     </span>
    </p>
   </div>
   <div class='ocr_carea' id='block_1_42' title="bbox 183 1186 1003 1223">
    <p class='ocr_par' dir='ltr' id='par_1_42' title="bbox 183 1186 972 1223">
     <span class='ocr_line' id='line_1_42' title="bbox 183 1186 972 1223; baseline -0.003 -8"><span class='ocrx_word' id='word_1_265' title='bbox 183 1187 321 1222; x_wconf 74' lang='grc' dir='ltr'>ἁμαρτίας</span> <span class='ocrx_word' id='word_1_266' title='bbox 349 1195 411 1222; x_wconf 86' lang='grc' dir='ltr'>μου,</span> <span class='ocrx_word' id='word_1_267' title='bbox 439 1187 477 1219; x_wconf 83' lang='grc' dir='ltr'>ὡς</span> <span class='ocrx_word' id='word_1_268' title='bbox 493 1186 697 1223; x_wconf 76' lang='grc' dir='ltr'>ἀναμάρτητος,</span> <span class='ocrx_word' id='word_1_269' title='bbox 723 1186 849 1222; x_wconf 67' lang='grc' dir='ltr'>ἐλεήμων</span> <span class='ocrx_word' id='word_1_270' title='bbox 869 1187 883 1214; x_wconf 85' lang='grc'>6</span> <span class='ocrx_word' id='word_1_271' title='bbox 905 1186 972 1218; x_wconf 77' lang='grc' dir='ltr'>Θεὸς</span> 
     </span>
    </p>
   </div>
   <div class='ocr_carea' id='block_1_43' title="bbox 1026 1186 1812 1223">
    <p class='ocr_par' dir='ltr' id='par_1_43' title="bbox 1026 1186 1812 1222">
     <span class='ocr_line' id='line_1_43' title="bbox 1026 1186 1812 1222; baseline 0.001 -8"><span class='ocrx_word' id='word_1_272' title='bbox 1026 1188 1141 1222; x_wconf 75' lang='lat' dir='ltr'><strong>quitates</strong></span> <span class='ocrx_word' id='word_1_273' title='bbox 1156 1191 1184 1215; x_wconf 89' lang='lat' dir='ltr'><strong>et</strong></span> <span class='ocrx_word' id='word_1_274' title='bbox 1199 1192 1310 1222; x_wconf 84' lang='lat' dir='ltr'><strong>peccata</strong></span> <span class='ocrx_word' id='word_1_275' title='bbox 1333 1194 1405 1218; x_wconf 82' lang='lat' dir='ltr'><strong>mea.</strong></span> <span class='ocrx_word' id='word_1_276' title='bbox 1424 1191 1553 1222; x_wconf 87' lang='lat' dir='ltr'><strong>tanquam</strong></span> <span class='ocrx_word' id='word_1_277' title='bbox 1571 1186 1765 1221; x_wconf 83' lang='lat' dir='ltr'><strong>impeceabilis,</strong></span> <span class='ocrx_word' id='word_1_278' title='bbox 1783 1191 1812 1215; x_wconf 85' lang='lat' dir='ltr'><strong>et</strong></span> 
     </span>
    </p>
   </div>
   <div class='ocr_carea' id='block_1_44' title="bbox 184 1232 1003 1268">
    <p class='ocr_par' dir='ltr' id='par_1_44' title="bbox 184 1232 443 1268">
     <span class='ocr_line' id='line_1_44' title="bbox 184 1232 443 1268; baseline -0.004 -8"><span class='ocrx_word' id='word_1_279' title='bbox 184 1233 231 1260; x_wconf 72' lang='grc' dir='ltr'>καὶ</span> <span class='ocrx_word' id='word_1_280' title='bbox 241 1232 443 1268; x_wconf 80' lang='grc' dir='ltr'>φιλάνθρωπος.</span> 
     </span>
    </p>
   </div>
   <div class='ocr_carea' id='block_1_45' title="bbox 1026 1232 1670 1268">
    <p class='ocr_par' dir='ltr' id='par_1_45' title="bbox 1026 1232 1670 1268">
     <span class='ocr_line' id='line_1_45' title="bbox 1026 1232 1670 1268; baseline 0 -8"><span class='ocrx_word' id='word_1_281' title='bbox 1026 1232 1094 1261; x_wconf 88' lang='lat' dir='ltr'><strong>Deus</strong></span> <span class='ocrx_word' id='word_1_282' title='bbox 1108 1233 1278 1266; x_wconf 85' lang='lat' dir='ltr'><strong>misericors,</strong></span> <span class='ocrx_word' id='word_1_283' title='bbox 1293 1238 1375 1268; x_wconf 81' lang='lat' dir='ltr'><strong>atque</strong></span> <span class='ocrx_word' id='word_1_284' title='bbox 1388 1233 1538 1268; x_wconf 77' lang='lat' dir='ltr'><strong>hominum</strong></span> <span class='ocrx_word' id='word_1_285' title='bbox 1555 1237 1670 1261; x_wconf 81' lang='lat' dir='ltr'><strong>amator.</strong></span> 
     </span>
    </p>
   </div>
   <div class='ocr_carea' id='block_1_46' title="bbox 618 1287 1409 1325">
    <p class='ocr_par' dir='ltr' id='par_1_46' title="bbox 618 1287 1409 1325">
     <span class='ocr_line' id='line_1_46' title="bbox 618 1287 1409 1325; baseline 0.003 -10"><span class='ocrx_word' id='word_1_286' title='bbox 618 1287 661 1315; x_wconf 72' lang='lat' dir='ltr'><strong>Ea:</strong></span> <span class='ocrx_word' id='word_1_287' title='bbox 672 1287 777 1317; x_wconf 82' lang='lat' dir='ltr'><strong>Canone</strong></span> <span class='ocrx_word' id='word_1_288' title='bbox 786 1289 814 1316; x_wconf 77' lang='lat' dir='ltr'><strong>in</strong></span> <span class='ocrx_word' id='word_1_289' title='bbox 829 1288 880 1317; x_wconf 84' lang='lat' dir='ltr'><strong>SS.</strong></span> <span class='ocrx_word' id='word_1_290' title='bbox 898 1289 1025 1324; x_wconf 72' lang='lat' dir='ltr'><strong>Carpam,</strong></span> <span class='ocrx_word' id='word_1_291' title='bbox 1036 1295 1062 1317; x_wconf 77' lang='lat' dir='ltr'><strong>et</strong></span> <span class='ocrx_word' id='word_1_292' title='bbox 1074 1289 1215 1325; x_wconf 77' lang='lat' dir='ltr'><strong>Popylum,</strong></span> <span class='ocrx_word' id='word_1_293' title='bbox 1228 1290 1270 1317; x_wconf 80' lang='lat' dir='ltr'><strong>die</strong></span> <span class='ocrx_word' id='word_1_294' title='bbox 1284 1290 1316 1317; x_wconf 72' lang='grc'><strong>15</strong></span> <span class='ocrx_word' id='word_1_295' title='bbox 1328 1289 1409 1325; x_wconf 83' lang='grc'><strong>(86“).</strong></span> 
     </span>
    </p>
   </div>
   <div class='ocr_carea' id='block_1_47' title="bbox 219 1344 1809 1381">
    <p class='ocr_par' dir='ltr' id='par_1_47' title="bbox 219 1344 1809 1381">
     <span class='ocr_line' id='line_1_47' title="bbox 219 1344 1809 1381; baseline -0.001 -8"><span class='ocrx_word' id='word_1_296' title='bbox 219 1345 242 1373; x_wconf 90' lang='grc'><strong>0</strong></span> <span class='ocrx_word' id='word_1_297' title='bbox 254 1348 332 1380; x_wconf 88' lang='lat' dir='ltr'><strong>porta</strong></span> <span class='ocrx_word' id='word_1_298' title='bbox 344 1345 423 1379; x_wconf 85' lang='lat' dir='ltr'><strong>lucis,</strong></span> <span class='ocrx_word' id='word_1_299' title='bbox 445 1352 506 1380; x_wconf 69' lang='lat' dir='ltr'><strong>qua!</strong></span> <span class='ocrx_word' id='word_1_300' title='bbox 519 1352 552 1372; x_wconf 79' lang='lat' dir='ltr'><strong>ex</strong></span> <span class='ocrx_word' id='word_1_301' title='bbox 568 1344 733 1380; x_wconf 85' lang='lat' dir='ltr'><strong>incorruptis</strong></span> <span class='ocrx_word' id='word_1_302' title='bbox 747 1345 898 1373; x_wconf 79' lang='lat' dir='ltr'><strong>visceribus</strong></span> <span class='ocrx_word' id='word_1_303' title='bbox 914 1345 967 1373; x_wconf 81' lang='lat' dir='ltr'><strong>tuis</strong></span> <span class='ocrx_word' id='word_1_304' title='bbox 1021 1347 1106 1374; x_wconf 88' lang='lat' dir='ltr'><strong>Deum</strong></span> <span class='ocrx_word' id='word_1_305' title='bbox 1121 1346 1443 1381; x_wconf 88' lang='lat' dir='ltr'><strong>incomprehensibilem,</strong></span> <span class='ocrx_word' id='word_1_306' title='bbox 1459 1345 1589 1380; x_wconf 87' lang='lat' dir='ltr'><strong>peperisti</strong></span> <span class='ocrx_word' id='word_1_307' title='bbox 1607 1352 1689 1380; x_wconf 88' lang='lat' dir='ltr'><strong>supra</strong></span> <span class='ocrx_word' id='word_1_308' title='bbox 1704 1350 1809 1372; x_wconf 69' lang='lat' dir='ltr'><strong>natura:</strong></span> 
     </span>
    </p>
   </div>
   <div class='ocr_carea' id='block_1_48' title="bbox 184 1390 1842 1428">
    <p class='ocr_par' dir='ltr' id='par_1_48' title="bbox 184 1390 1842 1428">
     <span class='ocr_line' id='line_1_48' title="bbox 184 1390 1842 1428; baseline 0 -10"><span class='ocrx_word' id='word_1_309' title='bbox 184 1390 296 1424; x_wconf 83' lang='lat' dir='ltr'><strong>ellulsit.</strong></span> <span class='ocrx_word' id='word_1_310' title='bbox 316 1391 392 1418; x_wconf 91' lang='lat' dir='ltr'><strong>vibra</strong></span> <span class='ocrx_word' id='word_1_311' title='bbox 428 1391 455 1418; x_wconf 91' lang='lat' dir='ltr'><strong>in</strong></span> <span class='ocrx_word' id='word_1_312' title='bbox 490 1398 534 1418; x_wconf 87' lang='lat' dir='ltr'><strong>me</strong></span> <span class='ocrx_word' id='word_1_313' title='bbox 571 1390 766 1418; x_wconf 87' lang='lat' dir='ltr'><strong>illuminativos</strong></span> <span class='ocrx_word' id='word_1_314' title='bbox 807 1391 973 1426; x_wconf 68' lang='lat' dir='ltr'><strong>poenitentia:</strong></span> <span class='ocrx_word' id='word_1_315' title='bbox 1024 1393 1147 1425; x_wconf 87' lang='lat' dir='ltr'><strong>modum,</strong></span> <span class='ocrx_word' id='word_1_316' title='bbox 1158 1392 1350 1428; x_wconf 84' lang='lat' dir='ltr'><strong>plasmatorem</strong></span> <span class='ocrx_word' id='word_1_317' title='bbox 1366 1396 1478 1419; x_wconf 70' lang='lat' dir='ltr'><strong>naturae.</strong></span> <span class='ocrx_word' id='word_1_318' title='bbox 1492 1391 1618 1426; x_wconf 75' lang='lat' dir='ltr'><strong>Magnum</strong></span> <span class='ocrx_word' id='word_1_319' title='bbox 1631 1391 1808 1426; x_wconf 87' lang='lat' dir='ltr'><strong>mysterium!</strong></span> <span class='ocrx_word' id='word_1_320' title='bbox 1840 1425 1842 1427; x_wconf 94' lang='lat'><em>_</em></span> 
     </span>
    </p>
   </div>
   <div class='ocr_carea' id='block_1_49' title="bbox 186 1436 1811 1475">
    <p class='ocr_par' dir='ltr' id='par_1_49' title="bbox 186 1436 1811 1475">
     <span class='ocr_line' id='line_1_49' title="bbox 186 1436 1811 1475; baseline -0.001 -11"><span class='ocrx_word' id='word_1_321' title='bbox 186 1437 292 1470; x_wconf 76' lang='lat' dir='ltr'><strong>radios,</strong></span> <span class='ocrx_word' id='word_1_322' title='bbox 319 1441 347 1464; x_wconf 89' lang='lat' dir='ltr'><strong>et</strong></span> <span class='ocrx_word' id='word_1_323' title='bbox 371 1436 474 1471; x_wconf 86' lang='lat' dir='ltr'><strong>dissipa</strong></span> <span class='ocrx_word' id='word_1_324' title='bbox 491 1440 666 1471; x_wconf 85' lang='lat' dir='ltr'><strong>peccatorum</strong></span> <span class='ocrx_word' id='word_1_325' title='bbox 683 1444 807 1464; x_wconf 88' lang='lat' dir='ltr'><strong>meorum</strong></span> <span class='ocrx_word' id='word_1_326' title='bbox 835 1437 972 1470; x_wconf 84' lang='lat' dir='ltr'><strong>tenebras,</strong></span> <span class='ocrx_word' id='word_1_327' title='bbox 1024 1438 1223 1474; x_wconf 81' lang='lat' dir='ltr'><strong>inintelligibile</strong></span> <span class='ocrx_word' id='word_1_328' title='bbox 1240 1438 1320 1475; x_wconf 61' lang='lat'><strong>194</strong></span> <span class='ocrx_word' id='word_1_329' title='bbox 1335 1437 1514 1471; x_wconf 84' lang='lat' dir='ltr'><strong>miraculum,</strong></span> <span class='ocrx_word' id='word_1_330' title='bbox 1535 1445 1551 1465; x_wconf 91' lang='grc' dir='ltr'><strong>ο</strong></span> <span class='ocrx_word' id='word_1_331' title='bbox 1575 1437 1655 1472; x_wconf 72' lang='lat' dir='ltr'><strong>Virgo</strong></span> <span class='ocrx_word' id='word_1_332' title='bbox 1677 1437 1735 1464; x_wconf 84' lang='lat' dir='ltr'><strong>sola</strong></span> <span class='ocrx_word' id='word_1_333' title='bbox 1749 1437 1811 1464; x_wconf 87' lang='lat' dir='ltr'><strong>sine</strong></span> 
     </span>
    </p>
   </div>
   <div class='ocr_carea' id='block_1_50' title="bbox 219 773 972 811">
    <p class='ocr_par' dir='ltr' id='par_1_50' title="bbox 219 773 972 811">
     <span class='ocr_line' id='line_1_50' title="bbox 219 773 972 811; baseline 0.004 -11"><span class='ocrx_word' id='word_1_334' title='bbox 219 774 273 801; x_wconf 78' lang='grc' dir='ltr'>Σὺν</span> <span class='ocrx_word' id='word_1_335' title='bbox 299 773 454 809; x_wconf 79' lang='grc' dir='ltr'><strong>ἀσωμάτων</strong></span> <span class='ocrx_word' id='word_1_336' title='bbox 478 773 586 808; x_wconf 74' lang='grc' dir='ltr'><strong>τάξεσι,</strong></span> <span class='ocrx_word' id='word_1_337' title='bbox 605 774 655 802; x_wconf 76' lang='grc' dir='ltr'>σὺν</span> <span class='ocrx_word' id='word_1_338' title='bbox 675 773 824 811; x_wconf 79' lang='grc' dir='ltr'>μαρτύρων</span> <span class='ocrx_word' id='word_1_339' title='bbox 841 775 972 811; x_wconf 78' lang='grc' dir='ltr'><strong>στρατιῦ-</strong></span> 
     </span>
    </p>
   </div>
   <div class='ocr_carea' id='block_1_51' title="bbox 186 1482 600 1518">
    <p class='ocr_par' dir='ltr' id='par_1_51' title="bbox 186 1482 600 1518">
     <span class='ocr_line' id='line_1_51' title="bbox 186 1482 600 1518; baseline 0 -8"><span class='ocrx_word' id='word_1_340' title='bbox 186 1490 203 1510; x_wconf 91' lang='grc' dir='ltr'><strong>ο</strong></span> <span class='ocrx_word' id='word_1_341' title='bbox 217 1483 309 1510; x_wconf 88' lang='lat' dir='ltr'><strong>divina</strong></span> <span class='ocrx_word' id='word_1_342' title='bbox 325 1482 413 1518; x_wconf 71' lang='lat' dir='ltr'><strong>gratia</strong></span> <span class='ocrx_word' id='word_1_343' title='bbox 429 1482 600 1518; x_wconf 76' lang='lat' dir='ltr'><strong>plenissima.</strong></span> 
     </span>
    </p>
   </div>
   <div class='ocr_carea' id='block_1_52' title="bbox 220 1528 975 1565">
    <p class='ocr_par' dir='ltr' id='par_1_52' title="bbox 220 1528 975 1565">
     <span class='ocr_line' id='line_1_52' title="bbox 220 1528 975 1565; baseline 0.001 -9"><span class='ocrx_word' id='word_1_344' title='bbox 220 1529 415 1565; x_wconf 74' lang='lat' dir='ltr'><strong>Cognovimus,</strong></span> <span class='ocrx_word' id='word_1_345' title='bbox 449 1529 580 1562; x_wconf 88' lang='lat' dir='ltr'><strong>Domine,</strong></span> <span class='ocrx_word' id='word_1_346' title='bbox 610 1528 683 1564; x_wconf 88' lang='lat' dir='ltr'><strong>quod</strong></span> <span class='ocrx_word' id='word_1_347' title='bbox 709 1536 772 1556; x_wconf 81' lang='lat' dir='ltr'><strong>eum</strong></span> <span class='ocrx_word' id='word_1_348' title='bbox 803 1529 873 1556; x_wconf 91' lang='lat' dir='ltr'><strong>Deus</strong></span> <span class='ocrx_word' id='word_1_349' title='bbox 899 1536 975 1558; x_wconf 75' lang='lat' dir='ltr'><strong>esses</strong></span> 
     </span>
    </p>
   </div>
   <div class='ocr_carea' id='block_1_53' title="bbox 1025 1485 1283 1520">
    <p class='ocr_par' dir='ltr' id='par_1_53' title="bbox 1025 1485 1283 1520">
     <span class='ocr_line' id='line_1_53' title="bbox 1025 1485 1283 1520; baseline 0 -8"><span class='ocrx_word' id='word_1_350' title='bbox 1025 1485 1079 1513; x_wconf 83' lang='lat' dir='ltr'><strong>ulla</strong></span> <span class='ocrx_word' id='word_1_351' title='bbox 1094 1487 1200 1513; x_wconf 81' lang='lat' dir='ltr'><strong>macula</strong></span> <span class='ocrx_word' id='word_1_352' title='bbox 1216 1485 1283 1520; x_wconf 82' lang='lat'><strong>(87).</strong></span> 
     </span>
    </p>
   </div>
   <div class='ocr_carea' id='block_1_54' title="bbox 1061 1529 1810 1566">
    <p class='ocr_par' dir='ltr' id='par_1_54' title="bbox 1061 1529 1810 1566">
     <span class='ocr_line' id='line_1_54' title="bbox 1061 1529 1810 1566; baseline -0.005 -7"><span class='ocrx_word' id='word_1_353' title='bbox 1061 1531 1101 1558; x_wconf 80' lang='lat' dir='ltr'><strong>Ex</strong></span> <span class='ocrx_word' id='word_1_354' title='bbox 1127 1531 1184 1559; x_wconf 89' lang='lat' dir='ltr'><strong>luto</strong></span> <span class='ocrx_word' id='word_1_355' title='bbox 1211 1531 1385 1566; x_wconf 87' lang='lat' dir='ltr'><strong>passionum,</strong></span> <span class='ocrx_word' id='word_1_356' title='bbox 1412 1537 1447 1558; x_wconf 75' lang='lat' dir='ltr'><strong>ex</strong></span> <span class='ocrx_word' id='word_1_357' title='bbox 1473 1529 1604 1557; x_wconf 80' lang='lat' dir='ltr'><strong>barathro</strong></span> <span class='ocrx_word' id='word_1_358' title='bbox 1634 1534 1810 1564; x_wconf 80' lang='lat' dir='ltr'><strong>peccatorum</strong></span> 
     </span>
    </p>
   </div>
   <div class='ocr_carea' id='block_1_55' title="bbox 185 1575 1810 1620">
    <p class='ocr_par' dir='ltr' id='par_1_55' title="bbox 185 1575 1810 1620">
     <span class='ocr_line' id='line_1_55' title="bbox 185 1575 1810 1620; baseline -0.002 -16"><span class='ocrx_word' id='word_1_359' title='bbox 185 1577 321 1612; x_wconf 90' lang='lat' dir='ltr'><strong>principio</strong></span> <span class='ocrx_word' id='word_1_360' title='bbox 335 1585 448 1610; x_wconf 86' lang='lat' dir='ltr'><strong>carens,</strong></span> <span class='ocrx_word' id='word_1_361' title='bbox 463 1576 628 1611; x_wconf 83' lang='lat' dir='ltr'><strong>principium</strong></span> <span class='ocrx_word' id='word_1_362' title='bbox 647 1577 748 1604; x_wconf 86' lang='lat' dir='ltr'><strong>habere</strong></span> <span class='ocrx_word' id='word_1_363' title='bbox 764 1576 931 1608; x_wconf 87' lang='lat' dir='ltr'><strong>sustinuisti.</strong></span> <span class='ocrx_word' id='word_1_364' title='bbox 947 1580 974 1603; x_wconf 89' lang='lat' dir='ltr'><strong>et</strong></span> <span class='ocrx_word' id='word_1_365' title='bbox 987 1590 1010 1620; x_wconf 63' lang='grc' dir='ltr'>α</span> <span class='ocrx_word' id='word_1_366' title='bbox 1025 1577 1104 1609; x_wconf 88' lang='lat' dir='ltr'><strong>educ,</strong></span> <span class='ocrx_word' id='word_1_367' title='bbox 1119 1581 1147 1604; x_wconf 89' lang='lat' dir='ltr'><strong>et</strong></span> <span class='ocrx_word' id='word_1_368' title='bbox 1160 1584 1222 1611; x_wconf 69' lang='lat' dir='ltr'><strong>rege</strong></span> <span class='ocrx_word' id='word_1_369' title='bbox 1235 1584 1278 1604; x_wconf 89' lang='lat' dir='ltr'><strong>me</strong></span> <span class='ocrx_word' id='word_1_370' title='bbox 1293 1583 1401 1604; x_wconf 85' lang='lat' dir='ltr'><strong>servum</strong></span> <span class='ocrx_word' id='word_1_371' title='bbox 1418 1580 1494 1604; x_wconf 88' lang='lat' dir='ltr'><strong>tuum</strong></span> <span class='ocrx_word' id='word_1_372' title='bbox 1513 1583 1622 1609; x_wconf 84' lang='lat' dir='ltr'><strong>semper</strong></span> <span class='ocrx_word' id='word_1_373' title='bbox 1638 1575 1810 1603; x_wconf 87' lang='lat' dir='ltr'><strong>contitenteut</strong></span> 
     </span>
    </p>
   </div>
   <div class='ocr_carea' id='block_1_56' title="bbox 185 1623 974 1659">
    <p class='ocr_par' dir='ltr' id='par_1_56' title="bbox 185 1623 974 1659">
     <span class='ocr_line' id='line_1_56' title="bbox 185 1623 974 1659; baseline -0.001 -8"><span class='ocrx_word' id='word_1_374' title='bbox 185 1631 220 1651; x_wconf 83' lang='lat' dir='ltr'><strong>ex</strong></span> <span class='ocrx_word' id='word_1_375' title='bbox 234 1623 343 1659; x_wconf 75' lang='lat' dir='ltr'><strong>Virgine</strong></span> <span class='ocrx_word' id='word_1_376' title='bbox 354 1623 456 1658; x_wconf 81' lang='lat' dir='ltr'><strong>absque</strong></span> <span class='ocrx_word' id='word_1_377' title='bbox 469 1623 619 1650; x_wconf 87' lang='lat' dir='ltr'><strong>mutatione</strong></span> <span class='ocrx_word' id='word_1_378' title='bbox 630 1623 788 1657; x_wconf 85' lang='lat' dir='ltr'><strong>procedere,</strong></span> <span class='ocrx_word' id='word_1_379' title='bbox 799 1631 879 1658; x_wconf 83' lang='lat' dir='ltr'><strong>quant</strong></span> <span class='ocrx_word' id='word_1_380' title='bbox 891 1623 974 1650; x_wconf 86' lang='lat' dir='ltr'><strong>etiam</strong></span> 
     </span>
    </p>
   </div>
   <div class='ocr_carea' id='block_1_57' title="bbox 188 1668 929 1704">
    <p class='ocr_par' dir='ltr' id='par_1_57' title="bbox 188 1668 929 1704">
     <span class='ocr_line' id='line_1_57' title="bbox 188 1668 929 1704; baseline 0 -8"><span class='ocrx_word' id='word_1_381' title='bbox 188 1673 250 1704; x_wconf 82' lang='lat' dir='ltr'><strong>post</strong></span> <span class='ocrx_word' id='word_1_382' title='bbox 265 1672 372 1704; x_wconf 87' lang='lat' dir='ltr'><strong>partum</strong></span> <span class='ocrx_word' id='word_1_383' title='bbox 388 1668 574 1704; x_wconf 80' lang='lat' dir='ltr'><strong>inconuptam</strong></span> <span class='ocrx_word' id='word_1_384' title='bbox 589 1675 739 1703; x_wconf 86' lang='lat' dir='ltr'><strong>puramque</strong></span> <span class='ocrx_word' id='word_1_385' title='bbox 750 1669 929 1696; x_wconf 83' lang='lat' dir='ltr'><strong>conservasti.</strong></span> 
     </span>
    </p>
   </div>
   <div class='ocr_carea' id='block_1_58' title="bbox 175 1713 972 1754">
    <p class='ocr_par' dir='ltr' id='par_1_58' title="bbox 175 1713 972 1754">
     <span class='ocr_line' id='line_1_58' title="bbox 175 1713 972 1754; baseline 0.001 -13"><span class='ocrx_word' id='word_1_386' title='bbox 175 1752 178 1754; x_wconf 90' lang='lat'><em>_</em></span> <span class='ocrx_word' id='word_1_387' title='bbox 223 1713 385 1741; x_wconf 84' lang='lat' dir='ltr'><strong>Thalamum</strong></span> <span class='ocrx_word' id='word_1_388' title='bbox 413 1713 460 1741; x_wconf 89' lang='lat' dir='ltr'><strong>Dei</strong></span> <span class='ocrx_word' id='word_1_389' title='bbox 481 1714 738 1748; x_wconf 88' lang='lat' dir='ltr'><strong>ineontaminatum,</strong></span> <span class='ocrx_word' id='word_1_390' title='bbox 764 1718 884 1742; x_wconf 85' lang='lat' dir='ltr'><strong>montem</strong></span> <span class='ocrx_word' id='word_1_391' title='bbox 899 1722 914 1742; x_wconf 88' lang='lat' dir='ltr'><strong>a</strong></span> <span class='ocrx_word' id='word_1_392' title='bbox 932 1715 972 1742; x_wconf 84' lang='lat' dir='ltr'><strong>la-</strong></span> 
     </span>
    </p>
   </div>
   <div class='ocr_carea' id='block_1_59' title="bbox 187 1759 975 1796">
    <p class='ocr_par' dir='ltr' id='par_1_59' title="bbox 187 1759 975 1796">
     <span class='ocr_line' id='line_1_59' title="bbox 187 1759 975 1796; baseline -0.001 -8"><span class='ocrx_word' id='word_1_393' title='bbox 187 1760 281 1796; x_wconf 66' lang='lat' dir='ltr'><strong>picids</strong></span> <span class='ocrx_word' id='word_1_394' title='bbox 293 1760 418 1788; x_wconf 88' lang='lat' dir='ltr'><strong>manibus</strong></span> <span class='ocrx_word' id='word_1_395' title='bbox 430 1759 590 1792; x_wconf 86' lang='lat' dir='ltr'><strong>immunem,</strong></span> <span class='ocrx_word' id='word_1_396' title='bbox 605 1767 695 1788; x_wconf 90' lang='lat' dir='ltr'><strong>arcam</strong></span> <span class='ocrx_word' id='word_1_397' title='bbox 713 1764 836 1788; x_wconf 81' lang='lat' dir='ltr'><strong>sanctam</strong></span> <span class='ocrx_word' id='word_1_398' title='bbox 851 1768 883 1788; x_wconf 90' lang='lat' dir='ltr'><strong>ac</strong></span> <span class='ocrx_word' id='word_1_399' title='bbox 897 1768 975 1787; x_wconf 86' lang='lat' dir='ltr'><strong>men-</strong></span> 
     </span>
    </p>
   </div>
   <div class='ocr_carea' id='block_1_60' title="bbox 188 1805 974 1839">
    <p class='ocr_par' dir='ltr' id='par_1_60' title="bbox 188 1805 974 1839">
     <span class='ocr_line' id='line_1_60' title="bbox 188 1805 974 1839; baseline -0.001 -5"><span class='ocrx_word' id='word_1_400' title='bbox 188 1815 259 1839; x_wconf 73' lang='lat' dir='ltr'><strong>sam,</strong></span> <span class='ocrx_word' id='word_1_401' title='bbox 284 1811 312 1834; x_wconf 86' lang='lat' dir='ltr'><strong>et</strong></span> <span class='ocrx_word' id='word_1_402' title='bbox 334 1806 463 1834; x_wconf 85' lang='lat' dir='ltr'><strong>carbonis</strong></span> <span class='ocrx_word' id='word_1_403' title='bbox 485 1806 672 1833; x_wconf 81' lang='lat' dir='ltr'><strong>immaterialis</strong></span> <span class='ocrx_word' id='word_1_404' title='bbox 692 1805 861 1833; x_wconf 87' lang='lat' dir='ltr'><strong>thuribulum</strong></span> <span class='ocrx_word' id='word_1_405' title='bbox 878 1812 974 1833; x_wconf 88' lang='lat' dir='ltr'><strong>omnes</strong></span> 
     </span>
    </p>
   </div>
   <div class='ocr_carea' id='block_1_61' title="bbox 188 1850 974 1887">
    <p class='ocr_par' dir='ltr' id='par_1_61' title="bbox 188 1850 974 1887">
     <span class='ocr_line' id='line_1_61' title="bbox 188 1850 974 1887; baseline 0 -8"><span class='ocrx_word' id='word_1_406' title='bbox 188 1852 281 1880; x_wconf 83' lang='lat' dir='ltr'><strong>ﬁdeles</strong></span> <span class='ocrx_word' id='word_1_407' title='bbox 295 1857 322 1880; x_wconf 86' lang='lat' dir='ltr'><strong>te</strong></span> <span class='ocrx_word' id='word_1_408' title='bbox 339 1851 532 1887; x_wconf 69' lang='lat' dir='ltr'><strong>praedicamus,</strong></span> <span class='ocrx_word' id='word_1_409' title='bbox 545 1859 562 1879; x_wconf 95' lang='lat' dir='ltr'><strong>o</strong></span> <span class='ocrx_word' id='word_1_410' title='bbox 576 1855 652 1880; x_wconf 86' lang='lat' dir='ltr'><strong>casta</strong></span> <span class='ocrx_word' id='word_1_411' title='bbox 677 1850 770 1887; x_wconf 75' lang='lat' dir='ltr'><strong>Virgo,</strong></span> <span class='ocrx_word' id='word_1_412' title='bbox 794 1855 851 1878; x_wconf 88' lang='lat' dir='ltr'><strong>tota</strong></span> <span class='ocrx_word' id='word_1_413' title='bbox 874 1852 974 1879; x_wconf 85' lang='lat' dir='ltr'><strong>imma-</strong></span> 
     </span>
    </p>
   </div>
   <div class='ocr_carea' id='block_1_62' title="bbox 191 1899 294 1926">
    <p class='ocr_par' dir='ltr' id='par_1_62' title="bbox 191 1899 294 1926">
     <span class='ocr_line' id='line_1_62' title="bbox 191 1899 294 1926; baseline -0.01 0"><span class='ocrx_word' id='word_1_414' title='bbox 191 1899 294 1926; x_wconf 83' lang='lat' dir='ltr'><strong>culata.</strong></span> 
     </span>
    </p>
   </div>
   <div class='ocr_carea' id='block_1_63' title="bbox 223 1943 973 1979">
    <p class='ocr_par' dir='ltr' id='par_1_63' title="bbox 223 1943 973 1979">
     <span class='ocr_line' id='line_1_63' title="bbox 223 1943 973 1979; baseline -0.001 -7"><span class='ocrx_word' id='word_1_415' title='bbox 223 1943 335 1972; x_wconf 89' lang='lat' dir='ltr'><strong>Portum</strong></span> <span class='ocrx_word' id='word_1_416' title='bbox 353 1943 501 1972; x_wconf 84' lang='lat' dir='ltr'><strong>salutarem</strong></span> <span class='ocrx_word' id='word_1_417' title='bbox 518 1947 555 1977; x_wconf 90' lang='lat' dir='ltr'><strong>te,</strong></span> <span class='ocrx_word' id='word_1_418' title='bbox 573 1951 589 1971; x_wconf 91' lang='grc' dir='ltr'><strong>ο</strong></span> <span class='ocrx_word' id='word_1_419' title='bbox 604 1943 698 1979; x_wconf 80' lang='lat' dir='ltr'><strong>Virgo,</strong></span> <span class='ocrx_word' id='word_1_420' title='bbox 718 1943 849 1971; x_wconf 85' lang='lat' dir='ltr'><strong>habentes</strong></span> <span class='ocrx_word' id='word_1_421' title='bbox 861 1951 911 1971; x_wconf 90' lang='lat' dir='ltr'><strong>nos</strong></span> <span class='ocrx_word' id='word_1_422' title='bbox 925 1943 973 1978; x_wconf 89' lang='lat' dir='ltr'><strong>qui</strong></span> 
     </span>
    </p>
   </div>
   <div class='ocr_carea' id='block_1_64' title="bbox 187 1989 974 2026">
    <p class='ocr_par' dir='ltr' id='par_1_64' title="bbox 187 1989 974 2026">
     <span class='ocr_line' id='line_1_64' title="bbox 187 1989 974 2026; baseline -0.004 -7"><span class='ocrx_word' id='word_1_423' title='bbox 187 1991 298 2019; x_wconf 78' lang='lat' dir='ltr'><strong>assidue</strong></span> <span class='ocrx_word' id='word_1_424' title='bbox 315 1990 341 2017; x_wconf 90' lang='lat' dir='ltr'><strong>in</strong></span> <span class='ocrx_word' id='word_1_425' title='bbox 359 1990 584 2026; x_wconf 74' lang='lat' dir='ltr'><strong>gravissimorum</strong></span> <span class='ocrx_word' id='word_1_426' title='bbox 613 1989 747 2016; x_wconf 90' lang='lat' dir='ltr'><strong>malorum</strong></span> <span class='ocrx_word' id='word_1_427' title='bbox 767 1989 862 2024; x_wconf 74' lang='lat' dir='ltr'><strong>pelago</strong></span> <span class='ocrx_word' id='word_1_428' title='bbox 885 1989 974 2024; x_wconf 67' lang='lat' dir='ltr'><strong>jacta~</strong></span> 
     </span>
    </p>
   </div>
   <div class='ocr_carea' id='block_1_65' title="bbox 188 2035 973 2071">
    <p class='ocr_par' dir='ltr' id='par_1_65' title="bbox 188 2035 973 2071">
     <span class='ocr_line' id='line_1_65' title="bbox 188 2035 973 2071; baseline -0.004 -6"><span class='ocrx_word' id='word_1_429' title='bbox 188 2046 260 2071; x_wconf 87' lang='lat' dir='ltr'><strong>mur,</strong></span> <span class='ocrx_word' id='word_1_430' title='bbox 285 2036 319 2064; x_wconf 92' lang='lat' dir='ltr'><strong>ad</strong></span> <span class='ocrx_word' id='word_1_431' title='bbox 335 2040 361 2064; x_wconf 88' lang='lat' dir='ltr'><strong>te</strong></span> <span class='ocrx_word' id='word_1_432' title='bbox 376 2036 561 2071; x_wconf 74' lang='lat' dir='ltr'><strong>confugimus,</strong></span> <span class='ocrx_word' id='word_1_433' title='bbox 575 2040 603 2063; x_wconf 88' lang='lat' dir='ltr'><strong>et</strong></span> <span class='ocrx_word' id='word_1_434' title='bbox 624 2036 652 2063; x_wconf 86' lang='lat' dir='ltr'><strong>in</strong></span> <span class='ocrx_word' id='word_1_435' title='bbox 675 2040 701 2062; x_wconf 91' lang='lat' dir='ltr'><strong>te</strong></span> <span class='ocrx_word' id='word_1_436' title='bbox 720 2040 875 2070; x_wconf 86' lang='lat' dir='ltr'><strong>sperantes,</strong></span> <span class='ocrx_word' id='word_1_437' title='bbox 899 2035 973 2063; x_wconf 82' lang='lat' dir='ltr'><strong>mala</strong></span> 
     </span>
    </p>
   </div>
   <div class='ocr_carea' id='block_1_66' title="bbox 189 2081 719 2112">
    <p class='ocr_par' dir='ltr' id='par_1_66' title="bbox 189 2081 719 2112">
     <span class='ocr_line' id='line_1_66' title="bbox 189 2081 719 2112; baseline -0.008 0"><span class='ocrx_word' id='word_1_438' title='bbox 189 2084 311 2112; x_wconf 84' lang='lat' dir='ltr'><strong>hostium</strong></span> <span class='ocrx_word' id='word_1_439' title='bbox 327 2083 443 2111; x_wconf 90' lang='lat' dir='ltr'><strong>consilia</strong></span> <span class='ocrx_word' id='word_1_440' title='bbox 457 2090 511 2109; x_wconf 91' lang='lat' dir='ltr'><strong>non</strong></span> <span class='ocrx_word' id='word_1_441' title='bbox 531 2081 719 2109; x_wconf 75' lang='lat' dir='ltr'><strong>formidamus.</strong></span> 
     </span>
    </p>
   </div>
   <div class='ocr_carea' id='block_1_67' title="bbox 223 2127 971 2165">
    <p class='ocr_par' dir='ltr' id='par_1_67' title="bbox 223 2127 971 2165">
     <span class='ocr_line' id='line_1_67' title="bbox 223 2127 971 2165; baseline -0.007 -6"><span class='ocrx_word' id='word_1_442' title='bbox 223 2129 377 2165; x_wconf 87' lang='lat' dir='ltr'><strong>Concepisti</strong></span> <span class='ocrx_word' id='word_1_443' title='bbox 403 2129 508 2164; x_wconf 81' lang='lat' dir='ltr'><strong>absque</strong></span> <span class='ocrx_word' id='word_1_444' title='bbox 531 2128 618 2156; x_wconf 81' lang='lat' dir='ltr'><strong>virilis</strong></span> <span class='ocrx_word' id='word_1_445' title='bbox 637 2128 767 2156; x_wconf 85' lang='lat' dir='ltr'><strong>consortii</strong></span> <span class='ocrx_word' id='word_1_446' title='bbox 786 2127 971 2163; x_wconf 80' lang='lat' dir='ltr'><strong>experientia,</strong></span> 
     </span>
    </p>
   </div>
   <div class='ocr_carea' id='block_1_68' title="bbox 193 2192 974 2227">
    <p class='ocr_par' dir='ltr' id='par_1_68' title="bbox 193 2192 974 2227">
     <span class='ocr_line' id='line_1_68' title="bbox 193 2192 974 2227; baseline -0.005 -4"><span class='ocrx_word' id='word_1_447' title='bbox 193 2196 244 2224; x_wconf 78' lang='grc' dir='ltr'><strong><em>Ἐκ</em></strong></span> <span class='ocrx_word' id='word_1_448' title='bbox 260 2195 311 2222; x_wconf 79' lang='grc' dir='ltr'><strong>τοῦ</strong></span> <span class='ocrx_word' id='word_1_449' title='bbox 331 2194 464 2226; x_wconf 77' lang='grc' dir='ltr'>Κανόνος</span> <span class='ocrx_word' id='word_1_450' title='bbox 478 2194 522 2226; x_wconf 81' lang='grc' dir='ltr'><strong>εις</strong></span> <span class='ocrx_word' id='word_1_451' title='bbox 535 2192 606 2226; x_wconf 83' lang='grc' dir='ltr'>τοὺς</span> <span class='ocrx_word' id='word_1_452' title='bbox 618 2193 722 2227; x_wconf 80' lang='grc' dir='ltr'><strong>ἁγίους</strong></span> <span class='ocrx_word' id='word_1_453' title='bbox 738 2192 891 2227; x_wconf 79' lang='grc' dir='ltr'>μάρτυρας</span> <span class='ocrx_word' id='word_1_454' title='bbox 914 2194 974 2220; x_wconf 84' lang='lat' dir='ltr'><strong>Na-</strong></span> 
     </span>
    </p>
   </div>
   <div class='ocr_carea' id='block_1_69' title="bbox 222 2228 971 2264">
    <p class='ocr_par' dir='ltr' id='par_1_69' title="bbox 222 2228 971 2264">
     <span class='ocr_line' id='line_1_69' title="bbox 222 2228 971 2264; baseline -0.003 -7"><span class='ocrx_word' id='word_1_455' title='bbox 222 2230 331 2264; x_wconf 81' lang='grc' dir='ltr'><strong>ζάριογ,</strong></span> <span class='ocrx_word' id='word_1_456' title='bbox 362 2229 527 2264; x_wconf 74' lang='grc' dir='ltr'><strong>Γερσάσον,</strong></span> <span class='ocrx_word' id='word_1_457' title='bbox 558 2228 727 2262; x_wconf 78' lang='grc' dir='ltr'><strong>Προτάσιον</strong></span> <span class='ocrx_word' id='word_1_458' title='bbox 755 2228 806 2255; x_wconf 78' lang='grc' dir='ltr'><strong>καὶ</strong></span> <span class='ocrx_word' id='word_1_459' title='bbox 838 2229 971 2260; x_wconf 70' lang='grc' dir='ltr'><strong>Κέλσον,</strong></span> 
     </span>
    </p>
   </div>
   <div class='ocr_carea' id='block_1_70' title="bbox 223 2264 374 2300">
    <p class='ocr_par' dir='ltr' id='par_1_70' title="bbox 223 2264 374 2300">
     <span class='ocr_line' id='line_1_70' title="bbox 223 2264 374 2300; baseline -0.007 -1"><span class='ocrx_word' id='word_1_460' title='bbox 223 2264 321 2300; x_wconf 74' lang='grc' dir='ltr'>ἡμέρᾳ</span> <span class='ocrx_word' id='word_1_461' title='bbox 334 2264 374 2292; x_wconf 77' lang='grc' dir='ltr'><strong>ιδ’·</strong></span> 
     </span>
    </p>
   </div>
   <div class='ocr_carea' id='block_1_71' title="bbox 224 2320 975 2357">
    <p class='ocr_par' dir='ltr' id='par_1_71' title="bbox 224 2320 975 2357">
     <span class='ocr_line' id='line_1_71' title="bbox 224 2320 975 2357; baseline -0.003 -8"><span class='ocrx_word' id='word_1_462' title='bbox 224 2322 281 2357; x_wconf 82' lang='grc' dir='ltr'><strong>Τήν</strong></span> <span class='ocrx_word' id='word_1_463' title='bbox 305 2321 389 2357; x_wconf 83' lang='grc' dir='ltr'>μόνην</span> <span class='ocrx_word' id='word_1_464' title='bbox 408 2320 572 2356; x_wconf 82' lang='grc' dir='ltr'>χωρήσασαν</span> <span class='ocrx_word' id='word_1_465' title='bbox 593 2320 638 2347; x_wconf 79' lang='grc' dir='ltr'><strong>τὸν</strong></span> <span class='ocrx_word' id='word_1_466' title='bbox 667 2321 721 2356; x_wconf 73' lang='grc' dir='ltr'><strong>πρὸ</strong></span> <span class='ocrx_word' id='word_1_467' title='bbox 742 2320 849 2347; x_wconf 72' lang='grc' dir='ltr'>αἰώνων</span> <span class='ocrx_word' id='word_1_468' title='bbox 872 2320 975 2356; x_wconf 83' lang='grc' dir='ltr'>Κύριον</span> 
     </span>
    </p>
   </div>
   <div class='ocr_carea' id='block_1_72' title="bbox 188 2366 976 2404">
    <p class='ocr_par' dir='ltr' id='par_1_72' title="bbox 188 2366 976 2404">
     <span class='ocr_line' id='line_1_72' title="bbox 188 2366 976 2404; baseline -0.004 -9"><span class='ocrx_word' id='word_1_469' title='bbox 188 2369 218 2395; x_wconf 70' lang='grc' dir='ltr'>ιν</span> <span class='ocrx_word' id='word_1_470' title='bbox 238 2369 329 2404; x_wconf 71' lang='grc' dir='ltr'>μήτρᾳ</span> <span class='ocrx_word' id='word_1_471' title='bbox 345 2367 514 2402; x_wconf 82' lang='grc' dir='ltr'>πανάμωμον</span> <span class='ocrx_word' id='word_1_472' title='bbox 525 2367 611 2401; x_wconf 71' lang='grc' dir='ltr'>κόρην</span> <span class='ocrx_word' id='word_1_473' title='bbox 621 2367 798 2401; x_wconf 77' lang='grc' dir='ltr'>ὑμνήσωμεν,</span> <span class='ocrx_word' id='word_1_474' title='bbox 813 2366 854 2393; x_wconf 81' lang='grc' dir='ltr'><strong>ὅτι</strong></span> <span class='ocrx_word' id='word_1_475' title='bbox 865 2366 976 2400; x_wconf 77' lang='grc' dir='ltr'>γέγονεν</span> 
     </span>
    </p>
   </div>
   <div class='ocr_carea' id='block_1_73' title="bbox 188 2411 975 2449">
    <p class='ocr_par' dir='ltr' id='par_1_73' title="bbox 188 2411 975 2449">
     <span class='ocr_line' id='line_1_73' title="bbox 188 2411 975 2449; baseline -0.003 -9"><span class='ocrx_word' id='word_1_476' title='bbox 188 2414 311 2449; x_wconf 68' lang='grc' dir='ltr'>οὐρανῶν</span> <span class='ocrx_word' id='word_1_477' title='bbox 333 2413 501 2449; x_wconf 79' lang='grc' dir='ltr'><strong>πλατυτέρα,</strong></span> <span class='ocrx_word' id='word_1_478' title='bbox 523 2413 590 2440; x_wconf 80' lang='grc' dir='ltr'><strong>Θεὸν</strong></span> <span class='ocrx_word' id='word_1_479' title='bbox 609 2411 800 2447; x_wconf 75' lang='grc' dir='ltr'>σωματὼσασα</span> <span class='ocrx_word' id='word_1_480' title='bbox 815 2412 848 2439; x_wconf 80' lang='grc' dir='ltr'><strong>δι’</strong></span> <span class='ocrx_word' id='word_1_481' title='bbox 871 2412 975 2446; x_wconf 81' lang='grc' dir='ltr'>ἀγαθό-</span> 
     </span>
    </p>
   </div>
   <div class='ocr_carea' id='block_1_74' title="bbox 189 2469 270 2495">
    <p class='ocr_par' dir='ltr' id='par_1_74' title="bbox 189 2469 270 2495">
     <span class='ocr_line' id='line_1_74' title="bbox 189 2469 270 2495; baseline 0 -8"><span class='ocrx_word' id='word_1_482' title='bbox 189 2469 270 2495; x_wconf 76' lang='grc' dir='ltr'><strong>τητα,</strong></span> 
     </span>
    </p>
   </div>
   <div class='ocr_carea' id='block_1_75' title="bbox 225 2504 974 2542">
    <p class='ocr_par' dir='ltr' id='par_1_75' title="bbox 225 2504 974 2542">
     <span class='ocr_line' id='line_1_75' title="bbox 225 2504 974 2542; baseline -0.001 -9"><span class='ocrx_word' id='word_1_483' title='bbox 225 2507 319 2541; x_wconf 83' lang='grc' dir='ltr'>Νόμου</span> <span class='ocrx_word' id='word_1_484' title='bbox 335 2506 488 2542; x_wconf 80' lang='grc' dir='ltr'>προετύπου</span> <span class='ocrx_word' id='word_1_485' title='bbox 502 2514 531 2533; x_wconf 81' lang='grc' dir='ltr'><strong>σε</strong></span> <span class='ocrx_word' id='word_1_486' title='bbox 548 2506 564 2541; x_wconf 87' lang='grc' dir='ltr'>ἡ</span> <span class='ocrx_word' id='word_1_487' title='bbox 582 2504 668 2540; x_wconf 83' lang='grc' dir='ltr'>σκηνὴ</span> <span class='ocrx_word' id='word_1_488' title='bbox 681 2504 846 2539; x_wconf 64' lang='grc' dir='ltr'>γενήσεσθαι</span> <span class='ocrx_word' id='word_1_489' title='bbox 862 2504 974 2539; x_wconf 82' lang='grc' dir='ltr'>μέλλου-</span> 
     </span>
    </p>
   </div>
   <div class='ocr_carea' id='block_1_76' title="bbox 191 2547 976 2588">
    <p class='ocr_par' dir='ltr' id='par_1_76' title="bbox 191 2547 976 2588">
     <span class='ocr_line' id='line_1_76' title="bbox 191 2547 976 2588; baseline -0.003 -9"><span class='ocrx_word' id='word_1_490' title='bbox 191 2562 251 2585; x_wconf 84' lang='grc' dir='ltr'><strong>σαν⁹</strong></span> <span class='ocrx_word' id='word_1_491' title='bbox 267 2553 348 2588; x_wconf 77' lang='grc' dir='ltr'><strong>ἁγνὴ.</strong></span> <span class='ocrx_word' id='word_1_492' title='bbox 368 2553 436 2579; x_wconf 77' lang='grc' dir='ltr'><strong>Θεοῦ</strong></span> <span class='ocrx_word' id='word_1_493' title='bbox 460 2552 536 2586; x_wconf 73' lang='grc' dir='ltr'>ἅγιον</span> <span class='ocrx_word' id='word_1_494' title='bbox 553 2551 695 2586; x_wconf 80' lang='grc' dir='ltr'>σκήνωμα,</span> <span class='ocrx_word' id='word_1_495' title='bbox 720 2550 750 2575; x_wconf 81' lang='grc' dir='ltr'>ἐν</span> <span class='ocrx_word' id='word_1_496' title='bbox 777 2547 800 2583; x_wconf 80' lang='grc' dir='ltr'>ᾧ</span> <span class='ocrx_word' id='word_1_497' title='bbox 824 2551 838 2576; x_wconf 82' lang='grc' dir='ltr'><strong>ὁ</strong></span> <span class='ocrx_word' id='word_1_498' title='bbox 864 2551 976 2586; x_wconf 82' lang='grc' dir='ltr'>ἱλασμδς</span> 
     </span>
    </p>
   </div>
   <div class='ocr_carea' id='block_1_77' title="bbox 190 2596 976 2635">
    <p class='ocr_par' dir='ltr' id='par_1_77' title="bbox 190 2596 976 2635">
     <span class='ocr_line' id='line_1_77' title="bbox 190 2596 976 2635; baseline -0.001 -11"><span class='ocrx_word' id='word_1_499' title='bbox 190 2598 270 2634; x_wconf 63' lang='grc' dir='ltr'>ἡμῶν</span> <span class='ocrx_word' id='word_1_500' title='bbox 298 2598 433 2635; x_wconf 78' lang='grc' dir='ltr'>ἁτιασμδν</span> <span class='ocrx_word' id='word_1_501' title='bbox 459 2597 632 2632; x_wconf 71' lang='grc' dir='ltr'>δωρούμενος</span> <span class='ocrx_word' id='word_1_502' title='bbox 658 2596 742 2622; x_wconf 83' lang='grc' dir='ltr'>πᾶσιν</span> <span class='ocrx_word' id='word_1_503' title='bbox 767 2596 835 2631; x_wconf 79' lang='grc' dir='ltr'>ἡμῖν</span> <span class='ocrx_word' id='word_1_504' title='bbox 863 2597 976 2623; x_wconf 65' lang='grc' dir='ltr'><strong>ἐπελεύ-</strong></span> 
     </span>
    </p>
   </div>
   <div class='ocr_carea' id='block_1_78' title="bbox 191 2654 278 2675">
    <p class='ocr_par' dir='ltr' id='par_1_78' title="bbox 191 2654 278 2675">
     <span class='ocr_line' id='line_1_78' title="bbox 191 2654 278 2675; baseline -0.011 -2"><span class='ocrx_word' id='word_1_505' title='bbox 191 2654 278 2675; x_wconf 75' lang='grc' dir='ltr'><strong>σεται,</strong></span> 
     </span>
    </p>
   </div>
   <div class='ocr_carea' id='block_1_79' title="bbox 226 2689 974 2729">
    <p class='ocr_par' dir='ltr' id='par_1_79' title="bbox 226 2689 974 2729">
     <span class='ocr_line' id='line_1_79' title="bbox 226 2689 974 2729; baseline -0.004 -10"><span class='ocrx_word' id='word_1_506' title='bbox 226 2692 272 2729; x_wconf 82' lang='grc' dir='ltr'><strong>Μὴ</strong></span> <span class='ocrx_word' id='word_1_507' title='bbox 291 2692 411 2724; x_wconf 72' lang='grc' dir='ltr'>κενώσας</span> <span class='ocrx_word' id='word_1_508' title='bbox 423 2692 486 2723; x_wconf 69' lang='grc' dir='ltr'>τοὺς</span> <span class='ocrx_word' id='word_1_509' title='bbox 512 2690 659 2725; x_wconf 80' lang='grc' dir='ltr'>Πατρῴους</span> <span class='ocrx_word' id='word_1_510' title='bbox 669 2691 682 2717; x_wconf 87' lang='grc' dir='ltr'>ὁ</span> <span class='ocrx_word' id='word_1_511' title='bbox 697 2689 839 2726; x_wconf 82' lang='grc' dir='ltr'>ὑπέροεος,</span> <span class='ocrx_word' id='word_1_512' title='bbox 856 2690 974 2725; x_wconf 73' lang='grc' dir='ltr'>ἄχραντε</span> 
     </span>
    </p>
   </div>
   <div class='ocr_carea' id='block_1_80' title="bbox 230 2775 825 2812">
    <p class='ocr_par' dir='ltr' id='par_1_80' title="bbox 230 2775 825 2812">
     <span class='ocr_line' id='line_1_80' title="bbox 230 2775 825 2812; baseline -0.002 -8"><span class='ocrx_word' id='word_1_513' title='bbox 230 2777 298 2812; x_wconf 78' lang='lat'><strong>(86‘)</strong></span> <span class='ocrx_word' id='word_1_514' title='bbox 313 2776 489 2805; x_wconf 87' lang='lat' dir='ltr'><strong>Desideratur</strong></span> <span class='ocrx_word' id='word_1_515' title='bbox 505 2776 531 2803; x_wconf 94' lang='lat' dir='ltr'><strong>in</strong></span> <span class='ocrx_word' id='word_1_516' title='bbox 549 2775 657 2812; x_wconf 62' lang='lat' dir='ltr'><strong>Menaeis</strong></span> <span class='ocrx_word' id='word_1_517' title='bbox 673 2775 825 2812; x_wconf 74' lang='lat' dir='ltr'><strong>impressis.</strong></span> 
     </span>
    </p>
   </div>
   <div class='ocr_carea' id='block_1_81' title="bbox 227 2810 974 2847">
    <p class='ocr_par' dir='ltr' id='par_1_81' title="bbox 227 2810 974 2847">
     <span class='ocr_line' id='line_1_81' title="bbox 227 2810 974 2847; baseline -0.003 -7"><span class='ocrx_word' id='word_1_518' title='bbox 227 2810 366 2847; x_wconf 58' lang='lat' dir='ltr'><strong>(87)&#39;Quia</strong></span> <span class='ocrx_word' id='word_1_519' title='bbox 378 2812 434 2839; x_wconf 72' lang='lat' dir='ltr'><strong>sola</strong></span> <span class='ocrx_word' id='word_1_520' title='bbox 449 2812 519 2838; x_wconf 87' lang='lat' dir='ltr'><strong>inter</strong></span> <span class='ocrx_word' id='word_1_521' title='bbox 533 2818 628 2837; x_wconf 75' lang='lat' dir='ltr'><strong>omnes</strong></span> <span class='ocrx_word' id='word_1_522' title='bbox 641 2810 705 2847; x_wconf 59' lang='lat' dir='ltr'><strong>Adte</strong></span> <span class='ocrx_word' id='word_1_523' title='bbox 720 2810 789 2847; x_wconf 77' lang='lat' dir='ltr'><strong>ﬁlios</strong></span> <span class='ocrx_word' id='word_1_524' title='bbox 801 2812 860 2838; x_wconf 83' lang='lat' dir='ltr'><strong>sine</strong></span> <span class='ocrx_word' id='word_1_525' title='bbox 872 2811 974 2846; x_wconf 90' lang='lat' dir='ltr'><strong>peccati</strong></span> 
     </span>
    </p>
   </div>
   <div class='ocr_carea' id='block_1_82' title="bbox 191 2846 975 2882">
    <p class='ocr_par' dir='ltr' id='par_1_82' title="bbox 191 2846 975 2882">
     <span class='ocr_line' id='line_1_82' title="bbox 191 2846 975 2882; baseline -0.001 -7"><span class='ocrx_word' id='word_1_526' title='bbox 191 2846 331 2882; x_wconf 71' lang='lat' dir='ltr'><strong>originalis</strong></span> <span class='ocrx_word' id='word_1_527' title='bbox 356 2847 460 2873; x_wconf 86' lang='lat' dir='ltr'><strong>macula</strong></span> <span class='ocrx_word' id='word_1_528' title='bbox 488 2850 627 2882; x_wconf 84' lang='lat' dir='ltr'><strong>concepta.</strong></span> <span class='ocrx_word' id='word_1_529' title='bbox 645 2846 712 2882; x_wconf 71' lang='lat' dir='ltr'><strong>Cum</strong></span> <span class='ocrx_word' id='word_1_530' title='bbox 733 2846 810 2882; x_wconf 82' lang='lat' dir='ltr'><strong>enim</strong></span> <span class='ocrx_word' id='word_1_531' title='bbox 826 2853 922 2882; x_wconf 71' lang='lat' dir='ltr'><strong>omnes</strong></span> <span class='ocrx_word' id='word_1_532' title='bbox 946 2847 975 2882; x_wconf 82' lang='lat' dir='ltr'><strong>in</strong></span> 
     </span>
    </p>
   </div>
   <div class='ocr_carea' id='block_1_83' title="bbox 191 2880 969 2919">
    <p class='ocr_par' dir='ltr' id='par_1_83' title="bbox 191 2880 969 2919">
     <span class='ocr_line' id='line_1_83' title="bbox 191 2880 969 2919; baseline 0 -9"><span class='ocrx_word' id='word_1_533' title='bbox 191 2880 278 2912; x_wconf 70' lang='lat' dir='ltr'><strong>Adam</strong></span> <span class='ocrx_word' id='word_1_534' title='bbox 293 2882 476 2919; x_wconf 75' lang='lat' dir='ltr'><strong>peccaverint,</strong></span> <span class='ocrx_word' id='word_1_535' title='bbox 493 2885 522 2908; x_wconf 92' lang='lat' dir='ltr'><strong>ut</strong></span> <span class='ocrx_word' id='word_1_536' title='bbox 537 2880 625 2917; x_wconf 83' lang='lat' dir='ltr'><strong>inquit</strong></span> <span class='ocrx_word' id='word_1_537' title='bbox 644 2880 790 2915; x_wconf 83' lang='lat' dir='ltr'><strong>Apostolus</strong></span> <span class='ocrx_word' id='word_1_538' title='bbox 805 2881 832 2909; x_wconf 89' lang='lat' dir='ltr'><strong>in</strong></span> <span class='ocrx_word' id='word_1_539' title='bbox 848 2880 969 2917; x_wconf 83' lang='lat' dir='ltr'><strong>Epistola</strong></span> 
     </span>
    </p>
   </div>
   <div class='ocr_carea' id='block_1_84' title="bbox 1027 1620 1810 1658">
    <p class='ocr_par' dir='ltr' id='par_1_84' title="bbox 1027 1620 1810 1658">
     <span class='ocr_line' id='line_1_84' title="bbox 1027 1620 1810 1658; baseline -0.004 -8"><span class='ocrx_word' id='word_1_540' title='bbox 1027 1627 1054 1651; x_wconf 88' lang='lat' dir='ltr'><strong>te</strong></span> <span class='ocrx_word' id='word_1_541' title='bbox 1069 1624 1223 1658; x_wconf 81' lang='lat' dir='ltr'><strong>Deiparatn.</strong></span> <span class='ocrx_word' id='word_1_542' title='bbox 1241 1622 1282 1651; x_wconf 87' lang='lat' dir='ltr'><strong>Tu</strong></span> <span class='ocrx_word' id='word_1_543' title='bbox 1296 1623 1369 1651; x_wconf 89' lang='lat' dir='ltr'><strong>enim</strong></span> <span class='ocrx_word' id='word_1_544' title='bbox 1387 1629 1495 1657; x_wconf 87' lang='lat' dir='ltr'><strong>semper</strong></span> <span class='ocrx_word' id='word_1_545' title='bbox 1521 1628 1616 1649; x_wconf 89' lang='lat' dir='ltr'><strong>eorum</strong></span> <span class='ocrx_word' id='word_1_546' title='bbox 1639 1621 1687 1656; x_wconf 90' lang='lat' dir='ltr'><strong>qui</strong></span> <span class='ocrx_word' id='word_1_547' title='bbox 1708 1620 1810 1648; x_wconf 87' lang='lat' dir='ltr'><strong>eadunt</strong></span> 
     </span>
    </p>
   </div>
   <div class='ocr_carea' id='block_1_85' title="bbox 1025 1670 1182 1698">
    <p class='ocr_par' dir='ltr' id='par_1_85' title="bbox 1025 1670 1182 1698">
     <span class='ocr_line' id='line_1_85' title="bbox 1025 1670 1182 1698; baseline 0 -1"><span class='ocrx_word' id='word_1_548' title='bbox 1025 1678 1055 1698; x_wconf 89' lang='lat' dir='ltr'><strong>es</strong></span> <span class='ocrx_word' id='word_1_549' title='bbox 1069 1670 1182 1698; x_wconf 82' lang='lat' dir='ltr'><strong>erectio.</strong></span> 
     </span>
    </p>
   </div>
   <div class='ocr_carea' id='block_1_86' title="bbox 1062 1715 1811 1744">
    <p class='ocr_par' dir='ltr' id='par_1_86' title="bbox 1062 1715 1811 1744">
     <span class='ocr_line' id='line_1_86' title="bbox 1062 1715 1811 1744; baseline -0.007 -1"><span class='ocrx_word' id='word_1_550' title='bbox 1062 1717 1158 1743; x_wconf 78' lang='lat' dir='ltr'><strong>Prinne</strong></span> <span class='ocrx_word' id='word_1_551' title='bbox 1187 1716 1284 1744; x_wconf 88' lang='lat' dir='ltr'><strong>matris</strong></span> <span class='ocrx_word' id='word_1_552' title='bbox 1313 1720 1413 1744; x_wconf 67' lang='lat' dir='ltr'><strong>nostra</strong></span> <span class='ocrx_word' id='word_1_553' title='bbox 1432 1715 1495 1743; x_wconf 66' lang='lat' dir='ltr'><strong>Erae</strong></span> <span class='ocrx_word' id='word_1_554' title='bbox 1517 1715 1735 1743; x_wconf 83' lang='lat' dir='ltr'><strong>tnaledietionent</strong></span> <span class='ocrx_word' id='word_1_555' title='bbox 1754 1720 1811 1739; x_wconf 77' lang='lat' dir='ltr'><strong>ma~</strong></span> 
     </span>
    </p>
   </div>
   <div class='ocr_carea' id='block_1_87' title="bbox 1026 1760 1416 1796">
    <p class='ocr_par' dir='ltr' id='par_1_87' title="bbox 1026 1760 1416 1796">
     <span class='ocr_line' id='line_1_87' title="bbox 1026 1760 1416 1796; baseline -0.003 -7"><span class='ocrx_word' id='word_1_556' title='bbox 1026 1761 1133 1794; x_wconf 81' lang='lat' dir='ltr'><strong>nifeste,</strong></span> <span class='ocrx_word' id='word_1_557' title='bbox 1152 1768 1169 1788; x_wconf 96' lang='lat' dir='ltr'><strong>o</strong></span> <span class='ocrx_word' id='word_1_558' title='bbox 1186 1760 1280 1796; x_wconf 81' lang='lat' dir='ltr'><strong>Virgo,</strong></span> <span class='ocrx_word' id='word_1_559' title='bbox 1299 1761 1416 1789; x_wconf 83' lang='lat' dir='ltr'><strong>solvisti.</strong></span> 
     </span>
    </p>
   </div>
   <div class='ocr_carea' id='block_1_88' title="bbox 1062 1805 1812 1842">
    <p class='ocr_par' dir='ltr' id='par_1_88' title="bbox 1062 1805 1812 1842">
     <span class='ocr_line' id='line_1_88' title="bbox 1062 1805 1812 1842; baseline -0.005 -8"><span class='ocrx_word' id='word_1_560' title='bbox 1062 1806 1146 1835; x_wconf 87' lang='lat' dir='ltr'><strong>Sacer</strong></span> <span class='ocrx_word' id='word_1_561' title='bbox 1169 1808 1361 1842; x_wconf 88' lang='lat' dir='ltr'><strong>prophetarum</strong></span> <span class='ocrx_word' id='word_1_562' title='bbox 1380 1807 1536 1834; x_wconf 89' lang='lat' dir='ltr'><strong>divinorum</strong></span> <span class='ocrx_word' id='word_1_563' title='bbox 1560 1806 1661 1834; x_wconf 85' lang='lat' dir='ltr'><strong>chorus</strong></span> <span class='ocrx_word' id='word_1_564' title='bbox 1683 1805 1812 1839; x_wconf 61' lang='lat' dir='ltr'><strong>pradicat</strong></span> 
     </span>
    </p>
   </div>
   <div class='ocr_carea' id='block_1_89' title="bbox 1026 1852 1811 1886">
    <p class='ocr_par' dir='ltr' id='par_1_89' title="bbox 1026 1852 1811 1886">
     <span class='ocr_line' id='line_1_89' title="bbox 1026 1852 1811 1886; baseline -0.001 -8"><span class='ocrx_word' id='word_1_565' title='bbox 1026 1856 1063 1885; x_wconf 92' lang='lat' dir='ltr'><strong>te,</strong></span> <span class='ocrx_word' id='word_1_566' title='bbox 1083 1860 1100 1879; x_wconf 95' lang='lat' dir='ltr'><strong>o</strong></span> <span class='ocrx_word' id='word_1_567' title='bbox 1117 1853 1273 1886; x_wconf 80' lang='lat' dir='ltr'><strong>purissima.</strong></span> <span class='ocrx_word' id='word_1_568' title='bbox 1293 1852 1412 1880; x_wconf 77' lang='lat' dir='ltr'><strong>futuram</strong></span> <span class='ocrx_word' id='word_1_569' title='bbox 1438 1853 1550 1879; x_wconf 79' lang='lat' dir='ltr'><strong>Matrem</strong></span> <span class='ocrx_word' id='word_1_570' title='bbox 1576 1852 1634 1883; x_wconf 79' lang='lat' dir='ltr'><strong>Dei,</strong></span> <span class='ocrx_word' id='word_1_571' title='bbox 1650 1852 1693 1878; x_wconf 90' lang='lat' dir='ltr'><strong>cui</strong></span> <span class='ocrx_word' id='word_1_572' title='bbox 1716 1858 1811 1878; x_wconf 81' lang='lat' dir='ltr'><strong>omnes</strong></span> 
     </span>
    </p>
   </div>
   <div class='ocr_carea' id='block_1_90' title="bbox 1025 1897 1560 1931">
    <p class='ocr_par' dir='ltr' id='par_1_90' title="bbox 1025 1897 1560 1931">
     <span class='ocr_line' id='line_1_90' title="bbox 1025 1897 1560 1931; baseline -0.002 -6"><span class='ocrx_word' id='word_1_573' title='bbox 1025 1898 1178 1926; x_wconf 88' lang='lat' dir='ltr'><strong>clamamus</strong></span> <span class='ocrx_word' id='word_1_574' title='bbox 1192 1908 1198 1925; x_wconf 91' lang='lat'><strong>:</strong></span> <span class='ocrx_word' id='word_1_575' title='bbox 1215 1897 1380 1931; x_wconf 83' lang='lat' dir='ltr'><strong>Benedicite,</strong></span> <span class='ocrx_word' id='word_1_576' title='bbox 1397 1899 1501 1930; x_wconf 84' lang='lat' dir='ltr'><strong>omnia,</strong></span> <span class='ocrx_word' id='word_1_577' title='bbox 1517 1902 1560 1925; x_wconf 84' lang='lat' dir='ltr'><strong>etc</strong></span> 
     </span>
    </p>
   </div>
   <div class='ocr_carea' id='block_1_91' title="bbox 1060 1943 1812 1977">
    <p class='ocr_par' dir='ltr' id='par_1_91' title="bbox 1060 1943 1812 1977">
     <span class='ocr_line' id='line_1_91' title="bbox 1060 1943 1812 1977; baseline -0.005 -6"><span class='ocrx_word' id='word_1_578' title='bbox 1060 1944 1127 1971; x_wconf 76' lang='lat' dir='ltr'><strong>Fers</strong></span> <span class='ocrx_word' id='word_1_579' title='bbox 1148 1944 1175 1971; x_wconf 90' lang='lat' dir='ltr'><strong>in</strong></span> <span class='ocrx_word' id='word_1_580' title='bbox 1200 1943 1282 1976; x_wconf 80' lang='lat' dir='ltr'><strong>ulnis,</strong></span> <span class='ocrx_word' id='word_1_581' title='bbox 1303 1951 1320 1970; x_wconf 94' lang='lat' dir='ltr'><strong>o</strong></span> <span class='ocrx_word' id='word_1_582' title='bbox 1340 1944 1514 1975; x_wconf 81' lang='lat' dir='ltr'><strong>castissima,</strong></span> <span class='ocrx_word' id='word_1_583' title='bbox 1541 1949 1670 1977; x_wconf 81' lang='lat' dir='ltr'><strong>tanquam</strong></span> <span class='ocrx_word' id='word_1_584' title='bbox 1696 1945 1812 1968; x_wconf 88' lang='lat' dir='ltr'><strong>tnronus</strong></span> 
     </span>
    </p>
   </div>
   <div class='ocr_carea' id='block_1_92' title="bbox 1025 1988 1812 2024">
    <p class='ocr_par' dir='ltr' id='par_1_92' title="bbox 1025 1988 1812 2024">
     <span class='ocr_line' id='line_1_92' title="bbox 1025 1988 1812 2024; baseline -0.004 -8"><span class='ocrx_word' id='word_1_585' title='bbox 1025 1989 1204 2020; x_wconf 78' lang='lat' dir='ltr'><strong>Cherulticus,</strong></span> <span class='ocrx_word' id='word_1_586' title='bbox 1220 1988 1353 2016; x_wconf 80' lang='lat' dir='ltr'><strong>terentem</strong></span> <span class='ocrx_word' id='word_1_587' title='bbox 1364 1989 1467 2021; x_wconf 84' lang='lat' dir='ltr'><strong>omnia,</strong></span> <span class='ocrx_word' id='word_1_588' title='bbox 1482 1990 1529 2024; x_wconf 87' lang='lat' dir='ltr'><strong>qui</strong></span> <span class='ocrx_word' id='word_1_589' title='bbox 1545 1993 1656 2024; x_wconf 84' lang='lat' dir='ltr'><strong>propter</strong></span> <span class='ocrx_word' id='word_1_590' title='bbox 1671 1995 1720 2014; x_wconf 83' lang='lat' dir='ltr'><strong>nos</strong></span> <span class='ocrx_word' id='word_1_591' title='bbox 1731 1994 1812 2014; x_wconf 85' lang='lat' dir='ltr'><strong>carne</strong></span> 
     </span>
    </p>
   </div>
   <div class='ocr_carea' id='block_1_93' title="bbox 1025 2032 1814 2068">
    <p class='ocr_par' dir='ltr' id='par_1_93' title="bbox 1025 2032 1814 2068">
     <span class='ocr_line' id='line_1_93' title="bbox 1025 2032 1814 2068; baseline -0.006 -6"><span class='ocrx_word' id='word_1_592' title='bbox 1025 2039 1117 2062; x_wconf 85' lang='lat' dir='ltr'><strong>nostra</strong></span> <span class='ocrx_word' id='word_1_593' title='bbox 1131 2035 1317 2062; x_wconf 83' lang='lat' dir='ltr'><strong>circumdatus</strong></span> <span class='ocrx_word' id='word_1_594' title='bbox 1328 2038 1380 2066; x_wconf 88' lang='lat' dir='ltr'><strong>est,</strong></span> <span class='ocrx_word' id='word_1_595' title='bbox 1397 2039 1424 2061; x_wconf 89' lang='lat' dir='ltr'><strong>et</strong></span> <span class='ocrx_word' id='word_1_596' title='bbox 1439 2042 1500 2061; x_wconf 82' lang='lat' dir='ltr'><strong>cum</strong></span> <span class='ocrx_word' id='word_1_597' title='bbox 1517 2039 1589 2061; x_wconf 83' lang='lat' dir='ltr'><strong>esset</strong></span> <span class='ocrx_word' id='word_1_598' title='bbox 1609 2034 1737 2068; x_wconf 76' lang='lat' dir='ltr'><strong>simplex,</strong></span> <span class='ocrx_word' id='word_1_599' title='bbox 1763 2032 1814 2059; x_wconf 82' lang='lat' dir='ltr'><strong>du-</strong></span> 
     </span>
    </p>
   </div>
   <div class='ocr_carea' id='block_1_94' title="bbox 1024 2078 1814 2116">
    <p class='ocr_par' dir='ltr' id='par_1_94' title="bbox 1024 2078 1814 2116">
     <span class='ocr_line' id='line_1_94' title="bbox 1024 2078 1814 2116; baseline -0.004 -9"><span class='ocrx_word' id='word_1_600' title='bbox 1024 2081 1086 2116; x_wconf 67' lang='lat' dir='ltr'><strong>ple:</strong></span> <span class='ocrx_word' id='word_1_601' title='bbox 1101 2081 1244 2116; x_wconf 83' lang='lat' dir='ltr'><strong>apparuit;</strong></span> <span class='ocrx_word' id='word_1_602' title='bbox 1268 2089 1351 2116; x_wconf 87' lang='lat' dir='ltr'><strong>quem</strong></span> <span class='ocrx_word' id='word_1_603' title='bbox 1367 2086 1395 2108; x_wconf 91' lang='lat' dir='ltr'><strong>tu</strong></span> <span class='ocrx_word' id='word_1_604' title='bbox 1407 2088 1513 2115; x_wconf 79' lang='lat' dir='ltr'><strong>semper</strong></span> <span class='ocrx_word' id='word_1_605' title='bbox 1535 2087 1646 2115; x_wconf 85' lang='lat' dir='ltr'><strong>precare</strong></span> <span class='ocrx_word' id='word_1_606' title='bbox 1659 2086 1709 2114; x_wconf 84' lang='lat' dir='ltr'><strong>pro</strong></span> <span class='ocrx_word' id='word_1_607' title='bbox 1724 2078 1814 2109; x_wconf 87' lang='lat' dir='ltr'><strong>nobis,</strong></span> 
     </span>
    </p>
   </div>
   <div class='ocr_carea' id='block_1_95' title="bbox 1025 2128 1249 2155">
    <p class='ocr_par' dir='ltr' id='par_1_95' title="bbox 1025 2128 1249 2155">
     <span class='ocr_line' id='line_1_95' title="bbox 1025 2128 1249 2155; baseline 0 0"><span class='ocrx_word' id='word_1_608' title='bbox 1025 2128 1199 2155; x_wconf 81' lang='lat' dir='ltr'><strong>laudantibus</strong></span> <span class='ocrx_word' id='word_1_609' title='bbox 1213 2132 1249 2155; x_wconf 90' lang='lat' dir='ltr'><strong>te.</strong></span> 
     </span>
    </p>
   </div>
   <div class='ocr_carea' id='block_1_96' title="bbox 1027 2194 1812 2232">
    <p class='ocr_par' dir='ltr' id='par_1_96' title="bbox 1027 2194 1812 2232">
     <span class='ocr_line' id='line_1_96' title="bbox 1027 2194 1812 2232; baseline -0.004 -8"><span class='ocrx_word' id='word_1_610' title='bbox 1027 2196 1069 2224; x_wconf 77' lang='lat' dir='ltr'><strong>Ea:</strong></span> <span class='ocrx_word' id='word_1_611' title='bbox 1088 2197 1194 2225; x_wconf 82' lang='lat' dir='ltr'><strong>Canone</strong></span> <span class='ocrx_word' id='word_1_612' title='bbox 1206 2198 1232 2225; x_wconf 79' lang='lat' dir='ltr'><strong>in</strong></span> <span class='ocrx_word' id='word_1_613' title='bbox 1244 2197 1312 2232; x_wconf 69' lang='lat' dir='ltr'><strong>festo</strong></span> <span class='ocrx_word' id='word_1_614' title='bbox 1328 2196 1379 2224; x_wconf 83' lang='lat' dir='ltr'><strong>SS.</strong></span> <span class='ocrx_word' id='word_1_615' title='bbox 1399 2195 1525 2226; x_wconf 52' lang='lat' dir='ltr'><strong>Neam-ii,</strong></span> <span class='ocrx_word' id='word_1_616' title='bbox 1542 2195 1661 2232; x_wconf 69' lang='lat' dir='ltr'><strong>Cervusi,</strong></span> <span class='ocrx_word' id='word_1_617' title='bbox 1681 2194 1812 2227; x_wconf 83' lang='lat' dir='ltr'><strong>Prolasii,</strong></span> 
     </span>
    </p>
   </div>
   <div class='ocr_carea' id='block_1_97' title="bbox 1243 2231 1585 2263">
    <p class='ocr_par' dir='ltr' id='par_1_97' title="bbox 1243 2231 1585 2263">
     <span class='ocr_line' id='line_1_97' title="bbox 1243 2231 1585 2263; baseline -0.006 -4"><span class='ocrx_word' id='word_1_618' title='bbox 1243 2231 1267 2259; x_wconf 79' lang='lat' dir='ltr'><strong>et</strong></span> <span class='ocrx_word' id='word_1_619' title='bbox 1284 2231 1354 2260; x_wconf 79' lang='lat' dir='ltr'><strong>Celsi</strong></span> <span class='ocrx_word' id='word_1_620' title='bbox 1374 2237 1466 2263; x_wconf 84' lang='lat' dir='ltr'><strong>mart.,</strong></span> <span class='ocrx_word' id='word_1_621' title='bbox 1481 2231 1524 2258; x_wconf 80' lang='lat' dir='ltr'><strong>die</strong></span> <span class='ocrx_word' id='word_1_622' title='bbox 1543 2231 1585 2257; x_wconf 74' lang='lat' dir='ltr'><strong>M.</strong></span> 
     </span>
    </p>
   </div>
   <div class='ocr_carea' id='block_1_98' title="bbox 1061 2317 1810 2352">
    <p class='ocr_par' dir='ltr' id='par_1_98' title="bbox 1061 2317 1810 2352">
     <span class='ocr_line' id='line_1_98' title="bbox 1061 2317 1810 2352; baseline -0.004 -6"><span class='ocrx_word' id='word_1_623' title='bbox 1061 2319 1216 2347; x_wconf 86' lang='lat' dir='ltr'><strong>Laudemus</strong></span> <span class='ocrx_word' id='word_1_624' title='bbox 1232 2319 1516 2346; x_wconf 83' lang='lat' dir='ltr'><strong>immaculatissimam</strong></span> <span class='ocrx_word' id='word_1_625' title='bbox 1530 2318 1660 2352; x_wconf 83' lang='lat' dir='ltr'><strong>puellam,</strong></span> <span class='ocrx_word' id='word_1_626' title='bbox 1674 2325 1735 2352; x_wconf 68' lang='lat' dir='ltr'><strong>qua:</strong></span> <span class='ocrx_word' id='word_1_627' title='bbox 1752 2317 1810 2344; x_wconf 83' lang='lat' dir='ltr'><strong>sola</strong></span> 
     </span>
    </p>
   </div>
   <div class='ocr_carea' id='block_1_99' title="bbox 1025 2365 1814 2400">
    <p class='ocr_par' dir='ltr' id='par_1_99' title="bbox 1025 2365 1814 2400">
     <span class='ocr_line' id='line_1_99' title="bbox 1025 2365 1814 2400; baseline -0.008 -6"><span class='ocrx_word' id='word_1_628' title='bbox 1025 2368 1053 2394; x_wconf 92' lang='lat' dir='ltr'><strong>ln</strong></span> <span class='ocrx_word' id='word_1_629' title='bbox 1069 2371 1147 2394; x_wconf 87' lang='lat' dir='ltr'><strong>utero</strong></span> <span class='ocrx_word' id='word_1_630' title='bbox 1168 2365 1326 2397; x_wconf 90' lang='lat' dir='ltr'><strong>Dominum,</strong></span> <span class='ocrx_word' id='word_1_631' title='bbox 1350 2366 1397 2400; x_wconf 86' lang='lat' dir='ltr'><strong>qui</strong></span> <span class='ocrx_word' id='word_1_632' title='bbox 1416 2369 1458 2392; x_wconf 90' lang='lat' dir='ltr'><strong>est</strong></span> <span class='ocrx_word' id='word_1_633' title='bbox 1476 2369 1539 2392; x_wconf 86' lang='lat' dir='ltr'><strong>ante</strong></span> <span class='ocrx_word' id='word_1_634' title='bbox 1554 2365 1664 2397; x_wconf 73' lang='lat' dir='ltr'><strong>strrula,</strong></span> <span class='ocrx_word' id='word_1_635' title='bbox 1689 2371 1814 2398; x_wconf 82' lang='lat' dir='ltr'><strong>compre-</strong></span> 
     </span>
    </p>
   </div>
   <div class='ocr_carea' id='block_1_100' title="bbox 1025 2410 1809 2445">
    <p class='ocr_par' dir='ltr' id='par_1_100' title="bbox 1025 2410 1809 2445">
     <span class='ocr_line' id='line_1_100' title="bbox 1025 2410 1809 2445; baseline -0.005 -5"><span class='ocrx_word' id='word_1_636' title='bbox 1025 2413 1138 2440; x_wconf 87' lang='lat' dir='ltr'><strong>hendit:</strong></span> <span class='ocrx_word' id='word_1_637' title='bbox 1155 2412 1225 2440; x_wconf 81' lang='lat' dir='ltr'><strong>facta</strong></span> <span class='ocrx_word' id='word_1_638' title='bbox 1240 2417 1282 2440; x_wconf 88' lang='lat' dir='ltr'><strong>est</strong></span> <span class='ocrx_word' id='word_1_639' title='bbox 1300 2412 1372 2439; x_wconf 88' lang='lat' dir='ltr'><strong>enim</strong></span> <span class='ocrx_word' id='word_1_640' title='bbox 1394 2412 1473 2438; x_wconf 83' lang='lat' dir='ltr'><strong>latior</strong></span> <span class='ocrx_word' id='word_1_641' title='bbox 1486 2411 1574 2444; x_wconf 62' lang='lat' dir='ltr'><strong>caelis,</strong></span> <span class='ocrx_word' id='word_1_642' title='bbox 1592 2410 1676 2437; x_wconf 81' lang='lat' dir='ltr'><strong>Deum</strong></span> <span class='ocrx_word' id='word_1_643' title='bbox 1693 2418 1809 2445; x_wconf 86' lang='lat' dir='ltr'><strong>corpore</strong></span> 
     </span>
    </p>
   </div>
   <div class='ocr_carea' id='block_1_101' title="bbox 1024 2457 1540 2493">
    <p class='ocr_par' dir='ltr' id='par_1_101' title="bbox 1024 2457 1540 2493">
     <span class='ocr_line' id='line_1_101' title="bbox 1024 2457 1540 2493; baseline -0.006 -7"><span class='ocrx_word' id='word_1_644' title='bbox 1024 2459 1143 2486; x_wconf 79' lang='lat' dir='ltr'><strong>vestiens</strong></span> <span class='ocrx_word' id='word_1_645' title='bbox 1155 2463 1265 2493; x_wconf 90' lang='lat' dir='ltr'><strong>propter</strong></span> <span class='ocrx_word' id='word_1_646' title='bbox 1279 2459 1363 2492; x_wconf 89' lang='lat' dir='ltr'><strong>ipsius</strong></span> <span class='ocrx_word' id='word_1_647' title='bbox 1379 2457 1540 2485; x_wconf 88' lang='lat' dir='ltr'><strong>bonitatem.</strong></span> 
     </span>
    </p>
   </div>
   <div class='ocr_carea' id='block_1_102' title="bbox 1065 2502 1814 2540">
    <p class='ocr_par' dir='ltr' id='par_1_102' title="bbox 1065 2502 1814 2540">
     <span class='ocr_line' id='line_1_102' title="bbox 1065 2502 1814 2540; baseline -0.004 -9"><span class='ocrx_word' id='word_1_648' title='bbox 1065 2504 1164 2540; x_wconf 81' lang='lat' dir='ltr'><strong>Legale</strong></span> <span class='ocrx_word' id='word_1_649' title='bbox 1192 2504 1397 2532; x_wconf 83' lang='lat' dir='ltr'><strong>tabernaculum</strong></span> <span class='ocrx_word' id='word_1_650' title='bbox 1423 2503 1615 2538; x_wconf 68' lang='lat' dir='ltr'><strong>praetigurabat</strong></span> <span class='ocrx_word' id='word_1_651' title='bbox 1642 2507 1667 2530; x_wconf 88' lang='lat' dir='ltr'><strong>te</strong></span> <span class='ocrx_word' id='word_1_652' title='bbox 1695 2502 1814 2529; x_wconf 80' lang='lat' dir='ltr'><strong>futuram</strong></span> 
     </span>
    </p>
   </div>
   <div class='ocr_carea' id='block_1_103' title="bbox 1029 2547 1816 2581">
    <p class='ocr_par' dir='ltr' id='par_1_103' title="bbox 1029 2547 1816 2581">
     <span class='ocr_line' id='line_1_103' title="bbox 1029 2547 1816 2581; baseline -0.004 -5"><span class='ocrx_word' id='word_1_653' title='bbox 1029 2556 1090 2577; x_wconf 85' lang='lat' dir='ltr'><strong>esse</strong></span> <span class='ocrx_word' id='word_1_654' title='bbox 1103 2553 1226 2576; x_wconf 87' lang='lat' dir='ltr'><strong>sanctum</strong></span> <span class='ocrx_word' id='word_1_655' title='bbox 1245 2549 1291 2576; x_wconf 92' lang='lat' dir='ltr'><strong>Dei</strong></span> <span class='ocrx_word' id='word_1_656' title='bbox 1316 2549 1535 2580; x_wconf 86' lang='lat' dir='ltr'><strong>tabernaculum,</strong></span> <span class='ocrx_word' id='word_1_657' title='bbox 1561 2556 1578 2574; x_wconf 95' lang='lat' dir='ltr'><strong>o</strong></span> <span class='ocrx_word' id='word_1_658' title='bbox 1597 2552 1683 2579; x_wconf 84' lang='lat' dir='ltr'><strong>easta,</strong></span> <span class='ocrx_word' id='word_1_659' title='bbox 1709 2547 1737 2574; x_wconf 92' lang='lat' dir='ltr'><strong>in</strong></span> <span class='ocrx_word' id='word_1_660' title='bbox 1760 2554 1816 2581; x_wconf 91' lang='lat' dir='ltr'><strong>quo</strong></span> 
     </span>
    </p>
   </div>
   <div class='ocr_carea' id='block_1_104' title="bbox 1030 2593 1814 2630">
    <p class='ocr_par' dir='ltr' id='par_1_104' title="bbox 1030 2593 1814 2630">
     <span class='ocr_line' id='line_1_104' title="bbox 1030 2593 1814 2630; baseline -0.005 -7"><span class='ocrx_word' id='word_1_661' title='bbox 1030 2595 1215 2630; x_wconf 86' lang='lat' dir='ltr'><strong>superveniret</strong></span> <span class='ocrx_word' id='word_1_662' title='bbox 1228 2595 1386 2630; x_wconf 84' lang='lat' dir='ltr'><strong>oropitiatio</strong></span> <span class='ocrx_word' id='word_1_663' title='bbox 1399 2600 1504 2626; x_wconf 80' lang='lat' dir='ltr'><strong>nostra,</strong></span> <span class='ocrx_word' id='word_1_664' title='bbox 1520 2601 1581 2630; x_wconf 70' lang='lat' dir='ltr'><strong>qum</strong></span> <span class='ocrx_word' id='word_1_665' title='bbox 1595 2594 1674 2622; x_wconf 89' lang='lat' dir='ltr'><strong>nobis</strong></span> <span class='ocrx_word' id='word_1_666' title='bbox 1686 2593 1814 2621; x_wconf 86' lang='lat' dir='ltr'><strong>omnibus</strong></span> 
     </span>
    </p>
   </div>
   <div class='ocr_carea' id='block_1_105' title="bbox 1029 2642 1751 2677">
    <p class='ocr_par' dir='ltr' id='par_1_105' title="bbox 1029 2642 1751 2677">
     <span class='ocr_line' id='line_1_105' title="bbox 1029 2642 1751 2677; baseline -0.001 -7"><span class='ocrx_word' id='word_1_667' title='bbox 1029 2642 1271 2670; x_wconf 79' lang='lat' dir='ltr'><strong>sanctilicationem</strong></span> <span class='ocrx_word' id='word_1_668' title='bbox 1286 2642 1443 2677; x_wconf 74' lang='lat' dir='ltr'><strong>largiretur.</strong></span> <span class='ocrx_word' id='word_1_669' title='bbox 1748 2670 1751 2671; x_wconf 31' lang='grc' dir='ltr'><em>ν</em></span> 
     </span>
    </p>
   </div>
   <div class='ocr_carea' id='block_1_106' title="bbox 1066 2683 1815 2723">
    <p class='ocr_par' dir='ltr' id='par_1_106' title="bbox 1066 2683 1815 2723">
     <span class='ocr_line' id='line_1_106' title="bbox 1066 2683 1815 2723; baseline -0.007 -8"><span class='ocrx_word' id='word_1_670' title='bbox 1066 2687 1125 2716; x_wconf 78' lang='lat' dir='ltr'><strong>Non</strong></span> <span class='ocrx_word' id='word_1_671' title='bbox 1149 2688 1307 2723; x_wconf 89' lang='lat' dir='ltr'><strong>relinquens</strong></span> <span class='ocrx_word' id='word_1_672' title='bbox 1332 2695 1448 2715; x_wconf 85' lang='lat' dir='ltr'><strong>vacuum</strong></span> <span class='ocrx_word' id='word_1_673' title='bbox 1472 2687 1620 2715; x_wconf 85' lang='lat' dir='ltr'><strong>Paternum</strong></span> <span class='ocrx_word' id='word_1_674' title='bbox 1646 2686 1739 2714; x_wconf 86' lang='lat' dir='ltr'><strong>sinum</strong></span> <span class='ocrx_word' id='word_1_675' title='bbox 1769 2683 1815 2711; x_wconf 85' lang='lat' dir='ltr'><strong>ille</strong></span> 
     </span>
    </p>
   </div>
   <div class='ocr_carea' id='block_1_107' title="bbox 1029 2773 1809 2811">
    <p class='ocr_par' dir='ltr' id='par_1_107' title="bbox 1029 2773 1809 2811">
     <span class='ocr_line' id='line_1_107' title="bbox 1029 2773 1809 2811; baseline -0.001 -9"><span class='ocrx_word' id='word_1_676' title='bbox 1029 2775 1062 2803; x_wconf 86' lang='lat' dir='ltr'><strong>ad</strong></span> <span class='ocrx_word' id='word_1_677' title='bbox 1075 2775 1213 2803; x_wconf 83' lang='lat' dir='ltr'><strong>Romanos</strong></span> <span class='ocrx_word' id='word_1_678' title='bbox 1226 2784 1285 2811; x_wconf 83' lang='lat' dir='ltr'><strong>cap.</strong></span> <span class='ocrx_word' id='word_1_679' title='bbox 1300 2784 1327 2808; x_wconf 82' lang='grc' dir='ltr'>ν,</span> <span class='ocrx_word' id='word_1_680' title='bbox 1345 2775 1372 2803; x_wconf 87' lang='lat' dir='ltr'><strong>in</strong></span> <span class='ocrx_word' id='word_1_681' title='bbox 1396 2776 1447 2811; x_wconf 77' lang='lat' dir='ltr'><strong>hac</strong></span> <span class='ocrx_word' id='word_1_682' title='bbox 1459 2775 1578 2811; x_wconf 77' lang='lat' dir='ltr'><strong>generali</strong></span> <span class='ocrx_word' id='word_1_683' title='bbox 1596 2774 1688 2808; x_wconf 80' lang='lat' dir='ltr'><strong>regula</strong></span> <span class='ocrx_word' id='word_1_684' title='bbox 1704 2773 1809 2811; x_wconf 34' lang='lat' dir='ltr'><strong>scu‘de.</strong></span> 
     </span>
    </p>
   </div>
   <div class='ocr_carea' id='block_1_108' title="bbox 1028 2807 1817 2852">
    <p class='ocr_par' dir='ltr' id='par_1_108' title="bbox 1028 2807 1817 2852">
     <span class='ocr_line' id='line_1_108' title="bbox 1028 2807 1817 2852; baseline -0.005 -14"><span class='ocrx_word' id='word_1_685' title='bbox 1028 2816 1103 2852; x_wconf 65' lang='lat' dir='ltr'><strong>creto</strong></span> <span class='ocrx_word' id='word_1_686' title='bbox 1115 2807 1279 2852; x_wconf 38' lang='lat' dir='ltr'><strong>_de_peccat‘o</strong></span> <span class='ocrx_word' id='word_1_687' title='bbox 1298 2807 1427 2852; x_wconf 66' lang='lat' dir='ltr'><strong>originali</strong></span> <span class='ocrx_word' id='word_1_688' title='bbox 1435 2807 1473 2850; x_wconf 59' lang='grc' dir='ltr'><strong>¹ΒΓ</strong></span> <span class='ocrx_word' id='word_1_689' title='bbox 1480 2807 1817 2852; x_wconf 42' lang='grc' dir='ltr'><strong>,γίτείηειηὶοτιιρι-ςιιψιηι</strong></span> 
     </span>
    </p>
   </div>
   <div class='ocr_carea' id='block_1_109' title="bbox 1029 2845 1815 2875">
    <p class='ocr_par' dir='ltr' id='par_1_109' title="bbox 1029 2845 1815 2875">
     <span class='ocr_line' id='line_1_109' title="bbox 1029 2845 1815 2875; baseline 0 -3"><span class='ocrx_word' id='word_1_690' title='bbox 1029 2846 1093 2872; x_wconf 89' lang='lat' dir='ltr'><strong>dere</strong></span> <span class='ocrx_word' id='word_1_691' title='bbox 1106 2845 1255 2874; x_wconf 83' lang='lat' dir='ltr'><strong>declaravit</strong></span> <span class='ocrx_word' id='word_1_692' title='bbox 1270 2855 1327 2875; x_wconf 62' lang='lat' dir='ltr'><strong>sum</strong></span> <span class='ocrx_word' id='word_1_693' title='bbox 1344 2845 1503 2874; x_wconf 83' lang='lat' dir='ltr'><strong>intentionis</strong></span> <span class='ocrx_word' id='word_1_694' title='bbox 1520 2852 1575 2872; x_wconf 87' lang='lat' dir='ltr'><strong>non</strong></span> <span class='ocrx_word' id='word_1_695' title='bbox 1590 2851 1651 2872; x_wconf 65' lang='lat' dir='ltr'><strong>esse</strong></span> <span class='ocrx_word' id='word_1_696' title='bbox 1666 2845 1815 2872; x_wconf 79' lang='lat' dir='ltr'><strong>concilium</strong></span> 
     </span>
    </p>
   </div>
   <div class='ocr_carea' id='block_1_110' title="bbox 1023 2880 1395 2912">
    <p class='ocr_par' dir='ltr' id='par_1_110' title="bbox 1023 2880 1395 2912">
     <span class='ocr_line' id='line_1_110' title="bbox 1023 2880 1395 2912; baseline 0.003 -4"><span class='ocrx_word' id='word_1_697' title='bbox 1023 2880 1212 2912; x_wconf 81' lang='lat' dir='ltr'><strong>&#39;l&#39;ridentinum</strong></span> <span class='ocrx_word' id='word_1_698' title='bbox 1229 2883 1353 2911; x_wconf 81' lang='lat' dir='ltr'><strong>sessione</strong></span> <span class='ocrx_word' id='word_1_699' title='bbox 1368 2881 1395 2910; x_wconf 82' lang='grc'><strong>5.</strong></span> 
     </span>
    </p>
   </div>
  </div>
