2069 3159
221 168 292 204 1215

785 172 814 202 S.
836 171 992 203 IOSEPHI
1012 169 1290 203 HYMNOGRAPHI

1770 170 1839 204 Ῑῖίϐ

256 227 456 257 Candelabrum
470 222 651 257 intellecluale
668 231 696 257 te
710 229 775 257 olim
789 230 919 265 propheta
933 237 1002 264 prae—
1018 257 1020 261 Α

1090 230 1196 265 Νοεράν
1212 239 1240 257 σε
1265 229 1375 265 λυχνίαν
1395 230 1546 266 προέὄλεπε
1566 229 1649 257 πάλαι
1664 229 1678 256 ὃ
1699 230 1840 265 προφήτης

221 274 299 307 vidit,
310 282 327 302 ο
337 279 422 307 casta,
433 275 552 302 divinam
565 274 715 309 lampadem
727 275 866 303 Christum
881 281 1002 310 gestans,

223 329 272 357 per
285 329 366 356 quam
379 321 457 356 197
474 329 523 348 nos
537 329 632 348 omnes
647 321 792 349 illuminati
807 329 915 349 sumus.

259 367 401 402 Templum
418 367 488 394 facta
503 375 532 395 es
545 367 590 395 Dei
607 368 731 399 viventis,
754 367 780 394 in
795 375 849 401 quo
862 367 1008 395 habitatio-

224 421 286 441 nem
302 421 380 441 suam
395 413 567 440 ineﬂ'abiliter
581 414 733 447 constituit,
749 420 766 440 ο
782 413 865 449 Virgo
882 414 1009 441 omnibus

225 458 350 486 laudibus
361 458 535 491 celebranda,
556 459 602 493 qui
616 464 706 487 tamen
721 460 803 488 caelos
820 460 965 492 inhabitat,
983 464 1010 487 et

226 508 336 540 propter
352 503 465 531 multam
484 504 634 532 bonitatem
651 512 729 532 suam
743 505 825 532 homo
839 504 897 532 ﬁeri
912 511 1011 539 passus

225 555 276 577 est.

261 595 354 623 Latior
378 596 456 624 cmlis
469 595 632 631 apparuisti,
644 603 660 624 ο
677 596 770 631 Virgo,
783 596 867 624 Deum
879 596 1013 630 recipiens

227 641 254 668 in
269 641 421 669 visceribus
443 642 508 675 tuis,
536 650 615 676 quem
633 642 707 669 nulla
731 650 776 670 res
790 649 886 677 capere
907 646 1011 676 potest:

227 687 352 713 eumdem
370 686 530 720 deprecare,
547 695 563 713 ο
582 687 694 714 Domina
712 687 853 718 inviolata,
869 691 924 714 uta
942 694 1014 713 mor-

227 731 308 758 tifera
329 732 454 767 angustia
480 732 577 760 liberet
602 740 661 766 eos,
686 732 733 767 qui
757 737 782 760 te
803 732 930 768 religiose
956 733 1013 760 col-

228 777 348 805 laudant.

264 821 347 849 Lucis
369 822 556 850 habitaculum
582 827 676 850 venter
697 827 760 850 tuus
778 822 866 850 factus
883 826 934 855 est,
953 830 1014 857 quat

228 867 419 902 splendoribus
447 867 599 895 divinitatis
625 867 788 894 illuminavit
813 867 956 901 mundum,
989 870 1016 894 et

1056 276 1087 303 τὸ
1109 277 1179 303 θεῖον
1202 277 1355 312 λαμπάδιον
1378 277 1506 312 Χριστὸν,
1532 276 1614 312 ἁγνὴ,
1637 276 1842 312 βαστάζουσαν,

1058 322 1091 348 δι’
1106 319 1136 348 οὗ
1154 322 1255 355 πάντες
1272 324 1352 357 ἡμεῖς
1366 322 1568 357 ἐφωτίσθημεν.

1092 368 1164 399 Nalm;
1176 369 1362 403 ἑχρημάτισας
1379 367 1445 394 Θεοῦ
1457 367 1504 394 τοῦ
1519 367 1630 399 ζῶντος,
1644 367 1673 393 ὲν
1683 363 1704 401 ᾧ
1715 366 1764 402 τὴν
1779 375 1843 393 κατ-

1059 413 1165 446 οίκησιν
1183 414 1310 449 ὸρῤήτως
1332 414 1489 448 ἐποιήσατο,
1518 412 1641 447 Παρθένε
1667 411 1844 446 πανύμνητε,

1060 461 1073 486 ὸ
1091 460 1222 495 οὐρανοὺς
1236 458 1380 490 κατοικῶν,
1394 459 1440 485 καὶ
1452 458 1485 484 δι’
1500 457 1654 492 ἁγαθότητα
1670 457 1770 492 πολλὴν
1783 456 1845 491 βρο-

1060 505 1106 537 τὸς
1121 505 1246 540 γενέσθαι
1262 505 1493 539 καταδεξάμενος.

1098 596 1203 631 Ὠφθης
1228 595 1360 630 οὐρανῶν,
1387 595 1524 629 Παρθένε,
1542 594 1707 628 πλατυτέρα,
1734 593 1799 620 Θεὸν
1819 594 1848 619 ἐν

1065 642 1156 678 μήτρᾳ
1170 650 1216 667 σου
1233 642 1381 676 χωρήσασα
1398 641 1442 668 τὸν
1463 641 1546 667 πᾶσιν
1563 640 1717 675 ἀχώρητον,
1736 638 1765 665 ὃν
1791 638 1849 664 ίκέη

1063 695 1123 714 τευε
1140 687 1328 722 λυτρώσασθαι
1350 687 1530 722 στενοχωρίας
1541 705 1549 717 ,
1571 687 1688 721 ᾶχραντε
1703 685 1849 715 Δέσποινα,

1063 732 1234 768 ψυχοφθὸρου
1247 733 1309 764 τοὺς
1323 732 1442 764 εὐσεϐῶς
1454 731 1640 767 ὰνυμνοῦντάς
1659 739 1698 758 σε.

1100 823 1190 853 Φωτὸς
1202 822 1358 857 οἰκητήριον
1372 821 1388 856 ἡ
1405 821 1494 856 μήτρα
1508 829 1555 847 σου
1569 819 1715 854 γεγένηται
1728 819 1775 846 τοῦ
1795 827 1851 852 φω-

1066 868 1188 899 τίσαντος
1205 868 1306 902 κόσμον
1324 867 1420 901 αὐγαῖς
1440 866 1575 900 θεότητος,
1590 866 1637 892 καὶ
1650 865 1699 897 τῆς
1714 865 1851 898 ἀγνωσίας

229 913 389 948 ignorantia:
412 913 538 939 tenebras
563 920 676 947 prorsus
702 913 736 940 ab
760 912 826 939 orbe
851 912 1015 945 eliminavit;

1072 914 1098 941 τὸ
1113 914 1207 944 σκότος
1230 914 1284 940 ἀπὸ
1299 913 1348 948 τῆς
1367 912 1430 946 γῆς,
1459 911 1613 946 πανάμωμε
1637 910 1721 944 Κόρη,
1738 909 1851 942 τελείως

230 959 406 992 quamobrem
432 962 458 986 te
482 958 677 994 gloriﬁcamus,
702 966 719 986 ο
735 958 838 991 Puella,
855 965 916 993 qua:
939 965 1016 985 cares

230 1004 304 1032 eunti
324 1004 394 1031 labe.

295 1069 338 1099 Ex
351 1069 457 1098 Conone
469 1071 496 1098 iu
509 1071 575 1106 festo
589 1070 619 1098 S.
639 1070 703 1099 Vari
715 1071 850 1107 martyris,
864 1071 905 1099 die
918 1071 963 1099 l9.

267 1177 386 1206 Verbum
410 1179 684 1214 super~ubstantiale,
715 1187 796 1214 supra
821 1179 895 1207 verbi
920 1186 1019 1207 conce-

232 1229 308 1260 ptum
336 1225 364 1252 in
391 1229 468 1252 utero
498 1229 546 1252 tuo
573 1225 719 1258 habitavit,
736 1225 941 1253 oimtnaculata
962 1235 969 1253 ε
992 1229 1020 1253 et

232 1274 314 1297 natus
330 1277 363 1297 eo
384 1271 465 1297 modo
477 1270 526 1305 qui
542 1269 626 1297 Deum
642 1271 767 1302 decebat,
783 1275 936 1305 martyrum
952 1270 1019 1298 cho—

232 1323 278 1343 ros
292 1316 404 1343 attraxit
419 1325 425 1343 :
442 1324 503 1344 cum
520 1317 619 1352 quibus
633 1317 680 1344 tibi
696 1317 809 1352 hymnos
825 1317 1018 1345 decantamus.

268 1360 290 1387 0
311 1360 392 1395 Virgo
411 1361 494 1389 Mater
510 1361 569 1393 Dei,
586 1362 710 1397 segnitiei
727 1369 794 1388 meas
810 1361 938 1388 tenebras
955 1369 1020 1395 pro-

233 1405 409 1433 l'undissimas
430 1407 644 1442 passionumque
661 1407 749 1436 nubes
779 1407 872 1441 gratiae
887 1411 941 1434 tua:
958 1407 1021 1435 illu-

233 1451 391 1484 minatione.
410 1456 436 1478 te
456 1459 563 1486 precor,
583 1453 707 1480 elimina.

271 1496 306 1525 De
321 1496 386 1525 limo
401 1497 571 1532 passionum,
585 1497 673 1532 deque
686 1497 883 1532 cogitationum
898 1497 1019 1531 miseria,

234 1549 294 1577 quia
310 1541 428 1570 alienum
445 1550 488 1570 me
511 1542 617 1571 faciunt
638 1551 653 1571 a
680 1543 745 1576 Deo,
767 1545 814 1579 qui
840 1545 915 1573 solus
934 1552 1020 1580 purus

1067 959 1222 992 διώξαντος.
1239 959 1289 986 Διὰ
1305 959 1384 986 τοῦτό
1401 967 1429 985 σε
1447 957 1606 993 δοξάζομεν.

1073 1069 1122 1097 Ἕκ
1136 1070 1190 1098 τοῦ
1204 1070 1338 1103 Κανόνας
1353 1069 1465 1139 51%;»
1478 1068 1563 1130 67301-
1574 1068 1710 1103 μάρτυρα
1727 1067 1853 1102 οὔαρον,

1438 1112 1478 1138 pa
1498 1113 1506 1130 ι
1524 1107 1541 1131 '.

1438 1112 1478 1138 Ῥᾳ
1498 1107 1541 1131 ιθ¹.

1108 1180 1138 1207 '0
1162 1180 1323 1216 ὕπερούσιος
1341 1179 1420 1214 λόγος
1448 1187 1494 1205 σου
1515 1179 1544 1205 ὲν
1561 1179 1660 1214 γαστρὶ
1684 1178 1754 1213 ὑπὲρ
1777 1177 1855 1212 λόγον

1068 1226 1178 1262 ᾤκησε,
1205 1227 1253 1253 καὶ
1286 1225 1392 1260 τεχθεὶς
1422 1224 1581 1260 θεοπρεπῶς
1613 1224 1669 1251 τῶν
1697 1223 1854 1259 μαρτύρων,

1069 1272 1199 1308 ἄχραντε,
1219 1271 1316 1306 χοροὺς
1345 1271 1532 1303 ἐπεσπάσατο,
1553 1270 1612 1305 μεθ’
1632 1267 1670 1296 ὧν
1687 1268 1854 1304 ὑμνολογοῧ-

1071 1318 1121 1354 μέν
1136 1327 1176 1345 σε.

1106 1363 1227 1399 Παρθένε
1239 1363 1334 1399 Μῆτερ
1351 1363 1430 1396 Θεοῦ,
1453 1363 1502 1398 τῆς
1519 1363 1588 1398 ὲμῆς
1608 1362 1744 1399 ῥᾳθυμίας
1764 1361 1795 1388 τὸ
1810 1361 1859 1396 βα-

1071 1410 1186 1447 ρύτατον
1203 1410 1308 1443 σκότος,
1330 1410 1426 1437 καὶτὰ
1453 1410 1520 1445 νέφη
1540 1409 1596 1436 τῶν
1613 1407 1757 1443 παθῶντῷ
1772 1416 1857 1443 φωτι-

1072 1456 1132 1492 σμῷ
1148 1456 1196 1491 τῆς
1208 1457 1237 1483 ὲν
1254 1456 1305 1488 σοὶ,
1319 1455 1436 1483 δυσωπῶ
1449 1464 1490 1487 σε,
1506 1455 1618 1491 χάριτος
1635 1454 1784 1482 ἀπέλασον.

1108 1503 1202 1536 ἰλὺος,
1215 1502 1361 1535 Δέσποινα,
1377 1502 1471 1529 παθῶν
1493 1502 1624 1536 ἀνάγαγε,
1642 1501 1689 1528 καὶ
1703 1501 1751 1535 τῆς
1764 1500 1858 1526 ταλαι-

1073 1548 1179 1584 πωρίας
1195 1547 1249 1575 τῶν
1268 1548 1417 1582 λογισμῶν,
1434 1548 1490 1574 τῶν
1505 1547 1718 1582 ἀλλοτριούντων
1740 1555 1774 1581 με
1789 1545 1858 1572 Θεαῦ

234 1591 287 1619 est.
303 1587 371 1615 educ
385 1595 438 1620 me,
456 1588 581 1621 Domina,
596 1594 626 1616 ut
642 1597 705 1616 cum
721 1590 774 1617 ﬁde
790 1595 816 1618 te
828 1590 990 1618 bcatiﬁcem.

1075 1594 1122 1620 τοῦ
1139 1595 1220 1629 μόνου
1235 1593 1367 1629 καθαροῦ,
1383 1593 1426 1619 ἵνα
1440 1592 1530 1619 πίστει
1542 1592 1686 1628 μακαρίζω
1700 1600 1740 1617 σε.

271 1632 411 1668 Tanquam
438 1641 469 1661 ea
491 1642 553 1669 quae
576 1634 725 1662 Cherubim
746 1640 774 1664 et
798 1637 941 1672 Seraphim
959 1644 1022 1665 vere

236 1680 355 1709 sanctior
371 1681 533 1714 apparuisti,
558 1689 575 1709 ο
591 1681 859 1717 immaculatissima,
883 1684 1022 1712 sanctiﬁca

236 1733 344 1757 omnes,
368 1725 414 1759 qui
434 1729 460 1753 te
483 1733 557 1753 nunc
573 1727 690 1755 ﬁdeliter
705 1728 872 1762 beatiﬁcant,
893 1734 920 1757 et
933 1729 1023 1758 salvos

237 1771 281 1799 l'ac
293 1779 350 1803 cos,
363 1772 408 1807 qui
426 1776 452 1799 te
466 1772 594 1801 laudibus
609 1774 813 1801 concelebrant.

272 1829 409 1862 Guberna,
436 1829 561 1862 Domina,
578 1830 705 1858 miseram
723 1831 841 1858 animam
869 1839 969 1864 meam,
995 1831 1022 1859 in

238 1876 334 1911 pelago
350 1875 572 1910 gravissimorum
590 1877 722 1903 malorum
740 1877 858 1904 assiduis
875 1883 1023 1913 tempesta-

239 1921 315 1950 tibus
328 1922 502 1956 exagitatam,
519 1926 546 1949 et
563 1922 666 1956 perduc
688 1930 747 1950 eam
769 1923 802 1951 ad
819 1929 925 1958 portum
951 1931 1024 1951 serev

239 1975 305 1995 num
313 1967 539 2003 aetranquillum,
557 1967 638 2003 198
650 1968 806 1996 ﬁrmissima
820 1973 909 1996 mente
924 1974 950 1996 te
961 1969 1025 1996 bea-

239 2014 396 2041 tiﬁcantem.

279 2059 321 2087 Ile
346 2059 500 2088 immodicis
523 2059 788 2095 transgressionibus
812 2059 981 2088 confractum
999 2064 1026 2088 et

239 2106 385 2134 contritum
412 2106 582 2143 redintegra,
602 2113 619 2133 ο
646 2105 742 2140 Virgo,
770 2105 935 2133 mediatione
964 2110 1023 2139 tua,

241 2152 373 2179 medelam
389 2152 522 2180 adhibens
536 2152 635 2179 animae
652 2159 729 2183 meae,
744 2159 942 2186 sermonesque
955 2159 1024 2186 prte—

241 2199 307 2225 hcns
326 2198 359 2225 ad
380 2198 573 2227 clamandum:
597 2198 741 2226 Benedicta
757 2202 796 2231 tu,
820 2205 880 2233 qua:
898 2197 981 2225 Deum
998 2197 1024 2225 in

241 2253 323 2273 carne
340 2245 479 2280 peperisti.

277 2291 391 2318 Peccata
409 2291 527 2325 peccatis
538 2290 686 2326 conjungo,
708 2298 797 2326 neque
808 2291 937 2319 horresco
953 2290 1028 2319 futu-

241 2344 302 2363 rum
319 2337 489 2364 formidabile
500 2337 669 2372 mysterium.
688 2336 783 2370 Aufer,
795 2345 811 2364 o
828 2342 913 2369 casta,
926 2337 1026 2364 animat

243 2390 310 2409 mea!
336 2382 476 2416 duritiem,
504 2387 532 2410 et
558 2383 755 2410 intercessione
781 2387 828 2410 tua
850 2388 978 2410 converte
999 2386 1028 2410 et

242 2427 316 2454 salva
329 2435 382 2454 me.

278 2473 347 2501 Cum
364 2473 536 2507 apparuisset
554 2473 685 2502 Dominus
698 2482 730 2503 ex
747 2479 787 2507 te,
804 2475 876 2502 nube
891 2474 978 2501 lucida
991 2494 998 2506 ,
1013 2481 1029 2502 0

245 2517 459 2554 Virgo,£gypti
475 2519 620 2546 simulacra
644 2520 752 2554 penitus
776 2519 911 2552 abolevit;
934 2519 1028 2546 multi-

244 2566 337 2594 tudine
365 2570 454 2593 autem
493 2570 657 2592 certatorum
686 2567 803 2600 palmam
833 2565 1029 2601 reportantium

243 2611 316 2638 illam
329 2611 438 2647 dignam
455 2610 553 2642 eﬂrcit.
570 2611 616 2646 qui
633 2611 729 2638 imitati
753 2615 816 2638 sunt
832 2619 893 2638 eum
911 2611 938 2637 in
958 2609 1031 2637 illius

245 2658 420 2693 passionibus
433 2657 635 2685 venerabilibus
652 2656 840 2692 perferendis.i

262 2737 304 2765 Ea:
320 2736 426 2765 Conone
441 2737 469 2764 in
485 2736 552 2772 festo
572 2735 602 2764 S.
620 2735 732 2763 Artemii
749 2734 887 2769 martyris,
902 2733 944 2761 die
957 2732 1002 2760 20.

284 2835 403 2865 Verbum
419 2838 622 2872 incorporeum,
638 2845 671 2866 eo
686 2836 766 2865 modo
783 2844 837 2871 quo
849 2836 932 2864 Deum
955 2835 1035 2865 dece-

250 2881 297 2910 bat
309 2890 342 2910 ex
361 2888 386 2911 tc
397 2884 580 2919 iucarnatum,
597 2891 614 2913 ο
632 2883 797 2916 castissima,
817 2886 925 2918 propter
940 2889 1034 2910 exces-

1114 1639 1295 1673 Ἁναφανεῖσα
1312 1637 1366 1664 τῶν
1385 1638 1527 1674 Χερουϐὶμ
1547 1638 1594 1664 καὶ
1608 1637 1664 1664 τῶν
1683 1635 1809 1671 Σεραφὶμ
1820 1635 1859 1665 ὡς

1072 1685 1179 1721 ἀληθῶς
1206 1684 1353 1720 ἁγιωιέρα,
1378 1684 1541 1718 πανάμωμε,
1560 1682 1663 1714 πάντας
1677 1683 1740 1713 τοὺς
1755 1681 1860 1712 πιστῶς

1074 1739 1103 1758 σε
1123 1730 1170 1758 νῦν
1187 1730 1388 1765 μακαρίζοντας
1411 1729 1535 1764 ἁγίασον,
1558 1729 1607 1756 καὶ
1621 1728 1706 1755 σῶσον
1726 1728 1788 1759 τοὺς
1813 1728 1859 1754 ἀν-

1073 1786 1088 1803 υ
1092 1776 1222 1811 μνοῦντάς
1238 1784 1279 1803 σε.

1108 1832 1296 1868 Καϐέρνησον,
1322 1832 1467 1864 Δέσποινα,
1496 1832 1524 1858 ὲν
1550 1831 1663 1864 πελάγει
1688 1829 1741 1855 τῶν
1767 1828 1861 1855 δεινῶν

1073 1878 1264 1913 χειμαζομένῳ
1284 1877 1399 1905 πάντοτε
1416 1877 1467 1912 τὴν
1479 1876 1611 1911 ταπεινὴν
1625 1875 1714 1910 ψυχήν
1733 1882 1795 1908 μου,
1814 1874 1861 1899 καὶ

1073 1923 1190 1959 γαληνὸν
1209 1924 1278 1959 πρὸς
1295 1924 1381 1959 ὅρμον
1400 1924 1533 1958 ἀνάγαγε,
1551 1921 1704 1956 ἁδιστὰκτῳ
1720 1928 1748 1946 σε
1766 1918 1863 1953 γνώμῃ

1076 1968 1292 2004 μακαρίζουσαν.

1112 2058 1292 2094 Συπριῦέντα
1314 2065 1347 2092 με
1370 2056 1501 2092 ἀμέτροις
1520 2054 1703 2090 παραϐάσεσι,
1722 2051 1864 2086 Παρθένε,

1077 2104 1200 2139 μεσιτείᾳ
1216 2112 1263 2130 σου
1285 2103 1487 2137 καινοποίησον,
1508 2101 1737 2139 ίατρεύουσάθμου
1750 2099 1799 2134 τὴν
1812 2098 1863 2132 ψυ-

1076 2150 1136 2186 χὴν,
1150 2150 1197 2176 καὶ
1215 2150 1295 2184 λόγον
1311 2149 1468 2185 παρέχουσα
1484 2149 1558 2184 βυᾷν·
1576 2146 1750 2183 Εὐλογημένη
1767 2146 1784 2180 ἠ
1797 2145 1865 2170 θεὸν

1078 2197 1159 2232 σαρκὶ
1173 2197 1308 2232 κυήσασα.

1118 2285 1268 2320 ’Λμαρτίας
1281 2284 1408 2312 συνάπτω
1424 2283 1467 2319 ἐφ’
1482 2282 1673 2318 ἁμαρτήμασι,
1689 2280 1737 2307 καὶ
1752 2279 1783 2306 τὸ
1799 2278 1865 2314 μὲλ-

1078 2331 1123 2358 λον
1135 2332 1164 2358 οὐ
1181 2331 1284 2366 φρίττω
1297 2330 1409 2365 φρικτὸν
1423 2329 1582 2364 μυστήριον
1594 2328 1715 2362 νίκησον,
1726 2325 1805 2359 ἁγνὴ,
1815 2326 1866 2359 τῆς

1078 2377 1167 2411 ψυχῆς
1182 2385 1232 2411 μου
1245 2377 1295 2410 τὴν
1316 2375 1457 2410 πώρωσιν,
1476 2376 1524 2401 καὶ
1537 2375 1571 2409 τῇ
1595 2375 1628 2408 σῇ
1646 2372 1779 2408 πρεσῦείῃ
1802 2371 1864 2397 ἐπί-

1080 2422 1195 2458 στρεψόν
1212 2430 1244 2457 με
1250 2442 1257 2454 ,
1276 2422 1372 2448 σῶσον.

1113 2469 1220 2500 Φανεὶς,
1243 2469 1374 2502 Παρθένε,
1391 2469 1423 2495 ὲκ
1442 2467 1489 2494 σοῦ
1511 2467 1528 2493 ἁ
1546 2466 1647 2503 Κύριος
1662 2466 1711 2501 τῆς
1731 2464 1865 2500 φωτεινῆς

1079 2515 1205 2551 νεφέλης,
1226 2515 1276 2550 τῆς
1291 2514 1430 2548 Αἰγύπτου
1451 2514 1485 2540 τὰ
1500 2513 1580 2546 ξόανα
1597 2512 1724 2539 παντελεῖ
1741 2511 1867 2545 ἀπωλείᾳ

1081 2561 1232 2596 παρέδωκ’
1250 2559 1349 2595 πλῆθος
1364 2559 1391 2586 δὲ
1407 2559 1565 2594 ἀθλοφόρων
1579 2557 1681 2593 ταύτην
1696 2558 1797 2592 ἠξίωσε
1816 2557 1866 2591 φέο

1081 2615 1150 2642 ρειν,
1168 2605 1350 2642 μιμουμένους
1365 2606 1399 2632 τὰ
1410 2604 1492 2632 αὑτοῦ
1507 2604 1594 2631 σεπτὰ
1609 2604 1769 2639 παθήματα.

1089 2730 1137 2756 Ἐκ
1156 2727 1208 2755 τοῦ
1227 2727 1362 2759 Κανόνας
1379 2727 1425 2759 εις
1441 2726 1495 2753 τὸν
1511 2725 1598 2759 ἅγιον
1617 2722 1868 2759 μεγαλομάρτιφα

1317 2761 1477 2796 Ἀρτέμιον,
1494 2760 1589 2795 ἡμέρᾳ
1604 2763 1637 2787 κ’,

1119 2832 1276 2868 Σαρκωθεὶς
1298 2831 1330 2858 ἐκ
1346 2830 1393 2857 σοῦ
1411 2828 1570 2864 θεοπρεπῶς
1586 2828 1600 2855 ὁ
1615 2827 1700 2859 Λόγος
1722 2827 1868 2861 ἀσώματος

1085 2879 1223 2916 ὑπερϐολῇ
1240 2876 1456 2914 φιλανθρωπίας,
1475 2875 1607 2909 πάναγνε,
1623 2874 1704 2902 πάθει
1726 2872 1868 2908 προσωμί-
