  <div class='ocr_page' id='page_1' title='image "/cluster/home/n/w/nwhite01/storage/ocr_20150623/105/njp.32101077772893/674.png"; bbox 0 0 2069 3159; ppageno 0'>
   <div class='ocr_carea' id='block_1_1' title="bbox 189 180 258 211">
    <p class='ocr_par' dir='ltr' id='par_1_1' title="bbox 189 180 258 211">
     <span class='ocr_line' id='line_1_1' title="bbox 189 180 258 211; baseline -0.014 0"><span class='ocrx_word' id='word_1_1' title='bbox 189 180 201 211; x_wconf 87' lang='grc'><strong>1</strong></span> <span class='ocrx_word' id='word_1_2' title='bbox 208 180 258 211; x_wconf 67' lang='lat'><strong>225</strong></span> 
     </span>
    </p>
   </div>
   <div class='ocr_carea' id='block_1_2' title="bbox 899 176 1082 207">
    <p class='ocr_par' dir='ltr' id='par_1_2' title="bbox 899 176 1082 207">
     <span class='ocr_line' id='line_1_2' title="bbox 899 176 1082 207; baseline -0.005 0"><span class='ocrx_word' id='word_1_3' title='bbox 899 176 1082 207; x_wconf 82' lang='lat' dir='ltr'><strong>MARIALE.</strong></span> 
     </span>
    </p>
   </div>
   <div class='ocr_carea' id='block_1_3' title="bbox 1755 179 1822 211">
    <p class='ocr_par' dir='ltr' id='par_1_3' title="bbox 1755 179 1822 211">
     <span class='ocr_line' id='line_1_3' title="bbox 1755 179 1822 211; baseline 0 0"><span class='ocrx_word' id='word_1_4' title='bbox 1755 179 1822 211; x_wconf 78' lang='lat'><strong>1226</strong></span> 
     </span>
    </p>
   </div>
   <div class='ocr_carea' id='block_1_4' title="bbox 188 233 981 276">
    <p class='ocr_par' dir='ltr' id='par_1_4' title="bbox 188 235 979 276">
     <span class='ocr_line' id='line_1_4' title="bbox 188 235 979 276; baseline -0.004 -11"><span class='ocrx_word' id='word_1_5' title='bbox 188 238 303 274; x_wconf 64' lang='grc' dir='ltr'>ζτεμενον</span> <span class='ocrx_word' id='word_1_6' title='bbox 333 241 368 276; x_wconf 80' lang='grc' dir='ltr'><strong>τῇ</strong></span> <span class='ocrx_word' id='word_1_7' title='bbox 399 238 533 275; x_wconf 76' lang='grc' dir='ltr'>πρεσϐείᾳ</span> <span class='ocrx_word' id='word_1_8' title='bbox 550 247 597 266; x_wconf 76' lang='grc' dir='ltr'><strong>σου</strong></span> <span class='ocrx_word' id='word_1_9' title='bbox 628 246 662 273; x_wconf 85' lang='grc' dir='ltr'>με</span> <span class='ocrx_word' id='word_1_10' title='bbox 680 236 827 273; x_wconf 81' lang='grc' dir='ltr'>λύτρωσαι,</span> <span class='ocrx_word' id='word_1_11' title='bbox 852 235 979 268; x_wconf 80' lang='grc' dir='ltr'>Θεοτόκε,</span> 
     </span>
    </p>
   </div>
   <div class='ocr_carea' id='block_1_5' title="bbox 1032 233 1822 276">
    <p class='ocr_par' dir='ltr' id='par_1_5' title="bbox 1032 233 1822 275">
     <span class='ocr_line' id='line_1_5' title="bbox 1032 233 1822 275; baseline 0.006 -14"><span class='ocrx_word' id='word_1_12' title='bbox 1032 233 1229 262; x_wconf 71' lang='lat' dir='ltr'><strong>intercessione</strong></span> <span class='ocrx_word' id='word_1_13' title='bbox 1254 239 1300 262; x_wconf 87' lang='lat' dir='ltr'><strong>tua</strong></span> <span class='ocrx_word' id='word_1_14' title='bbox 1326 235 1439 269; x_wconf 83' lang='lat' dir='ltr'><strong>redime,</strong></span> <span class='ocrx_word' id='word_1_15' title='bbox 1460 243 1476 263; x_wconf 95' lang='lat' dir='ltr'><strong>o</strong></span> <span class='ocrx_word' id='word_1_16' title='bbox 1490 235 1616 272; x_wconf 84' lang='lat' dir='ltr'><strong>Deipara,</strong></span> <span class='ocrx_word' id='word_1_17' title='bbox 1636 236 1721 265; x_wconf 84' lang='lat' dir='ltr'><strong>Mater</strong></span> <span class='ocrx_word' id='word_1_18' title='bbox 1739 237 1822 275; x_wconf 68' lang='lat' dir='ltr'><strong>Virgo</strong></span> 
     </span>
    </p>
   </div>
   <div class='ocr_carea' id='block_1_6' title="bbox 188 285 476 321">
    <p class='ocr_par' dir='ltr' id='par_1_6' title="bbox 188 285 476 321">
     <span class='ocr_line' id='line_1_6' title="bbox 188 285 476 321; baseline 0.007 -11"><span class='ocrx_word' id='word_1_19' title='bbox 188 285 286 320; x_wconf 66' lang='grc' dir='ltr'>Μῄτερ</span> <span class='ocrx_word' id='word_1_20' title='bbox 299 286 329 312; x_wconf 86' lang='grc' dir='ltr'>ἀε</span> <span class='ocrx_word' id='word_1_21' title='bbox 336 285 476 321; x_wconf 81' lang='grc' dir='ltr'>ιπάρθενε.</span> 
     </span>
    </p>
   </div>
   <div class='ocr_carea' id='block_1_7' title="bbox 230 327 983 367">
    <p class='ocr_par' dir='ltr' id='par_1_7' title="bbox 230 327 983 367">
     <span class='ocr_line' id='line_1_7' title="bbox 230 327 983 367; baseline -0.007 -9"><span class='ocrx_word' id='word_1_22' title='bbox 230 331 330 367; x_wconf 78' lang='grc' dir='ltr'><strong>Ὑμνοῦ</strong></span> <span class='ocrx_word' id='word_1_23' title='bbox 335 332 385 367; x_wconf 82' lang='grc' dir='ltr'>μέν</span> <span class='ocrx_word' id='word_1_24' title='bbox 404 340 445 364; x_wconf 78' lang='grc' dir='ltr'>σε,</span> <span class='ocrx_word' id='word_1_25' title='bbox 458 331 528 357; x_wconf 73' lang='grc' dir='ltr'>παινὺ</span> <span class='ocrx_word' id='word_1_26' title='bbox 535 338 620 366; x_wconf 76' lang='grc' dir='ltr'>μνητε</span> <span class='ocrx_word' id='word_1_27' title='bbox 633 330 768 356; x_wconf 79' lang='grc' dir='ltr'><strong>Δέσποινα</strong></span> <span class='ocrx_word' id='word_1_28' title='bbox 776 328 906 361; x_wconf 79' lang='grc' dir='ltr'>Θεοτόκε,</span> <span class='ocrx_word' id='word_1_29' title='bbox 916 327 983 354; x_wconf 82' lang='grc' dir='ltr'>Θεδν</span> 
     </span>
    </p>
   </div>
   <div class='ocr_carea' id='block_1_8' title="bbox 190 376 794 412">
    <p class='ocr_par' dir='ltr' id='par_1_8' title="bbox 190 376 794 412">
     <span class='ocr_line' id='line_1_8' title="bbox 190 376 794 412; baseline -0.002 -10"><span class='ocrx_word' id='word_1_30' title='bbox 190 376 381 412; x_wconf 78' lang='grc' dir='ltr'>ὑπερύμνητον</span> <span class='ocrx_word' id='word_1_31' title='bbox 398 377 482 412; x_wconf 71' lang='grc' dir='ltr'>σαρκὶ</span> <span class='ocrx_word' id='word_1_32' title='bbox 498 376 628 412; x_wconf 77' lang='grc' dir='ltr'>ἀσπὸρως</span> <span class='ocrx_word' id='word_1_33' title='bbox 642 376 794 411; x_wconf 77' lang='grc' dir='ltr'>κυήσασαν.</span> 
     </span>
    </p>
   </div>
   <div class='ocr_carea' id='block_1_9' title="bbox 226 461 982 500">
    <p class='ocr_par' dir='ltr' id='par_1_9' title="bbox 226 461 982 500">
     <span class='ocr_line' id='line_1_9' title="bbox 226 461 982 500; baseline -0.005 -9"><span class='ocrx_word' id='word_1_34' title='bbox 226 463 441 500; x_wconf 79' lang='grc' dir='ltr'>Μητροπάρθενε</span> <span class='ocrx_word' id='word_1_35' title='bbox 457 464 537 500; x_wconf 71' lang='grc' dir='ltr'>κόρη,</span> <span class='ocrx_word' id='word_1_36' title='bbox 554 464 619 499; x_wconf 83' lang='grc' dir='ltr'><strong>θείῳ</strong></span> <span class='ocrx_word' id='word_1_37' title='bbox 634 463 815 498; x_wconf 79' lang='grc' dir='ltr'>φωτιζόμενοι</span> <span class='ocrx_word' id='word_1_38' title='bbox 831 461 982 496; x_wconf 81' lang='grc' dir='ltr'>Πνεύματι,</span> 
     </span>
    </p>
   </div>
   <div class='ocr_carea' id='block_1_10' title="bbox 191 508 985 546">
    <p class='ocr_par' dir='ltr' id='par_1_10' title="bbox 191 508 985 546">
     <span class='ocr_line' id='line_1_10' title="bbox 191 508 985 546; baseline -0.003 -10"><span class='ocrx_word' id='word_1_39' title='bbox 191 509 324 543; x_wconf 80' lang='grc' dir='ltr'>πάναγνε,</span> <span class='ocrx_word' id='word_1_40' title='bbox 342 511 409 546; x_wconf 74' lang='grc' dir='ltr'>ἱεροὶ</span> <span class='ocrx_word' id='word_1_41' title='bbox 423 511 564 546; x_wconf 75' lang='grc' dir='ltr'><strong>προφῆται</strong></span> <span class='ocrx_word' id='word_1_42' title='bbox 577 511 663 546; x_wconf 76' lang='grc' dir='ltr'>ἱεραῖς</span> <span class='ocrx_word' id='word_1_43' title='bbox 674 511 703 537; x_wconf 77' lang='grc' dir='ltr'><strong>ὲν</strong></span> <span class='ocrx_word' id='word_1_44' title='bbox 719 510 822 544; x_wconf 81' lang='grc' dir='ltr'><strong>φωναῖς</strong></span> <span class='ocrx_word' id='word_1_45' title='bbox 838 517 867 535; x_wconf 89' lang='grc' dir='ltr'><strong>σε</strong></span> <span class='ocrx_word' id='word_1_46' title='bbox 885 508 985 544; x_wconf 87' lang='grc' dir='ltr'>προήγ-</span> 
     </span>
    </p>
   </div>
   <div class='ocr_carea' id='block_1_11' title="bbox 190 554 983 592">
    <p class='ocr_par' dir='ltr' id='par_1_11' title="bbox 190 554 983 592">
     <span class='ocr_line' id='line_1_11' title="bbox 190 554 983 592; baseline -0.003 -9"><span class='ocrx_word' id='word_1_47' title='bbox 190 556 294 591; x_wconf 83' lang='grc' dir='ltr'>γειλαν,</span> <span class='ocrx_word' id='word_1_48' title='bbox 311 556 340 589; x_wconf 72' lang='grc' dir='ltr'><strong>ἐξ</strong></span> <span class='ocrx_word' id='word_1_49' title='bbox 357 554 390 592; x_wconf 86' lang='grc' dir='ltr'>ἦς</span> <span class='ocrx_word' id='word_1_50' title='bbox 408 557 474 588; x_wconf 83' lang='grc' dir='ltr'><strong>Θεὸς</strong></span> <span class='ocrx_word' id='word_1_51' title='bbox 491 558 577 592; x_wconf 81' lang='grc' dir='ltr'><strong>Λόγος</strong></span> <span class='ocrx_word' id='word_1_52' title='bbox 592 557 663 592; x_wconf 74' lang='grc' dir='ltr'>ὑπὲρ</span> <span class='ocrx_word' id='word_1_53' title='bbox 680 557 772 584; x_wconf 71' lang='grc' dir='ltr'>αἰτίαν</span> <span class='ocrx_word' id='word_1_54' title='bbox 789 565 818 582; x_wconf 84' lang='grc' dir='ltr'><strong>τε</strong></span> <span class='ocrx_word' id='word_1_55' title='bbox 834 556 882 583; x_wconf 78' lang='grc' dir='ltr'><strong>καὶ</strong></span> <span class='ocrx_word' id='word_1_56' title='bbox 901 555 983 589; x_wconf 83' lang='grc' dir='ltr'>λόγον</span> 
     </span>
    </p>
   </div>
   <div class='ocr_carea' id='block_1_12' title="bbox 191 595 682 639">
    <p class='ocr_par' dir='ltr' id='par_1_12' title="bbox 191 595 682 639">
     <span class='ocr_line' id='line_1_12' title="bbox 191 595 682 639; baseline 0.002 -10"><span class='ocrx_word' id='word_1_57' title='bbox 191 595 337 638; x_wconf 77' lang='grc' dir='ltr'>ὲσάρκώθη</span> <span class='ocrx_word' id='word_1_58' title='bbox 353 602 387 629; x_wconf 84' lang='grc' dir='ltr'><strong>δι’</strong></span> <span class='ocrx_word' id='word_1_59' title='bbox 404 601 497 631; x_wconf 77' lang='grc' dir='ltr'><strong>οἶκτον</strong></span> <span class='ocrx_word' id='word_1_60' title='bbox 512 604 682 639; x_wconf 81' lang='grc' dir='ltr'>ἀμέτρητον.</span> 
     </span>
    </p>
   </div>
   <div class='ocr_carea' id='block_1_13' title="bbox 225 691 982 736">
    <p class='ocr_par' dir='ltr' id='par_1_13' title="bbox 225 691 982 736">
     <span class='ocr_line' id='line_1_13' title="bbox 225 691 982 736; baseline -0.001 -17"><span class='ocrx_word' id='word_1_61' title='bbox 225 691 417 728; x_wconf 76' lang='grc' dir='ltr'>Φιλάνθρωπον</span> <span class='ocrx_word' id='word_1_62' title='bbox 434 693 560 736; x_wconf 73' lang='grc' dir='ltr'>κυήσασα</span> <span class='ocrx_word' id='word_1_63' title='bbox 581 693 657 726; x_wconf 77' lang='grc' dir='ltr'><strong>Θεὸν,</strong></span> <span class='ocrx_word' id='word_1_64' title='bbox 675 692 810 728; x_wconf 81' lang='grc' dir='ltr'>φιλάγαθε</span> <span class='ocrx_word' id='word_1_65' title='bbox 834 692 982 723; x_wconf 72' lang='grc' dir='ltr'><strong>Δέσποινα,</strong></span> 
     </span>
    </p>
   </div>
   <div class='ocr_carea' id='block_1_14' title="bbox 190 737 985 776">
    <p class='ocr_par' dir='ltr' id='par_1_14' title="bbox 190 737 985 776">
     <span class='ocr_line' id='line_1_14' title="bbox 190 737 985 776; baseline -0.003 -10"><span class='ocrx_word' id='word_1_66' title='bbox 190 738 272 766; x_wconf 79' lang='grc' dir='ltr'>αὑτὸν</span> <span class='ocrx_word' id='word_1_67' title='bbox 285 738 447 766; x_wconf 77' lang='grc' dir='ltr'><strong>καθικέτευε</strong></span> <span class='ocrx_word' id='word_1_68' title='bbox 467 739 518 774; x_wconf 86' lang='grc' dir='ltr'>τῆς</span> <span class='ocrx_word' id='word_1_69' title='bbox 533 739 646 776; x_wconf 82' lang='grc' dir='ltr'><strong>γεέννης</strong></span> <span class='ocrx_word' id='word_1_70' title='bbox 662 738 710 766; x_wconf 83' lang='grc' dir='ltr'>τοῦ</span> <span class='ocrx_word' id='word_1_71' title='bbox 732 738 818 774; x_wconf 78' lang='grc' dir='ltr'>πυρὸς</span> <span class='ocrx_word' id='word_1_72' title='bbox 843 737 985 774; x_wconf 74' lang='grc' dir='ltr'>λυτρωθῆ-</span> 
     </span>
    </p>
   </div>
   <div class='ocr_carea' id='block_1_15' title="bbox 192 784 294 812">
    <p class='ocr_par' dir='ltr' id='par_1_15' title="bbox 192 784 294 812">
     <span class='ocr_line' id='line_1_15' title="bbox 192 784 294 812; baseline 0.01 -1"><span class='ocrx_word' id='word_1_73' title='bbox 192 784 233 812; x_wconf 66' lang='grc' dir='ltr'><strong>ναί</strong></span> <span class='ocrx_word' id='word_1_74' title='bbox 250 793 294 812; x_wconf 77' lang='grc' dir='ltr'>με.</span> 
     </span>
    </p>
   </div>
   <div class='ocr_carea' id='block_1_16' title="bbox 228 793 983 868">
    <p class='ocr_par' dir='ltr' id='par_1_16' title="bbox 228 793 983 868">
     <span class='ocr_line' id='line_1_16' title="bbox 228 793 294 812; baseline 0.015 -1"><span class='ocrx_word' id='word_1_75' title='bbox 228 793 232 811; x_wconf 83' lang='grc' dir='ltr'><strong>ι</strong></span> <span class='ocrx_word' id='word_1_76' title='bbox 270 793 294 812; x_wconf 83' lang='grc' dir='ltr'>ε.</span> 
     </span>
     <span class='ocr_line' id='line_1_17' title="bbox 228 793 983 868; baseline 0 -10"><span class='ocrx_word' id='word_1_77' title='bbox 228 793 402 868; x_wconf 56' lang='grc' dir='ltr'>Βξρούμενον</span> <span class='ocrx_word' id='word_1_78' title='bbox 425 832 575 868; x_wconf 83' lang='grc' dir='ltr'>νυσταγμῷ</span> <span class='ocrx_word' id='word_1_79' title='bbox 592 831 732 868; x_wconf 77' lang='grc' dir='ltr'><strong>ῥᾳθυμίας</strong></span> <span class='ocrx_word' id='word_1_80' title='bbox 748 832 930 866; x_wconf 63' lang='grc' dir='ltr'>διανάετησον</span> <span class='ocrx_word' id='word_1_81' title='bbox 949 832 983 867; x_wconf 78' lang='grc' dir='ltr'><strong>τῇ</strong></span> 
     </span>
    </p>
   </div>
   <div class='ocr_carea' id='block_1_17' title="bbox 1035 282 1177 316">
    <p class='ocr_par' dir='ltr' id='par_1_17' title="bbox 1035 282 1177 316">
     <span class='ocr_line' id='line_1_18' title="bbox 1035 282 1177 316; baseline 0 -9"><span class='ocrx_word' id='word_1_82' title='bbox 1035 282 1177 316; x_wconf 86' lang='lat' dir='ltr'><strong>perpetua.</strong></span> 
     </span>
    </p>
   </div>
   <div class='ocr_carea' id='block_1_18' title="bbox 1070 325 1824 364">
    <p class='ocr_par' dir='ltr' id='par_1_18' title="bbox 1070 325 1824 364">
     <span class='ocr_line' id='line_1_19' title="bbox 1070 325 1824 364; baseline 0.007 -11"><span class='ocrx_word' id='word_1_83' title='bbox 1070 325 1228 354; x_wconf 81' lang='lat' dir='ltr'><strong>Laudamus</strong></span> <span class='ocrx_word' id='word_1_84' title='bbox 1242 330 1279 359; x_wconf 87' lang='lat' dir='ltr'><strong>te,</strong></span> <span class='ocrx_word' id='word_1_85' title='bbox 1299 334 1316 354; x_wconf 91' lang='grc' dir='ltr'><strong>ο</strong></span> <span class='ocrx_word' id='word_1_86' title='bbox 1333 327 1407 354; x_wconf 85' lang='lat' dir='ltr'><strong>omni</strong></span> <span class='ocrx_word' id='word_1_87' title='bbox 1426 326 1506 354; x_wconf 86' lang='lat' dir='ltr'><strong>laude</strong></span> <span class='ocrx_word' id='word_1_88' title='bbox 1526 327 1688 364; x_wconf 70' lang='lat' dir='ltr'><strong>dignissima</strong></span> <span class='ocrx_word' id='word_1_89' title='bbox 1708 329 1824 358; x_wconf 85' lang='lat' dir='ltr'><strong>Domina</strong></span> 
     </span>
    </p>
   </div>
   <div class='ocr_carea' id='block_1_19' title="bbox 1035 372 1824 409">
    <p class='ocr_par' dir='ltr' id='par_1_19' title="bbox 1035 372 1824 409">
     <span class='ocr_line' id='line_1_20' title="bbox 1035 372 1824 409; baseline 0.005 -9"><span class='ocrx_word' id='word_1_90' title='bbox 1035 372 1148 408; x_wconf 85' lang='lat' dir='ltr'><strong>Deipara</strong></span> <span class='ocrx_word' id='word_1_91' title='bbox 1159 372 1318 409; x_wconf 53' lang='lat' dir='ltr'><strong>205qu</strong></span> <span class='ocrx_word' id='word_1_92' title='bbox 1330 373 1414 401; x_wconf 86' lang='lat' dir='ltr'><strong>Deum</strong></span> <span class='ocrx_word' id='word_1_93' title='bbox 1429 374 1598 409; x_wconf 85' lang='lat' dir='ltr'><strong>superiorem</strong></span> <span class='ocrx_word' id='word_1_94' title='bbox 1615 376 1689 402; x_wconf 82' lang='lat' dir='ltr'><strong>etnui</strong></span> <span class='ocrx_word' id='word_1_95' title='bbox 1704 376 1782 404; x_wconf 86' lang='lat' dir='ltr'><strong>laude</strong></span> <span class='ocrx_word' id='word_1_96' title='bbox 1796 377 1824 405; x_wconf 92' lang='lat' dir='ltr'><strong>in</strong></span> 
     </span>
    </p>
   </div>
   <div class='ocr_carea' id='block_1_20' title="bbox 1034 419 1458 455">
    <p class='ocr_par' dir='ltr' id='par_1_20' title="bbox 1034 419 1458 455">
     <span class='ocr_line' id='line_1_21' title="bbox 1034 419 1458 455; baseline 0 -8"><span class='ocrx_word' id='word_1_97' title='bbox 1034 427 1117 447; x_wconf 87' lang='lat' dir='ltr'><strong>carne</strong></span> <span class='ocrx_word' id='word_1_98' title='bbox 1130 419 1189 446; x_wconf 87' lang='lat' dir='ltr'><strong>sine</strong></span> <span class='ocrx_word' id='word_1_99' title='bbox 1206 420 1312 447; x_wconf 83' lang='lat' dir='ltr'><strong>semine</strong></span> <span class='ocrx_word' id='word_1_100' title='bbox 1328 420 1458 455; x_wconf 72' lang='lat' dir='ltr'><strong>genuisti.</strong></span> 
     </span>
    </p>
   </div>
   <div class='ocr_carea' id='block_1_21' title="bbox 1070 462 1823 501">
    <p class='ocr_par' dir='ltr' id='par_1_21' title="bbox 1070 462 1823 501">
     <span class='ocr_line' id='line_1_22' title="bbox 1070 462 1823 501; baseline 0.005 -11"><span class='ocrx_word' id='word_1_101' title='bbox 1070 463 1155 491; x_wconf 82' lang='lat' dir='ltr'><strong>Mater</strong></span> <span class='ocrx_word' id='word_1_102' title='bbox 1167 462 1251 498; x_wconf 78' lang='lat' dir='ltr'><strong>Virgo</strong></span> <span class='ocrx_word' id='word_1_103' title='bbox 1270 465 1360 498; x_wconf 87' lang='lat' dir='ltr'><strong>puella</strong></span> <span class='ocrx_word' id='word_1_104' title='bbox 1382 464 1552 498; x_wconf 76' lang='lat' dir='ltr'><strong>castissima,</strong></span> <span class='ocrx_word' id='word_1_105' title='bbox 1577 466 1719 501; x_wconf 67' lang='lat' dir='ltr'><strong>prophetae</strong></span> <span class='ocrx_word' id='word_1_106' title='bbox 1739 467 1823 500; x_wconf 86' lang='lat' dir='ltr'><strong>sacri,</strong></span> 
     </span>
    </p>
   </div>
   <div class='ocr_carea' id='block_1_22' title="bbox 1035 511 1826 546">
    <p class='ocr_par' dir='ltr' id='par_1_22' title="bbox 1035 511 1826 546">
     <span class='ocr_line' id='line_1_23' title="bbox 1035 511 1826 546; baseline 0.005 -9"><span class='ocrx_word' id='word_1_107' title='bbox 1035 511 1119 538; x_wconf 71' lang='lat' dir='ltr'><strong>dit-ini</strong></span> <span class='ocrx_word' id='word_1_108' title='bbox 1139 511 1260 546; x_wconf 85' lang='lat' dir='ltr'><strong>Spiritus</strong></span> <span class='ocrx_word' id='word_1_109' title='bbox 1285 511 1390 538; x_wconf 86' lang='lat' dir='ltr'><strong>lumine</strong></span> <span class='ocrx_word' id='word_1_110' title='bbox 1405 511 1546 546; x_wconf 86' lang='lat' dir='ltr'><strong>illustrati,</strong></span> <span class='ocrx_word' id='word_1_111' title='bbox 1565 513 1651 540; x_wconf 82' lang='lat' dir='ltr'><strong>saeris</strong></span> <span class='ocrx_word' id='word_1_112' title='bbox 1670 512 1783 541; x_wconf 81' lang='lat' dir='ltr'><strong>vocibus</strong></span> <span class='ocrx_word' id='word_1_113' title='bbox 1800 517 1826 541; x_wconf 81' lang='lat' dir='ltr'><strong>te</strong></span> 
     </span>
    </p>
   </div>
   <div class='ocr_carea' id='block_1_23' title="bbox 1035 557 1826 593">
    <p class='ocr_par' dir='ltr' id='par_1_23' title="bbox 1035 557 1826 593">
     <span class='ocr_line' id='line_1_24' title="bbox 1035 557 1826 593; baseline 0.004 -10"><span class='ocrx_word' id='word_1_114' title='bbox 1035 557 1300 591; x_wconf 81' lang='lat' dir='ltr'><strong>pramuutiaveruut,</strong></span> <span class='ocrx_word' id='word_1_115' title='bbox 1313 565 1346 584; x_wconf 81' lang='lat' dir='ltr'><strong>ex</strong></span> <span class='ocrx_word' id='word_1_116' title='bbox 1358 565 1411 592; x_wconf 91' lang='lat' dir='ltr'><strong>qua</strong></span> <span class='ocrx_word' id='word_1_117' title='bbox 1426 557 1497 585; x_wconf 91' lang='lat' dir='ltr'><strong>Deus</strong></span> <span class='ocrx_word' id='word_1_118' title='bbox 1518 557 1647 591; x_wconf 81' lang='lat' dir='ltr'><strong>Verbum,</strong></span> <span class='ocrx_word' id='word_1_119' title='bbox 1665 565 1747 593; x_wconf 81' lang='lat' dir='ltr'><strong>supra</strong></span> <span class='ocrx_word' id='word_1_120' title='bbox 1759 567 1826 586; x_wconf 88' lang='lat' dir='ltr'><strong>cau-</strong></span> 
     </span>
    </p>
   </div>
   <div class='ocr_carea' id='block_1_24' title="bbox 1035 602 1824 638">
    <p class='ocr_par' dir='ltr' id='par_1_24' title="bbox 1035 602 1824 638">
     <span class='ocr_line' id='line_1_25' title="bbox 1035 602 1824 638; baseline 0.003 -9"><span class='ocrx_word' id='word_1_121' title='bbox 1035 609 1094 629; x_wconf 88' lang='lat' dir='ltr'><strong>sam</strong></span> <span class='ocrx_word' id='word_1_122' title='bbox 1111 610 1142 629; x_wconf 88' lang='lat' dir='ltr'><strong>ac</strong></span> <span class='ocrx_word' id='word_1_123' title='bbox 1156 602 1270 630; x_wconf 88' lang='lat' dir='ltr'><strong>verbum</strong></span> <span class='ocrx_word' id='word_1_124' title='bbox 1291 603 1450 631; x_wconf 78' lang='lat' dir='ltr'><strong>incarnatus</strong></span> <span class='ocrx_word' id='word_1_125' title='bbox 1472 608 1514 631; x_wconf 88' lang='lat' dir='ltr'><strong>est</strong></span> <span class='ocrx_word' id='word_1_126' title='bbox 1533 608 1643 638; x_wconf 84' lang='lat' dir='ltr'><strong>propter</strong></span> <span class='ocrx_word' id='word_1_127' title='bbox 1662 604 1824 631; x_wconf 84' lang='lat' dir='ltr'><strong>immensam</strong></span> 
     </span>
    </p>
   </div>
   <div class='ocr_carea' id='block_1_25' title="bbox 1037 647 1363 676">
    <p class='ocr_par' dir='ltr' id='par_1_25' title="bbox 1037 647 1363 676">
     <span class='ocr_line' id='line_1_26' title="bbox 1037 647 1363 676; baseline 0.006 -2"><span class='ocrx_word' id='word_1_128' title='bbox 1037 647 1255 675; x_wconf 85' lang='lat' dir='ltr'><strong>misericordiam</strong></span> <span class='ocrx_word' id='word_1_129' title='bbox 1274 656 1363 676; x_wconf 91' lang='lat' dir='ltr'><strong>suam.</strong></span> 
     </span>
    </p>
   </div>
   <div class='ocr_carea' id='block_1_26' title="bbox 1070 692 1828 730">
    <p class='ocr_par' dir='ltr' id='par_1_26' title="bbox 1070 692 1828 730">
     <span class='ocr_line' id='line_1_27' title="bbox 1070 692 1828 730; baseline 0.001 -9"><span class='ocrx_word' id='word_1_130' title='bbox 1070 692 1094 721; x_wconf 93' lang='lat'><strong>0</strong></span> <span class='ocrx_word' id='word_1_131' title='bbox 1110 693 1224 721; x_wconf 86' lang='lat' dir='ltr'><strong>Domina</strong></span> <span class='ocrx_word' id='word_1_132' title='bbox 1236 694 1372 721; x_wconf 87' lang='lat' dir='ltr'><strong>bonorum</strong></span> <span class='ocrx_word' id='word_1_133' title='bbox 1387 694 1518 727; x_wconf 82' lang='lat' dir='ltr'><strong>amatrix,</strong></span> <span class='ocrx_word' id='word_1_134' title='bbox 1534 702 1596 730; x_wconf 76' lang='lat' dir='ltr'><strong>quae</strong></span> <span class='ocrx_word' id='word_1_135' title='bbox 1613 701 1763 723; x_wconf 79' lang='lat' dir='ltr'><strong>amatorem</strong></span> <span class='ocrx_word' id='word_1_136' title='bbox 1780 696 1828 722; x_wconf 86' lang='lat' dir='ltr'><strong>ho-</strong></span> 
     </span>
    </p>
   </div>
   <div class='ocr_carea' id='block_1_27' title="bbox 1036 739 1826 776">
    <p class='ocr_par' dir='ltr' id='par_1_27' title="bbox 1036 739 1826 776">
     <span class='ocr_line' id='line_1_28' title="bbox 1036 739 1826 776; baseline 0.005 -11"><span class='ocrx_word' id='word_1_137' title='bbox 1036 739 1141 766; x_wconf 90' lang='lat' dir='ltr'><strong>minum</strong></span> <span class='ocrx_word' id='word_1_138' title='bbox 1163 739 1248 767; x_wconf 90' lang='lat' dir='ltr'><strong>Deum</strong></span> <span class='ocrx_word' id='word_1_139' title='bbox 1268 740 1409 775; x_wconf 84' lang='lat' dir='ltr'><strong>peperisti,</strong></span> <span class='ocrx_word' id='word_1_140' title='bbox 1427 740 1553 768; x_wconf 89' lang='lat' dir='ltr'><strong>eumdem</strong></span> <span class='ocrx_word' id='word_1_141' title='bbox 1571 741 1727 776; x_wconf 82' lang='lat' dir='ltr'><strong>deprecare,</strong></span> <span class='ocrx_word' id='word_1_142' title='bbox 1747 747 1775 769; x_wconf 91' lang='lat' dir='ltr'><strong>ut</strong></span> <span class='ocrx_word' id='word_1_143' title='bbox 1791 743 1826 769; x_wconf 91' lang='lat' dir='ltr'><strong>li-</strong></span> 
     </span>
    </p>
   </div>
   <div class='ocr_carea' id='block_1_28' title="bbox 1035 784 1425 822">
    <p class='ocr_par' dir='ltr' id='par_1_28' title="bbox 1035 784 1425 822">
     <span class='ocr_line' id='line_1_29' title="bbox 1035 784 1425 822; baseline 0.005 -10"><span class='ocrx_word' id='word_1_144' title='bbox 1035 784 1112 812; x_wconf 86' lang='lat' dir='ltr'><strong>beret</strong></span> <span class='ocrx_word' id='word_1_145' title='bbox 1121 792 1164 813; x_wconf 89' lang='lat' dir='ltr'><strong>me</strong></span> <span class='ocrx_word' id='word_1_146' title='bbox 1181 793 1195 812; x_wconf 90' lang='lat' dir='ltr'><strong>a</strong></span> <span class='ocrx_word' id='word_1_147' title='bbox 1208 785 1331 820; x_wconf 80' lang='lat' dir='ltr'><strong>geltenna</strong></span> <span class='ocrx_word' id='word_1_148' title='bbox 1344 786 1425 822; x_wconf 70' lang='lat' dir='ltr'><strong>ignis.</strong></span> 
     </span>
    </p>
   </div>
   <div class='ocr_carea' id='block_1_29' title="bbox 1071 830 1826 869">
    <p class='ocr_par' dir='ltr' id='par_1_29' title="bbox 1071 830 1826 869">
     <span class='ocr_line' id='line_1_30' title="bbox 1071 830 1826 869; baseline 0.007 -12"><span class='ocrx_word' id='word_1_149' title='bbox 1071 830 1113 858; x_wconf 87' lang='lat' dir='ltr'><strong>Me</strong></span> <span class='ocrx_word' id='word_1_150' title='bbox 1126 831 1319 859; x_wconf 77' lang='lat' dir='ltr'><strong>dormitatione</strong></span> <span class='ocrx_word' id='word_1_151' title='bbox 1332 833 1504 868; x_wconf 68' lang='lat' dir='ltr'><strong>negligentia:</strong></span> <span class='ocrx_word' id='word_1_152' title='bbox 1515 837 1669 869; x_wconf 75' lang='lat' dir='ltr'><strong>gravatum,</strong></span> <span class='ocrx_word' id='word_1_153' title='bbox 1684 835 1826 862; x_wconf 76' lang='lat' dir='ltr'><strong>exsuscita</strong></span> 
     </span>
    </p>
   </div>
   <div class='ocr_carea' id='block_1_30' title="bbox 189 875 981 913">
    <p class='ocr_par' dir='ltr' id='par_1_30' title="bbox 189 875 981 913">
     <span class='ocr_line' id='line_1_31' title="bbox 189 875 981 913; baseline -0.001 -9"><span class='ocrx_word' id='word_1_154' title='bbox 189 878 222 912; x_wconf 79' lang='grc' dir='ltr'><strong>σῇ</strong></span> <span class='ocrx_word' id='word_1_155' title='bbox 242 877 377 913; x_wconf 67' lang='grc' dir='ltr'>μεσιτεία,</span> <span class='ocrx_word' id='word_1_156' title='bbox 396 878 494 912; x_wconf 85' lang='grc' dir='ltr'>Μῆτερ</span> <span class='ocrx_word' id='word_1_157' title='bbox 509 877 590 909; x_wconf 80' lang='grc' dir='ltr'>Θεοῦ,</span> <span class='ocrx_word' id='word_1_158' title='bbox 617 877 664 904; x_wconf 76' lang='grc' dir='ltr'>καὶ</span> <span class='ocrx_word' id='word_1_159' title='bbox 694 877 732 913; x_wconf 87' lang='grc' dir='ltr'>μὴ</span> <span class='ocrx_word' id='word_1_160' title='bbox 758 875 830 912; x_wconf 80' lang='grc' dir='ltr'>δῴης</span> <span class='ocrx_word' id='word_1_161' title='bbox 859 876 981 904; x_wconf 84' lang='grc' dir='ltr'>ὑπνῶσαι</span> 
     </span>
    </p>
   </div>
   <div class='ocr_carea' id='block_1_31' title="bbox 1032 875 1827 913">
    <p class='ocr_par' dir='ltr' id='par_1_31' title="bbox 1036 876 1827 913">
     <span class='ocr_line' id='line_1_32' title="bbox 1036 876 1827 913; baseline 0.006 -11"><span class='ocrx_word' id='word_1_162' title='bbox 1036 876 1201 903; x_wconf 87' lang='lat' dir='ltr'><strong>mediatione</strong></span> <span class='ocrx_word' id='word_1_163' title='bbox 1215 880 1273 909; x_wconf 85' lang='lat' dir='ltr'><strong>tua,</strong></span> <span class='ocrx_word' id='word_1_164' title='bbox 1287 876 1373 904; x_wconf 82' lang='lat' dir='ltr'><strong>Mater</strong></span> <span class='ocrx_word' id='word_1_165' title='bbox 1383 877 1442 910; x_wconf 88' lang='lat' dir='ltr'><strong>Dei,</strong></span> <span class='ocrx_word' id='word_1_166' title='bbox 1460 885 1549 913; x_wconf 85' lang='lat' dir='ltr'><strong>neque</strong></span> <span class='ocrx_word' id='word_1_167' title='bbox 1563 879 1638 906; x_wconf 88' lang='lat' dir='ltr'><strong>sinas</strong></span> <span class='ocrx_word' id='word_1_168' title='bbox 1650 887 1694 906; x_wconf 87' lang='lat' dir='ltr'><strong>me</strong></span> <span class='ocrx_word' id='word_1_169' title='bbox 1712 879 1740 906; x_wconf 89' lang='lat' dir='ltr'><strong>in</strong></span> <span class='ocrx_word' id='word_1_170' title='bbox 1754 888 1827 907; x_wconf 87' lang='lat' dir='ltr'><strong>mor-</strong></span> 
     </span>
    </p>
   </div>
   <div class='ocr_carea' id='block_1_32' title="bbox 188 912 981 958">
    <p class='ocr_par' dir='ltr' id='par_1_32' title="bbox 188 912 981 958">
     <span class='ocr_line' id='line_1_33' title="bbox 188 912 981 958; baseline -0.001 -9"><span class='ocrx_word' id='word_1_171' title='bbox 188 922 236 956; x_wconf 79' lang='grc' dir='ltr'>τῆς</span> <span class='ocrx_word' id='word_1_172' title='bbox 261 912 409 957; x_wconf 72' lang='grc' dir='ltr'>ἁμαρτίας,</span> <span class='ocrx_word' id='word_1_173' title='bbox 440 922 572 958; x_wconf 78' lang='grc' dir='ltr'>Παρθένε,</span> <span class='ocrx_word' id='word_1_174' title='bbox 598 922 638 953; x_wconf 83' lang='grc' dir='ltr'><strong>είς</strong></span> <span class='ocrx_word' id='word_1_175' title='bbox 666 912 801 949; x_wconf 77' lang='grc' dir='ltr'>θάνατον·</span> <span class='ocrx_word' id='word_1_176' title='bbox 825 921 981 956; x_wconf 77' lang='grc' dir='ltr'><strong>προστάτην</strong></span> 
     </span>
    </p>
   </div>
   <div class='ocr_carea' id='block_1_33' title="bbox 1032 912 1456 958">
    <p class='ocr_par' dir='ltr' id='par_1_33' title="bbox 1034 922 1456 956">
     <span class='ocr_line' id='line_1_34' title="bbox 1034 922 1456 956; baseline 0.009 -9"><span class='ocrx_word' id='word_1_177' title='bbox 1034 925 1088 947; x_wconf 91' lang='lat' dir='ltr'><strong>tem</strong></span> <span class='ocrx_word' id='word_1_178' title='bbox 1121 922 1225 956; x_wconf 76' lang='lat' dir='ltr'><strong>peccati</strong></span> <span class='ocrx_word' id='word_1_179' title='bbox 1259 922 1418 951; x_wconf 87' lang='lat' dir='ltr'><strong>obdormire</strong></span> <span class='ocrx_word' id='word_1_180' title='bbox 1449 932 1456 951; x_wconf 90' lang='lat'><strong>:</strong></span> 
     </span>
    </p>
   </div>
   <div class='ocr_carea' id='block_1_34' title="bbox 187 969 909 1004">
    <p class='ocr_par' dir='ltr' id='par_1_34' title="bbox 187 969 909 1004">
     <span class='ocr_line' id='line_1_35' title="bbox 187 969 909 1004; baseline 0.001 -9"><span class='ocrx_word' id='word_1_181' title='bbox 187 969 242 1003; x_wconf 80' lang='grc' dir='ltr'><strong>γὰρ</strong></span> <span class='ocrx_word' id='word_1_182' title='bbox 260 969 306 995; x_wconf 79' lang='grc' dir='ltr'><strong>καὶ</strong></span> <span class='ocrx_word' id='word_1_183' title='bbox 320 969 416 1004; x_wconf 77' lang='grc' dir='ltr'>ὁδηγὸν</span> <span class='ocrx_word' id='word_1_184' title='bbox 432 969 479 1004; x_wconf 80' lang='grc' dir='ltr'>τῆς</span> <span class='ocrx_word' id='word_1_185' title='bbox 495 969 565 1004; x_wconf 79' lang='grc' dir='ltr'><strong>ἐμῆς</strong></span> <span class='ocrx_word' id='word_1_186' title='bbox 581 977 610 995; x_wconf 90' lang='grc' dir='ltr'><strong>σε</strong></span> <span class='ocrx_word' id='word_1_187' title='bbox 623 969 695 1004; x_wconf 81' lang='grc' dir='ltr'>ζωῆς</span> <span class='ocrx_word' id='word_1_188' title='bbox 708 969 909 1004; x_wconf 72' lang='grc' dir='ltr'>ὲπιγρᾶφομαι.</span> 
     </span>
    </p>
   </div>
   <div class='ocr_carea' id='block_1_35' title="bbox 225 1014 981 1050">
    <p class='ocr_par' dir='ltr' id='par_1_35' title="bbox 225 1014 981 1050">
     <span class='ocr_line' id='line_1_36' title="bbox 225 1014 981 1050; baseline 0 -9"><span class='ocrx_word' id='word_1_189' title='bbox 225 1014 307 1040; x_wconf 85' lang='grc' dir='ltr'>’Ὀλον</span> <span class='ocrx_word' id='word_1_190' title='bbox 322 1014 368 1041; x_wconf 83' lang='grc' dir='ltr'><strong>τὸν</strong></span> <span class='ocrx_word' id='word_1_191' title='bbox 388 1014 532 1049; x_wconf 77' lang='grc' dir='ltr'>ἄνθρωπον</span> <span class='ocrx_word' id='word_1_192' title='bbox 546 1015 667 1050; x_wconf 79' lang='grc' dir='ltr'>φορέσας</span> <span class='ocrx_word' id='word_1_193' title='bbox 681 1015 695 1040; x_wconf 83' lang='grc' dir='ltr'><strong>ὁ</strong></span> <span class='ocrx_word' id='word_1_194' title='bbox 714 1014 847 1049; x_wconf 83' lang='grc' dir='ltr'>ὑπέρθεος</span> <span class='ocrx_word' id='word_1_195' title='bbox 856 1015 918 1049; x_wconf 86' lang='grc' dir='ltr'>δίχα</span> <span class='ocrx_word' id='word_1_196' title='bbox 932 1015 981 1049; x_wconf 77' lang='grc' dir='ltr'>τῆς</span> 
     </span>
    </p>
   </div>
   <div class='ocr_carea' id='block_1_36' title="bbox 187 1059 978 1096">
    <p class='ocr_par' dir='ltr' id='par_1_36' title="bbox 187 1059 978 1096">
     <span class='ocr_line' id='line_1_37' title="bbox 187 1059 978 1096; baseline -0.001 -9"><span class='ocrx_word' id='word_1_197' title='bbox 187 1059 326 1095; x_wconf 74' lang='grc' dir='ltr'>ἁμαρτίας</span> <span class='ocrx_word' id='word_1_198' title='bbox 337 1060 369 1087; x_wconf 73' lang='grc' dir='ltr'><strong>ἐκ</strong></span> <span class='ocrx_word' id='word_1_199' title='bbox 388 1060 504 1095; x_wconf 82' lang='grc' dir='ltr'>γαστρός</span> <span class='ocrx_word' id='word_1_200' title='bbox 521 1068 580 1092; x_wconf 86' lang='grc' dir='ltr'>σου,</span> <span class='ocrx_word' id='word_1_201' title='bbox 594 1060 676 1095; x_wconf 81' lang='grc' dir='ltr'>ἁγνὴ,</span> <span class='ocrx_word' id='word_1_202' title='bbox 695 1060 815 1096; x_wconf 77' lang='grc' dir='ltr'>προῆλθε</span> <span class='ocrx_word' id='word_1_203' title='bbox 841 1061 978 1096; x_wconf 73' lang='grc' dir='ltr'>σαρκοφά-</span> 
     </span>
    </p>
   </div>
   <div class='ocr_carea' id='block_1_37' title="bbox 189 1104 982 1141">
    <p class='ocr_par' dir='ltr' id='par_1_37' title="bbox 189 1104 982 1141">
     <span class='ocr_line' id='line_1_38' title="bbox 189 1104 982 1141; baseline 0 -9"><span class='ocrx_word' id='word_1_204' title='bbox 189 1114 246 1141; x_wconf 79' lang='grc' dir='ltr'>ρος.</span> <span class='ocrx_word' id='word_1_205' title='bbox 263 1105 292 1132; x_wconf 83' lang='grc' dir='ltr'><strong>ὃν</strong></span> <span class='ocrx_word' id='word_1_206' title='bbox 323 1104 478 1132; x_wconf 81' lang='grc' dir='ltr'>ἐκδυσώπει</span> <span class='ocrx_word' id='word_1_207' title='bbox 501 1105 594 1132; x_wconf 83' lang='grc' dir='ltr'>πίστει</span> <span class='ocrx_word' id='word_1_208' title='bbox 618 1114 650 1132; x_wconf 87' lang='grc' dir='ltr'><strong>σε</strong></span> <span class='ocrx_word' id='word_1_209' title='bbox 675 1105 738 1137; x_wconf 82' lang='grc' dir='ltr'>τοὺς</span> <span class='ocrx_word' id='word_1_210' title='bbox 769 1105 908 1140; x_wconf 79' lang='grc' dir='ltr'>τιμῶντας</span> <span class='ocrx_word' id='word_1_211' title='bbox 923 1106 982 1133; x_wconf 83' lang='grc' dir='ltr'>δια-</span> 
     </span>
    </p>
   </div>
   <div class='ocr_carea' id='block_1_38' title="bbox 188 1152 287 1178">
    <p class='ocr_par' dir='ltr' id='par_1_38' title="bbox 188 1152 287 1178">
     <span class='ocr_line' id='line_1_39' title="bbox 188 1152 287 1178; baseline 0.01 -1"><span class='ocrx_word' id='word_1_212' title='bbox 188 1152 287 1178; x_wconf 83' lang='grc' dir='ltr'>σῶσαι.</span> 
     </span>
    </p>
   </div>
   <div class='ocr_carea' id='block_1_39' title="bbox 225 1196 981 1233">
    <p class='ocr_par' dir='ltr' id='par_1_39' title="bbox 225 1196 981 1233">
     <span class='ocr_line' id='line_1_40' title="bbox 225 1196 981 1233; baseline 0.003 -11"><span class='ocrx_word' id='word_1_213' title='bbox 225 1196 300 1230; x_wconf 87' lang='grc' dir='ltr'><strong>Μόνη</strong></span> <span class='ocrx_word' id='word_1_214' title='bbox 313 1196 358 1222; x_wconf 83' lang='grc' dir='ltr'>τὸν</span> <span class='ocrx_word' id='word_1_215' title='bbox 370 1196 419 1223; x_wconf 71' lang='grc' dir='ltr'>ἕνα</span> <span class='ocrx_word' id='word_1_216' title='bbox 431 1197 480 1232; x_wconf 81' lang='grc' dir='ltr'>τῆς</span> <span class='ocrx_word' id='word_1_217' title='bbox 495 1197 610 1233; x_wconf 84' lang='grc' dir='ltr'>Τριάδος</span> <span class='ocrx_word' id='word_1_218' title='bbox 625 1197 816 1232; x_wconf 71' lang='grc' dir='ltr'>ἀπεγέννησας</span> <span class='ocrx_word' id='word_1_219' title='bbox 832 1199 861 1224; x_wconf 81' lang='grc' dir='ltr'>ἐν</span> <span class='ocrx_word' id='word_1_220' title='bbox 878 1198 981 1229; x_wconf 81' lang='grc' dir='ltr'>διτταῖς</span> 
     </span>
    </p>
   </div>
   <div class='ocr_carea' id='block_1_40' title="bbox 185 1241 982 1278">
    <p class='ocr_par' dir='ltr' id='par_1_40' title="bbox 185 1241 982 1278">
     <span class='ocr_line' id='line_1_41' title="bbox 185 1241 982 1278; baseline 0.001 -10"><span class='ocrx_word' id='word_1_221' title='bbox 185 1242 292 1274; x_wconf 79' lang='grc' dir='ltr'>οὐσίαις</span> <span class='ocrx_word' id='word_1_222' title='bbox 307 1242 456 1269; x_wconf 75' lang='grc' dir='ltr'><strong>ὑποστάσει</strong></span> <span class='ocrx_word' id='word_1_223' title='bbox 486 1243 537 1278; x_wconf 83' lang='grc' dir='ltr'>μιᾷ</span> <span class='ocrx_word' id='word_1_224' title='bbox 560 1243 711 1278; x_wconf 81' lang='grc' dir='ltr'>ὁρώμενον.</span> <span class='ocrx_word' id='word_1_225' title='bbox 730 1243 864 1278; x_wconf 80' lang='grc' dir='ltr'>Παρθένε,</span> <span class='ocrx_word' id='word_1_226' title='bbox 881 1241 902 1277; x_wconf 80' lang='grc' dir='ltr'>ᾧ</span> <span class='ocrx_word' id='word_1_227' title='bbox 917 1244 982 1277; x_wconf 87' lang='grc' dir='ltr'>μελ-</span> 
     </span>
    </p>
   </div>
   <div class='ocr_carea' id='block_1_41' title="bbox 186 1287 802 1324">
    <p class='ocr_par' dir='ltr' id='par_1_41' title="bbox 186 1287 802 1324">
     <span class='ocr_line' id='line_1_42' title="bbox 186 1287 802 1324; baseline 0.003 -11"><span class='ocrx_word' id='word_1_228' title='bbox 186 1287 320 1324; x_wconf 79' lang='grc' dir='ltr'>ῳδοῦμεν,</span> <span class='ocrx_word' id='word_1_229' title='bbox 338 1287 473 1322; x_wconf 76' lang='grc' dir='ltr'>πάναγνε,</span> <span class='ocrx_word' id='word_1_230' title='bbox 484 1289 623 1323; x_wconf 84' lang='grc' dir='ltr'>ἀσιγήτως</span> <span class='ocrx_word' id='word_1_231' title='bbox 634 1289 674 1320; x_wconf 75' lang='grc' dir='ltr'>εἰς</span> <span class='ocrx_word' id='word_1_232' title='bbox 691 1288 802 1321; x_wconf 84' lang='grc' dir='ltr'>αἰῶνας.</span> 
     </span>
    </p>
   </div>
   <div class='ocr_carea' id='block_1_42' title="bbox 223 1378 979 1415">
    <p class='ocr_par' dir='ltr' id='par_1_42' title="bbox 223 1378 979 1415">
     <span class='ocr_line' id='line_1_43' title="bbox 223 1378 979 1415; baseline 0.001 -10"><span class='ocrx_word' id='word_1_233' title='bbox 223 1379 256 1406; x_wconf 72' lang='grc' dir='ltr'>Σὲ</span> <span class='ocrx_word' id='word_1_234' title='bbox 268 1379 316 1415; x_wconf 82' lang='grc' dir='ltr'>τὴν</span> <span class='ocrx_word' id='word_1_235' title='bbox 327 1378 413 1414; x_wconf 80' lang='grc' dir='ltr'>ἁγνὴν</span> <span class='ocrx_word' id='word_1_236' title='bbox 425 1378 472 1405; x_wconf 79' lang='grc' dir='ltr'><strong>καὶ</strong></span> <span class='ocrx_word' id='word_1_237' title='bbox 485 1378 600 1414; x_wconf 76' lang='grc' dir='ltr'>ἄμωμον</span> <span class='ocrx_word' id='word_1_238' title='bbox 615 1379 632 1415; x_wconf 86' lang='grc' dir='ltr'><strong>ἡ</strong></span> <span class='ocrx_word' id='word_1_239' title='bbox 649 1378 782 1414; x_wconf 75' lang='grc' dir='ltr'><strong>παρθένος</strong></span> <span class='ocrx_word' id='word_1_240' title='bbox 794 1379 979 1415; x_wconf 74' lang='grc' dir='ltr'>(Ἀναστασία)</span> 
     </span>
    </p>
   </div>
   <div class='ocr_carea' id='block_1_43' title="bbox 188 1425 978 1462">
    <p class='ocr_par' dir='ltr' id='par_1_43' title="bbox 188 1425 978 1462">
     <span class='ocr_line' id='line_1_44' title="bbox 188 1425 978 1462; baseline 0 -10"><span class='ocrx_word' id='word_1_241' title='bbox 188 1425 341 1462; x_wconf 73' lang='grc' dir='ltr'>ποθήσασα,</span> <span class='ocrx_word' id='word_1_242' title='bbox 358 1426 473 1461; x_wconf 74' lang='grc' dir='ltr'>ἄμωμον</span> <span class='ocrx_word' id='word_1_243' title='bbox 485 1426 533 1453; x_wconf 81' lang='grc' dir='ltr'>καὶ</span> <span class='ocrx_word' id='word_1_244' title='bbox 553 1425 633 1460; x_wconf 86' lang='grc' dir='ltr'>σῶμα</span> <span class='ocrx_word' id='word_1_245' title='bbox 649 1426 697 1452; x_wconf 79' lang='grc' dir='ltr'>καὶ</span> <span class='ocrx_word' id='word_1_246' title='bbox 721 1425 811 1460; x_wconf 82' lang='grc' dir='ltr'>ψυχὴν</span> <span class='ocrx_word' id='word_1_247' title='bbox 833 1426 978 1461; x_wconf 80' lang='grc' dir='ltr'><strong>ἐτήρησεν,</strong></span> 
     </span>
    </p>
   </div>
   <div class='ocr_carea' id='block_1_44' title="bbox 188 1471 980 1507">
    <p class='ocr_par' dir='ltr' id='par_1_44' title="bbox 188 1471 980 1507">
     <span class='ocr_line' id='line_1_45' title="bbox 188 1471 980 1507; baseline -0.001 -9"><span class='ocrx_word' id='word_1_248' title='bbox 188 1471 283 1498; x_wconf 78' lang='grc' dir='ltr'>παθῶν</span> <span class='ocrx_word' id='word_1_249' title='bbox 302 1471 507 1506; x_wconf 76' lang='grc' dir='ltr'><strong>ὑπεκκαύματα</strong></span> <span class='ocrx_word' id='word_1_250' title='bbox 525 1471 649 1506; x_wconf 77' lang='grc' dir='ltr'><strong>ὑπομονῇ</strong></span> <span class='ocrx_word' id='word_1_251' title='bbox 676 1471 855 1506; x_wconf 79' lang='grc' dir='ltr'>τεφρώσασα,</span> <span class='ocrx_word' id='word_1_252' title='bbox 881 1471 980 1507; x_wconf 83' lang='grc' dir='ltr'>πεῖράν</span> 
     </span>
    </p>
   </div>
   <div class='ocr_carea' id='block_1_45' title="bbox 186 1516 982 1553">
    <p class='ocr_par' dir='ltr' id='par_1_45' title="bbox 186 1516 982 1553">
     <span class='ocr_line' id='line_1_46' title="bbox 186 1516 982 1553; baseline 0 -9"><span class='ocrx_word' id='word_1_253' title='bbox 186 1526 217 1544; x_wconf 83' lang='grc' dir='ltr'><strong>τε</strong></span> <span class='ocrx_word' id='word_1_254' title='bbox 233 1517 340 1544; x_wconf 84' lang='grc' dir='ltr'>πολλῶν</span> <span class='ocrx_word' id='word_1_255' title='bbox 354 1517 545 1552; x_wconf 78' lang='grc' dir='ltr'>ὑπενεγκοῦσα</span> <span class='ocrx_word' id='word_1_256' title='bbox 569 1516 704 1553; x_wconf 77' lang='grc' dir='ltr'><strong>βασάνων,</strong></span> <span class='ocrx_word' id='word_1_257' title='bbox 730 1517 777 1544; x_wconf 76' lang='grc' dir='ltr'>καὶ</span> <span class='ocrx_word' id='word_1_258' title='bbox 794 1517 843 1544; x_wconf 86' lang='grc' dir='ltr'>νῦν</span> <span class='ocrx_word' id='word_1_259' title='bbox 862 1517 982 1552; x_wconf 72' lang='grc' dir='ltr'>ἐπουρα-</span> 
     </span>
    </p>
   </div>
   <div class='ocr_carea' id='block_1_46' title="bbox 187 1563 1014 1610">
    <p class='ocr_par' dir='ltr' id='par_1_46' title="bbox 187 1563 1014 1610">
     <span class='ocr_line' id='line_1_47' title="bbox 187 1563 1014 1610; baseline -0.001 -19"><span class='ocrx_word' id='word_1_260' title='bbox 187 1563 254 1596; x_wconf 86' lang='grc' dir='ltr'>νίοις</span> <span class='ocrx_word' id='word_1_261' title='bbox 275 1565 303 1591; x_wconf 81' lang='grc' dir='ltr'>ὲν</span> <span class='ocrx_word' id='word_1_262' title='bbox 321 1564 454 1600; x_wconf 82' lang='grc' dir='ltr'><strong>θαλάμοις</strong></span> <span class='ocrx_word' id='word_1_263' title='bbox 469 1564 589 1600; x_wconf 78' lang='grc' dir='ltr'>χορεύει,</span> <span class='ocrx_word' id='word_1_264' title='bbox 606 1565 656 1591; x_wconf 80' lang='grc' dir='ltr'><strong>σὺν</strong></span> <span class='ocrx_word' id='word_1_265' title='bbox 669 1564 711 1591; x_wconf 77' lang='grc' dir='ltr'><strong>σοὶ</strong></span> <span class='ocrx_word' id='word_1_266' title='bbox 722 1564 925 1599; x_wconf 75' lang='grc' dir='ltr'>εὖφραινομένη</span> <span class='ocrx_word' id='word_1_267' title='bbox 939 1565 980 1596; x_wconf 81' lang='grc' dir='ltr'>εἰς</span> <span class='ocrx_word' id='word_1_268' title='bbox 994 1581 1014 1610; x_wconf 75' lang='lat' dir='ltr'><strong>c</strong></span> 
     </span>
    </p>
   </div>
   <div class='ocr_carea' id='block_1_47' title="bbox 187 1609 496 1643">
    <p class='ocr_par' dir='ltr' id='par_1_47' title="bbox 187 1609 496 1643">
     <span class='ocr_line' id='line_1_48' title="bbox 187 1609 496 1643; baseline 0.006 -6"><span class='ocrx_word' id='word_1_269' title='bbox 187 1609 293 1642; x_wconf 77' lang='grc' dir='ltr'>πάντας</span> <span class='ocrx_word' id='word_1_270' title='bbox 306 1611 368 1642; x_wconf 81' lang='grc' dir='ltr'>τοὺς</span> <span class='ocrx_word' id='word_1_271' title='bbox 384 1610 496 1643; x_wconf 80' lang='grc' dir='ltr'>αίῶνας.</span> 
     </span>
    </p>
   </div>
   <div class='ocr_carea' id='block_1_48' title="bbox 228 1652 980 1693">
    <p class='ocr_par' dir='ltr' id='par_1_48' title="bbox 228 1652 980 1693">
     <span class='ocr_line' id='line_1_49' title="bbox 228 1652 980 1693; baseline 0 -9"><span class='ocrx_word' id='word_1_272' title='bbox 228 1656 351 1693; x_wconf 82' lang='grc' dir='ltr'>Ῥείθρου</span> <span class='ocrx_word' id='word_1_273' title='bbox 367 1657 468 1690; x_wconf 82' lang='grc' dir='ltr'>ζῶντος</span> <span class='ocrx_word' id='word_1_274' title='bbox 481 1657 576 1693; x_wconf 78' lang='grc' dir='ltr'>ὤφθης</span> <span class='ocrx_word' id='word_1_275' title='bbox 596 1657 729 1692; x_wconf 76' lang='grc' dir='ltr'>πανάγιον</span> <span class='ocrx_word' id='word_1_276' title='bbox 745 1657 888 1693; x_wconf 76' lang='grc' dir='ltr'>σκήνωμα,</span> <span class='ocrx_word' id='word_1_277' title='bbox 903 1657 933 1689; x_wconf 77' lang='grc' dir='ltr'><strong>ἐξ</strong></span> <span class='ocrx_word' id='word_1_278' title='bbox 950 1652 980 1684; x_wconf 74' lang='grc' dir='ltr'><strong>οὗ</strong></span> 
     </span>
    </p>
   </div>
   <div class='ocr_carea' id='block_1_49' title="bbox 186 1701 980 1738">
    <p class='ocr_par' dir='ltr' id='par_1_49' title="bbox 186 1701 980 1738">
     <span class='ocr_line' id='line_1_50' title="bbox 186 1701 980 1738; baseline 0.003 -10"><span class='ocrx_word' id='word_1_279' title='bbox 186 1702 295 1734; x_wconf 78' lang='grc' dir='ltr'>πιόντες</span> <span class='ocrx_word' id='word_1_280' title='bbox 310 1703 335 1729; x_wconf 74' lang='grc' dir='ltr'><strong>οἱ</strong></span> <span class='ocrx_word' id='word_1_281' title='bbox 350 1703 551 1734; x_wconf 83' lang='grc' dir='ltr'>θανατωθέντες</span> <span class='ocrx_word' id='word_1_282' title='bbox 565 1702 614 1738; x_wconf 80' lang='grc' dir='ltr'>τὴν</span> <span class='ocrx_word' id='word_1_283' title='bbox 630 1702 703 1737; x_wconf 82' lang='grc' dir='ltr'>ζωὴν</span> <span class='ocrx_word' id='word_1_284' title='bbox 713 1701 902 1738; x_wconf 81' lang='grc' dir='ltr'>κληρούμεθα,</span> <span class='ocrx_word' id='word_1_285' title='bbox 912 1703 980 1730; x_wconf 85' lang='grc' dir='ltr'>ἀνα-</span> 
     </span>
    </p>
   </div>
   <div class='ocr_carea' id='block_1_50' title="bbox 186 1747 934 1783">
    <p class='ocr_par' dir='ltr' id='par_1_50' title="bbox 186 1747 934 1783">
     <span class='ocr_line' id='line_1_51' title="bbox 186 1747 934 1783; baseline 0.004 -10"><span class='ocrx_word' id='word_1_286' title='bbox 186 1747 304 1780; x_wconf 80' lang='grc' dir='ltr'>ὕοῶντες</span> <span class='ocrx_word' id='word_1_287' title='bbox 314 1756 322 1764; x_wconf 91' lang='grc'><strong>·</strong></span> <span class='ocrx_word' id='word_1_288' title='bbox 337 1748 494 1782; x_wconf 83' lang='grc' dir='ltr'>Εὑλογεϊτε,</span> <span class='ocrx_word' id='word_1_289' title='bbox 511 1748 600 1783; x_wconf 78' lang='grc' dir='ltr'>πάντα</span> <span class='ocrx_word' id='word_1_290' title='bbox 614 1748 649 1774; x_wconf 83' lang='grc' dir='ltr'>τὰ</span> <span class='ocrx_word' id='word_1_291' title='bbox 661 1748 740 1783; x_wconf 80' lang='grc' dir='ltr'>ἔργα,</span> <span class='ocrx_word' id='word_1_292' title='bbox 759 1749 805 1776; x_wconf 85' lang='grc' dir='ltr'>τὸν</span> <span class='ocrx_word' id='word_1_293' title='bbox 821 1748 934 1783; x_wconf 79' lang='grc' dir='ltr'>Κύριον.</span> 
     </span>
    </p>
   </div>
   <div class='ocr_carea' id='block_1_51' title="bbox 222 1836 981 1874">
    <p class='ocr_par' dir='ltr' id='par_1_51' title="bbox 222 1836 981 1874">
     <span class='ocr_line' id='line_1_52' title="bbox 222 1836 981 1874; baseline 0.003 -11"><span class='ocrx_word' id='word_1_294' title='bbox 222 1836 381 1872; x_wconf 75' lang='grc' dir='ltr'>Φορέσαντά</span> <span class='ocrx_word' id='word_1_295' title='bbox 410 1845 440 1864; x_wconf 85' lang='grc' dir='ltr'><strong>σε</strong></span> <span class='ocrx_word' id='word_1_296' title='bbox 468 1837 559 1873; x_wconf 76' lang='grc' dir='ltr'>σάρκα</span> <span class='ocrx_word' id='word_1_297' title='bbox 583 1837 616 1863; x_wconf 73' lang='grc' dir='ltr'><strong>ἐκ</strong></span> <span class='ocrx_word' id='word_1_298' title='bbox 635 1837 764 1871; x_wconf 76' lang='grc' dir='ltr'>γυναικὸς</span> <span class='ocrx_word' id='word_1_299' title='bbox 791 1837 829 1869; x_wconf 84' lang='grc' dir='ltr'>ὡς</span> <span class='ocrx_word' id='word_1_300' title='bbox 843 1837 950 1872; x_wconf 68' lang='grc' dir='ltr'>ἐπέγνω</span> <span class='ocrx_word' id='word_1_301' title='bbox 964 1839 981 1874; x_wconf 82' lang='grc' dir='ltr'>ἡ</span> 
     </span>
    </p>
   </div>
   <div class='ocr_carea' id='block_1_52' title="bbox 188 1884 980 1921">
    <p class='ocr_par' dir='ltr' id='par_1_52' title="bbox 188 1884 980 1921">
     <span class='ocr_line' id='line_1_53' title="bbox 188 1884 980 1921; baseline 0.001 -10"><span class='ocrx_word' id='word_1_302' title='bbox 188 1884 296 1921; x_wconf 81' lang='grc' dir='ltr'>μάρτυς</span> <span class='ocrx_word' id='word_1_303' title='bbox 330 1893 389 1918; x_wconf 86' lang='grc' dir='ltr'>σου,</span> <span class='ocrx_word' id='word_1_304' title='bbox 419 1885 517 1920; x_wconf 79' lang='grc' dir='ltr'>Κύριε,</span> <span class='ocrx_word' id='word_1_305' title='bbox 549 1885 730 1920; x_wconf 78' lang='grc' dir='ltr'>παρθενικαῖς</span> <span class='ocrx_word' id='word_1_306' title='bbox 757 1885 980 1921; x_wconf 80' lang='grc' dir='ltr'>κατηγλαῖσμένη</span> 
     </span>
    </p>
   </div>
   <div class='ocr_carea' id='block_1_53' title="bbox 188 1930 979 1967">
    <p class='ocr_par' dir='ltr' id='par_1_53' title="bbox 188 1930 979 1967">
     <span class='ocr_line' id='line_1_54' title="bbox 188 1930 979 1967; baseline 0.001 -11"><span class='ocrx_word' id='word_1_307' title='bbox 188 1931 395 1966; x_wconf 79' lang='grc' dir='ltr'>μαρμαρυγαῖς,</span> <span class='ocrx_word' id='word_1_308' title='bbox 409 1931 457 1957; x_wconf 80' lang='grc' dir='ltr'><strong>καὶ</strong></span> <span class='ocrx_word' id='word_1_309' title='bbox 472 1930 624 1966; x_wconf 85' lang='grc' dir='ltr'>μαρτυρίου</span> <span class='ocrx_word' id='word_1_310' title='bbox 636 1930 733 1965; x_wconf 84' lang='grc' dir='ltr'>αἵματι</span> <span class='ocrx_word' id='word_1_311' title='bbox 751 1931 979 1967; x_wconf 82' lang='grc' dir='ltr'>περιηνθισμένη,</span> 
     </span>
    </p>
   </div>
   <div class='ocr_carea' id='block_1_54' title="bbox 187 1977 982 2014">
    <p class='ocr_par' dir='ltr' id='par_1_54' title="bbox 187 1977 982 2014">
     <span class='ocr_line' id='line_1_55' title="bbox 187 1977 982 2014; baseline 0.004 -11"><span class='ocrx_word' id='word_1_312' title='bbox 187 1977 229 2003; x_wconf 77' lang='grc' dir='ltr'>σοὶ</span> <span class='ocrx_word' id='word_1_313' title='bbox 236 1977 276 2012; x_wconf 83' lang='grc' dir='ltr'>τῷ</span> <span class='ocrx_word' id='word_1_314' title='bbox 286 1977 396 2012; x_wconf 85' lang='grc' dir='ltr'>Χριστῷ</span> <span class='ocrx_word' id='word_1_315' title='bbox 408 1977 496 2003; x_wconf 82' lang='grc' dir='ltr'>ὀπίσω</span> <span class='ocrx_word' id='word_1_316' title='bbox 510 1977 560 2012; x_wconf 83' lang='grc' dir='ltr'>τῆς</span> <span class='ocrx_word' id='word_1_317' title='bbox 568 1977 695 2012; x_wconf 79' lang='grc' dir='ltr'>Μητέρος</span> <span class='ocrx_word' id='word_1_318' title='bbox 709 1985 757 2003; x_wconf 87' lang='grc' dir='ltr'><strong>σου</strong></span> <span class='ocrx_word' id='word_1_319' title='bbox 770 1977 884 2011; x_wconf 72' lang='grc' dir='ltr'>ἐνδόξως</span> <span class='ocrx_word' id='word_1_320' title='bbox 897 1987 982 2014; x_wconf 76' lang='grc' dir='ltr'>προσ-</span> 
     </span>
    </p>
   </div>
   <div class='ocr_carea' id='block_1_55' title="bbox 187 2022 741 2058">
    <p class='ocr_par' dir='ltr' id='par_1_55' title="bbox 187 2022 741 2058">
     <span class='ocr_line' id='line_1_56' title="bbox 187 2022 741 2058; baseline 0.002 -9"><span class='ocrx_word' id='word_1_321' title='bbox 187 2023 300 2058; x_wconf 78' lang='grc' dir='ltr'>ηνέχθη,</span> <span class='ocrx_word' id='word_1_322' title='bbox 317 2023 354 2054; x_wconf 84' lang='grc' dir='ltr'>ὠς</span> <span class='ocrx_word' id='word_1_323' title='bbox 368 2022 540 2058; x_wconf 83' lang='grc' dir='ltr'>βασιλεύοντι</span> <span class='ocrx_word' id='word_1_324' title='bbox 553 2023 602 2058; x_wconf 86' lang='grc' dir='ltr'>τῆς</span> <span class='ocrx_word' id='word_1_325' title='bbox 617 2023 741 2054; x_wconf 78' lang='grc' dir='ltr'>κτίσεως.</span> 
     </span>
    </p>
   </div>
   <div class='ocr_carea' id='block_1_56' title="bbox 221 2115 981 2152">
    <p class='ocr_par' dir='ltr' id='par_1_56' title="bbox 221 2115 981 2152">
     <span class='ocr_line' id='line_1_57' title="bbox 221 2115 981 2152; baseline -0.001 -9"><span class='ocrx_word' id='word_1_326' title='bbox 221 2116 356 2150; x_wconf 49' lang='lat' dir='ltr'><strong>murae;</strong></span> <span class='ocrx_word' id='word_1_327' title='bbox 369 2116 502 2151; x_wconf 80' lang='grc' dir='ltr'>Παρθένε,</span> <span class='ocrx_word' id='word_1_328' title='bbox 518 2116 569 2151; x_wconf 84' lang='grc' dir='ltr'><strong>τὴν</strong></span> <span class='ocrx_word' id='word_1_329' title='bbox 584 2115 786 2150; x_wconf 75' lang='grc' dir='ltr'><strong>κεκακωμένην</strong></span> <span class='ocrx_word' id='word_1_330' title='bbox 804 2116 838 2150; x_wconf 85' lang='grc' dir='ltr'><strong>τῇ</strong></span> <span class='ocrx_word' id='word_1_331' title='bbox 859 2116 981 2152; x_wconf 73' lang='grc' dir='ltr'>ἁμαρτίᾳ</span> 
     </span>
    </p>
   </div>
   <div class='ocr_carea' id='block_1_57' title="bbox 186 2161 981 2198">
    <p class='ocr_par' dir='ltr' id='par_1_57' title="bbox 186 2161 981 2198">
     <span class='ocr_line' id='line_1_58' title="bbox 186 2161 981 2198; baseline 0 -10"><span class='ocrx_word' id='word_1_332' title='bbox 186 2162 276 2197; x_wconf 73' lang='grc' dir='ltr'>ψυχήν</span> <span class='ocrx_word' id='word_1_333' title='bbox 290 2171 341 2198; x_wconf 76' lang='grc' dir='ltr'><strong>μου</strong></span> <span class='ocrx_word' id='word_1_334' title='bbox 366 2161 503 2197; x_wconf 76' lang='grc' dir='ltr'>ἀγάθννον</span> <span class='ocrx_word' id='word_1_335' title='bbox 529 2162 577 2188; x_wconf 78' lang='grc' dir='ltr'><strong>καὶ</strong></span> <span class='ocrx_word' id='word_1_336' title='bbox 591 2161 701 2195; x_wconf 82' lang='grc' dir='ltr'>ἀγαθῶν</span> <span class='ocrx_word' id='word_1_337' title='bbox 728 2161 844 2188; x_wconf 80' lang='grc' dir='ltr'>αἰωνίων</span> <span class='ocrx_word' id='word_1_338' title='bbox 867 2162 981 2197; x_wconf 78' lang='grc' dir='ltr'>μέτοχον</span> 
     </span>
    </p>
   </div>
   <div class='ocr_carea' id='block_1_58' title="bbox 187 2209 309 2244">
    <p class='ocr_par' dir='ltr' id='par_1_58' title="bbox 187 2209 309 2244">
     <span class='ocr_line' id='line_1_59' title="bbox 187 2209 309 2244; baseline 0.008 -9"><span class='ocrx_word' id='word_1_339' title='bbox 187 2209 309 2244; x_wconf 76' lang='grc' dir='ltr'>ποίησον.</span> 
     </span>
    </p>
   </div>
   <div class='ocr_carea' id='block_1_59' title="bbox 1488 924 1827 959">
    <p class='ocr_par' dir='ltr' id='par_1_59' title="bbox 1488 924 1827 959">
     <span class='ocr_line' id='line_1_60' title="bbox 1488 924 1827 959; baseline 0.009 -8"><span class='ocrx_word' id='word_1_340' title='bbox 1488 928 1513 952; x_wconf 90' lang='lat' dir='ltr'><strong>te</strong></span> <span class='ocrx_word' id='word_1_341' title='bbox 1531 924 1604 951; x_wconf 87' lang='lat' dir='ltr'><strong>enim</strong></span> <span class='ocrx_word' id='word_1_342' title='bbox 1630 929 1772 959; x_wconf 87' lang='lat' dir='ltr'><strong>patronam</strong></span> <span class='ocrx_word' id='word_1_343' title='bbox 1794 933 1827 954; x_wconf 89' lang='lat' dir='ltr'><strong>ae</strong></span> 
     </span>
    </p>
   </div>
   <div class='ocr_carea' id='block_1_60' title="bbox 1033 966 1662 1005">
    <p class='ocr_par' dir='ltr' id='par_1_60' title="bbox 1033 966 1662 1005">
     <span class='ocr_line' id='line_1_61' title="bbox 1033 966 1662 1005; baseline 0.008 -13"><span class='ocrx_word' id='word_1_344' title='bbox 1033 966 1131 993; x_wconf 89' lang='lat' dir='ltr'><strong>ducem</strong></span> <span class='ocrx_word' id='word_1_345' title='bbox 1146 967 1206 994; x_wconf 73' lang='lat' dir='ltr'><strong>vita:</strong></span> <span class='ocrx_word' id='word_1_346' title='bbox 1224 975 1290 995; x_wconf 63' lang='lat' dir='ltr'><strong>meae</strong></span> <span class='ocrx_word' id='word_1_347' title='bbox 1309 968 1377 995; x_wconf 90' lang='lat' dir='ltr'><strong>mihi</strong></span> <span class='ocrx_word' id='word_1_348' title='bbox 1395 969 1520 1001; x_wconf 88' lang='lat' dir='ltr'><strong>vendieo,</strong></span> <span class='ocrx_word' id='word_1_349' title='bbox 1537 977 1554 996; x_wconf 88' lang='grc' dir='ltr'>ο</span> <span class='ocrx_word' id='word_1_350' title='bbox 1569 969 1662 1005; x_wconf 78' lang='lat' dir='ltr'><strong>Virgo.</strong></span> 
     </span>
    </p>
   </div>
   <div class='ocr_carea' id='block_1_61' title="bbox 1070 1010 1824 1052">
    <p class='ocr_par' dir='ltr' id='par_1_61' title="bbox 1070 1010 1824 1052">
     <span class='ocr_line' id='line_1_62' title="bbox 1070 1010 1824 1052; baseline 0.008 -14"><span class='ocrx_word' id='word_1_351' title='bbox 1070 1010 1272 1046; x_wconf 72' lang='lat' dir='ltr'><strong>Superdivinus</strong></span> <span class='ocrx_word' id='word_1_352' title='bbox 1295 1013 1341 1040; x_wconf 89' lang='lat' dir='ltr'><strong>ille</strong></span> <span class='ocrx_word' id='word_1_353' title='bbox 1356 1013 1404 1048; x_wconf 89' lang='lat' dir='ltr'><strong>qui</strong></span> <span class='ocrx_word' id='word_1_354' title='bbox 1421 1018 1509 1041; x_wconf 92' lang='lat' dir='ltr'><strong>totum</strong></span> <span class='ocrx_word' id='word_1_355' title='bbox 1530 1015 1669 1043; x_wconf 85' lang='lat' dir='ltr'><strong>hominem</strong></span> <span class='ocrx_word' id='word_1_356' title='bbox 1694 1020 1824 1052; x_wconf 81' lang='lat' dir='ltr'><strong>tanquam</strong></span> 
     </span>
    </p>
   </div>
   <div class='ocr_carea' id='block_1_62' title="bbox 1033 1059 1827 1095">
    <p class='ocr_par' dir='ltr' id='par_1_62' title="bbox 1033 1059 1827 1095">
     <span class='ocr_line' id='line_1_63' title="bbox 1033 1059 1827 1095; baseline 0.008 -11"><span class='ocrx_word' id='word_1_357' title='bbox 1033 1062 1134 1086; x_wconf 77' lang='lat' dir='ltr'><strong>vestem</strong></span> <span class='ocrx_word' id='word_1_358' title='bbox 1152 1059 1280 1093; x_wconf 83' lang='lat' dir='ltr'><strong>portavit,</strong></span> <span class='ocrx_word' id='word_1_359' title='bbox 1291 1059 1362 1086; x_wconf 90' lang='lat' dir='ltr'><strong>citra</strong></span> <span class='ocrx_word' id='word_1_360' title='bbox 1387 1064 1541 1095; x_wconf 85' lang='lat' dir='ltr'><strong>peccatum,</strong></span> <span class='ocrx_word' id='word_1_361' title='bbox 1562 1068 1596 1088; x_wconf 79' lang='lat' dir='ltr'><strong>ex</strong></span> <span class='ocrx_word' id='word_1_362' title='bbox 1620 1067 1698 1089; x_wconf 85' lang='lat' dir='ltr'><strong>utero</strong></span> <span class='ocrx_word' id='word_1_363' title='bbox 1716 1069 1763 1090; x_wconf 87' lang='lat' dir='ltr'><strong>tuo</strong></span> <span class='ocrx_word' id='word_1_364' title='bbox 1783 1063 1827 1090; x_wconf 84' lang='lat' dir='ltr'><strong>in-</strong></span> 
     </span>
    </p>
   </div>
   <div class='ocr_carea' id='block_1_63' title="bbox 1032 1105 1826 1145">
    <p class='ocr_par' dir='ltr' id='par_1_63' title="bbox 1032 1105 1826 1145">
     <span class='ocr_line' id='line_1_64' title="bbox 1032 1105 1826 1145; baseline 0.009 -15"><span class='ocrx_word' id='word_1_365' title='bbox 1032 1109 1163 1132; x_wconf 84' lang='lat' dir='ltr'><strong>carnatus</strong></span> <span class='ocrx_word' id='word_1_366' title='bbox 1182 1105 1312 1140; x_wconf 85' lang='lat' dir='ltr'><strong>prodivit,</strong></span> <span class='ocrx_word' id='word_1_367' title='bbox 1341 1112 1358 1132; x_wconf 90' lang='lat' dir='ltr'><strong>o</strong></span> <span class='ocrx_word' id='word_1_368' title='bbox 1384 1113 1478 1141; x_wconf 84' lang='lat' dir='ltr'><strong>easta;</strong></span> <span class='ocrx_word' id='word_1_369' title='bbox 1503 1115 1584 1142; x_wconf 90' lang='lat' dir='ltr'><strong>quem</strong></span> <span class='ocrx_word' id='word_1_370' title='bbox 1614 1108 1761 1143; x_wconf 89' lang='lat' dir='ltr'><strong>deprecare</strong></span> <span class='ocrx_word' id='word_1_371' title='bbox 1777 1118 1826 1145; x_wconf 82' lang='lat' dir='ltr'><strong>pro</strong></span> 
     </span>
    </p>
   </div>
   <div class='ocr_carea' id='block_1_64' title="bbox 1033 1150 1645 1186">
    <p class='ocr_par' dir='ltr' id='par_1_64' title="bbox 1033 1150 1645 1186">
     <span class='ocr_line' id='line_1_65' title="bbox 1033 1150 1645 1186; baseline 0.008 -10"><span class='ocrx_word' id='word_1_372' title='bbox 1033 1150 1121 1177; x_wconf 88' lang='lat' dir='ltr'><strong>salute</strong></span> <span class='ocrx_word' id='word_1_373' title='bbox 1136 1158 1243 1183; x_wconf 86' lang='lat' dir='ltr'><strong>eorum,</strong></span> <span class='ocrx_word' id='word_1_374' title='bbox 1261 1152 1308 1186; x_wconf 89' lang='lat' dir='ltr'><strong>qui</strong></span> <span class='ocrx_word' id='word_1_375' title='bbox 1322 1156 1347 1180; x_wconf 92' lang='lat' dir='ltr'><strong>te</strong></span> <span class='ocrx_word' id='word_1_376' title='bbox 1363 1152 1480 1180; x_wconf 87' lang='lat' dir='ltr'><strong>tideliter</strong></span> <span class='ocrx_word' id='word_1_377' title='bbox 1498 1153 1645 1181; x_wconf 85' lang='lat' dir='ltr'><strong>honorant.</strong></span> 
     </span>
    </p>
   </div>
   <div class='ocr_carea' id='block_1_65' title="bbox 1070 1192 1826 1234">
    <p class='ocr_par' dir='ltr' id='par_1_65' title="bbox 1070 1192 1826 1234">
     <span class='ocr_line' id='line_1_66' title="bbox 1070 1192 1826 1234; baseline 0.008 -11"><span class='ocrx_word' id='word_1_378' title='bbox 1070 1195 1134 1223; x_wconf 90' lang='lat' dir='ltr'><strong>Sola</strong></span> <span class='ocrx_word' id='word_1_379' title='bbox 1157 1205 1242 1224; x_wconf 91' lang='lat' dir='ltr'><strong>unum</strong></span> <span class='ocrx_word' id='word_1_380' title='bbox 1266 1192 1410 1226; x_wconf 76' lang='lat' dir='ltr'><strong>Trinitatis</strong></span> <span class='ocrx_word' id='word_1_381' title='bbox 1437 1200 1568 1234; x_wconf 87' lang='lat' dir='ltr'><strong>peperisti</strong></span> <span class='ocrx_word' id='word_1_382' title='bbox 1589 1200 1615 1227; x_wconf 90' lang='lat' dir='ltr'><strong>iu</strong></span> <span class='ocrx_word' id='word_1_383' title='bbox 1635 1199 1743 1229; x_wconf 85' lang='lat' dir='ltr'><strong>duabus</strong></span> <span class='ocrx_word' id='word_1_384' title='bbox 1761 1203 1826 1230; x_wconf 89' lang='lat' dir='ltr'><strong>sub-</strong></span> 
     </span>
    </p>
   </div>
   <div class='ocr_carea' id='block_1_66' title="bbox 1036 1243 1826 1284">
    <p class='ocr_par' dir='ltr' id='par_1_66' title="bbox 1036 1243 1826 1284">
     <span class='ocr_line' id='line_1_67' title="bbox 1036 1243 1826 1284; baseline 0.008 -15"><span class='ocrx_word' id='word_1_385' title='bbox 1036 1243 1157 1274; x_wconf 77' lang='lat' dir='ltr'><strong>stantiis.</strong></span> <span class='ocrx_word' id='word_1_386' title='bbox 1183 1251 1293 1279; x_wconf 89' lang='lat' dir='ltr'><strong>unaque</strong></span> <span class='ocrx_word' id='word_1_387' title='bbox 1318 1244 1460 1280; x_wconf 77' lang='lat' dir='ltr'><strong>hypostasi</strong></span> <span class='ocrx_word' id='word_1_388' title='bbox 1494 1246 1685 1280; x_wconf 88' lang='lat' dir='ltr'><strong>conspicuum,</strong></span> <span class='ocrx_word' id='word_1_389' title='bbox 1701 1255 1718 1275; x_wconf 89' lang='grc' dir='ltr'>ο</span> <span class='ocrx_word' id='word_1_390' title='bbox 1744 1247 1826 1284; x_wconf 73' lang='lat' dir='ltr'><strong>Virgo</strong></span> 
     </span>
    </p>
   </div>
   <div class='ocr_carea' id='block_1_67' title="bbox 1033 1289 1825 1322">
    <p class='ocr_par' dir='ltr' id='par_1_67' title="bbox 1033 1289 1825 1322">
     <span class='ocr_line' id='line_1_68' title="bbox 1033 1289 1825 1322; baseline 0.009 -8"><span class='ocrx_word' id='word_1_391' title='bbox 1033 1289 1187 1316; x_wconf 86' lang='lat' dir='ltr'><strong>castissima</strong></span> <span class='ocrx_word' id='word_1_392' title='bbox 1200 1299 1207 1316; x_wconf 92' lang='lat'>:</span> <span class='ocrx_word' id='word_1_393' title='bbox 1219 1290 1263 1318; x_wconf 88' lang='lat' dir='ltr'><strong>cui</strong></span> <span class='ocrx_word' id='word_1_394' title='bbox 1283 1291 1404 1318; x_wconf 86' lang='lat' dir='ltr'><strong>suaviter</strong></span> <span class='ocrx_word' id='word_1_395' title='bbox 1419 1291 1594 1319; x_wconf 86' lang='lat' dir='ltr'><strong>concinimus</strong></span> <span class='ocrx_word' id='word_1_396' title='bbox 1609 1293 1669 1320; x_wconf 83' lang='lat' dir='ltr'><strong>sine</strong></span> <span class='ocrx_word' id='word_1_397' title='bbox 1684 1293 1825 1322; x_wconf 74' lang='lat' dir='ltr'><strong>interii-is-</strong></span> 
     </span>
    </p>
   </div>
   <div class='ocr_carea' id='block_1_68' title="bbox 1031 1335 1287 1368">
    <p class='ocr_par' dir='ltr' id='par_1_68' title="bbox 1031 1335 1287 1368">
     <span class='ocr_line' id='line_1_69' title="bbox 1031 1335 1287 1368; baseline 0.008 -6"><span class='ocrx_word' id='word_1_398' title='bbox 1031 1335 1120 1368; x_wconf 80' lang='lat' dir='ltr'><strong>sione,</strong></span> <span class='ocrx_word' id='word_1_399' title='bbox 1137 1336 1163 1363; x_wconf 94' lang='lat' dir='ltr'><strong>in</strong></span> <span class='ocrx_word' id='word_1_400' title='bbox 1177 1337 1287 1365; x_wconf 77' lang='lat' dir='ltr'><strong>saecula.</strong></span> 
     </span>
    </p>
   </div>
   <div class='ocr_carea' id='block_1_69' title="bbox 1069 1381 1824 1423">
    <p class='ocr_par' dir='ltr' id='par_1_69' title="bbox 1069 1381 1824 1423">
     <span class='ocr_line' id='line_1_70' title="bbox 1069 1381 1824 1423; baseline 0.009 -15"><span class='ocrx_word' id='word_1_401' title='bbox 1069 1381 1107 1409; x_wconf 84' lang='lat' dir='ltr'><strong>Te</strong></span> <span class='ocrx_word' id='word_1_402' title='bbox 1131 1387 1235 1411; x_wconf 83' lang='lat' dir='ltr'><strong>castam</strong></span> <span class='ocrx_word' id='word_1_403' title='bbox 1264 1387 1292 1411; x_wconf 86' lang='lat' dir='ltr'><strong>et</strong></span> <span class='ocrx_word' id='word_1_404' title='bbox 1317 1383 1535 1417; x_wconf 82' lang='lat' dir='ltr'><strong>immaculatam,</strong></span> <span class='ocrx_word' id='word_1_405' title='bbox 1551 1385 1631 1421; x_wconf 76' lang='lat' dir='ltr'><strong>virgo</strong></span> <span class='ocrx_word' id='word_1_406' title='bbox 1656 1386 1824 1423; x_wconf 84' lang='lat' dir='ltr'><strong>(Anastasia)</strong></span> 
     </span>
    </p>
   </div>
   <div class='ocr_carea' id='block_1_70' title="bbox 1032 1431 1825 1465">
    <p class='ocr_par' dir='ltr' id='par_1_70' title="bbox 1032 1431 1825 1465">
     <span class='ocr_line' id='line_1_71' title="bbox 1032 1431 1825 1465; baseline 0.009 -10"><span class='ocrx_word' id='word_1_407' title='bbox 1032 1436 1125 1456; x_wconf 89' lang='lat' dir='ltr'><strong>atuore</strong></span> <span class='ocrx_word' id='word_1_408' title='bbox 1140 1437 1320 1464; x_wconf 84' lang='lat' dir='ltr'><strong>prosequens,</strong></span> <span class='ocrx_word' id='word_1_409' title='bbox 1338 1437 1439 1465; x_wconf 86' lang='lat' dir='ltr'><strong>corpus</strong></span> <span class='ocrx_word' id='word_1_410' title='bbox 1453 1436 1479 1458; x_wconf 92' lang='lat' dir='ltr'><strong>et</strong></span> <span class='ocrx_word' id='word_1_411' title='bbox 1499 1431 1619 1459; x_wconf 85' lang='lat' dir='ltr'><strong>animam</strong></span> <span class='ocrx_word' id='word_1_412' title='bbox 1646 1433 1705 1461; x_wconf 89' lang='lat' dir='ltr'><strong>sine</strong></span> <span class='ocrx_word' id='word_1_413' title='bbox 1719 1436 1825 1462; x_wconf 83' lang='lat' dir='ltr'><strong>macula</strong></span> 
     </span>
    </p>
   </div>
   <div class='ocr_carea' id='block_1_71' title="bbox 1032 1474 1826 1515">
    <p class='ocr_par' dir='ltr' id='par_1_71' title="bbox 1032 1474 1826 1515">
     <span class='ocr_line' id='line_1_72' title="bbox 1032 1474 1826 1515; baseline 0.009 -15"><span class='ocrx_word' id='word_1_414' title='bbox 1032 1474 1399 1509; x_wconf 86' lang='lat' dir='ltr'><strong>conservavit;passionum</strong></span> <span class='ocrx_word' id='word_1_415' title='bbox 1421 1476 1548 1503; x_wconf 87' lang='lat' dir='ltr'><strong>incendia</strong></span> <span class='ocrx_word' id='word_1_416' title='bbox 1574 1477 1705 1512; x_wconf 87' lang='lat' dir='ltr'><strong>patientia</strong></span> <span class='ocrx_word' id='word_1_417' title='bbox 1732 1480 1826 1515; x_wconf 83' lang='lat' dir='ltr'><strong>despi-</strong></span> 
     </span>
    </p>
   </div>
   <div class='ocr_carea' id='block_1_72' title="bbox 1031 1519 1824 1558">
    <p class='ocr_par' dir='ltr' id='par_1_72' title="bbox 1031 1519 1824 1558">
     <span class='ocr_line' id='line_1_73' title="bbox 1031 1519 1824 1558; baseline 0.009 -12"><span class='ocrx_word' id='word_1_418' title='bbox 1031 1519 1117 1551; x_wconf 84' lang='lat' dir='ltr'><strong>ciens,</strong></span> <span class='ocrx_word' id='word_1_419' title='bbox 1146 1520 1354 1555; x_wconf 88' lang='lat' dir='ltr'><strong>multorumque</strong></span> <span class='ocrx_word' id='word_1_420' title='bbox 1380 1526 1582 1549; x_wconf 87' lang='lat' dir='ltr'><strong>tormentorum</strong></span> <span class='ocrx_word' id='word_1_421' title='bbox 1606 1524 1824 1558; x_wconf 78' lang='lat' dir='ltr'><strong>experimentum</strong></span> 
     </span>
    </p>
   </div>
   <div class='ocr_carea' id='block_1_73' title="bbox 1032 1564 1826 1606">
    <p class='ocr_par' dir='ltr' id='par_1_73' title="bbox 1032 1564 1826 1606">
     <span class='ocr_line' id='line_1_74' title="bbox 1032 1564 1826 1606; baseline 0.011 -15"><span class='ocrx_word' id='word_1_422' title='bbox 1032 1564 1171 1599; x_wconf 71' lang='lat' dir='ltr'><strong>perferens</strong></span> <span class='ocrx_word' id='word_1_423' title='bbox 1188 1570 1317 1594; x_wconf 85' lang='lat' dir='ltr'><strong>:etuunc</strong></span> <span class='ocrx_word' id='word_1_424' title='bbox 1330 1567 1357 1594; x_wconf 91' lang='lat' dir='ltr'><strong>in</strong></span> <span class='ocrx_word' id='word_1_425' title='bbox 1376 1567 1536 1595; x_wconf 66' lang='lat' dir='ltr'><strong>caelestibus</strong></span> <span class='ocrx_word' id='word_1_426' title='bbox 1549 1568 1679 1598; x_wconf 83' lang='lat' dir='ltr'><strong>thalamis</strong></span> <span class='ocrx_word' id='word_1_427' title='bbox 1695 1571 1826 1606; x_wconf 83' lang='lat' dir='ltr'><strong>tripudiat</strong></span> 
     </span>
    </p>
   </div>
   <div class='ocr_carea' id='block_1_74' title="bbox 1033 1611 1830 1646">
    <p class='ocr_par' dir='ltr' id='par_1_74' title="bbox 1033 1611 1830 1646">
     <span class='ocr_line' id='line_1_75' title="bbox 1033 1611 1830 1646; baseline 0.005 -9"><span class='ocrx_word' id='word_1_428' title='bbox 1033 1614 1123 1638; x_wconf 76' lang='lat' dir='ltr'><strong>tecum</strong></span> <span class='ocrx_word' id='word_1_429' title='bbox 1143 1611 1265 1646; x_wconf 80' lang='lat' dir='ltr'><strong>gaudens</strong></span> <span class='ocrx_word' id='word_1_430' title='bbox 1280 1611 1308 1639; x_wconf 89' lang='lat' dir='ltr'><strong>in</strong></span> <span class='ocrx_word' id='word_1_431' title='bbox 1324 1612 1417 1639; x_wconf 81' lang='lat' dir='ltr'><strong>omnia</strong></span> <span class='ocrx_word' id='word_1_432' title='bbox 1428 1612 1539 1640; x_wconf 53' lang='lat' dir='ltr'><strong>saecula.</strong></span> <span class='ocrx_word' id='word_1_433' title='bbox 1821 1643 1830 1646; x_wconf 92' lang='lat'><strong><em>_</em></strong></span> 
     </span>
    </p>
   </div>
   <div class='ocr_carea' id='block_1_75' title="bbox 1067 1655 1825 1689">
    <p class='ocr_par' dir='ltr' id='par_1_75' title="bbox 1067 1655 1825 1689">
     <span class='ocr_line' id='line_1_76' title="bbox 1067 1655 1825 1689; baseline 0.008 -7"><span class='ocrx_word' id='word_1_434' title='bbox 1067 1655 1175 1683; x_wconf 87' lang='lat' dir='ltr'><strong>Fluenti</strong></span> <span class='ocrx_word' id='word_1_435' title='bbox 1188 1657 1304 1683; x_wconf 80' lang='lat' dir='ltr'><strong>viventis</strong></span> <span class='ocrx_word' id='word_1_436' title='bbox 1317 1657 1521 1685; x_wconf 77' lang='lat' dir='ltr'><strong>sanctissimum</strong></span> <span class='ocrx_word' id='word_1_437' title='bbox 1535 1658 1740 1686; x_wconf 85' lang='lat' dir='ltr'><strong>tabernaculum</strong></span> <span class='ocrx_word' id='word_1_438' title='bbox 1754 1660 1825 1689; x_wconf 79' lang='lat' dir='ltr'><strong>facta</strong></span> 
     </span>
    </p>
   </div>
   <div class='ocr_carea' id='block_1_76' title="bbox 1031 1702 1823 1738">
    <p class='ocr_par' dir='ltr' id='par_1_76' title="bbox 1031 1702 1823 1738">
     <span class='ocr_line' id='line_1_77' title="bbox 1031 1702 1823 1738; baseline 0.006 -10"><span class='ocrx_word' id='word_1_439' title='bbox 1031 1708 1075 1734; x_wconf 86' lang='lat' dir='ltr'><strong>es;</strong></span> <span class='ocrx_word' id='word_1_440' title='bbox 1105 1709 1138 1729; x_wconf 83' lang='lat' dir='ltr'><strong>ex</strong></span> <span class='ocrx_word' id='word_1_441' title='bbox 1173 1709 1229 1737; x_wconf 89' lang='lat' dir='ltr'><strong>quo</strong></span> <span class='ocrx_word' id='word_1_442' title='bbox 1258 1702 1382 1730; x_wconf 86' lang='lat' dir='ltr'><strong>bibentes</strong></span> <span class='ocrx_word' id='word_1_443' title='bbox 1411 1711 1462 1731; x_wconf 91' lang='lat' dir='ltr'><strong>nos</strong></span> <span class='ocrx_word' id='word_1_444' title='bbox 1489 1702 1536 1738; x_wconf 89' lang='lat' dir='ltr'><strong>qui</strong></span> <span class='ocrx_word' id='word_1_445' title='bbox 1564 1703 1664 1730; x_wconf 86' lang='lat' dir='ltr'><strong>mortui</strong></span> <span class='ocrx_word' id='word_1_446' title='bbox 1693 1712 1823 1737; x_wconf 84' lang='lat' dir='ltr'><strong>eramus.</strong></span> 
     </span>
    </p>
   </div>
   <div class='ocr_carea' id='block_1_77' title="bbox 1030 1747 1824 1783">
    <p class='ocr_par' dir='ltr' id='par_1_77' title="bbox 1030 1747 1824 1783">
     <span class='ocr_line' id='line_1_78' title="bbox 1030 1747 1824 1783; baseline 0.005 -9"><span class='ocrx_word' id='word_1_447' title='bbox 1030 1747 1115 1775; x_wconf 79' lang='lat' dir='ltr'><strong>vitam</strong></span> <span class='ocrx_word' id='word_1_448' title='bbox 1127 1747 1332 1779; x_wconf 68' lang='lat' dir='ltr'><strong>haereditamus,</strong></span> <span class='ocrx_word' id='word_1_449' title='bbox 1345 1748 1497 1776; x_wconf 83' lang='lat' dir='ltr'><strong>clamantes</strong></span> <span class='ocrx_word' id='word_1_450' title='bbox 1512 1757 1519 1776; x_wconf 93' lang='lat'><strong>:</strong></span> <span class='ocrx_word' id='word_1_451' title='bbox 1540 1748 1709 1783; x_wconf 83' lang='lat' dir='ltr'><strong>Benedicite,</strong></span> <span class='ocrx_word' id='word_1_452' title='bbox 1731 1751 1824 1778; x_wconf 86' lang='lat' dir='ltr'><strong>omnia</strong></span> 
     </span>
    </p>
   </div>
   <div class='ocr_carea' id='block_1_78' title="bbox 1031 1793 1302 1828">
    <p class='ocr_par' dir='ltr' id='par_1_78' title="bbox 1031 1793 1302 1828">
     <span class='ocr_line' id='line_1_79' title="bbox 1031 1793 1302 1828; baseline 0 -8"><span class='ocrx_word' id='word_1_453' title='bbox 1031 1800 1125 1828; x_wconf 83' lang='lat' dir='ltr'><strong>opera.</strong></span> <span class='ocrx_word' id='word_1_454' title='bbox 1146 1793 1302 1821; x_wconf 88' lang='lat' dir='ltr'><strong>Dominum.</strong></span> 
     </span>
    </p>
   </div>
   <div class='ocr_carea' id='block_1_79' title="bbox 1069 1839 1825 1878">
    <p class='ocr_par' dir='ltr' id='par_1_79' title="bbox 1069 1839 1825 1878">
     <span class='ocr_line' id='line_1_80' title="bbox 1069 1839 1825 1878; baseline 0.009 -13"><span class='ocrx_word' id='word_1_455' title='bbox 1069 1839 1168 1866; x_wconf 87' lang='lat' dir='ltr'><strong>Statim</strong></span> <span class='ocrx_word' id='word_1_456' title='bbox 1185 1845 1267 1875; x_wconf 82' lang='lat' dir='ltr'><strong>atque</strong></span> <span class='ocrx_word' id='word_1_457' title='bbox 1283 1845 1387 1876; x_wconf 80' lang='lat' dir='ltr'><strong>martyr</strong></span> <span class='ocrx_word' id='word_1_458' title='bbox 1405 1845 1450 1868; x_wconf 90' lang='lat' dir='ltr'><strong>tua</strong></span> <span class='ocrx_word' id='word_1_459' title='bbox 1469 1841 1775 1878; x_wconf 69' lang='lat' dir='ltr'><strong>(Anastasia)cogt10vit</strong></span> <span class='ocrx_word' id='word_1_460' title='bbox 1789 1849 1825 1874; x_wconf 90' lang='lat' dir='ltr'><strong>te.</strong></span> 
     </span>
    </p>
   </div>
   <div class='ocr_carea' id='block_1_80' title="bbox 1031 1885 1824 1925">
    <p class='ocr_par' dir='ltr' id='par_1_80' title="bbox 1031 1885 1824 1925">
     <span class='ocr_line' id='line_1_81' title="bbox 1031 1885 1824 1925; baseline 0.008 -13"><span class='ocrx_word' id='word_1_461' title='bbox 1031 1885 1156 1918; x_wconf 84' lang='lat' dir='ltr'><strong>Domine,</strong></span> <span class='ocrx_word' id='word_1_462' title='bbox 1180 1893 1292 1913; x_wconf 85' lang='lat' dir='ltr'><strong>carnem</strong></span> <span class='ocrx_word' id='word_1_463' title='bbox 1313 1894 1346 1914; x_wconf 80' lang='lat' dir='ltr'><strong>ex</strong></span> <span class='ocrx_word' id='word_1_464' title='bbox 1375 1888 1489 1915; x_wconf 86' lang='lat' dir='ltr'><strong>muliere</strong></span> <span class='ocrx_word' id='word_1_465' title='bbox 1520 1894 1661 1923; x_wconf 81' lang='lat' dir='ltr'><strong>acceptam</strong></span> <span class='ocrx_word' id='word_1_466' title='bbox 1691 1895 1824 1925; x_wconf 56' lang='lat' dir='ltr'><strong>gestasse,</strong></span> 
     </span>
    </p>
   </div>
   <div class='ocr_carea' id='block_1_81' title="bbox 1032 1933 1826 1971">
    <p class='ocr_par' dir='ltr' id='par_1_81' title="bbox 1032 1933 1826 1971">
     <span class='ocr_line' id='line_1_82' title="bbox 1032 1933 1826 1971; baseline 0.005 -12"><span class='ocrx_word' id='word_1_467' title='bbox 1032 1933 1211 1967; x_wconf 78' lang='lat' dir='ltr'><strong>virginalibus</strong></span> <span class='ocrx_word' id='word_1_468' title='bbox 1228 1933 1312 1960; x_wconf 87' lang='lat' dir='ltr'><strong>radiis</strong></span> <span class='ocrx_word' id='word_1_469' title='bbox 1331 1933 1478 1966; x_wconf 82' lang='lat' dir='ltr'><strong>illustrata,</strong></span> <span class='ocrx_word' id='word_1_470' title='bbox 1494 1939 1521 1961; x_wconf 82' lang='lat' dir='ltr'><strong>et</strong></span> <span class='ocrx_word' id='word_1_471' title='bbox 1537 1936 1663 1971; x_wconf 80' lang='lat' dir='ltr'><strong>martyris</strong></span> <span class='ocrx_word' id='word_1_472' title='bbox 1689 1937 1826 1970; x_wconf 78' lang='lat' dir='ltr'><strong>sanguine</strong></span> 
     </span>
    </p>
   </div>
   <div class='ocr_carea' id='block_1_82' title="bbox 1033 1978 1824 2017">
    <p class='ocr_par' dir='ltr' id='par_1_82' title="bbox 1033 1978 1824 2017">
     <span class='ocr_line' id='line_1_83' title="bbox 1033 1978 1824 2017; baseline 0.004 -11"><span class='ocrx_word' id='word_1_473' title='bbox 1033 1984 1162 2013; x_wconf 78' lang='lat' dir='ltr'><strong>tauquam</strong></span> <span class='ocrx_word' id='word_1_474' title='bbox 1186 1978 1299 2006; x_wconf 78' lang='lat' dir='ltr'><strong>ﬂoribus</strong></span> <span class='ocrx_word' id='word_1_475' title='bbox 1322 1984 1465 2011; x_wconf 86' lang='lat' dir='ltr'><strong>exornata,</strong></span> <span class='ocrx_word' id='word_1_476' title='bbox 1493 1980 1541 2008; x_wconf 91' lang='lat' dir='ltr'><strong>tibi</strong></span> <span class='ocrx_word' id='word_1_477' title='bbox 1575 1980 1824 2017; x_wconf 84' lang='lat' dir='ltr'><strong>Citristotanquam</strong></span> 
     </span>
    </p>
   </div>
   <div class='ocr_carea' id='block_1_83' title="bbox 1032 2025 1825 2062">
    <p class='ocr_par' dir='ltr' id='par_1_83' title="bbox 1032 2025 1825 2062">
     <span class='ocr_line' id='line_1_84' title="bbox 1032 2025 1825 2062; baseline 0.003 -10"><span class='ocrx_word' id='word_1_478' title='bbox 1032 2031 1225 2053; x_wconf 81' lang='lat' dir='ltr'><strong>creaturarum</strong></span> <span class='ocrx_word' id='word_1_479' title='bbox 1250 2025 1317 2062; x_wconf 76' lang='lat' dir='ltr'><strong>regi,</strong></span> <span class='ocrx_word' id='word_1_480' title='bbox 1334 2030 1396 2060; x_wconf 79' lang='lat' dir='ltr'><strong>past</strong></span> <span class='ocrx_word' id='word_1_481' title='bbox 1410 2025 1523 2054; x_wconf 80' lang='lat' dir='ltr'><strong>Matrem</strong></span> <span class='ocrx_word' id='word_1_482' title='bbox 1537 2031 1611 2054; x_wconf 89' lang='lat' dir='ltr'><strong>tuam</strong></span> <span class='ocrx_word' id='word_1_483' title='bbox 1638 2028 1754 2062; x_wconf 80' lang='lat' dir='ltr'><strong>gloriose</strong></span> <span class='ocrx_word' id='word_1_484' title='bbox 1775 2029 1825 2055; x_wconf 85' lang='lat' dir='ltr'><strong>ad-</strong></span> 
     </span>
    </p>
   </div>
   <div class='ocr_carea' id='block_1_84' title="bbox 1032 2074 1181 2101">
    <p class='ocr_par' dir='ltr' id='par_1_84' title="bbox 1032 2074 1181 2101">
     <span class='ocr_line' id='line_1_85' title="bbox 1032 2074 1181 2101; baseline -0.007 -1"><span class='ocrx_word' id='word_1_485' title='bbox 1032 2074 1112 2101; x_wconf 81' lang='lat' dir='ltr'><strong>ducta</strong></span> <span class='ocrx_word' id='word_1_486' title='bbox 1129 2078 1181 2100; x_wconf 85' lang='lat' dir='ltr'><strong>est.</strong></span> 
     </span>
    </p>
   </div>
   <div class='ocr_carea' id='block_1_85' title="bbox 1068 2119 1826 2155">
    <p class='ocr_par' dir='ltr' id='par_1_85' title="bbox 1068 2119 1826 2155">
     <span class='ocr_line' id='line_1_86' title="bbox 1068 2119 1826 2155; baseline -0.001 -8"><span class='ocrx_word' id='word_1_487' title='bbox 1068 2119 1090 2147; x_wconf 94' lang='lat'><strong>0</strong></span> <span class='ocrx_word' id='word_1_488' title='bbox 1107 2119 1190 2155; x_wconf 76' lang='lat' dir='ltr'><strong>Virgo</strong></span> <span class='ocrx_word' id='word_1_489' title='bbox 1208 2119 1342 2147; x_wconf 88' lang='lat' dir='ltr'><strong>bonorum</strong></span> <span class='ocrx_word' id='word_1_490' title='bbox 1359 2120 1476 2147; x_wconf 81' lang='lat' dir='ltr'><strong>amatrix</strong></span> <span class='ocrx_word' id='word_1_491' title='bbox 1487 2139 1495 2152; x_wconf 87' lang='lat'><strong>,</strong></span> <span class='ocrx_word' id='word_1_492' title='bbox 1519 2120 1638 2147; x_wconf 79' lang='lat' dir='ltr'><strong>animam</strong></span> <span class='ocrx_word' id='word_1_493' title='bbox 1659 2128 1746 2148; x_wconf 81' lang='lat' dir='ltr'><strong>meam</strong></span> <span class='ocrx_word' id='word_1_494' title='bbox 1763 2129 1826 2155; x_wconf 79' lang='lat' dir='ltr'><strong>pec-</strong></span> 
     </span>
    </p>
   </div>
   <div class='ocr_carea' id='block_1_86' title="bbox 1033 2165 1825 2201">
    <p class='ocr_par' dir='ltr' id='par_1_86' title="bbox 1033 2165 1825 2201">
     <span class='ocr_line' id='line_1_87' title="bbox 1033 2165 1825 2201; baseline 0 -8"><span class='ocrx_word' id='word_1_495' title='bbox 1033 2170 1159 2194; x_wconf 86' lang='lat' dir='ltr'><strong>catorum</strong></span> <span class='ocrx_word' id='word_1_496' title='bbox 1179 2165 1262 2201; x_wconf 69' lang='lat'><strong>206</strong></span> <span class='ocrx_word' id='word_1_497' title='bbox 1272 2165 1352 2193; x_wconf 81' lang='lat' dir='ltr'><strong>malis</strong></span> <span class='ocrx_word' id='word_1_498' title='bbox 1363 2165 1498 2198; x_wconf 77' lang='lat' dir='ltr'><strong>vitiatam,</strong></span> <span class='ocrx_word' id='word_1_499' title='bbox 1512 2165 1611 2193; x_wconf 83' lang='lat' dir='ltr'><strong>bonam</strong></span> <span class='ocrx_word' id='word_1_500' title='bbox 1627 2165 1720 2199; x_wconf 72' lang='lat' dir='ltr'><strong>redde,</strong></span> <span class='ocrx_word' id='word_1_501' title='bbox 1735 2174 1767 2193; x_wconf 88' lang='lat' dir='ltr'><strong>ac</strong></span> <span class='ocrx_word' id='word_1_502' title='bbox 1779 2170 1825 2193; x_wconf 79' lang='lat' dir='ltr'><strong>bo-</strong></span> 
     </span>
    </p>
   </div>
   <div class='ocr_carea' id='block_1_87' title="bbox 1035 2212 1590 2248">
    <p class='ocr_par' dir='ltr' id='par_1_87' title="bbox 1035 2212 1590 2248">
     <span class='ocr_line' id='line_1_88' title="bbox 1035 2212 1590 2248; baseline -0.002 -8"><span class='ocrx_word' id='word_1_503' title='bbox 1035 2221 1133 2240; x_wconf 86' lang='lat' dir='ltr'><strong>norum</strong></span> <span class='ocrx_word' id='word_1_504' title='bbox 1149 2217 1316 2240; x_wconf 79' lang='lat' dir='ltr'><strong>aeternorum</strong></span> <span class='ocrx_word' id='word_1_505' title='bbox 1328 2213 1488 2248; x_wconf 86' lang='lat' dir='ltr'><strong>participem</strong></span> <span class='ocrx_word' id='word_1_506' title='bbox 1505 2212 1590 2240; x_wconf 76' lang='lat' dir='ltr'><strong>cllice.</strong></span> 
     </span>
    </p>
   </div>
   <div class='ocr_carea' id='block_1_88' title="bbox 192 2258 981 2302">
    <p class='ocr_par' dir='ltr' id='par_1_88' title="bbox 192 2265 980 2302">
     <span class='ocr_line' id='line_1_89' title="bbox 192 2265 980 2302; baseline 0.001 -10"><span class='ocrx_word' id='word_1_507' title='bbox 192 2266 243 2292; x_wconf 79' lang='grc' dir='ltr'><em>Ἐκ</em></span> <span class='ocrx_word' id='word_1_508' title='bbox 256 2265 310 2292; x_wconf 77' lang='grc' dir='ltr'>τοῦ</span> <span class='ocrx_word' id='word_1_509' title='bbox 324 2266 456 2299; x_wconf 82' lang='grc' dir='ltr'>Κανόνος</span> <span class='ocrx_word' id='word_1_510' title='bbox 469 2267 513 2299; x_wconf 84' lang='grc' dir='ltr'>εις</span> <span class='ocrx_word' id='word_1_511' title='bbox 522 2265 593 2302; x_wconf 76' lang='grc' dir='ltr'>τοὺς</span> <span class='ocrx_word' id='word_1_512' title='bbox 606 2265 710 2300; x_wconf 71' lang='grc' dir='ltr'>ἁγίους</span> <span class='ocrx_word' id='word_1_513' title='bbox 723 2265 877 2300; x_wconf 74' lang='grc' dir='ltr'>μάρτυρας</span> <span class='ocrx_word' id='word_1_514' title='bbox 889 2266 980 2299; x_wconf 87' lang='grc' dir='ltr'>Ζηνό-</span> 
     </span>
    </p>
   </div>
   <div class='ocr_carea' id='block_1_89' title="bbox 1032 2258 1824 2302">
    <p class='ocr_par' dir='ltr' id='par_1_89' title="bbox 1035 2260 1824 2302">
     <span class='ocr_line' id='line_1_90' title="bbox 1035 2260 1824 2302; baseline 0.004 -9"><span class='ocrx_word' id='word_1_515' title='bbox 1035 2266 1076 2293; x_wconf 78' lang='lat' dir='ltr'><strong>Ea:</strong></span> <span class='ocrx_word' id='word_1_516' title='bbox 1093 2266 1199 2294; x_wconf 76' lang='lat' dir='ltr'><strong>Conone</strong></span> <span class='ocrx_word' id='word_1_517' title='bbox 1213 2267 1241 2294; x_wconf 86' lang='lat' dir='ltr'><strong>in</strong></span> <span class='ocrx_word' id='word_1_518' title='bbox 1253 2260 1320 2302; x_wconf 56' lang='lat' dir='ltr'><strong>[ista</strong></span> <span class='ocrx_word' id='word_1_519' title='bbox 1342 2266 1392 2295; x_wconf 88' lang='lat' dir='ltr'><strong>SS.</strong></span> <span class='ocrx_word' id='word_1_520' title='bbox 1406 2267 1515 2294; x_wconf 79' lang='lat' dir='ltr'><strong>Zeuobii</strong></span> <span class='ocrx_word' id='word_1_521' title='bbox 1533 2273 1559 2294; x_wconf 78' lang='lat' dir='ltr'><strong>et</strong></span> <span class='ocrx_word' id='word_1_522' title='bbox 1583 2267 1706 2295; x_wconf 69' lang='lat' dir='ltr'><strong>Zenobia?</strong></span> <span class='ocrx_word' id='word_1_523' title='bbox 1725 2270 1824 2296; x_wconf 66' lang='lat' dir='ltr'><strong>sororia</strong></span> 
     </span>
    </p>
   </div>
   <div class='ocr_carea' id='block_1_90' title="bbox 221 2301 979 2346">
    <p class='ocr_par' dir='ltr' id='par_1_90' title="bbox 221 2301 979 2346">
     <span class='ocr_line' id='line_1_91' title="bbox 221 2301 979 2346; baseline 0.015 -19"><span class='ocrx_word' id='word_1_524' title='bbox 221 2302 350 2346; x_wconf 50' lang='lat' dir='ltr'><strong>Gtor&#39;ual</strong></span> <span class='ocrx_word' id='word_1_525' title='bbox 368 2302 518 2335; x_wconf 79' lang='grc' dir='ltr'>Ζηνοϐίαν</span> <span class='ocrx_word' id='word_1_526' title='bbox 536 2301 594 2336; x_wconf 80' lang='grc' dir='ltr'><strong>τὴν</strong></span> <span class='ocrx_word' id='word_1_527' title='bbox 611 2301 750 2336; x_wconf 71' lang='grc' dir='ltr'><strong>ἀδελφὴν</strong></span> <span class='ocrx_word' id='word_1_528' title='bbox 770 2302 864 2341; x_wconf 62' lang='grc' dir='ltr'><strong>ᾷὺτοῦ</strong></span> <span class='ocrx_word' id='word_1_529' title='bbox 876 2322 884 2334; x_wconf 84' lang='grc' dir='ltr'><strong>ι</strong></span> <span class='ocrx_word' id='word_1_530' title='bbox 907 2301 979 2336; x_wconf 67' lang='grc' dir='ltr'><strong>ἠμέ⁷</strong></span> 
     </span>
    </p>
   </div>
   <div class='ocr_carea' id='block_1_91' title="bbox 216 2344 306 2369">
    <p class='ocr_par' dir='ltr' id='par_1_91' title="bbox 216 2344 306 2369">
     <span class='ocr_line' id='line_1_92' title="bbox 216 2344 306 2369; baseline 0.011 -8"><span class='ocrx_word' id='word_1_531' title='bbox 216 2344 258 2369; x_wconf 51' lang='lat' dir='ltr'><strong>pg!</strong></span> <span class='ocrx_word' id='word_1_532' title='bbox 275 2344 306 2362; x_wconf 72' lang='grc' dir='ltr'><strong>Α’-</strong></span> 
     </span>
    </p>
   </div>
   <div class='ocr_carea' id='block_1_92' title="bbox 222 2391 976 2428">
    <p class='ocr_par' dir='ltr' id='par_1_92' title="bbox 222 2391 976 2428">
     <span class='ocr_line' id='line_1_93' title="bbox 222 2391 976 2428; baseline 0.003 -11"><span class='ocrx_word' id='word_1_533' title='bbox 222 2391 348 2426; x_wconf 83' lang='grc' dir='ltr'>Χαίροις,</span> <span class='ocrx_word' id='word_1_534' title='bbox 366 2391 380 2417; x_wconf 81' lang='grc' dir='ltr'><strong>ὁ</strong></span> <span class='ocrx_word' id='word_1_535' title='bbox 404 2391 537 2425; x_wconf 82' lang='grc' dir='ltr'>πανάγιος</span> <span class='ocrx_word' id='word_1_536' title='bbox 551 2391 624 2424; x_wconf 82' lang='grc' dir='ltr'>ναὸς,</span> <span class='ocrx_word' id='word_1_537' title='bbox 639 2392 653 2418; x_wconf 79' lang='grc' dir='ltr'><strong>ὁ</strong></span> <span class='ocrx_word' id='word_1_538' title='bbox 668 2399 753 2424; x_wconf 86' lang='grc' dir='ltr'>ποκος</span> <span class='ocrx_word' id='word_1_539' title='bbox 781 2392 794 2419; x_wconf 83' lang='grc' dir='ltr'><strong><em>ὸ</em></strong></span> <span class='ocrx_word' id='word_1_540' title='bbox 825 2391 976 2428; x_wconf 81' lang='grc' dir='ltr'>θεόδροσος,</span> 
     </span>
    </p>
   </div>
   <div class='ocr_carea' id='block_1_93' title="bbox 186 2439 978 2478">
    <p class='ocr_par' dir='ltr' id='par_1_93' title="bbox 186 2439 978 2478">
     <span class='ocr_line' id='line_1_94' title="bbox 186 2439 978 2478; baseline 0.003 -12"><span class='ocrx_word' id='word_1_541' title='bbox 186 2439 395 2476; x_wconf 71' lang='grc' dir='ltr'>ἐσφραγισμένη</span> <span class='ocrx_word' id='word_1_542' title='bbox 430 2439 507 2474; x_wconf 82' lang='grc' dir='ltr'>πηγὴ</span> <span class='ocrx_word' id='word_1_543' title='bbox 541 2440 588 2467; x_wconf 81' lang='grc' dir='ltr'>τοῦ</span> <span class='ocrx_word' id='word_1_544' title='bbox 615 2440 751 2468; x_wconf 79' lang='grc' dir='ltr'>ἀθανάτου</span> <span class='ocrx_word' id='word_1_545' title='bbox 779 2441 900 2477; x_wconf 83' lang='grc' dir='ltr'>ῥείθρου,</span> <span class='ocrx_word' id='word_1_546' title='bbox 929 2442 978 2478; x_wconf 79' lang='grc' dir='ltr'>τὴν</span> 
     </span>
    </p>
   </div>
   <div class='ocr_carea' id='block_1_94' title="bbox 187 2485 977 2521">
    <p class='ocr_par' dir='ltr' id='par_1_94' title="bbox 187 2485 977 2521">
     <span class='ocr_line' id='line_1_95' title="bbox 187 2485 977 2521; baseline 0.004 -9"><span class='ocrx_word' id='word_1_547' title='bbox 187 2486 307 2521; x_wconf 81' lang='grc' dir='ltr'>ποίμνην</span> <span class='ocrx_word' id='word_1_548' title='bbox 328 2493 387 2518; x_wconf 87' lang='grc' dir='ltr'>σου,</span> <span class='ocrx_word' id='word_1_549' title='bbox 400 2485 548 2518; x_wconf 86' lang='grc' dir='ltr'>Δέσποινα,</span> <span class='ocrx_word' id='word_1_550' title='bbox 567 2485 685 2520; x_wconf 84' lang='grc' dir='ltr'>φύλαττε</span> <span class='ocrx_word' id='word_1_551' title='bbox 699 2487 730 2513; x_wconf 79' lang='grc' dir='ltr'>ἐκ</span> <span class='ocrx_word' id='word_1_552' title='bbox 742 2488 878 2514; x_wconf 82' lang='grc' dir='ltr'>παντοίων</span> <span class='ocrx_word' id='word_1_553' title='bbox 896 2487 977 2514; x_wconf 73' lang='grc' dir='ltr'>πολε-</span> 
     </span>
    </p>
   </div>
   <div class='ocr_carea' id='block_1_95' title="bbox 187 2531 487 2568">
    <p class='ocr_par' dir='ltr' id='par_1_95' title="bbox 187 2531 487 2568">
     <span class='ocr_line' id='line_1_96' title="bbox 187 2531 487 2568; baseline -0.003 -9"><span class='ocrx_word' id='word_1_554' title='bbox 187 2532 257 2568; x_wconf 85' lang='grc' dir='ltr'>μίων</span> <span class='ocrx_word' id='word_1_555' title='bbox 268 2531 487 2568; x_wconf 83' lang='grc' dir='ltr'>ἀπολιορκήτως.</span> 
     </span>
    </p>
   </div>
   <div class='ocr_carea' id='block_1_96' title="bbox 221 2576 978 2615">
    <p class='ocr_par' dir='ltr' id='par_1_96' title="bbox 221 2576 978 2615">
     <span class='ocr_line' id='line_1_97' title="bbox 221 2576 978 2615; baseline 0.003 -11"><span class='ocrx_word' id='word_1_556' title='bbox 221 2579 336 2614; x_wconf 75' lang='grc' dir='ltr'>Τριάδος</span> <span class='ocrx_word' id='word_1_557' title='bbox 350 2579 397 2605; x_wconf 78' lang='grc' dir='ltr'>τὸν</span> <span class='ocrx_word' id='word_1_558' title='bbox 417 2578 464 2604; x_wconf 77' lang='grc' dir='ltr'>ἕνα</span> <span class='ocrx_word' id='word_1_559' title='bbox 480 2576 640 2613; x_wconf 78' lang='grc' dir='ltr'>ἀπεκύησας</span> <span class='ocrx_word' id='word_1_560' title='bbox 656 2577 686 2604; x_wconf 75' lang='grc' dir='ltr'>τὸ</span> <span class='ocrx_word' id='word_1_561' title='bbox 702 2577 872 2613; x_wconf 84' lang='grc' dir='ltr'>ἀνθρώπινον</span> <span class='ocrx_word' id='word_1_562' title='bbox 897 2580 978 2615; x_wconf 77' lang='grc' dir='ltr'>φορέ-</span> 
     </span>
    </p>
   </div>
   <div class='ocr_carea' id='block_1_97' title="bbox 187 2623 976 2661">
    <p class='ocr_par' dir='ltr' id='par_1_97' title="bbox 187 2623 976 2661">
     <span class='ocr_line' id='line_1_98' title="bbox 187 2623 976 2661; baseline 0.004 -11"><span class='ocrx_word' id='word_1_563' title='bbox 187 2632 283 2655; x_wconf 69' lang='grc' dir='ltr'>σαοιτα,</span> <span class='ocrx_word' id='word_1_564' title='bbox 295 2624 417 2658; x_wconf 81' lang='grc' dir='ltr'>παναγία</span> <span class='ocrx_word' id='word_1_565' title='bbox 430 2623 657 2660; x_wconf 85' lang='grc' dir='ltr'>Μητροπάρθενε,</span> <span class='ocrx_word' id='word_1_566' title='bbox 681 2623 711 2650; x_wconf 84' lang='grc' dir='ltr'>ὃν</span> <span class='ocrx_word' id='word_1_567' title='bbox 728 2624 837 2659; x_wconf 86' lang='grc' dir='ltr'>αίτησαι</span> <span class='ocrx_word' id='word_1_568' title='bbox 857 2626 976 2661; x_wconf 74' lang='grc' dir='ltr'>σωθῆναι</span> 
     </span>
    </p>
   </div>
   <div class='ocr_carea' id='block_1_98' title="bbox 184 2671 503 2706">
    <p class='ocr_par' dir='ltr' id='par_1_98' title="bbox 184 2671 503 2706">
     <span class='ocr_line' id='line_1_99' title="bbox 184 2671 503 2706; baseline 0.006 -10"><span class='ocrx_word' id='word_1_569' title='bbox 184 2671 247 2701; x_wconf 73' lang='grc' dir='ltr'>τοὺς</span> <span class='ocrx_word' id='word_1_570' title='bbox 263 2679 292 2697; x_wconf 89' lang='grc' dir='ltr'><strong>σε</strong></span> <span class='ocrx_word' id='word_1_571' title='bbox 309 2671 503 2706; x_wconf 81' lang='grc' dir='ltr'>ἀνυμνοῦντας.</span> 
     </span>
    </p>
   </div>
   <div class='ocr_carea' id='block_1_99' title="bbox 222 2715 976 2751">
    <p class='ocr_par' dir='ltr' id='par_1_99' title="bbox 222 2715 976 2751">
     <span class='ocr_line' id='line_1_100' title="bbox 222 2715 976 2751; baseline 0.007 -10"><span class='ocrx_word' id='word_1_572' title='bbox 222 2715 267 2750; x_wconf 86' lang='grc' dir='ltr'>Τῷ</span> <span class='ocrx_word' id='word_1_573' title='bbox 289 2716 359 2751; x_wconf 77' lang='grc' dir='ltr'><strong>ξένῳ</strong></span> <span class='ocrx_word' id='word_1_574' title='bbox 377 2725 423 2743; x_wconf 82' lang='grc' dir='ltr'><strong>σου</strong></span> <span class='ocrx_word' id='word_1_575' title='bbox 438 2717 511 2751; x_wconf 85' lang='grc' dir='ltr'><strong>τόκῳ</strong></span> <span class='ocrx_word' id='word_1_576' title='bbox 523 2716 587 2748; x_wconf 74' lang='grc' dir='ltr'>τοὺς</span> <span class='ocrx_word' id='word_1_577' title='bbox 600 2716 633 2743; x_wconf 81' lang='grc' dir='ltr'>ἐκ</span> <span class='ocrx_word' id='word_1_578' title='bbox 646 2716 713 2744; x_wconf 87' lang='grc' dir='ltr'>Θεοῦ</span> <span class='ocrx_word' id='word_1_579' title='bbox 727 2717 934 2751; x_wconf 79' lang='grc' dir='ltr'>ξενιτεύσαντας</span> <span class='ocrx_word' id='word_1_580' title='bbox 947 2719 976 2746; x_wconf 83' lang='grc' dir='ltr'>ἐν</span> 
     </span>
    </p>
   </div>
   <div class='ocr_carea' id='block_1_100' title="bbox 186 2761 975 2800">
    <p class='ocr_par' dir='ltr' id='par_1_100' title="bbox 186 2761 975 2800">
     <span class='ocr_line' id='line_1_101' title="bbox 186 2761 975 2800; baseline 0.004 -12"><span class='ocrx_word' id='word_1_581' title='bbox 186 2761 260 2797; x_wconf 81' lang='grc' dir='ltr'><strong>αὺτῷ</strong></span> <span class='ocrx_word' id='word_1_582' title='bbox 274 2762 417 2793; x_wconf 77' lang='grc' dir='ltr'><strong>οἱκειώσω,</strong></span> <span class='ocrx_word' id='word_1_583' title='bbox 439 2762 610 2798; x_wconf 83' lang='grc' dir='ltr'>πανύμνητε,</span> <span class='ocrx_word' id='word_1_584' title='bbox 623 2762 685 2789; x_wconf 81' lang='grc' dir='ltr'>ὅθεν</span> <span class='ocrx_word' id='word_1_585' title='bbox 712 2772 741 2790; x_wconf 87' lang='grc' dir='ltr'><strong>σε</strong></span> <span class='ocrx_word' id='word_1_586' title='bbox 767 2765 975 2800; x_wconf 79' lang='grc' dir='ltr'>μεγαλοφρόνως</span> 
     </span>
    </p>
   </div>
   <div class='ocr_carea' id='block_1_101' title="bbox 187 2807 975 2845">
    <p class='ocr_par' dir='ltr' id='par_1_101' title="bbox 187 2807 975 2845">
     <span class='ocr_line' id='line_1_102' title="bbox 187 2807 975 2845; baseline 0.005 -11"><span class='ocrx_word' id='word_1_587' title='bbox 187 2807 277 2834; x_wconf 77' lang='grc' dir='ltr'>πίστει</span> <span class='ocrx_word' id='word_1_588' title='bbox 290 2808 449 2843; x_wconf 76' lang='grc' dir='ltr'>δοξάζομεν,</span> <span class='ocrx_word' id='word_1_589' title='bbox 464 2808 511 2835; x_wconf 82' lang='grc' dir='ltr'><strong>καὶ</strong></span> <span class='ocrx_word' id='word_1_590' title='bbox 527 2809 737 2844; x_wconf 71' lang='grc' dir='ltr'>κραυγάζομεν·</span> <span class='ocrx_word' id='word_1_591' title='bbox 755 2811 851 2845; x_wconf 71' lang='grc' dir='ltr'>Χαῖρε,</span> <span class='ocrx_word' id='word_1_592' title='bbox 866 2811 975 2838; x_wconf 79' lang='grc' dir='ltr'>πάντων</span> 
     </span>
    </p>
   </div>
   <div class='ocr_carea' id='block_1_102' title="bbox 185 2853 525 2889">
    <p class='ocr_par' dir='ltr' id='par_1_102' title="bbox 185 2853 525 2889">
     <span class='ocr_line' id='line_1_103' title="bbox 185 2853 525 2889; baseline -0.003 -8"><span class='ocrx_word' id='word_1_593' title='bbox 185 2853 309 2889; x_wconf 82' lang='grc' dir='ltr'>γηγενῶν</span> <span class='ocrx_word' id='word_1_594' title='bbox 322 2854 353 2881; x_wconf 86' lang='grc' dir='ltr'>τδ</span> <span class='ocrx_word' id='word_1_595' title='bbox 371 2854 525 2889; x_wconf 76' lang='grc' dir='ltr'>διάσωσμα.</span> 
     </span>
    </p>
   </div>
   <div class='ocr_carea' id='block_1_103' title="bbox 329 2945 615 2977">
    <p class='ocr_par' dir='ltr' id='par_1_103' title="bbox 329 2945 615 2977">
     <span class='ocr_line' id='line_1_104' title="bbox 329 2945 615 2977; baseline 0 -1"><span class='ocrx_word' id='word_1_596' title='bbox 329 2946 465 2977; x_wconf 75' lang='grc' dir='ltr'>Ρηιιοι.</span> <span class='ocrx_word' id='word_1_597' title='bbox 480 2945 538 2977; x_wconf 82' lang='lat' dir='ltr'><strong>Gn.</strong></span> <span class='ocrx_word' id='word_1_598' title='bbox 554 2946 615 2977; x_wconf 83' lang='lat' dir='ltr'><strong>CV.</strong></span> 
     </span>
    </p>
   </div>
   <div class='ocr_carea' id='block_1_104' title="bbox 1287 2303 1568 2337">
    <p class='ocr_par' dir='ltr' id='par_1_104' title="bbox 1287 2303 1568 2337">
     <span class='ocr_line' id='line_1_105' title="bbox 1287 2303 1568 2337; baseline 0.004 -8"><span class='ocrx_word' id='word_1_599' title='bbox 1287 2303 1344 2337; x_wconf 71' lang='lat' dir='ltr'><strong>ejus</strong></span> <span class='ocrx_word' id='word_1_600' title='bbox 1362 2308 1455 2335; x_wconf 83' lang='lat' dir='ltr'><strong>mart.,</strong></span> <span class='ocrx_word' id='word_1_601' title='bbox 1467 2304 1509 2330; x_wconf 80' lang='lat' dir='ltr'><strong>die</strong></span> <span class='ocrx_word' id='word_1_602' title='bbox 1524 2303 1568 2330; x_wconf 81' lang='lat'><strong>50.</strong></span> 
     </span>
    </p>
   </div>
   <div class='ocr_carea' id='block_1_105' title="bbox 1067 2393 1822 2428">
    <p class='ocr_par' dir='ltr' id='par_1_105' title="bbox 1067 2393 1822 2428">
     <span class='ocr_line' id='line_1_106' title="bbox 1067 2393 1822 2428; baseline 0.001 -7"><span class='ocrx_word' id='word_1_603' title='bbox 1067 2393 1158 2428; x_wconf 76' lang='lat' dir='ltr'><strong>Salve,</strong></span> <span class='ocrx_word' id='word_1_604' title='bbox 1171 2401 1187 2421; x_wconf 91' lang='grc' dir='ltr'><strong>ο</strong></span> <span class='ocrx_word' id='word_1_605' title='bbox 1203 2394 1334 2428; x_wconf 87' lang='lat' dir='ltr'><strong>templum</strong></span> <span class='ocrx_word' id='word_1_606' title='bbox 1351 2393 1574 2428; x_wconf 73' lang='lat' dir='ltr'><strong>sanctissimum,</strong></span> <span class='ocrx_word' id='word_1_607' title='bbox 1590 2401 1607 2420; x_wconf 93' lang='grc' dir='ltr'><strong>ο</strong></span> <span class='ocrx_word' id='word_1_608' title='bbox 1629 2394 1716 2422; x_wconf 88' lang='lat' dir='ltr'><strong>vellus</strong></span> <span class='ocrx_word' id='word_1_609' title='bbox 1729 2395 1822 2422; x_wconf 67' lang='lat' dir='ltr'><strong>divino</strong></span> 
     </span>
    </p>
   </div>
   <div class='ocr_carea' id='block_1_106' title="bbox 1031 2439 1820 2475">
    <p class='ocr_par' dir='ltr' id='par_1_106' title="bbox 1031 2439 1820 2475">
     <span class='ocr_line' id='line_1_107' title="bbox 1031 2439 1820 2475; baseline 0.003 -9"><span class='ocrx_word' id='word_1_610' title='bbox 1031 2448 1093 2468; x_wconf 89' lang='lat' dir='ltr'><strong>rore</strong></span> <span class='ocrx_word' id='word_1_611' title='bbox 1106 2439 1261 2475; x_wconf 80' lang='lat' dir='ltr'><strong>perfusum,</strong></span> <span class='ocrx_word' id='word_1_612' title='bbox 1279 2447 1296 2467; x_wconf 92' lang='grc' dir='ltr'><strong>ο</strong></span> <span class='ocrx_word' id='word_1_613' title='bbox 1314 2440 1376 2467; x_wconf 81' lang='lat' dir='ltr'><strong>fons</strong></span> <span class='ocrx_word' id='word_1_614' title='bbox 1387 2440 1512 2475; x_wconf 77' lang='lat' dir='ltr'><strong>signatus</strong></span> <span class='ocrx_word' id='word_1_615' title='bbox 1526 2440 1690 2468; x_wconf 84' lang='lat' dir='ltr'><strong>immortalis</strong></span> <span class='ocrx_word' id='word_1_616' title='bbox 1705 2440 1797 2468; x_wconf 81' lang='lat' dir='ltr'><strong>ﬂuenti</strong></span> <span class='ocrx_word' id='word_1_617' title='bbox 1813 2450 1820 2468; x_wconf 93' lang='lat'><strong>:</strong></span> 
     </span>
    </p>
   </div>
   <div class='ocr_carea' id='block_1_107' title="bbox 1030 2485 1824 2522">
    <p class='ocr_par' dir='ltr' id='par_1_107' title="bbox 1030 2485 1824 2522">
     <span class='ocr_line' id='line_1_108' title="bbox 1030 2485 1824 2522; baseline 0.001 -9"><span class='ocrx_word' id='word_1_618' title='bbox 1030 2486 1151 2519; x_wconf 85' lang='lat' dir='ltr'><strong>custodi,</strong></span> <span class='ocrx_word' id='word_1_619' title='bbox 1170 2485 1295 2519; x_wconf 86' lang='lat' dir='ltr'><strong>Domina,</strong></span> <span class='ocrx_word' id='word_1_620' title='bbox 1309 2494 1418 2522; x_wconf 73' lang='lat' dir='ltr'><strong>gregem</strong></span> <span class='ocrx_word' id='word_1_621' title='bbox 1435 2490 1526 2520; x_wconf 84' lang='lat' dir='ltr'><strong>tuum,</strong></span> <span class='ocrx_word' id='word_1_622' title='bbox 1542 2487 1579 2514; x_wconf 88' lang='lat' dir='ltr'><strong>ita</strong></span> <span class='ocrx_word' id='word_1_623' title='bbox 1599 2491 1628 2514; x_wconf 81' lang='lat' dir='ltr'><strong>ut</strong></span> <span class='ocrx_word' id='word_1_624' title='bbox 1642 2494 1657 2514; x_wconf 84' lang='lat' dir='ltr'><strong>a</strong></span> <span class='ocrx_word' id='word_1_625' title='bbox 1671 2487 1755 2514; x_wconf 79' lang='lat' dir='ltr'><strong>nullis</strong></span> <span class='ocrx_word' id='word_1_626' title='bbox 1773 2488 1824 2514; x_wconf 81' lang='lat' dir='ltr'><strong>lto-</strong></span> 
     </span>
    </p>
   </div>
   <div class='ocr_carea' id='block_1_108' title="bbox 1030 2533 1310 2568">
    <p class='ocr_par' dir='ltr' id='par_1_108' title="bbox 1030 2533 1310 2568">
     <span class='ocr_line' id='line_1_109' title="bbox 1030 2533 1310 2568; baseline 0.004 -9"><span class='ocrx_word' id='word_1_627' title='bbox 1030 2533 1118 2560; x_wconf 85' lang='lat' dir='ltr'><strong>stibus</strong></span> <span class='ocrx_word' id='word_1_628' title='bbox 1129 2538 1310 2568; x_wconf 69' lang='lat' dir='ltr'><strong>expugnetur.</strong></span> 
     </span>
    </p>
   </div>
   <div class='ocr_carea' id='block_1_109' title="bbox 1069 2577 1823 2614">
    <p class='ocr_par' dir='ltr' id='par_1_109' title="bbox 1069 2577 1823 2614">
     <span class='ocr_line' id='line_1_110' title="bbox 1069 2577 1823 2614; baseline -0.003 -8"><span class='ocrx_word' id='word_1_629' title='bbox 1069 2577 1158 2606; x_wconf 90' lang='lat' dir='ltr'><strong>Unum</strong></span> <span class='ocrx_word' id='word_1_630' title='bbox 1176 2577 1320 2606; x_wconf 82' lang='lat' dir='ltr'><strong>Trinitatis</strong></span> <span class='ocrx_word' id='word_1_631' title='bbox 1342 2579 1482 2614; x_wconf 77' lang='lat' dir='ltr'><strong>peperisti,</strong></span> <span class='ocrx_word' id='word_1_632' title='bbox 1512 2587 1529 2606; x_wconf 92' lang='grc' dir='ltr'><strong>ο</strong></span> <span class='ocrx_word' id='word_1_633' title='bbox 1547 2579 1720 2607; x_wconf 84' lang='lat' dir='ltr'><strong>sanctissima</strong></span> <span class='ocrx_word' id='word_1_634' title='bbox 1739 2579 1823 2606; x_wconf 73' lang='lat' dir='ltr'><strong>llatt-r</strong></span> 
     </span>
    </p>
   </div>
   <div class='ocr_carea' id='block_1_110' title="bbox 1033 2623 1823 2662">
    <p class='ocr_par' dir='ltr' id='par_1_110' title="bbox 1033 2623 1823 2662">
     <span class='ocr_line' id='line_1_111' title="bbox 1033 2623 1823 2662; baseline 0.003 -12"><span class='ocrx_word' id='word_1_635' title='bbox 1033 2623 1125 2658; x_wconf 72' lang='lat' dir='ltr'><strong>Virgo,</strong></span> <span class='ocrx_word' id='word_1_636' title='bbox 1142 2625 1262 2652; x_wconf 85' lang='lat' dir='ltr'><strong>humana</strong></span> <span class='ocrx_word' id='word_1_637' title='bbox 1287 2632 1384 2653; x_wconf 85' lang='lat' dir='ltr'><strong>natura</strong></span> <span class='ocrx_word' id='word_1_638' title='bbox 1413 2626 1650 2662; x_wconf 89' lang='lat' dir='ltr'><strong>indutum;quem</strong></span> <span class='ocrx_word' id='word_1_639' title='bbox 1675 2627 1823 2660; x_wconf 81' lang='lat' dir='ltr'><strong>deprecare</strong></span> 
     </span>
    </p>
   </div>
   <div class='ocr_carea' id='block_1_111' title="bbox 1030 2671 1427 2705">
    <p class='ocr_par' dir='ltr' id='par_1_111' title="bbox 1030 2671 1427 2705">
     <span class='ocr_line' id='line_1_112' title="bbox 1030 2671 1427 2705; baseline 0.005 -8"><span class='ocrx_word' id='word_1_640' title='bbox 1030 2678 1081 2705; x_wconf 94' lang='lat' dir='ltr'><strong>pro</strong></span> <span class='ocrx_word' id='word_1_641' title='bbox 1099 2671 1188 2698; x_wconf 84' lang='lat' dir='ltr'><strong>salute</strong></span> <span class='ocrx_word' id='word_1_642' title='bbox 1204 2671 1374 2699; x_wconf 85' lang='lat' dir='ltr'><strong>laudantium</strong></span> <span class='ocrx_word' id='word_1_643' title='bbox 1391 2677 1427 2699; x_wconf 90' lang='lat' dir='ltr'><strong>te.</strong></span> 
     </span>
    </p>
   </div>
   <div class='ocr_carea' id='block_1_112' title="bbox 1064 2717 1821 2754">
    <p class='ocr_par' dir='ltr' id='par_1_112' title="bbox 1064 2717 1821 2754">
     <span class='ocr_line' id='line_1_113' title="bbox 1064 2717 1821 2754; baseline 0 -10"><span class='ocrx_word' id='word_1_644' title='bbox 1064 2717 1148 2744; x_wconf 83' lang='lat' dir='ltr'><strong>Partu</strong></span> <span class='ocrx_word' id='word_1_645' title='bbox 1170 2721 1217 2744; x_wconf 92' lang='lat' dir='ltr'><strong>tuo</strong></span> <span class='ocrx_word' id='word_1_646' title='bbox 1237 2718 1382 2753; x_wconf 79' lang='lat' dir='ltr'><strong>peregrino</strong></span> <span class='ocrx_word' id='word_1_647' title='bbox 1411 2726 1469 2751; x_wconf 84' lang='lat' dir='ltr'><strong>eos,</strong></span> <span class='ocrx_word' id='word_1_648' title='bbox 1486 2718 1533 2754; x_wconf 85' lang='lat' dir='ltr'><strong>qui</strong></span> <span class='ocrx_word' id='word_1_649' title='bbox 1564 2726 1578 2745; x_wconf 90' lang='lat' dir='ltr'><strong>a</strong></span> <span class='ocrx_word' id='word_1_650' title='bbox 1609 2718 1664 2745; x_wconf 86' lang='lat' dir='ltr'><strong>Deo</strong></span> <span class='ocrx_word' id='word_1_651' title='bbox 1684 2718 1821 2752; x_wconf 72' lang='lat' dir='ltr'><strong>peregrini</strong></span> 
     </span>
    </p>
   </div>
   <div class='ocr_carea' id='block_1_113' title="bbox 1028 2762 1821 2796">
    <p class='ocr_par' dir='ltr' id='par_1_113' title="bbox 1028 2762 1821 2796">
     <span class='ocr_line' id='line_1_114' title="bbox 1028 2762 1821 2796; baseline 0.001 -7"><span class='ocrx_word' id='word_1_652' title='bbox 1028 2762 1093 2790; x_wconf 82' lang='lat' dir='ltr'><strong>facti</strong></span> <span class='ocrx_word' id='word_1_653' title='bbox 1108 2767 1197 2795; x_wconf 88' lang='lat' dir='ltr'><strong>erant,</strong></span> <span class='ocrx_word' id='word_1_654' title='bbox 1224 2764 1312 2791; x_wconf 83' lang='lat' dir='ltr'><strong>cidem</strong></span> <span class='ocrx_word' id='word_1_655' title='bbox 1335 2765 1499 2792; x_wconf 84' lang='lat' dir='ltr'><strong>domesticos</strong></span> <span class='ocrx_word' id='word_1_656' title='bbox 1518 2764 1678 2796; x_wconf 81' lang='lat' dir='ltr'><strong>reddidisti,</strong></span> <span class='ocrx_word' id='word_1_657' title='bbox 1701 2771 1718 2790; x_wconf 87' lang='grc' dir='ltr'>ο</span> <span class='ocrx_word' id='word_1_658' title='bbox 1747 2765 1821 2791; x_wconf 90' lang='lat' dir='ltr'><strong>omni</strong></span> 
     </span>
    </p>
   </div>
   <div class='ocr_carea' id='block_1_114' title="bbox 1028 2808 1821 2845">
    <p class='ocr_par' dir='ltr' id='par_1_114' title="bbox 1028 2808 1821 2845">
     <span class='ocr_line' id='line_1_115' title="bbox 1028 2808 1821 2845; baseline 0.003 -10"><span class='ocrx_word' id='word_1_659' title='bbox 1028 2809 1109 2836; x_wconf 90' lang='lat' dir='ltr'><strong>laude</strong></span> <span class='ocrx_word' id='word_1_660' title='bbox 1132 2808 1303 2844; x_wconf 78' lang='lat' dir='ltr'><strong>dignissima.</strong></span> <span class='ocrx_word' id='word_1_661' title='bbox 1337 2810 1414 2839; x_wconf 91' lang='lat' dir='ltr'><strong>Unde</strong></span> <span class='ocrx_word' id='word_1_662' title='bbox 1433 2817 1458 2839; x_wconf 88' lang='lat' dir='ltr'><strong>te</strong></span> <span class='ocrx_word' id='word_1_663' title='bbox 1480 2819 1578 2845; x_wconf 81' lang='lat' dir='ltr'><strong>magna</strong></span> <span class='ocrx_word' id='word_1_664' title='bbox 1598 2818 1665 2838; x_wconf 89' lang='lat' dir='ltr'><strong>voce</strong></span> <span class='ocrx_word' id='word_1_665' title='bbox 1683 2818 1745 2838; x_wconf 77' lang='lat' dir='ltr'><strong>cum</strong></span> <span class='ocrx_word' id='word_1_666' title='bbox 1770 2810 1821 2837; x_wconf 89' lang='lat' dir='ltr'><strong>tide</strong></span> 
     </span>
    </p>
   </div>
   <div class='ocr_carea' id='block_1_115' title="bbox 1027 2854 1823 2892">
    <p class='ocr_par' dir='ltr' id='par_1_115' title="bbox 1027 2854 1823 2892">
     <span class='ocr_line' id='line_1_116' title="bbox 1027 2854 1823 2892; baseline 0.003 -11"><span class='ocrx_word' id='word_1_667' title='bbox 1027 2854 1228 2890; x_wconf 74' lang='lat' dir='ltr'><strong>glorificamus,</strong></span> <span class='ocrx_word' id='word_1_668' title='bbox 1242 2856 1394 2885; x_wconf 81' lang='lat' dir='ltr'><strong>clamantes</strong></span> <span class='ocrx_word' id='word_1_669' title='bbox 1409 2866 1416 2883; x_wconf 73' lang='grc' dir='ltr'>ε</span> <span class='ocrx_word' id='word_1_670' title='bbox 1434 2857 1526 2890; x_wconf 86' lang='lat' dir='ltr'><strong>Salve,</strong></span> <span class='ocrx_word' id='word_1_671' title='bbox 1537 2864 1554 2884; x_wconf 91' lang='grc' dir='ltr'><strong>ο</strong></span> <span class='ocrx_word' id='word_1_672' title='bbox 1564 2856 1688 2884; x_wconf 90' lang='lat' dir='ltr'><strong>omnium</strong></span> <span class='ocrx_word' id='word_1_673' title='bbox 1709 2856 1823 2892; x_wconf 83' lang='lat' dir='ltr'><strong>terrige-</strong></span> 
     </span>
    </p>
   </div>
   <div class='ocr_carea' id='block_1_116' title="bbox 1027 2902 1226 2930">
    <p class='ocr_par' dir='ltr' id='par_1_116' title="bbox 1027 2902 1226 2930">
     <span class='ocr_line' id='line_1_117' title="bbox 1027 2902 1226 2930; baseline 0.005 -1"><span class='ocrx_word' id='word_1_674' title='bbox 1027 2909 1124 2929; x_wconf 91' lang='lat' dir='ltr'><strong>narum</strong></span> <span class='ocrx_word' id='word_1_675' title='bbox 1141 2902 1226 2930; x_wconf 89' lang='lat' dir='ltr'><strong>salus.</strong></span> 
     </span>
    </p>
   </div>
   <div class='ocr_carea' id='block_1_117' title="bbox 1603 2949 1642 2980">
    <p class='ocr_par' dir='ltr' id='par_1_117' title="bbox 1603 2949 1642 2980">
     <span class='ocr_line' id='line_1_118' title="bbox 1603 2949 1642 2980; baseline 0.026 -1"><span class='ocrx_word' id='word_1_676' title='bbox 1603 2949 1642 2980; x_wconf 80' lang='lat'><strong>39</strong></span> 
     </span>
    </p>
   </div>
  </div>
