2069 3159
262 150 327 183 1227

259 257 445 289 immaculata,
471 261 499 284 et
512 257 546 284 ad
568 260 594 284 te
612 256 760 289 vocifcror,
776 261 806 283 ιιι
819 257 986 285 mediatione
1002 263 1047 285 tua

258 310 304 330 me
316 302 416 330 abillis
431 302 549 329 allerare
570 301 691 336 digneris
709 308 716 327 :
732 305 759 327 tu
785 302 859 328 enim
880 309 910 329 es
932 302 1050 336 gloriosa

259 352 432 383 peccatorum
459 354 585 383 patrona,
610 356 670 382 qua:
701 346 912 382 liedenrptorcm
932 356 964 376 ac
984 349 1050 376 Sal-

258 400 378 422 valorem
393 395 533 429 peperisti.

295 449 452 486 Speciosam
470 451 553 478 redde
572 452 693 480 animam
716 461 818 486 meam,
837 461 854 480 o
880 453 974 488 Virgo,
989 461 1050 488 pas-

261 497 372 524 sionum
392 496 516 524 fmditate
539 497 733 532 deformatam,
760 505 786 526 et
800 499 874 526 muni
891 504 940 527 co’r
958 508 1048 527 meum

258 544 390 570 miserum
404 551 476 571 vera:
491 544 657 578 pmnilentia:
669 545 893 580 cogitationibus.
904 550 930 572 et
943 545 1049 573 salvum

262 597 305 616 me
320 590 372 622 fac,
389 597 405 616 ο
418 595 504 623 casta,
519 590 566 625 qui
584 590 618 617 ad
633 595 659 618 te
679 596 838 620 constanter
852 597 935 627 atque
949 593 1050 620 immo-

261 637 352 663 bilitcr
367 635 508 671 confugio.

291 691 381 720 Locus
400 692 628 722 sanctificationis
647 693 716 721 facta
735 701 775 726 es,
795 702 811 721 ο
832 693 927 728 Virgo,
945 701 977 720 ex
994 701 1049 728 quo

257 738 330 766 Deus
347 739 475 773 apparuit
495 740 672 767 sanctificans
686 747 747 770 nos.
765 740 812 775 qui
829 748 891 768 cum
909 740 960 767 lide
982 747 1049 767 con-

256 785 375 812 einimus
393 794 400 813 :
421 784 596 819 Benedictus,
623 794 640 814 o
658 787 823 820 castissima,
852 787 959 814 fruetus
987 794 1051 813 ven-

257 832 307 860 tris
321 831 371 859 tui.

292 877 452 911 ﬂacemum,
468 884 549 912 quem
566 877 640 905 trulla
650 878 777 914 agricolm
794 886 894 906 manus
909 878 1046 911 excoluit,
1066 893 1086 920 Β

256 928 284 951 et
297 930 330 950 ex
342 931 397 958 quo
414 923 589 959 indulgentiae
608 924 702 952 vinum
720 924 843 957 efﬂuxit,
872 931 935 951 cum
952 931 1050 952 concc-

257 969 341 1004 peris,
370 975 386 996 o
403 967 486 1003 Virgo
502 967 600 1002 Mater,
623 976 639 997 ο
663 969 840 1004 passionibus
854 968 1004 1003 ebrietatis,
1027 974 1052 997 te

258 1022 364 1049 precor,
380 1013 464 1041 libera
483 1021 536 1041 me.

292 1059 432 1091 lllumina,
445 1067 549 1095 quaeso,
564 1065 666 1095 operta
678 1060 759 1094 lucis,
768 1060 864 1089 oculos
880 1061 972 1089 cordis
986 1061 1050 1094 mei,

257 1106 337 1141 207
359 1106 454 1140 procul
475 1106 611 1141 repellens
632 1106 866 1141 profundissimas
891 1107 996 1144 peccati
1012 1111 1052 1134 te-

259 1153 361 1179 nebras
374 1160 406 1180 ex
424 1151 526 1179 infelici
543 1152 636 1179 anima
651 1160 730 1186 mea;
757 1157 786 1180 ut
815 1157 841 1181 te
866 1153 1050 1189 magnilicem,

258 1205 339 1233 tuque
357 1206 419 1226 cum
440 1198 538 1226 all‘eclu
568 1198 721 1226 collaudem
745 1199 821 1227 omni
846 1199 927 1227 laude
945 1198 1051 1234 dignis-

257 1251 366 1271 simam.

259 1321 301 1348 Ex
313 1321 420 1358 Catiane
429 1321 528 1358 duplici
539 1322 565 1348 in
576 1321 641 1356 {esto
655 1321 706 1349 SS.
719 1321 904 1358 Apostolorum
916 1321 1049 1358 Slat/tyis,

293 1357 428 1391 Ampliw,
451 1356 571 1387 Urbani,
610 1357 773 1390 Ariuoboti,
807 1362 831 1384 et
856 1356 1007 1391 Narcissi,‘
1026 1363 1051 1385 et

294 1393 325 1419 S.
342 1391 479 1427 Epimachi
492 1397 650 1428 martyrum,
664 1393 707 1419 die
722 1393 766 1420 51.

293 1501 412 1530 Montem
441 1502 488 1530 Dei
507 1503 709 1532 lucidissitnum
722 1525 730 1538 ,
754 1513 846 1533 aream
865 1510 1002 1538 sanctam,
1018 1513 1052 1534 ac

827 150 859 182 S.
879 151 1037 182 JOSEPIII
1055 152 1338 184 IIYMNOGRAPHI

293 210 375 238 Gravi
408 214 584 246 peccatorum
607 208 715 237 sarcina
737 216 845 244 semper
862 210 1014 245 opprimor,
1037 219 1054 238 ο
1068 215 1090 243 Α

1821 155 1889 187 123$

1145 212 1298 248 Ἀμαρτίας
1326 213 1425 249 βαρείᾳ
1448 214 1564 240 πάντοτε
1593 213 1754 250 περίκειμαι
1787 215 1896 252 φορτία,

1102 260 1230 295 ἄχραντε,
1243 261 1288 287 καὶ
1301 261 1355 296 βοῶ
1367 270 1420 295 σοι,
1437 261 1540 288 τούτων
1551 262 1676 298 μεσιτείᾳ
1689 272 1723 297 με
1735 263 1893 298 ἐλάφρυνον·

1103 307 1134 332 σὺ
1145 308 1200 342 γὰρ
1217 304 1243 333 εἴ
1266 308 1417 343 προστάτις
1432 308 1605 343 ἁμαρτωλῶν
1627 308 1823 344 δεδοξασμένῃ,
1849 310 1897 336 λυ-

1100 352 1209 388 τρωτὴν
1225 353 1273 379 καὶ
1287 354 1403 389 Σωτῆρα
1420 353 1559 389 κυήσασα.

1142 451 1291 488 Ὠραίωσον
1319 454 1369 490 τὴν
1403 454 1493 490 ψυχήν
1519 463 1582 490 μου,
1610 455 1744 489 Παρθένε,
1772 455 1898 491 ἀμορφία

1099 497 1154 524 τῶν
1181 498 1276 525 παθῶν
1306 500 1513 534 κρατουμένην,
1537 500 1585 526 καὶ
1601 499 1749 535 ’λογισμοῖς
1779 500 1897 535 ἀληθοῦς

1102 543 1247 574 μετανοίας
1263 540 1312 576 τὴν
1341 542 1474 576 ταπεινήν
1491 550 1542 577 μου
1558 542 1671 577 καρδίαν
1682 542 1832 578 ὀχύρωσον,
1850 543 1898 569 καὶ

1102 587 1188 614 σῶσόν
1212 596 1246 623 με
1265 588 1311 614 τὸν
1334 588 1380 614 ἐπὶ
1395 589 1437 614 σοὶ
1455 588 1635 620 ἀδιστάκτως.
1656 588 1738 624 ἁγνὴ,
1759 588 1888 623 καταφεύ

1100 641 1192 667 γοντα.

1136 689 1235 723 Τόπος,
1267 689 1401 725 Παρθένε,
1431 690 1590 726 ἁνεδείχθης
1610 690 1794 726 ἁγιάσματος,
1813 691 1844 723 ἐξ
1866 688 1899 718 οὖ

1101 735 1167 767 Θεὸς
1177 735 1276 771 ἐφάνη,
1288 736 1410 770 ἁγιάζων
1422 737 1437 771 ὴ
1442 737 1495 771 μᾶς
1510 737 1572 767 τοὺς
1586 737 1677 763 πίστει
1693 736 1879 772 μελῳδοῦντας
1889 745 1897 752 ·

1102 782 1301 818 Εὐλογημένος,
1320 783 1442 817 πάναγνε
1480 784 1495 810 ὁ
1511 783 1618 818 καρπδς
1635 783 1684 818 τῆς
1704 784 1755 818 σῆς
1781 782 1899 814 κοιλίας.

1138 876 1191 902 Τὸν
1210 875 1388 911 ἀγεώργητον
1423 877 1524 913 βότρυν
1549 877 1731 909 συλλαϐοῦσα,
1754 878 1900 912 ἀναπηγά-

1103 920 1183 952 ζοντα
1196 919 1279 954 οἶνον,
1293 921 1520 958 ῐΙαρΟενομῆτορ,
1533 923 1670 957 ἀφέσεως,
1683 922 1738 948 τῶν
1751 921 1846 949 παθῶν
1861 931 1896 957 με

1103 966 1152 1001 τῆς
1173 965 1259 1002 μέθης
1271 966 1439 999 ἀπάλλαξον,
1453 967 1562 1003 δέομαι.

1137 1059 1265 1092 Φὼτισον,
1282 1059 1353 1096 πύλη
1382 1059 1429 1086 τοῦ
1449 1060 1549 1095 φωτὸς,
1572 1060 1623 1095 τῆς
1643 1059 1759 1095 καρδίας
1780 1068 1832 1094 μου
1863 1060 1900 1087 τὰ

1102 1105 1225 1141 δμματα,
1247 1105 1357 1140 δέομαι,
1379 1106 1491 1141 μακρὰν
1521 1105 1670 1132 ἐλαύνουσα
1691 1105 1741 1141 τῆς
1760 1105 1900 1140 ἁμαρτίας

1103 1151 1198 1183 σκότος
1215 1151 1366 1186 βαθύτατον
1381 1152 1413 1179 ὲκ
1427 1153 1477 1188 τῆς
1490 1152 1585 1185 ἀθλίας
1602 1161 1654 1188 μου
1670 1152 1771 1188 ψυχῆς,
1788 1152 1833 1178 ἵνα
1849 1159 1900 1186 μι-

1102 1197 1211 1233 γαλύνω
1225 1207 1266 1230 σε,
1280 1198 1323 1225 ἶνα
1343 1198 1420 1233 πόθῳ
1434 1207 1464 1225 σε
1479 1199 1557 1233 ὑμνῶ
1571 1201 1622 1234 τὴν
1635 1198 1823 1234 πανύμνητον.

1109 1323 1160 1350 Ἐκ
1184 1323 1238 1351 τοῦ
1265 1324 1401 1357 Κανόνος
1420 1325 1465 1358 εις
1486 1324 1558 1357 τοὺς
1576 1324 1681 1358 ἁγίους
1705 1323 1900 1356 ἀποστόλους

1138 1359 1269 1394 Στάχυα.
1308 1359 1463 1394 Ἁμπλίαν,
1488 1360 1653 1394 Οὐρϐανὸν,
1680 1358 1898 1392 Ἀριστόεολον,

1136 1394 1322 1462 Ιῖάέκισρ-ον,
1334 1393 1390 1421 οιαὶ
1404 1395 1459 1421 τὸν
1475 1394 1562 1430 ἅγιον
1573 1393 1709 1428 μάρτυρα
1719 1393 1898 1428 Ἐπίμαχον,

1138 1437 1149 1455 1
1158 1438 1178 1464 μ
1193 1437 1233 1463 ρςι
1267 1438 1284 1455 α
1296 1450 1303 1457 .

1137 1506 1174 1533 Τὸ
1182 1507 1330 1543 περιφανὲς
1339 1507 1401 1543 ὅρος
1412 1507 1491 1541 Θεοῦ,
1500 1506 1551 1542 τὴν
1560 1506 1677 1534 κιόωιδν
1687 1505 1737 1541 τὴν
1746 1505 1840 1540 ἁγίαν,
1849 1505 1898 1532 καὶ

254 1557 393 1582 mensam,
411 1557 508 1577 urnam
533 1553 618 1578 totam
646 1559 769 1583 auream,
787 1552 919 1579 mundum
938 1551 984 1580 Dei
1002 1561 1049 1588 pa-

1102 1548 1251 1590 τράπεζαν,
1273 1555 1394 1591 στάμνον
1409 1563 1438 1582 τε
1457 1554 1627 1590 πάγχρυσον,
1645 1554 1676 1581 τὸ
1704 1553 1824 1589 καθαρὸν
1846 1552 1895 1580 τοῦ

258 1596 366 1628 latium,
381 1595 554 1624 benedictum
573 1596 644 1625 inter
655 1598 785 1625 mulieres
799 1598 996 1627 beatificemus.

293 1684 415 1711 Cantabo
429 1684 489 1717 tibi,
510 1684 627 1713 Domine
644 1685 715 1713 Deus
737 1687 974 1721 meus;quouiam
990 1687 1050 1715 sine

256 1729 362 1757 semine
378 1737 412 1757 ex
427 1734 505 1757 utero
525 1730 646 1765 Virginis
657 1736 738 1759 natus
749 1739 790 1764 es,
810 1740 856 1766 per
872 1740 955 1767 quam
967 1735 1050 1762 etiam

258 1776 348 1803 salvas
364 1776 507 1803 universos
526 1781 654 1812 tanquam
682 1777 768 1806 multa
787 1779 920 1813 przeditus
936 1780 1052 1808 miseri-

255 1821 362 1849 cordia.

294 1867 445 1895 Thalamus
473 1868 577 1896 Christi
597 1868 740 1904 luciferus,
759 1878 791 1898 ac
816 1871 933 1901 thronus
948 1873 1052 1901 altissi-

254 1922 320 1941 mus
329 1913 399 1941 facta
415 1922 455 1948 es,
468 1922 485 1942 o
501 1914 547 1942 Dei
558 1915 682 1950 genitrix
697 1916 730 1944 ab
744 1918 819 1944 omni
830 1917 890 1946 labe
903 1919 1050 1952 immunis;

257 1961 286 1988 in
305 1965 331 1987 te
340 1960 414 1988 enim
430 1968 493 1987 cum
510 1962 586 1988 solus
599 1961 644 1990 ille
656 1963 848 1998 requievisset,
866 1969 976 1993 nostros
990 1966 1053 1993 abs-

257 2005 321 2033 tulit
342 2005 463 2039 labures,
482 2010 509 2033 et
536 2006 656 2035 futuram
691 2009 813 2044 requiem
833 2009 925 2045 dignis
948 2019 1054 2046 pra-pa-

257 2052 337 2080 ravit.

293 2108 385 2142 Salve,
400 2108 487 2137 Mater
501 2109 552 2137 viri
576 2109 686 2143 nescia,
704 2118 766 2145 quae
789 2110 874 2138 Deum
890 2111 1007 2139 Verbqu
1024 2112 1052 2139 in

253 2160 335 2183 utero
350 2160 398 2182 tuo
418 2155 589 2188 continuisti,
609 2160 694 2191 atque
715 2157 886 2185 iucarnatum
911 2158 1051 2193 peperisti,
1074 2194 1077 2196 η

258 2208 388 2237 tanquam
403 2201 490 2229 Deum
503 2201 587 2229 simul
599 2202 789 2230 et‘bominem.

290 2258 406 2295 Angelis
417 2258 583 2286 eminentior
606 2260 766 2294 apparuisti,
786 2267 802 2288 o
827 2260 961 2294 Domina;
988 2269 1050 2288 eum

257 2313 379 2342 namque
393 2305 440 2342 qui
463 2306 517 2333 illis
547 2311 589 2333 est
605 2305 798 2339 formidabilis,
826 2307 998 2334 ineli‘abiliter
1023 2307 1051 2334 in

259 2357 334 2379 utero
356 2352 498 2379 continere
513 2352 594 2387 digna
618 2352 690 2379 facta
707 2359 747 2385 es,
769 2357 796 2380 et
812 2357 944 2388 tanquam
961 2352 1051 2380 infan-

258 2402 312 2424 tem
327 2397 354 2423 in
372 2397 499 2424 manibus
513 2402 621 2430 gestare
644 2397 734 2430 illum,
749 2397 796 2432 qui
826 2397 885 2425 dies
899 2405 994 2424 omnes
1019 2404 1051 2425 ac

258 2447 380 2477 tempora
399 2442 535 2476 praecedit.

292 2489 361 2520 Ave,
378 2496 394 2516 o
411 2487 528 2519 Deipara
555 2490 679 2525 innupta,
694 2498 755 2525 qua:
770 2490 932 2519 Cherubicis
948 2492 1052 2519 ordini-

258 2534 311 2562 bus
330 2535 478 2563 sublimior
497 2535 586 2569 fuisti,
605 2540 631 2563 et
644 2536 728 2563 Deum
751 2537 924 2563 inearnatum
940 2537 967 2564 in
980 2537 1051 2565 ulnis

258 2585 366 2608 vectum
381 2582 505 2617 gestasti.

295 2639 385 2675 Supra
411 2640 488 2668 verbi
510 2646 686 2675 conceptum,
711 2639 830 2667 Verbum
853 2641 1004 2676 concepisti
1019 2649 1052 2669 ac

255 2686 397 2722 peperisti,
425 2694 441 2713 o
469 2687 598 2714 omnibus
623 2686 752 2714 laudibus
779 2687 953 2719 celebranda,
977 2687 1050 2722 quod

257 2733 338 2760 Pater
354 2741 386 2760 ex
407 2738 485 2761 utero
502 2737 565 2760 ante
590 2733 688 2760 szecula
710 2732 860 2767 generavit.
877 2732 953 2760 Unde
975 2737 1012 2766 te,
1033 2740 1050 2760 ο

257 2779 400 2812 inviolata,
422 2784 552 2815 tanquam
581 2779 655 2807 illius
670 2778 784 2807 Matrem
804 2787 854 2814 pro
870 2779 961 2807 debito
984 2780 1049 2808 bea-

253 2829 311 2852 tam
332 2825 511 2860 appellamus.

291 2871 359 2904 Quis
375 2872 462 2899 valeat
474 2871 620 2907 explicare,
642 2880 658 2899 ο
673 2876 760 2904 casta,
773 2871 962 2899 admirabilem
981 2879 1047 2907 par-

1101 1600 1205 1636 Κυρίου
1217 1600 1359 1633 παλάτιον,
1374 1601 1425 1636 τὴν
1441 1600 1630 1636 εὐλογημένην
1649 1600 1679 1627 ὲν
1707 1599 1818 1634 γυναιξὶ
1839 1608 1895 1634 μα-

1102 1646 1273 1682 καρίσωμεν.
1514 1671 1517 1675 .

1140 1692 1258 1728 ᾏσομαί
1283 1701 1334 1725 σοι,
1353 1692 1440 1728 Κύριε
1469 1693 1483 1719 ὁ
1499 1693 1566 1724 Θεός
1583 1701 1646 1726 μου.
1663 1692 1703 1719 ὅτι
1718 1692 1848 1727 ἀσπόρως
1863 1692 1898 1718 ὲκ

1102 1737 1219 1772 γαστρὸς
1236 1736 1374 1772 Παρθένου
1390 1737 1515 1772 ἐτέχοης,
1529 1737 1564 1764 δι’
1580 1735 1615 1773 ἦς
1629 1737 1677 1764 καὶ
1692 1737 1789 1770 σώζεις
1810 1737 1898 1764 inv.

1101 1791 1162 1815 τας,
1180 1783 1217 1815 ὡς
1236 1783 1316 1818 μόνος
1335 1782 1488 1814 πολυέλεος.

1138 1875 1248 1907 Παστὰς
1263 1875 1382 1910 Χριστοῦ
1399 1875 1568 1910 φωτοφόρος,
1581 1874 1629 1901 καὶ
1645 1874 1743 1910 θρόνος
1758 1874 1897 1910 ὑψηλότα-

1102 1930 1158 1954 τος,
1173 1921 1367 1956 Θεογεννῆτορ,
1394 1920 1499 1956 ὤφθης,
1528 1920 1702 1956 πανάμωμε’
1729 1921 1759 1947 ἐν
1774 1921 1815 1947 σοι
1841 1921 1898 1956 γὰρ

1104 1968 1183 2002 μόνος
1194 1966 1423 2001 ἀναπαυσάμενος
1451 1967 1513 1997 τοὺς
1530 1966 1609 2001 ἡμῶν
1637 1965 1768 2000 ἀφείλατο
1782 1967 1897 1999 κόπους,

1103 2012 1150 2039 καὶ
1160 2012 1209 2048 τὴν
1229 2011 1380 2047 μέλλουσαν
1391 2012 1448 2043 τοῖς
1460 2011 1546 2044 ἀξίοις
1564 2011 1732 2047 ηὐτρέπισεν
1745 2011 1839 2038 ἄνεσιν

1139 2112 1262 2148 Χαίροις.
1291 2113 1389 2148 Μῆτερ
1411 2112 1597 2147 ἀπειρόγαμε,
1624 2113 1641 2146 ἡ
1669 2111 1736 2138 θεὸν
1759 2112 1845 2146 Λόγον
1867 2113 1898 2138 ἐν

1103 2158 1203 2194 γαστρί
1222 2167 1270 2185 σου
1287 2159 1449 2193 χωρήσασα,
1464 2158 1513 2184 καὶ
1533 2156 1651 2184 τεκοῦσα
1673 2157 1895 2192 σεσαρκωμένον,

1103 2205 1140 2236 ὡς
1154 2204 1220 2231 Θεὸν
1233 2204 1301 2240 ὁμοῦ
1317 2203 1364 2231 καὶ
1379 2203 1536 2239 ἄνθρωπον.

1143 2260 1260 2297 Ὠράθης
1273 2260 1400 2295 ἀγγέλων
1414 2261 1596 2295 ὑπερέχουσα,
1615 2259 1766 2286 Δέσποινα·
1779 2259 1826 2286 τὸν
1841 2259 1897 2294 γὰρ

1103 2307 1218 2339 ἐκείνοις
1234 2307 1350 2343 φοΰερδν
1374 2307 1586 2342 ἅνερμηνεύτως
1602 2307 1632 2332 ἐν
1647 2305 1749 2341 γαστρὶ
1771 2305 1897 2340 χωρῆσαι

1102 2353 1231 2388 ἠξίωσαι,
1247 2354 1295 2380 καὶ
1313 2354 1342 2380 ἐν
1360 2354 1439 2388 χερσὶ
1455 2353 1590 2389 βαστάσαι
1603 2352 1728 2386 καθάπερ
1737 2353 1835 2387 νήπιον
1851 2353 1898 2378 τὶν

1101 2399 1213 2436 ἡμερῶν
1227 2408 1258 2426 τε
1273 2400 1320 2427 καὶ
1331 2400 1435 2436 χρόνων
1447 2398 1585 2425 ἐπέκεινα.

1137 2493 1233 2528 Χαῖρε,
1252 2492 1367 2519 Θεοτόκε
1379 2491 1546 2526 ἁνύμφευτε,
1559 2489 1729 2526 χερουὸιχῶν
1745 2489 1897 2525 ταγμάτων

1102 2538 1285 2574 ὑπερέχουσα,
1300 2538 1348 2565 καὶ
1358 2538 1425 2564 θεὸν
1437 2538 1466 2564 ὲν
1480 2537 1615 2572 ἀγκάλαις
1625 2535 1809 2571 ἐποχούμενον
1825 2537 1898 2571 μετὰ

1102 2584 1202 2619 σαρκὸς
1216 2583 1385 2618 βαστάσασα.

1135 2640 1284 2672 Συνέλαὸες
1297 2640 1367 2675 ὑπὲρ
1382 2640 1460 2674 λόγον
1473 2639 1518 2665 τὸν
1528 2639 1626 2673 Λόγον,
1643 2638 1690 2665 καὶ
1705 2637 1810 2669 ἔτεκες,
1826 2646 1897 2663 παν-

1101 2686 1216 2722 ὑμνητε,
1250 2686 1280 2713 ὃν
1309 2686 1403 2721 Πατὴρ
1430 2687 1462 2712 ὲκ
1491 2685 1610 2720 γαστρὸς
1645 2684 1815 2718 ἁπεγέννησε
1842 2683 1898 2717 πρὸ

1100 2732 1217 2765 αἰώνων,
1232 2732 1350 2767 ἄχραντε
1361 2741 1367 2748 ·
1380 2733 1441 2759 ὃθεν
1468 2732 1505 2764 ὡς
1520 2731 1616 2758 τούτου
1629 2739 1659 2757 σε
1673 2731 1788 2766 Μητέρα
1805 2739 1897 2764 χρεω-

1100 2778 1201 2810 στικῶς
1214 2777 1413 2814 μακαρίζομεν.

1137 2872 1183 2904 Τίς
1199 2872 1318 2905 ἐξειπεῖν
1340 2872 1485 2908 δυνήσεται
1507 2871 1554 2898 τοῦ
1571 2871 1651 2898 τόκου
1678 2877 1736 2901 σου,
1753 2868 1834 2902 ἁγνὴ,
1849 2867 1897 2894 τὸν
