2069 3159
216 173 225 205 1
232 172 286 204 229

916 167 1099 198 MARIALE.

1774 164 1846 197 1230

213 226 284 262 ὑπὲρ
296 225 376 260 λόγον
393 223 545 259 παράδοξον
567 222 688 258 apti-nov;
704 221 786 257 φύσει
805 220 861 257 γὰρ
879 221 948 249 Θεδν
961 229 1006 248 σε-

1071 229 1102 249 us
1116 220 1153 248 tui
1169 221 1252 256 208
1266 219 1411 253 rationem,
1430 227 1492 256 quas
1503 220 1578 247 omni
1593 219 1701 248 ratione
1710 224 1751 248 est
1766 227 1848 256 supe—

213 271 392 309 σαρκωμένον
407 271 477 307 ὑπὲρ
492 270 572 305 λόγον
587 269 720 305 ὲκύησας.

257 358 412 394 ’Υμνοῦμέν
429 366 459 385 σε
475 357 509 384 δι’
536 355 572 393 ἧς
601 356 805 391 ὲδικαιώθημεν
825 356 851 382 οί
873 355 1005 392 πρότερον

213 395 387 438 κᾶτάκριτοι.
401 404 449 430 καὶ
465 403 644 438 συνήφοημεν
660 403 754 434 ἀΰλοις
775 402 944 438 λειτουργοῖς
958 402 1005 429 καὶ

213 450 261 477 τοῦ
277 449 443 486 παραδείσου
459 448 628 484 ἠξιώθημεν,
653 450 682 475 ὲν
695 448 817 483 γυναιξὶν
835 447 1004 483 εὐλογημένη

214 496 404 532 θεοχαρίτωτε.

249 541 418 576 Δυσώπησον
448 540 519 576 ὑπὲρ
543 540 597 567 τῶν
629 539 744 567 οἰκετῶν
768 548 827 572 σου,
863 538 1006 574 Θεόνυμφε

214 587 340 620 Θεοτόκε,
357 587 404 613 τὸν
416 587 449 613 ὲκ
465 586 513 613 σοῦ
530 585 719 621 σαρκωθέντα,
735 585 801 611 Θεὺν
814 584 905 620 ἡμῶν,
918 584 960 611 ὅτι
977 583 1006 610 σὲ

215 635 262 660 καὶ
278 634 364 669 μόνην
379 632 551 668 προστασίαν
566 631 658 658 πιστοὶ
672 629 856 665 ἐπιστάμεθα.

258 723 353 750 Ῥὗσαι
374 723 448 758 ἡμᾶς
469 721 643 758 πειρασμῶν,
664 720 856 755 natantem.
872 720 920 746 καὶ
940 728 1009 755 συμ-

217 770 309 805 φορῶν
327 769 518 800 παντοδαπῶν,
539 768 588 795 καὶ
601 767 754 803 Βαρϐάρων
785 766 949 802 ἐπιδρομῆς,
963 765 1012 792 Δέο

217 824 314 842 σποινα
329 815 500 850 πανύμνητε,
523 815 597 847 ὅπως
619 823 649 840 σε
663 813 830 848 δοξάζωμεν,
844 812 892 839 καὶ
905 812 951 839 τὸν
979 812 1012 838 ἐκ

217 860 265 888 σοῦ
280 860 422 896 τεχθέντα,
441 860 595 895 Θεόνυμφε,
620 859 666 887 τὸν
686 859 792 886 αἰνετδν
814 858 870 886 τῶν
885 858 1011 894 πατέρων

217 908 284 935 Θεὸν
295 908 344 935 καὶ
361 906 551 942 ὑπερένδοξον.

259 1000 304 1027 Ἐν
319 1001 353 1036 τῇ
373 1000 501 1035 ἀφλὲκτῳ
516 987 601 1035 βάτῳξ
615 999 664 1026 καὶ
684 997 838 1035 δροσοϐόλῳ
858 996 967 1032 καμίνῳ
980 997 1012 1023 σὺ

218 1047 409 1083 προεγράφης,
431 1046 662 1082 Μητροπάρθενε,
699 1045 849 1081 ἀφράστως
882 1043 1011 1079 κυήσασα

218 1092 427 1129 σεσαρωμένον
442 1092 519 1126 Θεὸν,
537 1093 609 1128 ἁγνὴ
621 1091 804 1127 εὐλογημένη.

255 1139 290 1166 Σὲ
307 1138 355 1166 καὶ
365 1139 464 1174 τεῖχος,
486 1139 534 1165 καὶ
549 1137 721 1174 καταφυγὴν,
744 1138 792 1165 καὶ
809 1137 932 1173 κλίμακα
948 1137 1016 1172 πρὸς

222 1185 289 1221 ὕψος
319 1185 494 1221 μετάγουσιν
518 1185 548 1211 τὺ
566 1184 748 1220 ἀνθρώπινον,
761 1185 917 1220 πανάμωμε
932 1183 1014 1220 ἁγνὴ,

220 1231 324 1263 εἰδότες
353 1230 549 1266 κραυγάζομεν
563 1239 571 1246 ⁶
602 1231 759 1266 Εὑλογεῖτε,
779 1231 869 1258 πάντα
884 1231 919 1258 τὰ
946 1230 1016 1266 ἔργα

220 1278 337 1314 Κυρίου,
353 1278 399 1305 τὸν
410 1278 524 1312 Κύριον,
537 1278 682 1313 ὑμνεῖτε...

260 1325 351 1352 Σῶσόν
367 1333 411 1360 με,
430 1325 510 1360 ἁγνὴ,
528 1324 603 1360 ήτδν
618 1325 732 1360 Σωτῆρα
751 1324 933 1359 ἀποκυήσασα
949 1323 1018 1359 Χρι-

226 1372 298 1404 στὸν,
311 1373 378 1407 ἡμῖν
391 1371 571 1406 ὁμοιωθέντα,
583 1371 657 1403 ὅπως
667 1372 697 1398 ὲν
710 1371 812 1398 αἰνέσει
824 1379 854 1396 σε
869 1370 912 1396 ἀεὶ
930 1378 1019 1404 μακα-

226 1418 359 1454 ρίζωμεν,
376 1417 558 1453 εὐλογημένη.

258 1464 353 1500 Φέρεις
367 1464 414 1491 τὸν
429 1464 463 1491 τὰ
483 1464 572 1490 πάντα
593 1464 724 1498 φέροντα,
741 1463 789 1490 καὶ
814 1462 960 1497 γαλουχεῖς
974 1462 1020 1487 τὸν
1046 1472 1049 1476 τ

225 1511 293 1537 πᾶσι
309 1511 412 1547 τροφὴν
428 1510 595 1546 παρέχοντα,
611 1511 683 1545 μέγα
703 1511 751 1537 καὶ
766 1509 882 1545 φρικτὸν
902 1508 933 1535 τὸ
950 1508 1021 1543 ὑπὲρ

225 1556 288 1583 νοῦν
302 1565 348 1583 σου
365 1557 526 1592 μυστήριον,
539 1556 647 1583 Κιὸωτὲ
660 1555 707 1583 τοῦ
727 1555 826 1582 σεπτοῦ
840 1554 1020 1589 ἀγιάσματος,

225 1602 350 1639 Παρθένε
368 1602 494 1636 Θεοτόκε,
512 1603 574 1629 ὅθεν
593 1602 698 1634 πιστῶς
715 1610 746 1628 σε
764 1601 967 1637 μακαρίζομεν.

262 1697 353 1729 Φωτὺς
371 1697 543 1733 οἰκητήριον,
565 1696 646 1732 ἁγνὴ,
674 1695 839 1732 γεγένησαι·
866 1696 912 1723 διὰ
943 1695 1024 1723 τοῦτο

229 1741 343 1768 ἱκετεύω
360 1750 399 1773 σε,
420 1742 550 1777 φὼτισον,
565 1742 674 1778 δέομαι,
701 1742 751 1774 τὰς
781 1743 866 1778 κόρας
880 1743 930 1778 τῆς
945 1751 1024 1770 τετα-

229 1788 401 1824 πεινωμένης
415 1789 529 1824 καρδίας
540 1797 591 1824 μου
608 1789 702 1816 παθῶν
717 1790 778 1820 ταῖς
789 1789 923 1824 χαλεπαῖς
934 1789 1024 1825 ἀμαυ-

230 1834 351 1869 ρότησιν,
361 1835 436 1867 ὅπως
450 1836 479 1862 ὲν
490 1835 579 1862 πίστει
595 1835 739 1872 μακαρίζω
752 1843 793 1862 σε.

474 1913 553 1940 MHN
570 1913 784 1941 ΝΟΕΜΒΡΙΟΣ.

237 1979 288 2007 Ἐκ
313 1978 368 2006 τοῦ
394 1979 531 2012 Κανόνος
543 1980 586 2012 είς
620 1979 691 2012 τοὺς
708 1980 812 2014 ἁγίους
827 1978 1025 2014 Ἀναργύρους

363 2014 487 2050 Κοσμᾶν
498 2015 546 2041 καί
563 2015 726 2049 Δαμιανὸν,
741 2016 837 2050 ἡμέρᾳ
852 2018 887 2041 α’.

270 2091 388 2127 Σωτῆρα
408 2092 456 2118 καὶ¹
473 2091 540 2118 Θεὸν
560 2092 589 2126 ἐξ
603 2092 695 2126 ἁγνῶν
711 2101 758 2119 σου
774 2092 900 2128 αἱμάτων
915 2092 1024 2127 ἐσωμά-

234 2147 335 2170 τωσας,
349 2139 431 2174 ἁγνὴ,
445 2139 491 2164 τὸν
506 2138 632 2171 δείξαντα
648 2140 716 2175 ἡμῖν
731 2139 842 2175 ἰατροὺς
857 2138 909 2166 τῶν
930 2139 1026 2166 παθῶν

232 2185 248 2218 ἡ
255 2184 323 2218 μῶν,
340 2184 471 2220 ἆχραντε,
485 2185 680 2220 σωτηριώδεις,
700 2185 748 2212 καὶ
775 2185 893 2221 θερμοὺς
917 2186 1026 2221 ἀντιλή-

234 2239 339 2266 πτορας
354 2231 418 2264 τοὺς
433 2231 552 2263 σεπτοὺς
567 2231 750 2268 ’Λναργύρςυς
761 2232 790 2259 ὲν
806 2233 953 2268 πνεύματι.

275 2323 453 2359 Ὠραιοτάτην
469 2325 497 2351 ὲν
510 2324 619 2359 γυναιξὶ
635 2333 663 2350 σε
679 2324 745 2356 Θεὸς
760 2324 910 2358 ἐξελέξατο,
930 2325 977 2352 καὶ
992 2326 1024 2352 ἐκ

236 2369 283 2395 σοῦ
306 2370 483 2404 σωματικῶς,
498 2370 580 2406 ἁγνὴ,
597 2371 727 2406 τεχθῆναι
751 2371 910 2407 ηὐδόκησεν,
928 2372 942 2398 6
957 2372 1024 2398 dvo.—

234 2415 390 2450 παυόμενος
410 2416 439 2442 ἐν
455 2416 510 2447 τοῖς
528 2417 616 2450 ἁγίοις
630 2416 724 2444 αὑτοῦ.

270 2472 449 2508 Συμπαθείας
478 2481 523 2508 με,
542 2474 678 2509 Παρθένε,
695 2477 746 2511 τῆς
762 2476 791 2503 ἐν
820 2476 862 2502 σοὶ
887 2476 1024 2510 καταξίω-

237 2528 293 2551 σον,
308 2521 325 2555 ἡ
337 2519 455 2546 τεκοῦσα
470 2520 556 2554 Λόγον
569 2521 649 2555 μόνον
664 2521 772 2557 ἀληθῶς
788 2523 1024 2558 συμπαθέστατον,

235 2566 281 2593 τὸν
296 2567 449 2602 συμπαθεῖς
462 2568 524 2599 τοὺς
537 2568 634 2602 ἁγίους
654 2568 833 2600 ἀναδείξαντα
851 2570 965 2607 ίατῆρας
981 2573 1027 2598 καὶ

236 2613 462 2650 θαυματουργοὺς
476 2615 505 2641 ἐν
521 2616 579 2646 τοῖς
591 2615 711 2651 τέρασιν.

273 2706 373 2740 Σοφίαν
388 2706 509 2742 ἐκύησας
532 2707 600 2734 Θεοῦ
627 2708 678 2743 τὴν
694 2709 887 2743 ὲνυπόστατον,
907 2710 1027 2746 ἄχραντε

237 2752 358 2787 Παρθένε
376 2753 502 2784 Θεοτόκε,
519 2754 570 2788 τὴν
585 2754 647 2785 τοὺς
661 2755 755 2789 ἁγίους
769 2756 924 2791 πανσόφους
940 2750 1028 2789 δειξά-

239 2807 300 2831 σαν,
316 2798 349 2825 δι’
368 2795 405 2825 ὧν
423 2799 473 2833 τῆς
488 2800 587 2830 κακίας
609 2800 737 2835 σοφιστοῦ
752 2801 881 2828 πέπτωκε
901 2801 931 2828 τὺ
940 2803 1028 2838 φρύα-

239 2852 296 2878 γμα
312 2844 360 2870 καὶ
375 2843 450 2870 δεινὰ
465 2845 709 2880 πανουργεύματα.

275 2889 349 2919 Ναόν
360 2899 390 2917 σε
408 2890 526 2926 καθαρὸν
539 2892 738 2926 ἀπειργάσατο,
754 2892 900 2927 Δέσποινα,
917 2894 930 2921 ὁ
943 2894 1029 2922 καθα-

1058 267 1134 295 rinr?
1148 267 1216 294 Eum
1234 273 1353 301 namque
1366 266 1415 301 qui
1444 271 1539 302 suapte
1565 270 1663 293 natura
1687 265 1757 294 Deus
1777 271 1847 301 erat,

1057 320 1139 347 supra
1161 311 1234 339 verbi
1250 315 1425 346 conceptum,
1442 311 1614 338 incarnatum
1635 311 1775 346 peperisti.

1091 355 1246 383 Laudamus
1267 360 1303 388 te,
1333 362 1350 382 ο
1372 355 1514 383 benedicta
1538 355 1609 382 inter
1633 356 1771 388 mulieres,
1793 356 1850 384 Deo

1057 402 1229 438 gratissima,
1259 410 1308 438 per
1323 410 1405 438 quam
1421 411 1471 431 nos
1495 408 1575 430 antea
1604 404 1726 431 damnati
1748 404 1850 439 justiﬁ-

1057 449 1109 476 eati
1123 457 1230 481 sumus,
1245 452 1272 476 et
1286 449 1514 476 immaterialibus
1528 449 1663 477 ministris
1672 451 1802 485 cooptati,
1819 458 1852 478 ac

1059 494 1187 530 paradiso
1202 495 1276 530 digni
1291 494 1354 522 facti
1373 503 1479 523 sumus.

1093 540 1194 573 Exora,
1212 548 1229 568 ο
1246 540 1293 568 Dei
1305 540 1411 576 Sponsa
1425 540 1553 576 Deipara,
1571 548 1621 575 pro
1646 539 1757 568 famulis
1785 541 1851 572 tuis,

1057 585 1142 613 Deum
1161 590 1297 619 nostrum,
1314 587 1362 622 qui
1384 594 1417 614 ex
1438 591 1463 614 te
1478 586 1639 614 incarnatus
1654 591 1697 614 est
1712 595 1720 614 :
1737 591 1764 614 te
1777 587 1851 614 enim

1058 632 1169 659 unicum
1198 632 1379 667 patrocinium
1406 637 1532 660 nostrum
1560 639 1611 659 nas
1640 631 1732 660 ﬁdeles
1761 638 1848 667 agno-

1059 678 1174 705 scimus.

1096 724 1193 752 Libera
1210 732 1272 756 nos,
1284 732 1300 752 ο
1317 724 1442 757 Domina,
1462 732 1569 752 summe
1595 723 1742 757 laudanda,
1758 730 1773 750 a
1794 728 1854 751 ten-

1065 771 1229 803 taliouibus,
1251 771 1487 803 tribulationibus,
1516 771 1670 806 omnigenis
1691 770 1856 798 calamitati-

1061 817 1125 848 bus,
1141 822 1222 852 atque
1249 825 1264 845 a
1281 817 1463 845 Barbarorum
1478 817 1591 845 incursu
1620 825 1627 844 :
1658 821 1688 844 ut
1707 822 1745 850 te.
1763 824 1779 844 ο
1807 816 1856 844 Dei

1064 862 1182 897 Sponsa,
1203 862 1398 896 gloriﬁcemus,
1413 867 1496 897 atque
1512 862 1600 896 illum,
1615 863 1662 897 qui
1680 870 1712 890 ex
1732 867 1758 890 te
1774 867 1856 890 natus

1028 903 1050 932 Β
1065 912 1116 942 est,
1134 908 1298 936 laudabilem
1324 916 1357 937 ac
1377 909 1612 945 supergloriosum
1631 909 1717 937 Deum
1745 914 1855 945 patrum

1063 959 1233 983 nostrorum.

1099 1001 1128 1028 ln
1144 1001 1213 1029 rubo
1227 1001 1412 1035 incombusto,
1438 1006 1464 1028 et
1486 1001 1514 1029 in
1532 1001 1643 1029 fornace
1658 1009 1720 1029 rore
1736 1001 1857 1036 perfusa,

1065 1052 1092 1075 tu
1122 1048 1296 1083 praaligurata
1327 1054 1367 1081 es,
1387 1055 1404 1074 ο
1424 1046 1510 1075 Mater
1527 1048 1610 1083 Virgo
1624 1053 1710 1080 easta,
1729 1055 1761 1074 ac
1774 1047 1859 1075 loenc-

1065 1093 1148 1126 dicta,
1164 1101 1224 1128 qme
1239 1094 1324 1121 Deum
1340 1093 1515 1121 incarnatum
1529 1093 1703 1121 inell‘abiliter
1728 1093 1857 1129 genuisti.

1101 1138 1140 1166 Te
1153 1146 1274 1172 murum,
1294 1137 1442 1174 refugium,
1465 1143 1492 1166 et
1509 1139 1622 1171 scalam,
1647 1146 1708 1174 qua:
1732 1139 1808 1166 ducit
1825 1139 1858 1165 ad

1066 1185 1260 1213 sublimitatem
1273 1185 1424 1212 bumanum
1438 1192 1536 1220 genius,
1552 1189 1746 1220 agnoscentes,
1757 1192 1774 1212 ο
1784 1189 1858 1212 casta

1067 1231 1101 1258 ab
1107 1231 1181 1258 ouini
1190 1231 1249 1259 labe
1258 1231 1401 1265 immunis,
1409 1231 1561 1258 clamamus
1573 1241 1580 1259 :
1590 1231 1755 1264 Benedicile,
1768 1231 1860 1258 omnia

1067 1285 1149 1312 opera
1167 1277 1285 1309 Domini,
1302 1277 1458 1309 Dominum,
1476 1277 1594 1307 laudate.
1610 1281 1663 1305 etc.

1105 1323 1215 1350 Salvum
1231 1331 1273 1352 me
1285 1324 1339 1357 fac,
1360 1332 1376 1351 ο
1391 1328 1478 1357 easta,
1498 1332 1559 1359 qua:
1572 1324 1712 1351 Christum
1736 1323 1861 1351 Salvato-

1069 1377 1137 1402 rem,
1151 1368 1255 1397 factum
1273 1369 1351 1404 nobis
1369 1370 1486 1397 similem
1503 1370 1651 1405 peperisti,
1673 1375 1704 1397 ut
1718 1377 1781 1397 cum
1799 1370 1861 1397 lau-

1069 1410 1150 1441 dibus
1165 1419 1190 1441 te
1200 1422 1307 1449 semper
1322 1415 1520 1447 beatilieemus,
1532 1423 1548 1442 ο
1568 1410 1719 1443 benedicta.

1106 1461 1202 1488 Portas
1215 1469 1276 1488 eum
1293 1462 1340 1496 qui
1357 1466 1448 1497 portat
1474 1462 1613 1496 universa,
1634 1467 1662 1490 et
1680 1462 1750 1489 lacte
1771 1461 1862 1490 nutris

1072 1514 1146 1539 eum,
1161 1507 1208 1542 qui
1222 1507 1268 1534 dat
1282 1508 1411 1536 omnibus
1427 1515 1530 1536 escam.
1564 1507 1691 1544 Magnum
1719 1516 1751 1535 ac
1767 1507 1864 1535 formi-

1073 1551 1163 1580 dabile
1179 1553 1336 1587 mysterium
1349 1557 1436 1587 tuum,
1450 1554 1523 1589 quod
1537 1562 1646 1582 omnem
1658 1559 1774 1582 mentem
1790 1559 1866 1582 tran-

1074 1599 1190 1632 scendit,
1220 1599 1322 1627 oArea
1344 1600 1505 1627 venerandae
1519 1601 1755 1633 sanctiﬁcationis,
1785 1600 1865 1636 Virgo

1074 1643 1188 1680 Deipara
1203 1654 1211 1672 :
1229 1647 1300 1673 unde
1317 1650 1342 1674 te
1358 1646 1475 1674 ﬁdeliter
1487 1646 1687 1674 beatiﬁcamus.

1109 1691 1194 1719 Lucis
1205 1691 1391 1719 habitaculum
1405 1691 1477 1719 facta
1488 1700 1529 1724 es,
1548 1699 1564 1719 o
1575 1697 1648 1720 casta
1657 1712 1664 1724 ,
1684 1692 1864 1727 quamobrem

1074 1741 1101 1765 te
1111 1745 1219 1773 precor,
1238 1737 1373 1771 illumina,
1382 1745 1486 1774 quaeso,
1502 1738 1620 1773 pupillas
1633 1738 1798 1766 miserabilis
1809 1746 1866 1766 eor-

1074 1785 1117 1812 dis
1132 1785 1196 1817 mei,
1215 1785 1334 1820 graviter
1360 1792 1374 1812 a
1392 1786 1568 1820 passionibus
1590 1786 1761 1818 obscuratas,
1789 1790 1819 1812 ut
1839 1789 1867 1813 te

1075 1838 1137 1858 cum
1152 1831 1204 1858 title
1219 1831 1386 1860 beatiﬁcem-

1251 1908 1334 1944 209
1347 1908 1475 1936 MENSIS
1490 1908 1689 1937 NOVEMBER.

1077 1976 1120 2003 Ea:
1135 1975 1243 2004 Canoue
1261 1977 1290 2004 in
1310 1977 1377 2012 festo
1394 1977 1446 2005 SS.
1465 1978 1566 2006 Cosme:
1584 1983 1609 2015 el
1629 1978 1851 2015 Damianimarty

1273 2021 1332 2040 rum
1348 2016 1558 2048 Anargyrartmt,
1571 2014 1614 2040 die
1629 2014 1655 2041 1.

1113 2092 1286 2121 Salvatorem
1304 2101 1336 2121 ac
1353 2093 1437 2121 Deum
1454 2102 1486 2121 ex
1516 2094 1592 2129 puris
1612 2093 1795 2129 sanguinibus
1813 2094 1868 2121 tuis

1077 2139 1240 2173 corporasti,
1257 2147 1274 2166 ο
1291 2144 1366 2167 casta
1393 2145 1474 2174 atque
1505 2140 1695 2173 immaculata;
1717 2139 1765 2174 qui
1785 2147 1868 2166 vene-

1077 2185 1178 2213 randos
1199 2185 1227 2212 in
1244 2185 1342 2220 spiritu
1358 2185 1527 2221 Auargyros,
1550 2186 1683 2213 salutares
1708 2186 1868 2220 passionum

1079 2236 1235 2259 nostrarum
1273 2233 1411 2266 medicos,
1456 2238 1489 2258 ac
1530 2230 1669 2258 ferventes
1708 2229 1870 2258 defensores

1078 2278 1176 2306 effecit.

1115 2324 1153 2352 Te
1169 2325 1402 2360 speciosissimam
1419 2326 1491 2354 inter
1503 2326 1633 2354 mulieres
1651 2326 1723 2353 Deus
1739 2324 1833 2359 elegit,
1853 2331 1870 2350 ο

1079 2375 1167 2402 casta,
1184 2376 1211 2398 et
1223 2379 1257 2399 ex
1280 2376 1306 2399 te
1325 2372 1505 2407 corporaliter
1521 2372 1595 2399 nasci
1619 2372 1672 2399 sibi
1699 2369 1867 2405 complacuit

1081 2417 1126 2444 ille
1140 2418 1187 2452 qui
1206 2418 1355 2452 requiescit
1372 2418 1400 2445 in
1416 2418 1520 2446 sanctis
1533 2418 1601 2445 suis.

1116 2473 1316 2508 Compassione
1328 2474 1384 2506 illa,
1400 2483 1461 2510 qua:
1474 2479 1516 2502 est
1531 2475 1557 2502 in
1572 2481 1607 2506 te,
1626 2474 1738 2509 dignum
1755 2482 1798 2502 me
1814 2473 1867 2506 fac,

1081 2528 1098 2548 ο
1117 2520 1210 2556 Virgo,
1225 2528 1286 2556 quae
1299 2519 1416 2548 Verbum
1428 2521 1568 2557 peperisti,
1581 2521 1670 2548 solum
1684 2527 1749 2547 vere
1762 2526 1870 2547 summa

1082 2569 1276 2603 compassione
1291 2568 1413 2603 plenum,
1434 2568 1482 2603 qui
1507 2568 1628 2595 medicos
1651 2575 1684 2594 ac
1700 2566 1872 2593 thaumatur-

1082 2623 1130 2650 gos
1147 2615 1173 2642 in
1194 2615 1337 2650 prodigiis,
1369 2615 1570 2650 compaSsiouis
1602 2614 1629 2641 in
1655 2621 1705 2641 nos
1730 2615 1870 2645 compotes

1081 2661 1181 2690 eﬂ‘ecit.

1125 2709 1294 2743 Sapientiam
1313 2708 1358 2737 Dei
1385 2709 1580 2737 subsistentem
1595 2707 1724 2743 genuisti,
1741 2714 1758 2734 ο
1781 2707 1872 2734 invio-

1083 2755 1137 2782 lata
1165 2754 1246 2791 Virgo
1274 2755 1402 2791 Deipara,
1433 2763 1495 2790 qua:
1518 2759 1628 2782 sanctos
1651 2753 1872 2788 sapientissimos

1082 2802 1190 2835 eﬂ‘ecit;
1215 2810 1263 2838 per
1288 2810 1357 2838 quos
1383 2802 1494 2837 maligni
1521 2800 1650 2835 sophista:
1679 2800 1815 2836 jactantia
1845 2805 1873 2828 et

1083 2848 1198 2876 hostiles
1213 2853 1289 2876 astus
1305 2849 1473 2877 ceciderunt.

1120 2894 1263 2931 Templum
1284 2903 1383 2931 purum
1399 2893 1488 2923 eﬂ‘ecit
1500 2899 1536 2928 te,
1549 2891 1677 2925 Domina,
1691 2892 1871 2928 purissimum
