2069 3159
229 219 298 251 1235

795 219 826 249 S.
843 219 1000 253 JOSEPIII
1018 217 1299 249 HYMNOGRAPHI

1789 210 1858 242 1236

228 275 375 303 ahsorheat
388 283 432 303 me
448 285 454 303 :
474 274 521 302 sed
535 279 562 302 tu
578 274 659 310 213
679 274 783 302 salvum
800 282 842 302 me
859 275 913 308 fac,
933 281 1016 310 atque
1030 292 1036 305 Α

1087 275 1125 302 λλ⁹
1148 273 1218 309 αὐτή
1236 281 1269 308 με
1296 272 1384 299 σῶσον
1413 270 1460 297 καὶ
1476 268 1646 304 κυϐέρνησον
1673 265 1743 301 πρὸς
1760 265 1858 300 λιμένι

227 323 260 348 a.l
289 325 396 356 portum
423 320 522 348 divinze
558 320 707 347 voluntatis
742 319 919 355 gubernatrix
957 325 1016 348 esto

231 368 308 396 mihi.

264 415 337 442 Luce
352 418 397 440 tua
413 413 513 440 irradia
530 420 573 439 me
584 433 591 445 ,
615 419 632 439 ο
646 411 747 439 munda
772 411 806 438 ab
833 412 906 438 omni
931 419 1017 445 naevo,

228 468 289 496 qute
306 461 394 488 lucem
413 459 630 487 inacccssibilem
644 458 790 493 peperisti;
807 458 909 493 dissipa
926 458 1018 485 nubila

229 509 329 536 animae
345 515 420 539 mem,
436 513 462 535 et
478 515 492 534 a
509 506 627 534 tenebris
642 507 716 542 eripe
730 513 788 538 me,
803 506 918 534 obsecro
928 526 936 538 ,
949 506 1019 534 divi-

231 562 328 590 naeque
346 554 444 582 salutis
463 553 575 588 dignum
591 553 634 581 fac
651 561 692 580 me
703 573 710 586 ,
733 557 763 580 ut
779 553 886 581 laudem
901 557 927 580 te
944 553 1018 580 omni

231 600 312 628 laude
326 599 527 636 dignissimam.

1070 323 1117 348 τοῦ
1133 320 1206 348 θείου
1223 319 1387 355 Θελήματος.

1108 413 1179 441 (hu-tl
1196 421 1230 446 με
1245 410 1418 446 καταύγασον
1434 409 1472 444 τῷ
1490 407 1539 443 σῷ,
1555 407 1724 441 πανὰμωμε,
1735 405 1752 440 ἠ
1764 403 1859 430 τεκοῦ-

1073 469 1107 487 σα
1121 461 1178 494 φῶς
1190 458 1348 494 ἀπρόσιτον,
1362 455 1444 483 λῦσον
1473 454 1506 481 τὰ
1531 453 1600 488 νέφη
1616 453 1666 487 τῆς
1688 450 1777 486 ψυχῆς
1797 458 1858 484 μου,

1071 506 1117 533 καὶ
1130 505 1242 535 σκότους
1256 512 1288 538 με
1304 502 1468 537 ἐξάρπασον,
1487 499 1596 534 δέομαι,
1612 497 1660 525 καὶ
1682 497 1758 528 Θείας
1772 503 1860 530 σωτη-

1073 553 1133 588 ρίας
1150 551 1274 584 ἀξίωσον,
1291 549 1335 576 ἵνα
1347 547 1425 584 ὺμνῶ
1436 544 1530 582 σεντὴν
1549 544 1738 580 πανὺμνητον.

596 655 638 682 Ex
653 655 760 683 Conone
774 655 801 682 in
817 654 868 682 SS.
891 654 1058 682 Galatiomm
1083 661 1107 683 et
1129 656 1279 691 Epistemen
1297 655 1385 690 (92"),
1404 653 1447 680 die
1460 652 1486 680 5.

268 712 430 741 Praesidium
446 712 639 740 tribulatorum
651 732 659 743 ,
676 711 751 740 salus
767 715 794 739 et
816 718 878 746 spes
893 711 1023 746 despera-

1111 711 1242 747 Peperisti
1258 711 1285 738 in
1299 715 1421 744 tempore
1438 707 1570 742 temporis
1595 708 1746 739 expertem,
1759 711 1775 730 ο
1786 709 1866 730 sanc-

235 764 343 792 torum,
364 759 479 794 Deipara
503 759 577 786 omni
599 758 678 786 laude
694 757 870 790 celebranda,
893 757 1025 792 impensis
1074 759 1199 791 tissima,
1216 757 1354 784 hominem
1372 755 1473 782 factum
1498 758 1609 789 propter
1629 751 1747 779 salutem
1774 748 1865 776 Immi-

236 805 363 840 prccibus
382 813 431 832 ora
455 812 504 839 pro
522 805 616 836 nobis,
633 808 664 832 ut
683 811 697 831 a
718 803 849 838 periculis
866 803 1024 831 liberemur.

273 852 397 880 Dissolve
426 851 502 878 cordi
521 858 583 877 meo
599 849 795 878 circumfusam
821 850 931 882 nubcm,
950 857 966 877 ο
983 857 1029 876 ca-

1075 812 1154 832 num.

1112 861 1181 890 Cum
1197 860 1333 888 universis
1348 857 1477 893 supernis
1490 864 1522 884 ac
1538 853 1698 884 coelestibus
1710 850 1866 879 ordinibus,

237 897 361 944 stissima
373 905 380 930 ;
391 896 486 944 cribra
541 904 584 923 me
598 896 705 923 radium
722 903 797 944 verte
812 895 977 944 pwpitentiae
987 914 994 928 ,
1012 901 1029 921 ο
1043 915 1066 944 Β
1081 916 1131 936 nos
1148 915 1244 935 omnes
1261 906 1404 941 Deiparam
1423 904 1539 940 pueuam
1550 923 1557 934 ⁷
1573 910 1621 937 ρει-
1635 899 1758 928 eamdem
1771 904 1869 924 conse-

239 949 317 979 porta
343 943 413 971 lucis
437 942 598 974 benedicta,
619 946 701 976 atque
724 940 881 969 omnimoda
909 941 1026 975 puritate

239 993 380 1021 exornata,
393 993 421 1016 et
434 989 564 1020 concede,
581 992 611 1015 ut
622 988 693 1016 sicut
709 989 735 1015 in
747 987 791 1015 die
807 988 918 1015 honeste
932 987 1027 1014 ambu<

240 1035 293 1063 lem
309 1035 336 1062 in
352 1035 493 1070 praeceptis
510 1034 566 1062 Dei.

276 1080 319 1108 Me
334 1081 424 1108 noxiis
438 1079 630 1108 allectionibus
648 1084 818 1114 peremptum
842 1087 873 1106 ac
888 1082 1028 1106 mortuum

240 1127 360 1159 viviﬁca,
375 1135 391 1154 o
407 1127 508 1162 puella,
521 1134 583 1161 qum
596 1126 679 1153 vitam
695 1126 768 1153 illam
787 1125 928 1160 peperisti,
945 1132 960 1152 a
975 1132 1029 1159 qua

243 1174 372 1202 universa
388 1173 485 1200 mortis
498 1172 539 1200 vis
552 1178 579 1200 et
592 1172 713 1206 potentia
727 1171 862 1200 dissoluta
877 1176 928 1198 est.

278 1219 383 1254 Lingua
399 1219 596 1253 terrigenarum
614 1225 787 1252 nequaquam
803 1217 902 1244 suillcit
919 1216 953 1243 ad
971 1215 1030 1243 lau-

242 1265 362 1294 dandam
383 1269 419 1296 te,
436 1272 497 1298 qua:
512 1263 559 1291 Dei
580 1263 697 1299 genitrix
719 1263 790 1290 facta
808 1271 855 1293 es,
872 1269 888 1289 ο
909 1261 1032 1289 Domini-

243 1318 322 1346 para,
336 1316 363 1338 ct
376 1309 459 1345 Virgo
474 1309 743 1340 immaculatissima,
764 1313 845 1344 atque
858 1308 1032 1335 Christiano-

245 1365 305 1385 rum
326 1355 494 1392 confugium.

1077 954 1134 982 cuti
1149 954 1276 986 salutem,
1294 959 1394 987 magna
1409 958 1475 978 voce
1492 947 1691 985 beatiﬁcemns.

1114 1011 1256 1046 Tanquam
1298 1007 1532 1044 pretiosissimum
1572 1012 1605 1031 ac
1638 999 1868 1030 sublimissimum

1081 1043 1209 1084 thronum
1241 1055 1288 1083 Dei
1299 1043 1446 1087 ialtissimil
1462 1052 1617 1082 laudemus,
1635 1056 1652 1076 ο
1668 1045 1780 1082 populi,
1794 1043 1869 1070 illam

1081 1112 1141 1140 qua:
1151 1103 1209 1132 sola
1223 1106 1283 1138 post
1298 1106 1406 1137 partum
1423 1103 1510 1127 mater
1525 1097 1577 1125 fuit
1590 1100 1617 1123 et
1635 1095 1722 1128 virgo.

1120 1159 1160 1187 Tu
1183 1166 1223 1190 es,
1240 1165 1257 1185 ο
1279 1157 1413 1192 Deipara,
1428 1162 1507 1183 arma
1534 1157 1629 1180 nostra
1654 1155 1681 1178 et
1704 1157 1800 1176 murus
1818 1157 1825 1175 :
1841 1151 1870 1175 tu

1081 1205 1238 1242 praesidium
1252 1208 1279 1231 et
1293 1202 1418 1231 defensio
1433 1198 1632 1228 recurrentium
1647 1196 1680 1224 ad
1696 1201 1722 1222 te
1737 1204 1743 1221 :
1759 1199 1785 1221 et
1798 1200 1872 1220 nunc

1082 1239 1109 1279 te
1121 1250 1267 1278 oratricem
1283 1252 1405 1276 nostram
1421 1244 1628 1276 constituimus,
1645 1245 1674 1269 ut
1696 1241 1730 1268 ab
1745 1239 1872 1267 hostibus

1085 1297 1188 1325 nostris
1202 1296 1360 1324 liberemur.

474 1402 556 1438 214
569 1401 610 1429 Ea:
621 1401 728 1429 Conone
738 1402 763 1429 in
780 1400 829 1428 SS.
845 1400 928 1428 Mart.
947 1400 1072 1434 Antium,
1088 1400 1257 1432 Taurionem,
1273 1404 1297 1426 et
1311 1397 1538 1429 Thessalonicam,
1553 1395 1596 1423 die
1609 1394 1636 1421 7.

281 1461 460 1490 Altitudincm
476 1459 608 1503 tremendi
624 1459 744 1495 mysterii
759 1459 809 1490 tui.
822 1463 847 1486 et
861 1458 1033 1493 profundita-

247 1514 302 1536 tem
315 1508 389 1536 illius
400 1505 716 1542 incomprehensibilem,
729 1505 791 1540 quis
803 1504 902 1536 valeat,
913 1511 930 1531 ο
941 1503 1031 1538 Virgo,

1087 1457 1218 1494 processit
1234 1464 1268 1484 ex
1284 1460 1361 1483 utero
1376 1459 1423 1482 tuo
1433 1475 1440 1487 ,
1454 1458 1481 1482 et
1497 1461 1558 1481 cum
1579 1452 1728 1479 humanam
1747 1453 1874 1475 naturam

1087 1493 1241 1540 speciosam
1258 1501 1432 1533 reddidisset,
1444 1500 1535 1528 divina
1547 1498 1703 1534 cognitione
1716 1493 1874 1523 illustravit,

247 1554 337 1582 verbis
357 1541 512 1588 explicate?
533 1551 619 1579 Deum
643 1551 716 1578 enim
742 1550 870 1585 peperisti
895 1549 1033 1576 hominem
1049 1560 1070 1588 ο
1088 1558 1120 1577 ac
1138 1549 1249 1577 malitiae
1262 1547 1464 1576 deformitatem
1487 1545 1617 1578 abstulit,
1640 1551 1656 1570 υ
1671 1541 1751 1576 Virgo
1773 1545 1875 1574 sponsa

247 1601 350 1629 lactant
367 1601 561 1628 citra.omnem
572 1605 683 1625 causam
704 1601 732 1624 et
750 1597 895 1624 rationem.

284 1646 326 1674 Ad
349 1651 375 1673 te
399 1652 507 1678 semper
523 1643 666 1678 coningio,
684 1650 701 1669 ο
717 1641 842 1673 Domina,
861 1641 1037 1668 multiuuline

250 1693 432 1720 tentationum
442 1699 489 1726 per
497 1690 621 1725 singulos
628 1689 687 1716 dies
698 1688 896 1716 circumdatus.
909 1687 1038 1715 Miserere

252 1739 304 1766 mei
324 1742 351 1766 et
373 1738 448 1766 salva
471 1744 533 1768 me,
550 1744 566 1764 ο
586 1736 644 1763 sola
668 1735 742 1762 omni
763 1734 843 1762 laude
859 1733 1037 1768 dignissima,

250 1793 311 1820 quae
326 1784 496 1812 Salvatorem
515 1790 547 1810 ac
578 1781 723 1809 Dominum
746 1781 938 1808 universorum
956 1787 1038 1815 pepe-

250 1831 324 1859 risti.

286 1876 466 1904 Peccatorum
483 1878 644 1909 tempestate
657 1873 875 1909 deprehensum,
892 1876 920 1900 et
934 1872 961 1899 in
980 1871 1039 1900 dis-

251 1922 366 1951 crimine
382 1922 574 1953 constitutum,
589 1928 652 1955 rege
663 1927 716 1952 me,
729 1927 746 1947 ο
763 1919 888 1954 Deipara,
909 1923 1039 1954 tanquam

251 1968 440 2004 gubernatrix,
455 1972 481 1995 et
498 1967 532 1994 ad
548 1966 724 2001 tranquillum
741 1965 961 1999 compunctionis
976 1972 1040 2000 por-

251 2019 309 2043 tum
325 2014 424 2049 dirige.

291 2059 459 2089 Gravissima
474 2063 647 2094 peccatorum
664 2058 771 2086 sarcina
784 2058 968 2093 undequaque
981 2066 1041 2094 pre-

253 2115 328 2141 mor;
343 2112 370 2136 et
387 2107 477 2135 clamo
492 2106 526 2137 ad
551 2110 585 2138 te,
603 2113 620 2133 ο
643 2106 813 2137 castissima,
833 2110 862 2132 ut
876 2106 911 2132 ab
926 2106 977 2132 hac
999 2112 1042 2132 me

253 2154 397 2182 sublevare
416 2153 553 2188 digneris,
573 2156 600 2179 et
621 2153 762 2186 imponere
777 2151 843 2178 mihi
863 2151 958 2187 jugnm
983 2151 1042 2178 leve

255 2200 302 2227 lilii
318 2199 392 2235 quod
417 2199 477 2227 sine
493 2198 690 2233 impedimento
705 2197 790 2225 feram
805 2217 812 2230 ,
835 2197 928 2224 divina
955 2197 1041 2224 inter-

253 2246 379 2274 cessione
393 2250 450 2277 tua,
463 2253 479 2272 o
496 2244 554 2272 sola
568 2243 602 2270 ab
617 2243 691 2270 omni
705 2243 764 2270 labe
779 2243 970 2270 mundissima.

292 2290 420 2323 Verbum,
437 2297 556 2324 sponsus
572 2288 713 2323 speciosus
729 2292 859 2322 tanquam
873 2295 906 2315 ex
921 2286 1042 2314 thalamo

1088 1596 1148 1624 Dei.

1124 1641 1251 1668 Animam
1267 1647 1357 1668 meam
1372 1638 1499 1674 pessimis
1517 1635 1618 1672 peccati
1632 1634 1732 1669 iaculis
1748 1632 1878 1660 vulnera-

1090 1695 1144 1717 tam
1160 1688 1292 1715 miserare
1315 1695 1323 1714 ς
1340 1690 1458 1713 utentem
1480 1691 1566 1711 meam
1584 1682 1702 1717 graviter
1722 1684 1878 1712 transgres-

1089 1735 1212 1764 sionibus
1221 1734 1395 1762 ohscuratam
1404 1731 1538 1762 illumina,
1552 1729 1667 1756 Domina
1679 1726 1804 1761 Deipara,
1816 1731 1880 1759 qua:

1089 1783 1158 1811 lucis
1174 1782 1296 1810 datorem
1309 1779 1447 1806 Christum
1463 1775 1602 1813 peperisti.

1125 1829 1251 1856 Animam
1266 1834 1354 1854 meam
1369 1824 1552 1861 passionibus,
1565 1820 1746 1857 plurimisque
1760 1815 1880 1853 peccatis

1091 1880 1271 1911 peremptam,
1288 1873 1348 1900 vitae
1367 1871 1497 1902 restitue,
1515 1877 1531 1896 ο
1549 1868 1632 1903 Virgo
1649 1865 1780 1893 inviolata
1793 1884 1800 1896 ,
1816 1869 1880 1898 quae

1091 1922 1178 1949 Vitatur
1190 1919 1319 1956 genuisti,
1331 1927 1392 1954 qua
1406 1926 1452 1953 per
1459 1921 1572 1944 mortem
1584 1919 1612 1943 et
1622 1913 1778 1949 passionem
1786 1917 1878 1939 suam.

1091 1974 1186 1995 omnes
1204 1965 1300 1993 mortis
1314 1965 1387 1992 vires
1404 1961 1546 1994 dissolvit;
1565 1965 1593 1988 et
1611 1958 1731 1987 concede
1752 1956 1832 1988 mihi,
1849 1959 1882 1982 ut

1092 2018 1169 2048 grato
1191 2013 1274 2041 corde
1298 2011 1442 2039 concinam
1474 2018 1481 2036 ε
1509 2007 1532 2036 Ο
1561 2006 1695 2042 populus,
1723 2001 1882 2038 super-exal—

1093 2064 1147 2088 tate
1160 2078 1166 2090 ,
1183 2063 1237 2085 etc.

1128 2103 1208 2139 215
1218 2103 1353 2135 lllumina,
1370 2106 1449 2136 porta
1459 2099 1539 2130 lucis,
1553 2097 1672 2125 animam
1685 2102 1786 2127 meam,
1799 2100 1881 2139 quam

1093 2138 1221 2178 inimicus
1244 2153 1416 2184 peccatorum
1443 2145 1564 2174 tenebris
1585 2143 1744 2171 obscuravit
1768 2149 1775 2168 :
1803 2138 1883 2167 etab

1094 2195 1223 2224 omnibus
1247 2194 1328 2229 hujus
1346 2194 1409 2221 vitae
1424 2189 1695 2228 perturbatiorribus,
1713 2195 1745 2214 ac
1761 2184 1883 2214 tenebris

1058 2229 1079 2258 D
1095 2242 1244 2278 perpetuis,
1261 2246 1345 2276 atquc
1364 2241 1398 2267 ab
1422 2239 1494 2275 igne,
1510 2243 1537 2265 et
1555 2244 1648 2264 verme
1671 2235 1755 2261 libera
1775 2240 1837 2264 mc,
1853 2235 1884 2258 ut

1095 2289 1245 2324 glorilicem
1261 2292 1296 2320 te,
1313 2295 1329 2313 ο
1348 2286 1474 2321 Deipara,
1493 2282 1636 2310 hominum
1653 2279 1802 2308 revocatio.

706 2345 748 2372 Ex
760 2345 867 2373 Conone
879 2346 906 2372 in
921 2345 950 2373 S.
968 2345 1124 2374 Hic/mele":
1139 2345 1337 2381 archangelum,
1354 2344 1397 2370 die
1407 2343 1423 2370 8

289 2406 374 2440 Virgo
395 2404 470 2432 omni
493 2404 572 2431 laude
590 2404 746 2433 cumulata.
762 2402 920 2437 angelorum
938 2403 1041 2435 decus,

254 2453 396 2482 hominum
415 2451 567 2482 auxilium,
593 2455 620 2477 tu
644 2450 708 2476 mihi
725 2448 790 2476 allec
813 2457 892 2485 opcm
916 2449 1043 2476 [luctibus

253 2501 368 2536 iactato,
393 2503 475 2533 atque
495 2498 599 2532 peccati
625 2501 786 2531 tempestate
804 2503 912 2530 semper
938 2495 1043 2530 agitato

255 2555 287 2575 ac
302 2554 370 2581 pene
385 2545 520 2577 demerso,
539 2548 620 2578 atqrte
639 2543 664 2571 in
681 2550 790 2570 summo
806 2542 965 2571 discrimine
982 2548 1045 2568 ver-

255 2592 338 2620 santi.

295 2638 347 2672 Qui
363 2637 503 2664 voluntate
518 2643 567 2664 sua
580 2634 775 2662 immateriales
791 2633 912 2661 condidit
927 2637 1042 2665 mentes,

255 2686 282 2712 in
300 2689 378 2712 utero
393 2688 439 2711 tuo
452 2682 585 2710 materiali
601 2681 754 2708 voluntarie
767 2680 909 2711 habitavit,
922 2687 939 2706 0
951 2680 1047 2706 imma-

255 2733 436 2763 culatissima,
451 2735 533 2766 atque
548 2731 574 2757 iu
586 2737 668 2758 carne
679 2728 806 2764 apparuit
819 2727 902 2755 homo
917 2727 1045 2759 visibilis,

257 2779 304 2813 qui
317 2783 376 2806 erat
389 2777 545 2805 invisibilis.

292 2825 390 2853 Partus
407 2825 445 2852 tui
461 2823 620 2859 mysterium
641 2820 832 2849 admirandum
853 2819 1045 2848 intellectuali—

259 2875 300 2898 tcr
316 2872 465 2900 docebatur
476 2870 540 2898 olim
556 2877 632 2897 sacer
648 2868 740 2901 Vates,
757 2868 783 2895 in
798 2867 899 2902 spiritu
911 2867 1007 2894 videns
1022 2870 1047 2893 te

1095 2403 1267 2437 apertissime
1281 2407 1400 2429 tnontcm
1414 2401 1586 2432 umbrosum,
1598 2407 1631 2427 ex
1645 2404 1701 2433 quo
1717 2397 1788 2424 Deus
1803 2403 1885 2424 sanc-

1096 2454 1141 2477 tus
1158 2449 1232 2477 venit
1250 2453 1422 2484 corporatus.

1133 2494 1364 2522 lntellectualihus
1392 2493 1496 2529 angelis
1535 2491 1722 2520 sublimiorem
1757 2494 1782 2516 te
1814 2488 1885 2515 Dcus

1096 2541 1235 2573 ostendit,
1251 2541 1392 2575 ingressus
1407 2539 1434 2573 in
1456 2543 1563 2566 uterum
1581 2543 1674 2570 tuum;
1690 2543 1770 2571 quem
1789 2536 1886 2570 depre-

1097 2596 1170 2621 care,
1189 2595 1205 2614 o
1222 2591 1277 2614 tota
1295 2594 1362 2621 pura
1386 2590 1413 2613 et
1436 2585 1565 2613 inviolata
1577 2605 1584 2617 ,
1606 2591 1713 2618 semper
1731 2590 1781 2617 pro
1798 2582 1886 2609 salute

1099 2634 1253 2662 animarum
1269 2637 1437 2660 nostrarum.

1136 2681 1235 2707 Beatus
1249 2679 1376 2714 populus,
1388 2678 1435 2714 qui
1447 2685 1554 2712 semper
1570 2675 1708 2704 bcatilicat
1719 2680 1755 2706 te,
1767 2681 1784 2701 o
1795 2674 1886 2703 beata.

1100 2735 1160 2762 qua:
1178 2726 1261 2753 Deum
1279 2726 1388 2753 beatum
1413 2724 1552 2759 peperisti,
1569 2722 1615 2757 qui
1635 2721 1764 2749 inell‘abili
1784 2720 1887 2748 unione

1101 2772 1313 2800 misericorditer
1324 2770 1449 2798 homines
1464 2769 1611 2798 deiﬁcavit.

1136 2819 1233 2846 Mentis
1255 2825 1360 2852 magnae
1383 2816 1503 2844 Verbum
1524 2821 1654 2842 aeternum
1674 2820 1738 2842 cum
1762 2812 1789 2840 in
1814 2816 1851 2843 te,
1870 2817 1887 2837 ο

1100 2865 1201 2900 puclla,
1217 2871 1279 2893 vere
1295 2863 1425 2892 inell‘abili
1450 2870 1482 2891 ac
1502 2861 1635 2897 stupenda
1659 2860 1766 2888 ratione
1781 2856 1888 2886 irritabi-

293 2940 373 2977 (92“)
390 2941 481 2975 Deest,
499 2946 527 2969 ut
541 2944 685 2976 sequentes
698 2939 761 2974 duo,
778 2938 805 2967 in
822 2937 933 2966 Mena-is
947 2937 1097 2973 impressis.
