2069 3159
191 208 255 239 ινιτ

883 207 1065 238 MARIALE.

1745 201 1813 233 1218

185 273 257 294 msse
267 265 377 293 vidisset
389 266 570 301 archangelus
583 265 874 298 Gabriel,exclamavit
888 273 894 292 :
908 265 975 298 Ave,
989 268 1014 297 Α
1062 266 1103 294 Ad
1118 272 1212 294 vocem
1225 263 1313 298 angeli
1329 261 1464 290 Gabrielis
1479 260 1629 296 concepisti
1646 260 1730 288 Deum
1748 260 1812 288 νυτ-

184 321 201 339 ο
219 312 369 345 benedicta,
382 312 496 340 thronus
509 311 654 340 Altissimi.

220 357 366 386 Pronubus
393 358 503 385 divinus
526 358 708 392 archangelus
728 362 823 386 astans
846 358 975 385 clamavit

187 404 220 431 ad
234 410 259 431 te
277 414 282 431 :
300 405 368 438 Ave,
385 411 484 439 sponsa
501 403 549 430 Dei
563 404 688 438 innupta,
701 404 861 439 angelorum
878 404 974 439 gloria,

187 455 269 485 atque
285 450 425 477 hominum
439 450 521 486 216
531 449 605 477 salus
618 453 646 477 et
657 450 867 477 munimentum.

195 539 242 566 Ἐκ
257 539 310 565 τοῦ
327 539 461 571 Κανόνος
472 539 514 570 εἰς
525 537 597 571 τοὺς
608 538 712 570 ἁγίους
723 538 878 572 μάρτυρας
896 538 977 573 Ὀνη-

225 575 354 608 σιρόρᾱν
372 573 421 600 καί
453 573 633 606 Πίρφύριον,
650 573 700 608 καί
721 573 775 605 τὰς
794 573 883 606 ὁσίας
913 575 977 601 Μα-

224 609 341 644 τρώνην
356 609 405 636 καί
421 608 617 642 Θεοκτίστην,
630 607 726 642 ἡμέρᾳ
739 608 772 635 0’.

227 686 366 719 Ἐστησας
387 684 501 711 Θανάτου
516 684 566 718 τὴν
586 682 740 719 τυραννίδα,
766 683 916 711 ἀθανασίαν
932 685 979 711 καὶ

191 731 262 766 ζωὴν
278 730 317 765 τῷ
345 730 441 765 κόσμῳ
465 730 602 765 κυήσασα,
631 729 749 764 Χριστὸν
769 730 816 756 τὺν
830 731 979 766 Λυτρωτὴν

191 777 279 811 ἡμῶν,
295 776 419 811 Παροένε
436 776 624 811 ἁπειρόγαμε.

231 822 264 848 Ἦ
275 822 402 857 κυήσασα
413 822 508 857 κόσμῳ
521 822 596 848 Θείαν
611 823 749 858 σωτηρίαν
763 822 810 849 καὶ
820 822 979 857 ἀνάκλησιν,

191 869 251 900 ταῖς
264 868 424 904 πρεσῦείαις
438 877 484 894 σου
497 869 568 901 σῶζε
585 869 648 900 τοὺς
669 869 773 901 πιστῶς
790 876 832 895 σοι
848 867 980 904 προστρέ-

192 922 300 949 χοντας,
314 915 441 949 ἄχραντε.

227 958 343 991 Νεῠσον,
361 958 494 993 πάναγνε,
519 959 639 994 σωθῆναί
656 967 701 995 με·
717 960 763 986 τδν
779 959 834 995 γὰρ
845 959 909 994 θείῳ
922 958 980 985 νεύ-

195 1012 260 1038 ματι
285 1004 315 1031 τὸ
343 1004 397 1031 πᾶν
415 1005 584 1041 περιάγοντα
609 1005 794 1040 ἐσωμάτωσας
813 1004 879 1031 Θεδν
894 1004 983 1039 Λόγον

193 1049 263 1084 ὑπὲρ
278 1049 355 1084 λύγον
371 1050 417 1077 καὶ
431 1050 562 1077 διάνοιαν.

230 1096 352 1122 ’ΊΙνωται
366 1097 395 1122 ὲν
407 1098 499 1133 μήτρᾳ
520 1106 567 1124 σου
581 1099 594 1124 ὁ
605 1097 796 1132 Πλαστουργδς
810 1099 902 1135 σαρκὶ,
917 1098 985 1124 πάν-

194 1149 270 1176 αγνε,
302 1142 398 1176 μείνας
417 1143 432 1169 ὅ
447 1141 491 1179 ἦν,
511 1144 586 1176 ὅπως
602 1145 631 1171 τὺ
645 1144 676 1172 εὖ
699 1143 770 1172 εἶναι
789 1146 845 1177 τοῖς
879 1144 984 1181 ἀνθρώ-

196 1196 256 1219 ποις
275 1188 443 1224 δωρήσηται.

230 1233 446 1269 Σωματούμενον
472 1234 593 1270 ἑκύησας
608 1235 674 1263 Θεὸν
689 1236 786 1270 Λόγον,
802 1236 982 1272 ὁμοιωθῆναι,

195 1279 283 1314 Κέρη.
299 1279 342 1306 διὰ
356 1281 497 1315 σπλάγχνα
511 1281 603 1313 ἐλέους
617 1282 700 1309 πᾶσιν
708 1282 903 1318 εὖδοκήσαντα,
916 1292 985 1310 παν-

201 1326 300 1360 ἀμωμε
312 1326 456 1353 Δέσποινα.

232 1371 269 1397 υὺ
285 1371 372 1398 λιπὼν
384 1371 418 1398 τὰ
433 1371 558 1408 οὐράνια,
585 1373 714 1409 ἄχραντε,
733 1374 860 1401 κενοῦται
872 1374 938 1406 Θεὸς
953 1375 982 1401 ἐν

199 1417 297 1453 μήτρα
310 1426 366 1451 σου,
383 1417 430 1445 καὶ
446 1421 584 1454 μετρεῖται
599 1421 612 1446 ὁ
628 1419 783 1456 ἀμέτρητος
793 1421 828 1447 τὰ
844 1421 988 1456 ἀμέτρητά

200 1471 249 1498 μου
263 1463 335 1490 λύων
350 1465 521 1500 πταίσματα.

240 1508 395 1544 Ἐνῴκησεν
411 1511 440 1537 ἐν
454 1512 496 1537 σοὶ
510 1511 646 1546 χωρηθεὶς
657 1512 670 1539 ὁ
688 1511 842 1547 ἀχώρητος,
857 1511 905 1539 καὶ
917 1511 987 1538 ἐδει-

199 1554 243 1587 ξεν
255 1555 377 1590 οὐρανῶν
391 1564 421 1582 σε
438 1556 620 1593 πλατυτέραν,
639 1557 761 1593 Παρθένε
775 1566 782 1574 ·
797 1557 837 1584 διό
850 1566 878 1584 σε
895 1567 988 1593 μακα-

201 1601 321 1636 ρῐζομεν.

233 1648 349 1684 Νεκρῶν
359 1658 386 1676 τε
404 1650 450 1676 καὶ
464 1649 518 1676 τῶν
528 1649 637 1682 ζώντων
652 1650 792 1686 Δεσπότην
805 1649 990 1684 ἀποτεκοῦσα,

201 1693 235 1720 τὰ
251 1694 335 1730 πάθη,
350 1695 516 1731 πανάμωμε,
533 1696 568 1723 τὰ
579 1698 628 1732 τῆς
644 1696 744 1732 σαρκός
757 1705 808 1733 μου
823 1696 989 1724 Θανάτωσον.

237 1789 372 1825 Νομίμων
388 1789 450 1825 δίχα
472 1789 592 1825 φύσεως,
613 1783 748 1826 Παρθένε,
772 1792 819 1817 τὸν
842 1792 991 1827 νομοδότην

203 1835 316 1869 τίκτεις,
330 1836 537 1864 ἀναπλάττοντα
547 1837 596 1871 τὴν
606 1845 668 1863 συντ
674 1836 796 1872 ριϐεῖσαν
810 1837 890 1871 φύσιν
901 1837 991 1873 ἡμῶν,

203 1882 232 1908 ὄν
244 1881 363 1909 δυσώπει
378 1882 463 1909 σῶσαί
481 1891 514 1918 με
533 1882 681 1918 ἁμαρτίαις
696 1882 917 1918 συντριϐόμενον.

238 1969 390 1997 Δεδούλωτο
404 1970 530 2006 ἁμαρτία
545 1972 562 2006 ἡ
576 1970 658 2005 φύσις
667 1971 722 1997 τῶν
735 1971 899 2007 ἀνθρώπων,
924 1972 993 2000 ἀλλὰ

204 2015 305 2051 ταύτην
320 2016 429 2052 ἐρῤύσω
446 2017 495 2050 τῆς
510 2017 644 2052 πονηρᾶς,
667 2017 793 2048 θεοτόκε,
808 2017 932 2048 δουλείας
945 2018 992 2044 τὸν

204 2061 258 2088 τῶν
270 2061 396 2087 ἁπάντων
408 2061 547 2095 Δεσπότην
561 2062 688 2096 κυήσασα
703 2061 748 2088 τὸν
766 2062 892 2098 δείξαντα
911 2063 994 2089 πᾶσιν

205 2107 270 2142 ἡμῖν
285 2108 333 2142 τῆς
343 2105 417 2140 ζωῆς
430 2105 480 2137 τὰς
501 2105 634 2138 εἰσόδους,
647 2105 814 2140 πανάμωμε.

241 2195 455 2232 Σεσαρκωμένον
476 2195 562 2229 Λόγον
592 2194 646 2221 σῶν
672 2194 701 2227 ἐξ
728 2194 854 2229 αἱμάτων
893 2195 996 2225 sinat;

208 2243 320 2278 βροτοὺς
335 2242 435 2269 οεῶσαι
450 2242 647 2278 εὐδοκήσαντα,
663 2241 797 2277 Παρθένε,
807 2242 870 2273 τοὺς
881 2241 997 2276 μέλπον-

207 2288 303 2320 τας·’0
316 2288 370 2314 τῶν
387 2288 514 2324 πατέρων
529 2287 608 2324 ἡμῶν
622 2287 699 2320 Θεὸς,
716 2287 861 2323 εὐλογητὸς
875 2285 910 2314 εἰ.

245 2380 352 2408 Λὺουσα
366 2381 438 2413 Εὔας
453 2382 502 2416 τὴν
516 2382 652 2416 κατάραν,
668 2381 870 2416 παναμώμητε,
886 2381 998 2416 ἐγέννη-

211 2436 271 2459 σας,
291 2427 423 2463 Παρθένε,
439 2428 484 2453 τὸν
500 2427 554 2455 τῶν
565 2428 634 2454 ὅλων
645 2428 722 2460 Θεὸν,
737 2428 886 2464 ἀφράστως
901 2428 999 2454 συλλα-

211 2475 306 2507 ϐοῦσα,
323 2474 370 2501 καὶ
396 2474 465 2510 ὑπὲρ
485 2474 548 2500 νοῦν
564 2475 692 2510 κυήσασα
722 2475 861 2510 σωτηρίαν
885 2476 940 2506 τοῖς
953 2475 1000 2501 ἀν-

210 2521 339 2556 θρώποις.

253 2566 344 2594 Ῥόδον
362 2566 492 2593 ἐκλεκτὸν
506 2567 535 2593 ἐν
553 2567 613 2597 ταῖς
632 2566 750 2599 κοιλάσι,
769 2568 855 2601 Κόρη,
874 2567 922 2594 τοῦ
941 2568 999 2603 βίου

211 2613 348 2649 εὑρηκὼς,
363 2613 473 2648 ἠράσθη
496 2621 543 2640 σου
563 2612 611 2639 τοῦ
630 2612 746 2645 κάλλους
759 2613 844 2647 Λόγος
860 2614 907 2641 τοῦ
920 2615 1000 2649 Θεοῦ,

213 2660 258 2686 καὶ
278 2659 432 2695 σαρκωθεὶς
445 2659 576 2686 εὐωδίασε
588 2659 639 2694 τὴν
655 2659 831 2694 οἰκουμένην.

255 2747 318 2774 ’1δοῦ
327 2748 343 2782 ἡ
360 2747 506 2782 Παρθένος,
518 2747 555 2778 ὦς
563 2748 681 2782 φησινὲν
690 2747 826 2783 πνεύματι
841 2750 855 2775 ὁ
875 2748 1001 2782 Ἡσαΐας,

214 2794 293 2830 ἔσχεν
313 2795 342 2820 ἐν
360 2794 449 2828 κοιλίᾳ
471 2794 516 2820 τὸν
542 2794 615 2828 ἡμᾶς
631 2793 784 2829 ῥυσάμενον
806 2794 870 2828 ᾇδου
898 2795 1002 2827 κοιλίας

215 2840 335 2871 suae“);
349 2839 466 2875 βοῶντας
481 2848 487 2855 ·
509 2840 635 2875 Ὑμνεῖτε
658 2840 705 2868 τὸν
731 2841 832 2877 Κύριον
854 2841 899 2868 καὶ
916 2841 1003 2877 ὑπερ-

216 2886 327 2922 odio-315.

253 2932 373 2968 Φορὲσας
400 2941 433 2968 με
454 2931 514 2959 ὅλον
544 2933 575 2959 ὲκ
601 2932 654 2960 τῶν
682 2933 736 2960 σῶν
769 2933 849 2960 θείων
879 2933 1003 2967 αἱμάτων

1026 312 1104 344 bum,
1120 320 1137 339 ο
1154 309 1407 341 intemeratissima,
1423 307 1470 341 qui
1485 306 1568 333 verbo
1583 313 1667 340 super
1680 312 1730 333 nos
1741 313 1816 333 exer-

1027 358 1099 385 citus
1109 355 1222 387 creavit,
1236 359 1264 381 et
1276 353 1388 381 verbum
1403 354 1524 387 prastat,
1539 358 1599 385 quo.
1608 350 1718 377 laudare
1730 349 1817 384 possi-

1026 410 1090 430 mus
1106 405 1231 429 sanetam
1248 400 1321 427 illius
1336 397 1599 426 condescensionem
1611 415 1619 429 ,
1635 403 1696 431 qua:
1710 400 1752 423 est
1769 403 1813 422 su-

1029 456 1076 483 per
1085 455 1166 475 omne
1180 446 1292 475 verbum
1308 449 1336 473 et
1347 443 1555 480 cogitationem.

1031 534 1073 562 Ex
1087 533 1195 561 Canane
1209 531 1310 567 duplici
1329 533 1357 558 in
1382 530 1447 565 festo
1465 529 1516 557 SS.
1533 527 1695 567 ‘Qnesiphori
1710 526 1817 567 ethm-

1063 569 1148 610 pliyrii
1165 561 1310 631 Ziergjrum
1320 571 1345 594 et
1362 561 1515 593 athletarum
1530 561 1659 591 Matrona
1679 571 1710 589 ac
1723 561 1820 589 Theoc-

1067 609 1148 636 usue,
1186 612 1209 630 te
1243 622 1251 630 .
1288 610 1297 622 ο

1066 678 1159 706 Finem
1177 677 1334 713 Imposuisti
1352 676 1448 703 mortis
1466 673 1622 711 tyrannidi,
1637 680 1653 700 0
1669 671 1751 708 Virgo
1768 671 1826 699 viri.

1032 725 1134 757 nescia,
1155 723 1256 751 mundo
1273 722 1505 750 immortalitatem
1532 728 1565 748 ac
1584 720 1668 747 vitam
1690 718 1820 754 genuisti,

1031 771 1170 799 Christum
1185 769 1291 798 scilicet
1303 769 1512 803 Redemptorem
1529 772 1666 794 nostrum.

1066 815 1088 843 Ο
1103 815 1233 843 inviolata
1244 835 1251 847 ,
1277 822 1338 850 qua
1351 814 1470 842 divinam
1489 814 1605 841 salutem
1619 820 1652 840 ac
1670 811 1823 847 reparatio-

1034 870 1094 889 nem
1116 862 1217 889 llltllldO
1240 861 1387 896 peperisti,
1411 861 1486 887 salva
1503 859 1746 888 intercessionibus
1769 858 1826 886 tuis

1034 916 1082 936 eos
1096 908 1141 942 qui
1161 907 1277 934 tideliter
1290 912 1435 934 recurrunt
1453 906 1488 932 ad
1507 911 1541 933 te.

1069 951 1375 985 Annue,ocastissima,
1389 951 1469 978 saluti
1486 957 1553 978 mea!
1565 959 1572 977 :
1585 950 1686 978 etenim
1700 953 1769 980 nutu
1780 949 1825 976 di—

1034 997 1099 1024 vino
1115 997 1242 1024 universa
1255 997 1489 1032 circulnagentem
1504 996 1590 1023 Deum
1607 994 1726 1023 Verbum
1740 1002 1832 1030 supra

1034 1043 1109 1070 verbi
1128 1043 1280 1077 ruentisque
1290 1046 1452 1077 conceptum
1471 1041 1638 1076 eorporasti.

1073 1089 1170 1117 Unitus
1183 1094 1225 1116 est
1246 1090 1273 1116 in
1297 1094 1376 1117 utero
1390 1093 1438 1116 tuo
1459 1088 1534 1116 carni
1550 1087 1675 1120 Creator,
1696 1094 1713 1114 ο
1727 1086 1827 1114 castis»

1036 1136 1117 1169 sima,
1135 1143 1249 1163 manens
1267 1135 1294 1164 id
1310 1135 1383 1170 quod
1397 1140 1475 1168 erat,
1491 1139 1522 1162 ut
1536 1134 1696 1162 hominibus
1711 1132 1828 1162 felicita-

1037 1187 1089 1209 tem
1104 1182 1168 1209 vita:
1185 1181 1341 1216 largiretur.
1527 1178 1529 1182 ⁷

1075 1228 1158 1255 Deum
1173 1227 1293 1255 Verbum
1311 1230 1486 1262 corporatum
1504 1225 1644 1261 peperisti,
1660 1233 1676 1253 ο
1691 1224 1781 1260 puella
1797 1231 1829 1252 ac

1037 1274 1152 1302 Domina
1166 1273 1431 1305 immaculatissima,
1441 1273 1484 1300 cui
1497 1272 1624 1308 placitum
1638 1271 1689 1298 fuit
1699 1270 1828 1298 omnibus

1038 1328 1068 1347 as
1078 1319 1186 1346 .imilari
1203 1324 1313 1354 propter
1328 1319 1434 1346 viscera
1450 1317 1645 1346 misericordia:
1656 1324 1722 1344 sum.

1074 1365 1132 1392 Non
1154 1365 1314 1400 relinquens
1330 1364 1452 1392 emlestia
1470 1363 1634 1391 exinanitus
1652 1366 1699 1390 est
1711 1362 1781 1389 Deus
1801 1361 1834 1389 in-

1039 1416 1116 1439 utero
1129 1417 1186 1445 tuo,
1208 1419 1225 1439 o
1238 1411 1377 1443 inviolata,
1392 1414 1419 1438 et
1434 1410 1585 1438 immensus
1599 1412 1830 1437 mensuratusest

1040 1456 1176 1483 immensa
1192 1460 1303 1491 peccata
1316 1455 1484 1483 diminuens.

1076 1501 1215 1529 Habitavit
1225 1502 1252 1529 in
1266 1506 1292 1529 te
1303 1501 1519 1536 comprehensus
1530 1499 1830 1535 incomprehensibilis,

1040 1552 1067 1575 et
1084 1548 1173 1576 ell‘eeit
1195 1553 1222 1576 te
1250 1547 1328 1575 caelis
1356 1547 1497 1579 latiorem,
1529 1553 1546 1573 ο
1572 1545 1666 1581 Virgo.
1685 1545 1831 1580 Propterea

1043 1593 1148 1621 beatam
1164 1599 1189 1621 te
1200 1594 1328 1621 dicimus.

1081 1639 1250 1667 lilortuorum
1266 1647 1299 1667 ac
1319 1639 1468 1666 viventium
1491 1637 1637 1665 Dominum
1652 1637 1733 1665 enixa
1744 1656 1752 1670 ,
1767 1644 1832 1672 pas-

1042 1688 1135 1716 siones
1151 1687 1242 1714 carnis
1261 1694 1327 1714 mea:
1343 1685 1488 1717 mortil‘teo,
1512 1694 1529 1712 υ
1551 1683 1683 1712 immunis
1699 1683 1736 1710 ab
1757 1682 1831 1710 omni

1043 1733 1162 1761 macula.

1078 1781 1158 1815 217
1176 1779 1277 1807 Frater
1300 1783 1447 1806 consuetas
1468 1784 1573 1805 natura:
1597 1777 1671 1813 leges
1692 1775 1832 1811 peperisti,

1043 1834 1060 1854 ο
1072 1822 1173 1862 Virgo,
1192 1826 1386 1860 legislaturem,
1403 1824 1450 1859 qui
1478 1829 1604 1851 naturam
1628 1826 1750 1850 nostram
1768 1828 1834 1848 con-

1045 1873 1135 1900 tritam
1150 1872 1319 1900 reformavit.
1338 1871 1469 1898 Emndcm
1498 1870 1666 1905 deprecare,
1685 1873 1715 1896 ut
1736 1867 1802 1894 mihi
1819 1874 1834 1893 a

1045 1919 1162 1953 peccatis
1177 1917 1294 1945 contrito
1310 1917 1424 1944 salutem
1440 1917 1583 1944 concedat.

1082 1964 1109 1991 In
1132 1965 1291 1992 servitutem
1313 1963 1416 1997 peccati
1435 1963 1542 1989 reducta
1565 1966 1607 1989 est
1622 1967 1719 1989 natura
1743 1962 1835 1989 homir-

1046 2019 1128 2042 num;
1145 2016 1172 2037 at
1187 2017 1225 2041 tu,
1243 2019 1259 2037 0
1282 2009 1405 2044 Deipara,
1426 2009 1498 2036 illam
1534 2016 1547 2034 a
1570 2008 1688 2042 pessima
1705 2008 1836 2035 servitute

1046 2057 1195 2088 redemisti,
1212 2055 1356 2082 Dominum
1383 2055 1574 2082 universorum
1595 2054 1691 2086 enixa,
1707 2061 1724 2080 ο
1738 2055 1836 2081 imma-

1046 2103 1226 2134 culatissima,
1250 2101 1294 2136 qui
1324 2102 1452 2128 ominibus
1472 2101 1552 2128 nobis
1577 2100 1638 2127 vita:
1672 2099 1765 2127 aditus
1787 2100 1836 2126 do-

1047 2148 1219 2176 monstravit.

1084 2194 1256 2222 hicat-natum
1273 2193 1391 2220 Verbum
1424 2201 1455 2220 ex
1478 2191 1533 2218 tuis
1556 2191 1736 2225 sanguinibns
1759 2199 1837 2225 pepe-

1048 2241 1120 2272 risti,
1135 2249 1151 2267 ο
1171 2240 1273 2275 Virgo;
1288 2240 1330 2266 cui
1350 2239 1480 2273 placitum
1499 2237 1550 2264 fuit
1564 2237 1692 2264 deilicare
1711 2237 1837 2264 homines

1011 2291 1037 2320 D
1051 2286 1251 2321 quieoncinunt
1269 2294 1275 2312 :
1291 2285 1453 2312 Benedictus
1467 2292 1508 2316 es,
1525 2283 1595 2309 Deus
1608 2288 1714 2317 patrum
1730 2286 1840 2310 nostro-

1050 2341 1121 2362 rum.

1086 2379 1203 2407 Solvens
1219 2378 1280 2405 Evte
1295 2378 1526 2409 mali-dictionem,
1541 2376 1676 2411 genuisti,
1690 2384 1706 2401 ι)
1722 2374 1838 2402 inviola-

1050 2426 1168 2457 tissima.
1192 2425 1314 2453 (mnuum
1336 2424 1438 2455 Detun;
1459 2431 1540 2458 quem
1558 2422 1733 2450 ineﬂ‘ubiliter
1745 2429 1839 2448 conce—

1050 2473 1124 2507 pisti,
1142 2476 1224 2506 atque
1238 2469 1487 2504 inexeogitabiliter
1508 2467 1638 2502 pepulisti
1651 2467 1677 2494 in
1697 2466 1838 2493 hominum

1051 2518 1178 2546 salutem.

1086 2565 1153 2591 Cum
1169 2568 1205 2595 te,
1225 2571 1241 2590 ο
1258 2561 1358 2597 puella,
1380 2568 1470 2588 rosam
1486 2559 1599 2587 eiectatur
1626 2559 1652 2585 in
1670 2557 1840 2585 convallibus

1051 2609 1114 2637 vitae
1135 2609 1251 2636 Verbum
1281 2607 1327 2635 Dei
1355 2607 1526 2638 invenisset,
1551 2603 1765 2640 pulchritudinis
1789 2608 1841 2629 tua:

1052 2663 1145 2684 amore
1165 2659 1274 2689 captum
1297 2657 1351 2687 est,
1374 2657 1402 2680 et
1415 2653 1608 2684 incarnatum,
1624 2650 1709 2677 odore
1729 2648 1848 2683 replevit.

1053 2701 1145 2729 orbem
1160 2706 1306 2728 terrarum.

1090 2747 1159 2774 Ecce
1174 2743 1506 2780 Virgo,quematlmodum
1519 2742 1545 2769 in
1557 2741 1653 2776 spiritu
1666 2740 1735 2768 dixit
1746 2741 1842 2774 Isaias,

1054 2794 1080 2821 in
1098 2797 1174 2820 Illt'l‘O
1190 2792 1285 2818 habuit
1307 2791 1383 2818 illum
1405 2789 1451 2824 qui
1473 2795 1522 2814 nos
1541 2787 1574 2813 ab
1596 2786 1747 2813 inferorum
1765 2791 1843 2815 utero

1055 2839 1180 2870 redemit,
1197 2838 1323 2872 religiose
1339 2840 1468 2863 canentes
1483 2839 1489 2860 ὲ
1507 2833 1628 2859 Lundale
1645 2832 1799 2865 Dominum,
1816 2837 1844 2860 et

1055 2885 1256 2920 superexaltate
1267 2905 1275 2917 ,
1292 2888 1344 2911 etc.

1092 2932 1194 2961 Fcrens
1208 2940 1251 2960 me
1267 2935 1354 2959 totum
1370 2934 1499 2963 tanquam
1514 2930 1615 2954 vestem
1630 2933 1662 2953 ex
1678 2925 1733 2953 tuis
1743 2925 1844 2953 divinis
