2069 3159
254 181 324 214 1239

819 185 850 215 S.
869 184 1027 215 JOSEPHI
1045 184 1332 216 HYMNOGRAPHI

1811 179 1881 212 1240

252 239 431 275 sanguinilius
442 259 449 272 ,
472 247 489 267 ο
503 239 743 268 intemeratissima
755 261 762 274 ,
778 244 907 276 tanquam
923 249 1034 277 sponsu:

1093 243 1258 278 προέρχεται
1271 242 1310 275 ὡς
1329 241 1456 278 νυμφίος,
1474 240 1675 277 παναμώμητε,
1689 239 1704 266 ό
1727 239 1879 274 Δεσπότης,

255 286 389 313 Dominus
414 286 565 320 processit;
583 290 610 313 et
624 285 695 314 lacte
711 291 758 314 tuo
781 287 900 315 nutritus
920 293 980 320 est,
995 288 1042 323 qui

251 333 367 359 consilio
387 340 436 359 suo
459 332 545 360 nutrit
558 339 654 360 omnes
676 338 829 365 creaturas,
858 341 875 360 ο
900 334 1041 362 benedicta

251 384 360 410 Semper
372 375 465 412 Virgo.

288 423 309 449 0
324 423 424 457 puella,
440 423 638 458 quaemanibus
652 423 706 452 tuis
718 423 794 451 illum
806 424 903 457 tulisti,
915 424 961 459 qui
972 430 1040 452 nutu

250 469 304 495 fert
319 469 459 500 universa,
477 469 561 496 libera
579 477 622 497 tne
639 477 654 497 a
670 477 753 497 manu
774 470 856 497 alieni
875 470 1041 498 mediatioue

251 519 308 547 tua,
321 521 347 542 cl.
360 515 420 542 luce
436 519 480 542 tua
494 515 615 542 illumina
632 519 750 543 mentem
764 522 851 543 meam
865 535 874 548 ,
884 520 910 543 et
921 516 1040 543 alienum

251 562 295 589 fac
303 569 345 588 me
355 569 369 587 a
382 561 555 596 passionibus
563 569 624 596 qua:
633 560 807 596 impudenter
817 566 974 598 oppugnant
985 569 1040 590 me.

251 660 334 697 218
345 661 505 698 EI‘Canone
519 670 546 688 ιη
559 662 626 698 [esto
638 661 688 689 SS.
705 663 888 698 apostolorum
908 662 1039 698 Olympia,

381 696 524 723 Rhodiouis
535 717 542 729 ,
559 696 712 732 Sotipatrt',
723 696 789 732 cla,
804 698 846 725 die
862 699 906 725 10.

287 786 380 813 Genus
391 786 540 814 humanum
555 792 633 821 partu
651 791 697 815 tuo
711 787 864 816 reformasti
876 807 883 819 ,
899 795 915 815 ο
931 786 1014 822 Virgo
1031 795 1042 814 .-

250 833 370 861 Verbum
401 841 519 868 namque
550 833 639 862 Patris
665 834 795 869 genuisti,
824 834 897 870 quod
928 841 1038 861 carnem

252 879 395 906 mortalem
423 879 556 914 gestavit,
583 883 611 906 et
642 879 699 907 vias
721 879 936 906 immortalitatis
959 879 1038 906 nobis

249 923 379 949 ostendit.

286 966 461 1002 Unigenitum
480 967 569 995 Patris
588 967 699 1001 Filium,
714 967 760 1003 qui
777 967 854 1003 prius
867 967 958 996 fuerat
977 968 1037 996 sine

249 1017 354 1044 matre,
370 1020 442 1040 nunc
460 1021 492 1041 εκ
510 1018 536 1040 te
552 1013 612 1041 εἰηο
637 1019 714 1049 patre
734 1018 829 1041 natum
844 1019 1034 1050 agnoscentes.

249 1056 296 1084 Dei
314 1062 427 1085 matrem
445 1063 470 1086 te
486 1059 661 1092 confitemur.
684 1067 745 1094 quae
765 1060 824 1087 sine
842 1059 936 1086 dolore
954 1067 1036 1095 pepe-

249 1103 321 1136 risti,
339 1107 369 1131 et
389 1105 466 1137 virgo
482 1104 654 1140 permansisti
670 1105 774 1133 ratione
790 1104 918 1133 inelfabili
930 1126 938 1138 ,
955 1113 971 1133 ο
987 1105 1034 1133 Dei

248 1157 349 1184 sponsa
361 1146 456 1177 Maria’.

284 1195 414 1223 Min-acula
430 1196 570 1231 superavit
586 1197 714 1224 universa
731 1198 892 1225 miraculum
905 1198 972 1226 illud
986 1206 1036 1226 no-

246 1249 323 1275 vum,
344 1242 416 1276 quod
435 1243 462 1269 iu
480 1247 516 1274 te,
540 1250 557 1270 ο
581 1243 741 1278 purissima,
761 1243 906 1271 manifeste
931 1243 1034 1272 factum

245 1290 304 1313 est:
317 1285 400 1323 Deum
411 1287 483 1314 enim
495 1287 673 1322 corporaliter
683 1288 824 1323 peperisti,
834 1296 850 1315 o
863 1288 908 1316 Dei
920 1296 1032 1324 sponsa,

247 1331 404 1360 hominibus
428 1332 642 1361 misericorditer
670 1335 776 1362 unitttm
805 1334 907 1362 unione
932 1337 1034 1370 imper-

244 1379 336 1406 misti.

280 1425 436 1460 Concepisti
451 1434 498 1462 per
513 1427 626 1454 verbum
647 1427 787 1460 Verbum,
811 1435 827 1455 o
850 1427 1032 1455 illibatissima

246 1471 370 1507 Deipara,
387 1480 420 1500 ac
440 1481 522 1508 supra
543 1473 787 1507 verbum,factum
812 1473 963 1505 hominem,
983 1480 1032 1508 pe~

244 1518 350 1553 peristi,
369 1522 512 1553 propterea
531 1523 556 1546 te
571 1519 661 1548 verbis
678 1519 810 1547 divinitus
825 1519 965 1555 inspiratis
985 1526 1030 1547 as-

244 1563 323 1591 sidue
337 1564 535 1593 beatiﬁcatnus.

280 1608 421 1644 Tanquam
446 1610 520 1637 aliud
545 1610 645 1638 caelum
676 1611 760 1645 priori
789 1611 858 1639 coelo
885 1598 1067 1639 sublimiusc|

243 1654 357 1689 factum,
371 1660 407 1688 te,
419 1655 545 1685 Domina.
554 1657 739 1691 gloriﬁcamus
749 1666 757 1690 ;
767 1658 839 1692 quod
850 1658 927 1685 nobis
940 1657 1031 1685 Solem

242 1701 355 1736 ῇιιειίιίιε
375 1702 497 1736 protulit,
514 1708 541 1729 ct
563 1702 712 1737 profundas
731 1704 890 1738 ignorantiae
906 1703 1031 1732 tenebras

243 1746 405 1774 eliminarit.

283 1790 404 1820 Verbum
420 1792 508 1821 Patris
536 1798 701 1821 coaeternum
713 1813 720 1826 ,
735 1794 892 1822 bominibtts
914 1795 1031 1823 manife-

243 1842 356 1870 statum,
373 1840 536 1874 corporasti,
553 1848 569 1867 ο
582 1841 681 1875 puclla.
703 1845 730 1869 et
751 1841 777 1868 in
801 1848 882 1868 carne
903 1841 1029 1876 peperisti

245 1883 382 1910 hominem
400 1885 499 1912 fartum
515 1891 626 1921 propter
643 1887 761 1914 hominis
776 1887 904 1915 salutem.
924 1887 1031 1915 Lauda-

241 1928 306 1956 bilis
317 1935 343 1957 et
355 1931 576 1966 supcrgloriosus
591 1932 663 1960 Deus
675 1938 794 1968 patrum.

280 1975 353 2004 Urna
363 1985 424 2011 quae
438 1978 503 2005 olim
522 1986 622 2007 manna
643 1979 757 2012 ferebat,
773 1984 810 2012 te,
829 1988 845 2008 ο
862 1985 947 2014 casta,
966 1980 1032 2016 figu-

242 2021 320 2048 rabat
337 2031 343 2049 :
359 2023 498 2051 Christum
518 2026 602 2058 enim,
615 2026 787 2054 dulcedinem
809 2031 944 2060 nostram,
965 2035 1030 2062 por-

243 2068 316 2099 tasti,
333 2075 349 2095 o
364 2070 528 2102 veneranda,
546 2076 573 2098 et
592 2071 618 2098 in
632 2079 716 2099 carne
734 2072 876 2107 peperisti,
891 2073 937 2107 qui
949 2072 1031 2108 eripit

241 2113 276 2140 ab
289 2115 363 2141 omni
376 2116 557 2144 amaritudine
569 2117 782 2146 foedissimorum
797 2123 968 2153 peccatorum
982 2126 1029 2146 eos

241 2159 287 2194 qui
303 2162 508 2195 superexaltant
523 2163 610 2198 ipsum
630 2163 657 2191 in
675 2164 784 2192 saacula.

278 2206 372 2241 Parce,
388 2208 518 2242 Domine,
543 2210 642 2245 populo
655 2215 701 2238 tuo
712 2231 720 2244 ,
750 2218 766 2237 a
782 2210 965 2238 Barbarorum
987 2211 1030 2238 in-

1094 288 1141 314 καὶ
1159 288 1276 321 γάλακτι
1287 287 1448 324 ὲκτρέφεται
1462 287 1571 314 ἃπασαν
1599 286 1650 321 τὴν
1671 285 1761 312 κτίσιν
1774 284 1881 321 διατρέ-

1093 342 1152 368 φων
1167 334 1327 369 βουλήματι,
1341 333 1512 370 εὐλογημένη
1533 332 1723 368 Ἀειπὰρῦενε.

1130 422 1266 458 Φέρουσα,
1280 422 1370 458 Κόρη,
1387 423 1448 454 ταῖς
1461 422 1540 458 χερσὶ
1563 421 1607 448 τδν
1623 421 1657 448 τὰ
1678 420 1825 456 σύμπαντα
1842 420 1882 456 τῷ

1093 468 1207 504 νεύματι
1220 469 1348 504 φέροντα,
1363 468 1456 504 χειρός
1475 476 1508 503 με
1521 467 1661 502 λύτρωσαι
1673 466 1721 493 τοῦ
1737 466 1879 502 ἀλλοτρίου

1092 516 1124 550 τῇ
1144 515 1267 550 μεσιτείᾳ
1280 523 1337 547 σου,
1354 515 1402 542 καὶ
1412 514 1453 549 τῷ
1465 513 1535 548 φωτί
1545 521 1593 540 σου
1606 512 1657 547 τὴν
1673 512 1744 548 ἐμὴν
1759 512 1881 539 διάνοιαν

1092 563 1219 596 φῶτισον,
1238 560 1286 588 καὶ
1300 560 1480 596 ἁλλοτρίωσον
1494 559 1550 586 τῶν
1570 558 1665 586 παθῶν
1686 558 1740 585 τῶν
1762 558 1880 590 ἀναιδῶς

1091 607 1284 643 πολεμούντων
1299 615 1345 643 με.

1097 661 1148 690 Ἐκ
1174 661 1228 689 τοῦ
1247 662 1382 694 Κανόνος
1402 663 1446 695 εις
1468 661 1540 694 τοὺς
1560 661 1665 695 ἁγίους
1688 660 1881 694 ἀποστόλους

1132 696 1297 732 Ὀλυμπᾶν,
1305 697 1456 730 Ῥοδίωνα,
1471 697 1676 730 Σωσίπατρον,
1686 704 1713 723 κ.
1721 703 1748 723 τ.
1756 697 1798 728 λ..
1808 695 1880 730 ἠμέ-

1121 741 1163 766 ρᾳ
1179 735 1206 760 t'.

1125 789 1205 822 Γένος
1219 788 1249 816 τὸ
1274 788 1446 825 ἀνθρώπινον
1467 790 1500 824 τῇ
1521 791 1554 825 σῇ
1573 788 1722 824 κυοφορίᾳ,
1738 787 1880 823 Παρθένε,

1090 835 1254 868 ἀνέπλασας·
1262 835 1348 870 Λόγον
1359 835 1412 871 γὰρ
1423 835 1542 870 ἐκύητας
1548 836 1592 863 τὸν
1603 836 1649 862 τοῦ
1658 834 1776 868 Πατρδςρ
1788 835 1879 868 σάρκα

1090 879 1191 915 Θνητὴν
1207 879 1361 915 φορέσαντα
1371 900 1378 913 ,
1395 881 1443 907 καὶ
1458 880 1608 912 ἀθανασίας
1630 880 1707 912 ὁδοὺς
1727 880 1793 915 ἡμῖν
1813 880 1880 906 ὐπο-

1050 921 1075 951 Β
1088 925 1225 959 δείξαντα.

1123 971 1187 998 Υιὺν
1204 971 1250 998 τοῦ
1264 971 1369 1007 Πατρός
1387 971 1529 1007 μονογενῆ,
1552 971 1679 1006 ἀμήτορα
1693 970 1722 998 τδ
1735 969 1879 1005 πρότερον,

1087 1019 1120 1045 ὲκ
1137 1017 1185 1044 σοῦ
1208 1017 1338 1053 τεχθέντα
1367 1017 1477 1053 γνόντες
1502 1017 1646 1053 ἀπάτορα,
1671 1017 1739 1044 Θεοῦ
1765 1017 1879 1051 Μητέρα

1086 1063 1272 1099 ὁμολογοῦμέν
1295 1072 1341 1096 σε,
1363 1063 1477 1096 ἀπαθῶς
1501 1064 1643 1099 κυήσασαν
1671 1063 1717 1090 καὶ
1744 1062 1881 1098 παρθένον

1088 1110 1219 1145 μείνασαν
1234 1109 1304 1144 ὑπὲρ
1319 1109 1407 1144 λόγονζ
1422 1109 1517 1146 Μαρια
1534 1109 1687 1145 Θεόνυμφε.

1120 1202 1272 1237 Θαυμάτων
1290 1201 1416 1229 ἐπέκεινα
1433 1201 1578 1234 ἁπάντων,
1595 1200 1764 1235 πανάμωμε,
1782 1199 1814 1226 τδ
1833 1199 1880 1226 ἐπὶ

1086 1247 1128 1274 σοὶ
1143 1246 1326 1282 κενουργηθὲν
1342 1246 1434 1281 Θαῦμα
1451 1246 1558 1282 ἐδείχθη
1577 1245 1706 1281 ἐμφανῶς
1717 1254 1724 1260 ·
1741 1244 1808 1271 Θεὸν
1822 1245 1879 1279 γὰρ

1085 1293 1204 1329 ὲκύησας
1215 1291 1380 1328 σωματικῶς
1392 1312 1401 1324 .
1418 1292 1522 1328 βροτοῖς
1535 1291 1570 1319 δι’
1585 1288 1676 1319 οἶκτον
1688 1290 1834 1326 ἑνούμενον
1848 1291 1879 1316 ιν

1085 1339 1232 1375 ἀσυγχύτῳ
1244 1338 1354 1372 ἐνῶσει,
1370 1337 1524 1374 Θεόνυμφε.

1120 1430 1268 1462 Συνέλασες
1287 1430 1331 1458 διὰ
1350 1430 1431 1465 λόγου
1452 1429 1499 1457 τὸν
1512 1429 1608 1464 Λόγον,
1632 1429 1805 1464 πανᾶμωμε,
1828 1427 1877 1454 καὶ

1083 1477 1176 1508 ἔτεκες
1198 1476 1269 1512 ὑπὲρ
1292 1477 1371 1510 λόγον
1387 1475 1545 1511 γενόμενον,
1563 1474 1694 1507 Θεοτόκε,
1713 1473 1875 1509 ἄνθρωπον·

1082 1521 1123 1549 διό
1142 1530 1172 1548 σε
1191 1521 1279 1556 λόγοις
1299 1520 1490 1552 Θεοπνεύστοις
1511 1519 1658 1552 διαπαντὸς
1675 1517 1864 1554 μακαρίζομεν

1126 1615 1170 1646 Ὦς
1185 1615 1264 1643 ἄλλον
1281 1614 1396 1650 οὐρανὸν
1412 1613 1460 1641 τοῦ
1478 1612 1586 1649 πρώην,
1601 1613 1747 1643 Δέσποινα,
1762 1610 1877 1646 δειχθεῖ-

1085 1670 1134 1689 σαν
1159 1661 1322 1696 ὑψηλότερόν
1346 1669 1376 1687 σε
1393 1659 1552 1694 δοξάζομεν,
1565 1659 1611 1686 τὸν
1624 1659 1719 1685 Ἥλιον
1739 1658 1805 1692 ἡμῖν
1826 1657 1877 1691 τῆς
1892 1681 1902 1690 _

1083 1707 1257 1742 δικαιοσύνης
1273 1706 1463 1740 ἀνατείλαντα,
1480 1706 1528 1732 καὶ
1540 1705 1571 1731 τὸ
1592 1704 1660 1740 βαθὺ
1674 1703 1724 1739 τῆς
1737 1702 1877 1737 ἀγνωσίας

1084 1752 1178 1783 σκότος
1190 1750 1333 1784 διώξαντα.

1119 1798 1171 1824 Τὸν
1179 1796 1226 1824 τοῦ
1242 1796 1347 1831 Πατρδς
1361 1796 1445 1830 Λόγον
1457 1796 1592 1822 συναῖδιον
1602 1794 1804 1830 ἐμφανισθέντα
1817 1794 1875 1824 τοῖς

1083 1843 1188 1879 βροτοῖς
1206 1843 1402 1878 ἑσωμάτωσας,
1421 1841 1469 1869 καὶ
1486 1841 1569 1877 σαρκὶ
1580 1861 1586 1873 ,
1603 1840 1698 1875 Κόρη,
1712 1838 1876 1879 ἀπεκύησας

1082 1890 1226 1926 ἄνθρωπον
1240 1888 1397 1923 γενόμενον,
1411 1886 1456 1914 διὰ
1467 1886 1496 1913 τὸ
1512 1886 1598 1913 σῶσαι
1614 1886 1660 1912 τὸν
1675 1883 1871 1920 ἄνθρωπον.”0

1081 1935 1187 1967 αἰνετὸς
1203 1935 1257 1961 τῶν
1273 1934 1402 1968 πατέρων
1419 1933 1484 1964 Θεὸς
1497 1932 1544 1959 καὶ
1560 1931 1746 1967 ὑπερένδοξος.

1117 1983 1237 2017 Στάμνος
1249 1982 1333 2009 πάλαι
1345 1980 1564 2016 φέρουσα,ἁγνὴ,
1575 1979 1675 2007 ὲτύπου
1688 1988 1717 2006 σε
1729 1979 1759 2006 τὸ
1774 1979 1874 2013 μάννα·

1081 2028 1198 2065 Χριστὸν
1204 2029 1268 2064 γὰρ,
1275 2027 1321 2054 τὸν
1327 2027 1486 2062 γλυκασμδν
1494 2027 1584 2062 ἡμῶν,
1596 2026 1760 2058 ἐϐάστασας,
1774 2025 1873 2061 σεμνὴ,

1081 2075 1128 2102 καὶ
1145 2075 1227 2110 σαρκὶ
1241 2073 1360 2109 ὲκύησας
1376 2072 1518 2108 ὲξαῑροντα
1533 2072 1624 2108 πάσης
1638 2071 1752 2107 πικρίας
1764 2071 1875 2098 ἀτόπων

1081 2120 1261 2155 ἐγκλημάτων
1294 2120 1358 2151 τοὺς
1389 2118 1597 2155 ὑπερυψοῦντας
1627 2117 1709 2145 αὐτὸν
1739 2118 1779 2149 εἰς
1810 2117 1874 2149 τοὺς

1081 2166 1191 2197 αἰῶνας.

1115 2211 1208 2237 Φεῐσαι
1222 2210 1270 2236 τοῦ
1283 2209 1347 2236 λαοῦ
1363 2217 1422 2241 σου,
1441 2208 1538 2242 Κύριε,
1555 2208 1705 2243 ἐπιδρομῆς
1721 2207 1872 2243 Βαρϐάρων

241 2261 335 2286 cursu,
351 2256 469 2290 peccatis
480 2276 487 2288 ,
505 2248 717 2288 Ientationibus.
731 2261 758 2284 et
770 2262 873 2284 aeterno
894 2257 1028 2291 supplicio

1085 2258 1155 2292 ἡμᾶς
1166 2256 1347 2292 λυτρούμενος
1357 2275 1364 2286 .
1383 2255 1430 2282 καὶ
1451 2254 1608 2290 ἁμαρτιῶν,
1627 2254 1674 2282 καὶ
1689 2254 1852 2289 πειρασμῶν
1863 2273 1872 2287 ,

241 2300 360 2327 liberans
379 2309 429 2329 nos
447 2309 494 2336 per
507 2302 589 2336 219
603 2309 695 2336 preces
712 2303 892 2330 sanctissima:
907 2302 1028 2338 Virginis

1085 2303 1128 2330 καὶ,
1155 2303 1290 2334 κολάσεως
1315 2301 1446 2334 αἰωνίου,
1474 2302 1568 2336 εὐχαῖς
1597 2301 1646 2336 τῆς
1674 2301 1807 2336 τεκούσης
1829 2309 1871 2333 σε,

241 2345 388 2375 Gcnilricis
404 2352 457 2375 tum
470 2353 496 2375 et
508 2349 690 2383 gloriosorum
704 2349 889 2384 apostolorum
904 2354 1025 2376 tuorum.

1080 2348 1202 2384 Παρθένε
1218 2348 1355 2382 παναγῐα,
1372 2347 1419 2374 καὶ
1433 2347 1487 2373 τῶν
1503 2346 1617 2379 ἐνδόξων
1632 2346 1788 2373 ἀποστόλων
1811 2354 1870 2373 σου.

240 2407 283 2435 Ea:
299 2406 405 2435 Conone
435 2408 462 2435 in
494 2407 544 2436 SS.
572 2407 702 2442 Orestem,
731 2408 847 2442 Menam,
884 2407 1034 2477 Vicft‘orelns,‘

944 2452 967 2471 re

1085 2406 1233 2439 furentium,
1257 2405 1457 2441 Stephanidem,
1477 2409 1501 2432 et
1529 2404 1694 2431 Theodorum
1720 2404 1869 2436 Studium,

1085 2443 1127 2477 η).

944 2452 967 2471 te
981 2452 1014 2471 ιυ
1028 2452 1074 2471 ιυΖ
1109 2452 1127 2471 )-

274 2500 296 2527 0
315 2500 545 2533 laudabilissima,
569 2510 629 2534 qua:
652 2502 709 2529 sola
726 2509 809 2537 supra
831 2507 938 2530 naturae
953 2501 1027 2530 ordi-

238 2554 299 2574 nem
315 2545 489 2574 Conditorem
503 2552 529 2573 et
549 2545 691 2574 [notorem
721 2547 863 2581 universi,
879 2546 927 2582 qui
955 2547 982 2574 in
999 2552 1026 2574 te

238 2598 351 2619 naturas
368 2592 518 2624 innovavit,
531 2593 671 2627 peperisti,
688 2593 791 2621 redime
805 2600 848 2621 me
863 2600 878 2620 a
894 2592 1024 2628 peccatis,

236 2641 263 2665 et
274 2645 289 2664 a
307 2638 448 2666 tormentis
459 2639 534 2672 eripc
548 2646 602 2666 me.

272 2683 375 2712 Medica
399 2689 517 2712 mentem
540 2692 627 2713 meam
653 2686 743 2720 pravis
766 2685 957 2713 aﬂ‘ectionibtts
983 2683 1025 2713 vi-

236 2730 328 2758 tiatam
341 2736 382 2762 ,‘o
395 2731 522 2758 inviolata
535 2740 541 2765 ;
556 2739 588 2759 ac
601 2732 700 2760 divinae
712 2732 807 2768 gratia:
821 2732 881 2760 laeta
896 2732 956 2760 luce.
969 2731 1026 2759 atti-

236 2784 306 2803 tnam
324 2785 410 2804 meatu
434 2777 575 2812 perfunde.

271 2822 378 2851 Malitia:
394 2824 502 2852 turliinc
518 2824 695 2860 exagitatum,
712 2829 739 2852 et
751 2825 904 2860 procelloso
918 2823 1026 2861 passio-

271 2899 359 2935 (Οἴη)
375 2902 548 2931 Desitleratur
560 2903 587 2931 itt
602 2903 714 2932 Menaeis
729 2903 881 2938 impressis.

1081 2506 1144 2526 num
1161 2499 1256 2534 pelago
1266 2498 1399 2533 jactatutn
1413 2498 1487 2526 salva
1501 2505 1610 2526 servum
1627 2503 1704 2526 tuum
1721 2497 1753 2525 ad
1765 2503 1791 2525 te
1803 2505 1870 2525 con-

1079 2543 1237 2580 fugientem,
1252 2553 1269 2570 η
1285 2544 1426 2572 inviolata.

1113 2591 1136 2618 A
1151 2591 1279 2619 violentis
1297 2591 1401 2626 peccati
1419 2590 1557 2624 ﬂuctibus,
1575 2598 1590 2618 a
1608 2590 1769 2626 passionum
1789 2589 1870 2625 igno-

1079 2638 1173 2670 minia,
1187 2643 1269 2674 atque
1283 2638 1317 2666 ab
1332 2638 1419 2669 omni,
1434 2637 1507 2672 quod
1525 2637 1697 2671 circumstat,
1712 2636 1797 2668 malo,
1810 2635 1868 2663 sal-

1079 2692 1128 2713 vos
1140 2684 1183 2712 fac
1195 2691 1289 2712 servos
1305 2690 1376 2717 tuos,
1390 2691 1407 2711 o
1418 2688 1505 2711 casta.

1116 2731 1248 2759 Mortifica
1276 2731 1368 2759 carnis
1389 2738 1456 2758 mea:
1475 2729 1662 2765 prudentiam,
1683 2727 1765 2763 Virgo
1782 2727 1870 2754 invio-

1080 2777 1146 2810 lata,
1159 2785 1220 2808 qua:
1233 2776 1372 2805 Christum
1385 2776 1546 2812 concepisti,
1562 2776 1610 2811 qui
1627 2775 1721 2802 divina
1748 2773 1867 2809 potentia

1081 2830 1215 2852 mortuam
1231 2823 1372 2852 hominum
1388 2827 1514 2851 naturam
1530 2821 1688 2850 vivificavit.
