2069 3159
189 205 256 239 1241

889 201 1074 231 MARIALE.

1750 197 1819 232 12ίί

222 256 340 285 Verbum
355 254 412 289 Dei,
426 255 563 283 innovatis
577 259 681 282 naturae
693 254 813 291 legibus,
826 262 887 282 cum
899 259 973 282 esset
988 254 1011 283 A
1025 259 1148 289 ereptum
1160 274 1168 287 ,
1187 253 1393 289 incorruptione
1417 252 1539 282 donavit.
1572 252 1757 287 Quamobrem
1793 259 1821 283 to

187 303 247 331 sine
255 302 402 338 principio,
416 310 449 329 ex
460 302 535 337 puris
546 301 726 337 sanguinibus
741 302 793 329 tuis
805 302 976 328 incarnatum

187 352 240 381 est,
254 356 270 375 ο
288 347 382 383 Virgo,
402 355 484 382 supra
501 347 615 375 rationis
631 351 739 381 captum
750 367 757 378 ,
773 351 800 373 et
820 346 920 373 factum
935 347 977 372 in-

188 394 260 427 fans,
279 394 419 422 hominem
434 397 593 427 corruptum
610 393 815 426 redintegravit.

225 439 359 466 Dominus
374 438 536 470 altissimus,
554 445 616 465 cum
634 442 707 465 esset
724 444 806 464 verus
822 435 905 468 Deus,
930 435 980 462 hn-

189 493 298 514 manam
315 485 431 512 formam
443 492 476 512 ex
490 488 517 511 te
532 484 663 519 suscepit,
680 491 696 510 ο
716 482 797 517 Virgo
809 482 976 514 castissima,

190 537 273 567 atque
292 530 430 558 hominem
450 529 603 562 deiﬁcavit,
621 536 740 564 eumque
762 535 778 555 a
803 528 980 562 corruptiOne

197 622 249 650 Ἐκ
274 621 327 648 τοῦ
352 620 486 651 Κανόνος
505 620 549 652 εις
571 619 624 645 τὸν
645 618 731 653 ἅγιον
758 617 904 650 Ἰωάννην
929 617 982 644 τὸν

405 655 588 689 Ἐλεήμονα,
609 653 704 688 ἡμέρᾳ
725 652 769 690 ιβ’.

228 723 289 750 Ἵνα
303 723 366 754 τοὺς
383 722 459 749 κάτω
472 723 528 753 τοῖς
543 721 600 749 ἄνω
613 720 766 756 συνάψειεν,
784 721 798 747 ὁ
816 721 896 756 μόνος
914 720 982 747 πάν-

195 777 250 797 των
263 769 328 800 Θεὸς
353 769 461 804 μήτραν
487 768 675 803 ἀπειρόγαμον
700 766 796 799 ὑπέδυ,
815 768 864 794 καὶ
882 767 984 801 σαρκὸς

194 815 287 850 φανεὶς
299 815 328 841 ἐν
342 815 506 849 ὁμοιώματι,
522 814 571 849 τῆς
583 814 683 850 ἔχθρας
700 814 730 841 τὸ
744 814 900 849 μεσότειχον
916 813 985 840 ἐλὼν

194 861 305 896 εἰρήνην
321 859 478 894 ἐμεσίτευσε
491 879 498 892 ,
512 860 558 886 καὶ
579 859 651 895 ζωὴν
666 859 816 895 ὲϐράϐευσε
827 879 834 893 ,
850 859 897 886 καὶ
910 859 985 886 θείαν

194 906 395 941 ἀπολύτρωσιν.

235 953 297 979 Ἐπὶ
311 953 362 985 σοὶ,
386 952 519 986 παναγία,
541 953 555 979 ὁ
571 952 618 979 τοῦ
637 951 737 983 παντὸς
751 951 836 983 αῐτιος
851 951 886 978 δι’
900 951 986 987 ὑπερ-

195 998 276 1032 ϐολὴν
289 997 490 1032 εὐσπλαγχνίας
509 997 594 1024 θέλων
606 997 756 1031 ἐσκήνωσε,
773 996 822 1023 καὶ
835 996 987 1031 καθηγίασε

194 1043 245 1078 τὴν
261 1043 316 1071 τῶν
340 1043 492 1079 ἀνθρώπων
520 1043 615 1070 οὐσίαν
630 1042 785 1078 παραδάσει
799 1041 932 1077 πρὰτερον
945 1040 988 1074 ἐξ·

194 1089 388 1124 ολισθήσαταν.
968 1083 973 1090 ¹

234 1134 324 1161 Ἴασαί
341 1143 391 1169 μου
403 1134 437 1162 τὰ
450 1135 613 1171 τραύματα,
635 1133 723 1169 Κόρη,
740 1134 789 1170 τῆς
803 1134 927 1170 καρδίας,
943 1134 990 1161 καὶ

196 1180 381 1207 κατευόδωσον
396 1181 445 1216 τῆς
461 1180 551 1216 ψυχῆς
568 1188 620 1215 μου
637 1179 671 1206 τὰ
693 1180 832 1215 κινήματα
846 1181 886 1212 είς
901 1179 970 1206 Θεοῦ
980 1200 988 1213 ,

197 1226 318 1262 nuptam
330 1247 338 1260 ,
352 1227 386 1253 τὰ
397 1227 548 1262 θελήματα.

232 1285 288 1321 Τὴν
304 1285 493 1312 σκοτισθεῖσαν
505 1285 595 1322 ψυχήν
609 1294 660 1321 μου
676 1287 737 1317 ταῖς
764 1286 931 1322 φιληδονίαις
942 1286 990 1313 τοῦ

198 1331 267 1368 βίου,
281 1332 348 1366 ἁγνὴ
362 1332 528 1367 πανάμωμε,
542 1332 581 1367 τῷ
596 1333 666 1366 φωτὶ
679 1331 718 1368 τῷ
732 1332 771 1368 σῷ
779 1333 881 1368 ταύτην
890 1333 992 1360 καταύ-

198 1385 292 1412 γασον,
308 1378 324 1413 ἡ
339 1377 369 1404 τὸ
385 1378 442 1412 φῶς
455 1377 573 1413 Χριστὸν
587 1378 704 1405 τεκοῦσα
716 1378 764 1414 τῆς
780 1379 917 1413 ἀγνωσίας
929 1380 992 1407 σκό-

197 1432 242 1454 τος
258 1432 354 1449 Λυοντα
359 1443 365 1450 .

234 1479 391 1514 Νοήσαντες
426 1479 552 1515 θεηγόροι
575 1480 714 1515 προφῆται
741 1481 893 1517 μυστηρίου
923 1490 990 1516 σου,

200 1524 338 1561 napum.
365 1525 396 1551 τὸ
423 1525 515 1560 βάθος,
546 1525 726 1561 προφητικῶς
753 1528 992 1563 προκατήγγειλαν

1029 300 1147 326 universi
1162 299 1360 330 benedicimus,
1375 306 1391 325 ο
1406 298 1453 326 Dei
1469 306 1570 333 sponsa
1582 298 1677 326 Maria.

1026 375 1030 381 ,
1064 346 1233 373 Horrescunt
1260 346 1418 380 angelorum
1446 345 1568 378 ordines,
1594 353 1611 373 o
1634 345 1820 378 immaculata.

1029 391 1233 418 considerantes
1248 390 1407 425 mysterium
1419 394 1514 424 partus
1529 390 1578 422 tui,
1591 389 1664 424 quod
1677 394 1719 417 est
1732 398 1815 424 supra

1030 441 1156 463 naturam
1175 446 1181 463 :
1200 436 1281 470 22o
1296 436 1378 463 Deum
1401 435 1472 462 enim
1490 435 1629 470 peperisti,
1647 441 1674 463 et
1691 440 1821 470 tanquam

1032 483 1117 509 lilium
1131 483 1238 510 iactasti
1258 490 1320 509 eum
1334 482 1380 517 qui
1397 481 1483 509 nutrit
1497 482 1638 509 universa.

1034 625 1075 652 Ex
1086 625 1192 653 Conone
1204 625 1230 651 in
1243 625 1309 660 [esto
1322 622 1351 651 S.
1362 624 1475 651 Joannis
1488 623 1710 658 Eltemosynarii,
1723 624 1765 651 die
1779 624 1821 651 12.

1070 727 1106 755 lit
1128 727 1284 762 superiores
1298 734 1330 753 ac
1354 731 1480 754 ccc-testes
1500 734 1562 754 cum
1583 725 1760 753 inferioribus
1778 733 1825 753 co-

1035 773 1154 808 pularet,
1177 772 1253 800 solus
1270 773 1393 799 omnium
1420 771 1490 799 Deus
1506 776 1612 798 uterum
1630 771 1764 798 illibatum
1782 770 1825 797 in-

1029 827 1147 854 gressus
1163 823 1215 851 est,
1230 823 1256 845 et
1277 818 1304 845 in
1323 818 1502 845 similitudine
1516 817 1609 845 carnis
1622 825 1766 852 apparens,
1781 817 1825 844 in-

1038 866 1168 894 termedio
1183 865 1331 892 inimicitia:
1344 865 1447 899 pariete
1459 864 1577 897 sublato,
1594 872 1688 898 pacem
1704 863 1825 898 interpo-

1000 923 1021 950 Β
1037 912 1101 944 suit,
1118 915 1145 938 ct
1161 911 1242 938 vitam
1255 931 1262 943 ,
1281 910 1457 945 divinumque
1471 910 1684 944 redemptionem
1704 909 1826 936 donavit.

1076 957 1106 984 ln
1123 962 1165 990 te,
1184 964 1200 984 o
1221 957 1394 984 sanctissima
1408 976 1416 988 ,
1440 955 1560 982 universi
1585 959 1690 987 auctor,
1718 958 1828 989 propter

1039 1011 1182 1030 excessum
1199 1002 1393 1029 misericordiae
1407 1009 1463 1028 suae
1484 1001 1638 1028 voluntarie
1651 1000 1808 1028 inhabitans
1819 1019 1828 1030 ,

1040 1049 1221 1077 sanctilicavit
1248 1048 1392 1075 hominum
1416 1047 1609 1080 substantiam,
1634 1054 1695 1082 qua:
1720 1049 1831 1081 propter

1039 1096 1155 1131 primam
1172 1094 1418 1130 transgressionem
1429 1096 1582 1121 corruerat.

1077 1139 1184 1166 Medere
1200 1138 1361 1166 vulneribus
1375 1137 1465 1166 cordis
1482 1137 1546 1168 mei.
1561 1144 1578 1164 ο
1589 1136 1680 1172 puella
1696 1134 1790 1171 Virgo,
1803 1141 1832 1162 et

1041 1186 1140 1213 anima:
1152 1193 1219 1212 meae
1230 1188 1322 1212 motus
1334 1184 1368 1212 ad
1382 1183 1429 1211 Dei
1443 1182 1612 1210 voluntatem
1639 1181 1831 1217 perﬁciendam

1042 1232 1113 1260 felici
1126 1231 1234 1258 tramite
1247 1230 1344 1265 dirige.

1077 1290 1204 1317 Animam
1222 1296 1310 1316 meum
1329 1287 1500 1321 voluptatum
1517 1285 1579 1313 vita:
1597 1292 1692 1313 amore
1717 1285 1832 1312 obtene-

1041 1337 1148 1365 bratam
1174 1335 1235 1363 luce
1262 1338 1309 1361 tua
1339 1333 1462 1360 illumiua
1475 1352 1483 1364 ,
1501 1339 1518 1359 ο
1534 1335 1627 1364 casta,
1644 1338 1677 1358 ac
1693 1330 1776 1358 libera
1796 1329 1832 1357 ab

1042 1383 1116 1411 omni
1136 1382 1204 1415 labe,
1227 1388 1288 1416 qua:
1310 1380 1399 1407 lucem
1416 1379 1555 1407 Christum
1579 1377 1725 1413 peperisti.
1745 1384 1761 1404 a
1777 1383 1832 1411 quo

1043 1428 1204 1464 ignorantiae
1218 1426 1339 1454 tenebrae
1353 1424 1551 1453 dissolvuntur.

1079 1483 1242 1519 Diviniloqui
1260 1483 1396 1518 prophetae
1421 1481 1560 1508 intellectu
1579 1478 1698 1507 assecuti
1716 1476 1832 1513 profun-

1044 1532 1155 1560 ditatem
1187 1529 1310 1566 mysterii
1335 1528 1386 1559 tui.
1417 1535 1434 1555 ο
1454 1526 1552 1561 Virgo,
1581 1524 1739 1560 prophetico
1766 1522 1833 1550 illud

200 1570 288 1601 τοῦτο.
303 1570 549 1605 φωταγωγούμενοι
560 1570 625 1605 θείῳ
634 1570 784 1605 Πνεύματι,
799 1573 899 1600 καὶνῡν
911 1574 992 1609 ἡμεῖς

1043 1578 1270 1607 enuntiaverunt,
1298 1573 1382 1602 divini
1408 1572 1528 1608 Spiritus
1553 1571 1614 1598 luce
1637 1568 1776 1596 illustrati.
1801 1567 1835 1594 Et

201 1616 359 1651 περιφανῶς
372 1615 420 1648 τὰς
437 1616 563 1648 ἐκϐάσεις
578 1616 695 1652 ὁρῶντες
709 1618 883 1654 πιστεύομεν.

238 1707 314 1742 Μόνη
335 1707 381 1735 τὸν
403 1708 452 1735 ἕνα
476 1708 526 1744 τῆς
543 1709 657 1745 Τριάδος
682 1711 870 1748 ἀπεγέννησας
897 1714 925 1741 ἒν
946 1715 993 1742 δύο

201 1754 260 1786 ταῖς
283 1753 387 1786 οὐσίαις
403 1754 551 1781 ὑποστάσει
575 1757 626 1791 μιᾷ
647 1755 802 1792 ὁρώμενον,
820 1759 958 1795 Παρθένε,
973 1758 995 1795 ᾧ

204 1799 388 1835 μελῳδοῦμεν·
402 1799 489 1835 Κύριε
504 1801 518 1826 ὁ
530 1801 607 1833 Θεὸς,
620 1801 765 1838 εὐλογητὸς
780 1802 814 1830 εἷ.

242 1854 364 1890 Ῥείθρου
379 1855 478 1888 ζῶντος
488 1855 591 1892 ὤφθης,
613 1858 744 1892 πιναγία,
761 1860 905 1894 σκήνωμα,
920 1861 949 1894 ἐξ
964 1858 995 1889 οὗ

204 1902 310 1934 πιόντες
328 1903 352 1928 οἱ
370 1902 570 1934 θανατωθέντες
586 1903 634 1937 τὴν
650 1903 721 1938 ζωὴν
739 1904 915 1939 κληρούμεθα
928 1908 993 1933 ἀνα-

204 1947 331 1979 εοώντες·
349 1947 504 1982 Εὑλογείτε,
523 1949 611 1975 πάντα
625 1949 657 1975 τὰ
671 1949 749 1983 ἔργα,
759 1950 806 1976 τὸν
815 1950 927 1986 Κύριον,
946 1952 993 1978 καὶ

203 1995 376 2031 ὑπερυψοῦτε
390 1996 430 2027 είς
446 1995 548 2027 πάντας
559 1996 623 2027 τοὺς
636 1995 747 2027 αἰῶνας.

239 2089 357 2116 Φανεῖσα
384 2086 539 2122 πλατυτέρα
563 2086 704 2122 οὐρανῶν,
719 2087 858 2122 Παρθένε,
884 2088 930 2115 τὸν
953 2088 998 2115 λο-

204 2134 302 2168 γισμόν
320 2142 371 2168 μου
397 2131 575 2166 στενούμενον
592 2131 736 2164 πλάτυνον,
756 2133 908 2168 χωρητικὸν
920 2142 997 2170 χαρι-

204 2180 316 2215 σμάτων
328 2180 407 2206 θείων
417 2177 588 2206 δεικνύουσα.

1047 1631 1120 1651 nunc
1136 1630 1187 1650 nos
1202 1622 1309 1648 illorum
1325 1619 1446 1647 vaticinii
1463 1618 1566 1646 exitum
1582 1615 1726 1644 manifeste
1740 1614 1834 1641 viden-

1048 1673 1098 1702 tes,
1117 1667 1265 1696 credimus.

1083 1714 1122 1741 Tu
1140 1714 1206 1746 sola,
1230 1720 1246 1739 ο
1266 1711 1370 1747 Virgo,
1397 1718 1481 1737 Illlum
1501 1708 1646 1736 Trinitatis
1673 1707 1701 1734 in
1728 1706 1838 1734 duabus

1047 1759 1209 1788 substantiis
1219 1763 1301 1793 atque
1314 1758 1395 1785 unica
1410 1755 1545 1791 hypostasi
1559 1754 1680 1789 agnitum
1695 1752 1837 1788 peperisti,

1047 1806 1089 1833 cui
1103 1805 1275 1833 concinimus
1288 1813 1296 1831 :
1308 1803 1471 1831 Benedictus
1485 1809 1526 1834 es,
1553 1800 1669 1828 Domine
1685 1799 1766 1832 Deus,
1781 1804 1836 1826 etc.

1081 1861 1169 1889 Fluvii
1185 1860 1302 1888 viventis
1318 1858 1525 1887 tabernaculum
1544 1857 1613 1884 facta
1630 1864 1670 1888 es,
1690 1864 1706 1883 ο
1722 1855 1839 1884 sanctis-

1045 1909 1126 1941 sima,
1140 1915 1172 1934 ex
1188 1914 1243 1941 quo
1259 1905 1383 1933 bibentes
1402 1912 1452 1932 nos
1467 1904 1513 1938 qui
1530 1903 1630 1930 mortui
1643 1909 1764 1934 eramus,
1782 1901 1838 1928 bac—

1045 1954 1123 1982 redcs
1137 1953 1198 1980 vitae
1210 1952 1362 1984 evadimus,
1379 1951 1530 1978 clamantes
1542 1957 1549 1976 :
1563 1948 1730 1979 Benedicite,
1743 1947 1840 1974 omnia

1046 2008 1139 2036 opera,
1158 1998 1321 2032 Dominum,
1336 2001 1363 2024 et
1380 1995 1582 2031 superexaltate
1604 1987 1667 2021 eum
1692 1993 1718 2020 in
1745 1992 1838 2020 omnia

1046 2047 1156 2075 sarcula.

1085 2093 1136 2124 Tu.
1155 2101 1171 2120 ο
1187 2092 1286 2127 Virgo,
1301 2098 1362 2126 quae
1376 2090 1453 2118 malis
1468 2089 1549 2116 latior
1568 2087 1737 2123 apparuisti,
1754 2085 1839 2113 dilata

1048 2144 1166 2166 mentem
1192 2139 1272 2173 221
1298 2145 1385 2164 uncam
1410 2140 1604 2172 angnstutam,
1627 2138 1654 2161 ct
1680 2132 1839 2160 divinorum

1049 2185 1246 2212 charismatum
1261 2190 1388 2218 capacem
1406 2182 1498 2210 redde.

611 2250 653 2277 Ex
666 2249 772 2278 Conone
784 2250 811 2277 in
827 2249 856 2277 S.
874 2249 1024 2285 Philippum
1036 2252 1202 2286 Apostolum,
1215 2251 1258 2280 die
1273 2251 1306 2279 M
1317 2249 1431 2287 (92”“).

241 2321 456 2353 Osanctissima,
475 2322 584 2356 Deoque
596 2320 762 2356 gratissima,
775 2325 835 2347 esto
851 2320 919 2347 mihi
942 2321 993 2347 ad-
1011 2317 1033 2344 Ι)
1048 2331 1118 2355 mur,
1136 2330 1152 2349 ο
1174 2322 1372 2357 benignissima
1400 2319 1446 2347 Dei
1469 2317 1603 2350 Genitrix,
1628 2317 1662 2344 ab
1676 2315 1750 2343 omni
1769 2314 1843 2342 malo

205 2367 291 2402 jutrix
308 2371 334 2394 et
349 2371 461 2401 patrona
479 2367 550 2401 apud
576 2367 727 2398 Christum,
743 2372 773 2393 ut
792 2366 889 2393 liberet
902 2374 944 2393 tne
960 2366 994 2393 ab

207 2411 434 2447 mternojudicio,
451 2417 478 2439 et
490 2412 525 2439 ab
544 2412 701 2440 omnimoda
718 2412 854 2447 serpentis
868 2412 993 2439 lesione.

243 2458 341 2486 Mentis
369 2466 436 2485 mete
467 2458 634 2494 vagationes,
679 2458 805 2492 corporis
834 2458 994 2492 passiones,

207 2511 290 2539 atque
304 2505 403 2532 animae
415 2503 526 2531 morbos
546 2511 621 2536 cura,
637 2511 653 2531 o
673 2503 767 2539 Virgo,
783 2509 810 2530 et
822 2505 928 2531 ad.vias
945 2505 995 2532 ho-

206 2559 257 2580 nas
272 2551 359 2586 dirige
372 2558 427 2583 me,
441 2554 471 2577 ut
484 2550 587 2577 iaciens
601 2550 647 2578 Dei
663 2550 840 2583 voluntatem,
856 2551 994 2579 inveniant

207 2597 290 2624 vitam
299 2589 446 2624 ’πίει-ηοω.

243 2643 384 2678 Tanquam
396 2643 546 2670 animatum
558 2642 663 2670 Domini
678 2643 820 2678 palatium,
835 2650 861 2672 et
872 2644 991 2672 fidelium

207 2690 324 2725 asylum,
340 2697 500 2723 eorumque,
527 2688 573 2723 qui
590 2689 616 2716 in
642 2689 866 2717 tribulationibus
880 2698 994 2718 versati-

209 2741 262 2766 tur.
279 2735 421 2768 auxilium,
433 2735 566 2762 etducent
583 2734 751 2762 infallibilem
779 2735 864 2770 gratia
883 2736 993 2771 plenam

207 2781 359 2808 laudemus.

245 2825 292 2858 Te,
307 2834 368 2860 qua:
382 2827 513 2861 optimum
537 2825 678 2853 Dominum
700 2827 841 2862 peperisti,
862 2827 996 2863 depreca-

244 2914 344 2950 (νε-νη
364 2914 536 2943 Desideratur
551 2913 576 2941 in
594 2913 702 2942 Menaeis
714 2914 864 2950 impressis.

1050 2370 1124 2404 eripe
1138 2369 1269 2404 populum
1288 2372 1377 2396 tuum.

1085 2438 1269 2466 lntellectuale
1293 2436 1486 2464 candelabrum
1516 2439 1541 2462 te
1566 2432 1699 2468 propheta
1713 2431 1791 2463 vidit,
1819 2438 1839 2458 ο

1050 2482 1190 2514 inviolata,
1209 2489 1271 2509 vere
1291 2481 1394 2508 habens
1417 2481 1567 2510 lucernam,
1597 2477 1838 2508 illtnninationem,

1049 2534 1076 2557 et
1097 2529 1318 2564 propitiationem
1334 2527 1488 2554 animarum
1509 2529 1678 2553 nostrarum.

1086 2586 1192 2621 Lingua
1201 2590 1227 2613 et
1243 2585 1324 2613 corde
1335 2590 1361 2612 te
1377 2585 1495 2619 praedico
1514 2583 1667 2618 Deiparam,
1685 2587 1702 2608 o
1724 2578 1840 2605 inviola-

1050 2633 1173 2666 tissima;
1220 2631 1306 2659 Deum
1351 2631 1423 2657 enim
1463 2629 1646 2657 immortalem
1696 2624 1838 2660 peperisti,

1049 2677 1092 2704 cui
1123 2684 1218 2703 omnes
1244 2675 1415 2703 modulantes
1442 2674 1576 2706 canimus,
1605 2670 1769 2699 Benedictus
1792 2676 1834 2700 es,

1050 2721 1134 2754 Deus,
1149 2725 1202 2749 etc.

1087 2778 1165 2805 Illum
1184 2777 1231 2813 qui
1263 2782 1305 2806 est
1323 2781 1387 2805 ante
1413 2776 1525 2808 sweula,
1543 2781 1642 2802 novum
1659 2773 1790 2800 infantem
1810 2773 1839 2798 in

1052 2829 1124 2853 terra
1139 2824 1281 2860 peperisti,
1297 2831 1314 2852 ο
1328 2823 1419 2859 Virgo,
1432 2823 1608 2850 innovantcm
1627 2826 1688 2852 nos,
1707 2817 1754 2854 qui
1768 2817 1839 2844 anti-
