2069 3159
170 168 240 201 1219

854 169 1036 199 MARIALE.

1726 172 1793 206 1250

169 231 263 255 ἔτεκεν
277 229 293 263 ἡ
307 228 444 263 ιιαροένος
462 228 522 255 νέον
536 227 635 263 βρέφος
650 226 697 254 τοῦ
717 226 802 262 Ἀδὰμ
818 227 955 253 παλαιότε-

1013 234 1076 254 ecce
1095 226 1168 254 enim
1197 226 1278 262 Virgo
1307 227 1412 263 peperit
1438 227 1569 256 infantem
1599 236 1720 264 novum,
1751 233 1799 267 qui

168 282 259 310 τερον,
272 275 318 300 καὶ
330 274 475 308 σύνθρονον
486 274 533 300 τοῦ
554 273 729 309 Γεννήτοιεος.

206 320 285 350 Γένος
299 319 403 354 βροτῶν
414 319 548 346 σέσωσται
557 320 591 354 τῇ
601 318 672 353 ὑπὲρ
685 318 746 345 νοῦν
757 327 804 344 σου
815 317 958 354 κυοφορίᾳ,

169 365 216 391 καὶ
231 365 255 391 οι
269 365 297 391 ὲν
313 366 403 392 σκότει
417 365 531 401 φθορᾶς,
550 365 672 398 παναγία
688 364 832 396 Δέσποινα,
847 363 916 391 εἶδον
930 364 961 390 τὸ

169 411 228 445 φῶς
243 411 275 437 τὸ
289 411 432 446 ἐκλάμψαι)
453 413 484 438 ἑκ
506 411 624 446 γαστρός
645 418 711 443 σου,
732 410 781 445 τῆς
801 410 890 442 αἰτίας
911 410 960 445 τῆς

169 455 259 490 ἡμῶν,
267 456 353 492 Κόρη,
366 457 553 488 ἀνακλάσεως.

215 549 245 575 ’0
261 548 378 580 κόλπους
401 549 449 576 τοῦ
471 549 577 584 Πατρδς
596 550 633 584 μὴ
653 548 776 580 κενώσας
791 549 820 573 ὲν
839 547 878 583 τῷ
895 556 960 582 σαρ-

169 595 302 626 κοῦσθαι,
324 594 496 628 πανάμωμε,
518 593 565 620 σοῦ
590 594 619 620 ἐν
637 594 693 625 τοῖς
717 593 827 624 κόλποις
846 593 958 626 ὁρᾶται,

169 641 354 676 κρατούμενος
374 640 410 671 ὡς
430 639 548 674 βρέφος,
561 640 590 666 ὃν
604 639 745 672 ὲξιλέωσαι
764 640 820 670 τοῖς
840 637 959 670 εὐσεόῶς

170 695 199 712 σε
210 685 337 720 τιμῶσιν,
353 685 474 720 Παρῢένε
490 685 640 720 ωεόνυμφε.

203 776 275 809 Νοῦς
300 776 426 811 ἐννοῆσαι
447 776 477 802 τὺ
506 776 577 811 μέγα
599 776 698 811 ἀπορεῖ
727 775 775 802 τοῦ
810 775 856 802 σοῦ
879 775 958 801 τόκου

170 824 319 857 μυστήριον
329 830 337 837 ο
353 821 419 848 Θεὸν
434 821 488 857 γὰρ
505 821 624 856 ὲκύησας
635 821 778 855 ἄνθρωπον
794 819 959 854 γενόμενονς

175 867 360 902 Ἀειπάροενε,
376 867 421 894 τὸν
437 867 625 903 ἀπερινόητον.

203 954 413 991 Μητροπρεπῶς
439 954 485 980 τὸν
510 954 620 981 πάντων
639 954 798 989 ἁπεκύησας
816 954 954 989 Κτίστηνδ,

167 1003 214 1028 καὶ
232 1003 260 1027 ἐν
275 1001 369 1036 χερσὶν
385 1000 551 1032 ὲὸάστασας.
568 999 728 1035 χερουϐικὸς
742 1000 780 1031 ὡς
791 999 895 1034 θρόνος,
911 1000 956 1026 τὸν

168 1049 282 1082 συνοχέα
299 1046 346 1073 τοῦ
363 1046 474 1077 παντὸς,
495 1046 680 1080 ἀπειρόγαμε.

207 1093 236 1118 ὐ
254 1091 403 1125 παράδοξος
421 1091 499 1122 τόκος
515 1099 562 1116 σου
576 1091 624 1122 τὰς
640 1090 759 1122 διανοίας
773 1090 852 1126 ἡμῶν
869 1099 955 1116 κατα-

166 1139 289 1172 πλήττει,
309 1138 377 1172 μόνη
396 1137 578 1171 εὐλογημένη.
597 1136 661 1167 Θεὸς
679 1137 734 1172 γὰρ
748 1137 779 1163 ὲκ
794 1136 840 1163 σοῦ
863 1137 955 1171 σάρκα

165 1183 371 1220 προ[σ]ἐλα6εν,
390 1184 457 1218 ὅπερ
468 1182 502 1218 ἦν
511 1183 663 1218 διαμείνας,
679 1183 804 1215 Θεοτόκε,
823 1184 955 1217 ἄτρεπτος

165 1233 198 1267 τῇ
214 1231 294 1264 φύσει
336 1230 364 1256 ὃν
379 1228 575 1265 ὑπερυψοῦμεν
588 1229 628 1261 είς
643 1229 748 1261 πάντας
762 1230 824 1261 τοὺς
842 1230 952 1260 αἰῶνα-ς.

200 1321 259 1352 Φῶς
273 1322 289 1356 ἡ
304 1319 420 1360 τεκοῦσα
435 1319 549 1354 ἄχρονον
559 1339 566 1352 ,
579 1319 610 1345 τὺ
625 1319 768 1354 ὲκλάμψαν
785 1320 817 1345 ὲκ
832 1319 953 1354 Πατρὶς,

165 1367 282 1400 φώτισόν
299 1374 361 1402 μου,
384 1367 471 1400 Κόρη,
496 1366 545 1401 τὴν
562 1365 660 1401 ψυχὴν,
680 1366 727 1392 καὶ
749 1365 794 1391 τὸν
814 1365 886 1398 νοῦν,
902 1374 954 1399 μα-

165 1413 235 1448 κρὰν
251 1413 297 1440 ἀπ’
320 1411 387 1447 ἐμοῦ
410 1411 578 1438 ἐπιδιώκουσα
595 1412 625 1438 τὸ
648 1412 743 1442 σκότος
764 1411 819 1437 τῶν
844 1411 953 1442 παθῶν,

164 1459 209 1485 ἵνα
236 1467 265 1485 σε
282 1458 444 1494 μακαρίζω,
467 1457 518 1493 τὴν
539 1458 755 1493 άειμακάριστον
775 1457 830 1483 τῶν
851 1457 954 1484 πιστῶν

165 1504 270 1531 ἐλπίδα.

171 1552 218 1578 Ἐκ
234 1551 288 1578 τοῦ
306 1551 440 1584 Κανόνος
457 1551 501 1583 εἰς
518 1549 573 1577 τὸν
595 1549 683 1584 timor
699 1547 858 1582 Κλήμεντα
886 1548 954 1574 Ῥώ-

435 1594 509 1620 μης,
525 1586 620 1620 ἡμέρᾳ
634 1583 683 1613 κδ’.

207 1641 347 1675 Ἀγίασον,
365 1640 515 1673 Δέσποινα,
532 1640 582 1677 τὴν
598 1640 728 1675 ταπεινήν
745 1647 797 1674 μου
813 1638 932 1665 διάνοιαν
944 1657 951 1670 ,

165 1688 181 1722 ἡ
207 1687 252 1713 τὸν
269 1686 431 1722 ὑπερούσιον
455 1686 542 1720 Λόγον
565 1686 702 1720 κυήσασα,
722 1685 769 1712 καὶ
795 1685 953 1720 ὑπάρχουσα

164 1733 259 1759 πασῶν
272 1732 409 1768 ἁγιωτέρα
421 1732 475 1759 τῶν
486 1732 543 1759 άνω
553 1732 706 1767 δυνάμεων,
721 1731 912 1767 θεοχαρίτωτε.

203 1825 354 1861 Κυριοτόκε
365 1845 372 1858 ,
387 1825 404 1860 ἡ
426 1824 492 1851 Θεδν
508 1824 673 1860 ἀποῤῥήτως
688 1823 814 1858 κυήσασα
830 1823 876 1850 τὸν
893 1824 950 1850 Σω-

165 1871 234 1906 τῆρα
252 1870 300 1896 τοῦ
318 1869 429 1902 παντὸς,
450 1869 530 1896 αὑτὸν
544 1869 664 1895 δυσώπει
680 1868 799 1904 σωθῆναι
819 1877 853 1902 με
867 1868 951 1895 πάθε-

166 1923 207 1941 σιν
220 1915 350 1941 ὲκάστοτε
365 1923 398 1940 πε
402 1914 621 1949 ριαντλούμενον.

208 1961 402 1993 Ἀναπλάττεις
427 1961 615 1996 συντρισεῖσαν
641 1959 687 1986 καὶ
704 1959 790 1995 φθορᾷ
810 1959 952 1994 ὑποκύψα-

166 2016 215 2034 σαν
229 2008 279 2043 τὴν
303 2008 427 2045 βροτείαν
448 2007 546 2042 φύσιν,
573 2006 708 2042 ἄχραντε,
734 2005 800 2033 Θεὸν
821 2005 953 2041 σωματώ-

166 2061 246 2084 στισα,
262 2053 308 2079 καὶ
321 2053 392 2090 ὑπὲρ
401 2053 482 2088 φύσιν
495 2051 624 2084 τεκοῦσα,
636 2050 807 2086 άπειρόγαμε
817 2058 824 2065 ·
837 2047 859 2084 ᾧ
868 2059 953 2086 κραυ-

165 2100 296 2136 γάζομεν·
313 2099 391 2133 Δόξα,
406 2099 519 2135 Χριστὶ,
535 2099 568 2134 τῇ
584 2098 696 2133 δυνάμει
711 2105 769 2124 σου.

202 2197 258 2232 Τὴν
282 2195 368 2231 ἁγνὴν
393 2193 535 2230 ἁγνεύοντι
561 2193 721 2228 τιμήσωμεν
743 2191 800 2224 νοτ,
823 2191 953 2227 καλλονὴν

1011 274 1118 301 Adamn
1134 278 1176 302 est
1192 275 1342 310 antiquior,
1359 280 1385 302 et
1399 275 1513 310 aequalis
1527 276 1652 304 considet
1666 277 1750 306 Patri.

1046 319 1138 348 Genus
1151 320 1292 348 hominum
1309 321 1443 348 salvatum
1460 325 1502 349 est
1516 329 1563 356 per
1581 327 1688 356 partum
1707 328 1796 357 tuum,

1011 366 1058 400 qui
1076 371 1188 402 superat
1201 374 1310 394 omnem
1331 367 1536 401 cogitationem,
1560 371 1587 394 et
1614 368 1632 394 ii
1649 369 1695 403 qui
1713 370 1740 396 in
1758 374 1800 397 te-

1011 410 1104 436 nebris
1127 411 1313 444 corruptionis
1340 412 1536 443 versabantur,
1558 412 1684 440 viderunt
1707 413 1799 441 lumen

1010 454 1082 489 quod
1096 456 1250 483 coruscavit
1262 463 1293 482 ex
1304 461 1381 483 utero
1395 461 1452 489 tuo,
1468 465 1484 483 0
1502 457 1615 484 Domina
1626 459 1798 486 sanctissima

1010 500 1109 534 puella,
1127 507 1209 527 causa
1226 502 1407 535 reparationis
1422 508 1533 530 nostra.

1046 544 1071 572 ls
1088 546 1134 580 qui
1151 545 1300 573 Paternum
1322 547 1413 574 sinum
1435 556 1489 575 non
1509 548 1656 584 reliquerat
1680 557 1797 578 vacuum

1011 590 1037 617 in
1054 599 1102 618 sua
1121 592 1325 626 incarnatione,
1343 593 1370 620 in
1387 594 1448 621 sinu
1465 599 1511 621 tuo
1519 595 1596 623 visus
1610 599 1662 629 est,
1678 604 1695 623 ο
1707 597 1798 632 puris-

1010 637 1090 669 sima,
1114 641 1236 666 arctatus
1261 642 1390 674 tanquam
1411 639 1518 671 infans,
1544 648 1624 675 quem
1648 642 1797 676 propitium

1010 682 1092 710 redde
1108 683 1152 715 iis,
1177 684 1224 718 qui
1249 689 1273 711 te
1294 685 1420 720 religiose
1441 686 1598 719 honorant,
1615 695 1632 713 ο
1650 687 1734 721 Virgo
1749 687 1796 715 Dei

1009 735 1120 762 sponsa.

1046 774 1156 802 Haesitat
1183 783 1260 803 mens
1288 777 1443 812 recogitans
1475 785 1604 812 magnum
1631 783 1728 814 partus
1757 781 1795 808 tui

1009 820 1180 856 mysterium,
1190 829 1206 847 o
1222 821 1303 857 Virgo
1317 822 1416 851 :Deum
1429 824 1502 850 enim
1515 824 1641 858 peperisti
1656 825 1795 853 hominem

1009 865 1130 897 factum,
1159 874 1239 902 quem
1271 868 1344 895 nulla
1378 876 1455 896 meus
1484 870 1652 913 cogitatione
1686 873 1796 907 assequi

973 903 994 932 Β
1011 917 1107 946 potest.

1042 958 1168 985 Omnium
1185 958 1342 986 Creatorem
1365 962 1504 995 peperisti,
1526 967 1556 989 ut
1576 963 1688 990 Matrem
1716 963 1796 991 talem

1006 1001 1134 1034 decebat;
1150 1007 1176 1028 et
1189 1003 1261 1029 velut
1274 1003 1389 1031 thronus
1405 1005 1582 1038 eherubicus,
1599 1007 1715 1042 portasti
1732 1016 1795 1036 eum

1006 1046 1051 1080 qui
1069 1047 1188 1074 continet
1203 1055 1235 1075 ac
1250 1052 1339 1083 portat
1354 1049 1524 1083 universum,
1540 1058 1557 1077 ο
1573 1051 1699 1086 innupta.

1041 1092 1227 1120 Admirandus
1240 1098 1334 1128 partus
1350 1100 1423 1126 tuus.
1440 1103 1456 1122 ο
1471 1096 1529 1123 sola
1547 1096 1700 1131 benedicta,
1717 1105 1796 1125 men~

1006 1142 1047 1165 les
1073 1143 1183 1166 nostras
1212 1145 1325 1174 stupore
1350 1141 1472 1175 percellit
1493 1141 1588 1170 :Deus
1615 1143 1685 1170 enint
1711 1151 1743 1170 ex
1771 1148 1797 1171 te

1005 1191 1116 1210 carnem
1136 1185 1256 1218 suscepit
1271 1205 1278 1217 ,
1307 1193 1323 1211 ο
1339 1184 1453 1219 Deipara
1465 1206 1472 1218 ,
1493 1194 1655 1221 permanens
1673 1188 1699 1215 id
1722 1190 1795 1224 quod

1004 1234 1073 1260 erat,
1094 1229 1273 1258 immutabilis
1295 1235 1392 1258 natura
1417 1239 1424 1257 :
1450 1239 1530 1266 quem
1556 1233 1794 1267 superexaltamus

1005 1274 1032 1300 in
1050 1274 1144 1300 omnia
1160 1275 1273 1301 saecula.

1038 1319 1060 1346 Ο
1077 1320 1164 1354 puella
1180 1328 1241 1355 quae
1253 1321 1340 1347 lucem
1354 1326 1483 1348 aeternam
1504 1330 1535 1349 ex
1552 1322 1631 1350 Patre
1645 1331 1794 1351 coruscan-

1005 1368 1058 1391 tctn
1075 1365 1216 1400 peperisti,
1234 1365 1356 1392 illumina
1372 1367 1491 1393 animam
1508 1375 1541 1394 ac
1557 1373 1674 1395 mentem
1692 1376 1793 1399 meam.

1004 1416 1020 1436 ο
1033 1409 1124 1444 Virgo,
1146 1411 1228 1446 226
1244 1411 1322 1446 longe
1341 1412 1475 1446 repellens
1495 1404 1514 1439 a‘
1530 1420 1572 1439 me
1591 1413 1716 1441 tenebras
1734 1422 1796 1449 pas-

1004 1455 1124 1488 sionum,
1140 1461 1168 1483 ut
1181 1457 1331 1484 beatiticem
1344 1461 1381 1489 te,
1398 1465 1504 1492 semper
1518 1458 1704 1486 beatissimam
1716 1468 1792 1495 spem

1006 1502 1138 1531 ﬁdelium.

1040 1546 1081 1573 Ex
1094 1555 1193 1574 canone
1204 1547 1229 1574 in
1247 1547 1312 1582 festo
1323 1547 1352 1575 S.
1367 1547 1508 1575 Clementis
1523 1548 1644 1581 Romani,
1658 1549 1699 1576 die
1709 1549 1755 1577 ει.

1039 1641 1202 1673 Sanctitiea,
1231 1640 1346 1668 Domina
1361 1661 1368 1672 .
1392 1641 1519 1668 miseram
1542 1646 1660 1668 mentem
1688 1649 1796 1674 meam,

1004 1695 1064 1721 qua:
1093 1687 1358 1722 supersnbstantiale
1386 1687 1504 1715 Verbum
1522 1688 1657 1722 genuisti,
1683 1692 1710 1715 et
1732 1689 1796 1714 uni-

1003 1733 1091 1760 versis
1117 1733 1245 1768 supernis
1275 1733 1457 1768 potestatibus
1480 1734 1599 1760 sanctior
1623 1741 1670 1766 cs,
1699 1742 1715 1761 ο
1740 1733 1797 1760 Deo

1003 1779 1177 1807 charissima.

1038 1825 1060 1852 Ο
1079 1824 1264 1858 Dominipara,
1281 1831 1342 1860 quae
1365 1824 1451 1851 Deum
1475 1824 1649 1851 ineffabiliter
1663 1824 1793 1859 genuiSIi,

1004 1871 1124 1898 universi
1144 1871 1324 1903 Salvatorem,
1347 1871 1472 1897 eumdem
1502 1870 1648 1902 deprecare
1666 1875 1694 1896 ut
1710 1869 1796 1896 salvet

1003 1925 1046 1945 me
1060 1917 1170 1944 assidue
1184 1916 1357 1950 passionibus
1372 1916 1581 1943 eireunnlatum.
1663 1949 1666 1954 ι

1039 1962 1208 1990 Restaurasti
1241 1961 1386 1988 humanam
1419 1965 1544 1987 naturam
1590 1959 1736 1986 contritam
1768 1963 1795 1985 ct

1004 2008 1171 2043 corruptioni
1193 2006 1355 2042 subiectam,
1373 2014 1389 2033 ο
1414 2006 1541 2033 inviolata
1561 2011 1642 2040 atque
1659 2005 1771 2038 innupta
1784 2025 1792 2036 ,

1003 2056 1067 2083 dum
1094 2054 1177 2082 Deum
1199 2053 1371 2088 corporasti,
1400 2060 1431 2079 ac
1451 2059 1533 2086 supra
1555 2057 1659 2078 naturae
1682 2050 1794 2077 modum

1003 2102 1132 2137 peperisti
1151 2110 1156 2128 :
1186 2101 1218 2128 ad
1236 2108 1317 2135 quem
1345 2100 1498 2127 clamamus
1521 2107 1528 2125 :
1554 2097 1658 2129 Gloria,
1674 2097 1794 2130 Christe,

1003 2149 1131 2183 potentiae
1144 2153 1207 2174 tuac.

1039 2194 1148 2222 Castam
1163 2199 1238 2221 casta
1252 2196 1341 2220 mente
1353 2192 1520 2219 bonoremus
1537 2200 1544 2218 :
1558 2190 1792 2226 pulchritudinem

166 2243 214 2271 τοῦ
245 2243 344 2271 Ἰακὼὸ
372 2243 434 2274 ταῖς
466 2240 569 2272 ἐνθέοις
598 2238 715 2275 πράξεσι
742 2237 951 2272 καλλυνόμενοι,

1006 2240 1088 2268 Jacob
1110 2239 1210 2267 divinis
1226 2239 1379 2266 actionibus
1401 2238 1563 2265 decorantes
1584 2237 1711 2272 religiose
1732 2236 1794 2263 lau-

166 2289 286 2320 εὺσεσῶς
302 2289 468 2323 ὑμνήσωμεν
483 2287 521 2319 ὡς
536 2287 651 2322 Μητέρα
665 2285 713 2313 τοῦ
728 2285 795 2311 Θεοῦ
810 2284 900 2320 ήμῶν.

202 2335 352 2370 Μεμύηται
372 2335 486 2366 Ἡσαΐας
502 2334 533 2360 τὸ
553 2334 634 2369 βάθος
655 2332 701 2359 τοῦ
717 2332 797 2358 τόκου
820 2339 866 2357 σου
878 2351 885 2363 ,
907 2330 954 2357 καὶ

170 2380 307 2416 παρθένον
332 2380 361 2407 ἐν
383 2380 481 2414 γαστρί
504 2388 551 2406 σου
569 2378 701 2414 ἐκήρυξεν
724 2378 837 2413 ἔχουσαν
857 2377 903 2403 τὸν
920 2376 954 2402 δι’

168 2427 371 2461 ιὺσπλαγχνίαν
387 2426 562 2460 σαρκωθέντα
577 2426 609 2451 ὲκ
627 2425 685 2457 σοῦ,
700 2424 883 2459 άπειρόγαμε.

211 2520 240 2546 '0
263 2520 320 2550 τοῖς
347 2519 414 2545 πᾶσι
439 2516 625 2552 παρεχόμενος
646 2515 794 2551 βουλήματι
814 2516 845 2541 τὺ
867 2514 954 2548 εἶναι,

170 2566 301 2600 πάναγνε,
319 2566 351 2592 ὲκ
373 2564 420 2591 σοῦ
435 2564 522 2599 ἀρχὴν
541 2562 671 2598 χρονικὴν
704 2561 836 2596 λαμϐάνει
851 2562 898 2587 καὶ
913 2561 955 2587 τί-

170 2621 273 2646 κτεται,
285 2612 356 2639 λύων
372 2612 406 2637 τὰ
416 2611 512 2646 χρόνια
529 2609 740 2644 παραπτώματα
754 2608 804 2643 τῆς
823 2615 954 2642 συμπτω-

170 2661 273 2695 θείσης,
292 2661 420 2695 άχραντι,
439 2657 494 2684 τῶν
510 2656 613 2692 βροτῶν
631 2655 747 2691 ῥευστῆς
761 2654 865 2684 οὐσίας.

206 2707 238 2731 Ὢ
256 2704 370 2740 φρικτοῦ
387 2705 431 2731 καὶ
444 2703 562 2739 ἀρρήτου
577 2702 720 2736 Θεάματοςῑ
737 2701 766 2726 ὲν
778 2700 877 2734 γαστρὶ
891 2708 956 2726 κιτ-

170 2752 239 2779 οικεῐ
258 2751 272 2776 ὁ
286 2750 437 2785 άχώρητος,
455 2749 502 2777 καὶ
519 2748 587 2785 σὰρξ
617 2747 759 2783 ἀτρέπτως
773 2746 889 2781 γίνεται,
908 2746 956 2771 καὶ

171 2798 228 2825 θεοῖ
252 2806 284 2832 με
309 2797 342 2824 δι’
358 2795 465 2830 οἶκτον,
490 2796 538 2823 καὶ
560 2796 609 2831 τὴν
634 2793 769 2822 τεκοῦσαν
791 2793 859 2829 μετὰ
876 2792 955 2819 τόκον

172 2845 299 2880 φυλάττει
317 2844 492 2878 άγνεύουσαν.

1005 2287 1117 2318 demus.
1137 2291 1267 2321 tanquam
1286 2284 1333 2312 Dei
1350 2284 1436 2312 nostri
1456 2284 1581 2310 Matrem.

1041 2333 1165 2360 lnitiatus
1188 2337 1230 2359 est
1255 2331 1339 2359 Isaias
1364 2330 1506 2366 profundis
1533 2329 1670 2365 mysteriis
1699 2332 1794 2363 partus

1006 2379 1058 2411 tui,
1082 2383 1109 2406 et
1124 2378 1280 2413 praedicavit
1293 2382 1319 2405 te
1338 2377 1480 2412 virginem,
1500 2383 1561 2411 quae
1577 2375 1602 2402 in
1618 2379 1695 2402 utero
1715 2374 1795 2401 habi-

1007 2429 1068 2452 tura
1085 2432 1146 2451 eras
1163 2431 1225 2450 eum
1239 2425 1285 2458 qui
1302 2427 1413 2458 propter
1434 2429 1510 2449 suam
1528 2420 1745 2448 misericordiam
1761 2428 1794 2447 (χ

1007 2475 1033 2497 te
1050 2470 1208 2496 incarnatus
1223 2473 1274 2501 est,
1292 2476 1308 2495 ο
1324 2468 1413 2495 nescia
1428 2467 1491 2494 viri.

1042 2516 1090 2543 llle
1110 2515 1156 2550 qui
1170 2515 1298 2542 omnibus
1318 2514 1428 2541 decreto
1450 2520 1498 2539 suo
1510 2512 1612 2546 praebet
1625 2519 1695 2544 esse,
1708 2518 1740 2538 cx
1757 2516 1792 2542 te.

1006 2569 1023 2588 o
1041 2565 1094 2588 tota
1111 2565 1183 2588 easta
1200 2566 1282 2594 atque
1306 2559 1444 2589 inviolata,
1461 2557 1626 2592 principium
1647 2555 1795 2590 temporale

1007 2607 1127 2641 suscepit
1159 2613 1191 2633 ac
1222 2609 1302 2632 natus
1330 2608 1388 2636 est,
1411 2604 1525 2637 expiatis
1554 2602 1651 2629 delicta
1691 2605 1792 2627 naturae

1008 2653 1148 2680 hominum
1165 2652 1255 2682 ﬂuxae,
1269 2658 1329 2685 qua:
1344 2653 1494 2676 corruerat.

1043 2697 1065 2725 Ο
1094 2697 1278 2732 spectaculum
1309 2695 1510 2722 formidandum
1533 2699 1615 2727 atque
1643 2690 1793 2718 inetfabile!

1007 2745 1036 2771 ln
1057 2749 1150 2770 ventre
1167 2742 1272 2769 habitat
1295 2741 1327 2774 is,
1353 2748 1434 2775 quem
1453 2739 1519 2766 nihil
1534 2745 1630 2772 capere
1646 2739 1753 2770 potest,
1769 2741 1796 2761 et

1007 2791 1066 2818 sine
1091 2789 1143 2815 ulla
1168 2788 1320 2815 mutatione
1338 2788 1366 2813 lit
1393 2793 1475 2818 caro;
1499 2790 1597 2817 meque
1620 2788 1669 2808 sua
1687 2780 1796 2806 deiﬁcat

1007 2835 1217 2867 misericordia;
1246 2838 1274 2861 et
1306 2832 1469 2861 Geuitriecm
1500 2836 1577 2857 suam
1603 2831 1664 2863 post
1688 2830 1795 2862 partum

1011 2886 1112 2908 castam
1129 2884 1282 2907 conservat.
