2069 3159
287 178 351 209 Ιῖῐιι
850 177 881 206 S.
901 174 1059 206 JOSEI'III
1080 173 1362 204 IIYMNOGRM‘III
1839 173 1910 206 1252

319 234 384 261 Fers
414 234 440 261 in
469 232 546 262 ulnis’
563 235 661 267 Deum,
687 241 704 262 ο
726 233 920 265 sanctissima,
940 237 1070 268 tanquam

1158 232 1254 266 Φέρεις
1267 231 1296 257 ἐν
1314 231 1447 265 ἀγκάλαις
1469 229 1515 257 τὸν
1529 229 1605 262 Θεὸν,
1625 229 1663 260 ὡς
1694 230 1818 265 πύρινος.
1841 239 1913 257 παν-

282 285 398 307 turonus
414 281 510 316 igneus
531 281 689 312 inviolatus,
712 280 759 314 qui
783 280 929 307 humanam
949 279 1071 313 suscepit

1127 279 1197 312 ιγία,
1214 278 1306 313 θρόνος
1317 278 1460 313 ἄχραντος,
1473 277 1553 311 φύσιν
1568 276 1693 312 βροτείαν
1709 276 1850 312 εἰληφότα,
1866 278 1915 304 καὶ

282 332 419 359 naturam,
444 331 470 353 et
485 327 565 361 227
586 326 688 353 unione
705 326 834 353 ineﬂ‘abili
857 326 892 353 ob
908 327 1070 353 imntensam

282 372 498 399 misericordiam
513 380 591 398 suam
604 372 691 399 eidem
711 371 854 407 copulatus
867 377 908 399 est
919 381 925 404 ;
936 371 1071 407 quamob-

282 425 339 444 rem
355 425 451 444 omnes
470 422 496 444 te
510 417 727 453 magniﬁcamus.

319 474 359 500 I51:
373 482 471 501 unione
482 475 508 501 in
522 475 588 509 festo
602 475 633 502 S.
647 474 773 501 Mercurii
788 475 923 509 nmrlyris,
936 475 977 500 die
988 474 1033 501 95'.

319 565 339 591 E
351 564 456 599 virgine
475 565 565 599 puella
579 565 738 591 incarnatus
750 564 824 591 visus
837 569 889 597 est,
903 564 949 599 qui
963 569 1072 599 propter

283 618 331 638 nos
348 610 431 636 homo
460 610 559 637 similis
584 610 662 637 nobis
684 610 774 637 fartus
788 615 845 642 est,
861 614 888 637 et
903 610 1070 637 Mercurium

282 664 394 683 suarum
413 656 573 690 passionum
589 659 704 688 testem,
726 656 856 683 athletam
872 664 951 682 suutn
968 655 1071 688 eﬁ‘eeit,

282 703 364 729 enixe
389 702 441 729 sibi
468 703 656 729 concinentem
675 711 681 729 :
702 701 849 730 Cantemus
866 701 992 734 Domino,
1013 702 1072 737 glo-

283 748 354 774 riose
370 750 442 774 enim
464 748 662 775 lionorilicatus
677 754 728 775 est.

318 791 354 819 Ut
380 793 586 826 conceptionem
615 797 707 824 luant.
734 800 795 827 qute
818 800 928 819 omnem
954 798 1072 820 mentem

282 837 406 869 CICt‘dil,
426 838 511 863 rubus
528 837 729 871 praeﬁguraret,
746 846 762 862 o
780 842 867 869 casta,
888 839 1014 873 apparuit
1027 846 1072 865 ar-

283 884 351 909 dens
365 882 391 908 in
409 882 481 916 igne,
498 890 548 910 nec
563 887 652 909 tatnen
669 883 895 909 comburi-batur.

319 926 348 953 ln
373 932 398 954 te
424 927 595 954 salutiferum
623 927 742 955 Verbutn
769 928 924 961 descendit,
947 935 963 956 ο
988 927 1071 964 Virgo

283 972 430 1006 perennis.
445 976 576 1006 tanquam
595 968 693 1006 imber,
721 974 766 1008 qui
783 974 951 1001 inﬁdelitatis
967 975 1073 1009 pluvias

283 1017 444 1044 exsiccavit.

321 1063 458 1096 Interime,
486 1071 502 1090 ο
523 1063 616 1098 Virgo,
636 1065 728 1091 vivum
750 1069 1019 1104 peccatum'meum,
1046 1070 1073 1093 tu

285 1117 346 1145 quae
360 1109 443 1136 vitam
458 1110 599 1144 peperisti,
616 1118 677 1145 qua:
692 1112 772 1138 morti
790 1112 902 1138 tradidit
916 1118 1042 1139 mortem.

323 1156 489 1189 Concepisti.
513 1163 529 1182 ο
553 1156 660 1190 puella,
678 1165 726 1191 per
751 1165 844 1184 vocem
863 1157 968 1192 angeli,
985 1158 1074 1193 magni

285 1201 394 1227 consilii
415 1200 560 1235 Attgelutlt,
595 1207 621 1228 et
636 1210 668 1229 ex
689 1203 742 1230 tuis
759 1203 943 1231 sanctissimis
963 1204 1075 1239 saligni-

287 1247 368 1273 nibus
385 1247 556 1273 ίιιιΊιιίιςῑίυιὶι
573 1248 715 1282 peperisti,
732 1256 748 1275 0
763 1249 921 1283 purissima,
941 1250 1015 1276 ἰΗιιηι
1028 1250 1075 1283 qui

287 1293 347 1319 vita:
363 1293 454 1319 aditus
478 1293 615 1320 universis
638 1294 757 1321 ostendit
782 1300 893 1329 propter
910 1294 1075 1322 inell‘abilem

286 1339 504 1365 misericordiam
519 1346 608 1365 snam.

322 1384 488 1418 Angelorum
518 1384 630 1411 ordines
660 1389 771 1419 stupore
796 1385 920 1420 percellit
953 1386 1075 1421 mystcrii

286 1430 324 1457 tui
341 1429 524 1465 profunditas,
539 1437 556 1456 ο
574 1429 689 1464 Dcipara
703 1439 709 1457 :
727 1430 798 1458 Deus
815 1433 886 1458 enim
901 1439 934 1458 ex
951 1437 975 1458 te
987 1432 1077 1459 incar-

285 1483 368 1504 natus
391 1476 527 1511 apparuit,
557 1477 602 1503 cui
628 1477 801 1505 cont-inimus
821 1486 828 1505 :
854 1477 1017 1505 Benedictus
1035 1486 1075 1510 es,

286 1522 400 1550 Domine
420 1522 503 1550 Deus.

321 1568 376 1597 Nos
395 1577 491 1597 omnes
510 1569 603 1596 ﬁdeles
620 1573 646 1596 te
662 1573 791 1603 tanquam
824 1570 1007 1604 reparatiouis
1030 1577 1078 1596 no-
1092 1579 1113 1608 ο

288 1620 352 1644 stne
378 1623 490 1643 causam
515 1615 674 1647 laudamus,
694 1622 710 1641 ο
724 1615 853 1642 inviolata
876 1627 882 1642 :
908 1615 989 1642 Deum
1006 1615 1078 1642 enim

287 1662 410 1689 omnium
438 1669 529 1689 rerum
549 1669 659 1688 causam
685 1668 769 1696 supra
795 1669 906 1689 causam
933 1660 1077 1696 peperisti,

287 1707 334 1742 qui
355 1707 502 1742 imaginem
518 1714 595 1734 suam
610 1706 712 1733 malitia
725 1707 883 1738 contritam,
901 1707 1012 1742 propria
1028 1707 1079 1733 mi-

288 1750 436 1777 sericordia
454 1749 668 1785 redintegravit,
684 1756 700 1776 ο
726 1750 784 1777 sola
810 1751 1037 1785 superbenedieta
1052 1755 1079 1778 et

291 1795 378 1830 gratia
394 1795 485 1829 plena.

327 1841 463 1873 lllumina,
483 1849 498 1869 o
520 1846 597 1877 porta
620 1842 699 1875 lucis,
719 1841 840 1869 animam
862 1849 950 1869 meam
972 1842 1078 1876 passio-

289 1895 354 1915 num
378 1889 493 1923 caligine
515 1894 680 1917 exemcatam
694 1910 700 1922 ,
720 1889 866 1924 pravisque
903 1887 1077 1922 cogitationi-

288 1934 340 1962 bus
355 1934 542 1968 obscuratam,
557 1939 639 1970 atque
657 1935 682 1962 in
701 1934 860 1961 discrimine
876 1934 1005 1969 positam,
1021 1939 1046 1961 et
1062 1941 1077 1961 ει

289 1979 504 2013 tentationibus,
533 1980 663 2015 periculis
693 1980 776 2015 22s
798 1988 830 2007 ac
853 1979 1078 2007 tribulationibus

288 2033 354 2053 crue
370 2033 431 2058 me,
447 2031 477 2053 ut
492 2026 639 2061 gloriﬁcent
656 2031 681 2054 te
697 2034 771 2061 spem
791 2026 928 2060 roburque
943 2026 1076 2053 ﬁdelium.

290 2093 331 2121 Ea:
345 2102 445 2121 canone
459 2094 487 2121 in
502 2094 568 2129 [esto
585 2093 614 2121 S.
627 2093 661 2121 Ρ.
679 2092 717 2121 Ν.
734 2093 824 2129 Alypii
840 2094 960 2127 Cionitw,
975 2094 1016 2121 die
1031 2094 1078 2122 26.

327 2195 414 2222 Verba
433 2194 581 2222 venerandi
604 2194 744 2229 prophetae
761 2194 841 2221 linem
859 2194 989 2223 habuere.
1011 2194 1080 2223 Ecce

1121 324 1224 358 ταύτης
1251 323 1447 358 συμπλακέντα
1470 322 1532 349 καθ’
1555 322 1654 349 ἕνωσιν
1676 322 1852 358 ἀπόρρητον,
1879 323 1914 349 δι’

1121 368 1212 397 οἶκτον
1224 369 1378 405 ἀμέτρητον
1392 377 1399 384 ·
1414 369 1476 396 ὅθεν
1489 378 1518 396 σε
1535 370 1637 401 πάντες
1652 368 1852 405 μεγαλύνομεν.

1128 475 1179 502 Ἐκ
1198 474 1251 501 τοῦ
1272 475 1407 506 [tari/rat;
1429 474 1473 506 είς
1495 473 1549 500 τὸν
1564 473 1650 507 ἅγιον
1661 471 1916 507 μεγαλομάρτυρα

1333 509 1526 543 Ιίιερκούριον,
1540 508 1634 542 ἡμέρᾳ
1651 510 1700 534 κε’.

1159 566 1252 601 Κόρης
1272 565 1410 600 παρθένου
1434 565 1529 601 ῶράθη
1549 564 1734 600 σαρκούμενος
1749 573 1763 590 ο
1783 573 1808 590 ut
1840 565 1917 600 ἡμᾶς

1123 612 1184 639 καθ’
1200 612 1274 647 ἡμᾶς
1284 612 1427 647 ἄνθρωπος
1443 611 1599 646 γενόμενος,
1615 612 1662 637 καὶ
1680 611 1807 646 μάρτυρα
1819 611 1916 637 πιστὸν

1123 657 1218 685 παθῶν
1253 658 1364 684 οἰκείων
1392 657 1510 684 δείκνυσι
1540 657 1713 692 Ιὶῐερκοὺριον
1749 657 1916 691 γενόμενον,

1123 703 1206 730 αὑτοῦ
1226 703 1273 730 τὸν
1293 703 1423 738 ἀθλητὴν.
1446 703 1521 738 αὐτῷ
1543 703 1684 738 συντόμως
1701 702 1853 737 ψάλλοντα·
1870 703 1916 738 Τῷ

1123 751 1219 785 Κυρίῳ
1227 750 1340 785 ᾷσωμεν
1352 759 1359 767 ·
1373 751 1487 784 ἐνδόξως
1497 750 1552 785 γὰρ
1565 749 1731 782 δεδόξασται.

1161 796 1222 823 Ἰνα
1235 796 1405 832 προτυπώσῃ
1417 805 1465 822 σου
1476 796 1525 831 τὴν
1539 795 1609 831 ὑπὲρ
1620 795 1693 825 νοῦν.
1710 795 1791 830 ἁγνὴ,
1804 793 1916 830 κύησιν,

1125 842 1205 878 βάτος
1224 834 1290 878 πυρὶ
1304 841 1384 878 ὤφθη
1401 843 1548 878 καιομένη,
1564 841 1690 877 οὐδαμῶς
1705 841 1872 877 φλεγομένη.

1166 935 1228 962 Ἐπὶ
1247 935 1277 962 σὲ
1291 936 1305 962 ὁ
1320 936 1454 971 σωτήριος
1468 935 1554 969 Λόγος
1571 935 1773 970 καταὸέϐηκεν,
1788 935 1919 970 ’Δειπάρ-

1125 981 1195 1012 οενε,
1211 981 1306 1016 ὥσπερ
1320 981 1434 1016 ὄμϐρος,
1448 981 1496 1008 καὶ
1516 981 1632 1017 ἐξήρανε
1653 982 1704 1016 τῆς
1722 981 1870 1013 πολυθετας
1883 981 1921 1008 τὰ

1125 1026 1302 1062 ὀμὸρήματα.
1436 1031 1438 1033 ’

1160 1072 1332 1103 Θανάτωσον,
1355 1071 1490 1106 Παρθένε,
1509 1071 1559 1106 τὴν
1584 1071 1676 1103 ζῶσάν
1692 1079 1744 1106 μου
1766 1071 1918 1107 ἁμαρτίαν,

1125 1117 1199 1153 ζωὴν
1213 1118 1229 1153 ὴ
1244 1117 1372 1152 κυήσασα
1387 1118 1438 1152 τὴν
1455 1117 1653 1144 θανατώσασαν
1667 1117 1792 1145 θάνατον.

1161 1162 1311 1194 Συνέλαδες
1333 1163 1367 1198 τῇ
1384 1164 1461 1198 φωνῇ
1481 1161 1528 1189 τοῦ
1548 1162 1666 1196 ἀγγέλου
1689 1163 1736 1189 τὸν
1750 1163 1850 1198 βουλῆς
1869 1171 1919 1197 με.

1126 1208 1212 1243 γάλης
1229 1209 1372 1242 Ἄγγελον,
1398 1208 1487 1244 Κόρη,
1504 1208 1553 1235 καὶ
1569 1209 1601 1234 ἐκ
1621 1209 1676 1235 τῶν
1701 1209 1755 1235 σῶν
1777 1209 1919 1243 παναγίων

1126 1254 1249 1289 αἱμάτων
1277 1254 1498 1288 σεσαρκωμένον,
1529 1253 1697 1288 πανάμωμε,
1724 1254 1838 1286 τέτοκας
1873 1254 1920 1281 τὸν

1126 1300 1252 1332 δείξαντα
1264 1300 1331 1327 πᾶσι
1344 1299 1418 1335 ζωῆς
1433 1300 1483 1332 τὰς
1497 1299 1617 1331 εἰσόδους
1627 1299 1662 1326 δι’
1676 1299 1779 1334 ἄφατον
1793 1300 1878 1332 ἕλεος.

1163 1391 1260 1425 Τάξεις
1281 1391 1406 1426 ἀγγέλων
1433 1391 1620 1427 καταπλήττει
1646 1391 1796 1426 μυστηρίου
1815 1399 1863 1417 σου
1884 1391 1917 1418 τὸ

1128 1437 1228 1473 βάθος,
1253 1438 1384 1465 Θεοτόκε·
1409 1438 1423 1464 ό
1439 1437 1505 1470 Θεὸς
1531 1437 1585 1473 γὰρ
1603 1438 1635 1464 ὲκ
1659 1437 1706 1463 σοῦ
1731 1437 1921 1472 σαρκούμενος

1127 1484 1234 1521 ὼράοη,
1250 1482 1272 1518 ᾧ
1287 1484 1460 1520 με).ι;›δοῦμεν
1472 1492 1478 1498 ·
1498 1483 1585 1520 Κύριε
1601 1485 1615 1511 ὁ
1627 1483 1702 1516 Θεὸς,
1719 1484 1867 1520 εὐλογητὸς
1883 1483 1920 1513 si.

1171 1577 1215 1608 Ὠς
1235 1576 1285 1611 τῆς
1302 1575 1381 1611 ήμῶν
1401 1575 1561 1611 ὑπάρχουσα
1576 1575 1766 1608 ἀναπλάσεως,
1790 1575 1920 1613 ἄχραντε,

1130 1622 1250 1654 ἅπαντες
1276 1622 1367 1649 αἰτίαν
1385 1622 1410 1648 οῑ
1435 1621 1527 1648 πιστοὶ
1548 1621 1688 1657 ὐμνοῦμέν
1713 1630 1752 1648 σε.
1776 1622 1843 1648 Θεὸν
1865 1623 1922 1657 γὰρ

1131 1667 1272 1694 παναίτιον
1283 1667 1355 1702 ὑπὲρ
1367 1668 1456 1694 αἰτίαν
1466 1667 1591 1700 τέτοκας,
1607 1667 1653 1694 τὸν
1667 1667 1717 1703 τὴν
1730 1667 1923 1703 συντριϐεῖσαν

1130 1715 1159 1740 ὲν
1183 1713 1269 1748 κακίᾳ
1286 1713 1379 1741 εἰκόνα
1402 1714 1490 1749 οἰκεία
1511 1714 1699 1750 εὐσπλαγχνίᾳ
1714 1714 1922 1747 ἀναπλάσαντα,

1131 1760 1199 1795 μόνη
1215 1759 1459 1795 ὐπερευλογημένη
1475 1760 1523 1787 καὶ
1538 1761 1755 1796 κεχαριτωμένη.

1163 1851 1298 1883 Φώτισον,
1328 1851 1399 1887 πύλη
1428 1850 1475 1878 τοῦ
1502 1852 1608 1887 φωτδςι,
1634 1852 1684 1888 τὴν
1710 1853 1923 1888 τυφλώττουσαν

1128 1897 1222 1933 ψυχήν.
1245 1906 1296 1933 μου
1323 1899 1380 1929 τοῖς
1405 1897 1522 1931 πάθεσι,
1551 1899 1598 1926 καὶ
1626 1901 1754 1934 πονηροῖς
1781 1899 1924 1936 λογισμοῖς

1129 1943 1339 1978 ἀμαυρωθεῖσαν
1364 1943 1412 1969 καὶ
1439 1943 1666 1976 κινδυνεύουσαν,
1693 1944 1740 1971 καὶ
1771 1944 1865 1977 ἐξελοῦ
1888 1954 1924 1980 με

1130 1989 1303 2024 πειρασμῶν,
1326 1989 1457 2016 κινδύνων
1473 1991 1521 2015 καὶ
1544 1989 1673 2024 θλίψεων,
1692 1990 1737 2017 ἵνα
1757 1991 1863 2023 δοξάζω
1880 2000 1923 2025 σε,

1129 2035 1178 2071 τὴν
1192 2035 1288 2062 ὲλπίδα
1301 2035 1357 2061 τῶν
1373 2035 1477 2062 πιστῶν
1492 2035 1540 2062 καὶ
1554 2036 1730 2071 κραταίωμα.

1136 2105 1187 2132 Ἐκ
1213 2105 1266 2142 τοῦ
1287 2105 1429 2142 νιζανόνος-
1447 2105 1491 2137 εἰς
1514 2105 1567 2142 τὸν
1586 2105 1672 2132 ὅσιον
1687 2106 1815 2142 ,Πατέρα
1835 2107 1924 2142 ἡμῶν

1247 2140 1387 2166 Ἀλύπιον
1400 2140 1454 2166 τὸν
1468 2141 1620 2175 Κισνίτην,
1635 2141 1731 2175 ἡμέρᾳ
1746 2145 1803 2172 xc“.

1173 2195 1265 2231 Ῥῆσις
1291 2195 1392 2222 σεπτοῦ
1420 2196 1560 2231 προφήτου
1588 2196 1676 2231 πέρας
1711 2197 1838 2229 ἐδέξατο·
1867 2199 1925 2226 ίδοῦ

290 2242 364 2268 enim
388 2240 469 2275 Virgo
494 2241 578 2268 Deum
598 2241 625 2267 in
650 2249 732 2268 carne
749 2241 865 2276 peperit,
887 2242 934 2275 qui
955 2241 1077 2269 homines

1130 2241 1185 2278 γὰρ
1204 2243 1221 2277 ἡ
1252 2241 1390 2277 Παρθένος
1411 2241 1494 2277 σαρκὶ
1514 2242 1580 2268 Θεὸν
1602 2242 1702 2277 ἐκύησε
1723 2242 1836 2278 βροτοὺς
1857 2245 1926 2271 ἀνα-

288 2288 396 2315 delictis
409 2295 442 2314 ac
457 2287 575 2322 peccatis
589 2291 652 2314 ante
669 2287 804 2314 contritus
824 2287 1031 2322 redintegravit.

322 2377 344 2404 0
359 2377 456 2413 Virgo,
481 2377 612 2404 mundutn
639 2377 718 2405 Verbi
734 2377 878 2413 palatium,
897 2377 940 2406 fac
957 2378 1076 2406 animant

289 2431 377 2450 tueant
396 2424 507 2450 domum
529 2424 649 2458 Spiritus
673 2419 762 2451 sanéti
786 2433 792 2451 :
819 2423 894 2451 fonte
912 2431 1000 2459 aqua,
1017 2432 1078 2459 quae

288 2477 330 2498 est
345 2471 510 2506 principium
521 2472 593 2503 vitae,
606 2476 669 2506 pota
681 2479 735 2503 me,
752 2472 858 2506 peccati
869 2471 959 2499 calore
974 2471 1078 2498 inlinu-

289 2523 404 2549 matum,
421 2521 451 2544 ut
466 2525 516 2552 pro
531 2517 623 2544 debito
640 2523 664 2544 te
677 2518 836 2552 gloriticem.

324 2563 443 2596 llledere,
458 2563 583 2595 Domina,
604 2564 779 2599 passionibns
799 2563 898 2590 animat
911 2571 988 2594 mete.
1006 2571 1078 2590 men-

290 2617 398 2644 temque
426 2615 454 2637 et
471 2618 519 2637 cor
541 2617 631 2636 meum
656 2610 792 2642 illumina,
809 2615 836 2636 tu
861 2618 922 2645 qua:
944 2610 1012 2637 lucis
1031 2611 1079 2637 da-

289 2663 376 2685 torem
393 2657 533 2692 peperisti,
549 2657 689 2684 Christum
705 2657 849 2683 Dominum
866 2657 940 2683 otnni
958 2657 1078 2684 bonitate

288 2705 469 2739 Superiorem.

323 2750 346 2778 0
363 2750 452 2785 pttetla
471 2754 582 2783 sancta,
614 2749 699 2777 Deum
726 2753 852 2777 sanctum
877 2750 1023 2784 peperisti,
1045 2758 1078 2777 ex

289 2805 338 2824 sua
359 2797 548 2824 misericm'dia
569 2796 707 2823 hominem
723 2796 845 2827 factum,
863 2798 908 2831 qui
928 2797 1079 2824 sanctiﬁcat

289 2850 385 2870 omnes
402 2844 491 2876 ipsum
505 2850 567 2869 cum
585 2842 636 2869 ﬁde
651 2849 683 2869 ac
699 2842 796 2870 timore
811 2843 1023 2870 sanctiﬁcantes.

323 2887 390 2921 Nos,
412 2888 458 2922 qui
479 2889 505 2915 in
529 2888 704 2916 tribulatione
720 2896 872 2922 versamur,
890 2888 987 2916 fortem
1011 2895 1078 2916 con-

1128 2289 1279 2315 πλάττοντα
1291 2307 1298 2320 ,
1323 2288 1517 2324 συντριὸέντας
1541 2288 1675 2324 πρότερον
1703 2289 1856 2325 ἁμαρτίαις
1876 2292 1927 2318 καὶ

1128 2335 1376 2370 πλημμελήμασιν.

1165 2381 1296 2417 Παρϐἐνε,
1303 2381 1334 2407 τὸ
1343 2380 1463 2416 καθαρὸν
1469 2381 1516 2407 τοῦ
1526 2381 1613 2416 Λόγου
1624 2382 1765 2413 παλάτιον,
1775 2383 1824 2418 τὴν
1832 2383 1927 2418 ψυχήν

1130 2435 1180 2462 μου
1194 2426 1278 2458 δεῖξον
1294 2424 1368 2452 οἶκον
1380 2426 1427 2452 τοῦ
1448 2426 1527 2460 ἁγίου
1551 2427 1710 2462 Πνεύματος
1722 2435 1730 2443 ⁶
1750 2427 1847 2459 ὕδατος
1864 2439 1927 2463 πη-

1129 2474 1180 2507 γῆς
1195 2472 1352 2507 ζωαρχικῆς
1372 2472 1481 2505 πότισόςι
1495 2481 1530 2508 με
1547 2474 1580 2508 τῇ
1597 2473 1693 2500 καύσει
1714 2474 1763 2508 τῆς
1784 2475 1927 2510 ἁμαρτίας

1130 2518 1336 2554 φλογιξόμενον,
1353 2519 1426 2549 ὅπως
1443 2519 1604 2553 καταχρέως
1615 2519 1722 2551 δοξάζω
1738 2528 1779 2547 σε.

1163 2565 1203 2590 Τὰ
1220 2563 1294 2598 πάοη
1310 2563 1358 2598 τῆς
1380 2563 1470 2598 ψυχῆς
1489 2572 1540 2598 μου
1564 2564 1750 2600 θεράπευσον,
1774 2566 1822 2592 καὶ
1852 2575 1929 2601 φωτ-

1129 2610 1274 2645 αγώγησον
1301 2610 1348 2636 τὸν
1362 2609 1423 2635 νοῦν
1438 2610 1485 2636 καὶ
1500 2610 1549 2644 τὴν
1567 2611 1681 2646 καρδίαν
1695 2620 1757 2646 μου,
1777 2612 1927 2645 Δέσποινα,

1130 2658 1146 2691 ὴ
1177 2656 1332 2691 φωτοδότην
1369 2655 1487 2683 τεκοῦσα
1519 2657 1636 2691 Χριστὸν
1666 2658 1712 2684 τὸν
1748 2658 1928 2694 ὕπεράγαθον

1131 2703 1243 2738 Κύριον.

1165 2749 1260 2782 Ἂγιον
1274 2747 1394 2783 ὲκύησας
1409 2748 1476 2775 Θεὸν
1496 2750 1642 2786 γενόμενον
1659 2751 1755 2787 βροτὸν
1774 2752 1809 2778 δι’
1821 2751 1924 2785 οἶκτον,

1131 2797 1197 2831 ἁγία
1211 2796 1300 2832 Κόρη,
1325 2797 1371 2823 τὸν
1386 2797 1590 2831 καθαγιάξοντα
1610 2798 1673 2829 τοὺς
1692 2798 1773 2825 αὐτὸν
1791 2799 1821 2825 ἐν
1831 2799 1926 2826 πίστει

1130 2843 1176 2868 καὶ
1191 2841 1266 2876 φόϐῳ
1283 2842 1456 2876 ἁγιάζοντας.

1174 2889 1300 2925 Ἰσχυρὰν
1322 2889 1495 2926 παράκλησιν
1512 2890 1537 2917 σί
1551 2891 1581 2918 ὲν
1603 2890 1691 2927 θλίψει
1711 2891 1823 2928 ἔχομεν,
1840 2892 1924 2929 ἁγνὴ,
