2069 3159
189 163 259 194 1ρῖιὸ

876 153 1061 185 MARIALE.

1746 151 1816 184 12H

187 221 234 245 καὶ
257 217 368 253 βεϐαίαν
380 217 480 248 πάντες
501 223 530 241 σε
549 213 703 249 ἀντίληψιν,
719 213 815 248 Μῆτερ
828 211 907 245 Θεοῦ,
925 219 982 238 κιν-

1042 208 1195 238 ;olationem
1216 208 1358 240 habemus,
1375 211 1402 234 et
1421 207 1545 235 Stabilcm
1562 207 1759 246 tlel'cnsioncm,
1779 215 1818 245 te,

187 265 273 290 δὺνων
293 263 363 294 σῶζε
377 262 441 293 τοὺς
454 260 564 292 δούλους
584 269 644 287 σου,

240 356 260 380 0
276 353 467 388 ἀπεριὸριστος
488 352 578 387 σάρκα
601 351 749 379 ἀνελάῦετο
772 351 865 378 ἔννουν
882 359 912 376 τε
933 350 979 376 καὶ

191 399 312 434 ἔμψυχον
327 399 358 423 ἐκ
373 398 432 430 σοῦ,
455 396 645 432 ’Δειπάροενε,
658 396 705 422 τοῦ
720 396 805 423 σῶσαι
822 395 881 426 τοὺς
896 394 979 430 βοῶν-

193 452 251 476 τας·
273 444 302 469 '0
319 443 395 476 Θεὸς,
411 442 555 477 εὐλογητὸς
572 440 607 470 εἷ.

228 527 278 554 Σοῦ
292 529 306 554 ὀ
319 527 429 559 τοκετὸς
443 527 492 562 τὴν
509 527 672 562 τικτομένην
690 526 792 562 βλάόην
819 526 904 562 κακίᾳ
934 525 980 552 τοῦ

192 575 280 609 ὖφεως
297 573 344 600 νῦν
359 572 564 607 ἀπεστείρωσε,
588 573 656 607 μόνη
682 572 803 607 κατάρας
827 571 980 606 ἀναίρεσις,

194 620 316 655 ΙΙαροένε
327 627 334 634 ’
352 619 413 645 ὅθεν
427 627 456 645 σε
471 619 596 654 τιμῶμεν
614 620 654 650 είς
674 619 779 649 πάντας
791 618 854 649 τοὺς
869 617 981 648 αἰῶνας.

231 715 373 750 Φωτισμόν
396 722 442 749 μοι
469 712 592 749 δώρησαι
615 712 653 748 τῷ
677 713 707 738 ὲν
735 713 826 739 σκότει
850 712 906 739 δντι
931 712 983 739 τῶν

196 760 292 787 παθῶν
304 781 311 793 ,
331 761 378 786 καὶ
397 759 477 796 ῥῦσαί
496 768 529 794 με
543 758 671 794 πονηρῶν
690 757 796 792 ἔργων,
821 753 868 784 καῖ
887 758 985 792 φλογδς

196 804 412 839 ὲναποκειμένης
428 812 473 839 μοι
484 803 522 838 τῷ
532 803 616 838 ἀθλίῳ
626 802 673 830 καὶ
685 803 850 838 ἁμαρτωλῷ,
867 802 984 838 ἄχραντε

196 850 341 883 Δέσποινα,
359 849 511 885 προστασία
524 849 578 875 τῶν
596 848 755 884 ὑμνούντων
771 857 811 874 σε.
833 884 836 887 ἠ

203 953 255 980 Ἐκ
275 952 329 980 τοῦ
350 952 485 984 Κανόνος
511 953 554 984 εὶς
575 951 629 978 τὸν
655 952 742 977 ὅσιον
764 950 881 984 Πατέρα
902 949 987 985 ἡμῶν

346 987 500 1022 Στέφανον
514 988 568 1013 τὸν
580 986 660 1018 νέον,
677 987 769 1020 ἡμέρᾳ
781 988 834 1019 κη’.

233 1045 289 1081 Τὴν
310 1044 462 1071 ἀδιόδευτον
483 1043 588 1078 πύλην,
616 1043 646 1070 τὸ
664 1042 786 1078 καθαρὸν
808 1042 858 1077 τῆς
876 1043 988 1076 ἁγνείας

199 1091 332 1126 τέμενος,
349 1091 399 1125 τὴν
415 1091 501 1126 καλὴν
516 1091 545 1116 ὲν
564 1091 690 1124 γυναιξὶ,
713 1090 762 1123 τὴν
778 1089 859 1123 ἁγίαν
874 1090 987 1116 Δέσποι-

201 1146 251 1165 ναν
265 1138 368 1172 φωναῖς
384 1138 470 1172 ἱεραῖς
487 1138 500 1163 ὁ
515 1137 585 1171 ἱερὸς
598 1137 662 1168 λαὸς
674 1136 842 1170 δοξάσωμεν.

242 1184 291 1210 Ἐκ
311 1183 358 1210 σοῦ
384 1185 433 1219 τῆς
463 1184 547 1219 μόνης
574 1184 697 1219 καθαρᾶς
713 1185 727 1210 ὁ
749 1183 880 1218 ὑπέρθεσις
903 1183 988 1217 Λόγος

200 1229 358 1264 ὲσαρκώθη,
380 1229 418 1261 ὼς
432 1228 498 1262 οἶδε,
512 1231 559 1256 καὶ
580 1230 708 1256 διέσωσεν
722 1231 807 1265 ἡμᾶς,
823 1230 890 1260 τοὺς·
898 1238 987 1264 προσ-

203 1275 351 1307 κυνοῦντας
375 1275 457 1302 αὐτοῦ
485 1276 534 1312 τὴν
575 1276 609 1303 δι’
633 1274 722 1303 oin-tor
749 1277 824 1303 θείαν
851 1276 987 1310 συγκατά-

202 1321 292 1348 σασιν.

244 1368 289 1394 Ἐν
305 1367 358 1400 σοὶ,
379 1367 545 1402 πανάμωμε,
559 1367 609 1403 τῆς
630 1367 766 1403 σωτηρίας
783 1376 833 1402 μου
850 1368 899 1399 τὰς
915 1367 992 1407 sli-J7

203 1413 249 1444 δας
271 1413 391 1448 ἐθέμην,
410 1413 458 1440 ἐπὶ
479 1414 528 1448 τὴν
547 1413 595 1448 σὴν
621 1413 727 1448 σκέπην
749 1414 924 1447 κατέφευγα·
943 1422 990 1448 γε-

205 1458 250 1484 νοῦ
267 1467 322 1493 μοι,
337 1459 423 1493 Κόρη,
441 1458 548 1494 βοηθὸς,
562 1459 615 1485 τῶν
632 1459 726 1485 δε;νῶν
742 1459 923 1494 ὲξαιρουμένη
945 1467 991 1494 με.

245 1506 409 1541 ’Υπεραγία,
425 1507 442 1542 ὴ
461 1506 508 1532 τὸν
528 1506 593 1532 Θεὸν
610 1506 679 1541 μόνη
695 1506 742 1532 ἐπὶ
762 1506 814 1540 γῆς
830 1506 867 1537 ὡς
884 1505 992 1541 ἀληθῶς

1030 255 1154 290 inquam,
1170 262 1185 282 ο
1201 259 1286 281 casta.
1308 253 1416 285 Libera,
1435 260 1451 280 ο
1471 253 1555 281 Mater
1574 253 1633 286 Dei,
1651 261 1665 281 a
1688 256 1817 290 periculis

1030 309 1125 330 servos
1140 305 1212 328 ιιιοε.

1065 347 1112 375 Ille
1128 347 1174 382 qui
1191 351 1232 374 est
1259 340 1510 380 incircumscriptus
1531 350 1613 380 atque
1636 345 1812 380 indelinitus,

1031 401 1140 421 carnem
1158 393 1277 427 suscepit
1293 397 1384 419 mente
1407 397 1488 426 atque
1508 391 1598 418 anima
1613 393 1764 427 praeditam,
1784 401 1818 421 ex

1032 444 1068 472 te,
1081 447 1098 466 ο
1113 438 1194 474 Virgo
1209 443 1348 473 perpetua,
1372 444 1400 464 ut
1414 445 1461 464 eos
1477 437 1606 471 salvaret,
1620 439 1666 473 qui
1681 439 1818 467 clamant:

1032 485 1192 513 Benedictus
1206 493 1247 517 es,
1263 484 1347 518 Deus,
1361 490 1412 512 etc.

1067 533 1164 560 Partus
1180 536 1243 559 tuus
1263 539 1336 558 nunc
1354 531 1472 558 sterilem
1496 531 1613 559 reddidit
1627 539 1737 563 noxam,
1759 539 1820 566 qua

1032 586 1065 605 ex
1079 578 1181 605 malitia
1196 577 1330 612 serpentis
1348 581 1410 604 nata
1430 582 1500 609 erat,
1518 585 1534 604 ο
1551 577 1646 612 Virgo,
1662 577 1742 604 unica
1762 585 1820 604 ma-

1033 624 1186 652 ledictionis
1210 623 1419 655 exterminatio;
1438 623 1617 658 quamobrem
1638 628 1664 651 te
1680 623 1708 651 in
1731 624 1822 650 omnia

1034 670 1132 697 saecula
1148 671 1327 697 honoramus.

1071 715 1299 743 Illuminalionem
1312 715 1409 750 largire
1424 715 1505 747 ntihi,
1523 714 1551 742 in
1568 715 1722 750 passionum
1747 721 1823 743 tene-

1036 763 1093 789 bris
1113 762 1310 794 commoranti,
1330 766 1356 788 ct
1381 761 1465 788 libera
1481 767 1524 788 me
1543 769 1557 787 a
1579 761 1668 796 pravis
1684 761 1822 796 operibus,

1036 811 1063 834 et
1089 815 1104 834 a
1126 807 1235 834 ﬂamma
1260 815 1320 842 qua:
1345 812 1500 834 reservatur
1523 807 1589 834 milti
1617 807 1764 835 miserabili
1791 815 1824 834 ae

1037 852 1183 887 peccaturi,
1197 860 1214 880 0
1232 853 1344 880 Domina
1366 853 1510 885 inviolata,
1525 861 1619 880 eorum
1631 873 1639 885 ,
1656 854 1702 889 qui
1717 858 1743 881 te
1763 854 1824 880 lau-

1001 890 1023 919 Β
1038 901 1118 931 dant,
1135 899 1328 933 patrocinium.

1037 966 1120 1001 229
1153 966 1195 993 Ea:
1220 974 1318 993 canone
1338 966 1364 992 in
1384 965 1512 1028 gestass.
1541 965 1669 1000 Stephani
1695 966 1825 999 Junion‘s,

1403 1009 1426 1028 te
1478 1020 1486 1028 .

1403 1009 1426 1028 ιε
1440 1009 1486 1028 Ζδ.

1074 1056 1184 1084 Portam
1201 1056 1375 1089 imperviam,
1388 1056 1519 1083 mundum
1535 1056 1668 1083 castitatis
1683 1056 1826 1091 templum,

1039 1103 1255 1138 pulcherrimam
1281 1103 1350 1130 inter
1373 1103 1514 1134 mulieres,
1530 1102 1672 1129 Dominam
1690 1108 1827 1136 sanctam,

1040 1150 1128 1177 sacris
1145 1149 1260 1176 vocibus
1278 1156 1357 1176 sacer
1372 1148 1489 1182 populus
1506 1148 1700 1182 gloriﬁcemus.

1076 1195 1116 1221 Ex
1132 1199 1158 1221 te
1174 1194 1231 1220 sola
1248 1201 1317 1228 pura
1336 1192 1453 1219 Verbum
1476 1192 1683 1226 superdivinum
1699 1192 1828 1219 incarna-

1041 1247 1097 1268 tum
1114 1245 1165 1273 est,
1178 1247 1210 1266 co
1224 1239 1305 1266 modo
1321 1246 1376 1273 quo
1390 1239 1460 1265 idem
1479 1238 1566 1270 novit,
1597 1242 1624 1265 et
1636 1237 1750 1265 salvavit
1763 1245 1826 1271 nos,

1041 1287 1088 1321 qui
1106 1287 1180 1313 illius
1196 1285 1358 1312 descensum
1375 1283 1498 1311 divinum
1522 1283 1557 1310 ob
1577 1290 1655 1310 suam
1672 1283 1829 1309 misericor-

1042 1333 1113 1360 diam
1130 1332 1230 1359 factum
1246 1331 1405 1358 adoramus.

1080 1378 1107 1403 In
1125 1381 1161 1408 te.
1188 1384 1204 1402 ο
1220 1374 1488 1407 immaculatissima,
1507 1374 1604 1401 salutis
1620 1381 1686 1401 mea!
1706 1381 1768 1408 spes
1784 1381 1828 1400 re—

1043 1423 1134 1458 posui,
1151 1423 1203 1450 sub
1218 1427 1292 1448 tuam
1309 1421 1506 1456 protettionem
1531 1420 1642 1455 confugi
1657 1429 1664 1447 τ
1683 1425 1742 1447 esto
1761 1420 1827 1447 mihi

1044 1469 1174 1503 adjutrix,
1193 1476 1209 1495 ο
1225 1468 1327 1503 puella,
1346 1473 1372 1494 et
1385 1475 1400 1494 a
1416 1467 1497 1494 rebus
1512 1467 1633 1494 molestis
1650 1467 1724 1501 eripe
1740 1475 1782 1493 me
1793 1485 1804 1495 .

1078 1517 1099 1544 0
1113 1519 1299 1550 supersancta.
1326 1522 1385 1549 qum
1399 1519 1607 1549 supersanctum
1630 1514 1712 1541 Detnu
1727 1514 1785 1540 sola
1802 1513 1830 1541 in

203 1551 250 1578 τὸν
266 1552 415 1587 ὑπεράγιον
428 1552 540 1584 τέξασα,
556 1552 620 1584 τούς
638 1561 668 1578 σε
690 1553 819 1579 Θεοτόκον
833 1553 876 1578 ἀεὶ
890 1551 990 1587 κηρύτ-

1043 1566 1116 1590 terra
1135 1562 1278 1589 verissime
1306 1561 1451 1596 peperisti,
1478 1568 1535 1592 eos,
1562 1560 1608 1595 qui
1637 1565 1662 1587 te
1687 1559 1830 1594 Driparam

204 1606 300 1630 τοντας
319 1599 433 1633 ἁγίασον
449 1599 498 1626 καὶ
513 1599 598 1625 σῶσον
613 1600 646 1634 τῇ
664 1599 789 1634 μεσιτείᾳ
805 1607 863 1627 σου.

240 1694 296 1728 Τὴν
321 1693 407 1728 μόνην
431 1693 623 1729 πανύμνητον,
648 1693 697 1726 τὴν
717 1693 803 1728 καλὴν
821 1694 850 1720 ὲν
867 1693 990 1727 γυναιξὶ,

204 1740 254 1775 τὴν
278 1739 326 1766 τοῦ
342 1739 411 1766 Θεοῦ
428 1739 603 1775 λοχεύτριαν,
619 1740 791 1775 Χριστιανῶν
806 1740 836 1766 τὸ
850 1741 938 1775 τεῖχος
961 1739 993 1766 τὸ

205 1785 337 1822 ἀρραγὲς,
351 1785 400 1820 τὴν
415 1786 549 1821 ἄχραντον
570 1787 720 1813 Δέσποιναν
735 1785 874 1821 ἀδικάστῳ
894 1786 993 1822 καρδίᾳ

207 1832 413 1866 μακαρίσωμεν.

247 1922 399 1958 Ἱερώτατοι
414 1922 553 1957 προφῆται
569 1921 772 1957 προεδήλωσαν,
792 1922 873 1957 ἁγνὴ,
889 1923 993 1957 ἐκφαν-

205 1970 343 1996 τικὼτατα
356 1970 387 1994 τὸ
407 1971 555 2004 μυστήριον
568 1970 617 2003 τῆς
633 1968 733 2002 σεπτῆς
750 1968 857 2003 λοχείας
872 1976 930 2000 σου,
947 1968 995 1994 καὶ

205 2014 254 2042 νῦν
284 2016 364 2050 ἡμεῖς
391 2016 441 2046 τὰς
471 2015 600 2046 ὲκῦἀσεις
629 2014 774 2049 τηλαυγῶς
798 2014 994 2046 κατανοοῦντες

206 2059 326 2091 εὐσεϐῶς
347 2067 377 2086 σε
398 2059 598 2094 μακαρίζομεν.

249 2105 404 2140 Ῥαντισμῴ
423 2105 496 2131 οείου
518 2105 628 2140 λύτρον,
654 2104 845 2140 θεοχαρίτωτε,
863 2105 895 2131 ἐκ
912 2104 994 2130 τιτλει.»⁸

210 2153 259 2188 ρᾶς
274 2153 438 2184 κενωθέντος
451 2152 498 2179 τοῦ
526 2151 573 2178 σοῦ
589 2151 655 2177 Υἱοῦ
670 2152 717 2177 καὶ
733 2150 812 2181 Θεοῦ,
828 2150 874 2176 τὸν
891 2151 924 2177 ὲκ
947 2158 996 2176 πο-

208 2200 295 2235 νηρᾶς
318 2198 457 2234 ἁμαρτίας
479 2197 616 2232 προσόντα
643 2205 687 2232 μοι
707 2196 803 2231 ῥύπον,
819 2194 937 2222 δυσωπῶ
954 2203 994 2228 σε,

207 2245 374 2278 ἀπόπλυνον,
391 2244 523 2280 Παρθένε.

242 2292 332 2323 Φωτδς
348 2292 460 2326 δοχεϊον,
477 2290 668 2326 θεοχαρίτωτε,
683 2289 737 2316 τῶν
753 2289 833 2324 ἱερῶν
849 2288 996 2324 μαρτύρων

210 2338 320 2373 ἀληθῶς
336 2338 367 2364 τὸ
378 2337 543 2372 κραταίωμα
553 2358 560 2371 ,
573 2337 628 2363 τῶν
646 2337 727 2363 ὁσίων
742 2336 868 2363 ἁπάντων
885 2336 916 2362 τὸ
931 2335 998 2362 καύ-

209 2392 298 2419 χημα,
318 2383 404 2409 σῶσον
420 2384 493 2417 ἡμᾶς
508 2383 651 2415 κινδύνων,
668 2383 716 2409 καὶ
737 2382 936 2417 περιστάσεων,
950 2381 999 2407 καὶ

209 2430 260 2465 τῆς
273 2430 328 2456 τῶν
339 2428 445 2464 ἐχθρῶν
460 2428 611 2464 ἐπιδρομῆς
625 2429 689 2459 τοὺς
705 2427 890 2463 ἀνυμνοῦντάς
903 2436 943 2454 σε.

217 2535 266 2562 Ἐκ
282 2534 335 2561 τοῦ
360 2533 492 2565 Κανόνος
506 2533 549 2565 εις
564 2532 618 2558 τὸν
642 2532 727 2565 ἅγιον
748 2532 884 2566 μάρτυρα
903 2531 999 2566 Παρά-

243 2578 340 2604 μονον
359 2569 407 2596 καὶ
421 2569 474 2595 τὸν
490 2567 575 2602 ἅγιον
589 2568 784 2601 Φιλούμενον,
801 2568 896 2601 ἡμέρᾳ
911 2568 962 2594 xl)’.

254 2627 299 2653 Ἑν
318 2627 407 2662 χρόνῳ
422 2626 468 2653 τὸν
491 2625 544 2659 ἔξω
566 2626 662 2661 χρόνου
679 2626 792 2656 τέτοκας
813 2625 907 2660 βροτὸν
921 2625 999 2659 γενό-

214 2682 304 2708 μενον,
321 2673 350 2699 ὃν
374 2673 490 2704 ἐκτενῶς
513 2672 625 2704 ἱκέτευε,
648 2672 728 2706 ἁγνὴ,
744 2672 781 2702 ῶς
800 2671 861 2698 Υὶόν
885 2681 932 2698 σου
952 2671 1000 2698 καὶ

214 2720 324 2756 Κύριον,
345 2720 379 2746 τὰ
400 2721 448 2755 τῆς
466 2720 554 2754 ψυχῆς
571 2728 622 2754 μου
639 2719 734 2754 χρόνια
759 2718 831 2753 πάθη
858 2718 998 2752 ἰάσασθαι,

213 2774 378 2802 ι’·αναμωμε.

246 2864 401 2900 Στερὲωσόν
426 2872 476 2899 μου
494 2863 540 2890 τὸν
554 2872 622 2898 ,νουν
640 2863 872 2898 περιτρεπίμενον
889 2861 997 2894 πολλοῖς

1043 1615 1150 1643 semper
1165 1607 1314 1642 pradicant
1334 1607 1475 1634 sanctilica
1502 1614 1534 1633 ac
1564 1606 1638 1632 Salva
1665 1605 1831 1632 metliatione

1044 1659 1100 1681 tua.

1079 1698 1169 1725 Solam
1187 1698 1261 1724 illam
1276 1697 1351 1725 omni
1368 1697 1448 1724 laude
1473 1696 1675 1730 dignissimam,
1705 1695 1833 1730 pulcher-

1045 1745 1140 1773 rimam
1160 1745 1233 1772 illam
1253 1745 1323 1772 inter
1338 1744 1477 1774 mulieres.
1497 1742 1543 1769 Dei
1562 1741 1740 1774 Grnitricem,
1756 1740 1834 1768 Chri-

1045 1792 1195 1819 stianorum
1220 1798 1330 1818 murum
1353 1788 1604 1824 inexpugnabilem,
1631 1787 1772 1814 Dominam
1789 1786 1833 1813 in-

1043 1836 1185 1867 violatam,
1198 1836 1313 1862 immoto
1342 1835 1510 1869 minimeque
1525 1834 1659 1862 dubitanti
1674 1833 1757 1861 corde
1770 1833 1835 1861 bea-

1046 1882 1191 1909 tilieemus.

1081 1926 1265 1954 Sacratissimi
1286 1925 1426 1960 prophetae
1445 1924 1669 1952 manifestissime
1683 1928 1762 1950 antea
1783 1923 1833 1950 de-

1045 1973 1220 2000 claraverunt
1250 1971 1410 2005 mysterium
1442 1969 1588 1997 venerandi
1614 1974 1708 2003 partus
1737 1968 1786 1999 lui,
1816 1975 1833 1994 ο

1046 2024 1139 2051 casta;
1154 2022 1181 2046 et
1196 2025 1268 2044 nunc
1278 2024 1328 2044 nos
1341 2016 1463 2042 vaticinii
1479 2023 1626 2042 successus
1642 2019 1735 2049 aperte
1750 2020 1837 2048 agno-

1047 2069 1164 2096 scentes,
1181 2069 1206 2091 te
1220 2063 1316 2090 devote
1331 2062 1535 2090 beatiﬁcamus.

1077 2110 1239 2146 Aspersorio
1261 2109 1348 2137 divini
1371 2108 1483 2140 lavacri,
1512 2107 1585 2143 quod
1611 2114 1644 2133 ex
1670 2107 1754 2133 latere
1772 2104 1834 2132 Filii

1047 2158 1151 2193 Deique
1167 2159 1206 2184 tui
1227 2156 1343 2184 cmtsum
1358 2161 1415 2187 est,
1432 2155 1522 2187 ablue,
1540 2162 1564 2182 te
1591 2161 1698 2189 precor,
1714 2161 1730 2180 ο
1753 2151 1836 2186 Virgo

1050 2203 1105 2232 Deo
1122 2203 1297 2233 charissima,
1318 2201 1425 2233 sordes.
1442 2208 1475 2228 ex
1498 2199 1602 2235 peccati
1619 2197 1722 2225 malitia
1747 2197 1835 2224 inhte-

1048 2256 1139 2278 remes
1153 2249 1232 2277 mihi.

1083 2296 1105 2324 Ο
1122 2296 1177 2323 Deo
1191 2295 1364 2325 charissima,
1391 2292 1458 2320 lucis
1476 2290 1696 2326 receptaculum,
1712 2296 1774 2316 vere
1791 2295 1837 2315 sa-

1048 2350 1158 2370 crorum
1184 2345 1334 2376 martyrum
1353 2339 1447 2370 robur,
1467 2344 1493 2365 et
1509 2336 1698 2364 eonfessorum
1711 2334 1835 2362 omnium

1049 2387 1185 2423 gloriatio,
1200 2386 1291 2414 salvos
1307 2386 1350 2412 fac
1363 2391 1415 2411 nos
1431 2391 1445 2410 a
1460 2381 1601 2418 periculis,
1615 2385 1643 2408 et
1657 2379 1839 2407 circumstan-

1050 2433 1124 2461 tibus
1137 2431 1349 2463 calamitatibus,
1361 2434 1441 2464 atque
1449 2429 1482 2455 ab
1494 2428 1612 2455 hostium
1622 2425 1838 2459 incursionibus,

1049 2481 1113 2507 dum
1129 2484 1154 2506 te
1167 2478 1296 2505 laudibus
1308 2477 1491 2504 celebramus.

1050 2538 1130 2573 230
1144 2537 1185 2564 Ea:
1198 2543 1297 2563 canone
1308 2536 1333 2562 in
1349 2536 1415 2569 festo
1428 2533 1478 2561 SS.
1486 2531 1639 2573 ‘Parnanmoni
1650 2536 1673 2558 ιι
1688 2527 1838 2556 Philumeui

1296 2568 1455 2605 martyrum,
1474 2569 1516 2595 die
1539 2568 1585 2595 ‘29.

1088 2629 1116 2656 In
1130 2633 1250 2663 tempore
1263 2627 1392 2662 peperisti
1418 2633 1492 2657 eum,
1511 2625 1557 2660 qui
1574 2627 1614 2651 est
1629 2626 1706 2649 extra
1718 2624 1837 2653 tempus,

1049 2676 1189 2703 hominem
1207 2675 1309 2702 factum
1328 2682 1334 2700 :
1354 2681 1434 2708 quem
1462 2672 1542 2699 enixe
1561 2671 1718 2704 deprecare,
1731 2674 1748 2692 ο
1763 2669 1836 2692 casta

1050 2730 1082 2749 ac
1099 2726 1154 2748 tota
1171 2721 1359 2753 immaculata,
1377 2724 1504 2753 tanquam
1523 2716 1620 2743 Filium
1640 2719 1716 2740 tuum
1735 2719 1766 2738 ac
1786 2709 1838 2736 Do-

1052 2770 1168 2800 minum,
1187 2767 1363 2802 temporariis
1378 2766 1476 2793 anima;
1499 2770 1566 2790 mea:
1587 2759 1761 2796 passionibus
1779 2764 1838 2784 me-

1051 2816 1156 2842 deatur.

1085 2860 1223 2889 Conﬁrma
1248 2867 1280 2888 ac
1306 2858 1430 2887 stabilem
1460 2855 1535 2883 ctIicc
1560 2857 1678 2881 mentem
1706 2857 1805 2883 meam,
1821 2855 1839 2876 ο
