2069 3159
254 179 322 212 ι255

813 176 844 205 S.
865 174 1023 205 IOSEPI‘I‘I
1045 173 1324 204 HYMNOGRAPHI

1807 169 1876 202 1256

252 237 338 264 Mater
352 235 397 263 Dei
413 234 579 265 castissima,
611 231 703 259 multis
725 229 899 266 passionibus
917 229 1038 256 circum-
1052 237 1060 260 Α

1096 227 1205 260 πάθεσι,
1231 227 1328 262 Μῆτερ
1354 226 1422 253 Θεοῦ
1451 226 1591 260 πάναγνε,
1621 225 1694 257 ὅπως
1717 226 1876 261 καταχρέως

251 282 392 317 agitatam.
409 285 438 307 ut
454 286 479 307 te
498 285 548 314 pro
565 277 655 304 debito
667 276 825 312 gloriliccm.

285 326 416 353 Homines
445 325 480 352 ob
505 323 735 357 trangressionem
773 325 898 348 mortuos
932 319 1039 347 vivillco

255 379 333 407 partu
352 377 398 398 luo
421 378 516 398 omnes
531 369 715 400 resuscitasti,
727 376 743 396 ο
759 367 840 402 νὴ·κο
850 367 935 394 Maria
952 376 959 394 :
973 374 1037 401 pro-

251 422 342 452 pterea
361 422 387 445 te
407 415 604 452 gloriﬁcamus,
627 419 654 442 et
670 415 769 442 divinis
783 413 910 441 laudibus
931 413 1038 440 beatam

251 464 431 498 appellamus.

288 508 338 541 Qui
351 507 423 534 Patri
441 515 473 534 ac
498 505 612 542 Spiritui
629 510 725 533 sancto
738 505 868 540 aequalem
889 504 971 532 habet
990 503 1039 531 ho-

251 562 346 582 norent
362 554 507 586 Dominus,
522 561 553 580 ex
565 553 648 580 castis
659 551 838 586 sanguinibus
850 550 913 584 tuis,
923 550 1038 585 o\'irgo,

252 600 414 627 incarnatus
430 603 472 625 est
487 603 515 625 et
531 598 620 625 factus
632 598 725 624 homo.
902 590 906 596 ’

287 647 308 672 Α
325 645 462 672 scandalis
480 644 542 670 vita:
566 643 650 669 libera
669 649 730 674 me,
749 649 765 667 ο
783 639 1037 671 intemeratissima,

251 699 300 726 qut
327 691 354 717 in
386 695 467 716 nocte
487 689 626 719 caecitatis,
655 687 817 714 deformium
845 685 1038 721 cogitationum

252 737 384 769 tenebris,
397 736 434 763 ob
451 735 557 762 inimici
585 733 716 760 malitiam
728 753 735 765 .
754 739 862 766 semper
889 736 1040 766 occupatus

251 790 323 810 sum.
705 775 708 778 ⁴

287 828 383 856 Gaude
401 833 441 859 ttt,
462 833 524 862 quae
545 826 604 853 sola
629 823 786 852 hominibus
809 822 938 857 gaudium
956 829 1038 857 pepe-

253 875 312 902 risti
332 883 339 901 :
357 874 455 909 gaude,
479 873 589 903 coelum,
603 875 630 898 ct
643 871 740 897 throne
757 869 920 900 Cheruhice,
940 872 967 894 ct
983 868 1040 902 glo-

1089 273 1192 305 δοξάζω
1212 282 1252 299 σε.

1124 319 1319 354 Νεκρωθέντας
1335 319 1398 350 τοὺς
1418 317 1580 353 ἀνθρώπους
1594 319 1626 352 τῇ
1649 317 1816 351 παραϐάσει,
1836 318 1876 353 τῷ

1091 365 1228 400 ζωηφόρῳ
1257 364 1330 391 τύχω
1354 372 1420 396 σου,
1437 364 1559 400 Παρθένε
1578 363 1684 399 Μαρία,
1706 363 1810 394 πάντας
1826 363 1875 389 ἁν-

1090 410 1216 445 έστησας.
1236 409 1281 436 Διό
1298 417 1328 437 σε
1341 409 1502 444 δοξάζομεν,
1519 409 1566 436 καὶ
1581 408 1742 444 θεοπρεπῶς
1756 408 1875 443 μακαρί-

1091 455 1184 491 ζομεν.

1131 501 1277 537 Ὀμότιμος
1305 500 1392 535 [largi
1416 499 1576 534 ἐνυπάρχων
1605 499 1653 525 καὶ.
1679 499 1835 534 Πνεύματι,
1863 498 1878 525 6

1090 547 1191 583 Κύριος
1205 547 1235 580 ἑξ
1254 546 1344 581 ἁγνῶν
1355 555 1401 572 σου
1416 545 1560 581 ἐσαρκώθη
1573 545 1708 580 αἱμάτων,
1721 545 1801 579 ἁγνὴ,
1817 546 1879 580 βρο-

1089 595 1134 626 τδς
1152 595 1304 630 γινόμενος.

1131 640 1226 666 Ῥῦσαί
1244 648 1277 674 με
1294 639 1348 665 τῶν
1374 638 1530 665 σκανδάλων
1544 637 1592 664 τοῦ
1606 637 1676 672 βίου,
1695 637 1877 672 πανάχραντε,

1091 686 1140 721 τῆς
1164 687 1192 712 ὲν
1207 688 1284 712 νυκτὶ
1300 685 1430 719 ἀϐλεψίας
1458 683 1595 719 λογισμῶν
1615 685 1723 710 ἀτόπων
1741 692 1878 718 κεκρατη-

1092 732 1184 767 μένον,
1201 733 1235 766 τῇ
1251 731 1336 767 κακίᾳ
1357 731 1403 757 τοῦ
1419 730 1568 766 δυσμενοῦς
1582 730 1625 757 ἀεὶ
1641 729 1842 764 σκοτιζόμενον.

1125 825 1222 861 Χαῖρε,
1238 825 1254 860 ἡ
1273 824 1341 860 μόνη
1357 822 1444 858 χαρὰν
1460 821 1612 857 ἀνθρώποις
1626 822 1763 856 κυήσασα,
1789 822 1878 857 χαῖρε,

1091 871 1200 906 οὐρανὲ,
1218 870 1266 897 καὶ
1280 871 1358 905 ορὸνε
1380 869 1543 904 Χερουὸικὲ,
1566 868 1614 894 καὶ
1628 868 1769 902 περίδοξον
1790 868 1879 895 παλά-

253 918 436 944 ri0sissiutum
468 915 599 950 palatium
632 914 796 949 Rogitutot'is
822 913 994 945 saeculorum,
1025 909 1060 939 ο]

1096 925 1148 943 :tov
1167 915 1214 942 τοῦ
1234 915 1420 950 βασιλεύοντος
1442 914 1496 940 τῶν
1519 912 1635 945 αἰώνων,
1653 913 1807 947 πανὰμωμε
1832 913 1880 938 Δέ-

253 964 367 991 Domina
383 963 418 989 ab
433 962 508 988 otuni
524 961 632 987 macula
647 960 789 986 immunis.

288 1009 368 1043 Legis
386 1009 501 1039 umbrar,
517 1011 544 1034 et
557 1006 751 1040 prophetarum
767 1005 920 1032 veneranda
936 1012 1039 1039 pra:co-

253 1054 308 1086 nia,
325 1053 533 1088 pra-ﬁgurarum
547 1057 573 1079 te
587 1051 714 1078 afuturam
741 1051 912 1078 laudabiliter
925 1051 972 1078 Dei
988 1060 1038 1078 tto—

254 1100 302 1126 stri
320 1098 497 1131 Grnitricem,
514 1106 531 1125 ο
557 1102 643 1129 casta,
669 1098 761 1124 divina
778 1099 863 1131 gratia
878 1098 1039 1124 cumulatis-

254 1145 333 1176 sima.
359 1144 402 1170 cui
422 1151 518 1170 ontnes
541 1143 713 1170 coneinimus
738 1141 928 1175 :Benedicite,
949 1143 1040 1170 omnia

253 1198 335 1225 opera
354 1190 471 1222 Domini,
489 1189 646 1220 Dominum,
662 1193 714 1215 etc.

284 1237 410 1275 lllumiua
435 1236 553 1271 pupillas
578 1235 650 1262 oculi
680 1235 731 1262 luci
760 1235 881 1262 caecitate
907 1233 1040 1261 mortiferi

252 1284 356 1317 peccati
390 1282 603 1315 obtcuebratas,
633 1288 649 1307 ο
664 1280 710 1307 Dei
736 1281 870 1313 Geuitrix,
887 1280 1041 1308 castiSsitna

254 1329 380 1355 Domina.
400 1327 439 1354 Tu
452 1327 525 1354 enim
541 1335 572 1355 es
594 1326 716 1354 ﬁdelium
731 1326 865 1354 auxilium
886 1330 914 1353 et
938 1326 1042 1354 illumio

253 1374 340 1407 cutio,
358 1381 375 1400 ο
391 1373 533 1401 inviolata.

432 1429 510 1464 231
528 1428 652 1457 MENSIS
672 1428 866 1457 DECEMBER.

1093 971 1200 990 σποινα.

1127 1009 1222 1044 Νόμου
1252 1015 1282 1035 σε
1307 1007 1398 1040 σκιαὶ,
1425 1007 1474 1034 καὶ
1493 1006 1640 1042 προφητῶν
1663 1005 1880 1041 πρεὸιεχάραξαν

1092 1055 1179 1081 σεπτὰ
1193 1054 1375 1089 κηρύγματα,
1391 1054 1518 1089 ὰρῤήτως
1532 1052 1683 1088 μέλλουσαν
1704 1051 1812 1077 ἔσεσθαι
1831 1050 1879 1077 τοῦ

1092 1101 1160 1128 (ποεοῦ
1173 1101 1251 1137 ἡμῶν
1262 1100 1431 1136 λοχεύτριαν,
1444 1099 1624 1139 θεοχαριτῳτε
1645 1098 1724 1134 ἁγνὴ,
1744 1095 1766 1132 ᾧ
1781 1097 1880 1129 πάντες

1094 1147 1234 1182 μέλπομεν
1250 1155 1257 1162 ·
1283 1147 1439 1180 Εὐλογεῖτε,
1469 1146 1558 1172 πάντα
1581 1146 1615 1170 τὰ
1627 1144 1696 1179 ἔργα
1707 1144 1820 1178 Κυρίου,
1834 1143 1880 1169 τὸν
1924 1144 1933 1152 ‘

1092 1193 1204 1228 Κύριον.

1127 1239 1248 1265 Φώτισον
1276 1238 1366 1273 ψυχῆς
1399 1247 1450 1273 μου
1475 1236 1525 1268 τὰς
1554 1236 1638 1271 κόρας
1669 1234 1881 1270 ἀμανρωθείσας

1092 1286 1209 1322 ἁϐλεψιᾳ
1235 1287 1284 1321 τῆς
1311 1285 1475 1322 φθοροποιώ
1502 1284 1653 1320 ἁμαρτίας,
1680 1281 1881 1317 Θεογεννῖγτορ,

1092 1333 1214 1367 πᾶναγνε
1239 1333 1391 1359 Δέσποινα·
1422 1332 1455 1358 σὺ
1483 1331 1537 1366 γὰρ
1563 1330 1667 1356 πιστῶν
1692 1329 1803 1365 βοήθεια
1831 1327 1880 1355 καὶ

1092 1378 1233 1414 φωτισμδς
1250 1378 1394 1413 ὑπάρχεις,
1415 1377 1546 1412 ἄχραντε.

1322 1435 1397 1463 MllN
1418 1433 1648 1462 ΔΕΚΕΜΒΡΙΟΣ.

693 1488 734 1515 Ex
750 1497 851 1516 canone
863 1490 890 1516 iu
905 1488 934 1516 S.
948 1488 1109 1524 Sep/Ioniam
1128 1495 1281 1530 prop/telam
1293 1494 1378 1530 (96‘).
1398 1494 1442 1521 die
1453 1493 1479 1520 5-

290 1546 448 1575 “umanum
472 1552 557 1582 genus
574 1554 622 1582 Pe!"
637 1551 663 1574 le
683 1547 709 1573 in
736 1550 837 1574 Sortem
868 1547 974 1582 accepi!
1005 1555 1045 1574 το·
1058 1542 1081 1574 C
1097 1549 1187 1578 Vitam
1198 1550 1338 1586 peperisti,
1357 1556 1439 1584 atque
1452 1549 1479 1576 in
1492 1548 1562 1576 viam
1577 1547 1654 1583 pacis
1668 1546 1755 1582 dirige
1770 1546 1883 1574 semitas

254 1594 459 1629 demptionem;
485 1593 585 1620 etenim
610 1593 819 1628 Bcdemptot‘ent
842 1593 966 1620 omnium
987 1594 1045 1620 sola

255 1639 407 1674 peperisti;
434 1644 576 1673 propterea
601 1639 709 1666 beatam
727 1643 753 1666 te
774 1638 901 1670 dicimus,
929 1646 945 1666 o
963 1637 1046 1673 Virgo

257 1683 384 1719 Deipara,
397 1690 570 1718 peccatorum
580 1684 724 1716 auxilium,
735 1684 925 1711 etcadeutium
933 1684 1044 1711 erectio.

291 1730 451 1764 Conspecue
464 1734 528 1756 sunt
545 1730 571 1756 in
590 1735 617 1756 te
640 1731 745 1756 semita:
769 1730 917 1756 desiderati
934 1729 968 1756 ab
987 1737 1047 1756 om-

257 1776 348 1803 nibus.
365 1775 413 1802 Ille
427 1776 500 1802 enirn
520 1776 566 1810 qui
592 1775 668 1802 sedet
685 1775 711 1802 iu
730 1775 838 1802 sinibus
868 1775 1003 1806 Patet-nis,
1019 1774 1047 1801 in

258 1822 320 1848 sinu
339 1828 396 1855 tuo,
414 1829 430 1848 ο
449 1827 535 1854 casta,
554 1821 580 1848 in
600 1829 704 1848 morem
733 1821 857 1852 iul'autis.
889 1822 1002 1853 residet,
1020 1825 1047 1848 et

258 1868 415 1895 voluntarie
430 1867 473 1895 lac
488 1868 573 1902 sugit,
589 1868 635 1902 qui
655 1871 741 1894 nutrn
757 1867 895 1894 universa.

294 1914 400 1941 Novum
419 1914 498 1941 nobis
520 1914 595 1940 velut
611 1913 754 1948 puerulum
773 1913 920 1948 peperisti,
940 1912 1047 1940 saeculis

258 1960 387 1986 omnibus
412 1959 607 1993 antiquiorem.
623 1959 828 1986 adolescentula
846 1958 926 1985 unica
943 1959 1049 1993 specio-

259 2006 387 2037 sissima,
408 2005 521 2040 gignens
538 2004 711 2033 inellabiliter
728 2005 885 2032 Creatorem
898 2023 906 2036 ,
934 2013 950 2031 ο
967 2004 1047 2039 Virgo

261 2052 447 2083 sanctissima,
458 2051 618 2085 angelorum
630 2051 806 2083 miraculutn,
814 2056 896 2086 atque
907 2051 1046 2078 hominum

259 2098 382 2126 ﬁdelium
399 2097 484 2125 salus.

294 2145 445 2172 Diuturnas
466 2143 565 2170 animat
580 2151 648 2170 mete
670 2143 814 2178 passiones
836 2151 913 2175 cura,
927 2151 944 2171 o
961 2143 1041 2170 invio-

259 2189 324 2222 lata,
339 2195 365 2217 te
380 2196 477 2224 precor
491 2198 497 2216 :
509 2195 591 2224 atque
601 2189 722 2216 omnium
732 2194 905 2224 peccatorum
924 2197 1047 2216 nieorum

1096 1597 1195 1624 anima:
1209 1604 1277 1624 mea:
1292 1596 1499 1628 infelicissimae,
1515 1594 1652 1622 deducens
1664 1600 1707 1620 nte
1716 1592 1750 1620 ad
1761 1591 1882 1618 divinam

1098 1642 1145 1670 Dei
1161 1642 1327 1670 voluntatem
1346 1641 1511 1669 faciendam.

1131 1689 1201 1716 Ecce
1217 1696 1289 1716 nunc
1303 1688 1412 1722 impleta
1424 1691 1467 1714 est
1477 1686 1618 1722 prophetia
1629 1685 1763 1721 przecouis
1779 1684 1884 1711 divini:

1096 1741 1159 1760 nam
1175 1732 1257 1768 Virgo
1279 1733 1385 1768 peperit
1401 1733 1489 1765 illum,
1504 1732 1550 1767 qui
1565 1731 1663 1759 saecula
1678 1732 1824 1766 produxit;
1839 1731 1885 1757 cui

1097 1780 1268 1808 modulantes
1279 1780 1390 1808 assidue
1406 1780 1542 1812 canimus,
1552 1779 1676 1806 dicentes
1695 1786 1703 1805 :
1722 1777 1886 1805 Benedictus

1096 1833 1137 1859 es,
1157 1826 1226 1853 Dens
1240 1831 1346 1861 patrum
1359 1829 1531 1853 nostrorum.

1133 1871 1182 1903 Tc,
1200 1871 1246 1898 Dei
1262 1872 1385 1899 omnium
1409 1871 1520 1899 Domini
1538 1870 1662 1902 Matrem,
1687 1870 1821 1897 universae
1842 1877 1887 1904 ge-

1098 1916 1256 1944 nerationes
1268 1916 1349 1951 232
1365 1916 1574 1951 gencrationum
1596 1923 1704 1950 semper
1718 1915 1886 1946 beatificauit,

1098 1969 1114 1988 ο
1126 1962 1282 1996 purissima,
1306 1967 1333 1989 et
1361 1961 1447 1989 sacris
1462 1961 1550 1988 modis
1565 1961 1718 1996 gloriﬁcant
1733 1969 1743 1988 ς
1762 1960 1885 1987 omnium

1098 2007 1199 2041 quippe
1213 2006 1332 2034 [idolium
1349 2006 1455 2041 asylum
1472 2006 1541 2033 facta
1558 2013 1599 2038 es,
1612 2005 1658 2040 qui
1673 2013 1735 2032 eum
1752 2005 1804 2032 lide
1819 2012 1889 2031 con-

1099 2054 1220 2081 ciuunt:
1249 2053 1430 2085 Sacerdotes,
1460 2051 1629 2085 benedicite;
1659 2051 1763 2086 populi,
1789 2057 1887 2084 super-

1099 2101 1218 2128 exaltate
1236 2100 1261 2127 in
1278 2100 1369 2127 omnia
1382 2099 1495 2127 saecula.

1131 2145 1268 2172 Bonorum
1296 2145 1383 2172 amica
1410 2144 1502 2178 Virgo,
1518 2151 1580 2179 qua;
1594 2142 1713 2170 Verbum
1736 2142 1838 2169 bonum
1855 2148 1887 2168 ac

1101 2191 1244 2218 Dan-innm
1257 2191 1383 2225 peperisti
1393 2211 1400 2223 ,
1416 2191 1536 2218 animam
1546 2197 1644 2222 meam,
1659 2196 1720 2224 quae
1730 2188 1840 2217 assidue
1852 2188 1888 2215 ob

263 2234 476 2269 chirographum
490 2233 714 2261 discindelaucea
730 2232 791 2260 Filii
806 2234 857 2266 tui,
871 2242 959 2269 neque
972 2234 1049 2261 siuas
1065 2225 1087 2252 D
1102 2237 1237 2270 serpentis
1257 2237 1378 2264 assultus
1401 2241 1483 2271 atque
1502 2236 1574 2263 ictus
1589 2236 1621 2263 ad
1638 2235 1710 2262 mala
1726 2234 1887 2269 propendet,

261 2281 352 2315 perire
365 2288 409 2307 nte
426 2285 582 2315 sperantem
602 2280 628 2306 in
642 2285 680 2312 te,
700 2287 718 2307 ο
731 2280 888 2314 purissima.

296 2325 395 2352 Carnis
411 2333 477 2354 meae
490 2326 627 2361 appetitus
649 2325 795 2358 tnortilica,
810 2333 826 2352 ο
849 2325 973 2361 Deipara,
987 2333 1049 2360 qua:

260 2387 303 2414 Ea:
317 2395 416 2415 ratione
430 2388 458 2415 t'n
475 2389 543 2423 festo
560 2388 589 2415 S.
613 2388 743 2416 Ambrosii
760 2388 875 2423 episcopi
888 2387 1047 2419 Mediolan.,

609 2424 652 2451 die
666 2423 692 2451 7.

297 2479 361 2506 Siue
390 2481 495 2507 semine
519 2480 617 2506 Filium
640 2480 699 2512 Dei,
718 2488 751 2508 ex
768 2481 877 2508 decreto
897 2479 997 2512 Patris,
1014 2479 1048 2506 de

261 2525 365 2560 Spiritu
384 2526 477 2553 divino
493 2526 656 2561 concepisti,
672 2531 754 2560 atque
777 2528 947 2554 iucarnatum
966 2533 1047 2561 pepe-

261 2573 338 2604 risti,
355 2573 402 2607 qui
415 2580 447 2599 ex
468 2572 546 2600 Patre
567 2574 626 2600 sine
642 2579 737 2606 matre,
757 2578 785 2600 ct
806 2581 838 2600 ex
857 2578 882 2600 te
899 2574 957 2600 sine
974 2577 1049 2607 patre

261 2624 372 2654 propter
389 2626 440 2646 BCS
454 2624 536 2646 llﬂlUS
555 2624 606 2646 (ξεί.

297 2665 389 2693 Genus
414 2666 553 2693 hominum
582 2666 729 2698 rcuovasti,
756 2666 813 2693 sola
831 2670 934 2693 natura:
952 2669 1050 2693 nostra:

261 2711 439 2739 Conditorem
452 2720 484 2739 ac
508 2711 651 2739 Dominum
668 2713 764 2745 enix-.1;
780 2721 864 2747 quare
876 2717 900 2739 te
914 2712 1052 2747 gloriﬁca-

263 2767 336 2791 mus,
351 2767 367 2785 ο
386 2758 442 2786 Deo
459 2759 634 2786 charissima.

298 2805 344 2832 Ille
360 2805 407 2840 qui
423 2807 550 2833 universa
569 2807 709 2833 voluntate
725 2813 772 2832 sua
800 2806 938 2840 formavit,
956 2811 1052 2842 sponte

299 2880 366 2918 (96‘)
381 2881 461 2910 Deest
473 2883 501 2911 in
516 2882 625 2910 Menaeis
642 2883 790 2918 impressis.

1101 2283 1236 2309 festinans
1261 2283 1361 2309 bonam
1385 2281 1439 2314 l'ac,
1465 2289 1482 2308 ο
1506 2281 1593 2313 bona,
1622 2285 1752 2314 tanquam
1775 2279 1888 2306 unicum

1101 2328 1259 2364 praesidium
1278 2329 1423 2359 lassorum,
1439 2331 1466 2354 et
1481 2327 1556 2354 salus
1571 2326 1738 2353 laudantium
1754 2330 1790 2352 te.

1106 2392 1154 2418 Ἐκ
1174 2391 1225 2418 τοῦ
1244 2391 1378 2423 Κανόνος
1392 2391 1435 2422 εἰς
1454 2389 1507 2416 τὸν
1528 2388 1615 2415 ὅσιον
1634 2388 1811 2422 Ἀμόρόσιον
1826 2387 1890 2414 ἐπι.

1243 2434 1360 2452 σκοπον
1376 2425 1568 2452 Μεδιολὰνων
1579 2444 1587 2457 ,
1604 2424 1699 2458 ἡμέρᾳ
1715 2424 1749 2454 ζ’.

1143 2482 1284 2518 ’Δσπόρως
1313 2481 1351 2516 τῷ
1376 2482 1422 2508 τοῦ
1451 2481 1557 2516 Πιτρὺς
1584 2480 1734 2514 βουλήματι
1758 2479 1791 2505 ὲκ
1815 2479 1888 2506 θείου

1104 2530 1264 2564 Πνεύματος
1278 2529 1323 2555 τὸν
1337 2528 1385 2555 τοῦ
1399 2528 1467 2554 Θεοῦ
1483 2527 1646 2561 συνείληφας
1658 2525 1733 2557 Υιὸν,
1750 2525 1797 2551 καὶ
1809 2525 1890 2560 σαρκὶ¹

1102 2576 1264 2611 ἁπεκύησας
1290 2575 1335 2601 τὸν
1357 2575 1389 2601 ἐκ
1408 2573 1513 2610 Harpe;
1536 2573 1674 2608 ἀμήτορα,
1690 2572 1737 2598 καὶ
1763 2570 1796 2597 δι’
1814 2572 1890 2606 ἡμᾶς

1100 2623 1132 2649 ὲκ
1147 2621 1193 2648 σοῦ
1211 2621 1345 2656 ἀπάτορα.

1138 2667 1218 2698 Γένος
1241 2666 1392 2701 ἀνθρώπων
1416 2665 1644 2700 ἐκαινούργησας,
1672 2663 1739 2698 μόνη
1765 2663 1891 2697 κυήσασα

1102 2715 1148 2742 τὸν
1171 2714 1221 2748 τῆς
1237 2713 1343 2748 φύσεως
1363 2713 1442 2748 ἡμῶν
1465 2712 1636 2748 Δημιουργόν
1659 2719 1689 2738 τε
1707 2711 1754 2738 καὶ
1769 2709 1891 2744 Κύριον·

1101 2759 1162 2787 ὅθεν
1178 2767 1206 2785 σε
1222 2758 1378 2793 δοξάζομεν,
1395 2758 1586 2794 θεοχαριτωτε.

1146 2806 1176 2833 '0
1189 2805 1321 2841 θελήματι
1338 2805 1372 2832 τὰ
1387 2805 1476 2833 πάντα
1495 2804 1699 2840 δημιουργήσας
1716 2801 1894 2838 δημιουργεῖ.
