2069 3159
189 182 258 216 1257

871 179 1053 210 MARIALE.

1734 172 1803 206 1258

184 249 230 267 ται
250 241 334 267 θέλων
354 240 384 272 ἐξ
397 239 486 274 ἁγνῶν
500 247 547 266 σου
559 239 694 275 αἱμάτων,
707 239 801 271 σώζων
820 238 882 270 τοὺς
895 238 966 265 stad-

1023 237 1157 264 formatur
1173 243 1206 263 ex
1227 235 1313 262 castis
1332 235 1513 270 sanguinibus
1532 235 1597 268 tuis,
1622 234 1732 262 salvans
1755 241 1804 263 eos

184 294 233 317 τας
247 293 276 311 σε
290 286 375 320 ἁγνὴν
389 285 559 321 Θεομήτορα.

222 330 378 364 Βουλήματι
393 330 422 356 τὸ
442 331 496 356 πᾶν
519 331 534 356 ὸ
551 330 641 364 σοφῶς
657 329 852 364 ἐργαςόμενος,
875 328 968 364 βουλό-

187 383 267 410 μενος
280 376 435 402 ἀναπλάσαι
449 377 511 407 τοὺς
525 375 697 411 ἀνθρώπους,
708 374 842 410 Παρθένε,
857 374 907 409 τὴν
919 373 968 408 σὴν

185 421 307 457 γαστέρα
317 421 435 457 ᾤκησεν.
627 418 632 423 ”

224 466 314 493 Ἰασαι
338 467 388 501 τῆς
413 466 503 501 ψυχῆς
521 475 584 501 μου.
608 465 742 501 Παρθένε,
765 465 798 492 τὰ
824 465 969 500 τραύματα

185 511 341 538 ἐπισκιάσει
367 520 414 538 σου
434 512 494 546 θείᾳ
505 532 513 545 ,
529 512 576 538 καὶ
593 511 639 538 τὸν
662 511 724 538 νοῦν
740 519 790 546 μου
812 511 970 545 λάμπρυνον

187 557 362 584 σκοτισθέντα
376 557 492 593 ἀμελείᾳ
505 557 554 584 καὶ
566 558 650 592 κακία
661 556 759 592 ἐχθροῦ
772 556 968 592 πολεμήτορος.

228 649 305 681 Ἰδοὺ,
330 648 461 684 Παρθένε,
483 649 512 675 ὲν
526 649 560 684 τῇ
581 648 679 683 γαστρί
705 656 751 674 σου
769 648 801 674 σὺ
825 646 969 678 συνέλαὸες

186 695 282 728 Λόγον,
292 693 340 720 τοῦ
355 693 460 727 [ἰατρὸς
469 694 647 728 συνάναρχον,
658 693 704 720 καὶ
716 693 799 728 σαρκὶ
811 692 970 727 ὰπεκύησας

186 739 357 774 δωρούμενον
385 740 468 766 πᾶσιν
496 739 657 774 ἀνάκλησιν,
679 739 734 769 τοῖς
757 739 785 764 ὲν
810 738 896 773 ’Δδὰμ
922 746 970 764 πεσ

189 784 275 816 σοῦσι,
291 784 459 819 πανάμωμε.

225 829 330 865 Ὠφθης
353 830 493 865 ὑπερτέρα
507 828 646 864 οὐρανῶν,
669 829 735 856 θεὸν
753 827 879 864 οὐράνιον
900 827 969 854 ἀπο-

187 876 314 910 κυήσασα
324 874 370 901 τὸν
386 875 421 901 τὰ
434 874 553 909 ἐπίγεια,
570 875 701 908 πάναγνε,
720 874 854 910 οὐρανίοις
863 875 971 900 ἐπισυν-

1020 283 1066 317 qui
1086 286 1111 309 te
1125 288 1217 309 veram
1238 280 1284 308 Dei
1303 280 1416 308 Matrem
1431 286 1593 315 agnoscunt.

1053 327 1106 360 Qui
1124 327 1237 354 consilio
1259 334 1311 354 suo
1326 326 1484 354 universum
1505 327 1627 354 condidit
1648 327 1805 362 sapienter,

1020 372 1117 399 volens
1133 371 1258 399 homines
1274 371 1434 404 reformare,
1451 376 1558 400 uterum
1574 377 1663 405 tuum,
1678 379 1694 399 ο
1709 371 1805 407 Virgo,

1018 416 1190 444 inhabitavit.

1058 461 1174 494 Medere,
1202 461 1297 497 Virgo,
1324 462 1482 490 vulneribus
1507 463 1606 491 anima:
1629 471 1696 490 mea:
1713 463 1804 490 divina

1019 506 1175 534 visitatione
1195 512 1256 539 ttta,
1282 513 1455 542 mentemque
1477 517 1566 536 meam
1586 509 1747 544 negligentia
1775 517 1806 535 at:

1020 552 1122 579 malitia
1137 552 1277 580 bellat0ris
1299 553 1385 581 hostis
1400 554 1618 587 obtenebratam,
1639 555 1804 582 lucosereul

1019 596 1160 632 perfunde.

1054 642 1135 675 Ecce,
1152 651 1169 671 ο
1195 643 1275 679 Virgo
1301 644 1566 677 immacutalissima,
1595 645 1622 673 in
1653 650 1731 674 utero
1759 651 1806 674 tuo

1020 689 1172 723 concepisti
1184 689 1303 717 Verbum
1315 689 1387 717 Patri
1401 695 1580 724 coaeternum,
1590 696 1619 718 et.
1634 692 1806 719 int-amatum

1020 734 1162 767 peperisti,
1177 741 1193 761 a
1207 742 1262 769 quo
1277 736 1412 763 universis
1434 743 1467 763 ex
1486 736 1573 763 Adam
1594 736 1666 764 natis
1679 736 1735 771 jam
1751 737 1807 765 col-

1021 778 1106 813 lapsis
1119 779 1237 807 donatur
1252 781 1399 815 reparatio.

1054 823 1205 852 Sublimior
1219 826 1297 853 caelis
1310 826 1366 853 visa
1379 834 1422 859 es,
1438 826 1524 854 Deum
1536 827 1669 855 ctnlorum
1683 828 1774 862 enixa,
1789 835 1807 855 ο

1021 870 1187 904 castissima,
1211 872 1262 907 qui
1277 873 1436 901 cmlestibus
1457 879 1562 901 terrena
1578 875 1731 909 conjunxit,
1748 876 1807 902 sui.

187 921 304 954 ἀψαντα,
335 920 383 948 καὶ
402 920 452 955 τὴν
468 920 616 954 ἐπίγνωσιν
632 920 714 947 αὑτοῦ
734 921 800 947 πᾶσι
818 918 971 954 παρέχοντα

1023 923 1076 950 que
1088 918 1270 952 cognitionem
1295 919 1375 954 233
1395 919 1510 954 praebuit
1523 920 1650 948 omnibus
1665 921 1808 949 clamanti-

187 967 244 997 τοῖς
256 965 349 1000 βοῶσι·
366 966 458 992 Πάντα
474 966 509 993 τὰ
525 965 605 1001 ἔργα,
618 966 728 1001 ὑμνεῖτε
745 965 789 992 τὸν
804 965 917 1000 Κύριον.

223 1012 317 1046 Φωνήν
345 1019 387 1037 σοι
415 1011 531 1046 βοῶμεν,
567 1011 700 1046 Παρθένε,
735 1010 892 1046 περιχαρῶς
923 1008 970 1036 τοῦ

187 1057 359 1093 ἀρχαγγέλου
371 1065 378 1072 ·
405 1057 502 1092 Χαῖρε,
514 1057 564 1091 τῆς
578 1057 701 1091 κατάρας
727 1057 744 1091 ἡ
763 1056 839 1087 λύσις
850 1064 857 1072 ’
876 1055 970 1082 δεινῶν

188 1102 334 1135 παντοίων,
346 1103 435 1138 χαῖρε.
443 1103 460 1137 ἠ
471 1102 616 1137 λύτρωσις,
624 1103 641 1137 ὴ
651 1102 713 1134 τοὺς
723 1101 835 1137 βροτοὺς
847 1101 972 1128 θεὼσασα

187 1151 222 1183 τῇ
235 1148 306 1184 ὑπὲρ
324 1147 387 1175 νοῦν
403 1148 534 1184 κυοφορίᾳ
550 1156 607 1176 σου.

194 1209 247 1236 Ἕκ
262 1208 316 1236 τοῦ
337 1209 462 1242 κανόνος
475 1210 519 1242 είς
529 1209 600 1242 τοὺς
613 1209 646 1243 ἀπ
653 1209 718 1242 ίους
735 1208 889 1242 μάρτυρας
904 1209 970 1241 Μη-

234 1244 304 1276 νᾶν,
327 1244 518 1278 Ἑρμογένην,
534 1244 583 1271 καὶ
600 1245 769 1278 Εῠπραφον,
786 1243 881 1277 ἡμέρᾳ
901 1246 928 1269 ι’.

229 1315 388 1350 Ῥυσθῆναι,
399 1316 475 1351 Κόρη
497 1315 663 1351 πανάμωμε,
682 1315 775 1343 παθῶν
794 1315 970 1350 ἐπικρατείας

188 1362 250 1393 τοὺς
259 1362 369 1394 δούλους
382 1370 440 1394 σου,
449 1362 494 1389 τὸν
504 1362 549 1388 σὺν
560 1362 677 1393 ἐκτενῶς
691 1362 795 1388 ἱκέτευε
807 1361 909 1396 Κύριον
923 1361 971 1387 καὶ

187 1407 336 1443 Δεσπότην,
345 1408 376 1434 ὃν
388 1409 420 1434 ὲκ
434 1406 489 1434 τον
502 1407 566 1441 σῶν,
582 1408 712 1442 πάναγνε,
726 1407 850 1443 αἱμάτων
864 1407 970 1442 ἐσωμά-

188 1461 277 1485 τωσας
294 1454 360 1489 ἡμῖν
379 1454 630 1490 προσομιλήσαντα.

222 1545 316 1580 Mdv-qv
331 1545 439 1579 γυναιξί
455 1553 485 1572 σε
502 1544 552 1581 τὴν
567 1545 672 1581 ὡραίαν
688 1544 727 1581 τῷ
746 1545 838 1572 κάλλει
851 1545 969 1581 εὑράμε-

1024 961 1074 989 bus
1092 961 1207 990 :Omnia
1222 971 1316 998 opera,
1330 965 1441 992 laudate
1454 965 1611 993 Dominum.

1059 1006 1126 1035 Cum
1141 1016 1209 1036 voce
1228 1009 1383 1045 archangeli
1400 1009 1434 1037 ad
1458 1014 1484 1037 te
1503 1010 1626 1038 laetamer
1643 1011 1806 1044 clamamus.

1023 1061 1040 1081 ο
1057 1053 1138 1089 Virgo
1150 1063 1157 1082 :
1169 1054 1237 1088 Ave,
1259 1055 1457 1083 maledictiouis
1472 1056 1573 1083 solutio
1587 1064 1665 1088 :ave,
1683 1057 1806 1085 omnium

1024 1100 1156 1127 malorum
1174 1100 1335 1136 redemptio,
1353 1109 1413 1137 qua:
1428 1106 1507 1136 partu
1533 1105 1581 1130 tuo
1603 1103 1808 1138 inexcogitabili

1025 1145 1148 1174 homines
1167 1146 1313 1174 deiﬁcasti.

1024 1207 1066 1234 Ea:
1080 1216 1179 1236 canona
1195 1209 1223 1235 in
1240 1208 1312 1246 festo
1321 1208 1373 1236 SS.
1398 1214 1493 1243 alente,
1513 1210 1687 1246 Hermogenis
1709 1215 1740 1239 ετ
1751 1211 1809 1240 Eu-

1221 1244 1313 1278 grap/u'
1330 1249 1487 1279 martyrum,
1499 1245 1541 1272 die
1555 1246 1598 1273 IO.

1059 1314 1094 1343 Ut
1107 1316 1177 1342 servi
1194 1315 1231 1343 tui
1255 1323 1270 1343 a
1293 1317 1451 1351 passionum
1473 1318 1620 1352 tyrannide
1646 1319 1805 1353 liberentur,

1023 1369 1117 1394 exora,
1128 1369 1144 1389 ο
1158 1362 1399 1390 iutemeratissima
1410 1361 1513 1394 Puella,
1525 1363 1648 1399 impense
1661 1364 1806 1393 Dominum

1023 1414 1056 1433 ac
1083 1406 1228 1442 Despotam
1245 1411 1340 1438 tuum.
1357 1415 1437 1442 quem
1461 1416 1495 1435 ex
1518 1409 1601 1435 castis
1626 1410 1806 1445 sanguinibus

1024 1451 1078 1479 tuis
1104 1453 1276 1486 corporasti,
1301 1460 1318 1480 ο
1336 1453 1507 1486 castissima,
1533 1454 1637 1482 ouiouc
1662 1456 1806 1484 nobiscum

1023 1501 1199 1524 conversatus
1213 1502 1265 1525 est.

1059 1542 1150 1570 Solam
1167 1547 1193 1570 te
1208 1543 1279 1571 inter
1299 1544 1426 1572 mulieres
1441 1546 1643 1580 pulchritudine
1655 1548 1806 1582 speciosam

189 1597 246 1622 νος,
261 1589 455 1625 σωματοφόρος
468 1591 500 1616 lx
508 1590 624 1625 γαστρός
636 1597 682 1616 σου
698 1589 874 1625 προελήλυθε,
885 1590 970 1626 Κόρη,

1025 1588 1166 1616 inveniens
1181 1588 1319 1621 Christus,
1334 1597 1351 1616 ο
1363 1589 1466 1623 Puella,
1496 1591 1651 1620 incarnatus
1675 1594 1808 1627 processit

189 1633 316 1669 Χριστὸς,
333 1634 419 1665 θείαις
444 1635 594 1670 ὼραιάτησι
629 1634 871 1670 καταφαιδρύναοα
895 1635 972 1670 γένος

188 1679 268 1715 ἡμῶν
279 1686 286 1693 '
300 1678 363 1705 ὅθεν
377 1687 407 1705 σε
422 1679 597 1715 γεραίρομεν.

229 1724 341 1756 Ῥάὸδος
361 1726 393 1751 ὲκ
406 1725 454 1760 τῆς
472 1723 551 1760 ῥίζης
575 1724 672 1752 Ἰεσσαὶ
691 1725 739 1753 καὶ
750 1725 840 1758 ἄνθος,
857 1725 972 1753 ἀνεϐλά-

190 1778 290 1805 στησας
305 1770 350 1797 τὸν
362 1770 513 1805 φυτουργὸν
525 1771 669 1806 πάσης-τῆς
677 1772 803 1805 κτίσεως,
814 1772 973 1807 μαράναντα

189 1815 224 1842 τὰ
239 1815 311 1850 φυτὰ
324 1815 375 1850 τῆς
389 1816 515 1851 ἀκάρπου
532 1816 669 1850 γνώσεως,
680 1816 771 1842 πίστιν
788 1825 818 1843 σε
828 1818 893 1852 ἡμῖν
906 1818 973 1852 ἁλη-

189 1861 322 1896 ϐεστάτην
348 1861 520 1897 φυτεύσαντα
543 1861 674 1894 εὐσεϐῶς,
703 1861 822 1897 ἄχραντε
851 1862 972 1897 Παρθένε

189 1907 361 1941 πανύμνητε.

229 1952 328 1987 Ἀγίων
356 1953 500 1987 ἀγγέλων,
533 1953 655 1988 Παρθένε
683 1953 771 1989 ἁγνὴ,
803 1953 974 1988 ὑπερέχουσα

188 1997 294 2033 ὤφθης,
309 1999 437 2033 κυήσασα
453 1998 550 2034 βουλῆς
564 1998 685 2034 μεγάλης
701 1999 814 2032 ἄγγελοι
825 1999 891 2025 Θεὸν
910 1999 974 2033 Ἐμ-

190 2044 324 2079 μανουὴλ,
345 2043 459 2079 βροτοὺς
478 2045 657 2079 ἐπουρανίους
674 2044 756 2070 αὑτοῦ
776 2046 810 2080 τῇ
825 2044 974 2071 καταϐάσει

189 2089 388 2124 ἐργασάμενον,
402 2089 488 2125 Κόρη,
501 2089 534 2115 δι’
551 2089 750 2124 εὐσπλαγχνίαν
765 2090 920 2124 ἀδιήγητον.

228 2181 314 2216 Ἔστη
333 2183 416 2217 μέχρι
435 2181 493 2213 σοῦ,
511 2181 643 2216 Παρθένε,
658 2182 672 2207 ὁ
687 2181 801 2213 θάνατος
815 2190 820 2198 ·
835 2181 906 2217 ζωὴν
920 2182 974 2218 γὰρ

194 2227 312 2263 Χριστὸν
328 2228 515 2263 ἑκυοφόρησας
537 2228 582 2255 τὸν
601 2228 769 2263 δωρούμενον
784 2228 911 2264 καθαρῶς
934 2229 974 2260 είς
989 2249 1013 2278 D

190 2273 272 2300 αὑτὸν
299 2274 362 2305 τοὺς
390 2274 565 2306 πιστεύοντας
587 2274 636 2309 τὴν
659 2274 792 2301 ἀθάνατον
820 2274 866 2301 καὶ
899 2274 973 2300 θείαν

190 2319 402 2355 ἀπολύτρωσιν·
420 2320 525 2353 τοῦτον,
553 2320 684 2355 παναγία,
704 2321 816 2356 αἴτησαι
832 2321 974 2357 λυτρωθῆ-

191 2373 235 2391 ναι
260 2365 439 2398 πταισμάτων
455 2366 516 2397 τοὺς
532 2365 641 2397 δούλους
662 2375 718 2392 σου.

225 2410 262 2435 οὐ
280 2409 381 2444 φλὲξας
399 2418 446 2436 σου
463 2411 512 2446 τὴν
536 2412 653 2446 μήτραν,
667 2413 697 2438 οὺ
717 2412 849 2444 σαλεύσας
874 2413 974 2448 παρθε-

190 2455 249 2486 νίας
265 2455 410 2491 σήμαντρα
433 2455 448 2482 ὁ
474 2457 624 2491 σαρκωθεὶς
643 2458 728 2491 Λόγος
746 2460 777 2485 ὲκ
795 2460 842 2486 uoti
859 2460 974 2496 προελή-

191 2500 266 2532 λυθε,
294 2500 425 2536 παρέχων
447 2500 512 2535 ἡμῖν
537 2502 692 2536 ἀφθαρσίαν
713 2503 759 2530 καὶ
783 2504 866 2540 ζωὴν,
887 2506 974 2541 Κόρη,

189 2547 245 2578 τοὶς
257 2546 406 2581 μέλπουσιν
415 2555 421 2562 ·
440 2546 470 2573 ’0
481 2546 534 2573 τῶν
549 2547 675 2581 πατέρων
690 2548 766 2581 Θεὸς,
779 2550 923 2585 εὐλογητὸς
939 2550 973 2578 εἴ.

224 2638 346 2673 Στάμνον
368 2646 397 2664 σε
415 2638 446 2664 τὸ
478 2638 566 2673 μάννα
589 2639 760 2675 κεκτημένην
783 2641 832 2676 τῆς
850 2642 975 2679 θεότητος

191 2683 323 2720 ἔγνωμεν,
338 2684 425 2720 Κόρη,
439 2684 566 2716 κιϐωτὸν,
577 2685 624 2711 καὶ
635 2686 785 2720 τράπεζαν,
797 2689 843 2715 καὶ
851 2688 974 2725 λυχνίαν,

191 2731 237 2756 καὶ
256 2730 350 2765 θρόνον
371 2730 449 2763 Θεοῦ,
471 2731 517 2757 καὶ
538 2731 679 2766 παλάτιον,
704 2734 751 2760 καὶ
773 2734 894 2770 γέφυραν
912 2745 975 2772 μετ-

189 2777 310 2810 άγουσαν
325 2776 392 2811 πρὸς
401 2777 475 2804 θείαν
493 2778 564 2812 ζωὴν
579 2779 642 2810 τοὺς
658 2781 867 2815 ἁναμέλποντας
877 2791 883 2798 ·
893 2783 974 2809 Edim

190 2822 303 2856 γείτωή
324 2822 413 2854 κτίσις
430 2824 506 2850 πᾶσα
534 2824 579 2851 τὸν
602 2825 714 2861 Κύριον,
733 2828 779 2854 καὶ
795 2829 975 2864 ύπερυψούτω

189 2869 229 2900 εἰς
245 2868 349 2900 πάντας
365 2869 427 2900 τοὺς
440 2869 552 2902 αἰῶνας.

350 2918 482 2949 Ριτιοι..
501 2919 559 2950 GI.
577 2920 639 2952 CV.

1022 1641 1054 1661 ex
1071 1638 1148 1661 utero
1165 1638 1222 1667 tuo,
1245 1635 1337 1662 divina
1356 1636 1560 1670 pulchritudine
1575 1637 1706 1666 decoram
1720 1646 1806 1674 genus

1025 1684 1165 1713 nostrum;
1181 1681 1361 1715 quamobrem
1382 1686 1407 1708 te
1424 1690 1596 1710 veneramur.

1062 1724 1140 1760 Virga
1157 1733 1190 1753 ex
1203 1727 1294 1754 radice
1307 1727 1392 1760 Jesse,
1410 1728 1505 1756 llorem
1520 1730 1659 1764 protulisti
1676 1730 1810 1758 universa

1023 1776 1156 1798 erealurze
1169 1777 1286 1799 satorem
1299 1793 1306 1803 ,
1323 1773 1369 1808 qui
1385 1773 1552 1808 inlrugll‘era:
1569 1775 1691 1802 scientia:
1701 1775 1809 1810 plantas

1024 1817 1147 1850 arefecit,
1168 1817 1246 1844 [idem
1260 1824 1350 1845 autent
1367 1819 1538 1847 verissimam
1560 1821 1638 1849 nobis
1649 1829 1712 1849 cum
1727 1823 1810 1850 dero-

1024 1862 1099 1889 tione
1114 1863 1256 1897 plantavit.
1274 1871 1290 1890 ο
1305 1863 1388 1899 Virgo
1413 1865 1554 1899 inviolata,
1570 1868 1644 1894 omni
1670 1868 1750 1896 laude
1766 1870 1810 1896 tli-

1024 1908 1166 1942 gnissima.

1061 1953 1169 1980 Sanctis
1194 1954 1298 1989 angelis
1322 1955 1487 1983 eminentior
1513 1959 1675 1992 apparuisti,
1698 1959 1810 1995 oVirgo

1024 2004 1111 2032 easta,
1127 2001 1217 2035 magni
1238 2001 1344 2028 consilii
1365 2002 1510 2037 Angelum,
1534 2003 1619 2032 Deum
1649 2004 1809 2034 Emmanuel

1026 2046 1119 2078 enixa,
1134 2047 1180 2081 qui
1201 2046 1379 2075 descensione
1394 2052 1475 2083 atque
1492 2049 1682 2079 humiliatione
1697 2060 1746 2079 sua
1763 2053 1810 2079 lm-

1025 2092 1114 2120 mines
1130 2092 1195 2120 fecit
1218 2093 1355 2126 cmlcsles,
1376 2102 1392 2121 ο
1412 2093 1516 2128 Puella,
1541 2101 1650 2132 propter
1668 2098 1811 2126 inenarra-

1025 2138 1107 2165 bilem
1124 2139 1338 2166 misericordiam
1352 2147 1441 2168 suam.

1064 2184 1155 2220 Usque
1179 2185 1211 2212 ad
1237 2190 1263 2213 te
1282 2194 1356 2213 mors
1382 2188 1546 2221 perduravit,
1572 2197 1589 2216 ο
1612 2189 1709 2225 Virgo;
1728 2190 1808 2217 vitam

1026 2230 1097 2256 enim
1114 2230 1252 2257 Christum
1277 2231 1406 2265 genuisti.
1422 2232 1469 2266 qui
1496 2241 1566 2268 pure
1581 2234 1607 2261 in
1627 2243 1656 2262 se
1673 2234 1809 2262 credenti-

1026 2274 1078 2302 bus
1102 2275 1282 2304 immortalem
1303 2285 1335 2304 ac
1350 2277 1470 2305 divinam
1493 2280 1703 2315 redemptionem
1721 2280 1809 2308 dona-

1026 2322 1075 2349 vit.
1092 2321 1180 2354 llunc.
1198 2330 1214 2350 o
1229 2323 1414 2356 sanctissima,
1434 2324 1590 2360 deprecare,
1608 2331 1637 2353 ut
1653 2326 1725 2353 servi
1740 2328 1778 2354 tui
1794 2336 1808 2354 a

1025 2366 1145 2402 lapsibus
1158 2367 1315 2396 liberentur.

1065 2412 1182 2440 Verbum
1210 2422 1243 2442 ex
1274 2419 1298 2441 te
1326 2415 1508 2449 ineat-natum,
1531 2425 1548 2444 ο
1570 2416 1675 2452 Puella,
1703 2426 1810 2447 uterum

1027 2464 1103 2487 tuum
1118 2468 1172 2488 non
1187 2461 1362 2494 comburens,
1383 2462 1547 2498 virginitatis
1569 2464 1645 2498 signa
1667 2473 1721 2492 non
1735 2474 1813 2493 com-

1026 2516 1150 2541 movens,
1190 2509 1343 2542 processit,
1372 2510 1497 2544 praebens
1526 2510 1758 2546 incorruptionem
1783 2518 1812 2540 et

1026 2555 1108 2582 vitam
1125 2555 1203 2581 nobis
1227 2556 1435 2584 concinentibus
1457 2565 1463 2582 :
1486 2557 1568 2593 234
1590 2558 1751 2587 Bettedictus
1768 2567 1810 2591 es,

1027 2601 1098 2628 Deus
1115 2607 1221 2636 ροιτυιιι
1238 2607 1403 2629 nostrorum.

1061 2647 1099 2674 Te
1117 2655 1224 2680 urnam,
1241 2647 1391 2676 divinitatis
1408 2656 1506 2676 manna
1524 2650 1709 2678 continentem
1726 2657 1810 2684 agno-

1025 2693 1128 2725 vimus,
1142 2700 1158 2720 ο
1170 2693 1262 2720 Puella
1277 2701 1283 2720 :
1298 2699 1322 2721 te
1337 2701 1428 2722 arcam
1441 2699 1468 2722 ct
1486 2703 1619 2728 mensam,
1633 2701 1658 2722 te
1670 2696 1809 2722 lucernam

1026 2745 1058 2764 ac
1078 2738 1206 2764 thronum
1223 2738 1268 2765 Dei
1281 2758 1289 2769 ,
1302 2744 1327 2766 te
1342 2739 1471 2774 palatium
1484 2744 1510 2767 et
1521 2744 1629 2774 pontem
1643 2739 1676 2766 ad
1690 2739 1810 2766 divinam

1027 2784 1110 2810 vitam
1127 2783 1349 2811 transducentetn
1361 2793 1408 2812 eos
1420 2785 1468 2820 qui
1482 2784 1632 2812 eoncinuut
1645 2793 1651 2811 :
1666 2783 1812 2812 Beliedieat

1026 2830 1115 2857 omnis
1142 2834 1265 2857 creatura
1285 2829 1410 2865 Domino,
1438 2835 1465 2859 et
1489 2831 1672 2865 superexaltet
1695 2838 1758 2858 eum
1784 2831 1810 2857 iu

1027 2876 1118 2902 omnia
1133 2875 1243 2904 saecula.

1556 2922 1595 2953 ω
