  <div class='ocr_page' id='page_1' title='image "/cluster/home/n/w/nwhite01/storage/ocr_20150623/105/njp.32101077772893/691.png"; bbox 0 0 2069 3159; ppageno 0'>
   <div class='ocr_carea' id='block_1_1' title="bbox 267 158 337 191">
    <p class='ocr_par' dir='ltr' id='par_1_1' title="bbox 267 158 337 191">
     <span class='ocr_line' id='line_1_1' title="bbox 267 158 337 191; baseline 0 0"><span class='ocrx_word' id='word_1_1' title='bbox 267 158 337 191; x_wconf 76' lang='lat'><strong>1259</strong></span> 
     </span>
    </p>
   </div>
   <div class='ocr_carea' id='block_1_2' title="bbox 837 162 1340 196">
    <p class='ocr_par' dir='ltr' id='par_1_2' title="bbox 837 162 1340 196">
     <span class='ocr_line' id='line_1_2' title="bbox 837 162 1340 196; baseline 0.008 -4"><span class='ocrx_word' id='word_1_2' title='bbox 837 163 866 193; x_wconf 89' lang='lat' dir='ltr'><strong>S.</strong></span> <span class='ocrx_word' id='word_1_3' title='bbox 886 162 1043 194; x_wconf 84' lang='lat' dir='ltr'><strong>JOSEPHI</strong></span> <span class='ocrx_word' id='word_1_4' title='bbox 1063 164 1340 196; x_wconf 81' lang='lat' dir='ltr'><strong>HYMNOGRAPHI</strong></span> 
     </span>
    </p>
   </div>
   <div class='ocr_carea' id='block_1_3' title="bbox 1817 167 1886 200">
    <p class='ocr_par' dir='ltr' id='par_1_3' title="bbox 1817 167 1886 200">
     <span class='ocr_line' id='line_1_3' title="bbox 1817 167 1886 200; baseline 0.029 -2"><span class='ocrx_word' id='word_1_5' title='bbox 1817 167 1886 200; x_wconf 76' lang='grc' dir='ltr'><strong>12(ῖο</strong></span> 
     </span>
    </p>
   </div>
   <div class='ocr_carea' id='block_1_4' title="bbox 299 214 1042 258">
    <p class='ocr_par' dir='ltr' id='par_1_4' title="bbox 299 214 1042 251">
     <span class='ocr_line' id='line_1_4' title="bbox 299 214 1042 251; baseline 0.001 -7"><span class='ocrx_word' id='word_1_6' title='bbox 299 215 478 251; x_wconf 72' lang='grc' dir='ltr'>ςριοιιιίοτοη]</span> <span class='ocrx_word' id='word_1_7' title='bbox 494 214 648 250; x_wconf 78' lang='lat' dir='ltr'><strong>fulgureum</strong></span> <span class='ocrx_word' id='word_1_8' title='bbox 663 220 757 250; x_wconf 86' lang='lat' dir='ltr'><strong>partus</strong></span> <span class='ocrx_word' id='word_1_9' title='bbox 778 217 819 244; x_wconf 91' lang='lat' dir='ltr'><strong>tui</strong></span> <span class='ocrx_word' id='word_1_10' title='bbox 841 223 938 246; x_wconf 82' lang='lat' dir='ltr'><strong>natura</strong></span> <span class='ocrx_word' id='word_1_11' title='bbox 959 224 1042 247; x_wconf 83' lang='lat' dir='ltr'><strong>nostr:</strong></span> 
     </span>
    </p>
   </div>
   <div class='ocr_carea' id='block_1_5' title="bbox 1092 214 1887 258">
    <p class='ocr_par' dir='ltr' id='par_1_5' title="bbox 1143 221 1887 258">
     <span class='ocr_line' id='line_1_5' title="bbox 1143 221 1887 258; baseline 0.001 -9"><span class='ocrx_word' id='word_1_12' title='bbox 1143 224 1247 256; x_wconf 78' lang='grc' dir='ltr'>Φέγγος</span> <span class='ocrx_word' id='word_1_13' title='bbox 1255 221 1398 258; x_wconf 75' lang='grc' dir='ltr'><strong>ἀστραπῆς</strong></span> <span class='ocrx_word' id='word_1_14' title='bbox 1409 221 1457 248; x_wconf 84' lang='grc' dir='ltr'>τοῦ</span> <span class='ocrx_word' id='word_1_15' title='bbox 1466 221 1546 249; x_wconf 82' lang='grc' dir='ltr'>τόκου</span> <span class='ocrx_word' id='word_1_16' title='bbox 1561 230 1607 248; x_wconf 86' lang='grc' dir='ltr'><strong>σου</strong></span> <span class='ocrx_word' id='word_1_17' title='bbox 1620 223 1638 257; x_wconf 81' lang='grc' dir='ltr'><strong>ἡ</strong></span> <span class='ocrx_word' id='word_1_18' title='bbox 1653 222 1792 250; x_wconf 85' lang='grc' dir='ltr'>άπωθεῖσα</span> <span class='ocrx_word' id='word_1_19' title='bbox 1806 224 1887 258; x_wconf 81' lang='grc' dir='ltr'><strong>φύσις</strong></span> 
     </span>
    </p>
   </div>
   <div class='ocr_carea' id='block_1_6' title="bbox 264 261 1049 298">
    <p class='ocr_par' dir='ltr' id='par_1_6' title="bbox 264 261 1049 298">
     <span class='ocr_line' id='line_1_6' title="bbox 264 261 1049 298; baseline 0.003 -8"><span class='ocrx_word' id='word_1_20' title='bbox 264 262 369 298; x_wconf 74' lang='lat' dir='ltr'><strong>abiecta</strong></span> <span class='ocrx_word' id='word_1_21' title='bbox 382 261 461 293; x_wconf 91' lang='lat' dir='ltr'><strong>vidit,</strong></span> <span class='ocrx_word' id='word_1_22' title='bbox 471 270 489 288; x_wconf 90' lang='lat' dir='ltr'><strong>o</strong></span> <span class='ocrx_word' id='word_1_23' title='bbox 504 261 695 296; x_wconf 87' lang='lat' dir='ltr'><strong>purissima,et</strong></span> <span class='ocrx_word' id='word_1_24' title='bbox 705 270 720 289; x_wconf 88' lang='lat' dir='ltr'><strong>a</strong></span> <span class='ocrx_word' id='word_1_25' title='bbox 730 267 808 290; x_wconf 86' lang='lat' dir='ltr'><strong>nocte</strong></span> <span class='ocrx_word' id='word_1_26' title='bbox 823 263 986 298; x_wconf 63' lang='lat' dir='ltr'><strong>ignorantia:</strong></span> <span class='ocrx_word' id='word_1_27' title='bbox 996 269 1024 292; x_wconf 86' lang='lat' dir='ltr'><strong>et</strong></span> <span class='ocrx_word' id='word_1_28' title='bbox 1034 273 1049 292; x_wconf 86' lang='lat' dir='ltr'><strong>a</strong></span> 
     </span>
    </p>
   </div>
   <div class='ocr_carea' id='block_1_7' title="bbox 266 306 1050 346">
    <p class='ocr_par' dir='ltr' id='par_1_7' title="bbox 266 306 1050 346">
     <span class='ocr_line' id='line_1_7' title="bbox 266 306 1050 346; baseline 0.006 -12"><span class='ocrx_word' id='word_1_29' title='bbox 266 308 410 335; x_wconf 83' lang='lat' dir='ltr'><strong>tenebrosa</strong></span> <span class='ocrx_word' id='word_1_30' title='bbox 428 306 587 341; x_wconf 77' lang='lat' dir='ltr'><strong>passionum</strong></span> <span class='ocrx_word' id='word_1_31' title='bbox 603 306 766 335; x_wconf 80' lang='lat' dir='ltr'><strong>confusione</strong></span> <span class='ocrx_word' id='word_1_32' title='bbox 781 309 894 337; x_wconf 86' lang='lat' dir='ltr'><strong>liberata</strong></span> <span class='ocrx_word' id='word_1_33' title='bbox 908 315 949 338; x_wconf 88' lang='lat' dir='ltr'><strong>est</strong></span> <span class='ocrx_word' id='word_1_34' title='bbox 963 320 969 338; x_wconf 92' lang='lat'><strong>:</strong></span> <span class='ocrx_word' id='word_1_35' title='bbox 987 319 1050 346; x_wconf 75' lang='lat' dir='ltr'><strong>pro~</strong></span> 
     </span>
    </p>
   </div>
   <div class='ocr_carea' id='block_1_8' title="bbox 264 352 1050 387">
    <p class='ocr_par' dir='ltr' id='par_1_8' title="bbox 264 352 1050 387">
     <span class='ocr_line' id='line_1_8' title="bbox 264 352 1050 387; baseline 0.008 -9"><span class='ocrx_word' id='word_1_36' title='bbox 264 358 354 387; x_wconf 85' lang='lat' dir='ltr'><strong>pterca</strong></span> <span class='ocrx_word' id='word_1_37' title='bbox 365 356 526 387; x_wconf 81' lang='lat' dir='ltr'><strong>lelanquam</strong></span> <span class='ocrx_word' id='word_1_38' title='bbox 534 352 631 380; x_wconf 81' lang='lat' dir='ltr'><strong>salutis</strong></span> <span class='ocrx_word' id='word_1_39' title='bbox 639 358 741 381; x_wconf 63' lang='lat' dir='ltr'><strong>nostra!</strong></span> <span class='ocrx_word' id='word_1_40' title='bbox 749 361 861 382; x_wconf 80' lang='lat' dir='ltr'><strong>causam</strong></span> <span class='ocrx_word' id='word_1_41' title='bbox 874 363 1050 384; x_wconf 84' lang='lat' dir='ltr'><strong>veneramur.</strong></span> 
     </span>
    </p>
   </div>
   <div class='ocr_carea' id='block_1_9' title="bbox 264 407 1048 446">
    <p class='ocr_par' dir='ltr' id='par_1_9' title="bbox 264 407 1048 446">
     <span class='ocr_line' id='line_1_9' title="bbox 264 407 1048 446; baseline 0.008 -13"><span class='ocrx_word' id='word_1_42' title='bbox 264 407 306 434; x_wconf 71' lang='lat' dir='ltr'><strong>Ex</strong></span> <span class='ocrx_word' id='word_1_43' title='bbox 317 415 416 434; x_wconf 80' lang='lat' dir='ltr'><strong>canone</strong></span> <span class='ocrx_word' id='word_1_44' title='bbox 431 407 458 434; x_wconf 77' lang='lat' dir='ltr'><strong>in</strong></span> <span class='ocrx_word' id='word_1_45' title='bbox 473 407 541 442; x_wconf 74' lang='lat' dir='ltr'><strong>[tuo</strong></span> <span class='ocrx_word' id='word_1_46' title='bbox 556 407 585 434; x_wconf 85' lang='lat' dir='ltr'><strong>S.</strong></span> <span class='ocrx_word' id='word_1_47' title='bbox 603 408 723 436; x_wconf 72' lang='lat' dir='ltr'><strong>Danielia</strong></span> <span class='ocrx_word' id='word_1_48' title='bbox 737 408 842 444; x_wconf 68' lang='lat' dir='ltr'><strong>Stylitw</strong></span> <span class='ocrx_word' id='word_1_49' title='bbox 854 412 936 446; x_wconf 78' lang='lat' dir='ltr'><strong>conf.,</strong></span> <span class='ocrx_word' id='word_1_50' title='bbox 947 411 990 438; x_wconf 82' lang='lat' dir='ltr'><strong>die</strong></span> <span class='ocrx_word' id='word_1_51' title='bbox 1004 412 1048 440; x_wconf 83' lang='grc' dir='ltr'><strong>Η.</strong></span> 
     </span>
    </p>
   </div>
   <div class='ocr_carea' id='block_1_10' title="bbox 296 497 1049 535">
    <p class='ocr_par' dir='ltr' id='par_1_10' title="bbox 296 497 1049 535">
     <span class='ocr_line' id='line_1_10' title="bbox 296 497 1049 535; baseline 0.008 -11"><span class='ocrx_word' id='word_1_52' title='bbox 296 497 382 535; x_wconf 70' lang='lat' dir='ltr'><strong>Totus</strong></span> <span class='ocrx_word' id='word_1_53' title='bbox 397 498 480 525; x_wconf 92' lang='lat' dir='ltr'><strong>homo</strong></span> <span class='ocrx_word' id='word_1_54' title='bbox 496 505 528 526; x_wconf 83' lang='lat' dir='ltr'><strong>ac</strong></span> <span class='ocrx_word' id='word_1_55' title='bbox 542 498 680 533; x_wconf 82' lang='lat' dir='ltr'><strong>perfectus</strong></span> <span class='ocrx_word' id='word_1_56' title='bbox 690 499 826 534; x_wconf 81' lang='lat' dir='ltr'><strong>apparuit,</strong></span> <span class='ocrx_word' id='word_1_57' title='bbox 842 507 1006 535; x_wconf 78' lang='lat' dir='ltr'><strong>permanens</strong></span> <span class='ocrx_word' id='word_1_58' title='bbox 1022 501 1049 530; x_wconf 89' lang='lat' dir='ltr'><strong>id</strong></span> 
     </span>
    </p>
   </div>
   <div class='ocr_carea' id='block_1_11' title="bbox 261 543 1050 579">
    <p class='ocr_par' dir='ltr' id='par_1_11' title="bbox 261 543 1050 579">
     <span class='ocr_line' id='line_1_11' title="bbox 261 543 1050 579; baseline 0.005 -9"><span class='ocrx_word' id='word_1_59' title='bbox 261 544 335 579; x_wconf 85' lang='lat' dir='ltr'><strong>quod</strong></span> <span class='ocrx_word' id='word_1_60' title='bbox 356 548 416 571; x_wconf 82' lang='lat' dir='ltr'><strong>erat</strong></span> <span class='ocrx_word' id='word_1_61' title='bbox 430 544 512 571; x_wconf 87' lang='lat' dir='ltr'><strong>etiam</strong></span> <span class='ocrx_word' id='word_1_62' title='bbox 528 547 590 578; x_wconf 87' lang='lat' dir='ltr'><strong>post</strong></span> <span class='ocrx_word' id='word_1_63' title='bbox 618 543 851 578; x_wconf 82' lang='lat' dir='ltr'><strong>incarnationem,</strong></span> <span class='ocrx_word' id='word_1_64' title='bbox 870 545 1050 575; x_wconf 81' lang='lat' dir='ltr'><strong>immutabilis</strong></span> 
     </span>
    </p>
   </div>
   <div class='ocr_carea' id='block_1_12' title="bbox 262 589 893 626">
    <p class='ocr_par' dir='ltr' id='par_1_12' title="bbox 262 589 893 626">
     <span class='ocr_line' id='line_1_12' title="bbox 262 589 893 626; baseline 0.005 -11"><span class='ocrx_word' id='word_1_65' title='bbox 262 589 406 621; x_wconf 85' lang='lat' dir='ltr'><strong>Dominus,</strong></span> <span class='ocrx_word' id='word_1_66' title='bbox 422 589 468 624; x_wconf 90' lang='lat' dir='ltr'><strong>qui</strong></span> <span class='ocrx_word' id='word_1_67' title='bbox 480 597 513 616; x_wconf 81' lang='lat' dir='ltr'><strong>ex</strong></span> <span class='ocrx_word' id='word_1_68' title='bbox 527 593 552 616; x_wconf 82' lang='lat' dir='ltr'><strong>te</strong></span> <span class='ocrx_word' id='word_1_69' title='bbox 565 593 646 617; x_wconf 83' lang='lat' dir='ltr'><strong>natus</strong></span> <span class='ocrx_word' id='word_1_70' title='bbox 663 594 716 623; x_wconf 85' lang='lat' dir='ltr'><strong>est,</strong></span> <span class='ocrx_word' id='word_1_71' title='bbox 732 597 749 617; x_wconf 95' lang='lat' dir='ltr'><strong>o</strong></span> <span class='ocrx_word' id='word_1_72' title='bbox 766 590 893 626; x_wconf 87' lang='lat' dir='ltr'><strong>Deipara.</strong></span> 
     </span>
    </p>
   </div>
   <div class='ocr_carea' id='block_1_13' title="bbox 296 634 1049 671">
    <p class='ocr_par' dir='ltr' id='par_1_13' title="bbox 296 634 1049 671">
     <span class='ocr_line' id='line_1_13' title="bbox 296 634 1049 671; baseline 0.007 -10"><span class='ocrx_word' id='word_1_73' title='bbox 296 634 395 662; x_wconf 87' lang='lat' dir='ltr'><strong>Libera</strong></span> <span class='ocrx_word' id='word_1_74' title='bbox 420 642 474 668; x_wconf 89' lang='lat' dir='ltr'><strong>me,</strong></span> <span class='ocrx_word' id='word_1_75' title='bbox 492 634 618 669; x_wconf 88' lang='lat' dir='ltr'><strong>Domina,</strong></span> <span class='ocrx_word' id='word_1_76' title='bbox 635 643 651 662; x_wconf 86' lang='lat' dir='ltr'><strong>a</strong></span> <span class='ocrx_word' id='word_1_77' title='bbox 672 636 831 670; x_wconf 71' lang='lat' dir='ltr'><strong>passionum</strong></span> <span class='ocrx_word' id='word_1_78' title='bbox 858 637 1000 671; x_wconf 80' lang='lat' dir='ltr'><strong>violentia,</strong></span> <span class='ocrx_word' id='word_1_79' title='bbox 1022 643 1049 666; x_wconf 80' lang='lat' dir='ltr'><strong>et</strong></span> 
     </span>
    </p>
   </div>
   <div class='ocr_carea' id='block_1_14' title="bbox 260 682 1048 717">
    <p class='ocr_par' dir='ltr' id='par_1_14' title="bbox 260 682 1048 717">
     <span class='ocr_line' id='line_1_14' title="bbox 260 682 1048 717; baseline 0.006 -9"><span class='ocrx_word' id='word_1_80' title='bbox 260 689 386 717; x_wconf 72' lang='lat' dir='ltr'><strong>expugna</strong></span> <span class='ocrx_word' id='word_1_81' title='bbox 409 689 484 709; x_wconf 89' lang='lat' dir='ltr'><strong>nunc</strong></span> <span class='ocrx_word' id='word_1_82' title='bbox 502 682 596 710; x_wconf 82' lang='lat' dir='ltr'><strong>hostes</strong></span> <span class='ocrx_word' id='word_1_83' title='bbox 611 682 804 717; x_wconf 80' lang='lat' dir='ltr'><strong>impugnantes</strong></span> <span class='ocrx_word' id='word_1_84' title='bbox 829 691 872 711; x_wconf 89' lang='lat' dir='ltr'><strong>me</strong></span> <span class='ocrx_word' id='word_1_85' title='bbox 891 692 898 711; x_wconf 91' lang='lat'><strong>:</strong></span> <span class='ocrx_word' id='word_1_86' title='bbox 923 685 1048 712; x_wconf 84' lang='lat' dir='ltr'><strong>stabilem</strong></span> 
     </span>
    </p>
   </div>
   <div class='ocr_carea' id='block_1_15' title="bbox 260 727 1048 763">
    <p class='ocr_par' dir='ltr' id='par_1_15' title="bbox 260 727 1048 763">
     <span class='ocr_line' id='line_1_15' title="bbox 260 727 1048 763; baseline 0.005 -8"><span class='ocrx_word' id='word_1_87' title='bbox 260 736 305 756; x_wconf 88' lang='lat' dir='ltr'><strong>me</strong></span> <span class='ocrx_word' id='word_1_88' title='bbox 314 728 392 755; x_wconf 84' lang='lat' dir='ltr'><strong>ﬁrma</strong></span> <span class='ocrx_word' id='word_1_89' title='bbox 408 727 434 755; x_wconf 89' lang='lat' dir='ltr'><strong>in</strong></span> <span class='ocrx_word' id='word_1_90' title='bbox 445 732 521 763; x_wconf 84' lang='lat' dir='ltr'><strong>petra</strong></span> <span class='ocrx_word' id='word_1_91' title='bbox 532 729 633 756; x_wconf 79' lang='lat' dir='ltr'><strong>divinae</strong></span> <span class='ocrx_word' id='word_1_92' title='bbox 646 729 794 757; x_wconf 74' lang='lat' dir='ltr'><strong>voluntatis</strong></span> <span class='ocrx_word' id='word_1_93' title='bbox 805 738 813 763; x_wconf 87' lang='lat'><strong>;</strong></span> <span class='ocrx_word' id='word_1_94' title='bbox 824 730 945 758; x_wconf 88' lang='lat' dir='ltr'><strong>animam</strong></span> <span class='ocrx_word' id='word_1_95' title='bbox 959 739 1048 759; x_wconf 85' lang='lat' dir='ltr'><strong>meam</strong></span> 
     </span>
    </p>
   </div>
   <div class='ocr_carea' id='block_1_16' title="bbox 261 774 727 809">
    <p class='ocr_par' dir='ltr' id='par_1_16' title="bbox 261 774 727 809">
     <span class='ocr_line' id='line_1_16' title="bbox 261 774 727 809; baseline 0.002 -8"><span class='ocrx_word' id='word_1_96' title='bbox 261 774 397 807; x_wconf 84' lang='lat' dir='ltr'><strong>illumina,</strong></span> <span class='ocrx_word' id='word_1_97' title='bbox 410 782 427 801; x_wconf 92' lang='grc' dir='ltr'>ο</span> <span class='ocrx_word' id='word_1_98' title='bbox 442 779 519 809; x_wconf 85' lang='lat' dir='ltr'><strong>porta</strong></span> <span class='ocrx_word' id='word_1_99' title='bbox 529 774 600 802; x_wconf 89' lang='lat' dir='ltr'><strong>lucis</strong></span> <span class='ocrx_word' id='word_1_100' title='bbox 616 775 727 802; x_wconf 62' lang='lat' dir='ltr'><strong>divinae.</strong></span> 
     </span>
    </p>
   </div>
   <div class='ocr_carea' id='block_1_17' title="bbox 294 820 1047 856">
    <p class='ocr_par' dir='ltr' id='par_1_17' title="bbox 294 820 1047 856">
     <span class='ocr_line' id='line_1_17' title="bbox 294 820 1047 856; baseline 0.003 -8"><span class='ocrx_word' id='word_1_101' title='bbox 294 821 404 848; x_wconf 65' lang='lat' dir='ltr'><strong>Natura:</strong></span> <span class='ocrx_word' id='word_1_102' title='bbox 424 821 496 856; x_wconf 79' lang='lat' dir='ltr'><strong>leges</strong></span> <span class='ocrx_word' id='word_1_103' title='bbox 510 821 538 848; x_wconf 91' lang='lat' dir='ltr'><strong>in</strong></span> <span class='ocrx_word' id='word_1_104' title='bbox 551 825 576 848; x_wconf 87' lang='lat' dir='ltr'><strong>te</strong></span> <span class='ocrx_word' id='word_1_105' title='bbox 596 820 733 849; x_wconf 67' lang='lat' dir='ltr'><strong>innovate:</strong></span> <span class='ocrx_word' id='word_1_106' title='bbox 745 826 827 856; x_wconf 87' lang='lat' dir='ltr'><strong>sunt;</strong></span> <span class='ocrx_word' id='word_1_107' title='bbox 841 822 961 851; x_wconf 78' lang='lat' dir='ltr'><strong>Verbum</strong></span> <span class='ocrx_word' id='word_1_108' title='bbox 974 823 1047 851; x_wconf 87' lang='lat' dir='ltr'><strong>enim</strong></span> 
     </span>
    </p>
   </div>
   <div class='ocr_carea' id='block_1_18' title="bbox 259 867 1048 902">
    <p class='ocr_par' dir='ltr' id='par_1_18' title="bbox 259 867 1048 902">
     <span class='ocr_line' id='line_1_18' title="bbox 259 867 1048 902; baseline 0.004 -8"><span class='ocrx_word' id='word_1_109' title='bbox 259 867 456 902; x_wconf 75' lang='lat' dir='ltr'><strong>legislatorem.</strong></span> <span class='ocrx_word' id='word_1_110' title='bbox 478 874 496 894; x_wconf 93' lang='grc' dir='ltr'><strong>ο</strong></span> <span class='ocrx_word' id='word_1_111' title='bbox 514 867 681 900; x_wconf 79' lang='lat' dir='ltr'><strong>castissima,</strong></span> <span class='ocrx_word' id='word_1_112' title='bbox 699 875 763 895; x_wconf 87' lang='lat' dir='ltr'><strong>vere</strong></span> <span class='ocrx_word' id='word_1_113' title='bbox 786 875 868 902; x_wconf 88' lang='lat' dir='ltr'><strong>supra</strong></span> <span class='ocrx_word' id='word_1_114' title='bbox 887 875 1000 896; x_wconf 84' lang='lat' dir='ltr'><strong>causam</strong></span> <span class='ocrx_word' id='word_1_115' title='bbox 1015 876 1048 897; x_wconf 82' lang='lat' dir='ltr'><strong>ac</strong></span> 
     </span>
    </p>
   </div>
   <div class='ocr_carea' id='block_1_19' title="bbox 260 913 1047 948">
    <p class='ocr_par' dir='ltr' id='par_1_19' title="bbox 260 913 1047 948">
     <span class='ocr_line' id='line_1_19' title="bbox 260 913 1047 948; baseline 0.004 -8"><span class='ocrx_word' id='word_1_116' title='bbox 260 913 410 944; x_wconf 84' lang='lat' dir='ltr'><strong>rationem.</strong></span> <span class='ocrx_word' id='word_1_117' title='bbox 439 913 569 948; x_wconf 75' lang='lat' dir='ltr'><strong>genuisti,</strong></span> <span class='ocrx_word' id='word_1_118' title='bbox 586 913 658 948; x_wconf 89' lang='lat' dir='ltr'><strong>quod</strong></span> <span class='ocrx_word' id='word_1_119' title='bbox 671 914 706 940; x_wconf 86' lang='lat' dir='ltr'><strong>ab</strong></span> <span class='ocrx_word' id='word_1_120' title='bbox 726 915 934 943; x_wconf 79' lang='lat' dir='ltr'><strong>irrationalitate</strong></span> <span class='ocrx_word' id='word_1_121' title='bbox 948 915 1047 943; x_wconf 83' lang='lat' dir='ltr'><strong>libera-</strong></span> 
     </span>
    </p>
   </div>
   <div class='ocr_carea' id='block_1_20' title="bbox 260 957 1046 992">
    <p class='ocr_par' dir='ltr' id='par_1_20' title="bbox 260 957 1046 992">
     <span class='ocr_line' id='line_1_20' title="bbox 260 957 1046 992; baseline 0.005 -8"><span class='ocrx_word' id='word_1_122' title='bbox 260 958 297 984; x_wconf 76' lang='lat' dir='ltr'><strong>vit</strong></span> <span class='ocrx_word' id='word_1_123' title='bbox 309 965 396 992; x_wconf 77' lang='lat' dir='ltr'><strong>genus</strong></span> <span class='ocrx_word' id='word_1_124' title='bbox 409 957 564 990; x_wconf 83' lang='lat' dir='ltr'><strong>hominum,</strong></span> <span class='ocrx_word' id='word_1_125' title='bbox 580 958 626 992; x_wconf 91' lang='lat' dir='ltr'><strong>qui</strong></span> <span class='ocrx_word' id='word_1_126' title='bbox 644 958 761 986; x_wconf 84' lang='lat' dir='ltr'><strong>tldeliter</strong></span> <span class='ocrx_word' id='word_1_127' title='bbox 770 959 919 988; x_wconf 83' lang='lat' dir='ltr'><strong>concinunt</strong></span> <span class='ocrx_word' id='word_1_128' title='bbox 933 969 940 987; x_wconf 91' lang='lat'><strong>:</strong></span> <span class='ocrx_word' id='word_1_129' title='bbox 955 959 1046 989; x_wconf 86' lang='lat' dir='ltr'><strong>Glorla</strong></span> 
     </span>
    </p>
   </div>
   <div class='ocr_carea' id='block_1_21' title="bbox 259 1004 799 1038">
    <p class='ocr_par' dir='ltr' id='par_1_21' title="bbox 259 1004 799 1038">
     <span class='ocr_line' id='line_1_21' title="bbox 259 1004 799 1038; baseline 0.004 -8"><span class='ocrx_word' id='word_1_130' title='bbox 259 1004 387 1038; x_wconf 53' lang='lat' dir='ltr'><strong>potentias.</strong></span> <span class='ocrx_word' id='word_1_131' title='bbox 403 1008 467 1036; x_wconf 61' lang='lat' dir='ltr'><strong>tuae,</strong></span> <span class='ocrx_word' id='word_1_132' title='bbox 488 1010 504 1031; x_wconf 94' lang='grc' dir='ltr'><strong>ο</strong></span> <span class='ocrx_word' id='word_1_133' title='bbox 522 1008 630 1031; x_wconf 81' lang='lat' dir='ltr'><strong>amator</strong></span> <span class='ocrx_word' id='word_1_134' title='bbox 646 1004 799 1033; x_wconf 88' lang='lat' dir='ltr'><strong>hominum.</strong></span> 
     </span>
    </p>
   </div>
   <div class='ocr_carea' id='block_1_22' title="bbox 295 1049 1047 1086">
    <p class='ocr_par' dir='ltr' id='par_1_22' title="bbox 295 1049 1047 1086">
     <span class='ocr_line' id='line_1_22' title="bbox 295 1049 1047 1086; baseline 0.007 -10"><span class='ocrx_word' id='word_1_135' title='bbox 295 1049 442 1076; x_wconf 87' lang='lat' dir='ltr'><strong>Dominum</strong></span> <span class='ocrx_word' id='word_1_136' title='bbox 455 1050 549 1084; x_wconf 80' lang='lat' dir='ltr'><strong>enixa,</strong></span> <span class='ocrx_word' id='word_1_137' title='bbox 567 1051 696 1085; x_wconf 81' lang='lat' dir='ltr'><strong>supernis</strong></span> <span class='ocrx_word' id='word_1_138' title='bbox 710 1051 892 1086; x_wconf 81' lang='lat' dir='ltr'><strong>potestatibus</strong></span> <span class='ocrx_word' id='word_1_139' title='bbox 903 1052 1047 1081; x_wconf 86' lang='lat' dir='ltr'><strong>sublimior</strong></span> 
     </span>
    </p>
   </div>
   <div class='ocr_carea' id='block_1_23' title="bbox 259 1095 1046 1131">
    <p class='ocr_par' dir='ltr' id='par_1_23' title="bbox 259 1095 1046 1131">
     <span class='ocr_line' id='line_1_23' title="bbox 259 1095 1046 1131; baseline 0.005 -9"><span class='ocrx_word' id='word_1_140' title='bbox 259 1095 329 1122; x_wconf 74' lang='lat' dir='ltr'><strong>facta</strong></span> <span class='ocrx_word' id='word_1_141' title='bbox 354 1102 396 1126; x_wconf 88' lang='lat' dir='ltr'><strong>es.</strong></span> <span class='ocrx_word' id='word_1_142' title='bbox 425 1095 627 1130; x_wconf 86' lang='lat' dir='ltr'><strong>hominumque</strong></span> <span class='ocrx_word' id='word_1_143' title='bbox 644 1102 768 1124; x_wconf 85' lang='lat' dir='ltr'><strong>naturam</strong></span> <span class='ocrx_word' id='word_1_144' title='bbox 788 1097 930 1131; x_wconf 78' lang='lat' dir='ltr'><strong>deiﬁcasti,</strong></span> <span class='ocrx_word' id='word_1_145' title='bbox 946 1105 964 1126; x_wconf 90' lang='grc' dir='ltr'>ο</span> <span class='ocrx_word' id='word_1_146' title='bbox 988 1099 1046 1126; x_wconf 88' lang='lat' dir='ltr'><strong>sola</strong></span> 
     </span>
    </p>
   </div>
   <div class='ocr_carea' id='block_1_24' title="bbox 257 1140 1046 1176">
    <p class='ocr_par' dir='ltr' id='par_1_24' title="bbox 257 1140 1046 1176">
     <span class='ocr_line' id='line_1_24' title="bbox 257 1140 1046 1176; baseline 0.005 -9"><span class='ocrx_word' id='word_1_147' title='bbox 257 1141 332 1168; x_wconf 88' lang='lat' dir='ltr'><strong>omni</strong></span> <span class='ocrx_word' id='word_1_148' title='bbox 350 1140 429 1168; x_wconf 84' lang='lat' dir='ltr'><strong>laude</strong></span> <span class='ocrx_word' id='word_1_149' title='bbox 453 1140 626 1176; x_wconf 74' lang='lat' dir='ltr'><strong>dignissima.</strong></span> <span class='ocrx_word' id='word_1_150' title='bbox 647 1141 726 1170; x_wconf 83' lang='lat' dir='ltr'><strong>Unde</strong></span> <span class='ocrx_word' id='word_1_151' title='bbox 752 1146 778 1170; x_wconf 87' lang='lat' dir='ltr'><strong>te</strong></span> <span class='ocrx_word' id='word_1_152' title='bbox 793 1143 964 1171; x_wconf 76' lang='lat' dir='ltr'><strong>verissimam</strong></span> <span class='ocrx_word' id='word_1_153' title='bbox 983 1143 1046 1172; x_wconf 92' lang='lat' dir='ltr'><strong>Dei-</strong></span> 
     </span>
    </p>
   </div>
   <div class='ocr_carea' id='block_1_25' title="bbox 258 1186 1046 1225">
    <p class='ocr_par' dir='ltr' id='par_1_25' title="bbox 258 1186 1046 1225">
     <span class='ocr_line' id='line_1_25' title="bbox 258 1186 1046 1225; baseline 0.004 -11"><span class='ocrx_word' id='word_1_154' title='bbox 258 1195 366 1222; x_wconf 76' lang='lat' dir='ltr'><strong>param.</strong></span> <span class='ocrx_word' id='word_1_155' title='bbox 386 1194 404 1214; x_wconf 90' lang='grc' dir='ltr'>ο</span> <span class='ocrx_word' id='word_1_156' title='bbox 423 1186 517 1222; x_wconf 73' lang='lat' dir='ltr'><strong>Virgo,</strong></span> <span class='ocrx_word' id='word_1_157' title='bbox 538 1195 589 1215; x_wconf 84' lang='lat' dir='ltr'><strong>nos</strong></span> <span class='ocrx_word' id='word_1_158' title='bbox 613 1187 706 1216; x_wconf 76' lang='lat' dir='ltr'><strong>ﬁdeles</strong></span> <span class='ocrx_word' id='word_1_159' title='bbox 723 1189 806 1216; x_wconf 86' lang='lat' dir='ltr'><strong>corde</strong></span> <span class='ocrx_word' id='word_1_160' title='bbox 827 1194 855 1216; x_wconf 87' lang='lat' dir='ltr'><strong>et</strong></span> <span class='ocrx_word' id='word_1_161' title='bbox 877 1196 925 1217; x_wconf 89' lang='lat' dir='ltr'><strong>ore</strong></span> <span class='ocrx_word' id='word_1_162' title='bbox 943 1190 1046 1225; x_wconf 65' lang='grc' dir='ltr'><strong>μοι-ἰῆ-</strong></span> 
     </span>
    </p>
   </div>
   <div class='ocr_carea' id='block_1_26' title="bbox 257 1240 364 1261">
    <p class='ocr_par' dir='ltr' id='par_1_26' title="bbox 257 1240 364 1261">
     <span class='ocr_line' id='line_1_26' title="bbox 257 1240 364 1261; baseline 0.009 -1"><span class='ocrx_word' id='word_1_163' title='bbox 257 1240 364 1261; x_wconf 80' lang='lat' dir='ltr'><strong>camus.</strong></span> 
     </span>
    </p>
   </div>
   <div class='ocr_carea' id='block_1_27' title="bbox 293 1278 1059 1320">
    <p class='ocr_par' dir='ltr' id='par_1_27' title="bbox 293 1278 1059 1320">
     <span class='ocr_line' id='line_1_27' title="bbox 293 1278 1059 1320; baseline 0.004 -14"><span class='ocrx_word' id='word_1_164' title='bbox 293 1278 332 1306; x_wconf 84' lang='lat' dir='ltr'><strong>Te</strong></span> <span class='ocrx_word' id='word_1_165' title='bbox 345 1279 527 1314; x_wconf 87' lang='lat' dir='ltr'><strong>patrocinium</strong></span> <span class='ocrx_word' id='word_1_166' title='bbox 543 1287 575 1307; x_wconf 86' lang='lat' dir='ltr'><strong>ac</strong></span> <span class='ocrx_word' id='word_1_167' title='bbox 592 1280 828 1316; x_wconf 71' lang='lat' dir='ltr'><strong>propugnaculum</strong></span> <span class='ocrx_word' id='word_1_168' title='bbox 841 1288 937 1309; x_wconf 82' lang='lat' dir='ltr'><strong>omnes</strong></span> <span class='ocrx_word' id='word_1_169' title='bbox 953 1281 1059 1320; x_wconf 74' lang='lat' dir='ltr'><strong>ﬁdeles</strong></span> 
     </span>
    </p>
   </div>
   <div class='ocr_carea' id='block_1_28' title="bbox 257 1325 1045 1360">
    <p class='ocr_par' dir='ltr' id='par_1_28' title="bbox 257 1325 1045 1360">
     <span class='ocr_line' id='line_1_28' title="bbox 257 1325 1045 1360; baseline 0.003 -8"><span class='ocrx_word' id='word_1_170' title='bbox 257 1325 402 1358; x_wconf 82' lang='lat' dir='ltr'><strong>habemus,</strong></span> <span class='ocrx_word' id='word_1_171' title='bbox 429 1325 476 1360; x_wconf 91' lang='lat' dir='ltr'><strong>qui</strong></span> <span class='ocrx_word' id='word_1_172' title='bbox 497 1325 524 1352; x_wconf 91' lang='lat' dir='ltr'><strong>in</strong></span> <span class='ocrx_word' id='word_1_173' title='bbox 554 1325 691 1360; x_wconf 79' lang='lat' dir='ltr'><strong>profundo</strong></span> <span class='ocrx_word' id='word_1_174' title='bbox 708 1326 856 1359; x_wconf 89' lang='lat' dir='ltr'><strong>malorum,</strong></span> <span class='ocrx_word' id='word_1_175' title='bbox 876 1331 903 1354; x_wconf 87' lang='lat' dir='ltr'><strong>et</strong></span> <span class='ocrx_word' id='word_1_176' title='bbox 931 1327 959 1354; x_wconf 87' lang='lat' dir='ltr'><strong>itt</strong></span> <span class='ocrx_word' id='word_1_177' title='bbox 987 1328 1045 1355; x_wconf 88' lang='lat' dir='ltr'><strong>salo</strong></span> 
     </span>
    </p>
   </div>
   <div class='ocr_carea' id='block_1_29' title="bbox 258 1371 1043 1407">
    <p class='ocr_par' dir='ltr' id='par_1_29' title="bbox 258 1371 1043 1407">
     <span class='ocr_line' id='line_1_29' title="bbox 258 1371 1043 1407; baseline 0.001 -9"><span class='ocrx_word' id='word_1_178' title='bbox 258 1371 466 1398; x_wconf 85' lang='lat' dir='ltr'><strong>tribulationum</strong></span> <span class='ocrx_word' id='word_1_179' title='bbox 493 1378 602 1405; x_wconf 86' lang='lat' dir='ltr'><strong>semper</strong></span> <span class='ocrx_word' id='word_1_180' title='bbox 634 1371 834 1406; x_wconf 87' lang='lat' dir='ltr'><strong>periclitamur,</strong></span> <span class='ocrx_word' id='word_1_181' title='bbox 863 1379 880 1399; x_wconf 86' lang='grc' dir='ltr'><strong>ο</strong></span> <span class='ocrx_word' id='word_1_182' title='bbox 912 1371 1043 1407; x_wconf 84' lang='lat' dir='ltr'><strong>Deipara,</strong></span> 
     </span>
    </p>
   </div>
   <div class='ocr_carea' id='block_1_30' title="bbox 258 1416 655 1452">
    <p class='ocr_par' dir='ltr' id='par_1_30' title="bbox 258 1416 655 1452">
     <span class='ocr_line' id='line_1_30' title="bbox 258 1416 655 1452; baseline -0.003 -7"><span class='ocrx_word' id='word_1_183' title='bbox 258 1417 316 1445; x_wconf 83' lang='lat' dir='ltr'><strong>sola</strong></span> <span class='ocrx_word' id='word_1_184' title='bbox 332 1416 473 1444; x_wconf 88' lang='lat' dir='ltr'><strong>hominum</strong></span> <span class='ocrx_word' id='word_1_185' title='bbox 487 1417 655 1452; x_wconf 73' lang='lat' dir='ltr'><strong>praesidium.</strong></span> 
     </span>
    </p>
   </div>
   <div class='ocr_carea' id='block_1_31' title="bbox 293 1461 1044 1498">
    <p class='ocr_par' dir='ltr' id='par_1_31' title="bbox 293 1461 1044 1498">
     <span class='ocr_line' id='line_1_31' title="bbox 293 1461 1044 1498; baseline 0.003 -9"><span class='ocrx_word' id='word_1_186' title='bbox 293 1462 414 1497; x_wconf 81' lang='lat' dir='ltr'><strong>Propitia</strong></span> <span class='ocrx_word' id='word_1_187' title='bbox 433 1467 492 1489; x_wconf 88' lang='lat' dir='ltr'><strong>esto</strong></span> <span class='ocrx_word' id='word_1_188' title='bbox 512 1462 592 1494; x_wconf 85' lang='lat' dir='ltr'><strong>mihi,</strong></span> <span class='ocrx_word' id='word_1_189' title='bbox 609 1461 711 1497; x_wconf 63' lang='lat' dir='ltr'><strong>Virgo;</strong></span> <span class='ocrx_word' id='word_1_190' title='bbox 727 1467 754 1490; x_wconf 88' lang='lat' dir='ltr'><strong>et</strong></span> <span class='ocrx_word' id='word_1_191' title='bbox 777 1469 820 1490; x_wconf 84' lang='lat' dir='ltr'><strong>me</strong></span> <span class='ocrx_word' id='word_1_192' title='bbox 834 1463 937 1498; x_wconf 83' lang='lat' dir='ltr'><strong>peccati</strong></span> <span class='ocrx_word' id='word_1_193' title='bbox 952 1463 1044 1491; x_wconf 85' lang='lat' dir='ltr'><strong>rhom-</strong></span> 
     </span>
    </p>
   </div>
   <div class='ocr_carea' id='block_1_32' title="bbox 257 1507 1044 1544">
    <p class='ocr_par' dir='ltr' id='par_1_32' title="bbox 257 1507 1044 1544">
     <span class='ocr_line' id='line_1_32' title="bbox 257 1507 1044 1544; baseline 0.003 -9"><span class='ocrx_word' id='word_1_194' title='bbox 257 1508 333 1543; x_wconf 67' lang='lat' dir='ltr'><strong>phasa</strong></span> <span class='ocrx_word' id='word_1_195' title='bbox 351 1508 523 1536; x_wconf 84' lang='lat' dir='ltr'><strong>vulneratum</strong></span> <span class='ocrx_word' id='word_1_196' title='bbox 539 1507 621 1544; x_wconf 66' lang='lat'><strong>335</strong></span> <span class='ocrx_word' id='word_1_197' title='bbox 639 1507 761 1536; x_wconf 63' lang='lat' dir='ltr'><strong>[omento</strong></span> <span class='ocrx_word' id='word_1_198' title='bbox 774 1509 980 1538; x_wconf 88' lang='lat' dir='ltr'><strong>intercessionis</strong></span> <span class='ocrx_word' id='word_1_199' title='bbox 991 1515 1044 1537; x_wconf 67' lang='lat' dir='ltr'><strong>tuae</strong></span> 
     </span>
    </p>
   </div>
   <div class='ocr_carea' id='block_1_33' title="bbox 257 1553 1043 1588">
    <p class='ocr_par' dir='ltr' id='par_1_33' title="bbox 257 1553 1043 1588">
     <span class='ocr_line' id='line_1_33' title="bbox 257 1553 1043 1588; baseline 0.003 -7"><span class='ocrx_word' id='word_1_200' title='bbox 257 1562 323 1582; x_wconf 84' lang='lat' dir='ltr'><strong>cura</strong></span> <span class='ocrx_word' id='word_1_201' title='bbox 341 1562 373 1582; x_wconf 84' lang='lat' dir='ltr'><strong>ac</strong></span> <span class='ocrx_word' id='word_1_202' title='bbox 388 1562 466 1588; x_wconf 89' lang='lat' dir='ltr'><strong>sana,</strong></span> <span class='ocrx_word' id='word_1_203' title='bbox 478 1554 543 1582; x_wconf 91' lang='lat' dir='ltr'><strong>dum</strong></span> <span class='ocrx_word' id='word_1_204' title='bbox 555 1554 661 1582; x_wconf 87' lang='lat' dir='ltr'><strong>clamo:</strong></span> <span class='ocrx_word' id='word_1_205' title='bbox 680 1553 842 1582; x_wconf 80' lang='lat' dir='ltr'><strong>Benedictus</strong></span> <span class='ocrx_word' id='word_1_206' title='bbox 859 1555 963 1583; x_wconf 77' lang='lat' dir='ltr'><strong>fructus</strong></span> <span class='ocrx_word' id='word_1_207' title='bbox 978 1563 1043 1583; x_wconf 80' lang='lat' dir='ltr'><strong>ven-</strong></span> 
     </span>
    </p>
   </div>
   <div class='ocr_carea' id='block_1_34' title="bbox 257 1599 373 1626">
    <p class='ocr_par' dir='ltr' id='par_1_34' title="bbox 257 1599 373 1626">
     <span class='ocr_line' id='line_1_34' title="bbox 257 1599 373 1626; baseline 0 0"><span class='ocrx_word' id='word_1_208' title='bbox 257 1599 306 1626; x_wconf 86' lang='lat' dir='ltr'><strong>tris</strong></span> <span class='ocrx_word' id='word_1_209' title='bbox 322 1599 373 1626; x_wconf 91' lang='lat' dir='ltr'><strong>tui.</strong></span> 
     </span>
    </p>
   </div>
   <div class='ocr_carea' id='block_1_35' title="bbox 291 1645 1041 1682">
    <p class='ocr_par' dir='ltr' id='par_1_35' title="bbox 291 1645 1041 1682">
     <span class='ocr_line' id='line_1_35' title="bbox 291 1645 1041 1682; baseline 0.001 -10"><span class='ocrx_word' id='word_1_210' title='bbox 291 1645 332 1673; x_wconf 90' lang='lat' dir='ltr'><strong>llli</strong></span> <span class='ocrx_word' id='word_1_211' title='bbox 358 1646 404 1681; x_wconf 88' lang='lat' dir='ltr'><strong>qui</strong></span> <span class='ocrx_word' id='word_1_212' title='bbox 435 1650 460 1673; x_wconf 90' lang='lat' dir='ltr'><strong>te</strong></span> <span class='ocrx_word' id='word_1_213' title='bbox 478 1645 620 1682; x_wconf 84' lang='lat' dir='ltr'><strong>Deiparam</strong></span> <span class='ocrx_word' id='word_1_214' title='bbox 650 1653 710 1674; x_wconf 90' lang='lat' dir='ltr'><strong>csse</strong></span> <span class='ocrx_word' id='word_1_215' title='bbox 734 1646 866 1678; x_wconf 85' lang='lat' dir='ltr'><strong>sentiunt,</strong></span> <span class='ocrx_word' id='word_1_216' title='bbox 891 1654 909 1673; x_wconf 88' lang='grc' dir='ltr'><strong>ο</strong></span> <span class='ocrx_word' id='word_1_217' title='bbox 927 1645 1041 1674; x_wconf 89' lang='lat' dir='ltr'><strong>Domina</strong></span> 
     </span>
    </p>
   </div>
   <div class='ocr_carea' id='block_1_36' title="bbox 257 1691 1041 1727">
    <p class='ocr_par' dir='ltr' id='par_1_36' title="bbox 257 1691 1041 1727">
     <span class='ocr_line' id='line_1_36' title="bbox 257 1691 1041 1727; baseline 0.001 -8"><span class='ocrx_word' id='word_1_218' title='bbox 257 1692 432 1720; x_wconf 87' lang='lat' dir='ltr'><strong>sanctissima</strong></span> <span class='ocrx_word' id='word_1_219' title='bbox 449 1696 532 1727; x_wconf 86' lang='lat' dir='ltr'><strong>atque</strong></span> <span class='ocrx_word' id='word_1_220' title='bbox 562 1692 637 1719; x_wconf 92' lang='lat' dir='ltr'><strong>omni</strong></span> <span class='ocrx_word' id='word_1_221' title='bbox 653 1691 733 1720; x_wconf 86' lang='lat' dir='ltr'><strong>laude</strong></span> <span class='ocrx_word' id='word_1_222' title='bbox 755 1692 927 1725; x_wconf 82' lang='lat' dir='ltr'><strong>celebranda,</strong></span> <span class='ocrx_word' id='word_1_223' title='bbox 953 1692 1041 1720; x_wconf 75' lang='lat' dir='ltr'><strong>verbis</strong></span> 
     </span>
    </p>
   </div>
   <div class='ocr_carea' id='block_1_37' title="bbox 257 1737 1040 1773">
    <p class='ocr_par' dir='ltr' id='par_1_37' title="bbox 257 1737 1040 1773">
     <span class='ocr_line' id='line_1_37' title="bbox 257 1737 1040 1773; baseline 0.003 -10"><span class='ocrx_word' id='word_1_224' title='bbox 257 1737 311 1765; x_wconf 87' lang='lat' dir='ltr'><strong>tuis</strong></span> <span class='ocrx_word' id='word_1_225' title='bbox 337 1738 499 1764; x_wconf 67' lang='lat' dir='ltr'><strong>inhaarentcs</strong></span> <span class='ocrx_word' id='word_1_226' title='bbox 522 1745 595 1764; x_wconf 88' lang='lat' dir='ltr'><strong>nunc</strong></span> <span class='ocrx_word' id='word_1_227' title='bbox 617 1737 724 1764; x_wconf 82' lang='lat' dir='ltr'><strong>beatam</strong></span> <span class='ocrx_word' id='word_1_228' title='bbox 742 1742 768 1764; x_wconf 86' lang='lat' dir='ltr'><strong>te.</strong></span> <span class='ocrx_word' id='word_1_229' title='bbox 785 1738 891 1770; x_wconf 89' lang='lat' dir='ltr'><strong>dicunt,</strong></span> <span class='ocrx_word' id='word_1_230' title='bbox 911 1739 1040 1773; x_wconf 86' lang='lat' dir='ltr'><strong>quoniam</strong></span> 
     </span>
    </p>
   </div>
   <div class='ocr_carea' id='block_1_38' title="bbox 258 1782 1042 1818">
    <p class='ocr_par' dir='ltr' id='par_1_38' title="bbox 258 1782 1042 1818">
     <span class='ocr_line' id='line_1_38' title="bbox 258 1782 1042 1818; baseline 0.003 -8"><span class='ocrx_word' id='word_1_231' title='bbox 258 1783 366 1810; x_wconf 85' lang='lat' dir='ltr'><strong>beatum</strong></span> <span class='ocrx_word' id='word_1_232' title='bbox 391 1782 476 1810; x_wconf 80' lang='lat' dir='ltr'><strong>Deum</strong></span> <span class='ocrx_word' id='word_1_233' title='bbox 503 1782 581 1810; x_wconf 90' lang='lat' dir='ltr'><strong>nobis</strong></span> <span class='ocrx_word' id='word_1_234' title='bbox 607 1782 748 1818; x_wconf 85' lang='lat' dir='ltr'><strong>peperisti,</strong></span> <span class='ocrx_word' id='word_1_235' title='bbox 782 1790 861 1817; x_wconf 87' lang='lat' dir='ltr'><strong>quem</strong></span> <span class='ocrx_word' id='word_1_236' title='bbox 889 1783 916 1811; x_wconf 91' lang='lat' dir='ltr'><strong>in</strong></span> <span class='ocrx_word' id='word_1_237' title='bbox 935 1783 1042 1812; x_wconf 85' lang='lat' dir='ltr'><strong>duabus</strong></span> 
     </span>
    </p>
   </div>
   <div class='ocr_carea' id='block_1_39' title="bbox 258 1827 1041 1862">
    <p class='ocr_par' dir='ltr' id='par_1_39' title="bbox 258 1827 1041 1862">
     <span class='ocr_line' id='line_1_39' title="bbox 258 1827 1041 1862; baseline 0.004 -9"><span class='ocrx_word' id='word_1_238' title='bbox 258 1828 364 1854; x_wconf 87' lang='lat' dir='ltr'><strong>naturis</strong></span> <span class='ocrx_word' id='word_1_239' title='bbox 381 1831 464 1862; x_wconf 86' lang='lat' dir='ltr'><strong>atque</strong></span> <span class='ocrx_word' id='word_1_240' title='bbox 480 1827 558 1854; x_wconf 88' lang='lat' dir='ltr'><strong>unica</strong></span> <span class='ocrx_word' id='word_1_241' title='bbox 571 1835 687 1862; x_wconf 85' lang='lat' dir='ltr'><strong>persona</strong></span> <span class='ocrx_word' id='word_1_242' title='bbox 704 1827 850 1856; x_wconf 81' lang='lat' dir='ltr'><strong>laudantes</strong></span> <span class='ocrx_word' id='word_1_243' title='bbox 869 1827 1019 1856; x_wconf 83' lang='lat' dir='ltr'><strong>clamamus</strong></span> <span class='ocrx_word' id='word_1_244' title='bbox 1033 1837 1041 1856; x_wconf 85' lang='lat'><strong>:</strong></span> 
     </span>
    </p>
   </div>
   <div class='ocr_carea' id='block_1_40' title="bbox 255 1872 1039 1910">
    <p class='ocr_par' dir='ltr' id='par_1_40' title="bbox 255 1872 1039 1910">
     <span class='ocr_line' id='line_1_40' title="bbox 255 1872 1039 1910; baseline 0.001 -9"><span class='ocrx_word' id='word_1_245' title='bbox 255 1872 277 1901; x_wconf 96' lang='grc' dir='ltr'><strong>Ο</strong></span> <span class='ocrx_word' id='word_1_246' title='bbox 292 1873 380 1908; x_wconf 89' lang='lat' dir='ltr'><strong>pueri,</strong></span> <span class='ocrx_word' id='word_1_247' title='bbox 405 1873 574 1907; x_wconf 87' lang='lat' dir='ltr'><strong>benedicite;</strong></span> <span class='ocrx_word' id='word_1_248' title='bbox 595 1874 762 1905; x_wconf 87' lang='lat' dir='ltr'><strong>sacerdotes,</strong></span> <span class='ocrx_word' id='word_1_249' title='bbox 790 1873 920 1908; x_wconf 87' lang='lat' dir='ltr'><strong>laudate;</strong></span> <span class='ocrx_word' id='word_1_250' title='bbox 936 1874 1039 1910; x_wconf 88' lang='lat' dir='ltr'><strong>populi,</strong></span> 
     </span>
    </p>
   </div>
   <div class='ocr_carea' id='block_1_41' title="bbox 255 1919 808 1954">
    <p class='ocr_par' dir='ltr' id='par_1_41' title="bbox 255 1919 808 1954">
     <span class='ocr_line' id='line_1_41' title="bbox 255 1919 808 1954; baseline -0.002 -7"><span class='ocrx_word' id='word_1_251' title='bbox 255 1919 455 1954; x_wconf 80' lang='lat' dir='ltr'><strong>superexaltate</strong></span> <span class='ocrx_word' id='word_1_252' title='bbox 466 1927 529 1946; x_wconf 90' lang='lat' dir='ltr'><strong>eum</strong></span> <span class='ocrx_word' id='word_1_253' title='bbox 547 1920 574 1946; x_wconf 92' lang='lat' dir='ltr'><strong>in</strong></span> <span class='ocrx_word' id='word_1_254' title='bbox 590 1920 682 1947; x_wconf 87' lang='lat' dir='ltr'><strong>omnia</strong></span> <span class='ocrx_word' id='word_1_255' title='bbox 697 1919 808 1948; x_wconf 55' lang='lat' dir='ltr'><strong>secula.</strong></span> 
     </span>
    </p>
   </div>
   <div class='ocr_carea' id='block_1_42' title="bbox 290 1964 1040 2002">
    <p class='ocr_par' dir='ltr' id='par_1_42' title="bbox 290 1964 1040 2002">
     <span class='ocr_line' id='line_1_42' title="bbox 290 1964 1040 2002; baseline 0.004 -11"><span class='ocrx_word' id='word_1_256' title='bbox 290 1964 374 1992; x_wconf 82' lang='lat' dir='ltr'><strong>Parce</strong></span> <span class='ocrx_word' id='word_1_257' title='bbox 391 1965 468 1998; x_wconf 89' lang='lat' dir='ltr'><strong>mihi,</strong></span> <span class='ocrx_word' id='word_1_258' title='bbox 488 1965 625 1998; x_wconf 79' lang='lat' dir='ltr'><strong>Salvator,</strong></span> <span class='ocrx_word' id='word_1_259' title='bbox 643 1965 690 2001; x_wconf 91' lang='lat' dir='ltr'><strong>qui</strong></span> <span class='ocrx_word' id='word_1_260' title='bbox 715 1971 810 1999; x_wconf 89' lang='lat' dir='ltr'><strong>natus,</strong></span> <span class='ocrx_word' id='word_1_261' title='bbox 827 1966 937 1994; x_wconf 69' lang='lat' dir='ltr'><strong>illacsam</strong></span> <span class='ocrx_word' id='word_1_262' title='bbox 959 1971 1040 2002; x_wconf 88' lang='lat' dir='ltr'><strong>atque</strong></span> 
     </span>
    </p>
   </div>
   <div class='ocr_carea' id='block_1_43' title="bbox 256 2010 1041 2047">
    <p class='ocr_par' dir='ltr' id='par_1_43' title="bbox 256 2010 1041 2047">
     <span class='ocr_line' id='line_1_43' title="bbox 256 2010 1041 2047; baseline 0.003 -9"><span class='ocrx_word' id='word_1_263' title='bbox 256 2015 442 2046; x_wconf 87' lang='lat' dir='ltr'><strong>tucorruptam</strong></span> <span class='ocrx_word' id='word_1_264' title='bbox 477 2010 645 2038; x_wconf 84' lang='lat' dir='ltr'><strong>Geuitricem</strong></span> <span class='ocrx_word' id='word_1_265' title='bbox 670 2016 745 2038; x_wconf 89' lang='lat' dir='ltr'><strong>tuam</strong></span> <span class='ocrx_word' id='word_1_266' title='bbox 780 2012 950 2039; x_wconf 84' lang='lat' dir='ltr'><strong>conservasti</strong></span> <span class='ocrx_word' id='word_1_267' title='bbox 978 2016 1041 2047; x_wconf 87' lang='lat' dir='ltr'><strong>post</strong></span> 
     </span>
    </p>
   </div>
   <div class='ocr_carea' id='block_1_44' title="bbox 255 2056 1039 2091">
    <p class='ocr_par' dir='ltr' id='par_1_44' title="bbox 255 2056 1039 2091">
     <span class='ocr_line' id='line_1_44' title="bbox 255 2056 1039 2091; baseline 0.003 -9"><span class='ocrx_word' id='word_1_268' title='bbox 255 2061 375 2091; x_wconf 83' lang='lat' dir='ltr'><strong>partum,</strong></span> <span class='ocrx_word' id='word_1_269' title='bbox 401 2063 465 2083; x_wconf 85' lang='lat' dir='ltr'><strong>eum</strong></span> <span class='ocrx_word' id='word_1_270' title='bbox 481 2056 600 2088; x_wconf 84' lang='lat' dir='ltr'><strong>scdcbis,</strong></span> <span class='ocrx_word' id='word_1_271' title='bbox 612 2056 757 2091; x_wconf 84' lang='lat' dir='ltr'><strong>utjudices</strong></span> <span class='ocrx_word' id='word_1_272' title='bbox 772 2064 853 2091; x_wconf 85' lang='lat' dir='ltr'><strong>opera</strong></span> <span class='ocrx_word' id='word_1_273' title='bbox 866 2065 944 2089; x_wconf 85' lang='lat' dir='ltr'><strong>mea;</strong></span> <span class='ocrx_word' id='word_1_274' title='bbox 957 2057 1039 2084; x_wconf 80' lang='lat' dir='ltr'><strong>dissi-</strong></span> 
     </span>
    </p>
   </div>
   <div class='ocr_carea' id='block_1_45' title="bbox 255 2102 1038 2137">
    <p class='ocr_par' dir='ltr' id='par_1_45' title="bbox 255 2102 1038 2137">
     <span class='ocr_line' id='line_1_45' title="bbox 255 2102 1038 2137; baseline 0 -8"><span class='ocrx_word' id='word_1_275' title='bbox 255 2102 362 2130; x_wconf 87' lang='lat' dir='ltr'><strong>mulans</strong></span> <span class='ocrx_word' id='word_1_276' title='bbox 377 2102 537 2136; x_wconf 78' lang='lat' dir='ltr'><strong>iniquitates</strong></span> <span class='ocrx_word' id='word_1_277' title='bbox 560 2109 634 2129; x_wconf 86' lang='lat' dir='ltr'><strong>meas</strong></span> <span class='ocrx_word' id='word_1_278' title='bbox 654 2107 682 2130; x_wconf 90' lang='lat' dir='ltr'><strong>et</strong></span> <span class='ocrx_word' id='word_1_279' title='bbox 695 2107 806 2136; x_wconf 81' lang='lat' dir='ltr'><strong>peccata</strong></span> <span class='ocrx_word' id='word_1_280' title='bbox 822 2110 892 2134; x_wconf 81' lang='lat' dir='ltr'><strong>mea,</strong></span> <span class='ocrx_word' id='word_1_281' title='bbox 909 2107 1038 2137; x_wconf 87' lang='lat' dir='ltr'><strong>tanquam</strong></span> 
     </span>
    </p>
   </div>
   <div class='ocr_carea' id='block_1_46' title="bbox 254 2148 1039 2183">
    <p class='ocr_par' dir='ltr' id='par_1_46' title="bbox 254 2148 1039 2183">
     <span class='ocr_line' id='line_1_46' title="bbox 254 2148 1039 2183; baseline 0.003 -9"><span class='ocrx_word' id='word_1_282' title='bbox 254 2148 451 2183; x_wconf 87' lang='lat' dir='ltr'><strong>impeccabilis,</strong></span> <span class='ocrx_word' id='word_1_283' title='bbox 466 2152 597 2183; x_wconf 77' lang='lat' dir='ltr'><strong>tanquam</strong></span> <span class='ocrx_word' id='word_1_284' title='bbox 614 2148 685 2175; x_wconf 84' lang='lat' dir='ltr'><strong>Deus</strong></span> <span class='ocrx_word' id='word_1_285' title='bbox 698 2148 845 2176; x_wconf 87' lang='lat' dir='ltr'><strong>miscrator</strong></span> <span class='ocrx_word' id='word_1_286' title='bbox 853 2153 935 2183; x_wconf 85' lang='lat' dir='ltr'><strong>atque</strong></span> <span class='ocrx_word' id='word_1_287' title='bbox 950 2149 1039 2176; x_wconf 52' lang='lat' dir='ltr'><strong>homi-</strong></span> 
     </span>
    </p>
   </div>
   <div class='ocr_carea' id='block_1_47' title="bbox 255 2198 456 2221">
    <p class='ocr_par' dir='ltr' id='par_1_47' title="bbox 255 2198 456 2221">
     <span class='ocr_line' id='line_1_47' title="bbox 255 2198 456 2221; baseline -0.005 -1"><span class='ocrx_word' id='word_1_288' title='bbox 255 2202 320 2221; x_wconf 87' lang='lat' dir='ltr'><strong>num</strong></span> <span class='ocrx_word' id='word_1_289' title='bbox 339 2198 456 2220; x_wconf 83' lang='lat' dir='ltr'><strong>amator.</strong></span> 
     </span>
    </p>
   </div>
   <div class='ocr_carea' id='block_1_48' title="bbox 253 2238 1039 2274">
    <p class='ocr_par' dir='ltr' id='par_1_48' title="bbox 253 2238 1039 2274">
     <span class='ocr_line' id='line_1_48' title="bbox 253 2238 1039 2274; baseline 0.001 -8"><span class='ocrx_word' id='word_1_290' title='bbox 253 2239 296 2266; x_wconf 72' lang='lat' dir='ltr'><strong>Ex</strong></span> <span class='ocrx_word' id='word_1_291' title='bbox 309 2247 407 2266; x_wconf 81' lang='lat' dir='ltr'><strong>canone</strong></span> <span class='ocrx_word' id='word_1_292' title='bbox 424 2239 451 2265; x_wconf 87' lang='lat' dir='ltr'><strong>t&#39;n</strong></span> <span class='ocrx_word' id='word_1_293' title='bbox 473 2238 611 2266; x_wconf 82' lang='lat' dir='ltr'><strong>Dominicrt</strong></span> <span class='ocrx_word' id='word_1_294' title='bbox 625 2239 651 2266; x_wconf 75' lang='lat' dir='ltr'><strong>in</strong></span> <span class='ocrx_word' id='word_1_295' title='bbox 671 2247 721 2274; x_wconf 84' lang='lat' dir='ltr'><strong>qua</strong></span> <span class='ocrx_word' id='word_1_296' title='bbox 743 2239 890 2266; x_wconf 78' lang='lat' dir='ltr'><strong>celebratur</strong></span> <span class='ocrx_word' id='word_1_297' title='bbox 913 2240 1039 2267; x_wconf 78' lang='lat' dir='ltr'><strong>memoria</strong></span> 
     </span>
    </p>
   </div>
   <div class='ocr_carea' id='block_1_49' title="bbox 415 2274 879 2308">
    <p class='ocr_par' dir='ltr' id='par_1_49' title="bbox 415 2274 879 2308">
     <span class='ocr_line' id='line_1_49' title="bbox 415 2274 879 2308; baseline 0.004 -8"><span class='ocrx_word' id='word_1_298' title='bbox 415 2275 562 2308; x_wconf 81' lang='lat' dir='ltr'><strong>primorum</strong></span> <span class='ocrx_word' id='word_1_299' title='bbox 577 2280 681 2308; x_wconf 76' lang='lat' dir='ltr'><strong>patrum</strong></span> <span class='ocrx_word' id='word_1_300' title='bbox 694 2275 759 2302; x_wconf 60' lang='lat' dir='ltr'><strong>Ade</strong></span> <span class='ocrx_word' id='word_1_301' title='bbox 769 2279 793 2302; x_wconf 75' lang='lat' dir='ltr'><strong>et</strong></span> <span class='ocrx_word' id='word_1_302' title='bbox 807 2274 879 2303; x_wconf 71' lang='lat' dir='ltr'><strong>Em.</strong></span> 
     </span>
    </p>
   </div>
   <div class='ocr_carea' id='block_1_50' title="bbox 287 2326 1038 2365">
    <p class='ocr_par' dir='ltr' id='par_1_50' title="bbox 287 2326 1038 2365">
     <span class='ocr_line' id='line_1_50' title="bbox 287 2326 1038 2365; baseline 0.003 -11"><span class='ocrx_word' id='word_1_303' title='bbox 287 2326 393 2355; x_wconf 89' lang='lat' dir='ltr'><strong>Divinis</strong></span> <span class='ocrx_word' id='word_1_304' title='bbox 412 2327 534 2355; x_wconf 87' lang='lat' dir='ltr'><strong>oraculis</strong></span> <span class='ocrx_word' id='word_1_305' title='bbox 549 2335 644 2354; x_wconf 87' lang='lat' dir='ltr'><strong>aurem</strong></span> <span class='ocrx_word' id='word_1_306' title='bbox 663 2328 845 2363; x_wconf 72' lang='lat' dir='ltr'><strong>prmbeautus.</strong></span> <span class='ocrx_word' id='word_1_307' title='bbox 864 2328 967 2356; x_wconf 89' lang='lat' dir='ltr'><strong>Christi</strong></span> <span class='ocrx_word' id='word_1_308' title='bbox 988 2337 1038 2365; x_wconf 93' lang='lat' dir='ltr'><strong>ap-</strong></span> 
     </span>
    </p>
   </div>
   <div class='ocr_carea' id='block_1_51' title="bbox 253 2367 1039 2410">
    <p class='ocr_par' dir='ltr' id='par_1_51' title="bbox 253 2367 1039 2410">
     <span class='ocr_line' id='line_1_51' title="bbox 253 2367 1039 2410; baseline 0.004 -10"><span class='ocrx_word' id='word_1_309' title='bbox 253 2373 416 2408; x_wconf 86' lang='lat' dir='ltr'><strong>paritionout</strong></span> <span class='ocrx_word' id='word_1_310' title='bbox 447 2373 638 2401; x_wconf 86' lang='lat' dir='ltr'><strong>reboantihus.</strong></span> <span class='ocrx_word' id='word_1_311' title='bbox 667 2373 736 2401; x_wconf 87' lang='lat' dir='ltr'><strong>Ecce</strong></span> <span class='ocrx_word' id='word_1_312' title='bbox 749 2367 828 2401; x_wconf 79' lang='lat' dir='ltr'><strong>enim</strong></span> <span class='ocrx_word' id='word_1_313' title='bbox 852 2375 879 2402; x_wconf 85' lang='lat' dir='ltr'><strong>in</strong></span> <span class='ocrx_word' id='word_1_314' title='bbox 909 2376 1039 2410; x_wconf 81' lang='lat' dir='ltr'><strong>spelunca</strong></span> 
     </span>
    </p>
   </div>
   <div class='ocr_carea' id='block_1_52' title="bbox 254 2419 1039 2456">
    <p class='ocr_par' dir='ltr' id='par_1_52' title="bbox 254 2419 1039 2456">
     <span class='ocr_line' id='line_1_52' title="bbox 254 2419 1039 2456; baseline 0.003 -10"><span class='ocrx_word' id='word_1_315' title='bbox 254 2419 388 2452; x_wconf 87' lang='lat' dir='ltr'><strong>nascitur,</strong></span> <span class='ocrx_word' id='word_1_316' title='bbox 407 2427 440 2446; x_wconf 76' lang='lat' dir='ltr'><strong>ex</strong></span> <span class='ocrx_word' id='word_1_317' title='bbox 454 2419 559 2454; x_wconf 79' lang='lat' dir='ltr'><strong>virgine</strong></span> <span class='ocrx_word' id='word_1_318' title='bbox 576 2420 665 2455; x_wconf 82' lang='lat' dir='ltr'><strong>puella</strong></span> <span class='ocrx_word' id='word_1_319' title='bbox 680 2420 735 2452; x_wconf 89' lang='lat' dir='ltr'><strong>ille,</strong></span> <span class='ocrx_word' id='word_1_320' title='bbox 760 2421 840 2456; x_wconf 84' lang='lat' dir='ltr'><strong>cujus</strong></span> <span class='ocrx_word' id='word_1_321' title='bbox 857 2427 963 2456; x_wconf 84' lang='lat' dir='ltr'><strong>partum</strong></span> <span class='ocrx_word' id='word_1_322' title='bbox 974 2421 1039 2449; x_wconf 92' lang='lat' dir='ltr'><strong>hor-</strong></span> 
     </span>
    </p>
   </div>
   <div class='ocr_carea' id='block_1_53' title="bbox 252 2465 1037 2502">
    <p class='ocr_par' dir='ltr' id='par_1_53' title="bbox 252 2465 1037 2502">
     <span class='ocr_line' id='line_1_53' title="bbox 252 2465 1037 2502; baseline 0.004 -10"><span class='ocrx_word' id='word_1_323' title='bbox 252 2473 315 2493; x_wconf 88' lang='lat' dir='ltr'><strong>rore</strong></span> <span class='ocrx_word' id='word_1_324' title='bbox 329 2465 439 2500; x_wconf 87' lang='lat' dir='ltr'><strong>plenutn</strong></span> <span class='ocrx_word' id='word_1_325' title='bbox 452 2466 599 2501; x_wconf 77' lang='lat' dir='ltr'><strong>astrologis</strong></span> <span class='ocrx_word' id='word_1_326' title='bbox 609 2474 743 2501; x_wconf 82' lang='lat' dir='ltr'><strong>apparens</strong></span> <span class='ocrx_word' id='word_1_327' title='bbox 751 2467 827 2494; x_wconf 85' lang='lat' dir='ltr'><strong>stella</strong></span> <span class='ocrx_word' id='word_1_328' title='bbox 836 2472 1037 2502; x_wconf 73' lang='lat' dir='ltr'><strong>prtemonstrat.</strong></span> 
     </span>
    </p>
   </div>
   <div class='ocr_carea' id='block_1_54' title="bbox 288 2511 1036 2549">
    <p class='ocr_par' dir='ltr' id='par_1_54' title="bbox 288 2511 1036 2549">
     <span class='ocr_line' id='line_1_54' title="bbox 288 2511 1036 2549; baseline 0.001 -10"><span class='ocrx_word' id='word_1_329' title='bbox 288 2511 366 2540; x_wconf 83' lang='lat' dir='ltr'><strong>Nunc</strong></span> <span class='ocrx_word' id='word_1_330' title='bbox 380 2513 548 2547; x_wconf 81' lang='lat' dir='ltr'><strong>exspectatio</strong></span> <span class='ocrx_word' id='word_1_331' title='bbox 563 2513 684 2547; x_wconf 75' lang='lat' dir='ltr'><strong>gentium</strong></span> <span class='ocrx_word' id='word_1_332' title='bbox 710 2521 744 2541; x_wconf 80' lang='lat' dir='ltr'><strong>ex</strong></span> <span class='ocrx_word' id='word_1_333' title='bbox 761 2512 870 2549; x_wconf 81' lang='lat' dir='ltr'><strong>Virgine</strong></span> <span class='ocrx_word' id='word_1_334' title='bbox 893 2514 1014 2547; x_wconf 83' lang='lat' dir='ltr'><strong>procedit</strong></span> <span class='ocrx_word' id='word_1_335' title='bbox 1030 2523 1036 2541; x_wconf 92' lang='lat'><strong>:</strong></span> 
     </span>
    </p>
   </div>
   <div class='ocr_carea' id='block_1_55' title="bbox 253 2556 1037 2595">
    <p class='ocr_par' dir='ltr' id='par_1_55' title="bbox 253 2556 1037 2595">
     <span class='ocr_line' id='line_1_55' title="bbox 253 2556 1037 2595; baseline 0.003 -10"><span class='ocrx_word' id='word_1_336' title='bbox 253 2562 281 2586; x_wconf 90' lang='lat' dir='ltr'><strong>et</strong></span> <span class='ocrx_word' id='word_1_337' title='bbox 295 2558 434 2586; x_wconf 88' lang='lat' dir='ltr'><strong>Bethleem</strong></span> <span class='ocrx_word' id='word_1_338' title='bbox 449 2556 606 2594; x_wconf 87' lang='lat' dir='ltr'><strong>opportune</strong></span> <span class='ocrx_word' id='word_1_339' title='bbox 621 2559 709 2594; x_wconf 80' lang='lat' dir='ltr'><strong>aperit</strong></span> <span class='ocrx_word' id='word_1_340' title='bbox 724 2560 881 2594; x_wconf 82' lang='lat' dir='ltr'><strong>paradisum</strong></span> <span class='ocrx_word' id='word_1_341' title='bbox 896 2559 978 2588; x_wconf 84' lang='lat' dir='ltr'><strong>Edent</strong></span> <span class='ocrx_word' id='word_1_342' title='bbox 991 2557 1037 2595; x_wconf 64' lang='lat' dir='ltr'><strong>q&#39;ui</strong></span> 
     </span>
    </p>
   </div>
   <div class='ocr_carea' id='block_1_56' title="bbox 252 2603 1037 2640">
    <p class='ocr_par' dir='ltr' id='par_1_56' title="bbox 252 2603 1037 2640">
     <span class='ocr_line' id='line_1_56' title="bbox 252 2603 1037 2640; baseline 0.003 -9"><span class='ocrx_word' id='word_1_343' title='bbox 252 2604 363 2632; x_wconf 85' lang='lat' dir='ltr'><strong>clausus</strong></span> <span class='ocrx_word' id='word_1_344' title='bbox 377 2609 447 2636; x_wconf 86' lang='lat' dir='ltr'><strong>erat,</strong></span> <span class='ocrx_word' id='word_1_345' title='bbox 461 2603 614 2638; x_wconf 79' lang='lat' dir='ltr'><strong>suscipiens</strong></span> <span class='ocrx_word' id='word_1_346' title='bbox 629 2603 748 2632; x_wconf 82' lang='lat' dir='ltr'><strong>Verbum</strong></span> <span class='ocrx_word' id='word_1_347' title='bbox 764 2611 952 2640; x_wconf 83' lang='lat' dir='ltr'><strong>corporatum,</strong></span> <span class='ocrx_word' id='word_1_348' title='bbox 968 2610 995 2633; x_wconf 91' lang='lat' dir='ltr'><strong>ct</strong></span> <span class='ocrx_word' id='word_1_349' title='bbox 1011 2607 1037 2632; x_wconf 87' lang='lat' dir='ltr'><strong>in</strong></span> 
     </span>
    </p>
   </div>
   <div class='ocr_carea' id='block_1_57' title="bbox 250 2649 881 2685">
    <p class='ocr_par' dir='ltr' id='par_1_57' title="bbox 250 2649 881 2685">
     <span class='ocr_line' id='line_1_57' title="bbox 250 2649 881 2685; baseline 0 -9"><span class='ocrx_word' id='word_1_350' title='bbox 250 2650 393 2685; x_wconf 65' lang='lat' dir='ltr'><strong>praesepio,</strong></span> <span class='ocrx_word' id='word_1_351' title='bbox 407 2649 557 2677; x_wconf 88' lang='lat' dir='ltr'><strong>secundum</strong></span> <span class='ocrx_word' id='word_1_352' title='bbox 575 2655 695 2682; x_wconf 87' lang='lat' dir='ltr'><strong>carnem,</strong></span> <span class='ocrx_word' id='word_1_353' title='bbox 710 2649 881 2677; x_wconf 82' lang='lat' dir='ltr'><strong>reclinatum.</strong></span> 
     </span>
    </p>
   </div>
   <div class='ocr_carea' id='block_1_58' title="bbox 285 2695 1036 2731">
    <p class='ocr_par' dir='ltr' id='par_1_58' title="bbox 285 2695 1036 2731">
     <span class='ocr_line' id='line_1_58' title="bbox 285 2695 1036 2731; baseline 0.001 -9"><span class='ocrx_word' id='word_1_354' title='bbox 285 2695 364 2723; x_wconf 85' lang='lat' dir='ltr'><strong>Nunc</strong></span> <span class='ocrx_word' id='word_1_355' title='bbox 378 2695 530 2730; x_wconf 85' lang='lat' dir='ltr'><strong>redemptio</strong></span> <span class='ocrx_word' id='word_1_356' title='bbox 553 2700 646 2723; x_wconf 86' lang='lat' dir='ltr'><strong>nostra</strong></span> <span class='ocrx_word' id='word_1_357' title='bbox 670 2696 696 2722; x_wconf 88' lang='lat' dir='ltr'><strong>in</strong></span> <span class='ocrx_word' id='word_1_358' title='bbox 721 2696 853 2731; x_wconf 68' lang='lat' dir='ltr'><strong>praesepio</strong></span> <span class='ocrx_word' id='word_1_359' title='bbox 879 2696 1036 2729; x_wconf 82' lang='lat' dir='ltr'><strong>rcclinatur,</strong></span> 
     </span>
    </p>
   </div>
   <div class='ocr_carea' id='block_1_59' title="bbox 250 2742 1038 2778">
    <p class='ocr_par' dir='ltr' id='par_1_59' title="bbox 250 2742 1038 2778">
     <span class='ocr_line' id='line_1_59' title="bbox 250 2742 1038 2778; baseline 0.001 -9"><span class='ocrx_word' id='word_1_360' title='bbox 250 2747 277 2769; x_wconf 85' lang='lat' dir='ltr'><strong>t-t</strong></span> <span class='ocrx_word' id='word_1_361' title='bbox 291 2747 420 2777; x_wconf 87' lang='lat' dir='ltr'><strong>tanquatu</strong></span> <span class='ocrx_word' id='word_1_362' title='bbox 436 2742 526 2770; x_wconf 81' lang='lat' dir='ltr'><strong>infans</strong></span> <span class='ocrx_word' id='word_1_363' title='bbox 541 2742 632 2770; x_wconf 79' lang='lat' dir='ltr'><strong>fasciis</strong></span> <span class='ocrx_word' id='word_1_364' title='bbox 647 2743 796 2770; x_wconf 81' lang='lat' dir='ltr'><strong>involvitur</strong></span> <span class='ocrx_word' id='word_1_365' title='bbox 812 2752 818 2769; x_wconf 90' lang='lat'>:</span> <span class='ocrx_word' id='word_1_366' title='bbox 835 2748 861 2769; x_wconf 91' lang='lat' dir='ltr'><strong>ct</strong></span> <span class='ocrx_word' id='word_1_367' title='bbox 876 2742 945 2778; x_wconf 75' lang='lat' dir='ltr'><strong>Magi</strong></span> <span class='ocrx_word' id='word_1_368' title='bbox 961 2751 1038 2778; x_wconf 73' lang='lat' dir='ltr'><strong>reges</strong></span> 
     </span>
    </p>
   </div>
   <div class='ocr_carea' id='block_1_60' title="bbox 251 2787 1036 2824">
    <p class='ocr_par' dir='ltr' id='par_1_60' title="bbox 251 2787 1036 2824">
     <span class='ocr_line' id='line_1_60' title="bbox 251 2787 1036 2824; baseline 0.001 -9"><span class='ocrx_word' id='word_1_369' title='bbox 251 2789 363 2816; x_wconf 79' lang='lat' dir='ltr'><strong>veniunt</strong></span> <span class='ocrx_word' id='word_1_370' title='bbox 385 2789 420 2815; x_wconf 88' lang='lat' dir='ltr'><strong>ab</strong></span> <span class='ocrx_word' id='word_1_371' title='bbox 441 2787 551 2816; x_wconf 79' lang='lat' dir='ltr'><strong>Oriente</strong></span> <span class='ocrx_word' id='word_1_372' title='bbox 578 2789 611 2816; x_wconf 85' lang='lat' dir='ltr'><strong>ad</strong></span> <span class='ocrx_word' id='word_1_373' title='bbox 636 2789 783 2816; x_wconf 84' lang='lat' dir='ltr'><strong>videndum</strong></span> <span class='ocrx_word' id='word_1_374' title='bbox 809 2790 886 2816; x_wconf 89' lang='lat' dir='ltr'><strong>illtttn</strong></span> <span class='ocrx_word' id='word_1_375' title='bbox 907 2795 1036 2824; x_wconf 86' lang='lat' dir='ltr'><strong>tanquam</strong></span> 
     </span>
    </p>
   </div>
   <div class='ocr_carea' id='block_1_61' title="bbox 250 2834 1038 2870">
    <p class='ocr_par' dir='ltr' id='par_1_61' title="bbox 250 2834 1038 2870">
     <span class='ocr_line' id='line_1_61' title="bbox 250 2834 1038 2870; baseline 0.004 -11"><span class='ocrx_word' id='word_1_376' title='bbox 250 2834 334 2861; x_wconf 82' lang='lat' dir='ltr'><strong>Deum</strong></span> <span class='ocrx_word' id='word_1_377' title='bbox 348 2842 380 2862; x_wconf 88' lang='lat' dir='ltr'><strong>ac</strong></span> <span class='ocrx_word' id='word_1_378' title='bbox 395 2842 485 2870; x_wconf 76' lang='lat' dir='ltr'><strong>regem</strong></span> <span class='ocrx_word' id='word_1_379' title='bbox 505 2839 597 2861; x_wconf 85' lang='lat' dir='ltr'><strong>natum</strong></span> <span class='ocrx_word' id='word_1_380' title='bbox 611 2842 695 2869; x_wconf 87' lang='lat' dir='ltr'><strong>super</strong></span> <span class='ocrx_word' id='word_1_381' title='bbox 709 2840 819 2870; x_wconf 83' lang='lat' dir='ltr'><strong>lcrratu,</strong></span> <span class='ocrx_word' id='word_1_382' title='bbox 834 2842 859 2863; x_wconf 85' lang='lat' dir='ltr'><strong>et</strong></span> <span class='ocrx_word' id='word_1_383' title='bbox 876 2836 908 2863; x_wconf 78' lang='lat' dir='ltr'><strong>ad</strong></span> <span class='ocrx_word' id='word_1_384' title='bbox 921 2836 1038 2863; x_wconf 79' lang='lat' dir='ltr'><strong>adoran-</strong></span> 
     </span>
    </p>
   </div>
   <div class='ocr_carea' id='block_1_62' title="bbox 253 2880 734 2909">
    <p class='ocr_par' dir='ltr' id='par_1_62' title="bbox 253 2880 734 2909">
     <span class='ocr_line' id='line_1_62' title="bbox 253 2880 734 2909; baseline 0.008 -5"><span class='ocrx_word' id='word_1_385' title='bbox 253 2881 316 2905; x_wconf 74' lang='lat' dir='ltr'><strong>tlum</strong></span> <span class='ocrx_word' id='word_1_386' title='bbox 338 2880 415 2906; x_wconf 89' lang='lat' dir='ltr'><strong>illum</strong></span> <span class='ocrx_word' id='word_1_387' title='bbox 431 2888 494 2907; x_wconf 87' lang='lat' dir='ltr'><strong>cttm</strong></span> <span class='ocrx_word' id='word_1_388' title='bbox 511 2881 592 2909; x_wconf 84' lang='lat' dir='ltr'><strong>donis</strong></span> <span class='ocrx_word' id='word_1_389' title='bbox 609 2880 734 2908; x_wconf 78' lang='lat' dir='ltr'><strong>ﬁdeliter.</strong></span> 
     </span>
    </p>
   </div>
   <div class='ocr_carea' id='block_1_63' title="bbox 1102 265 1887 304">
    <p class='ocr_par' dir='ltr' id='par_1_63' title="bbox 1102 265 1887 304">
     <span class='ocr_line' id='line_1_63' title="bbox 1102 265 1887 304; baseline 0.001 -10"><span class='ocrx_word' id='word_1_390' title='bbox 1102 269 1191 304; x_wconf 78' lang='grc' dir='ltr'>ἡμῶν,</span> <span class='ocrx_word' id='word_1_391' title='bbox 1219 267 1386 302; x_wconf 85' lang='grc' dir='ltr'>πανάμωμε,</span> <span class='ocrx_word' id='word_1_392' title='bbox 1414 265 1480 298; x_wconf 82' lang='grc' dir='ltr'>εῐδε,</span> <span class='ocrx_word' id='word_1_393' title='bbox 1508 268 1554 295; x_wconf 78' lang='grc' dir='ltr'>καὶ</span> <span class='ocrx_word' id='word_1_394' title='bbox 1570 268 1666 300; x_wconf 84' lang='grc' dir='ltr'>νυκτὸς</span> <span class='ocrx_word' id='word_1_395' title='bbox 1693 268 1723 301; x_wconf 79' lang='grc' dir='ltr'>ἐξ</span> <span class='ocrx_word' id='word_1_396' title='bbox 1749 269 1887 302; x_wconf 78' lang='grc' dir='ltr'><strong>ἀγνωσίας</strong></span> 
     </span>
    </p>
   </div>
   <div class='ocr_carea' id='block_1_64' title="bbox 1101 313 1884 349">
    <p class='ocr_par' dir='ltr' id='par_1_64' title="bbox 1101 313 1884 349">
     <span class='ocr_line' id='line_1_64' title="bbox 1101 313 1884 349; baseline 0.001 -9"><span class='ocrx_word' id='word_1_397' title='bbox 1101 314 1278 349; x_wconf 77' lang='grc' dir='ltr'>λελύτρωται,</span> <span class='ocrx_word' id='word_1_398' title='bbox 1295 313 1343 340; x_wconf 77' lang='grc' dir='ltr'>καὶ</span> <span class='ocrx_word' id='word_1_399' title='bbox 1358 313 1452 340; x_wconf 85' lang='grc' dir='ltr'>παθῶν</span> <span class='ocrx_word' id='word_1_400' title='bbox 1473 314 1522 348; x_wconf 86' lang='grc' dir='ltr'>τῆς</span> <span class='ocrx_word' id='word_1_401' title='bbox 1543 314 1694 346; x_wconf 70' lang='grc' dir='ltr'><strong>σκοτώδους</strong></span> <span class='ocrx_word' id='word_1_402' title='bbox 1709 315 1867 349; x_wconf 83' lang='grc' dir='ltr'>συγχύσεως</span> <span class='ocrx_word' id='word_1_403' title='bbox 1877 324 1884 330; x_wconf 58' lang='grc' dir='ltr'>δ</span> 
     </span>
    </p>
   </div>
   <div class='ocr_carea' id='block_1_65' title="bbox 1100 359 1806 395">
    <p class='ocr_par' dir='ltr' id='par_1_65' title="bbox 1100 359 1806 395">
     <span class='ocr_line' id='line_1_65' title="bbox 1100 359 1806 395; baseline 0 -9"><span class='ocrx_word' id='word_1_404' title='bbox 1100 361 1141 386; x_wconf 75' lang='grc' dir='ltr'><strong>διὸ</strong></span> <span class='ocrx_word' id='word_1_405' title='bbox 1158 367 1187 386; x_wconf 82' lang='grc' dir='ltr'><strong>σε</strong></span> <span class='ocrx_word' id='word_1_406' title='bbox 1203 359 1241 390; x_wconf 84' lang='grc' dir='ltr'><strong>ὡς</strong></span> <span class='ocrx_word' id='word_1_407' title='bbox 1255 359 1346 385; x_wconf 78' lang='grc' dir='ltr'><strong>αἰτίαν</strong></span> <span class='ocrx_word' id='word_1_408' title='bbox 1360 359 1410 394; x_wconf 79' lang='grc' dir='ltr'>τῆς</span> <span class='ocrx_word' id='word_1_409' title='bbox 1427 359 1564 394; x_wconf 75' lang='grc' dir='ltr'><strong>σωτηρίας</strong></span> <span class='ocrx_word' id='word_1_410' title='bbox 1583 359 1662 395; x_wconf 74' lang='grc' dir='ltr'>ἡμῶν</span> <span class='ocrx_word' id='word_1_411' title='bbox 1678 360 1806 395; x_wconf 80' lang='grc' dir='ltr'>σέὸομεν.</span> 
     </span>
    </p>
   </div>
   <div class='ocr_carea' id='block_1_66' title="bbox 1107 413 1887 448">
    <p class='ocr_par' dir='ltr' id='par_1_66' title="bbox 1107 413 1887 448">
     <span class='ocr_line' id='line_1_66' title="bbox 1107 413 1887 448; baseline 0 -7"><span class='ocrx_word' id='word_1_412' title='bbox 1107 415 1157 441; x_wconf 76' lang='grc' dir='ltr'>Ἐκ</span> <span class='ocrx_word' id='word_1_413' title='bbox 1173 414 1227 441; x_wconf 85' lang='grc' dir='ltr'>τοῦ</span> <span class='ocrx_word' id='word_1_414' title='bbox 1249 415 1380 447; x_wconf 81' lang='grc' dir='ltr'><em>κανόνος</em></span> <span class='ocrx_word' id='word_1_415' title='bbox 1391 414 1436 446; x_wconf 84' lang='grc' dir='ltr'>εις</span> <span class='ocrx_word' id='word_1_416' title='bbox 1447 414 1501 440; x_wconf 80' lang='grc' dir='ltr'>τὸν</span> <span class='ocrx_word' id='word_1_417' title='bbox 1520 413 1607 440; x_wconf 77' lang='grc' dir='ltr'>ὅσιον</span> <span class='ocrx_word' id='word_1_418' title='bbox 1622 413 1736 448; x_wconf 70' lang='grc' dir='ltr'>Δανιὴλ</span> <span class='ocrx_word' id='word_1_419' title='bbox 1748 414 1802 441; x_wconf 70' lang='grc' dir='ltr'><strong>τὸν</strong></span> <span class='ocrx_word' id='word_1_420' title='bbox 1811 415 1887 441; x_wconf 77' lang='grc' dir='ltr'>Στυ-</span> 
     </span>
    </p>
   </div>
   <div class='ocr_carea' id='block_1_67' title="bbox 1364 449 1638 483">
    <p class='ocr_par' dir='ltr' id='par_1_67' title="bbox 1364 449 1638 483">
     <span class='ocr_line' id='line_1_67' title="bbox 1364 449 1638 483; baseline 0.004 -8"><span class='ocrx_word' id='word_1_421' title='bbox 1364 449 1464 482; x_wconf 72' lang='grc' dir='ltr'>λιτην,</span> <span class='ocrx_word' id='word_1_422' title='bbox 1484 449 1581 483; x_wconf 76' lang='grc' dir='ltr'>ἡμέρᾳ</span> <span class='ocrx_word' id='word_1_423' title='bbox 1593 451 1638 476; x_wconf 85' lang='grc' dir='ltr'>ια’.</span> 
     </span>
    </p>
   </div>
   <div class='ocr_carea' id='block_1_68' title="bbox 1135 501 1887 540">
    <p class='ocr_par' dir='ltr' id='par_1_68' title="bbox 1135 501 1887 540">
     <span class='ocr_line' id='line_1_68' title="bbox 1135 501 1887 540; baseline 0.003 -10"><span class='ocrx_word' id='word_1_424' title='bbox 1135 504 1217 535; x_wconf 85' lang='grc' dir='ltr'>Ὀλος</span> <span class='ocrx_word' id='word_1_425' title='bbox 1233 503 1376 540; x_wconf 79' lang='grc' dir='ltr'>ἄνθρωπος</span> <span class='ocrx_word' id='word_1_426' title='bbox 1391 503 1482 538; x_wconf 78' lang='grc' dir='ltr'>ὤφθη,</span> <span class='ocrx_word' id='word_1_427' title='bbox 1506 504 1601 538; x_wconf 80' lang='grc' dir='ltr'><strong>μείνας</strong></span> <span class='ocrx_word' id='word_1_428' title='bbox 1613 504 1681 539; x_wconf 81' lang='grc' dir='ltr'>ὅπερ</span> <span class='ocrx_word' id='word_1_429' title='bbox 1694 501 1737 539; x_wconf 79' lang='grc' dir='ltr'><strong>ἦν,</strong></span> <span class='ocrx_word' id='word_1_430' title='bbox 1753 504 1800 532; x_wconf 78' lang='grc' dir='ltr'>καὶ</span> <span class='ocrx_word' id='word_1_431' title='bbox 1817 505 1887 539; x_wconf 78' lang='grc' dir='ltr'>μετὰ</span> 
     </span>
    </p>
   </div>
   <div class='ocr_carea' id='block_1_69' title="bbox 1101 549 1886 586">
    <p class='ocr_par' dir='ltr' id='par_1_69' title="bbox 1101 549 1886 586">
     <span class='ocr_line' id='line_1_69' title="bbox 1101 549 1886 586; baseline 0 -9"><span class='ocrx_word' id='word_1_432' title='bbox 1101 550 1250 586; x_wconf 87' lang='grc' dir='ltr'>σάρκωσιν,</span> <span class='ocrx_word' id='word_1_433' title='bbox 1275 550 1290 577; x_wconf 82' lang='grc' dir='ltr'><strong><em>ὁ</em></strong></span> <span class='ocrx_word' id='word_1_434' title='bbox 1314 551 1346 577; x_wconf 84' lang='grc' dir='ltr'><strong>ἐκ</strong></span> <span class='ocrx_word' id='word_1_435' title='bbox 1370 549 1417 576; x_wconf 83' lang='grc' dir='ltr'><strong>σοῦ</strong></span> <span class='ocrx_word' id='word_1_436' title='bbox 1448 549 1515 581; x_wconf 83' lang='grc' dir='ltr'><strong>Θεὸς</strong></span> <span class='ocrx_word' id='word_1_437' title='bbox 1539 549 1681 586; x_wconf 79' lang='grc' dir='ltr'>γεννηθεὶς</span> <span class='ocrx_word' id='word_1_438' title='bbox 1704 549 1886 582; x_wconf 76' lang='grc' dir='ltr'>ἀναλλοίωτος</span> 
     </span>
    </p>
   </div>
   <div class='ocr_carea' id='block_1_70' title="bbox 1099 596 1211 631">
    <p class='ocr_par' dir='ltr' id='par_1_70' title="bbox 1099 596 1211 631">
     <span class='ocr_line' id='line_1_70' title="bbox 1099 596 1211 631; baseline 0.009 -9"><span class='ocrx_word' id='word_1_439' title='bbox 1099 596 1211 631; x_wconf 86' lang='grc' dir='ltr'>Κύριος.</span> 
     </span>
    </p>
   </div>
   <div class='ocr_carea' id='block_1_71' title="bbox 1143 640 1884 676">
    <p class='ocr_par' dir='ltr' id='par_1_71' title="bbox 1143 640 1884 676">
     <span class='ocr_line' id='line_1_71' title="bbox 1143 640 1884 676; baseline 0 -8"><span class='ocrx_word' id='word_1_440' title='bbox 1143 640 1240 668; x_wconf 85' lang='grc' dir='ltr'>Ῥὖσαι</span> <span class='ocrx_word' id='word_1_441' title='bbox 1259 641 1310 675; x_wconf 80' lang='grc' dir='ltr'>τῆς</span> <span class='ocrx_word' id='word_1_442' title='bbox 1323 640 1378 668; x_wconf 81' lang='grc' dir='ltr'><strong>τῶν</strong></span> <span class='ocrx_word' id='word_1_443' title='bbox 1394 640 1490 668; x_wconf 84' lang='grc' dir='ltr'>παθῶν</span> <span class='ocrx_word' id='word_1_444' title='bbox 1507 649 1540 676; x_wconf 74' lang='grc' dir='ltr'><strong>με</strong></span> <span class='ocrx_word' id='word_1_445' title='bbox 1555 641 1716 676; x_wconf 76' lang='grc' dir='ltr'>ἐπαγωγῆς,</span> <span class='ocrx_word' id='word_1_446' title='bbox 1731 642 1865 669; x_wconf 73' lang='grc' dir='ltr'><strong>Δέσποινα</strong></span> <span class='ocrx_word' id='word_1_447' title='bbox 1876 661 1884 673; x_wconf 85' lang='grc'><strong>,</strong></span> 
     </span>
    </p>
   </div>
   <div class='ocr_carea' id='block_1_72' title="bbox 1099 686 1884 723">
    <p class='ocr_par' dir='ltr' id='par_1_72' title="bbox 1099 686 1884 723">
     <span class='ocr_line' id='line_1_72' title="bbox 1099 686 1884 723; baseline -0.001 -9"><span class='ocrx_word' id='word_1_448' title='bbox 1099 687 1146 714; x_wconf 72' lang='grc' dir='ltr'><strong>καὶ</strong></span> <span class='ocrx_word' id='word_1_449' title='bbox 1162 687 1225 719; x_wconf 85' lang='grc' dir='ltr'>τοὺς</span> <span class='ocrx_word' id='word_1_450' title='bbox 1240 687 1428 722; x_wconf 80' lang='grc' dir='ltr'><strong>πολεμοῦντας</strong></span> <span class='ocrx_word' id='word_1_451' title='bbox 1442 686 1557 722; x_wconf 82' lang='grc' dir='ltr'>ἐχθρούς</span> <span class='ocrx_word' id='word_1_452' title='bbox 1569 695 1604 722; x_wconf 84' lang='grc' dir='ltr'><strong>με</strong></span> <span class='ocrx_word' id='word_1_453' title='bbox 1619 687 1667 714; x_wconf 85' lang='grc' dir='ltr'>νῦν</span> <span class='ocrx_word' id='word_1_454' title='bbox 1684 687 1884 723; x_wconf 82' lang='grc' dir='ltr'>ἐκπολέμησον·</span> 
     </span>
    </p>
   </div>
   <div class='ocr_carea' id='block_1_73' title="bbox 1099 732 1886 768">
    <p class='ocr_par' dir='ltr' id='par_1_73' title="bbox 1099 732 1886 768">
     <span class='ocr_line' id='line_1_73' title="bbox 1099 732 1886 768; baseline 0.001 -10"><span class='ocrx_word' id='word_1_455' title='bbox 1099 732 1229 768; x_wconf 78' lang='grc' dir='ltr'>στήριξον</span> <span class='ocrx_word' id='word_1_456' title='bbox 1255 733 1345 768; x_wconf 83' lang='grc' dir='ltr'>πέτρᾳ</span> <span class='ocrx_word' id='word_1_457' title='bbox 1360 741 1394 768; x_wconf 89' lang='grc' dir='ltr'><strong>με</strong></span> <span class='ocrx_word' id='word_1_458' title='bbox 1417 734 1451 768; x_wconf 81' lang='grc' dir='ltr'><strong>τῇ</strong></span> <span class='ocrx_word' id='word_1_459' title='bbox 1474 732 1522 758; x_wconf 80' lang='grc' dir='ltr'>τοῦ</span> <span class='ocrx_word' id='word_1_460' title='bbox 1540 732 1608 759; x_wconf 82' lang='grc' dir='ltr'>Θεοῦ</span> <span class='ocrx_word' id='word_1_461' title='bbox 1636 732 1808 768; x_wconf 82' lang='grc' dir='ltr'>θελημάτων·</span> <span class='ocrx_word' id='word_1_462' title='bbox 1836 733 1886 767; x_wconf 81' lang='grc' dir='ltr'>τὴν</span> 
     </span>
    </p>
   </div>
   <div class='ocr_carea' id='block_1_74' title="bbox 1097 777 1746 814">
    <p class='ocr_par' dir='ltr' id='par_1_74' title="bbox 1097 777 1746 814">
     <span class='ocr_line' id='line_1_74' title="bbox 1097 777 1746 814; baseline 0.002 -10"><span class='ocrx_word' id='word_1_463' title='bbox 1097 778 1189 814; x_wconf 74' lang='grc' dir='ltr'>ψυχήν</span> <span class='ocrx_word' id='word_1_464' title='bbox 1205 787 1256 814; x_wconf 88' lang='grc' dir='ltr'><strong>μου</strong></span> <span class='ocrx_word' id='word_1_465' title='bbox 1268 779 1397 812; x_wconf 82' lang='grc' dir='ltr'>φώτισον,</span> <span class='ocrx_word' id='word_1_466' title='bbox 1414 778 1486 813; x_wconf 81' lang='grc' dir='ltr'>πύλη</span> <span class='ocrx_word' id='word_1_467' title='bbox 1499 777 1546 805; x_wconf 83' lang='grc' dir='ltr'>τοῦ</span> <span class='ocrx_word' id='word_1_468' title='bbox 1560 778 1633 805; x_wconf 83' lang='grc' dir='ltr'>θείου</span> <span class='ocrx_word' id='word_1_469' title='bbox 1647 778 1746 812; x_wconf 77' lang='grc' dir='ltr'>φωτός.</span> 
     </span>
    </p>
   </div>
   <div class='ocr_carea' id='block_1_75' title="bbox 1133 822 1885 858">
    <p class='ocr_par' dir='ltr' id='par_1_75' title="bbox 1133 822 1885 858">
     <span class='ocr_line' id='line_1_75' title="bbox 1133 822 1885 858; baseline 0 -10"><span class='ocrx_word' id='word_1_470' title='bbox 1133 822 1221 857; x_wconf 82' lang='grc' dir='ltr'><strong>Νόμοι</strong></span> <span class='ocrx_word' id='word_1_471' title='bbox 1235 822 1265 848; x_wconf 75' lang='grc' dir='ltr'><strong>ἐν</strong></span> <span class='ocrx_word' id='word_1_472' title='bbox 1278 822 1320 848; x_wconf 78' lang='grc' dir='ltr'>σοὶ</span> <span class='ocrx_word' id='word_1_473' title='bbox 1334 822 1443 856; x_wconf 84' lang='grc' dir='ltr'>φύσεως</span> <span class='ocrx_word' id='word_1_474' title='bbox 1458 822 1718 857; x_wconf 82' lang='grc' dir='ltr'>κεκαινοτόμηνται·</span> <span class='ocrx_word' id='word_1_475' title='bbox 1736 822 1885 858; x_wconf 85' lang='grc' dir='ltr'>νομοδότην</span> 
     </span>
    </p>
   </div>
   <div class='ocr_carea' id='block_1_76' title="bbox 1098 867 1886 904">
    <p class='ocr_par' dir='ltr' id='par_1_76' title="bbox 1098 867 1886 904">
     <span class='ocr_line' id='line_1_76' title="bbox 1098 867 1886 904; baseline -0.001 -9"><span class='ocrx_word' id='word_1_476' title='bbox 1098 868 1186 902; x_wconf 84' lang='grc' dir='ltr'><strong>Λόγον</strong></span> <span class='ocrx_word' id='word_1_477' title='bbox 1201 867 1256 903; x_wconf 82' lang='grc' dir='ltr'><strong>γὰρ</strong></span> <span class='ocrx_word' id='word_1_478' title='bbox 1269 868 1419 904; x_wconf 70' lang='grc' dir='ltr'>ἐγέννησας</span> <span class='ocrx_word' id='word_1_479' title='bbox 1433 868 1503 904; x_wconf 70' lang='grc' dir='ltr'>ὑπὲρ</span> <span class='ocrx_word' id='word_1_480' title='bbox 1514 868 1603 895; x_wconf 81' lang='grc' dir='ltr'><strong>αἰτίαν</strong></span> <span class='ocrx_word' id='word_1_481' title='bbox 1620 868 1659 899; x_wconf 84' lang='grc' dir='ltr'>ὡς</span> <span class='ocrx_word' id='word_1_482' title='bbox 1678 867 1796 902; x_wconf 82' lang='grc' dir='ltr'>ἀληθῶς,</span> <span class='ocrx_word' id='word_1_483' title='bbox 1815 868 1886 894; x_wconf 83' lang='grc' dir='ltr'>πάν-</span> 
     </span>
    </p>
   </div>
   <div class='ocr_carea' id='block_1_77' title="bbox 1098 913 1885 950">
    <p class='ocr_par' dir='ltr' id='par_1_77' title="bbox 1098 913 1885 950">
     <span class='ocr_line' id='line_1_77' title="bbox 1098 913 1885 950; baseline -0.001 -9"><span class='ocrx_word' id='word_1_484' title='bbox 1098 921 1177 947; x_wconf 61' lang='lat' dir='ltr'><strong>arva,</strong></span> <span class='ocrx_word' id='word_1_485' title='bbox 1195 913 1243 940; x_wconf 76' lang='grc' dir='ltr'>καὶ</span> <span class='ocrx_word' id='word_1_486' title='bbox 1270 913 1360 948; x_wconf 81' lang='grc' dir='ltr'>λόγον,</span> <span class='ocrx_word' id='word_1_487' title='bbox 1382 914 1432 950; x_wconf 83' lang='grc' dir='ltr'>τῆς</span> <span class='ocrx_word' id='word_1_488' title='bbox 1450 914 1562 948; x_wconf 76' lang='grc' dir='ltr'>ἀλογίας</span> <span class='ocrx_word' id='word_1_489' title='bbox 1584 913 1737 949; x_wconf 79' lang='grc' dir='ltr'><strong>ῥυσάμενον</strong></span> <span class='ocrx_word' id='word_1_490' title='bbox 1760 914 1791 940; x_wconf 83' lang='grc' dir='ltr'><strong>τὸ</strong></span> <span class='ocrx_word' id='word_1_491' title='bbox 1807 913 1885 948; x_wconf 81' lang='grc' dir='ltr'>γένος</span> 
     </span>
    </p>
   </div>
   <div class='ocr_carea' id='block_1_78' title="bbox 1097 958 1885 995">
    <p class='ocr_par' dir='ltr' id='par_1_78' title="bbox 1097 958 1885 995">
     <span class='ocr_line' id='line_1_78' title="bbox 1097 958 1885 995; baseline 0.001 -10"><span class='ocrx_word' id='word_1_492' title='bbox 1097 958 1152 986; x_wconf 86' lang='grc' dir='ltr'><strong>τῶν</strong></span> <span class='ocrx_word' id='word_1_493' title='bbox 1167 959 1330 994; x_wconf 78' lang='grc' dir='ltr'>ἀνθρώπων,</span> <span class='ocrx_word' id='word_1_494' title='bbox 1343 959 1397 987; x_wconf 89' lang='grc' dir='ltr'><strong>τῶν</strong></span> <span class='ocrx_word' id='word_1_495' title='bbox 1411 959 1516 991; x_wconf 82' lang='grc' dir='ltr'><strong>πιστῶς</strong></span> <span class='ocrx_word' id='word_1_496' title='bbox 1530 959 1736 995; x_wconf 79' lang='grc' dir='ltr'><strong>μελῳδούντων·</strong></span> <span class='ocrx_word' id='word_1_497' title='bbox 1749 960 1789 995; x_wconf 81' lang='grc' dir='ltr'><strong>Τῇ</strong></span> <span class='ocrx_word' id='word_1_498' title='bbox 1805 959 1885 986; x_wconf 82' lang='grc' dir='ltr'>δυνά-</span> 
     </span>
    </p>
   </div>
   <div class='ocr_carea' id='block_1_79' title="bbox 1099 1005 1490 1041">
    <p class='ocr_par' dir='ltr' id='par_1_79' title="bbox 1099 1005 1490 1041">
     <span class='ocr_line' id='line_1_79' title="bbox 1099 1005 1490 1041; baseline 0.005 -11"><span class='ocrx_word' id='word_1_499' title='bbox 1099 1013 1144 1040; x_wconf 79' lang='grc' dir='ltr'><strong>μει</strong></span> <span class='ocrx_word' id='word_1_500' title='bbox 1161 1013 1208 1031; x_wconf 87' lang='grc' dir='ltr'><strong>σου</strong></span> <span class='ocrx_word' id='word_1_501' title='bbox 1221 1005 1297 1038; x_wconf 79' lang='grc' dir='ltr'>δόξα,</span> <span class='ocrx_word' id='word_1_502' title='bbox 1314 1005 1490 1041; x_wconf 82' lang='grc' dir='ltr'>φιλάνθρωπε</span> 
     </span>
    </p>
   </div>
   <div class='ocr_carea' id='block_1_80' title="bbox 1133 1049 1886 1088">
    <p class='ocr_par' dir='ltr' id='par_1_80' title="bbox 1133 1049 1886 1088">
     <span class='ocr_line' id='line_1_80' title="bbox 1133 1049 1886 1088; baseline 0.003 -12"><span class='ocrx_word' id='word_1_503' title='bbox 1133 1050 1186 1077; x_wconf 89' lang='grc' dir='ltr'>Τὸν</span> <span class='ocrx_word' id='word_1_504' title='bbox 1198 1051 1342 1086; x_wconf 73' lang='grc' dir='ltr'>Δεσπότην</span> <span class='ocrx_word' id='word_1_505' title='bbox 1357 1051 1476 1078; x_wconf 82' lang='grc' dir='ltr'>τεκοῦσα</span> <span class='ocrx_word' id='word_1_506' title='bbox 1493 1052 1589 1088; x_wconf 79' lang='grc' dir='ltr'>ὤφθης</span> <span class='ocrx_word' id='word_1_507' title='bbox 1603 1051 1741 1087; x_wconf 73' lang='grc' dir='ltr'>ὑπερτύρα</span> <span class='ocrx_word' id='word_1_508' title='bbox 1758 1049 1812 1077; x_wconf 85' lang='grc' dir='ltr'><strong>τῶν</strong></span> <span class='ocrx_word' id='word_1_509' title='bbox 1828 1050 1886 1078; x_wconf 70' lang='grc' dir='ltr'>ἂνω</span> 
     </span>
    </p>
   </div>
   <div class='ocr_carea' id='block_1_81' title="bbox 1096 1095 1884 1134">
    <p class='ocr_par' dir='ltr' id='par_1_81' title="bbox 1096 1095 1884 1134">
     <span class='ocr_line' id='line_1_81' title="bbox 1096 1095 1884 1134; baseline -0.001 -11"><span class='ocrx_word' id='word_1_510' title='bbox 1096 1095 1254 1131; x_wconf 78' lang='grc' dir='ltr'><strong>δυνάμεων,</strong></span> <span class='ocrx_word' id='word_1_511' title='bbox 1264 1097 1312 1124; x_wconf 78' lang='grc' dir='ltr'>καὶ</span> <span class='ocrx_word' id='word_1_512' title='bbox 1327 1097 1431 1133; x_wconf 82' lang='grc' dir='ltr'><strong>βροτῶν</strong></span> <span class='ocrx_word' id='word_1_513' title='bbox 1446 1098 1496 1134; x_wconf 81' lang='grc' dir='ltr'>τὴν</span> <span class='ocrx_word' id='word_1_514' title='bbox 1509 1098 1590 1133; x_wconf 81' lang='grc' dir='ltr'>φύσιν</span> <span class='ocrx_word' id='word_1_515' title='bbox 1603 1097 1799 1132; x_wconf 78' lang='grc' dir='ltr'>ἐθεούργησας,</span> <span class='ocrx_word' id='word_1_516' title='bbox 1815 1095 1884 1131; x_wconf 85' lang='grc' dir='ltr'>μόνη</span> 
     </span>
    </p>
   </div>
   <div class='ocr_carea' id='block_1_82' title="bbox 1097 1141 1884 1178">
    <p class='ocr_par' dir='ltr' id='par_1_82' title="bbox 1097 1141 1884 1178">
     <span class='ocr_line' id='line_1_82' title="bbox 1097 1141 1884 1178; baseline -0.001 -10"><span class='ocrx_word' id='word_1_517' title='bbox 1097 1141 1275 1177; x_wconf 78' lang='grc' dir='ltr'>πανύμνητε’</span> <span class='ocrx_word' id='word_1_518' title='bbox 1301 1143 1434 1170; x_wconf 88' lang='grc' dir='ltr'>Θεοτόκον</span> <span class='ocrx_word' id='word_1_519' title='bbox 1469 1143 1532 1170; x_wconf 78' lang='grc' dir='ltr'>ὅθεν</span> <span class='ocrx_word' id='word_1_520' title='bbox 1559 1143 1710 1178; x_wconf 85' lang='grc' dir='ltr'>παναληθεῖ</span> <span class='ocrx_word' id='word_1_521' title='bbox 1735 1142 1808 1177; x_wconf 76' lang='grc' dir='ltr'>ψυχῇ</span> <span class='ocrx_word' id='word_1_522' title='bbox 1837 1142 1884 1168; x_wconf 68' lang='grc' dir='ltr'>καὶ</span> 
     </span>
    </p>
   </div>
   <div class='ocr_carea' id='block_1_83' title="bbox 1096 1187 1733 1225">
    <p class='ocr_par' dir='ltr' id='par_1_83' title="bbox 1096 1187 1733 1225">
     <span class='ocr_line' id='line_1_83' title="bbox 1096 1187 1733 1225; baseline -0.002 -10"><span class='ocrx_word' id='word_1_523' title='bbox 1096 1187 1208 1224; x_wconf 78' lang='grc' dir='ltr'><strong>γλώσσῃ</strong></span> <span class='ocrx_word' id='word_1_524' title='bbox 1222 1188 1247 1215; x_wconf 73' lang='grc' dir='ltr'><strong>οἱ</strong></span> <span class='ocrx_word' id='word_1_525' title='bbox 1258 1189 1349 1216; x_wconf 87' lang='grc' dir='ltr'>πιστοί</span> <span class='ocrx_word' id='word_1_526' title='bbox 1366 1197 1408 1222; x_wconf 75' lang='grc' dir='ltr'><strong>σε,</strong></span> <span class='ocrx_word' id='word_1_527' title='bbox 1426 1189 1559 1225; x_wconf 73' lang='grc' dir='ltr'>Παρθένε,</span> <span class='ocrx_word' id='word_1_528' title='bbox 1574 1189 1733 1224; x_wconf 78' lang='grc' dir='ltr'>δοξάζομεν.</span> 
     </span>
    </p>
   </div>
   <div class='ocr_carea' id='block_1_84' title="bbox 1130 1279 1883 1316">
    <p class='ocr_par' dir='ltr' id='par_1_84' title="bbox 1130 1279 1883 1316">
     <span class='ocr_line' id='line_1_84' title="bbox 1130 1279 1883 1316; baseline 0.001 -10"><span class='ocrx_word' id='word_1_529' title='bbox 1130 1280 1164 1306; x_wconf 83' lang='grc' dir='ltr'><strong>Σὲ</strong></span> <span class='ocrx_word' id='word_1_530' title='bbox 1185 1279 1354 1314; x_wconf 75' lang='grc' dir='ltr'>προστασίαν</span> <span class='ocrx_word' id='word_1_531' title='bbox 1369 1279 1462 1307; x_wconf 80' lang='grc' dir='ltr'>πιστοὶ</span> <span class='ocrx_word' id='word_1_532' title='bbox 1476 1280 1523 1308; x_wconf 76' lang='grc' dir='ltr'><strong>καὶ</strong></span> <span class='ocrx_word' id='word_1_533' title='bbox 1549 1280 1639 1315; x_wconf 78' lang='grc' dir='ltr'>τεῖχος</span> <span class='ocrx_word' id='word_1_534' title='bbox 1659 1279 1760 1312; x_wconf 76' lang='grc' dir='ltr'>πάντες</span> <span class='ocrx_word' id='word_1_535' title='bbox 1784 1281 1883 1316; x_wconf 72' lang='grc' dir='ltr'>κεκτή-</span> 
     </span>
    </p>
   </div>
   <div class='ocr_carea' id='block_1_85' title="bbox 1096 1325 1882 1362">
    <p class='ocr_par' dir='ltr' id='par_1_85' title="bbox 1096 1325 1882 1362">
     <span class='ocr_line' id='line_1_85' title="bbox 1096 1325 1882 1362; baseline 0.003 -11"><span class='ocrx_word' id='word_1_536' title='bbox 1096 1325 1177 1360; x_wconf 88' lang='grc' dir='ltr'>μεθα,</span> <span class='ocrx_word' id='word_1_537' title='bbox 1195 1327 1220 1352; x_wconf 84' lang='grc' dir='ltr'><strong>οἱ</strong></span> <span class='ocrx_word' id='word_1_538' title='bbox 1235 1325 1265 1353; x_wconf 84' lang='grc' dir='ltr'>ὲν</span> <span class='ocrx_word' id='word_1_539' title='bbox 1278 1325 1354 1361; x_wconf 83' lang='grc' dir='ltr'><strong>βυθῷ</strong></span> <span class='ocrx_word' id='word_1_540' title='bbox 1372 1325 1426 1352; x_wconf 85' lang='grc' dir='ltr'><strong>τῶν</strong></span> <span class='ocrx_word' id='word_1_541' title='bbox 1441 1325 1535 1353; x_wconf 82' lang='grc' dir='ltr'><strong>κακῶν</strong></span> <span class='ocrx_word' id='word_1_542' title='bbox 1547 1326 1595 1353; x_wconf 76' lang='grc' dir='ltr'>καὶ</span> <span class='ocrx_word' id='word_1_543' title='bbox 1610 1325 1683 1362; x_wconf 83' lang='grc' dir='ltr'><strong>σάλῳ</strong></span> <span class='ocrx_word' id='word_1_544' title='bbox 1693 1326 1748 1352; x_wconf 88' lang='grc' dir='ltr'><strong>τῶν</strong></span> <span class='ocrx_word' id='word_1_545' title='bbox 1766 1326 1882 1361; x_wconf 77' lang='grc' dir='ltr'><strong>θλίψεων</strong></span> 
     </span>
    </p>
   </div>
   <div class='ocr_carea' id='block_1_86' title="bbox 1094 1369 1882 1407">
    <p class='ocr_par' dir='ltr' id='par_1_86' title="bbox 1094 1369 1882 1407">
     <span class='ocr_line' id='line_1_86' title="bbox 1094 1369 1882 1407; baseline 0.001 -11"><span class='ocrx_word' id='word_1_546' title='bbox 1094 1369 1139 1396; x_wconf 74' lang='grc' dir='ltr'><strong>ἀεὶ</strong></span> <span class='ocrx_word' id='word_1_547' title='bbox 1162 1369 1374 1402; x_wconf 80' lang='grc' dir='ltr'><strong>κινδυνεύοντες,</strong></span> <span class='ocrx_word' id='word_1_548' title='bbox 1392 1369 1509 1397; x_wconf 79' lang='grc' dir='ltr'>Θεοτόκε</span> <span class='ocrx_word' id='word_1_549' title='bbox 1537 1371 1617 1407; x_wconf 58' lang='grc' dir='ltr'><strong>μόνδ</strong></span> <span class='ocrx_word' id='word_1_550' title='bbox 1642 1371 1697 1397; x_wconf 87' lang='grc' dir='ltr'><strong>τῶν</strong></span> <span class='ocrx_word' id='word_1_551' title='bbox 1722 1371 1828 1406; x_wconf 81' lang='grc' dir='ltr'>βροτῶν</span> <span class='ocrx_word' id='word_1_552' title='bbox 1851 1371 1882 1397; x_wconf 82' lang='grc' dir='ltr'><strong>τὸ</strong></span> 
     </span>
    </p>
   </div>
   <div class='ocr_carea' id='block_1_87' title="bbox 1094 1415 1273 1450">
    <p class='ocr_par' dir='ltr' id='par_1_87' title="bbox 1094 1415 1273 1450">
     <span class='ocr_line' id='line_1_87' title="bbox 1094 1415 1273 1450; baseline 0.011 -8"><span class='ocrx_word' id='word_1_553' title='bbox 1094 1415 1273 1450; x_wconf 77' lang='grc' dir='ltr'>καταφύγιον.</span> 
     </span>
    </p>
   </div>
   <div class='ocr_carea' id='block_1_88' title="bbox 1130 1461 1882 1499">
    <p class='ocr_par' dir='ltr' id='par_1_88' title="bbox 1130 1461 1882 1499">
     <span class='ocr_line' id='line_1_88' title="bbox 1130 1461 1882 1499; baseline 0.001 -12"><span class='ocrx_word' id='word_1_554' title='bbox 1130 1461 1214 1493; x_wconf 86' lang='grc' dir='ltr'>Ἰλεος</span> <span class='ocrx_word' id='word_1_555' title='bbox 1230 1461 1275 1488; x_wconf 72' lang='grc' dir='ltr'>ἔσο</span> <span class='ocrx_word' id='word_1_556' title='bbox 1287 1471 1344 1498; x_wconf 84' lang='grc' dir='ltr'>μοι,</span> <span class='ocrx_word' id='word_1_557' title='bbox 1361 1462 1493 1498; x_wconf 69' lang='grc' dir='ltr'>Παρθενί,</span> <span class='ocrx_word' id='word_1_558' title='bbox 1510 1463 1556 1490; x_wconf 78' lang='grc' dir='ltr'>καὶ</span> <span class='ocrx_word' id='word_1_559' title='bbox 1567 1463 1706 1499; x_wconf 73' lang='grc' dir='ltr'><strong>πληγέντα</strong></span> <span class='ocrx_word' id='word_1_560' title='bbox 1715 1472 1750 1498; x_wconf 72' lang='grc' dir='ltr'><strong>με</strong></span> <span class='ocrx_word' id='word_1_561' title='bbox 1759 1462 1882 1498; x_wconf 68' lang='grc' dir='ltr'>ῥομφαίᾳ</span> 
     </span>
    </p>
   </div>
   <div class='ocr_carea' id='block_1_89' title="bbox 1093 1507 1882 1545">
    <p class='ocr_par' dir='ltr' id='par_1_89' title="bbox 1093 1507 1882 1545">
     <span class='ocr_line' id='line_1_89' title="bbox 1093 1507 1882 1545; baseline -0.001 -10"><span class='ocrx_word' id='word_1_562' title='bbox 1093 1507 1231 1543; x_wconf 84' lang='grc' dir='ltr'>ἁμαρτίας</span> <span class='ocrx_word' id='word_1_563' title='bbox 1255 1510 1284 1535; x_wconf 75' lang='grc' dir='ltr'><strong>ἐν</strong></span> <span class='ocrx_word' id='word_1_564' title='bbox 1306 1509 1450 1544; x_wconf 80' lang='grc' dir='ltr'>μωττὼσει</span> <span class='ocrx_word' id='word_1_565' title='bbox 1478 1509 1529 1544; x_wconf 86' lang='grc' dir='ltr'>τῆς</span> <span class='ocrx_word' id='word_1_566' title='bbox 1553 1509 1601 1544; x_wconf 83' lang='grc' dir='ltr'>σῆς</span> <span class='ocrx_word' id='word_1_567' title='bbox 1626 1509 1796 1545; x_wconf 83' lang='grc' dir='ltr'>θεράπευσον</span> <span class='ocrx_word' id='word_1_568' title='bbox 1813 1516 1882 1543; x_wconf 87' lang='grc' dir='ltr'>πρε-</span> 
     </span>
    </p>
   </div>
   <div class='ocr_carea' id='block_1_90' title="bbox 1055 1553 1881 1593">
    <p class='ocr_par' dir='ltr' id='par_1_90' title="bbox 1055 1553 1881 1593">
     <span class='ocr_line' id='line_1_90' title="bbox 1055 1553 1881 1593; baseline 0.001 -13"><span class='ocrx_word' id='word_1_569' title='bbox 1055 1561 1078 1593; x_wconf 80' lang='lat' dir='ltr'><strong>c</strong></span> <span class='ocrx_word' id='word_1_570' title='bbox 1096 1553 1191 1586; x_wconf 78' lang='grc' dir='ltr'>σὸείας</span> <span class='ocrx_word' id='word_1_571' title='bbox 1209 1554 1364 1590; x_wconf 79' lang='grc' dir='ltr'>κράζοντα·</span> <span class='ocrx_word' id='word_1_572' title='bbox 1379 1554 1569 1590; x_wconf 81' lang='grc' dir='ltr'><strong>Εὐλογημένος</strong></span> <span class='ocrx_word' id='word_1_573' title='bbox 1593 1555 1607 1582; x_wconf 85' lang='grc' dir='ltr'><strong>ὀ</strong></span> <span class='ocrx_word' id='word_1_574' title='bbox 1628 1554 1734 1589; x_wconf 80' lang='grc' dir='ltr'>καρπὸς</span> <span class='ocrx_word' id='word_1_575' title='bbox 1756 1554 1805 1589; x_wconf 87' lang='grc' dir='ltr'>τῆς</span> <span class='ocrx_word' id='word_1_576' title='bbox 1830 1554 1881 1588; x_wconf 80' lang='grc' dir='ltr'>σῆς</span> 
     </span>
    </p>
   </div>
   <div class='ocr_carea' id='block_1_91' title="bbox 1096 1600 1211 1632">
    <p class='ocr_par' dir='ltr' id='par_1_91' title="bbox 1096 1600 1211 1632">
     <span class='ocr_line' id='line_1_91' title="bbox 1096 1600 1211 1632; baseline 0.009 -5"><span class='ocrx_word' id='word_1_577' title='bbox 1096 1600 1211 1632; x_wconf 81' lang='grc' dir='ltr'>κοιλίας.</span> 
     </span>
    </p>
   </div>
   <div class='ocr_carea' id='block_1_92' title="bbox 1131 1645 1880 1682">
    <p class='ocr_par' dir='ltr' id='par_1_92' title="bbox 1131 1645 1880 1682">
     <span class='ocr_line' id='line_1_92' title="bbox 1131 1645 1880 1682; baseline -0.004 -8"><span class='ocrx_word' id='word_1_578' title='bbox 1131 1646 1315 1678; x_wconf 79' lang='grc' dir='ltr'>ΟίΘεοτὸκον,</span> <span class='ocrx_word' id='word_1_579' title='bbox 1333 1646 1468 1673; x_wconf 76' lang='grc' dir='ltr'>Δέσποινα</span> <span class='ocrx_word' id='word_1_580' title='bbox 1495 1646 1628 1681; x_wconf 83' lang='grc' dir='ltr'>παναγία,</span> <span class='ocrx_word' id='word_1_581' title='bbox 1651 1645 1813 1682; x_wconf 67' lang='grc' dir='ltr'>φρονοῦντες</span> <span class='ocrx_word' id='word_1_582' title='bbox 1839 1654 1880 1678; x_wconf 80' lang='grc' dir='ltr'><strong>σε,</strong></span> 
     </span>
    </p>
   </div>
   <div class='ocr_carea' id='block_1_93' title="bbox 1098 1691 1880 1728">
    <p class='ocr_par' dir='ltr' id='par_1_93' title="bbox 1098 1691 1880 1728">
     <span class='ocr_line' id='line_1_93' title="bbox 1098 1691 1880 1728; baseline 0 -10"><span class='ocrx_word' id='word_1_583' title='bbox 1098 1692 1219 1727; x_wconf 79' lang='grc' dir='ltr'>ῥήμασιν</span> <span class='ocrx_word' id='word_1_584' title='bbox 1235 1692 1366 1728; x_wconf 78' lang='grc' dir='ltr'>ἑπόμενοι</span> <span class='ocrx_word' id='word_1_585' title='bbox 1382 1693 1439 1723; x_wconf 77' lang='grc' dir='ltr'>τοϊς</span> <span class='ocrx_word' id='word_1_586' title='bbox 1454 1693 1520 1724; x_wconf 86' lang='grc' dir='ltr'>σοῖς,</span> <span class='ocrx_word' id='word_1_587' title='bbox 1535 1691 1696 1727; x_wconf 74' lang='grc' dir='ltr'>πανύμνητε</span> <span class='ocrx_word' id='word_1_588' title='bbox 1714 1691 1810 1726; x_wconf 85' lang='grc' dir='ltr'>σεμνὴ,</span> <span class='ocrx_word' id='word_1_589' title='bbox 1826 1700 1880 1726; x_wconf 80' lang='grc' dir='ltr'>μα-</span> 
     </span>
    </p>
   </div>
   <div class='ocr_carea' id='block_1_94' title="bbox 1094 1735 1883 1772">
    <p class='ocr_par' dir='ltr' id='par_1_94' title="bbox 1094 1735 1883 1772">
     <span class='ocr_line' id='line_1_94' title="bbox 1094 1735 1883 1772; baseline -0.001 -9"><span class='ocrx_word' id='word_1_590' title='bbox 1094 1737 1254 1772; x_wconf 74' lang='grc' dir='ltr'>καρίζομεν,</span> <span class='ocrx_word' id='word_1_591' title='bbox 1271 1737 1314 1763; x_wconf 85' lang='grc' dir='ltr'>ὃτι</span> <span class='ocrx_word' id='word_1_592' title='bbox 1341 1736 1407 1763; x_wconf 89' lang='grc' dir='ltr'>Θεὸν</span> <span class='ocrx_word' id='word_1_593' title='bbox 1425 1737 1560 1772; x_wconf 86' lang='grc' dir='ltr'>μακάριον</span> <span class='ocrx_word' id='word_1_594' title='bbox 1587 1736 1680 1768; x_wconf 74' lang='grc' dir='ltr'>ἔτεκες</span> <span class='ocrx_word' id='word_1_595' title='bbox 1703 1737 1781 1772; x_wconf 74' lang='grc' dir='ltr'>ἡμῖν,</span> <span class='ocrx_word' id='word_1_596' title='bbox 1803 1735 1834 1763; x_wconf 78' lang='grc' dir='ltr'><strong>ὸν</strong></span> <span class='ocrx_word' id='word_1_597' title='bbox 1851 1737 1883 1762; x_wconf 82' lang='grc' dir='ltr'><strong>ἐν</strong></span> 
     </span>
    </p>
   </div>
   <div class='ocr_carea' id='block_1_95' title="bbox 1094 1780 1879 1817">
    <p class='ocr_par' dir='ltr' id='par_1_95' title="bbox 1094 1780 1879 1817">
     <span class='ocr_line' id='line_1_95' title="bbox 1094 1780 1879 1817; baseline 0 -10"><span class='ocrx_word' id='word_1_598' title='bbox 1094 1781 1155 1808; x_wconf 72' lang='grc' dir='ltr'>δυσὶ</span> <span class='ocrx_word' id='word_1_599' title='bbox 1185 1781 1245 1813; x_wconf 82' lang='grc' dir='ltr'>ταῖς</span> <span class='ocrx_word' id='word_1_600' title='bbox 1261 1781 1380 1814; x_wconf 82' lang='grc' dir='ltr'>οὐσίαις,</span> <span class='ocrx_word' id='word_1_601' title='bbox 1408 1782 1457 1817; x_wconf 84' lang='grc' dir='ltr'><strong>μιᾷ</strong></span> <span class='ocrx_word' id='word_1_602' title='bbox 1478 1781 1506 1808; x_wconf 83' lang='grc' dir='ltr'>δὲ</span> <span class='ocrx_word' id='word_1_603' title='bbox 1522 1781 1671 1809; x_wconf 77' lang='grc' dir='ltr'>ὑποστάσει</span> <span class='ocrx_word' id='word_1_604' title='bbox 1697 1780 1879 1816; x_wconf 78' lang='grc' dir='ltr'>ἀνυμνοῦντες</span> 
     </span>
    </p>
   </div>
   <div class='ocr_carea' id='block_1_96' title="bbox 1095 1826 1879 1864">
    <p class='ocr_par' dir='ltr' id='par_1_96' title="bbox 1095 1826 1879 1864">
     <span class='ocr_line' id='line_1_96' title="bbox 1095 1826 1879 1864; baseline 0.001 -10"><span class='ocrx_word' id='word_1_605' title='bbox 1095 1827 1210 1862; x_wconf 86' lang='grc' dir='ltr'>βοῶμεν·</span> <span class='ocrx_word' id='word_1_606' title='bbox 1225 1827 1256 1853; x_wconf 84' lang='lat' dir='ltr'><strong>Ol</strong></span> <span class='ocrx_word' id='word_1_607' title='bbox 1270 1827 1375 1860; x_wconf 83' lang='grc' dir='ltr'>παῖδες,</span> <span class='ocrx_word' id='word_1_608' title='bbox 1382 1826 1529 1861; x_wconf 78' lang='grc' dir='ltr'>εὐλογεῖτε,</span> <span class='ocrx_word' id='word_1_609' title='bbox 1539 1827 1632 1864; x_wconf 77' lang='grc' dir='ltr'>ἱερεῖς,</span> <span class='ocrx_word' id='word_1_610' title='bbox 1641 1827 1795 1863; x_wconf 80' lang='grc' dir='ltr'>ἁνυμνεῖτε,</span> <span class='ocrx_word' id='word_1_611' title='bbox 1804 1827 1879 1860; x_wconf 74' lang='grc' dir='ltr'>λαὸς,</span> 
     </span>
    </p>
   </div>
   <div class='ocr_carea' id='block_1_97' title="bbox 1094 1871 1644 1908">
    <p class='ocr_par' dir='ltr' id='par_1_97' title="bbox 1094 1871 1644 1908">
     <span class='ocr_line' id='line_1_97' title="bbox 1094 1871 1644 1908; baseline 0 -9"><span class='ocrx_word' id='word_1_612' title='bbox 1094 1871 1268 1908; x_wconf 74' lang='grc' dir='ltr'>ὕπερυψοῦτε</span> <span class='ocrx_word' id='word_1_613' title='bbox 1282 1873 1322 1904; x_wconf 80' lang='grc' dir='ltr'>εἰς</span> <span class='ocrx_word' id='word_1_614' title='bbox 1339 1872 1443 1904; x_wconf 85' lang='grc' dir='ltr'>πάντας</span> <span class='ocrx_word' id='word_1_615' title='bbox 1457 1872 1521 1904; x_wconf 82' lang='grc' dir='ltr'>τοὺς</span> <span class='ocrx_word' id='word_1_616' title='bbox 1531 1872 1644 1904; x_wconf 74' lang='grc' dir='ltr'>αἰῶνας.</span> 
     </span>
    </p>
   </div>
   <div class='ocr_carea' id='block_1_98' title="bbox 1129 1960 1881 1997">
    <p class='ocr_par' dir='ltr' id='par_1_98' title="bbox 1129 1960 1881 1997">
     <span class='ocr_line' id='line_1_98' title="bbox 1129 1960 1881 1997; baseline -0.001 -8"><span class='ocrx_word' id='word_1_617' title='bbox 1129 1961 1223 1989; x_wconf 77' lang='grc' dir='ltr'>Φεῖσαί</span> <span class='ocrx_word' id='word_1_618' title='bbox 1239 1969 1302 1996; x_wconf 87' lang='grc' dir='ltr'>μου,</span> <span class='ocrx_word' id='word_1_619' title='bbox 1324 1960 1414 1996; x_wconf 79' lang='grc' dir='ltr'>Σῶτερ</span> <span class='ocrx_word' id='word_1_620' title='bbox 1429 1961 1443 1988; x_wconf 74' lang='grc' dir='ltr'><strong>ὸ</strong></span> <span class='ocrx_word' id='word_1_621' title='bbox 1456 1960 1562 1996; x_wconf 72' lang='grc' dir='ltr'>τεχθεὶς</span> <span class='ocrx_word' id='word_1_622' title='bbox 1578 1960 1625 1987; x_wconf 85' lang='grc' dir='ltr'>καὶ</span> <span class='ocrx_word' id='word_1_623' title='bbox 1635 1961 1756 1996; x_wconf 81' lang='grc' dir='ltr'>φυλάξας</span> <span class='ocrx_word' id='word_1_624' title='bbox 1766 1961 1815 1997; x_wconf 74' lang='grc' dir='ltr'>τήν</span> <span class='ocrx_word' id='word_1_625' title='bbox 1832 1969 1881 1988; x_wconf 81' lang='grc' dir='ltr'>τε·</span> 
     </span>
    </p>
   </div>
   <div class='ocr_carea' id='block_1_99' title="bbox 1093 1998 1881 2042">
    <p class='ocr_par' dir='ltr' id='par_1_99' title="bbox 1093 1998 1881 2042">
     <span class='ocr_line' id='line_1_99' title="bbox 1093 1998 1881 2042; baseline 0 -9"><span class='ocrx_word' id='word_1_626' title='bbox 1093 2007 1196 2034; x_wconf 80' lang='grc' dir='ltr'>κοῦσάν</span> <span class='ocrx_word' id='word_1_627' title='bbox 1216 2014 1245 2032; x_wconf 86' lang='grc' dir='ltr'><strong>σε</strong></span> <span class='ocrx_word' id='word_1_628' title='bbox 1259 2006 1376 2041; x_wconf 76' lang='grc' dir='ltr'>ἄφθορον</span> <span class='ocrx_word' id='word_1_629' title='bbox 1393 2005 1464 2041; x_wconf 75' lang='grc' dir='ltr'>μετὰ</span> <span class='ocrx_word' id='word_1_630' title='bbox 1477 2005 1526 2041; x_wconf 82' lang='grc' dir='ltr'>τὴν</span> <span class='ocrx_word' id='word_1_631' title='bbox 1545 2007 1653 2041; x_wconf 83' lang='grc' dir='ltr'>κύησιν,</span> <span class='ocrx_word' id='word_1_632' title='bbox 1674 2006 1739 2033; x_wconf 83' lang='grc' dir='ltr'>ὅταν</span> <span class='ocrx_word' id='word_1_633' title='bbox 1750 1998 1881 2042; x_wconf 68' lang='grc' dir='ltr'>’καθίσῃς</span> 
     </span>
    </p>
   </div>
   <div class='ocr_carea' id='block_1_100' title="bbox 1093 2052 1879 2088">
    <p class='ocr_par' dir='ltr' id='par_1_100' title="bbox 1093 2052 1879 2088">
     <span class='ocr_line' id='line_1_100' title="bbox 1093 2052 1879 2088; baseline -0.003 -8"><span class='ocrx_word' id='word_1_634' title='bbox 1093 2054 1186 2088; x_wconf 83' lang='grc' dir='ltr'>κρῖναι</span> <span class='ocrx_word' id='word_1_635' title='bbox 1198 2052 1232 2079; x_wconf 81' lang='grc' dir='ltr'>τὰ</span> <span class='ocrx_word' id='word_1_636' title='bbox 1248 2052 1317 2088; x_wconf 71' lang='grc' dir='ltr'>ἔργα</span> <span class='ocrx_word' id='word_1_637' title='bbox 1341 2060 1404 2087; x_wconf 87' lang='grc' dir='ltr'>μου,</span> <span class='ocrx_word' id='word_1_638' title='bbox 1415 2052 1465 2083; x_wconf 78' lang='grc' dir='ltr'>τὰς</span> <span class='ocrx_word' id='word_1_639' title='bbox 1481 2052 1596 2087; x_wconf 82' lang='grc' dir='ltr'>ἀνομίας</span> <span class='ocrx_word' id='word_1_640' title='bbox 1615 2052 1755 2088; x_wconf 81' lang='grc' dir='ltr'>παρορῶν,</span> <span class='ocrx_word' id='word_1_641' title='bbox 1768 2053 1815 2080; x_wconf 83' lang='grc' dir='ltr'>καὶ</span> <span class='ocrx_word' id='word_1_642' title='bbox 1829 2053 1879 2084; x_wconf 78' lang='grc' dir='ltr'><strong>τὰς</strong></span> 
     </span>
    </p>
   </div>
   <div class='ocr_carea' id='block_1_101' title="bbox 1093 2097 1880 2134">
    <p class='ocr_par' dir='ltr' id='par_1_101' title="bbox 1093 2097 1880 2134">
     <span class='ocr_line' id='line_1_101' title="bbox 1093 2097 1880 2134; baseline 0 -9"><span class='ocrx_word' id='word_1_643' title='bbox 1093 2097 1230 2134; x_wconf 81' lang='grc' dir='ltr'>ἁμαρτίας</span> <span class='ocrx_word' id='word_1_644' title='bbox 1252 2105 1302 2132; x_wconf 85' lang='grc' dir='ltr'><strong>μου</strong></span> <span class='ocrx_word' id='word_1_645' title='bbox 1319 2097 1357 2129; x_wconf 86' lang='grc' dir='ltr'><strong>ὡς</strong></span> <span class='ocrx_word' id='word_1_646' title='bbox 1373 2097 1577 2133; x_wconf 81' lang='grc' dir='ltr'>ἀναμάρτητος,</span> <span class='ocrx_word' id='word_1_647' title='bbox 1603 2098 1727 2133; x_wconf 80' lang='grc' dir='ltr'>ἐλεήμων</span> <span class='ocrx_word' id='word_1_648' title='bbox 1746 2098 1784 2130; x_wconf 83' lang='grc' dir='ltr'>ὡς</span> <span class='ocrx_word' id='word_1_649' title='bbox 1800 2098 1880 2131; x_wconf 74' lang='grc' dir='ltr'>Θεὸς,</span> 
     </span>
    </p>
   </div>
   <div class='ocr_carea' id='block_1_102' title="bbox 1092 2145 1353 2180">
    <p class='ocr_par' dir='ltr' id='par_1_102' title="bbox 1092 2145 1353 2180">
     <span class='ocr_line' id='line_1_102' title="bbox 1092 2145 1353 2180; baseline -0.004 -8"><span class='ocrx_word' id='word_1_650' title='bbox 1092 2145 1139 2172; x_wconf 77' lang='grc' dir='ltr'>καὶ</span> <span class='ocrx_word' id='word_1_651' title='bbox 1154 2145 1353 2180; x_wconf 84' lang='grc' dir='ltr'>φιλάνθρωπος.</span> 
     </span>
    </p>
   </div>
   <div class='ocr_carea' id='block_1_103' title="bbox 1054 2226 1878 2274">
    <p class='ocr_par' dir='ltr' id='par_1_103' title="bbox 1054 2226 1878 2274">
     <span class='ocr_line' id='line_1_103' title="bbox 1054 2226 1878 2274; baseline -0.004 -6"><span class='ocrx_word' id='word_1_652' title='bbox 1054 2226 1079 2257; x_wconf 77' lang='lat' dir='ltr'><strong>D</strong></span> <span class='ocrx_word' id='word_1_653' title='bbox 1099 2240 1150 2268; x_wconf 80' lang='grc' dir='ltr'><strong>Ἐκ</strong></span> <span class='ocrx_word' id='word_1_654' title='bbox 1167 2240 1220 2267; x_wconf 78' lang='grc' dir='ltr'>τοῦ</span> <span class='ocrx_word' id='word_1_655' title='bbox 1233 2240 1364 2273; x_wconf 75' lang='grc' dir='ltr'>κανόνος</span> <span class='ocrx_word' id='word_1_656' title='bbox 1385 2240 1430 2272; x_wconf 76' lang='grc' dir='ltr'>εἰς</span> <span class='ocrx_word' id='word_1_657' title='bbox 1444 2239 1502 2274; x_wconf 78' lang='grc' dir='ltr'>τὴν</span> <span class='ocrx_word' id='word_1_658' title='bbox 1516 2239 1668 2274; x_wconf 73' lang='grc' dir='ltr'>Κυριακὴν</span> <span class='ocrx_word' id='word_1_659' title='bbox 1684 2238 1740 2272; x_wconf 81' lang='grc' dir='ltr'>τῆς</span> <span class='ocrx_word' id='word_1_660' title='bbox 1756 2239 1878 2274; x_wconf 78' lang='grc' dir='ltr'>μνήμης</span> 
     </span>
    </p>
   </div>
   <div class='ocr_carea' id='block_1_104' title="bbox 1161 2274 1797 2310">
    <p class='ocr_par' dir='ltr' id='par_1_104' title="bbox 1161 2274 1797 2310">
     <span class='ocr_line' id='line_1_104' title="bbox 1161 2274 1797 2310; baseline -0.003 -8"><span class='ocrx_word' id='word_1_661' title='bbox 1161 2276 1220 2302; x_wconf 85' lang='grc' dir='ltr'><strong>τῶν</strong></span> <span class='ocrx_word' id='word_1_662' title='bbox 1228 2275 1321 2310; x_wconf 76' lang='grc' dir='ltr'>ἁγίων</span> <span class='ocrx_word' id='word_1_663' title='bbox 1333 2276 1530 2309; x_wconf 79' lang='grc' dir='ltr'>προπατόρων</span> <span class='ocrx_word' id='word_1_664' title='bbox 1553 2274 1638 2309; x_wconf 75' lang='grc' dir='ltr'>Ἀδὰμ</span> <span class='ocrx_word' id='word_1_665' title='bbox 1653 2274 1702 2301; x_wconf 75' lang='grc' dir='ltr'>καὶ</span> <span class='ocrx_word' id='word_1_666' title='bbox 1715 2274 1797 2306; x_wconf 81' lang='grc' dir='ltr'>Εὔας</span> 
     </span>
    </p>
   </div>
   <div class='ocr_carea' id='block_1_105' title="bbox 1133 2327 1878 2365">
    <p class='ocr_par' dir='ltr' id='par_1_105' title="bbox 1133 2327 1878 2365">
     <span class='ocr_line' id='line_1_105' title="bbox 1133 2327 1878 2365; baseline -0.003 -9"><span class='ocrx_word' id='word_1_667' title='bbox 1133 2329 1237 2365; x_wconf 79' lang='grc' dir='ltr'>Ῥητῶν</span> <span class='ocrx_word' id='word_1_668' title='bbox 1247 2329 1346 2356; x_wconf 82' lang='grc' dir='ltr'>ἐνθέων</span> <span class='ocrx_word' id='word_1_669' title='bbox 1363 2328 1537 2363; x_wconf 78' lang='grc' dir='ltr'>ἀκούσωμεν,</span> <span class='ocrx_word' id='word_1_670' title='bbox 1554 2327 1678 2362; x_wconf 83' lang='grc' dir='ltr'>βοώντων</span> <span class='ocrx_word' id='word_1_671' title='bbox 1693 2327 1741 2354; x_wconf 85' lang='grc' dir='ltr'>τοῦ</span> <span class='ocrx_word' id='word_1_672' title='bbox 1757 2327 1878 2363; x_wconf 82' lang='grc' dir='ltr'>Χριστοῦ</span> 
     </span>
    </p>
   </div>
   <div class='ocr_carea' id='block_1_106' title="bbox 1088 2371 1878 2410">
    <p class='ocr_par' dir='ltr' id='par_1_106' title="bbox 1088 2371 1878 2410">
     <span class='ocr_line' id='line_1_106' title="bbox 1088 2371 1878 2410; baseline -0.003 -8"><span class='ocrx_word' id='word_1_673' title='bbox 1088 2375 1138 2410; x_wconf 81' lang='grc' dir='ltr'>τὴν</span> <span class='ocrx_word' id='word_1_674' title='bbox 1158 2371 1310 2407; x_wconf 75' lang='grc' dir='ltr'>ἁνάδείξιν⁶</span> <span class='ocrx_word' id='word_1_675' title='bbox 1338 2373 1393 2401; x_wconf 81' lang='grc' dir='ltr'>ίδοὺ</span> <span class='ocrx_word' id='word_1_676' title='bbox 1416 2373 1471 2409; x_wconf 80' lang='grc' dir='ltr'><strong>γὰρ</strong></span> <span class='ocrx_word' id='word_1_677' title='bbox 1498 2373 1624 2408; x_wconf 81' lang='grc' dir='ltr'>σπηλαίῳ</span> <span class='ocrx_word' id='word_1_678' title='bbox 1633 2374 1767 2406; x_wconf 79' lang='grc' dir='ltr'>τίκτεται,</span> <span class='ocrx_word' id='word_1_679' title='bbox 1786 2374 1878 2409; x_wconf 82' lang='grc' dir='ltr'>Κόρης</span> 
     </span>
    </p>
   </div>
   <div class='ocr_carea' id='block_1_107' title="bbox 1090 2417 1878 2456">
    <p class='ocr_par' dir='ltr' id='par_1_107' title="bbox 1090 2417 1878 2456">
     <span class='ocr_line' id='line_1_107' title="bbox 1090 2417 1878 2456; baseline -0.001 -9"><span class='ocrx_word' id='word_1_680' title='bbox 1090 2421 1120 2454; x_wconf 78' lang='grc' dir='ltr'>ἐξ</span> <span class='ocrx_word' id='word_1_681' title='bbox 1134 2421 1336 2456; x_wconf 83' lang='grc' dir='ltr'>ἁπειρογάμου,</span> <span class='ocrx_word' id='word_1_682' title='bbox 1358 2417 1390 2447; x_wconf 71' lang='grc' dir='ltr'><strong>οὗ</strong></span> <span class='ocrx_word' id='word_1_683' title='bbox 1410 2420 1456 2447; x_wconf 94' lang='grc' dir='ltr'><strong>τὸν</strong></span> <span class='ocrx_word' id='word_1_684' title='bbox 1483 2420 1597 2455; x_wconf 76' lang='grc' dir='ltr'>φρικτὸν</span> <span class='ocrx_word' id='word_1_685' title='bbox 1624 2421 1703 2447; x_wconf 84' lang='grc' dir='ltr'>τόκον</span> <span class='ocrx_word' id='word_1_686' title='bbox 1724 2419 1878 2455; x_wconf 80' lang='grc' dir='ltr'>προμηνύει</span> 
     </span>
    </p>
   </div>
   <div class='ocr_carea' id='block_1_108' title="bbox 1089 2466 1634 2503">
    <p class='ocr_par' dir='ltr' id='par_1_108' title="bbox 1089 2466 1634 2503">
     <span class='ocr_line' id='line_1_108' title="bbox 1089 2466 1634 2503; baseline -0.006 -8"><span class='ocrx_word' id='word_1_687' title='bbox 1089 2467 1265 2503; x_wconf 83' lang='grc' dir='ltr'>ἀστρολόγοις</span> <span class='ocrx_word' id='word_1_688' title='bbox 1282 2467 1297 2492; x_wconf 85' lang='grc' dir='ltr'><strong>ὸ</strong></span> <span class='ocrx_word' id='word_1_689' title='bbox 1309 2466 1396 2502; x_wconf 80' lang='grc' dir='ltr'>ἀστὴρ</span> <span class='ocrx_word' id='word_1_690' title='bbox 1411 2466 1634 2500; x_wconf 82' lang='grc' dir='ltr'>ἐπιφαινόμενος.</span> 
     </span>
    </p>
   </div>
   <div class='ocr_carea' id='block_1_109' title="bbox 1124 2512 1879 2549">
    <p class='ocr_par' dir='ltr' id='par_1_109' title="bbox 1124 2512 1879 2549">
     <span class='ocr_line' id='line_1_109' title="bbox 1124 2512 1879 2549; baseline -0.003 -8"><span class='ocrx_word' id='word_1_691' title='bbox 1124 2514 1183 2541; x_wconf 83' lang='grc' dir='ltr'><strong>Νῦν</strong></span> <span class='ocrx_word' id='word_1_692' title='bbox 1196 2515 1213 2549; x_wconf 85' lang='grc' dir='ltr'>ἡ</span> <span class='ocrx_word' id='word_1_693' title='bbox 1228 2513 1376 2549; x_wconf 83' lang='grc' dir='ltr'>προσδοκία</span> <span class='ocrx_word' id='word_1_694' title='bbox 1384 2513 1438 2539; x_wconf 90' lang='grc' dir='ltr'><strong>τῶν</strong></span> <span class='ocrx_word' id='word_1_695' title='bbox 1452 2513 1538 2539; x_wconf 87' lang='grc' dir='ltr'>ἐθνῶν</span> <span class='ocrx_word' id='word_1_696' title='bbox 1549 2513 1581 2539; x_wconf 88' lang='grc' dir='ltr'>ὲκ</span> <span class='ocrx_word' id='word_1_697' title='bbox 1596 2512 1735 2547; x_wconf 84' lang='grc' dir='ltr'>Παρθένου</span> <span class='ocrx_word' id='word_1_698' title='bbox 1747 2513 1879 2548; x_wconf 78' lang='grc' dir='ltr'>προέρχε-</span> 
     </span>
    </p>
   </div>
   <div class='ocr_carea' id='block_1_110' title="bbox 1089 2557 1880 2592">
    <p class='ocr_par' dir='ltr' id='par_1_110' title="bbox 1089 2557 1880 2592">
     <span class='ocr_line' id='line_1_110' title="bbox 1089 2557 1880 2592; baseline -0.003 -7"><span class='ocrx_word' id='word_1_699' title='bbox 1089 2568 1145 2591; x_wconf 84' lang='grc' dir='ltr'>ται,</span> <span class='ocrx_word' id='word_1_700' title='bbox 1164 2559 1212 2585; x_wconf 75' lang='grc' dir='ltr'>καὶ</span> <span class='ocrx_word' id='word_1_701' title='bbox 1224 2558 1349 2592; x_wconf 84' lang='grc' dir='ltr'>Βηθλεὲμ</span> <span class='ocrx_word' id='word_1_702' title='bbox 1362 2558 1412 2592; x_wconf 70' lang='grc' dir='ltr'>τὴν</span> <span class='ocrx_word' id='word_1_703' title='bbox 1425 2557 1623 2592; x_wconf 79' lang='grc' dir='ltr'>κεκλεισμένην</span> <span class='ocrx_word' id='word_1_704' title='bbox 1637 2557 1778 2590; x_wconf 81' lang='grc' dir='ltr'>ὑπανοίγει</span> <span class='ocrx_word' id='word_1_705' title='bbox 1792 2565 1880 2592; x_wconf 58' lang='grc' dir='ltr'>προσς</span> 
     </span>
    </p>
   </div>
   <div class='ocr_carea' id='block_1_111' title="bbox 1090 2603 1879 2641">
    <p class='ocr_par' dir='ltr' id='par_1_111' title="bbox 1090 2603 1879 2641">
     <span class='ocr_line' id='line_1_111' title="bbox 1090 2603 1879 2641; baseline -0.003 -9"><span class='ocrx_word' id='word_1_706' title='bbox 1090 2606 1181 2641; x_wconf 82' lang='grc' dir='ltr'>φόρως</span> <span class='ocrx_word' id='word_1_707' title='bbox 1197 2604 1289 2640; x_wconf 82' lang='grc' dir='ltr'>Ἑδὲμ,</span> <span class='ocrx_word' id='word_1_708' title='bbox 1304 2604 1390 2638; x_wconf 82' lang='grc' dir='ltr'>Λόγον</span> <span class='ocrx_word' id='word_1_709' title='bbox 1399 2603 1611 2639; x_wconf 78' lang='grc' dir='ltr'>σωματούμενον</span> <span class='ocrx_word' id='word_1_710' title='bbox 1619 2603 1821 2639; x_wconf 82' lang='grc' dir='ltr'>είσδεδεγμένη,</span> <span class='ocrx_word' id='word_1_711' title='bbox 1832 2605 1879 2630; x_wconf 79' lang='grc' dir='ltr'>καὶ</span> 
     </span>
    </p>
   </div>
   <div class='ocr_carea' id='block_1_112' title="bbox 1090 2651 1545 2688">
    <p class='ocr_par' dir='ltr' id='par_1_112' title="bbox 1090 2651 1545 2688">
     <span class='ocr_line' id='line_1_112' title="bbox 1090 2651 1545 2688; baseline -0.002 -9"><span class='ocrx_word' id='word_1_712' title='bbox 1090 2653 1177 2688; x_wconf 82' lang='grc' dir='ltr'>φάτνῃ</span> <span class='ocrx_word' id='word_1_713' title='bbox 1192 2651 1275 2687; x_wconf 78' lang='grc' dir='ltr'>σαρκὶ</span> <span class='ocrx_word' id='word_1_714' title='bbox 1290 2651 1545 2686; x_wconf 79' lang='grc' dir='ltr'>ὲπανακλινόμενον.</span> 
     </span>
    </p>
   </div>
   <div class='ocr_carea' id='block_1_113' title="bbox 1125 2695 1878 2732">
    <p class='ocr_par' dir='ltr' id='par_1_113' title="bbox 1125 2695 1878 2732">
     <span class='ocr_line' id='line_1_113' title="bbox 1125 2695 1878 2732; baseline -0.004 -8"><span class='ocrx_word' id='word_1_715' title='bbox 1125 2698 1181 2724; x_wconf 83' lang='grc' dir='ltr'><strong>Νῦν</strong></span> <span class='ocrx_word' id='word_1_716' title='bbox 1197 2698 1213 2732; x_wconf 86' lang='grc' dir='ltr'>ὴ</span> <span class='ocrx_word' id='word_1_717' title='bbox 1228 2696 1418 2732; x_wconf 72' lang='grc' dir='ltr'>ἀπολύτρωσις</span> <span class='ocrx_word' id='word_1_718' title='bbox 1437 2696 1516 2732; x_wconf 79' lang='grc' dir='ltr'>ἡμῶν</span> <span class='ocrx_word' id='word_1_719' title='bbox 1533 2697 1562 2723; x_wconf 87' lang='grc' dir='ltr'><strong>ἐν</strong></span> <span class='ocrx_word' id='word_1_720' title='bbox 1584 2695 1671 2731; x_wconf 73' lang='grc' dir='ltr'>φάτνῃ</span> <span class='ocrx_word' id='word_1_721' title='bbox 1693 2695 1878 2728; x_wconf 76' lang='grc' dir='ltr'>άνακλίνεται,</span> 
     </span>
    </p>
   </div>
   <div class='ocr_carea' id='block_1_114' title="bbox 1090 2741 1880 2779">
    <p class='ocr_par' dir='ltr' id='par_1_114' title="bbox 1090 2741 1880 2779">
     <span class='ocr_line' id='line_1_114' title="bbox 1090 2741 1880 2779; baseline -0.004 -9"><span class='ocrx_word' id='word_1_722' title='bbox 1090 2744 1136 2771; x_wconf 84' lang='grc' dir='ltr'>καὶ</span> <span class='ocrx_word' id='word_1_723' title='bbox 1152 2743 1358 2779; x_wconf 79' lang='grc' dir='ltr'>σπαργανοῦται</span> <span class='ocrx_word' id='word_1_724' title='bbox 1372 2742 1467 2777; x_wconf 77' lang='grc' dir='ltr'>ὥσπερ</span> <span class='ocrx_word' id='word_1_725' title='bbox 1485 2743 1590 2777; x_wconf 82' lang='grc' dir='ltr'>νήπιον,</span> <span class='ocrx_word' id='word_1_726' title='bbox 1614 2742 1662 2768; x_wconf 75' lang='grc' dir='ltr'>καὶ</span> <span class='ocrx_word' id='word_1_727' title='bbox 1676 2742 1766 2775; x_wconf 83' lang='grc' dir='ltr'>Μάγοι</span> <span class='ocrx_word' id='word_1_728' title='bbox 1781 2741 1880 2768; x_wconf 73' lang='grc' dir='ltr'>ἀνατο-</span> 
     </span>
    </p>
   </div>
   <div class='ocr_carea' id='block_1_115' title="bbox 1090 2786 1878 2824">
    <p class='ocr_par' dir='ltr' id='par_1_115' title="bbox 1090 2786 1878 2824">
     <span class='ocr_line' id='line_1_115' title="bbox 1090 2786 1878 2824; baseline -0.004 -9"><span class='ocrx_word' id='word_1_729' title='bbox 1090 2789 1143 2816; x_wconf 87' lang='grc' dir='ltr'><strong>λῶν</strong></span> <span class='ocrx_word' id='word_1_730' title='bbox 1163 2789 1281 2824; x_wconf 82' lang='grc' dir='ltr'>βασιλεῖς</span> <span class='ocrx_word' id='word_1_731' title='bbox 1297 2789 1438 2823; x_wconf 70' lang='grc' dir='ltr'>άφίκοντο,</span> <span class='ocrx_word' id='word_1_732' title='bbox 1450 2787 1546 2816; x_wconf 79' lang='grc' dir='ltr'>τοῦτον</span> <span class='ocrx_word' id='word_1_733' title='bbox 1565 2787 1603 2818; x_wconf 78' lang='grc' dir='ltr'>ὡς</span> <span class='ocrx_word' id='word_1_734' title='bbox 1620 2786 1688 2814; x_wconf 82' lang='grc' dir='ltr'>Θεὸν</span> <span class='ocrx_word' id='word_1_735' title='bbox 1703 2787 1750 2823; x_wconf 57' lang='grc' dir='ltr'><strong>καί</strong></span> <span class='ocrx_word' id='word_1_736' title='bbox 1765 2787 1878 2822; x_wconf 79' lang='grc' dir='ltr'>βασιλέα</span> 
     </span>
    </p>
   </div>
   <div class='ocr_carea' id='block_1_116' title="bbox 1090 2833 1878 2870">
    <p class='ocr_par' dir='ltr' id='par_1_116' title="bbox 1090 2833 1878 2870">
     <span class='ocr_line' id='line_1_116' title="bbox 1090 2833 1878 2870; baseline -0.001 -9"><span class='ocrx_word' id='word_1_737' title='bbox 1090 2835 1218 2870; x_wconf 78' lang='grc' dir='ltr'>τεχθέντα</span> <span class='ocrx_word' id='word_1_738' title='bbox 1243 2835 1289 2861; x_wconf 78' lang='grc' dir='ltr'>ἐπὶ</span> <span class='ocrx_word' id='word_1_739' title='bbox 1315 2834 1364 2870; x_wconf 86' lang='grc' dir='ltr'>τῆς</span> <span class='ocrx_word' id='word_1_740' title='bbox 1397 2835 1448 2870; x_wconf 81' lang='grc' dir='ltr'><strong>τῆς</strong></span> <span class='ocrx_word' id='word_1_741' title='bbox 1473 2833 1582 2870; x_wconf 74' lang='grc' dir='ltr'>βλέψαι,</span> <span class='ocrx_word' id='word_1_742' title='bbox 1612 2833 1800 2869; x_wconf 80' lang='grc' dir='ltr'>προσκυνῆσαι</span> <span class='ocrx_word' id='word_1_743' title='bbox 1829 2835 1878 2860; x_wconf 65' lang='grc' dir='ltr'><strong>σὺν</strong></span> 
     </span>
    </p>
   </div>
   <div class='ocr_carea' id='block_1_117' title="bbox 1090 2880 1318 2917">
    <p class='ocr_par' dir='ltr' id='par_1_117' title="bbox 1090 2880 1318 2917">
     <span class='ocr_line' id='line_1_117' title="bbox 1090 2880 1318 2917; baseline -0.004 -9"><span class='ocrx_word' id='word_1_744' title='bbox 1090 2882 1186 2917; x_wconf 79' lang='grc' dir='ltr'>δώροις</span> <span class='ocrx_word' id='word_1_745' title='bbox 1204 2880 1318 2913; x_wconf 82' lang='grc' dir='ltr'>πιστῶς.</span> 
     </span>
    </p>
   </div>
  </div>
