2069 3159
229 188 300 222 1267

228 293 348 320 animum
374 301 481 327 mcam,
501 300 528 321 et
543 294 648 322 salvqu
675 294 718 322 fac
741 303 795 327 me,
813 303 829 322 ο
851 302 936 329 casta,
953 305 1014 332 qua:

227 339 394 366 Salvatorem
416 338 498 366 Deum
519 348 613 367 verum
632 341 657 367 in
677 345 746 367 terra
764 342 926 376 corporasli.

263 383 359 412 llubus
373 389 399 412 te
409 389 472 412 ante
482 386 686 420 prmtigurabat,
698 394 714 413 o
727 386 801 413 omni
812 386 891 414 laude
906 386 1012 421 dignis-

225 429 305 462 sima,
322 433 349 457 et
361 430 525 462 castissima,
539 430 605 458 dum
619 431 733 458 ardebat
748 437 776 458 et
790 439 844 458 non
867 431 1011 459 combure-

227 474 307 502 luatur
333 483 341 502 :
364 475 465 502 etenim
494 480 521 502 ιιι
552 475 682 503 similiter
709 483 763 503 non
792 484 823 504 es
851 476 1010 509 combusta,

225 520 350 555 quamvis
366 520 438 550 Deus
449 529 483 549 ex
497 526 522 549 te
539 522 696 550 incarnatus
715 522 807 550 fuerit.

259 567 294 595 Ut
319 567 388 595 laetis
414 568 526 596 vocibus
553 568 664 596 laudare
689 569 791 604 possim
814 574 850 602 te,
870 577 887 597 o
909 569 1011 604 puella,

224 613 307 640 libera
325 621 369 640 me
388 613 633 642 intercessionibus
654 615 709 642 tuis
725 623 739 641 a
757 615 904 650 periculis,
925 615 1011 642 tribu-

222 658 381 690 lationibus,
392 663 420 686 et
433 659 526 694 pravis
539 659 761 694 cogitationibus,
779 667 840 694 qua;
853 668 897 687 me
911 667 1010 687 vexare

221 708 366 732 conantur.

257 750 285 778 lu
299 754 336 783 te,
351 751 433 787 Virgo
448 757 522 780 casta
533 772 540 783 ,
557 751 726 780 descendens
742 751 786 779 ille
806 751 1008 786 superdivinus,

221 796 381 825 iurat-natus
400 802 443 824 est
465 805 498 825 co
522 798 605 825 modo
628 805 708 832 quem
738 797 796 832 ipse
815 797 905 830 novit,
927 802 1009 831 atque

222 843 347 870 homines
373 842 525 876 deificavit,
557 844 603 877 qui
637 843 804 870 concinunt:
834 842 1006 875 Bcnedicite,

219 889 312 916 omnia
327 896 420 923 opera.
437 893 464 916 et
477 889 586 916 laudate
601 888 760 916 Dominum.

795 194 826 224 S.
846 193 1004 224 JOSEPIII
1024 195 1307 229 HYMNOGRAPHI

261 246 357 274 Clamo
374 247 408 273 ad
425 251 460 280 te,
489 255 506 275 ο
533 247 625 283 Virgo,
650 248 767 276 emunda
794 250 829 277 ab
847 251 921 278 omni
936 251 1015 278 sorde
1029 252 1052 282 Α

1784 203 1793 234 1
1800 204 1853 236 263

1108 253 1208 281 Ῥύπου
1232 255 1333 287 πάντος
1364 256 1531 289 ὰπόπλυνον,
1563 257 1696 293 Παρθένε,
1719 258 1770 294 τὴν
1784 260 1854 294 ἐμὴν

1064 299 1166 334 ψυχὴν.
1182 300 1236 335 βοῶ
1266 309 1317 334 σοι,
1333 302 1380 328 καὶ
1404 302 1490 330 σῶσόν
1518 312 1562 338 με,
1575 304 1655 340 ἁγνὴ,
1673 305 1690 340 ή
1705 305 1751 331 τὸν
1764 305 1853 340 ἁληθῆ

1065 344 1132 371 Θεὸν
1147 345 1263 381 Σωτῆρα
1279 347 1326 373 ἐπὶ
1337 347 1390 382 γῆς
1405 348 1605 383 σωματὼσασα.

1107 389 1138 416 Ἦ
1157 389 1237 424 βάτος
1264 400 1294 417 σε
1322 393 1490 427 προετύπου,
1517 394 1689 429 πανὺμνητε,
1718 394 1854 430 πρότερον

1064 436 1208 471 καιομένη,
1225 437 1358 473 μηδαμῶς
1367 439 1395 465 δὲ
1410 438 1575 474 φλεγομένη,
1589 440 1711 474 πάναγνε
1721 449 1728 456 -
1741 440 1853 476 καὶγὰρ

1062 482 1100 514 ὡς
1116 482 1206 519 ἐκείνη
1222 484 1272 510 οὐκ
1286 484 1419 520 ἑφλέχθης
1435 485 1502 512 Θεὸν
1515 486 1715 521 σωματώσασα.

1098 575 1156 602 Ἶνα
1168 576 1270 610 φωναῖς
1278 577 1380 609 αῑσίαις
1391 577 1532 612 ὕμνολογῶ
1550 587 1590 611 σε,
1604 579 1690 614 Κόρη,
1705 579 1802 605 παθῶν
1817 588 1853 614 με

1062 619 1143 655 ῥῦσαι
1164 621 1226 651 ταῖς
1240 621 1401 654 πρεσὸείαις
1417 630 1474 654 σου,
1487 622 1629 655 κινδύνων,
1653 624 1700 650 καὶ
1723 623 1851 659 Θλίψεων,

1062 665 1110 691 καὶ
1123 666 1249 701 πονηρῶν
1264 667 1414 702 λογισμῶν,
1430 668 1556 696 κακῶσαί
1572 677 1605 704 με
1615 669 1780 704 ζητούντων.

1103 755 1164 782 Ἐπὶ
1177 757 1206 783 σὲ
1223 756 1272 792 τὴν
1286 757 1373 793 ἁγνὴν
1390 758 1405 784 ὀ
1427 758 1561 793 ὕπέρῦεος
1587 759 1738 792 κατελθὼν,
1757 760 1852 796 ὥσπερ

1059 799 1123 834 οἶδε,
1137 802 1319 837 σεσάρκωται,
1330 803 1449 835 καὶτοὺς
1461 804 1572 839 βροτοὺς
1585 805 1686 832 sum;
1698 806 1850 841 μελῳδοῦν-

1059 856 1119 878 τας,
1140 847 1263 882 Παρθένε
1275 857 1283 864 ·
1307 849 1400 876 Πάντα
1420 849 1455 876 τὰ
1483 849 1562 885 ἔργα,
1575 851 1724 885 εὐλογεῖτε,
1739 851 1849 886 ὑμνεῖτε

1058 891 1104 917 τὸν
1117 891 1229 926 Κύριον.

256 935 330 963 Luce
355 941 401 964 tua
426 935 551 963 illumina
577 942 639 966 me,
660 942 677 962 ο
696 934 844 969 purissima
872 933 1006 968 Deipara,

1093 923 1168 963 Φωτί
1187 946 1221 972 με
1242 938 1416 973 καταύγασον
1440 939 1542 975 τῷ’σῷ,
1571 941 1738 976 πανάμωμε,
1761 941 1807 968 τὸν
1819 942 1850 968 ὲν

220 982 322 1015 peccati
347 981 469 1009 tenebris
492 985 655 1025 occupatum
668 1000 675 1012 ,
695 985 724 1008 et
753 980 873 1007 concede
889 980 967 1011 mihi,
989 987 1007 1007 ο

219 1034 320 1061 sponsa
337 1026 395 1059 Dei,
410 1031 439 1053 ut
455 1026 592 1053 ambulem
612 1024 639 1053 in
652 1026 697 1052 die
711 1024 867 1052 divinorum
893 1024 1008 1051 manda-

219 1077 321 1105 torum,
342 1076 371 1099 ut
396 1071 508 1099 laudare
529 1071 634 1106 possim
660 1075 687 1098 te
708 1069 783 1097 omni
801 1069 881 1097 laude
905 1069 1007 1105 dignis-

220 1119 329 1146 simam.

221 1182 264 1209 Ex
278 1182 418 1223 talionem
437 1181 646 1223 pervigiliis-seti
662 1179 904 1223 prfepdrglipﬂibus
917 1179 952 1206 ad
966 1178 1006 1213 fc-

307 1216 323 1232 ’
364 1222 436 1244 stunt
449 1215 609 1244 Nativilatis
623 1216 740 1248 Domini,
757 1215 799 1242 die
813 1215 859 1242 (ΞΟ.

254 1282 401 1310 Paradisus
415 1281 499 1309 Edem
515 1285 665 1314 reseratur,
681 1284 810 1308 nascente
826 1284 860 1312 te,
881 1279 1005 1312 Domine,

217 1336 251 1355 ex
270 1328 359 1362 puella
383 1327 430 1355 Dei
449 1327 514 1360 filia,
540 1325 690 1354 secumlum
709 1332 820 1352 carnem
848 1325 875 1352 in
895 1325 1007 1352 civitate

218 1372 368 1400 Bethleem.
386 1371 587 1400 Providentiam
605 1374 679 1398 tuam
693 1369 881 1398 admirabilem
896 1370 1006 1405 hymnis

218 1418 416 1446 collaudamus.

253 1463 313 1490 lam
331 1463 408 1490 stella
430 1467 523 1490 exorta
541 1467 630 1490 estex
652 1463 723 1490 tribu
738 1461 817 1492 Juda,
835 1468 918 1495 quam
942 1467 1004 1487 cum

219 1509 395 1544 agnovissent
414 1516 503 1543 reges,
529 1516 563 1536 ex
582 1508 694 1536 Oriente
710 1508 880 1535 advenerunt
900 1506 1004 1534 accele-

221 1561 315 1583 rantes
329 1555 392 1588 iter,
408 1554 487 1590 24],
504 1559 535 1582 ιιι
556 1555 681 1582 viderent
701 1554 841 1582 Christum
863 1555 955 1579 natum
976 1551 1002 1578 in

219 1601 356 1629 Bethleem
373 1601 524 1629 secundum
543 1607 664 1628 carnem.

250 1646 408 1680 Quomodo,
425 1654 442 1673 o
463 1645 592 1677 Verbum,
611 1644 741 1679 suscipiet
761 1648 787 1671 te
810 1643 938 1677 spelunca
953 1649 1003 1668 an-

218 1692 375 1727 gustissima
389 1698 421 1718 ac
435 1690 581 1723 vilissima,
600 1695 693 1717 natum
705 1689 732 1716 in
748 1689 849 1716 carne?
860 1687 1002 1721 Quomodo

218 1737 312 1765 fasciis
333 1735 494 1768 involveris,
517 1739 545 1762 tu
564 1735 611 1770 qui
631 1735 750 1762 nubibus
773 1733 928 1761 circumdas
952 1740 1002 1767 po-

218 1783 293 1810 lum?
309 1782 451 1815 Quomodo
473 1787 603 1817 tanquam
625 1780 715 1808 infans
735 1780 762 1807 in
783 1779 924 1807 brutorum
946 1783 1002 1806 sla-

218 1829 284 1857 buto
299 1827 494 1856 reclinaberis?

253 1876 275 1902 0
287 1875 370 1902 Edem
392 1874 456 1902 olim
478 1873 544 1901 mihi
563 1865 668 1905 clausa,
683 1872 791 1907 aperire
806 1871 833 1899 in
851 1875 1001 1906 posterum,

217 1920 313 1948 videns
326 1919 465 1947 Christum
488 1919 619 1946 infantem
642 1918 825 1949 incarnatum,
840 1920 868 1943 et
890 1915 918 1943 in
931 1915 1001 1942 civi-

218 1971 274 1994 tate
295 1965 444 1997 Bethleem,
467 1964 697 2000 quemadmodum
723 1962 761 1990 illi
786 1962 917 1998 placitum
938 1961 1001 1994 fuit,

218 2020 252 2039 ex
265 2011 353 2046 puella
372 2010 484 2045 Virgine
496 2014 601 2037 natum.

253 2059 283 2084 In
312 2057 442 2092 spelunca
474 2056 611 2083 Bethleem
643 2055 732 2091 puella
760 2054 906 2082 manifeste
933 2053 1004 2088 parit

1061 982 1151 1008 σκότει
1181 984 1359 1019 συνεχόμενον
1387 985 1438 1019 τῆς
1461 986 1610 1021 ἁμαρτιας,
1645 987 1771 1021 Θεότοκε,
1801 988 1849 1014 καὶ

1058 1028 1130 1055 δίδου
1143 1029 1172 1055 ἑν
1185 1029 1279 1065 ἡμέρᾳ
1301 1031 1467 1066 πορεύεσθαι
1495 1032 1595 1059 ἐνθέων
1617 1034 1848 1068 προσταγμάτων,

1057 1074 1210 1120 Θεόνιιμφε,
1225 1076 1301 1108 ὅπως
1316 1076 1392 1112 ὑμνῶ
1407 1085 1437 1103 σε
1448 1077 1498 1113 τὴν
1511 1076 1699 1114 πανύμνητον.

1063 1185 1114 1212 Ἐκ
1125 1184 1178 1211 τοῦ
1188 1185 1316 1217 κανόνος
1328 1186 1370 1218 εὶς
1380 1185 1416 1212 τὰ
1422 1186 1579 1218 προεόρτια
1587 1185 1642 1218 τῆς
1663 1186 1739 1214 κατὰ
1750 1186 1850 1220 σάρκα

1185 1221 1357 1254 γεννήσεως
1370 1221 1422 1248 τοῦ
1438 1222 1558 1255 Κυρίου,
1571 1221 1665 1255 ἡμέρᾳ
1682 1221 1715 1248 κ’.

1098 1280 1178 1315 Ἐδὲμ
1196 1281 1373 1314 διανοίγεται,
1394 1282 1441 1308 σοῦ
1470 1282 1617 1317 γενομένου
1640 1283 1674 1310 ὲκ
1688 1283 1773 1318 κόρης
1790 1283 1849 1310 θεό-

1056 1325 1151 1357 παιδος
1162 1326 1191 1351 ὲν
1207 1327 1241 1361 τῇ
1256 1326 1344 1359 πόλει,
1357 1326 1492 1359 Δέσποτα,
1511 1329 1544 1363 τῇ
1562 1328 1686 1364 Βηθλεὲμ
1702 1329 1731 1356 ὲν
1747 1330 1847 1365 σαρκί·

1056 1371 1259 1408 ὑμνολογοῦμεν
1272 1372 1320 1408 τὴν
1336 1374 1454 1409 φρικτὴν
1467 1374 1626 1409 οἰκονομίαν
1647 1383 1706 1401 σου.

1093 1465 1211 1500 Ἀστρον
1226 1464 1277 1499 ἤδη
1293 1464 1478 1493 ἀνατέταλκεν
1499 1467 1532 1493 ὲκ
1550 1467 1636 1501 φυλῆς
1663 1467 1757 1499 Ἰούδα,
1780 1469 1848 1504 ὅπερ

1055 1508 1214 1543 ἐπιγνόντες
1226 1509 1347 1544 βασιλεῖς
1357 1511 1479 1545 κινήσεις
1488 1511 1625 1538 ἀνατολῶν
1637 1513 1787 1544 ποιοῦνται.
1799 1515 1848 1541 καὶ

1055 1552 1157 1585 φθάσαι
1175 1553 1341 1587 ἐπείγονται,
1355 1554 1430 1586 ὅπως
1444 1555 1595 1583 θεάσωνται
1617 1557 1735 1592 Χριστὸν
1749 1559 1777 1585 ὲν
1791 1559 1846 1594 Βη-

1018 1591 1040 1620 C
1057 1597 1142 1632 θλεὲμ
1161 1599 1244 1633 σαρκὶ
1256 1598 1427 1632 τικτόμενον.

1089 1643 1152 1675 Πῶς
1168 1643 1275 1676 δέξεταί
1293 1653 1334 1676 σε,
1351 1645 1432 1679 Λὸγε,
1450 1646 1610 1681 τικτόμενον
1630 1648 1713 1682 σαρκὶ
1728 1648 1759 1674 τὸ
1777 1649 1843 1684 σπή-

1053 1689 1129 1716 λαιον
1153 1690 1319 1725 μικρότατον
1342 1691 1390 1717 καὶ
1415 1691 1475 1718 λίαν
1498 1692 1622 1725 εὐτελές
1643 1693 1704 1725 πῶς
1722 1693 1846 1730 εἰλιοήσῃ

1054 1734 1233 1769 σπαργάνοις,
1249 1735 1264 1761 ὁ
1276 1735 1447 1769 περιϐάλλων
1477 1736 1558 1763 πόλον
1575 1737 1719 1771 νεφέλαις;
1742 1738 1800 1769 πῶς
1817 1738 1849 1764 ὲν

1054 1779 1143 1815 φάτνῃ
1156 1779 1211 1806 τῶν
1226 1779 1333 1814 ἀλόγων
1351 1780 1559 1817 ὲπανακλιθήσῃ
1575 1783 1613 1814 ὡς
1624 1783 1740 1818 νήπιονς

1096 1870 1175 1906 Ἐδὲμ
1198 1870 1282 1898 πάλαι
1311 1871 1469 1898 κλεισθεῖσά
1495 1880 1540 1907 μοι
1574 1872 1714 1907 ἀνοίχθητι
1739 1872 1845 1901 λοιπὸν.

1053 1915 1190 1950 βλέπουσα
1218 1916 1339 1951 Χριστὸν
1365 1917 1449 1951 σαρκὶ
1464 1917 1648 1952 νηπιάσαντα.
1677 1917 1726 1944 καὶ
1752 1918 1781 1944 ἐν
1811 1919 1846 1953 τῇ

1053 1960 1142 1993 πόλει,
1164 1961 1203 1993 ὡς
1223 1961 1369 1997 ηὐδόκησε,
1381 1963 1431 1997 τῆς
1455 1962 1580 1998 Βηθλεὲμ
1598 1964 1632 1990 ἐκ
1653 1964 1739 1999 κόρης
1755 1964 1847 1991 ’τικιιτό⁴

1055 2015 1137 2041 μενον
1150 2007 1303 2042 Παρθένου.

1097 2053 1142 2079 Ἐν
1166 2053 1293 2090 σπηλαίῳ
1311 2055 1435 2090 Βηθλεὲμ
1451 2055 1528 2091 Κόρη
1549 2055 1784 2090 τίκτειηὲμφανῶς
1800 2056 1848 2083 τὸν

217 2102 304 2130 Deum
333 2102 463 2129 faetorem
488 2101 620 2134 universi,
649 2105 678 2128 et
707 2104 835 2135 tanquam
862 2099 1002 2126 hominem

1057 2099 1120 2126 Θεὸν
1135 2099 1181 2126 τὸν
1189 2100 1237 2127 τοῦ
1252 2101 1353 2133 παντὸς
1366 2102 1492 2137 ποιητὴν,
1502 2102 1549 2128 καὶ
1557 2102 1595 2134 ὡς
1604 2102 1699 2137 βροτὸν
1714 2103 1846 2136 εῑλιξασα

218 2148 311 2176 fasciis
327 2148 492 2180 involutum,
505 2147 621 2175 reclinat
632 2154 706 2174 nunc
719 2146 746 2173 in
759 2146 903 2181 praesepio.

1057 2146 1222 2180 σπαργάνοις
1233 2146 1321 2182 φάτνῃ
1331 2147 1506 2173 ἐπανακλίνει
1519 2147 1578 2175 νῦν.

252 2196 353 2222 Aurem
369 2193 541 2229 prmbeamus
557 2192 731 2220 sermonibus
751 2191 855 2223 sacris;
872 2189 1003 2217 Dominus

1096 2190 1315 2225 ’Δκουτισθῶμεν
1337 2191 1425 2226 λόγων
1443 2192 1524 2228 ἱερῶν
1535 2199 1544 2207 ·
1563 2192 1578 2218 ὁ
1594 2191 1697 2228 Κύριος
1721 2192 1846 2219 τίκτεται

217 2240 341 2268 nascitur
355 2248 423 2274 puer
435 2244 547 2275 propter
559 2246 621 2270 nos,
632 2238 712 2273 cuius
728 2237 899 2272 principatus
913 2236 1003 2263 factus

1057 2236 1161 2263 παιδίον
1173 2236 1208 2263 δι’
1221 2237 1306 2271 ἡμᾶς,
1319 2234 1350 2264 οὗ
1365 2238 1381 2272 ὴ
1398 2238 1469 2273 ἀρχὴ
1487 2238 1534 2264 ἐπὶ
1543 2238 1591 2265 τοῦ
1608 2237 1685 2273 ὤμου
1701 2239 1845 2273 ἐγεννήθη,

217 2291 258 2315 est
274 2293 357 2322 super
369 2286 512 2313 humerum
528 2285 598 2319 ejus,
612 2289 640 2312 et
651 2288 765 2312 vocatur
777 2282 896 2317 Angelus
912 2283 1003 2317 magni

1057 2283 1103 2309 καὶ
1131 2282 1255 2309 καλεῖται
1284 2283 1417 2316 Ἀγγελος
1447 2283 1547 2318 βουλῆς
1578 2284 1700 2319 μεγάλης
1726 2283 1845 2318 Πατρδς,

217 2333 324 2361 consilii
340 2333 447 2365 Patris,
467 2332 594 2366 princeps
608 2331 685 2366 pacis
701 2330 842 2359 Christus.

1057 2328 1148 2364 ἄρχων
1163 2329 1274 2364 εἰρήνης
1291 2329 1419 2364 Χριστός.

253 2379 329 2406 Sicut
343 2378 448 2413 juravit
468 2377 611 2408 Dominus.
631 2384 695 2404 ecce
707 2375 853 2410 complevit
865 2373 1005 2409 jusjuran—

1096 2375 1141 2405 Ὦς
1152 2373 1242 2409 ὤμοσε
1256 2374 1367 2409 Κύριος,
1386 2375 1580 2410 πεπλήρωκεν·
1589 2375 1655 2407 ἰδοὺ,
1669 2375 1702 2402 ὲκ
1718 2375 1846 2410 σπέρμα-

215 2425 294 2458 dum,
311 2424 380 2452 dans
400 2424 481 2451 nobis
503 2431 535 2451 ex
551 2422 656 2450 semine
678 2421 762 2449 David
787 2420 926 2457 Virginem
946 2427 1004 2447 ma-

1057 2428 1101 2451 τος
1119 2419 1181 2451 δοὺς
1196 2421 1261 2455 ἡμῖν
1285 2420 1370 2447 Δασὶδ
1383 2421 1434 2454 τὴν
1448 2421 1548 2447 ἑαυτοῦ
1563 2420 1677 2455 Μητέρα
1692 2420 1844 2455 Παρθένον.

218 2477 286 2498 trem
311 2478 401 2502 suam,
429 2477 462 2497 ex
487 2476 541 2504 qua
569 2473 652 2496 natus
671 2471 713 2495 est
737 2466 828 2494 iulans
851 2465 1003 2494 secundum

1057 2465 1086 2498 ἐξ
1098 2462 1132 2500 ἧς
1146 2466 1244 2501 βρέφος
1257 2466 1340 2501 σαρκὶ
1365 2465 1462 2501 ἐτέχθη
1479 2466 1509 2492 ἐν
1532 2466 1609 2494 πόλει
1628 2466 1757 2501 Βηθλεὲμ
1773 2466 1845 2501 ὑπὲρ

217 2524 328 2545 carnem
344 2516 371 2542 in
385 2515 495 2543 civitate
518 2514 667 2548 Bethleem,
685 2519 769 2548 supra
780 2519 889 2540 omnem
905 2519 1002 2539 conce-

216 2568 293 2599 ptum
306 2562 464 2590 verborum.

252 2608 346 2644 Virgo,
372 2608 540 2635 alabastrum
564 2606 696 2641 spiritale,
723 2605 775 2633 fert
793 2604 933 2632 Christum
950 2612 1002 2630 un-

216 2658 347 2689 guentum
366 2652 571 2684 inexhaustum,
587 2651 660 2686 quod
677 2651 703 2677 in
717 2650 847 2685 spelunca
866 2648 1001 2675 Bethleem

215 2699 354 2734 egreditur
382 2702 412 2725 ut
439 2698 467 2725 in
493 2697 591 2732 spiritu
620 2696 764 2724 manifeste
789 2699 948 2726 evacuetur,
974 2697 1003 2720 ut

215 2745 350 2772 suavitate
366 2743 460 2772 odoris
474 2743 518 2770 sui
536 2743 638 2776 repleat
654 2741 760 2769 animas
775 2745 895 2768 nostras.

216 2806 259 2834 Ea;
270 2815 368 2834 canone
381 2807 409 2834 in
422 2807 488 2842 festo
505 2805 534 2833 S.
549 2805 667 2868 {iuling
682 2803 809 2837 ntartyris
827 2803 1001 2837 Nicomediae,

575 2849 597 2867 te
650 2861 657 2867 .

575 2849 597 2867 te
612 2849 657 2867 ΖΙ.

255 2904 336 2936 Virgo
359 2909 463 2932 natura:
486 2905 661 2933 Conditorem
694 2911 791 2940 parcre
830 2902 942 2931 festinat
974 2903 1001 2930 in

1055 2511 1145 2546 λόγον.

1090 2602 1169 2638 Φέρει
1183 2603 1301 2638 Χριστὸν
1318 2602 1414 2638 ὥσπερ
1441 2602 1528 2638 μῦρον
1547 2602 1684 2630 ἀκὲνωτον
1698 2611 1729 2629 το
1748 2602 1844 2638 νοητδν

1054 2648 1072 2683 ἡ
1087 2648 1223 2683 Παρθένος
1236 2647 1418 2682 ἀλάϐαστρον,
1447 2648 1495 2674 καὶ
1512 2647 1593 2674 τοῦτο
1621 2647 1788 2683 προέρχεται
1814 2647 1845 2673 ὲν

1056 2694 1192 2728 σπηλαίῳ,
1207 2693 1344 2728 πνεύματι
1361 2693 1536 2721 ἀποκενῶσαι
1552 2693 1658 2728 σαφῶς,
1674 2693 1748 2725 ὃπως
1771 2692 1844 2727 πλη-

1057 2740 1131 2776 ρώσῃ
1146 2739 1195 2774 τῆς
1209 2738 1323 2770 εὐωδίας
1338 2738 1422 2765 αὑτοῦ
1438 2739 1487 2771 τὰς
1509 2738 1598 2774 ψυχὰς
1611 2738 1702 2774 ἡμῶν.

1061 2802 1114 2829 Ἐκ
1129 2801 1183 2828 τοῦ
1203 2801 1334 2833 κανόνος
1347 2803 1391 2834 εις
1407 2801 1464 2835 τὴν
1488 2802 1578 2835 ἁγίαν
1603 2801 1740 2836 μάρτυρα
1767 2799 1842 2828 Ἰου-

1137 2836 1259 2868 λιανὴν,
1279 2837 1337 2870 τὴν
1350 2837 1385 2863 ὲν
1394 2837 1571 2871 Νικομηδίᾳ,
1586 2835 1683 2871 ἡμέρᾳ
1695 2835 1746 2863 κα’.

1097 2901 1129 2927 ῚΙ
1145 2898 1280 2934 Παρθὲνος
1293 2900 1337 2926 τὸν
1351 2900 1542 2936 Πλαστουργδν
1567 2900 1616 2934 τῆς
1630 2899 1735 2934 φύσεως
1750 2899 1840 2925 τεκεῖν
