2069 3159
198 191 208 223 1
215 191 267 224 269

884 188 1066 220 MARIALE.

1742 187 1810 220 1270

195 246 336 280 ἐπείγεται
363 245 393 271 ἐν
410 245 450 279 τῷ
474 244 611 280 σπηλαίῳ,
641 243 731 280 σάρκα
754 244 785 276 ἐξ
809 243 894 280 αὐτῆς
918 244 979 271 καθ’

1033 244 1174 279 spelunca;
1190 244 1237 280 qui
1257 251 1289 272 ex
1304 244 1361 279 ipsa
1377 243 1526 272 secundum
1543 243 1708 272 ineil'abilcm
1726 244 1812 278 hypo-

195 291 344 318 ὑπόστασιν
372 290 490 324 ᾶρῤητον
525 289 673 326 ὑπερφυῶς
707 290 874 325 φορέσαντα,
906 289 981 320 ὃπως

196 336 285 371 θεώσῃ
296 335 326 362 τὸ
336 334 516 370 ἀνθρώπινον.

236 380 383 414 Ῥυόμενος
400 379 464 411 τοὺς
478 378 591 414 βροτοὺς
616 379 630 405 ὁ
644 378 790 413 συμπαθὴς
814 378 846 405 ἐκ
860 379 911 413 τῆς
931 378 981 412 ἀγ-

198 426 247 461 νῆς
260 425 382 452 τίκτεται
396 426 424 453 ἐν
450 425 585 460 Βηθλεέμ,
603 424 750 460 σπάργανα
779 423 903 459 καθάπερ
931 424 981 459 νή-

196 479 259 497 πιον
272 470 430 506 δεχόμενος.

235 516 389 552 Παρθενίαν
405 516 475 552 μετὰ
489 516 568 543 τόκον
582 515 805 551 ἐσφραγισμένην
816 516 834 551 ή
851 515 982 547 Θεοτόκος

196 562 341 598 βλέπουσα,
351 561 450 597 θάμϐει
459 561 630 596 συσχεθεῖσα,
643 570 652 587 ι
662 561 773 595 Τέκνον,
781 559 979 596 ἀνεκραύγασε,

196 609 254 639 πῶς
270 608 317 634 νῦν
333 607 522 644 σπαργανώσω
535 615 576 640 σε,
596 606 704 642 ψάμμῳ
713 605 922 641 σπαργανοῦντα
932 604 983 642 τὴν

196 653 333 681 θάλασσαν
341 663 349 687 ;
369 662 379 680 ι

232 698 330 734 Θαῦμα
353 697 552 733 καινοπρεπέςί
575 698 608 725 Ἦ
636 697 775 734 Παρθένος
798 697 939 731 ἐπείγεται
964 696 982 731 ἡ

197 745 331 781 ἄχραντος
352 745 381 772 ἐν
407 744 531 780 σπηλαίῳ
560 744 685 780 Βηθλεέμ
715 744 763 771 τοῦ
789 743 890 779 κυῆσαι
916 743 983 770 Θεὸν

197 790 276 817 ἐνανο
281 792 358 826 ρωπή
363 799 458 818 σαντα.

233 836 376 863 Θάλασσαν
390 837 591 872 σπαργανώσας
605 836 706 872 ὁμίχλῃ
720 835 871 871 βουλήματι
883 842 983 869 κυοφο-

199 885 287 919 ρεῖται
298 884 312 909 ό
325 882 445 917 Κτίστης
462 884 495 909 ὲκ
510 883 650 918 Παρθένου
667 882 763 918 κόρης,
776 882 824 909 καὶ
837 881 982 916 σπάργανα

197 930 293 965 ὥσπερ
307 929 408 965 βρέφος
420 929 600 964 καταδέχεται
612 928 716 964 κόσμον
731 927 925 963 λυτρούμενος.

234 1017 331 1052 Χαῖρε,
342 1015 440 1052 χωρίον
451 1015 499 1043 τοῦ
515 1016 672 1052 ἀχωρήτου,
684 1016 910 1052 Μητροπάρθενε·
924 1015 985 1042 τοῦ·

198 1071 244 1089 τον
257 1063 313 1098 γὰρ
332 1061 502 1097 σαρκοφόρον
529 1061 637 1097 μέλλεις
661 1061 695 1089 δι’
710 1062 784 1098 ἡμᾶς
808 1062 838 1088 ἐν
860 1061 984 1096 σπηλαίῳ

197 1108 310 1140 τίκτειν,
323 1108 452 1142 ἄχραντε,
465 1107 705 1143 ἐπανορθούμενον
725 1107 781 1135 τῶν
802 1108 910 1135 οίκείων
926 1116 985 1142 χει-

200 1153 255 1189 ρῶν
268 1153 299 1180 τδ
316 1153 544 1188 πλαστούργημα.

235 1199 322 1234 Νέφει
347 1199 397 1234 τήν
423 1198 552 1225 ἐπίϐασιν
574 1197 658 1225 αὐτοῦ
673 1198 759 1230 τιθεὶς
786 1199 801 1225 ό
815 1198 918 1233 Κύριος
940 1198 985 1225 διὰ

200 1243 317 1278 νεφέλης
343 1243 410 1279 ἡμῖν
427 1243 567 1278 Παρθένου
597 1242 738 1270 τίκτεσθαι
761 1243 882 1278 ἔρχεται,
908 1244 984 1276 ὅπως

198 1289 269 1326 λύσῃ
284 1289 337 1316 τῶν
349 1288 443 1324 ψυχῶν
456 1288 536 1324 ἡμῶν
560 1289 609 1324 τῆς
621 1287 757 1324 ἁμαρτίας
784 1287 886 1323 ζοφερὰ
904 1288 984 1324 νέφη,

200 1335 320 1370 βοῶντας
343 1334 418 1370 αὐτῷ
431 1343 439 1351 ·
452 1334 606 1369 Εὐλογεϊτε,
625 1334 715 1362 πάντα
732 1333 768 1360 τὰ
783 1333 852 1369 ἔργα
867 1334 985 1370 Κυρίου,

198 1381 247 1407 τδν
259 1379 374 1416 Κύριον.
898 1372 901 1374 ’

234 1425 357 1460 Φέρουσα
369 1424 416 1452 τὸν
429 1424 547 1460 φέροντα
561 1425 660 1458 πάντα,
678 1425 746 1460 πρὸς
763 1424 866 1460 Βηθλεέ
871 1433 890 1459 μ
905 1423 984 1460 ἔρχῃ,

202 1471 334 1506 Παρθένε,
348 1470 443 1498 τοῦτον
460 1471 509 1498 καὶ
533 1471 645 1506 κυῆσαι,
666 1472 713 1498 καὶ
737 1471 826 1507 φάτνῃ
846 1479 986 1506 προσανα-

200 1517 289 1543 κλῐναι
305 1516 433 1550 καθάπερ
446 1516 555 1551 νήπιον,
570 1516 620 1552 τὴν
634 1516 689 1543 τῶν
715 1516 820 1552 βροτῶν
844 1516 986 1544 ἁνάκλισιν

200 1561 383 1597 διαφερόντως
399 1561 594 1597 ἐργαζόμενον.

206 1608 257 1635 Ἐκ
272 1607 325 1635 τοῦ
344 1607 480 1652 star-darei
498 1607 614 1652 σις’τὴν
635 1607 724 1652 εἰν-ζαν
737 1607 987 1652 μξγαλομάρτυρα

390 1642 601 1675 Ἀναστασίαν,
626 1642 721 1677 ἡμέρᾳ
743 1642 798 1677 κβ’.

235 1695 373 1730 Πτωχεύει
386 1696 400 1722 ό
417 1695 543 1727 πλούσιος
559 1696 593 1723 δι’
613 1696 815 1732 εὐσπλαγχνίαν
831 1696 863 1723 ἐκ
880 1695 986 1731 Παρθέ-

199 1750 246 1769 νου
275 1741 445 1777 τικτόμενος*
475 1741 566 1776 Μάγοι
596 1742 804 1778 εὐτρεπίζονται
837 1742 987 1770 Ἀνατολῶν

201 1785 321 1821 βασιλεῖς
335 1785 430 1813 τοῦτον
444 1785 594 1814 θεάσασθαι
605 1787 720 1820 πιστῶς,
735 1787 782 1814 καὶ
798 1787 986 1822 προσκυνῆσαι

201 1831 294 1866 σαρκί.

236 1877 326 1913 Ὠφθη
356 1877 371 1905 ὸ
400 1877 515 1913 ἀόρατος
554 1877 621 1909 Θεὸς
648 1877 796 1912 ὑπερφυῶς
815 1877 985 1913 τικτόμενος,

199 1922 234 1950 δι’
263 1922 466 1958 εὐσπλαγχνίαν
497 1922 598 1957 πολλὴν
624 1923 657 1949 ἐκ
676 1922 735 1954 σοῦ,
761 1918 985 1958 Παρθενομῆτορ,

201 1968 364 2004 πτωχιύσας
378 1969 392 1996 ό
403 1968 541 2000 πλούσιος.
555 1968 631 2000 ὅπως
646 1968 797 1996 ἀθανασίαν
811 1967 866 1996 τῶν
877 1968 985 2004 ἀνθρώ-

200 2021 260 2041 πων
277 2013 310 2042 τὸ
327 2013 406 2047 γένος
421 2012 572 2049 πλουτήσῃ.

235 2098 319 2133 οὗτος
339 2102 418 2137 μόνος
433 2102 448 2128 ό
475 2101 542 2134 Θεδς
557 2101 646 2137 ἡμῶν,
661 2103 675 2128 ό
703 2103 736 2129 ἐκ
760 2102 821 2134 σοῦ,
851 2102 984 2137 Παρθένε,

201 2147 290 2183 σάρκα
307 2147 377 2182 ὑπὲρ
395 2147 476 2181 λόγον
503 2146 612 2182 άληθῶς
641 2146 772 2182 φορέσας,
802 2147 931 2182 τεχθῆναι
955 2149 986 2176 ἐν

201 2192 326 2228 σπηλαίῳ
349 2193 501 2226 ἐπείγεται,
520 2191 595 2224 ὅπως
621 2200 666 2227 με,
682 2190 757 2219 οἷκον
773 2193 918 2228 γενόμενον
939 2193 986 2230 λῃ-

201 2238 282 2270 στῶν,
298 2238 373 2275 δείξῃ
388 2239 451 2266 ναὸν
465 2238 513 2265 τοῦ
531 2237 604 2265 θείου
620 2238 788 2274 Πνεύματος.

241 2284 428 2319 ’Δπειρόγαμε
440 2284 528 2319 Κόρη,
542 2283 590 2311 τὸν
605 2285 638 2320 τῇ
649 2284 722 2320 χειρὶ
737 2285 854 2320 φέροντα
873 2285 985 2313 ἅπασαν

200 2329 250 2363 τὴν
263 2328 362 2361 κτίσιν,
388 2329 418 2355 ἐν
433 2329 526 2364 μήτρᾳ
550 2330 643 2365 φέρεις
665 2330 864 2366 σαρκούμενον,
892 2331 920 2357 ὃν
937 2331 986 2358 καὶ

200 2373 358 2408 τικτόμενον
374 2373 527 2406 ἀνακλινεῖς
543 2375 573 2402 ἐν
585 2377 619 2411 τῇ
631 2376 719 2412 φάτνῃ
735 2376 835 2412 βρέφος
860 2377 985 2413 καθορώ-

203 2426 283 2454 μενον
295 2418 341 2445 τδν
354 2419 527 2454 προαιώνιον.

242 2464 350 2498 Ῥήσεις
362 2463 412 2500 ήδη
431 2464 626 2499 πεπλήρωνται
639 2466 693 2492 τῶν
715 2467 941 2502 προφητευόντων
955 2468 984 2494 ἐν

201 2509 265 2544 θείῳ
278 2510 417 2544 Πνεύματι
429 2517 437 2524 ⁸
451 2509 467 2544 ἡ
482 2509 618 2544 Παρθένος
628 2510 682 2546 γὰρ
705 2511 845 2545 ἐπείγεται
860 2513 889 2539 ἐν
916 2521 985 2549 σπη-

200 2554 268 2590 λαίῳ
283 2555 387 2582 τίκτειν
399 2555 445 2582 τὸν
459 2555 625 2582 παντέλειον,

235 2600 408 2636 Σειρκοφόρος
423 2601 587 2636 προέρχεται
602 2602 633 2628 ἐκ
646 2601 696 2636 σῆς
707 2603 866 2639 φωτοφόρου
877 2604 984 2640 νηδύος,

201 2645 331 2681 ἄχραντε,
348 2647 479 2679 Βασιλεὺς
491 2648 504 2674 ό
519 2647 690 2683 ἐπουράνιος,
705 2648 743 2680 ὡς
756 2649 785 2675 ὲν
797 2649 885 2686 θρόνῳ
896 2651 986 2688 φάτνῃ

201 2691 439 2727 προσκλινόμενος.

233 2736 292 2762 Νῦν
309 2735 390 2773 ἦλθεν
406 2739 447 2769 είς
460 2738 494 2766 τὰ
510 2738 574 2773 ἴδια,
588 2740 617 2766 ἐν
630 2739 699 2775 ξένῳ
717 2740 820 2776 τοκετῷ
838 2740 924 2775 Λόγος
936 2742 984 2768 τοῦ

201 2782 308 2817 Πατρὸς
337 2783 548 2820 σωματούμενος
574 2786 606 2812 ἐκ
627 2786 676 2821 τῆς
691 2786 842 2823 Παρθένου,
873 2788 920 2815 καὶ
946 2787 984 2819 ὡς

201 2828 296 2862 νήπιον
318 2829 414 2864 ὁρᾶται
429 2830 458 2857 ὲν
469 2830 594 2867 σπηλαίῳ
611 2831 644 2859 δι’
658 2833 747 2868 ἄκραν
765 2833 982 2870 εὐσπλαγχνίαν.

1031 291 1127 323 stasln,
1138 297 1259 322 carnem,
1274 294 1404 324 tanquam
1420 292 1521 316 vestem
1540 296 1622 324 supra
1638 293 1743 316 naturae
1758 296 1816 315 mo-

1031 334 1107 367 dum,
1124 335 1238 370 aecepit,
1255 339 1285 362 ut
1297 334 1437 362 deiﬁcaret
1452 341 1538 368 genus
1553 335 1714 361 humanum.

1066 380 1102 408 Ut
1113 381 1237 409 homines
1251 381 1388 413 liberaret,
1406 381 1532 409 Deusille
1548 380 1689 416 piissimus
1703 387 1736 407 ex
1750 380 1816 407 Vir-

1031 426 1094 461 gine
1105 432 1179 454 easta
1192 425 1274 462 242
1290 426 1412 453 nascitur
1427 426 1454 453 in
1472 425 1622 457 Bethleem,
1641 429 1667 453 et
1686 429 1815 460 tanquam

1032 472 1124 500 infans
1137 472 1234 506 recipit
1249 471 1360 499 fascias.

1067 517 1136 544 Cum
1149 517 1263 552 Deipara
1280 516 1463 552 virginitatem
1481 523 1559 544 suam
1581 521 1644 552 post
1659 521 1766 552 partum
1780 518 1817 545 si-

1032 562 1152 597 gillatam
1178 562 1291 594 videret.
1313 568 1425 597 stupore
1447 566 1585 596 correpta,
1611 562 1768 590 clamabat:
1794 565 1816 590 0

1031 607 1094 642 Fili,
1118 608 1256 643 quomodo
1279 616 1353 636 nunc
1374 607 1468 636 fasciis
1490 612 1515 636 te
1531 607 1678 642 involvam,
1695 609 1743 643 qui
1757 613 1817 636 tan-

1032 663 1114 690 quam
1130 655 1234 688 fasciis,
1245 655 1421 682 arenismare
1437 654 1611 682 circumdas?

1067 700 1090 729 Ο
1117 708 1217 729 novum
1242 701 1422 728 miraculum!
1450 700 1533 735 Virgo
1560 699 1690 727 inviolata
1708 699 1819 727 festinat

1033 753 1128 781 parere
1142 746 1169 774 in
1183 746 1314 781 spelunca
1336 745 1539 773 Bethleemitica
1565 744 1650 773 Deum
1676 745 1815 774 hominem

1033 791 1146 819 factum.

1068 834 1122 868 Qui
1144 841 1212 863 nutu
1235 835 1385 864 voluntatis
1401 843 1458 864 suae
1472 843 1558 869 mare,
1572 840 1705 871 tanquam
1722 836 1817 870 fascia,

1033 882 1133 910 nebula
1156 881 1320 914 circumdat.
1347 889 1409 909 cum
1430 882 1466 910 sit
1485 882 1617 915 Greater,
1644 883 1765 910 nascitur
1785 890 1818 910 ex

997 913 1019 942 Β
1037 926 1146 962 Virgine
1166 927 1266 962 puella,
1291 913 1319 954 et
1334 926 1434 955 fascias
1454 931 1583 962 tanquam
1605 913 1695 955 infans
1711 927 1819 962 recipit,

1035 976 1065 1000 ut
1083 971 1201 1000 redimat
1210 972 1354 999 mundum.

1070 1018 1163 1050 Salve,
1179 1025 1196 1046 ο
1212 1016 1297 1053 Virgo
1312 1016 1409 1049 Mater,
1425 1017 1626 1052 receptaculum
1639 1017 1723 1048 illius,
1737 1024 1818 1052 quem

1035 1062 1102 1090 nihil
1119 1069 1217 1097 capere
1237 1066 1339 1097 potest.
1362 1061 1442 1089 Hunc
1462 1065 1502 1094 tu,
1519 1069 1536 1089 ο
1553 1061 1693 1094 inviolata,
1713 1061 1740 1088 in
1757 1067 1821 1096 spe-

1034 1108 1115 1136 lunca
1138 1107 1260 1143 paritura
1281 1114 1312 1135 es
1333 1107 1504 1135 incarnatum
1521 1111 1632 1142 propter
1650 1114 1711 1139 nos,
1729 1110 1759 1134 ut
1773 1114 1821 1142 re-

1034 1157 1139 1182 slauret
1154 1159 1223 1188 opus
1235 1159 1366 1180 manuum
1379 1159 1505 1180 suarum.

1069 1198 1211 1229 Dominus,
1225 1198 1271 1234 qui
1286 1198 1360 1233 ponit
1375 1198 1479 1226 nubem
1499 1204 1646 1226 ascensum
1664 1204 1823 1239 suum,.per

1033 1245 1135 1273 nubem
1151 1244 1271 1280 Virginis
1285 1244 1360 1272 venit
1376 1243 1410 1271 ad
1427 1251 1477 1271 nos
1499 1244 1657 1271 nasciturus
1671 1251 1704 1271 ex
1721 1243 1775 1275 illa,
1793 1248 1822 1270 ut

1034 1290 1247 1319 obscurissimas
1270 1290 1373 1325 peccati
1392 1290 1477 1318 nubes
1492 1289 1646 1317 animarum
1663 1294 1820 1318 nostrarum

1035 1336 1162 1372 dissipet,
1179 1336 1244 1363 dum
1259 1336 1349 1364 eidem
1364 1335 1530 1364 clamamus:
1546 1335 1712 1368 Benedicite,
1729 1337 1820 1364 omnia

1036 1389 1119 1418 opera
1132 1382 1252 1414 Domini,
1271 1382 1428 1413 Dominum.
1440 1386 1494 1410 etc.

1071 1428 1174 1457 Ferens
1194 1428 1326 1457 ferentem
1349 1428 1453 1462 omnia,
1482 1428 1517 1456 ad
1536 1428 1675 1456 Bethleem
1695 1429 1783 1462 venis,
1806 1435 1823 1455 o

1037 1475 1130 1510 Virgo,
1147 1474 1184 1502 ibi
1205 1474 1330 1502 eumdem
1345 1474 1478 1509 paritura,
1495 1478 1522 1502 et
1541 1479 1672 1510 tanquam
1688 1474 1821 1502 infantem

1037 1520 1215 1553 reclinatura,
1236 1524 1267 1548 ut
1283 1520 1425 1548 hominum
1441 1520 1644 1549 revocationem
1661 1521 1824 1549 mirabiliter

999 1576 1022 1607 ο
1036 1571 1176 1602 operetur.

1039 1612 1081 1640 Ex
1099 1620 1200 1640 canone
1213 1612 1314 1647 duplici
1334 1613 1363 1640 in
1378 1611 1498 1675 dfesigas.
1515 1613 1665 1641 Anastasius
1685 1613 1822 1648 martyris,

1399 1656 1422 1675 te
1475 1667 1484 1674 .

1399 1656 1422 1675 ιε
1436 1656 1484 1675 ιι.

1073 1702 1210 1736 Μοηιῌοαι
1227 1702 1272 1730 ille
1292 1702 1339 1737 qui
1355 1702 1431 1730 dives
1445 1706 1498 1735 est,
1510 1705 1623 1737 propter
1641 1709 1719 1730 suam
1739 1702 1823 1730 mise-

1037 1748 1183 1776 ricordiam
1207 1755 1223 1776 e
1235 1747 1347 1783 Virgine
1367 1752 1467 1776 natus:
1484 1755 1562 1783 reges
1580 1746 1650 1784 Magi
1671 1747 1823 1775 discessum

1038 1800 1193 1829 praiparant
1211 1795 1247 1822 ab
1277 1794 1399 1827 Oriente,
1415 1799 1446 1822 ut
1462 1794 1539 1822 illum
1558 1794 1717 1823 intueantur
1735 1794 1825 1822 incar-

1037 1844 1144 1872 nalum,
1160 1845 1186 1867 et
1197 1840 1313 1868 fideliter
1330 1840 1455 1868 adorent.

1072 1884 1207 1919 Apparuit
1223 1884 1296 1913 Deus
1312 1885 1360 1920 qui
1375 1890 1434 1913 erat
1448 1885 1607 1918 invisibilis,
1625 1893 1709 1922 supra
1725 1886 1824 1914 huma-

1037 1937 1102 1957 num
1120 1937 1223 1957 morem
1242 1935 1323 1958 natus
1343 1938 1376 1958 ex
1392 1936 1429 1963 te,
1452 1938 1470 1958 ο
1495 1931 1578 1966 Virgo
1602 1931 1697 1964 Mater,
1714 1937 1824 1967 propter

1037 1976 1152 2003 multam
1168 1976 1385 2004 misericordiam
1404 1976 1485 2012 253
1500 1984 1589 2009 suam,
1607 1984 1710 2012 pauper
1733 1978 1822 2006 factus

1037 2018 1084 2052 qui
1101 2022 1161 2046 erat
1173 2018 1273 2051 dives,-
1288 2023 1319 2047 ut
1334 2019 1542 2048 immortalitate
1566 2021 1717 2050 humanum
1737 2030 1823 2058 genus

1036 2062 1143 2090 ditarel.

1073 2107 1123 2136 Hic
1144 2108 1221 2137 solus
1237 2108 1309 2137 Deus
1326 2114 1429 2143 noster,
1447 2111 1494 2146 qui
1510 2118 1543 2139 ex
1562 2116 1597 2144 te,
1614 2119 1631 2139 ο
1647 2111 1739 2148 Virgo,
1759 2119 1822 2139 vera

1036 2163 1120 2183 carne
1134 2155 1307 2183 ineﬂ‘ahiliter
1326 2155 1449 2188 indutus,
1466 2156 1493 2184 in
1509 2157 1638 2192 spelunca
1653 2158 1729 2186 nasci
1747 2158 1822 2185 festi~

1037 2206 1094 2234 nat,
1108 2206 1138 2229 ut
1148 2209 1202 2234 me,
1217 2201 1375 2236 speluncam
1388 2202 1525 2230 latronum
1538 2202 1676 2234 elfectum,
1691 2204 1822 2238 templum

1001 2240 1022 2267 υ
1037 2248 1121 2276 divini
1135 2248 1253 2284 Spiritus
1266 2248 1376 2276 eiliciat.

1073 2293 1095 2321 0
1111 2293 1200 2329 puella
1217 2293 1269 2321 viri
1295 2294 1398 2326 nescia,
1416 2294 1471 2322 fers
1497 2295 1669 2322 incarnatum
1695 2295 1722 2322 in
1744 2299 1822 2323 utero

1037 2343 1085 2368 tuo
1111 2339 1186 2366 illum
1213 2338 1260 2374 qui
1293 2338 1447 2366 universam
1474 2338 1527 2365 fert
1550 2343 1720 2373 creaturam;
1740 2347 1821 2375 quem

1037 2385 1120 2412 etiam
1136 2391 1169 2411 ex
1189 2390 1215 2411 te
1232 2388 1327 2411 natum
1344 2383 1371 2411 in
1387 2384 1520 2419 praesepio
1539 2385 1670 2420 reclinas;
1691 2390 1718 2414 et
1733 2386 1823 2415 cerni-

1038 2436 1082 2459 tur
1097 2436 1127 2458 ut
1143 2430 1245 2462 infans,
1264 2429 1309 2457 ille
1323 2429 1370 2464 qui
1387 2434 1430 2457 est
1446 2436 1509 2458 ante
1522 2431 1631 2458 saecula.

1071 2476 1130 2504 .lam
1146 2476 1280 2511 completa
1297 2480 1361 2503 sunt
1377 2476 1460 2504 verba
1473 2484 1581 2510 eorum,
1598 2477 1645 2512 qui
1672 2478 1698 2505 in
1717 2478 1821 2513 Spiritu

1037 2526 1132 2549 sancto
1149 2521 1400 2556 prophetaverunt:
1424 2521 1506 2557 Virgo
1531 2522 1604 2550 enim
1622 2523 1756 2551 accelerat
1775 2531 1823 2558 pa-

1038 2575 1098 2595 rere
1112 2567 1139 2595 in
1155 2567 1283 2602 spelunca
1298 2567 1530 2602 perfectissimum
1548 2568 1645 2597 Deum.

1073 2614 1110 2641 Ex
1131 2618 1208 2640 utero
1229 2616 1277 2640 tuo
1296 2613 1410 2640 lucifero
1432 2614 1556 2649 procedit
1581 2617 1740 2642 incarnatus
1763 2614 1820 2642 Rex

1037 2660 1167 2692 caelestis,
1185 2668 1203 2687 o
1223 2659 1365 2692 inviolata,
1390 2665 1417 2687 et
1431 2660 1459 2687 in
1484 2660 1616 2695 praesepio
1637 2664 1768 2695 tanquam
1793 2660 1820 2687 in

1036 2705 1137 2733 throno
1152 2704 1312 2733 reclinatur.

1071 2749 1149 2778 Nunc
1162 2750 1188 2777 in
1200 2750 1310 2785 propria
1323 2755 1397 2778 venit
1407 2758 1478 2778 novo
1492 2755 1571 2786 partu
1582 2750 1685 2778 editum
1699 2749 1819 2778 Verbum

1035 2792 1125 2821 Patris
1143 2793 1314 2822 incarnatutn
1338 2802 1372 2822 ex
1387 2795 1514 2830 Virgine;
1531 2798 1559 2822 et
1579 2798 1708 2829 tanquam
1729 2794 1820 2824 infans

1035 2839 1156 2866 cernitur
1176 2839 1204 2867 in
1223 2840 1353 2876 spelunca
1376 2846 1487 2877 propter
1507 2847 1643 2869 summam
1661 2841 1819 2870 misericor-

1035 2884 1107 2912 diam
1121 2891 1209 2913 suam.
