2075 3154
242 192 311 225 1275

809 194 839 223 S.
860 193 1017 224 JOSEPIII
1037 194 1318 225 HYMNOGRAPIII

1798 194 1863 226 1276

239 258 272 277 ac
289 248 442 280 benedicta,
457 255 520 283 qua:
539 247 565 274 in
586 254 669 275 carne
691 248 820 282 peperisti
838 248 921 276 Deum
936 249 1025 276 omni-

1081 249 1198 284 ὑμνητον
1211 250 1241 276 ὲν
1258 250 1340 284 σαρκὶ
1363 250 1501 285 κυήσασα,
1519 249 1565 276 τὸν
1593 249 1784 285 μεγαλύναντα
1801 250 1864 281 τοὺς

241 297 292 323 bus
306 295 434 322 laudibus
448 294 628 328 superiorem,
643 293 691 328 qui
709 294 923 329 triumphatores
938 303 971 323 ac
985 295 1025 323 vi-

240 346 330 368 ctores
345 340 431 368 hostis
444 340 638 374 magniﬁcavit.

275 385 311 413 Ut
338 386 486 413 humanam
512 385 654 414 deiﬁcaret
679 390 817 419 naturam,
846 386 919 415 Deus
944 387 1027 414 homo

241 431 328 458 tactus
351 436 442 458 estex
470 435 509 465 te,
524 439 541 459 ο
560 432 642 466 νει-κο
670 437 757 466 casla,
786 433 868 460 modo
897 433 1027 461 ineﬂ‘abili

240 481 322 511 atque
337 476 541 512 inexcogitahili
557 486 564 505 :
588 477 669 513 247
685 482 830 512 propterea
857 485 907 506 nos
935 478 1028 507 ﬁdeles

240 523 422 550 concordibus
441 524 552 551 vocibus
565 528 590 551 te
606 524 714 551 beatam
730 525 913 560 appellamus.

272 566 341 594 Cum
354 568 486 603 redempti
508 568 641 597 fuerimus
660 577 708 605 per
724 575 833 604 partum
847 575 935 603 tuum,
947 577 964 597 ο
981 570 1028 597 be-

241 612 360 645 nedicta,
375 613 410 640 ab
433 613 546 648 antiqua
571 614 783 646 maledictionc,
797 615 1027 648 benedictionem,

240 657 324 684 vitam
342 665 375 685 ac
403 658 619 694 redemptionem
649 660 822 695 accepimus,
847 668 898 688 nos
927 662 975 696 qui
1002 666 1029 689 te

242 702 385 737 Dciparam
398 704 594 739 gloriﬁcamus.

280 747 314 776 Ut
329 748 401 776 Deus
415 757 476 777 cum
494 751 622 785 supernis
636 751 778 785 spiritibus
791 752 969 788 conjungeret
981 760 1029 781 eos

242 793 288 827 qui
307 793 334 820 in
350 801 478 829 magnum
500 796 734 829 praevaricationis
757 798 917 824 barathrum
938 798 1029 832 prola-

242 838 282 873 psi
296 845 383 871 erant,
396 845 502 868 uterum
511 846 587 869 tuum
599 841 1025 878 inhabitavit,oiuviolatissima’,

241 889 268 912 et
281 893 346 912 caro
361 885 448 913 factus
464 891 515 914 cst.

1077 294 1256 331 ἀθλοφόρους,
1276 296 1380 323 καὶτὸν
1399 295 1496 332 ἐχθρὸν
1507 296 1763 323 καταπαλαίσαντα.

1114 387 1172 415 Ἰνα
1184 387 1274 423 θεώσῃ
1285 387 1316 414 τὸ
1334 388 1516 424 ἀνθρώπινον,
1529 389 1543 416 6
1553 387 1619 420 Θεὸς
1635 387 1744 420 ἐγένετο
1757 387 1864 423 ἄνθρω-

1078 443 1128 466 πος
1145 434 1178 460 ὲκ
1196 433 1256 465 σοῦ,
1280 434 1413 468 Παρθένε,
1429 435 1479 470 τῆς
1498 434 1596 469 ἁγνῆς,
1619 434 1692 469 ὑπὲρ
1720 433 1800 467 λόγον
1819 433 1867 460 καὶ

1077 480 1191 508 ἔννοιανο
1208 479 1254 506 διὰ
1275 479 1353 507 τοῦτό
1370 489 1400 507 σε
1420 480 1575 516 συμφώνως
1590 480 1616 507 οι
1638 480 1731 507 πιστοὶ
1747 479 1865 514 μακαρία

1079 527 1176 561 ζομεν.

1111 573 1304 607 Λυτρωυέντες
1323 572 1362 608 τῷ
1378 572 1451 608 τόκῳ
1464 580 1524 605 σου,
1539 572 1721 607 εὐλογημένη,
1733 571 1783 606 τῆς
1800 570 1865 606 πρὶν

1078 618 1199 653 κατάρας
1215 618 1342 654 εὐλογίαν
1369 618 1572 653 ἀπειλήφαμεν,
1602 618 1650 643 καὶ
1673 616 1745 652 ζωὴν
1760 616 1806 643 καὶ
1820 615 1866 642 λύ-

1077 672 1190 698 τρωσιν,
1204 664 1228 690 οι
1242 664 1272 690 σὲ
1283 663 1415 691 θεοτόκον
1428 663 1598 697 δοξάζοντες,

1130 759 1174 782 Ινα
1193 755 1260 787 Θεὸς
1273 756 1330 787 τοῖς
1344 755 1402 782 ἀνω
1433 755 1561 790 συνάψειε
1589 755 1654 787 τοὺς
1667 755 1866 790 ὀλισθήσαντας

1079 801 1263 835 παραϐάσεως
1281 802 1322 833 εἰς
1343 802 1414 835 μέγα
1434 801 1582 837 βάραθρον,
1607 801 1657 836 τὴν
1682 801 1732 836 σὴν
1745 800 1867 836 γαστέρα

1079 846 1182 882 ᾤκησε,
1201 847 1387 883 πανάχραντε,
1401 850 1449 874 καὶ
1461 847 1531 883 σὰρξ
1553 847 1748 883 ἐχρημάτισεν.

280 931 331 959 l‘er
343 931 472 960 virtutem
488 932 564 966 Jesu,
587 934 633 969 qui
659 942 692 962 ex
719 939 745 962 te
770 935 930 963 incarnatus
945 940 998 969 est,
1012 944 1029 964 o

1115 938 1194 966 Μετὰ
1214 938 1293 965 τόκον
1323 937 1434 974 ἀληθῶς
1459 946 1497 969 ως
1513 938 1566 973 πρὸ
1584 938 1677 970 τόκου,
1701 937 1807 972 Μαρια,
1832 938 1865 973 τῇ

242 976 337 1010 Maria,
357 979 532 1012 permansisti
545 987 606 1007 vere
624 980 701 1015 virgo
716 985 778 1015 post
796 987 915 1016 partum,
931 989 1029 1016 quem-

242 1021 389 1049 admodum
414 1023 506 1052 fueras
517 1030 581 1053 ante
592 1031 709 1061 partum.
720 1027 742 1054 0
759 1027 933 1060 miraculum,
955 1027 1029 1062 quod

243 1067 390 1096 humanam
406 1070 486 1097 tidem
503 1072 684 1100 transcendit!

285 1115 427 1143 Excelsior
439 1118 517 1145 caelis
531 1119 692 1153 apparuisti,
709 1127 725 1146 ο
741 1123 796 1147 tota
826 1123 919 1147 sancta
946 1123 1030 1154 atque

243 1160 385 1193 inviolata,
401 1162 466 1189 dum
484 1162 628 1190 Dominum
641 1171 674 1192 ac
691 1164 774 1191 Deum
796 1165 919 1192 omnium
947 1171 1029 1199 pepe-

242 1205 314 1239 risti,
328 1203 408 1240 quem
420 1207 543 1242 impense
554 1213 637 1243 atque
650 1209 730 1236 enixe
738 1209 877 1243 deprecari
890 1217 923 1237 ne
937 1216 1029 1236 cesses

243 1258 292 1285 pro
308 1251 396 1280 salute
411 1260 507 1279 eorum
524 1253 571 1289 qui
585 1258 612 1281 te
628 1261 690 1282 cum
708 1254 762 1282 ﬁde
787 1254 904 1282 [ει-νωιιὶ
925 1254 1029 1290 gloriﬁ-

241 1301 315 1324 cant.

279 1343 352 1371 Vidit
368 1348 394 1371 te
407 1344 542 1377 Ezechiel,
563 1353 580 1373 ο
593 1344 689 1381 Virgo,
702 1351 808 1381 portam
828 1347 962 1378 clausam,
978 1354 1027 1381 per

242 1396 326 1423 quam
342 1391 472 1418 transivit
490 1390 584 1424 Jesus,
610 1392 656 1427 qui
675 1392 808 1420 habitavit
835 1392 862 1419 in
884 1397 961 1420 utero
973 1397 1030 1425 tuo,

242 1439 269 1461 et
283 1442 393 1463 carnem
419 1437 524 1471 accepit
539 1445 572 1464 ex
600 1438 779 1473 sanguinibus
806 1438 861 1466 tuis
888 1438 947 1466 sine
976 1438 1030 1465 ulla

244 1481 424 1516 permistione
440 1486 489 1509 aut
500 1482 672 1510 confusione.

278 1526 301 1554 0
328 1532 386 1554 tota
408 1528 585 1556 immaculata
603 1533 630 1556 et
657 1533 744 1562 casta,
772 1537 833 1564 quae
848 1529 936 1556 lucem
955 1528 1029 1555 illam

242 1573 362 1600 divinam
381 1575 510 1609 peperisti
527 1583 589 1610 qua:
611 1583 644 1603 ex
663 1575 742 1603 Patre
770 1575 886 1608 refulsit,
909 1575 1029 1602 animam

1079 985 1194 1020 δυνάμει
1205 984 1252 1011 τοῦ
1269 986 1300 1012 ἐκ
1328 984 1376 1012 σοῦ
1395 985 1583 1021 σαρκωθέντος
1613 984 1713 1019 Ἰησοῦ,
1730 983 1868 1019 διέμεινας
1904 979 1908 982 ”

1080 1031 1215 1067 παρθένος
1226 1032 1321 1063 ὅντως,
1338 1031 1431 1067 οαῦμα
1447 1030 1609 1066 παράδοξον.

1121 1121 1292 1157 ’Υψηλοτὲρα
1317 1122 1412 1156 ὤφθης
1438 1121 1574 1157 οὐρανῶν,
1603 1121 1730 1156 κυήσασα
1759 1119 1869 1147 πάντων

1079 1167 1125 1194 τδν
1138 1168 1276 1204 Δεσπότην
1295 1169 1343 1195 καὶ
1373 1168 1450 1200 Θεὸν,
1463 1168 1492 1194 ὃν
1513 1168 1631 1199 ἐκτενῶς
1655 1167 1868 1194 καθικετεύουσα

1082 1213 1120 1248 μὴ
1142 1212 1246 1248 παύσῃ,
1269 1214 1390 1247 παναγια
1415 1214 1545 1249 ἄχραντε,
1572 1213 1659 1240 σῶσαι
1683 1212 1747 1243 τοὺς
1775 1212 1868 1239 πίστει

1080 1257 1168 1294 Θερμῇ
1182 1258 1394 1293 δοξολογοῦντάς
1411 1268 1452 1287 σε.

1123 1347 1255 1384 Ὶεζεκιὴλ
1267 1349 1356 1384 πύλην
1381 1348 1477 1384 βλέπει
1498 1348 1708 1383 κεκλεισμένην,
1731 1347 1867 1383 Παρθένε,

1079 1393 1114 1420 δι’
1128 1391 1162 1428 ἦς
1175 1393 1320 1420 διώδευσεν
1347 1394 1453 1428 Ἰησοῦς
1469 1395 1483 1420 ό
1498 1393 1642 1428 σκηνώσας
1653 1393 1682 1419 ὲν
1698 1393 1790 1428 μήτρα
1807 1401 1868 1423 σου,

1080 1440 1128 1467 καὶ
1146 1439 1235 1474 σάρκα
1259 1440 1291 1467 ἐκ
1317 1439 1371 1466 τῶν
1390 1439 1444 1466 σῶν
1459 1439 1584 1474 αἱμάτων
1604 1438 1723 1474 φορέσας
1742 1437 1869 1472 ἀσυγχύ-

1080 1494 1175 1560 τωὲθῶς
1189 1530 1206 1565 ὴ
1223 1529 1340 1556 τεκοῦσα
1352 1529 1383 1555 τὺ
1399 1528 1481 1560 θεῖον,
1492 1528 1524 1555 τὸ
1539 1529 1571 1555 ὲκ
1583 1527 1693 1564 Harpe;
1703 1527 1869 1562 ἀναλάμψαν

1080 1574 1130 1607 τὴν
1145 1574 1335 1600 σκοτισοεϊσάν
1355 1582 1405 1609 μου
1418 1573 1508 1609 ψυχὴν
1522 1574 1583 1605 ταῖς
1597 1573 1716 1604 ἀπάταις
1732 1571 1780 1599 τοῦ
1798 1572 1870 1607 βίου,

243 1625 330 1645 meam
360 1619 503 1647 erroribus
522 1620 584 1646 vita:
611 1619 828 1651 obtenebratam,
864 1625 891 1647 et
911 1620 1029 1647 hostium

1083 1620 1131 1647 ml.
1155 1621 1301 1655 γεγονυῖαν
1327 1619 1381 1646 τῶν
1400 1619 1516 1656 ἐχθρῶν,
1537 1619 1703 1654 πανάμωμε,
1729 1618 1868 1651 παίγνιον,

242 1662 392 1690 ludibrium
407 1663 518 1698 factam,
531 1665 672 1697 miserare,
683 1670 711 1693 et
722 1665 852 1693 salutaris
862 1665 1029 1701 patuitentia:

244 1709 305 1736 lucc
320 1709 431 1744 dignam
447 1709 491 1737 [ac
505 1711 590 1737 illam.

1083 1666 1268 1701 οἰκτειρησον,
1282 1667 1330 1693 καὶ
1345 1665 1415 1701 φωτὶ
1428 1664 1573 1700 μετανοίας
1582 1663 1717 1699 σωτηρίου
1734 1663 1870 1696 καταείν-

1084 1719 1141 1744 σον,
1154 1711 1238 1746 ἁγνή.

531 1898 821 1943 ΘΕΟΤΟΚΙΛ
858 1901 935 1944 ΕΚ
970 1900 1079 1943 ΤΗΣ
1117 1899 1577 1944 ΠΑΡΑΚΛΗΤΙΚΗΣ.

866 2077 1234 2125 THEOTOCIA.

767 2174 812 2204 Ex
840 2173 1031 2205 Paracletica
1055 2174 1240 2205 Graecorum
1263 2174 1340 2214 (99).

1036 2266 1068 2275 .—

299 2332 340 2359 EJ:
356 2339 454 2359 canone
470 2331 543 2366 feria:
559 2338 588 2363 ιι,
608 2331 644 2357 ad
670 2329 843 2358 Matutinum.
865 2330 932 2358 Tonl
949 2330 975 2359 I.

281 2420 363 2456 248
372 2419 488 2448 Ordines
505 2421 729 2456 incorporeorum
744 2421 886 2448 nobiscum
905 2420 952 2447 tibi
965 2428 1031 2448 con-

244 2465 340 2494 cinunt
363 2465 489 2501 hymnos,
519 2472 537 2493 ο
565 2465 646 2501 Virgo
665 2465 791 2494 omnibus
811 2465 937 2493 laudibus
955 2466 1029 2493 cele-

282 2543 339 2578 (99)
357 2543 438 2570 Liber
454 2543 639 2570 Paracleticus
656 2543 698 2577 (ut
721 2543 811 2578 inquit
838 2541 893 2570 Leo
917 2542 1033 2570 Allatius

247 2580 274 2618 i_n
284 2587 335 2618 suo
345 2586 427 2618 opere
440 2580 481 2618 “De
491 2578 566 2618 libris
579 2578 764 2618 ecclesiasticis
782 2578 958 2618 Grecorum.)
977 2578 1031 2618 diro

248 2615 299 2642 fert
312 2615 346 2640 ab
360 2614 422 2642 aliis
436 2613 592 2642 Grie'corum
608 2614 685 2641 libris
698 2613 901 2643 ecclesiasticis.
914 2613 985 2647 quod
1004 2613 1032 2639 in

247 2650 309 2676 aliis
329 2654 403 2677 certa
427 2655 490 2677 sunt
509 2650 590 2676 cci-tis
611 2649 709 2676 diebus
733 2649 843 2676 decreta
868 2649 968 2679 cilicia,
987 2656 1033 2675 ca-

248 2692 344 2716 nones,
364 2692 411 2711 scu
438 2684 557 2718 troparia
582 2691 644 2718 qua:
670 2684 779 2711 recitari
799 2684 908 2716 \solent,
933 2683 1033 2717 quibus

249 2719 334 2746 tinitis
351 2724 523 2754 reponuntur
542 2719 631 2746 donec
645 2719 739 2746 eadem
759 2723 881 2752 tempora
900 2724 1032 2754 remeent,

249 2762 312 2781 cum
326 2751 433 2782 rursum
449 2755 481 2782 ad
500 2755 671 2782 recitandum
688 2751 894 2788 suscipiuntur:
913 2758 941 2779 ut
955 2751 1035 2779 Trio—

249 2789 324 2819 dion.
348 2789 421 2824 quod
442 2789 660 2825 Quadrages'tma:
686 2787 820 2825 praecipue
841 2787 1034 2825 omc’oiPI-n-

251 2823 438 2859 tecostarium,
453 2825 526 2859 quod
548 2823 564 2851 ιῙ
583 2824 625 2851 die
644 2823 863 2851 Resurrcctinnis
886 2823 918 2859 ad
937 2824 1034 2859 Pente-

253 2861 374 2894 costcm;
388 2857 501 2892 Menalca,
515 2867 576 2894 qua:
599 2859 714 2893 singulis
732 2858 890 2886 mensibus:
907 2857 1034 2894 Paracle-

254 2891 326 2918 ticus
347 2897 453 2920 tantum
486 2891 590 2929 semper
611 2891 666 2929 pra:
691 2901 772 2922 manu
791 2898 843 2926 est,
860 2898 886 2920 ct
908 2892 1036 2920 omnibus

1046 2353 1068 2381 Β
1087 2332 1137 2359 Ἐκ
1147 2331 1202 2359 τοῦ
1215 2332 1347 2366 κανόνος
1366 2331 1428 2381 τῇς,
1437 2332 1581 2377 δευτέρας
1594 2333 1639 2366 εις
1652 2332 1709 2360 τὸν
1731 2332 1872 2366 ὀρθρον.

1401 2368 1483 2400 Ηχος
1512 2368 1549 2395 α’.

1401 2377 1426 2394 u
1449 2377 1483 2400 ος
1512 2377 1530 2394 α
1541 2387 1549 2395 .

1119 2419 1217 2453 Τάξεις
1229 2419 1384 2455 ἀσωμάτων
1395 2377 1446 2447 ob:
1454 2421 1520 2455 ἡμῖν
1534 2428 1566 2446 σε
1580 2419 1740 2455 ἁνυμνοῦσι,
1753 2419 1875 2455 Παρθὲνι

1084 2465 1259 2500 πανύμνητις
1273 2465 1319 2492 τδν
1335 2466 1388 2501 γὰρ
1406 2466 1592 2501 ἀπερίληπτον
1609 2466 1638 2493 ὲν
1654 2467 1687 2502 σῇ
1700 2466 1801 2501 γαστρὶ
1822 2473 1876 2492 σω-

1086 2542 1183 2570 diebus
1197 2543 1299 2578 aliquid
1315 2543 1342 2570 in
1358 2550 1390 2571 eo
1405 2543 1552 2578 invenitur,
1568 2543 1640 2578 quod
1659 2543 1719 2571 sive
1736 2543 1761 2570 in
1781 2542 1874 2574 Missa,

1088 2578 1146 2605 sive
1168 2578 1195 2604 in
1223 2577 1351 2612 Vesperis
1378 2578 1436 2605 sive
1461 2578 1488 2605 in
1519 2577 1662 2608 Matutino.
1679 2579 1738 2605 sive
1762 2577 1789 2604 in
1814 2578 1876 2605 aliis

1085 2613 1183 2640 ciliciis
1199 2613 1340 2640 recitatur.
1353 2612 1470 2645 Quando
1483 2613 1556 2640 enim
1579 2613 1605 2639 in
1622 2613 1683 2640 aliis
1698 2613 1794 2640 ofﬁciis
1814 2620 1876 2645 pro-

1086 2649 1144 2682 pria
1167 2647 1368 2679 desiderantur,
1385 2656 1446 2682 qua!
1479 2649 1513 2674 ad
1539 2648 1770 2682 complementum
1795 2647 1877 2674 ollicii

1085 2681 1248 2744 gerliueaut,
1259 2682 1293 2709 ad
1301 2683 1372 2710 hunc
1384 2681 1468 2710 lector
1480 2681 1636 2709 remittitur.
1646 2681 1760 2713 Dicitur,
1770 2687 1876 2716 utpote,

1109 2717 1283 2744 aracleticus.
1302 2717 1381 2744 quasi
1414 2717 1626 2744 consolatorius:
1652 2718 1776 2744 videntur
1802 2717 1876 2743 enim

1109 2717 1283 2748 aracleticus,
1302 2717 1381 2752 quasi
1414 2717 1626 2749 consolatorius;
1652 2718 1776 2744 videntur
1802 2717 1877 2743 enim

1087 2753 1189 2784 omnia,
1208 2759 1268 2786 qua:
1289 2752 1314 2778 in
1328 2759 1361 2779 eo
1388 2757 1462 2784 sunt,
1486 2760 1519 2779 eo
1546 2752 1664 2778 maxime
1690 2756 1814 2786 spectare
1848 2756 1877 2777 ut

1087 2792 1256 2822 peccatorem
1269 2787 1454 2819 consolentur,
1470 2787 1625 2818 hortentur,
1639 2791 1667 2813 et
1679 2787 1757 2821 quasi
1769 2786 1794 2813 vi
1809 2793 1877 2820 qua-

1087 2823 1149 2850 dam
1162 2822 1326 2856 compellant
1340 2825 1368 2848 ut
1382 2822 1415 2848 de
1427 2822 1584 2848 commissis
1596 2822 1782 2856 pwuiteutiam
1800 2825 1874 2854 agat,

1089 2862 1115 2885 et
1134 2855 1231 2889 Deum,
1247 2864 1326 2891 queui
1341 2855 1480 2890 peccando
1495 2855 1657 2891 oﬂeuderat,
1673 2856 1833 2891 pmnitentia
1849 2860 1877 2881 et

1090 2892 1217 2927 precibus
1243 2889 1293 2919 sibi
1315 2889 1461 2926 propitium
1488 2891 1592 2919 reddat.
1608 2889 1680 2918 lliuc
1695 2891 1778 2918 modo
1793 2898 1875 2924 ausc-
