2075 3154
275 216 342 247 ΙΞἿο

839 219 870 248 S.
890 219 1047 249 JOSEPHI
1066 219 1347 250 IIYMNOGRAPIII

1825 217 1835 249 i
1843 219 1894 250 280

305 272 415 299 Natura-
430 271 501 305 leges
513 271 539 298 in
555 274 580 298 te
593 271 773 299 innovantur:
790 279 851 298 nam
870 272 1053 307 legislatorcm

1143 273 1231 306 Νόμοι
1251 274 1279 299 ὲν
1293 272 1334 299 σοὶ
1352 272 1460 306 φύσεως
1479 271 1655 304 καινίξονται.
1680 272 1732 298 Τὸν
1752 273 1900 308 νομοδότην

269 318 422 348 Christum,
439 317 542 351 legibus
568 317 723 344 carnalibus
747 318 858 344 minime
874 318 991 345 obnoxia
1010 326 1042 353 pe

274 363 376 398 peristi,
392 370 409 388 ο
423 362 647 389 innocentissima
664 362 703 397 (ι)
720 372 726 389 :
743 363 831 395 illum,
861 364 984 398 inquam,
1008 364 1055 398 qui

275 407 465 441 redemptionis
483 407 554 441 legcs
571 407 798 435 sancitomnibus
813 409 857 440 iis.
870 409 916 443 qui
929 414 1032 436 canunt
1049 418 1056 436 :

271 451 428 479 Laudabilis
444 457 471 479 et
482 453 714 488 super-gloriosus,
732 453 804 481 Deus
823 459 931 489 patrum
948 459 1057 481 nostro—

274 506 344 528 cum,
358 502 411 524 etc.

303 545 393 572 Sacnc
416 545 609 580 prophetarum
635 553 716 573 voces
741 546 829 573 multo
850 551 913 574 ante
935 551 1058 582 tempore

274 591 524 624 prrenuntiaverunt
537 596 563 618 te
581 590 702 618 futuram
727 599 789 619 esse
805 592 918 618 Matrem
936 592 992 625 Dei,
1010 593 1056 627 qui

273 635 398 662 universa
415 635 530 668 creavit,
546 635 590 662 cui
610 636 746 668 canimus,
765 643 783 663 ο
798 636 974 664 immaculata
988 637 1026 671 (5)
1049 646 1056 664 :

275 681 436 712 llenedicite,
449 686 502 709 etc.

307 725 382 752 illum
398 725 465 757 fers,
476 727 523 761 qui
539 726 590 754 fert
603 728 732 755 universa
750 736 757 754 :
779 728 854 755 illum
872 728 941 756 lacte
957 733 1057 762 nutris,

275 771 319 803 qui
341 772 448 799 cunctis
471 773 562 800 cibum
588 774 766 808 suppeditat:
783 782 911 808 magnum
942 781 1056 802 tremen-

271 817 392 852 dumque
408 819 578 853 mysterium,
598 819 671 852 quod
693 820 858 847 intellectum
884 825 960 847 tuum
976 828 1057 847 exce-

272 863 322 895 dit.
339 871 355 891 ο
371 871 435 890 arca
451 865 614 892 venerandae
631 865 866 897 sanctiﬁcationis,
891 865 975 900 Virgo
995 865 1058 893 Dei-

275 915 339 943 para
355 918 363 936 :
379 909 558 943 quamobrem
571 914 596 936 te
611 918 674 936 cum
687 910 737 938 ﬁde
755 911 860 937 beatam
878 911 1046 945 appellamus

398 963 438 990 Ea:
452 972 550 990 canone
564 964 637 998 feriw
649 972 690 997 Ill,
707 965 740 991 ad
760 965 935 992 Matutinum.

308 1043 452 1079 Tanquam
474 1044 589 1071 thronus
606 1045 702 1078 igneus
726 1044 780 1071 fers
800 1044 958 1071 Creatorem
975 1053 982 1071 :
1001 1048 1060 1071 tan-

277 1097 360 1124 quam
377 1089 516 1116 animatus
541 1090 689 1121 thalamus,
715 1097 746 1117 ac
759 1090 910 1124 jucundum
930 1090 1060 1125 palatium

276 1135 376 1170 Regem
407 1135 534 1162 contines
558 1135 659 1162 factum
683 1135 798 1162 similem
825 1135 914 1168 nobis,
937 1136 983 1163 sed
1002 1136 1062 1163 sine

275 1181 427 1208 mutatione
454 1186 501 1208 aut
520 1181 724 1215 perturbatione
733 1181 774 1208 sui
794 1181 892 1216 ipsius.

305 1225 328 1252 0
343 1225 518 1253 sanctissima
534 1225 658 1257 Domina,
668 1233 728 1259 qum
739 1226 796 1253 sola
811 1225 908 1252 Filium
924 1230 1060 1253 carentem

275 1276 397 1306 tempore
411 1271 437 1298 in
459 1275 582 1305 tempore
597 1272 768 1298 incarnatum
795 1271 933 1306 peperisti,
953 1272 1062 1299 medere

275 1315 403 1342 omnibus
423 1315 596 1350 passionibus
626 1316 788 1343 miserrimze
814 1316 912 1343 animae
942 1324 1009 1343 mea:
1030 1325 1061 1344 ex

275 1362 406 1388 diuturno
422 1366 542 1396 tempore
553 1362 712 1389 contractis.

308 1407 386 1434 lllum
405 1407 488 1441 paris,
506 1415 586 1442 quem
602 1407 682 1435 Pater
699 1409 793 1443 genuit
817 1413 881 1436 ante
899 1409 992 1436 omnia
1010 1417 1062 1436 sac-

277 1452 338 1478 cula
355 1452 464 1479 :nutris
480 1454 639 1480 nutritorem
651 1473 659 1486 ,
680 1454 753 1480 nulla
773 1454 858 1482 virilis
868 1456 972 1489 copulae
991 1455 1062 1482 facta

275 1499 454 1532 experientia.
484 1499 644 1526 Miraculum
675 1501 859 1535 paradoxum!
901 1501 1061 1536 mysterium

275 1545 396 1572 novum!
415 1550 558 1580 propterea
574 1553 671 1574 omnes
701 1546 821 1574 ﬁdelium
845 1547 942 1574 anima:
961 1552 986 1574 le
1002 1548 1062 1582 glo-

275 1590 393 1622 riﬁcant,
408 1598 425 1617 0
441 1590 495 1618 Deo
511 1591 682 1618 charissima.

307 1634 404 1662 Totum
426 1636 522 1668 Adam,
536 1641 665 1670 tanquam
691 1641 804 1669 vestem,
825 1638 975 1672 assumpsit
997 1639 1062 1666 Ver-

277 1681 352 1713 bum,
382 1689 414 1708 ex
431 1686 467 1714 te,
482 1690 499 1709 ο
515 1681 640 1717 Dcipara,
656 1687 742 1709 totum
757 1690 840 1710 carne
856 1684 987 1711 amictum
1004 1692 1063 1718 pro-

277 1727 386 1754 cedens.
404 1727 495 1762 lpsum
506 1736 580 1761 ergo,
599 1736 614 1755 ο
634 1728 759 1762 Deipara,
789 1729 947 1763 suppliciter
966 1738 1061 1763 exora,

277 1778 307 1799 ut
323 1773 357 1800 ab
371 1773 445 1800 omni
463 1774 643 1807 tentationum
668 1781 766 1808 genere
782 1778 809 1801 ct
823 1775 857 1801 ab
876 1775 935 1810 igne
961 1781 1063 1804 azterno

279 1825 330 1844 nos
343 1818 452 1852 eripiat.
818 1817 821 1818 ⁷

313 1862 394 1897 250
408 1863 525 1898 Stupore
536 1865 671 1899 perculsae
678 1870 770 1894 mento
784 1871 963 1898 excesserunt
977 1875 1062 1903 ange-

278 1906 368 1934 lorum
403 1908 535 1944 legioncs,
562 1910 700 1938 intuentes
725 1912 863 1946 quomodo
884 1912 928 1939 ille
953 1912 1000 1947 qui
1021 1917 1063 1940 est

278 1952 432 1987 invisibilis,
451 1955 476 1982 in
498 1955 616 1983 humana
635 1956 722 1984 forma
745 1965 778 1984 ex
795 1963 820 1985 te
836 1963 976 1993 assumpta
993 1958 1062 1986 visi-

278 1998 341 2026 bilis
358 2004 523 2034 appareret:
550 2009 630 2035 quem
656 2006 696 2032 tu,
718 2009 734 2028 ο
753 2001 835 2038 Virgo
853 2003 899 2030 Dei
923 2003 1060 2035 Genitrix,

277 2046 391 2080 supplex
406 2053 528 2080 precare,
549 2051 578 2074 ut
592 2055 688 2074 omnes
713 2048 760 2082 qui
787 2053 813 2075 te
834 2048 949 2076 ﬁdeliter
960 2049 1062 2084 gloriﬁ—

277 2095 341 2118 cant
357 2092 445 2120 salute
462 2092 560 2126 dignos
575 2093 683 2121 eﬁiciat.

312 2137 455 2172 'l‘emplum
471 2139 672 2166 sanctiﬁcatum
687 2139 745 2172 Dei,
760 2140 806 2174 qui
824 2140 850 2166 in
869 2144 894 2168 te
915 2140 1060 2174 habitavit,

277 2183 359 2210 modo
376 2183 516 2216 ineﬁ‘abili,
534 2183 604 2211 facta
620 2192 660 2216 cs,
673 2192 689 2211 o
703 2184 792 2220 Virgo.
810 2184 942 2213 Eumdem
966 2187 1062 2220 depre-

276 2237 351 2262 care,
367 2234 396 2257 ut
413 2238 464 2257 nos
484 2238 499 2258 a
522 2236 697 2265 peccatorum
716 2231 843 2258 sordibus
869 2231 1010 2264 enmmlet,
1035 2236 1063 2258 ut

1111 317 1164 352 γὰρ
1181 318 1297 353 Χριστὸν
1305 317 1366 353 δίχα
1379 318 1468 352 νόμων
1483 318 1537 344 τῶν
1547 318 1687 352 σαρκικῶν
1702 318 1813 350 τίκτεις,
1829 328 1898 345 παν-

1111 363 1256 398 αμώμητε,
1282 364 1364 390 πᾶσιν
1392 364 1581 398 ἀπολύτρωσιν
1611 363 1807 398 νομοθετοῦντα
1844 365 1900 396 τοῖς

1113 409 1260 443 μέλπουσιν
1271 417 1278 423 ·
1295 409 1326 436 '0
1339 410 1444 441 αἰνετός
1460 409 1514 436 τῶν
1528 409 1654 444 πατέρων
1673 409 1738 440 Θεὸς
1750 410 1798 436 καὶ
1814 409 1899 445 ὕπερ-

1111 452 1226 484 ένδοξος.

1152 542 1236 576 Ἵεραί
1249 551 1279 569 σε
1295 542 1436 578 πόρῤωοεν
1454 544 1540 577 φωναὶ
1556 543 1718 578 γενήσεσθαι
1733 545 1838 580 μητέρα
1851 546 1898 572 τοῦ

1113 587 1203 614 πάντα
1227 587 1420 622 ἑκτειναμένου
1441 587 1679 623 προκατήγγειλαν
1701 588 1781 622 Θεοῦ,
1796 585 1819 622 ᾧ
1835 589 1900 623 μέ).-

1112 641 1209 667 πομεν,
1226 633 1362 668 ἄχραντε’
1379 633 1559 666 Εὑλογεῖτε...

1146 725 1242 759 Φέρεις
1260 724 1305 751 τὸν
1329 724 1363 751 τὰ
1387 725 1474 752 πάντα
1494 725 1612 760 φέροντα
1631 725 1678 751 καὶ
1694 725 1838 760 γαλουχεῖς
1855 727 1900 753 τον

1112 770 1180 796 πᾶσι
1196 770 1300 804 τροφὴν
1314 770 1479 804 παρέχοντα,
1499 771 1571 805 μέγα
1591 771 1637 797 καὶ
1652 771 1766 806 φρικτὸν
1781 772 1812 798 τὸ
1828 773 1899 808 ὑπὲρ

1111 814 1174 841 νοῦν
1189 824 1236 841 σου
1255 815 1415 850 μυστήριον,
1432 816 1530 842 κιϐωτὲ
1543 816 1589 842 τοῦ
1606 817 1705 843 σεπτοῦ
1717 818 1900 853 ἀγιάςμᾳτος,

1112 860 1231 895 Παρθένε
1245 860 1370 893 Θεοτόκε,
1381 861 1442 888 ὅθεν
1456 870 1485 888 σε
1500 862 1590 888 πίστει
1605 863 1805 898 μακαρίζομεν.

1075 951 1095 978 Β
1118 961 1164 987 Ἐκ
1189 961 1241 988 τοῦ
1269 960 1378 989 διπλοῦ
1411 962 1539 995 κανόνος
1568 961 1621 996 τῆς
1647 963 1748 998 τρίτης
1772 965 1816 996 εις
1845 964 1901 991 τὸν

1431 998 1567 1031 Ὅρθρον.

1150 1042 1195 1073 Ὧς
1213 1042 1306 1077 θρόνος
1319 1042 1492 1078 πυρῑμορφος
1515 1043 1612 1077 φέρεις
1640 1043 1686 1070 τὸν
1711 1043 1840 1078 κτίστην,
1864 1044 1902 1076 ὡς

1113 1085 1235 1120 ἔμψυχος
1250 1086 1371 1120 θάλαμος
1387 1086 1435 1113 καὶ
1455 1087 1571 1121 τερπνὸν
1583 1088 1714 1114 παλάτιον
1730 1089 1775 1114 τὸν
1788 1089 1902 1124 βασιλέα

1113 1133 1223 1167 χωρεῖς,
1253 1132 1400 1167 γενόμενον
1427 1133 1494 1168 ὅπερ
1514 1133 1606 1168 ἐσμὲν,
1635 1134 1696 1169 δίχα
1722 1134 1827 1169 τροπῆς
1852 1135 1903 1161 καὶ

1113 1176 1234 1210 φορμοῦ.

1158 1221 1190 1247 Ἡ
1215 1221 1282 1256 μόνη
1311 1220 1357 1247 τὸν
1382 1221 1497 1256 ἄχρονον
1525 1222 1590 1248 Υἱὺν
1616 1224 1644 1249 ὲν
1667 1223 1755 1259 χρόνῳ
1783 1224 1901 1251 τεκοῦσα

1114 1266 1310 1300 σαρκούμενον,
1330 1267 1450 1299 παναγία
1468 1267 1613 1298 Δέσποινα.
1635 1269 1724 1295 πάντα
1746 1269 1782 1295 τὰ
1802 1271 1898 1304 χρόνια

1113 1313 1162 1348 τῆς
1176 1312 1326 1343 παναθλίας
1341 1321 1391 1347 μου
1404 1312 1493 1348 ψυχῆς
1509 1313 1583 1348 πάθη
1602 1314 1781 1349 θεράπευσον.

1149 1405 1258 1437 Τίκτεις
1275 1405 1304 1431 ὃν
1321 1404 1416 1440 Πατὴρ
1436 1406 1565 1440 ἐγέννησε
1584 1406 1693 1432 πάντων
1713 1407 1765 1441 πρὸ
1783 1408 1900 1439 αἰώνων,

1113 1451 1222 1486 τρέφεις
1236 1451 1282 1478 τὸν
1293 1451 1407 1486 τροφέα,
1424 1452 1521 1487 πεῖραν
1538 1452 1633 1487 ἀνδρὸς
1651 1453 1688 1487 μὴ
1706 1453 1818 1486 γνοῦσα,
1847 1462 1904 1480 πα-

1115 1497 1225 1532 ράδοξον
1242 1497 1273 1524 τὸ
1295 1497 1399 1532 θαῦμα,
1423 1497 1518 1524 καινὸν
1538 1497 1568 1523 τὸ
1593 1498 1754 1533 μυστήριον,
1776 1498 1903 1534 θεοχαρί-

1114 1551 1181 1569 τωτε
1196 1551 1203 1558 ·
1217 1543 1257 1570 διὸ
1269 1544 1344 1570 πᾶσα
1362 1543 1464 1570 πιστῶν
1474 1543 1547 1578 ψυχὴ
1562 1543 1668 1577 δοξάζει
1682 1552 1722 1571 σε.

1151 1636 1232 1663 Ὀλον
1248 1637 1294 1663 τὸν
1316 1637 1402 1671 Ἀδὰμ
1419 1637 1550 1672 ὲφόρεσεν
1568 1637 1600 1663 ὲκ
1619 1637 1678 1669 σοῦ,
1699 1637 1825 1668 θεοτόκε,
1841 1638 1902 1669 ὅλος

1115 1681 1286 1716 σαρκοφόρος
1304 1681 1444 1717 προελθὼν
1460 1682 1474 1708 ὁ
1488 1681 1573 1715 Λόγος
1584 1690 1591 1697 ’
1607 1681 1687 1707 αὑτὸν
1703 1682 1760 1713 οὖν,
1776 1682 1903 1713 Θεοτόκε,

1114 1726 1233 1753 δυσώπει
1257 1726 1304 1753 τοῦ
1321 1726 1453 1762 ῥύσασθαι
1473 1728 1507 1754 ὲκ
1531 1727 1693 1761 πειρασμῶν
1710 1728 1904 1760 παντοδαπῶν,

1114 1772 1160 1798 καὶ
1174 1772 1221 1798 τοῦ
1239 1772 1325 1807 πυρὸς
1340 1772 1388 1799 τοῦ
1402 1772 1583 1804 αἱωνίζοντος.

1156 1864 1321 1899 Ἐεέστηςαν
1349 1865 1452 1900 ὁρῶσαι
1480 1866 1604 1900 ἀγγέλων
1638 1866 1776 1900 στρατιαὶ,
1805 1865 1864 1895 πῶς
1889 1865 1903 1891 ὁ

1114 1909 1271 1945 ἀθεώρητος
1298 1912 1388 1945 μορφῇ
1418 1912 1450 1946 τῇ
1465 1911 1526 1938 καθ’
1558 1912 1633 1946 ἡμᾶς
1661 1913 1693 1938 ἐκ
1722 1911 1768 1937 σοῦ
1795 1911 1902 1945 ὡράθη,

1115 1955 1236 1991 Παρθὲνε
1248 1956 1414 1991 Θεοκυῆτορ·
1431 1956 1461 1983 ὃν
1471 1957 1622 1983 ὲκδυσώπει
1637 1957 1774 1992 σωτηρίας
1787 1957 1904 1988 ἀξιῶσαι

1115 2001 1219 2033 πάντας
1239 2003 1301 2034 τοὺς
1316 2003 1421 2034 πιστῶς
1435 2011 1464 2029 σε
1477 2002 1649 2035 δοξάζοντας.

1150 2140 1224 2171 Nati);
1241 2139 1406 2175 ὴγιασμένος
1427 2139 1551 2174 ἐδείχθης
1575 2138 1622 2166 τοῦ
1649 2138 1716 2165 Θεοῦ
1734 2138 1781 2166 τοῦ
1807 2139 1838 2165 ὲν
1862 2139 1903 2166 σοὶ

1114 2186 1284 2220 οἰκήσαντος,
1314 2185 1448 2220 Παρθένε,
1478 2185 1548 2220 ὑπὲρ
1578 2185 1650 2212 νοῦν·
1681 2185 1762 2211 αὑτὸν
1782 2185 1903 2211 δυσώπει

1115 2231 1257 2266 ἁμαρτιῶν
1286 2231 1360 2265 ἡμᾶς
1393 2230 1480 2265 ῥύπου
1508 2230 1696 2266 ἀποκαοᾶραι,
1725 2231 1799 2262 ὅπως
1829 2229 1904 2262 οἶκος

274 2276 374 2304 domus
388 2281 415 2304 et
429 2276 615 2305 habitaculum
644 2277 764 2312 Spiritus
786 2278 873 2305 sancti
896 2286 956 2306 esse
973 2286 1060 2314 agno-

1114 2276 1311 2312 γνωρισθῶμεν
1325 2276 1372 2302 καὶ
1382 2277 1593 2311 κατοικητήριον
1608 2276 1778 2311 Πνεύματος.

275 2329 396 2350 δεθηιιιιι.

311 2367 401 2394 Unum
419 2367 563 2396 Trinitatis
581 2369 742 2396 venerandae
766 2369 792 2396 in
813 2369 920 2396 duabus
937 2370 1063 2397 volunta-

276 2413 350 2440 tibus
366 2422 448 2441 unam
473 2415 632 2450 hypostasin
661 2416 804 2443 habentem
835 2416 976 2451 peperisti,
992 2423 1008 2442 o
1026 2417 1060 2443 ab

275 2460 349 2486 omni
369 2461 475 2488 macula
491 2461 622 2489 immunis
635 2461 673 2496 (6)
700 2470 706 2488 :
733 2469 814 2496 quem
838 2463 919 2490 enixe
947 2469 1061 2497 precare

275 2513 325 2540 pro
341 2506 464 2533 omnium
484 2511 610 2534 nostrum
627 2508 728 2535 salute.

310 2564 349 2599 (ι)
365 2564 471 2599 Optime
486 2564 670 2593 Bernardinus
686 2566 719 2593 de
737 2566 820 2593 Busto
838 2567 864 2593 iu
889 2574 938 2593 suo
955 2566 1059 2593 Mariali

275 2608 358 2628 serui.
371 2600 398 2632 9,
413 2600 446 2627 de
465 2599 649 2634 Conceptioue
672 2606 748 2634 parte
761 2609 802 2632 ιιι,
822 2610 831 2626 ‹
850 2602 934 2631 Sicut.
959 2601 1060 2635 inquit,

276 2635 345 2670 ignis
354 2643 491 2669 nunquam
509 2636 558 2662 fuit
575 2635 633 2662 sine
649 2636 749 2668 calorc,
762 2643 811 2663 ncc
827 2643 897 2670 aqua
913 2636 1061 2670 aliquando

278 2671 328 2697 fuit
352 2672 411 2697 sine
439 2671 569 2702 humore,
586 2671 623 2696 ita
651 2671 679 2697 Β,
698 2670 742 2697 Dei
773 2671 894 2697 Genitrix
921 2679 1059 2705 nunquam

277 2705 328 2734 fait
343 2705 578 2741 sineionoccntim
589 2714 597 2729 ι
612 2706 657 2732 Sic
669 2706 720 2733 ille.
732 2705 764 2732 Et
775 2706 872 2733 merito
883 2706 1059 2741 quidemcum

278 2741 433 2768 innocentia
460 2741 496 2768 sit
511 2739 539 2766 Β.
557 2740 686 2774 Virginis,
701 2745 837 2775 quatenus
863 2739 919 2768 lucc
943 2745 983 2767 est
1015 2741 1060 2767 Dei

279 2775 374 2807 Mater,
387 2776 509 2809 quasdam
528 2776 679 2810 proprietas
694 2780 721 2803 et
733 2775 830 2807 forma,
843 2781 871 2802 ut
888 2776 915 2802 in
931 2783 979 2803 sua
997 2775 1063 2802 Um-

280 2783 374 2807 matcr,
387 2783 509 2809 quamam
520 2783 679 2836 proprietas
694 2783 721 2803 et
733 2783 830 2807 turma,
843 2783 871 2802 ut
888 2784 915 2802 In
931 2783 979 2803 sua
997 2783 1063 2802 um-

280 2811 327 2837 bra
341 2811 455 2846 virginea
477 2819 505 2837 η.
544 2811 583 2840 15.
604 2811 731 2846 observat
750 2810 783 2846 Ρ.
801 2811 928 2846 Aloysius
951 2810 1065 2837 Novari-

281 2853 343 2872 nus.
360 2845 424 2872 lure
445 2845 563 2881 proinde
573 2846 601 2872 Β.
621 2844 701 2881 Virgo
717 2853 731 2872 a
746 2844 866 2880 Joscpbo
889 2850 980 2872 nostro
1003 2851 1064 2881 tan:

282 2887 363 2917 quam
392 2880 612 2920 innocentissima
627 2881 801 2916 agnoscitur,
818 2885 845 2909 ct
872 2881 1006 2909 salutatur
1022 2889 1028 2907 :
1043 2880 1066 2908 0

286 2920 400 2941 innoceo
405 2918 518 2942 ttssitna.

1159 2368 1202 2394 ‘Ev
1223 2367 1270 2394 δύο
1297 2369 1357 2397 ταῖς
1374 2367 1501 2402 θελήσεσι
1521 2367 1568 2394 ἕνα
1589 2367 1639 2402 τῆς
1666 2369 1768 2402 σεπτῆς
1789 2367 1906 2399 τέτοιας

1116 2414 1242 2449 Τριάδος,
1262 2414 1448 2449 πανάχραντε,
1462 2413 1580 2448 φέροντα
1596 2413 1660 2447 μίαν
1676 2414 1725 2448 τὴν
1741 2413 1904 2446 ὑπόστασιν,

1115 2461 1144 2487 ὃν
1156 2461 1272 2492 ἐκτενῶς
1286 2460 1405 2487 δυσώπει
1422 2460 1525 2492 πάντας
1542 2459 1618 2494 ἡμᾶς
1636 2459 1766 2494 σωθῆναι.

1151 2565 1190 2626 (5?
1204 2564 1256 2592 Per
1274 2563 1512 2598 praeservationem
1528 2563 1678 2598 prmsertim
1696 2570 1710 2590 a
1728 2562 1834 2589 macula
1848 2563 1907 2602 ori-

1151 2608 1176 2626 ιιι
1190 2601 1208 2626 i.
1232 2599 1307 2626 Unde
1330 2598 1467 2626 Mal-silius
1494 2599 1589 2625 doctor
1619 2598 1689 2624 inter
1724 2597 1907 2624 scholasticos

1115 2597 1208 2635 ginali.
1232 2597 1307 2626 Unde
1322 2598 1467 2635 illim-silius
1494 2597 1589 2625 doctor
1619 2598 1689 2635 inter
1724 2597 1907 2635 scholasticos

1115 2632 1274 2670 insignisjn
1295 2634 1372 2670 rlibr.
1389 2641 1408 2670 ιι
1440 2634 1608 2670 S_entcnt:__q.
1623 2633 1673 2670 ει),
1691 2632 1760 2670 a:_'2.
1778 2632 1815 2658 ait
1836 2632 1908 2658 iul-1'

1114 2666 1189 2697 alia':
1208 2679 1216 2694 ι
1233 2668 1316 2701 Magis
1333 2669 1424 2695 decuit
1448 2668 1530 2694 Deum
1556 2666 1693 2702 Virginem
1711 2666 1822 2693 Matrem
1835 2674 1906 2701 prm-

1114 2713 1222 2731 scrvare
1238 2711 1252 2730 a
1271 2703 1378 2730 macula
1402 2704 1510 2734 montis,
1529 2711 1610 2736 quam
1625 2710 1639 2728 a
1661 2703 1755 2728 dolore
1770 2702 1906 2735 corporis.

1115 2740 1191 2766 Patet
1206 2749 1212 2765 :
1227 2739 1290 2772 quia
1305 2738 1394 2764 anima
1412 2738 1530 2764 hominis
1541 2742 1581 2764 cst
1593 2737 1766 2772 prazstautioj
1779 2743 1906 2772 corp-rc;

1116 2775 1191 2805 item,
1208 2769 1270 2811 quia
1291 2773 1386 2811 anima
1397 2778 1438 2799 cst
1455 2769 1611 2811 expressior
1628 2769 1882 2811 imago-Trinitatis
1898 2779 1905 2796 :

1119 2809 1180 2835 item
1193 2830 1200 2840 ,
1216 2806 1279 2842 quia
1299 2808 1405 2834 macula
1425 2808 1523 2834 mentis
1538 2808 1597 2834 sine
1608 2806 1785 2842 proportione
1798 2806 1907 2840 gravior

1118 2847 1159 2872 est
1173 2843 1266 2871 dolore
1277 2843 1377 2870 carnis.
1395 2851 1403 2867 ι
1419 2842 1464 2869 Sic
1483 2842 1538 2868 illc.

1156 2879 1194 2920 (6)
1212 2877 1315 2920 llebrzci
1347 2878 1397 2904 hoc
1421 2877 1548 2920 religiose
1564 2879 1721 2907 servaoant,
1740 2879 1768 2915 ut
1785 2873 1904 2920 Tliephi-

1121 2909 1167 2942 lini
1185 2909 1211 2941 in
1229 2913 1385 2940 membrana
1416 2909 1590 2944 scriberetur,
1607 2918 1669 2946 quas
1696 2910 1770 2938 omni
1799 2909 1904 2936 macula
