2075 3154
179 161 246 194 1281

860 165 1042 196 MARIALE.

1727 170 1796 203 1232

212 219 375 246 Βασίλισσαν
409 220 549 254 Παρθένον
591 228 620 246 σε
655 228 784 255 κηρυττει
815 221 829 246 ὁ
869 222 950 248 Δαῦὶδ

1051 222 1181 258 Reginam
1198 224 1338 260 Virginem
1349 226 1478 260 praedicat
1491 231 1516 253 te
1525 225 1620 260 David,
1633 233 1650 253 0
1660 226 1796 257 immacu-

176 265 291 300 ἅχραντε
305 265 391 299 ἁγνή·
412 265 452 292 διὸ
476 265 589 291 ἱκετεύω
613 273 654 297 σε,
677 266 727 300 τῆς
741 266 869 301 οὐρανίου
885 266 963 300 βασι-

176 310 249 342 λείας
272 319 306 345 με
329 311 441 346 ποίησον
470 311 651 346 κληρονόμον,
677 311 722 338 ἵνα
748 320 778 338 σε
806 311 962 348 μακαρίζω.

217 401 401 437 ’Δγιὰσματος
429 403 515 437 σκηνὴ
544 403 714 438 δεδειγμένη,
747 404 853 439 Μαρία,
882 414 962 440 μιαν-

178 451 267 476 θεῖσαν
286 451 393 485 ἡδοναῖς
417 451 465 487 τὴν
481 451 578 478 ἀθλίαν
596 461 647 487 μου
669 452 757 488 ψυχὴν
775 453 899 487 ἁγίασον,
916 455 962 481 καὶ

177 497 252 528 θείας
264 496 343 530 δόξης
359 497 474 531 μέτοχον
490 497 614 533 ποίησον.

210 587 265 622 Τὴν
282 587 395 622 Μητέρα
411 587 458 614 τοῦ
478 587 547 614 Θεοῦ
568 589 615 614 καὶ
631 589 717 624 καλὴν
727 590 756 616 ὲν
774 590 880 624 γυναιξὶ
897 591 977 618 δυσ--

176 632 241 659 ωπῶ
273 641 302 658 σε
335 633 462 664 ἐκτενῶς,
495 634 532 668 μὴ
570 635 687 670 παρίδῃς
716 644 761 670 με,
794 637 876 672 ἁγνὴ,
901 638 960 664 ἀλλ’

176 678 318 713 οῖκτειρον,
330 679 377 704 καὶ
391 679 481 713 πάσης
497 678 599 714 βλάϐης
616 680 684 706 σῶον
697 682 876 717 συν-τήρησον.

217 767 263 794 Ἐκ
280 768 381 801 γενεῶν
399 768 493 795 πααῶν
511 778 539 796 σε
555 770 568 796 ὁ
580 770 707 804 Χριστὸς,
723 771 895 806 πανύμνητε,
912 773 960 807 μό-

175 822 223 847 νην
232 813 376 848 ῄρετίσατο
387 813 471 848 αὐτῷ,
481 811 525 840 οἷα
536 814 695 849 σεμνὴνκαὶ
702 814 836 850 καθαρὰν,
847 817 886 848 είς
896 825 960 843 κατ-

175 860 273 892 οικίαν,
288 859 334 885 καὶ
358 860 390 885 ὲκ
416 860 463 885 σοῦ
485 859 522 892 ὡς
550 860 625 895 ἥλιος
642 860 814 893 ὲξανατείλας
837 863 885 889 τὴν
906 863 960 898 γῆν

175 905 264 931 πᾶσαν
287 903 429 938 ἐφώτισεν.

214 950 374 984 Ἱκετηρίαν,
392 950 522 985 ἄχραντε,
546 950 606 985 Θεῷ
622 951 792 986 προσάγαγε,
813 953 887 984 ὅπως
903 963 957 980 πα-

175 995 343 1031 ραϐλέψηται
361 996 438 1030 ἡμῶν
457 996 489 1022 τὰ
507 996 674 1032 πταίσματα,
695 998 742 1024 καὶ
757 998 806 1030 τὰς
822 1000 958 1035 ἀμέτρους

175 1041 329 1076 ἁμαρτίας.
360 1041 408 1067 καὶ
436 1040 635 1073 διαιωνίζοντος
672 1042 854 1078 ἐλευθερῶσαι
884 1045 958 1080 ἡμᾶς

174 1087 258 1122 πυρὸς
276 1086 444 1119 κολάζοντος.
479 1096 481 1099 ·

214 1132 259 1163 Ὠς
275 1132 368 1166 κρίνον
379 1132 515 1159 κοιλάδεσι
527 1132 574 1158 τοῦ
585 1132 642 1167 βίου
655 1133 779 1170 εὑρηκὼς
796 1135 824 1161 ἐν
836 1136 877 1162 σοὶ
887 1145 955 1163 κατ-

173 1177 328 1211 εσκήνωσεν
351 1176 364 1202 ό
386 1176 496 1202 πάντων
511 1177 661 1212 φυτουργὸς
673 1185 680 1192 -
698 1177 794 1212 ὀδμαῖς
819 1180 959 1215 ἐναρέτοις

173 1223 219 1249 καὶ
241 1221 405 1257 σεμνότητος
429 1221 476 1248 νῦν
500 1222 700 1250 κατευωδίασον
729 1225 813 1259 ἡμᾶς,
844 1225 957 1260 Θεογεν.

173 1269 263 1304 νῆτορ.

213 1313 308 1340 Ῥῦσαί
326 1322 359 1348 με
373 1314 476 1341 ἀτόπου
489 1314 627 1349 ἁμαρτίας
641 1315 687 1341 καὶ
696 1314 794 1349 φλογὸς
805 1315 955 1352 ἁμαρτιας,

173 1359 284 1390 σκότους
300 1359 470 1392 κολάζοντος.
491 1361 538 1387 καὶ
557 1360 680 1396 βρυγμοῢ
696 1361 749 1388 τῶν
770 1361 893 1394 ὀδόντων,
911 1362 958 1388 καὶ

174 1404 323 1439 σκώληκος,
339 1405 471 1441 Παρθένε,
489 1407 556 1442 μόνη
573 1408 725 1442 προστασία
739 1407 786 1435 τοῦ
800 1408 893 1442 γένους
903 1409 957 1435 τῶν

173 1450 220 1476 ἀνο
226 1451 334 1485 ρώπων.
799 1479 803 1483 .

207 1497 388 1529 Φωτιστικαῖς
411 1497 565 1533 λαμπηδόσι
590 1499 636 1525 τοῦ
662 1498 851 1530 ἀνατείλαντος
867 1499 955 1533 Λόγου

1014 268 1068 295 lata
1084 274 1110 296 et
1128 277 1194 303 pura
1212 275 1373 304 :propterca
1389 271 1437 297 tibi
1458 271 1582 305 supplico
1605 277 1634 299 ιιι
1657 280 1700 300 me
1714 274 1798 301 cccle-

1013 314 1063 341 stis
1079 314 1154 349 regni
1168 314 1300 341 ltaereJem
1309 314 1420 348 efﬁcias,
1434 320 1464 342 ut
1473 317 1576 350 possim
1587 321 1613 343 te
1626 317 1732 346 beatam
1745 327 1796 354 ap-

1013 359 1124 393 pollare.

1049 403 1071 430 0
1086 403 1181 436 Mai-ia,
1194 412 1254 439 quae
1267 404 1493 432 sanctiﬁcationis
1507 405 1713 433 tabernaculum
1727 407 1795 435 facta

1012 456 1053 481 es,
1070 449 1210 476 sanctilica
1233 450 1363 476 miseram
1387 450 1505 477 animam
1520 458 1618 482 meam,
1637 452 1795 485 passionum

1013 495 1209 527 cupiditatibus
1228 495 1413 530 inquinatam,
1429 501 1457 523 et
1472 497 1572 524 divina:
1585 498 1676 532 gloria1
1686 500 1797 532 partici-

1013 548 1073 574 pem
1089 540 1174 567 etlice.
1798 539 1804 544 ’

1049 585 1086 613 Te
1102 586 1149 613 Dei
1168 586 1291 618 Matrem,
1306 591 1333 613 ct
1345 587 1555 621 pulcherrimam
1572 588 1641 615 inter
1657 588 1795 620 mulieres.

1012 631 1112 659 obnixe
1125 631 1268 666 deprecor,
1280 639 1297 659 ο
1314 632 1405 666 Virgo,
1420 639 1453 658 ne
1467 632 1600 666 despicias
1613 640 1666 664 me.
1682 634 1729 660 sed
1744 635 1796 660 mi-

1012 684 1102 703 serere
1124 677 1188 710 mei,
1213 682 1240 704 et
1266 677 1300 704 ab
1315 676 1390 704 omni
1412 677 1522 705 lazsione
1547 678 1710 706 incolumem
1728 687 1796 706 con-

1011 729 1098 749 serva.

1046 766 1084 793 Ex
1113 766 1240 794 omnibus
1267 768 1489 802 generationibus
1510 772 1536 796 te
1558 776 1639 795 unam
1668 769 1794 797 Christus

1012 812 1062 839 sibi
1076 812 1101 838 in
1116 812 1300 839 habitaculum
1315 813 1452 848 elegit(7),
1470 821 1487 840 ο
1503 814 1728 848 laudabilissima,
1749 821 1794 842 ut—

1012 863 1072 891 pote
1087 859 1271 884 venerandam
1288 866 1321 884 ac
1334 866 1446 893 puram;
1463 864 1490 886 et
1511 867 1542 886 ex
1563 864 1589 887 te
1601 864 1731 895 tanquam
1754 862 1794 889 sol

1011 907 1131 935 exortus,
1149 907 1249 930 terram
1267 903 1420 931 universam
1434 904 1607 932 illuminavit.

1047 948 1267 983 Supplicationes
1294 948 1350 976 Deo
1369 949 1445 981 otl‘er,
1468 957 1485 977 ο
1502 950 1641 982 inviolata,
1670 956 1698 979 ut
1717 952 1795 980 nobis

1009 994 1103 1030 lapsus
1120 1000 1229 1022 nostros
1247 995 1380 1030 ignoscat,
1395 1001 1422 1023 et
1445 1000 1565 1031 peccata,
1579 1004 1639 1031 quae
1661 997 1721 1024 sine
1743 1005 1794 1024 nu-

1009 1048 1085 1067 mero
1099 1041 1329 1076 perpetravimus,
1344 1045 1371 1069 et
1379 1042 1414 1069 ab
1429 1041 1501 1077 ignis
1516 1042 1676 1077 sempiterni
1690 1043 1795 1078 suppli-

1009 1085 1051 1112 cio
1065 1086 1161 1113 liberet
1179 1094 1239 1113 nos.

1043 1131 1112 1158 Cum
1131 1136 1155 1159 te
1167 1136 1296 1166 tanquam
1311 1131 1395 1159 lilium
1413 1132 1440 1158 in
1458 1131 1540 1166 hujus
1563 1133 1656 1159 mundi
1678 1133 1794 1160 vallibus

1009 1176 1126 1204 Greater
1143 1178 1266 1204 omnium
1284 1178 1442 1210 invenisset,
1456 1177 1482 1204 iit
1500 1182 1536 1210 te,
1566 1185 1583 1204 ο
1598 1177 1644 1204 Dei
1659 1177 1793 1209 Genitrix.

1010 1222 1142 1249 habitavit
1154 1231 1161 1249 :
1172 1217 1247 1250 iiunc
1260 1222 1343 1257 igitur
1359 1223 1468 1250 virtutis
1490 1230 1523 1250 ae
1539 1223 1648 1257 pietatis
1662 1223 1794 1252 odoribus

1009 1275 1058 1294 nos
1075 1267 1218 1301 pertunde.

1046 1313 1142 1340 Libera
1157 1321 1200 1340 me
1216 1321 1231 1340 a
1258 1313 1418 1341 foedissimis
1437 1313 1566 1347 peccatis,
1588 1317 1615 1341 et
1639 1321 1654 1340 a
1683 1313 1792 1342 ﬂamma

1010 1360 1166 1389 tenebrosa.
1182 1359 1261 1394 251
1278 1366 1330 1394 qua
1346 1359 1498 1394 puniuntur
1516 1359 1610 1386 eadem
1626 1365 1748 1393 peccata.
1766 1365 1794 1387 et

1009 1413 1023 1432 ει
1039 1405 1156 1433 stridore
1166 1405 1301 1437 dentium,
1313 1410 1394 1440 atque
1407 1413 1423 1431 a
1433 1412 1537 1439 verme,
1550 1412 1566 1432 ο
1577 1404 1670 1440 Virgo,
1681 1405 1791 1437 unicum

1009 1450 1118 1477 humani
1133 1450 1239 1485 generis
1249 1450 1414 1484 praesidium.

1047 1495 1238 1524 lllutninativis
1257 1496 1450 1530 splendoribus
1465 1495 1557 1529 Verbi,
1575 1496 1646 1531 quod
1663 1504 1696 1524 ex
1714 1502 1792 1525 utero

173 1543 205 1568 ἐκ
225 1542 273 1576 τῆς
298 1543 379 1575 ἁγίας
396 1552 442 1570 σου
466 1544 594 1578 γαστρὸς,
616 1544 731 1571 Θεοτόκε
756 1544 891 1579 Παρθένε,
909 1545 953 1571 καὶ

1007 1545 1055 1569 tuo
1069 1546 1165 1569 sancto
1187 1545 1312 1570 exortum
1338 1545 1390 1575 est,
1412 1549 1429 1569 ο
1446 1541 1528 1575 Virgo
1555 1543 1678 1576 Deipara,
1707 1547 1791 1578 atque

173 1589 396 1622 καταυγάσαντος
419 1590 467 1623 τῆς
492 1591 543 1625 γῆς
562 1590 597 1616 τὰ
622 1590 737 1625 πέρατα,
762 1590 878 1624 φώτισον
906 1591 955 1626 τὴν

171 1632 259 1668 ψυχήν
276 1642 336 1668 μου,
349 1634 451 1669 ήδονῶν
460 1634 618 1670 ἀμαυρώσει
632 1636 829 1667 σκοτισΟεῖσαν,
841 1635 955 1671 ἀμελείᾳ

170 1678 225 1704 τῶν
238 1679 343 1709 παθῶν,

205 1725 300 1759 Φέρεις
313 1726 360 1752 τὸν
375 1726 490 1761 φέροντα
501 1727 599 1758 πάντα,
613 1727 769 1762 χερουϐικὸς
784 1726 878 1763 ὥσπερ
891 1726 954 1763 θρό-

171 1778 226 1802 νος,
241 1771 352 1805 τρέφεις
374 1772 418 1798 τὸν
433 1771 566 1806 τρέφοντα
589 1773 673 1806 ἡμᾶς,
694 1772 723 1798 ὃν
737 1772 883 1802 ἀπαύστως
908 1773 954 1799 δυ-

171 1815 267 1847 σώπει,
291 1817 482 1852 οεοχαρίτωτε,
499 1818 574 1853 ἡμᾶς
595 1818 708 1852 σεισμοῦ
741 1818 951 1850 κατα-πτώσεως,

171 1860 308 1894 ἁλώσεως,
330 1863 376 1889 καὶ
396 1864 525 1895 παντοίας
544 1863 677 1898 ἀνάγκης,
696 1862 743 1889 σοῦ
757 1864 807 1898 τὴν
834 1863 952 1898 ποίμνην

169 1906 392 1941 ἐκλυτρώσασοαι
409 1908 462 1935 ἀεί.

175 1960 223 1986 Ἐκ
238 1960 290 1987 τοῦ
307 1962 436 1994 κανόνος
455 1961 506 1996 τῆς
523 1961 675 1997 τετάρτης,
691 1964 734 1995 εἱς
747 1962 800 1989 τὸν
820 1963 951 1997 Ὄρθρον.

210 2014 356 2050 Ῥομφαίᾳ.
373 2015 504 2050 πάναγνε,
518 2016 663 2052 τέτρωσαι,
679 2017 709 2043 τδ
725 2017 808 2049 πάθος
824 2017 869 2043 τοῦ
886 2017 952 2044 Υἱοῦ

169 2067 227 2091 σου,
248 2059 286 2091 ὼς
304 2060 422 2094 ἔϐλεψας
443 2061 523 2087 αὑτὸν
547 2063 580 2097 τῇ
601 2062 686 2098 λόγχῃ
707 2062 882 2097 νυττόμενον,
906 2063 953 2089 καὶ

166 2105 217 2139 τὴν
233 2105 262 2132 ἐν
274 2107 430 2142 παραδείσῳ
443 2108 595 2142 κωλυτικὴν
607 2107 733 2142 εἴργοντο.
749 2109 896 2143 ῥομφαίαν,
913 2110 950 2144 μὴ

167 2151 292 2178 διδοῦσαν
304 2153 361 2182 τοῖς
375 2154 478 2184 πιστοῖς
496 2154 544 2188 τὴν
558 2153 632 2180 Θείαν
641 2153 753 2180 εἴσοδον.

166 2228 368 2262 care:ct:quia
392 2228 495 2256 scilicet
522 2229 548 2256 in
576 2237 606 2257 ea

167 2263 249 2290 verba
262 2263 398 2290 exarauda
419 2268 506 2291 erant.
524 2264 561 2291 Ita
588 2263 658 2291 inter
675 2265 742 2291 alios
762 2265 843 2292 tradit
857 2273 889 2292 ex
904 2263 951 2292 eo-

168 2305 228 2334 rum
245 2297 345 2334 ritibus
369 2297 490 2325 Oleaster
515 2300 541 2325 in
567 2308 626 2334 cap.
643 2307 690 2326 χιιι
718 2299 804 2326 Exod.
828 2299 905 2333 Quod
929 2300 952 2326 si

168 2331 272 2369 μοι)τωί
289 2337 389 2369 tantam
401 2334 544 2369 puritatem
558 2331 730 2369 requirebant
742 2335 768 2360 in
781 2331 951 2367 membrana,

167 2367 194 2392 in
214 2374 267 2403 qua
295 2366 340 2403 Dei
367 2367 447 2393 verba
467 2366 607 2395 scribenda
628 2373 716 2400 erant,
733 2370 869 2403 quomodo
889 2377 952 2403 per-

167 2402 288 2427 misisset
309 2402 546 2438 Deusturpissima
561 2404 701 2438 originalis
724 2402 825 2437 peccati
844 2402 951 2431 macula

165 2436 342 2472 corispurcari
361 2436 389 2462 Β.
410 2435 557 2472 Virginem,
572 2435 673 2472 iu'qua
700 2435 753 2465 non
772 2439 842 2465 nuda
858 2439 950 2470 verba,

164 2472 213 2497 sed
232 2469 348 2497 Verbum
368 2469 469 2504 ipsum:
488 2480 540 2498 non
555 2469 707 2504 hominum,
724 2473 772 2499 sed
797 2473 843 2500 Dei
868 2469 949 2499 mauu

164 2510 225 2532 erat
249 2506 516 2541 scribendum?Fuit
545 2508 626 2541 igitur
652 2508 681 2533 Β.
707 2508 788 2541 Virgo
813 2508 847 2534 ab
876 2508 950 2534 oumi

165 2540 274 2577 macula
297 2539 438 2577 immunis,
454 2546 480 2568 et
498 2539 566 2577 talis
579 2543 650 2576 quod
669 2539 951 2577 Verbo:Arespondeiit

165 2574 192 2600 iit
210 2575 253 2600 illa
281 2575 429 2601 exaraudo.
449 2577 512 2603 Vide
525 2574 690 2603 Novariuum
707 2577 733 2603 iu
756 2574 855 2603 Umbra
872 2577 951 2611 virgi-

162 2616 223 2640 nea,
241 2617 267 2637 n.
286 2611 330 2636 95.

201 2645 239 2679 t7)
259 2644 296 2670 De
316 2646 367 2672 hoc
388 2647 544 2674 habitacula
566 2646 673 2673 locutus
691 2646 903 2673 Bartholomtcus
917 2647 950 2673 de

161 2679 235 2715 Pisis
258 2680 284 2706 in
303 2688 383 2714 opere
400 2682 436 2709 De
451 2682 526 2708 laud.
542 2681 574 2709 B.
602 2680 726 2715 Virginis,
743 2682 803 2708 libr.
822 2689 840 2713 I,
860 2681 948 2708 fructu

162 2714 192 2745 7,
204 2715 264 2741 ait'.
282 2724 290 2740 ι
312 2714 503 2743 llabitacnluui
528 2716 574 2742 Dei
591 2716 654 2748 vivi,
670 2717 761 2742 anima
773 2717 877 2744 scilicet
888 2723 948 2742 cor-

160 2757 268 2783 pusmte
293 2749 392 2782 Mariae,
412 2752 486 2778 nullo
509 2751 611 2785 peccati
637 2753 762 2785 contagio
786 2752 947 2781 maculatur:

159 2786 209 2810 sed
226 2787 251 2810 in
277 2785 410 2812 iufusione
441 2787 526 2820 ipsius
555 2787 652 2813 animae
675 2788 780 2820 cmpori
803 2788 842 2812 sic
862 2787 948 2819 gratia

160 2820 292 2852 praneuit
316 2820 418 2851 divina,
435 2827 463 2847 ut
485 2821 544 2854 ejus
559 2829 635 2847 sacer
651 2825 797 2855 conceptus
811 2821 844 2846 ab
865 2821 949 2854 oiigi-

160 2855 233 2881 Italis
252 2856 355 2889 peccati
374 2856 478 2882 macula
498 2858 539 2890 (ut
555 2858 597 2890 pie
622 2856 750 2890 creditui)
772 2856 854 2882 fuerit
872 2856 948 2882 tnui-

1011 1588 1155 1615 universos
1171 1593 1251 1614 terrae
1265 1587 1333 1615 lines
1359 1588 1421 1615 luce
1442 1588 1572 1623 perfudit,
1591 1589 1715 1616 illumina
1732 1590 1792 1617 ani-

1010 1641 1082 1661 mam
1102 1640 1189 1660 meam
1209 1634 1390 1668 cupiditatum
1410 1634 1551 1668 nigredine
1575 1635 1791 1666 obtenebratam,

1009 1688 1042 1708 eo
1054 1679 1125 1714 quod
1143 1680 1285 1713 paSsiones
1299 1687 1372 1707 meas
1388 1679 1515 1707 cohibere
1532 1681 1707 1714 ueglexerim.

1042 1725 1119 1751 Illum
1137 1724 1194 1752 fers
1216 1725 1261 1758 qui
1294 1724 1347 1751 fert
1369 1725 1507 1754 universa,
1532 1728 1661 1759 tanquam
1677 1725 1792 1753 thronus

1006 1769 1176 1797 Cherubicus
1193 1778 1199 1796 :
1217 1770 1316 1801 nutris,
1331 1769 1496 1796 nutrientem
1524 1777 1590 1803 nos;
1617 1777 1698 1804 quem
1731 1770 1792 1798 sine

1006 1815 1162 1842 cessatione
1179 1822 1274 1846 exora,
1286 1823 1302 1842 ο
1312 1814 1367 1842 Deo
1382 1815 1554 1844 charissima.
1569 1819 1600 1842 ut
1616 1823 1666 1842 nos
1682 1823 1789 1850 gregem

1005 1865 1082 1888 tuum
1095 1868 1109 1887 a
1126 1864 1296 1887 terrmmotus
1309 1859 1387 1885 ruina
1401 1878 1408 1891 ,
1423 1860 1457 1886 ab
1471 1859 1562 1886 hostili
1576 1859 1789 1893 oppugnatione,

1005 1912 1032 1936 et
1051 1909 1085 1936 ab
1094 1907 1168 1935 omni
1186 1908 1351 1935 necessitate
1365 1914 1473 1942 semper
1486 1907 1587 1934 liberos
1597 1906 1743 1934 custodiat.

1128 1961 1171 1988 Ex
1189 1964 1288 1988 canone
1299 1961 1373 1996 ferite
1391 1968 1426 1992 tv,
1442 1961 1476 1987 ad
1493 1960 1665 1987 Matutinum.

1041 2015 1137 2043 Gladio
1151 2015 1291 2042 vulnerata
1318 2022 1359 2046 es,
1378 2022 1394 2042 ο
1415 2014 1580 2046 castissima,
1609 2014 1635 2041 in
1661 2014 1789 2049 passione

1005 2061 1066 2088 Filii
1082 2061 1131 2094 tui,
1150 2065 1179 2088 ut
1192 2061 1269 2087 illttm
1292 2060 1381 2088 vidisti
1397 2060 1491 2088 lancea
1509 2059 1675 2095 perfossum,
1701 2065 1787 2094 atque

1005 2111 1189 2134 removentem
1219 2106 1337 2141 gladium
1355 2106 1429 2133 illum
1451 2107 1498 2141 qui
1519 2106 1643 2134 ﬁdelibus
1660 2106 1786 2134 divinum

1003 2155 1157 2190 ingressum
1175 2154 1201 2180 in
1219 2153 1374 2189 paradisum
1389 2152 1562 2188 prohibebat.

629 2230 752 2264 quaedam
767 2230 865 2257 divina:
883 2230 950 2265 legis
969 2232 989 2259 D
1004 2230 1054 2257 tice
1080 2235 1268 2265 prreservat-is.
1289 2240 1298 2256 ι
1315 2230 1347 2256 Ει
1374 2230 1406 2257 de
1429 2231 1523 2258 eodem
1556 2230 1582 2257 in
1608 2238 1658 2257 suo
1680 2229 1786 2265 Mariali

1005 2273 1088 2293 serm.
1106 2265 1134 2297 6,
1149 2265 1182 2292 de
1191 2265 1321 2298 Concept.
1341 2270 1417 2299 parte
1441 2273 1460 2298 ι,
1476 2266 1535 2293 haec
1556 2264 1706 2298 scripsitB.
1722 2265 1787 2292 Ber-

1004 2300 1135 2327 nardinus
1148 2302 1181 2326 de
1196 2299 1297 2326 Busto:
1316 2309 1324 2325 ι
1343 2300 1431 2327 Locus
1453 2300 1534 2328 debet
1545 2307 1606 2326 esse
1630 2300 1785 2334 proportio-

1004 2340 1084 2362 natus
1103 2335 1201 2367 locato,
1219 2339 1248 2361 ut
1268 2335 1303 2361 ait
1318 2335 1510 2368 Philosophus,
1539 2338 1568 2362 et
1589 2339 1789 2362 commentator

1003 2370 1030 2396 in
1061 2377 1080 2397 tt
1097 2369 1130 2396 de
1154 2370 1303 2404 Auitna,ot
1337 2377 1362 2395 tv
1385 2368 1467 2404 Phys.
1493 2369 1568 2396 Facit
1581 2369 1613 2394 ad
1641 2369 1692 2395 hoc
1721 2369 1785 2395 illud

1002 2406 1073 2438 quod
1101 2403 1294 2438 iuquitGlossa
1322 2404 1347 2430 iu
1365 2412 1389 2430 c.
1405 2403 1511 2431 Dudum
1530 2405 1564 2431 de
1581 2403 1649 2430 deci.
1665 2403 1759 2431 dicens
1777 2414 1784 2432 :

1006 2449 1014 2464 ι
1025 2439 1119 2472 Qualia
1128 2438 1353 2473 suutprmulienta.
1365 2439 1428 2465 talia
1442 2439 1567 2466 convenit
1576 2446 1639 2465 esse
1648 2438 1783 2472 subjecta.

1002 2474 1054 2501 Sed
1084 2473 1170 2507 Virgo
1185 2473 1302 2507 gloriosa
1321 2474 1371 2500 luit
1393 2474 1525 2501 habitatio
1550 2473 1611 2500 Filii
1629 2473 1696 2500 Dei:
1714 2474 1785 2500 unde

1002 2508 1059 2542 ipsa
1078 2510 1173 2548 inquit,
1190 2508 1292 2535 Eccles.
1304 2516 1375 2548 victv:
1393 2508 1424 2548 [ξι
1439 2510 1482 2548 qui
1497 2510 1592 2535 creauit
1609 2517 1647 2535 me
1662 2509 1784 2548 requievit

1002 2544 1028 2569 in
1048 2544 1216 2570 tabernaculo
1235 2551 1301 2569 meo.
1318 2544 1387 2576 Ergo
1402 2543 1493 2569 debuit
1503 2551 1564 2570 esse
1581 2543 1784 2578 proportionata

1003 2579 1054 2613 ipsi
1069 2579 1223 2609 ltabitatori.
1237 2578 1281 2613 qui
1309 2578 1361 2604 fuit
1385 2578 1444 2604 sine
1462 2579 1515 2605 ulla
1534 2579 1646 2613 peceati
1666 2579 1782 2613 macula,

1001 2612 1149 2640 Purissuno
1175 2621 1238 2647 ergo
1263 2612 1330 2639 Filio
1350 2620 1402 2639 non
1427 2613 1518 2640 debuit
1534 2612 1599 2640 esse
1622 2612 1708 2638 Mater
1731 2612 1783 2638 nisi

1000 2649 1157 2681 purissima,
1172 2656 1221 2675 uec
1243 2647 1334 2674 decuit
1353 2647 1398 2674 Dei
1424 2649 1591 2682 bapieuliam
1614 2649 1782 2674 sordidatum

1001 2690 1015 2708 a
1029 2688 1139 2716 peccato
1155 2688 1181 2709 et
1198 2683 1412 2710 contaminatum
1427 2683 1478 2709 sibi
1499 2682 1681 2709 habitaculum
1698 2682 1782 2713 depu—

1001 2723 1057 2744 tare
1067 2725 1073 2743 :
1085 2719 1161 2752 quia,
1171 2723 1201 2744 ut
1216 2717 1314 2744 dicitur
1325 2717 1390 2752 Sup.
1407 2725 1438 2749 lt,
1459 2718 1490 2744 In
1503 2716 1782 2743 malecolamanimum

1001 2760 1051 2778 non
1077 2751 1186 2779 intrabit
1220 2751 1372 2785 Sapientia,
1386 2761 1431 2778 nec
1458 2752 1588 2778 habitabit
1616 2752 1645 2776 in
1673 2758 1781 2783 corpore

999 2787 1104 2813 subdita
1117 2787 1241 2821 peccatis.
1255 2787 1283 2814 Si
1297 2788 1378 2822 igitur
1390 2787 1420 2813 B.
1436 2786 1516 2821 Virgo
1531 2785 1654 2823 originuli
1672 2789 1782 2823 peccato

1000 2820 1139 2856 deturpaia
1168 2823 1274 2855 luisset,
1292 2820 1345 2849 non
1370 2822 1465 2848 fuisset
1489 2821 1653 2848 conveniens
1677 2820 1783 2845 ll:t|;ll:t-

1000 2858 1089 2884 culum
1102 2858 1163 2885 Filii
1182 2857 1240 2886 Dei.
1261 2867 1270 2884 ι
1290 2858 1335 2885 Sic
1350 2857 1461 2884 Dustus.
