2075 3154
292 185 360 218 1283

326 244 407 276 Cum,
421 248 543 278 tempore
557 242 705 278 passionis,
726 242 882 277 speciosum
900 243 977 270 illum
990 242 1077 269 forma
1093 249 1114 273 Α

291 288 445 320 intuercris,
464 296 480 315 ο
503 288 585 322 Virgo
611 292 697 319 casta,
719 295 772 314 non
798 287 942 315 habentem
957 288 1075 322 speciem

292 341 380 368 neque
395 333 534 365 decorem,
562 333 738 360 exclamabas
760 341 854 360 amare
880 334 989 368 ejulans
1004 342 1012 360 :
1028 332 1075 360 Hei

293 381 370 412 mihi,
385 379 524 414 quomodo
541 379 654 413 pateris,
676 386 693 406 o
707 378 769 411 Fili,
798 379 844 414 qui
856 379 934 414 cupis
951 387 1047 407 omnes
1061 387 1076 406 a

293 426 469 461 passionibns
487 424 619 452 liberari?

339 471 459 504 njustam
489 470 626 504 aspiciens
663 475 778 497 mortem
817 470 940 498 Genitrix
971 475 1027 502 tua.
1061 478 1078 498 ο

292 515 413 548 Christe,
433 523 496 542 cum
509 515 602 542 dolore
616 515 650 542 ad
670 519 696 542 te
708 515 845 542 clamabat
861 524 869 542 :
886 516 907 542 0
924 515 985 548 Fili,
996 515 1078 550 judex

269 561 374 595 ‘juste,
401 560 538 594 quomodo
558 559 660 595 injuste
674 560 817 594 judicaris,
841 568 905 587 cum
927 561 984 595 ipse
1013 560 1078 588 velis

291 605 367 639 justo
378 605 484 638 judicio
500 604 644 631 absolvere
657 611 706 631 eos
720 605 766 638 qui
783 605 819 631 ob
832 605 973 639 pristinam
989 609 1080 632 trans-
1097 624 1102 629 .

293 650 460 685 gressionem
487 650 662 677 condemnati
693 649 802 677 fuerant
825 655 853 677 et
880 650 907 677 in
925 650 1079 684 corruptio-

293 704 355 724 nem
371 695 548 723 ceciderant?

328 741 444 776 Stupore
456 742 583 776 perculsa
605 742 766 769 turbabatur
779 742 966 774 immaculata,
985 742 1080 769 videns

292 788 431 815 Christum
466 788 619 815 voluntarie
651 791 679 814 et
715 788 774 815 sine
807 788 918 822 querela
953 788 979 814 in
1000 795 1082 815 cruce

293 834 459 866 exaltatum;
477 837 504 860 et
523 833 590 860 ﬂens
599 833 768 860 exclamabat
786 841 792 859 :
808 833 857 860 Fili
872 833 918 864 mi,
934 840 966 859 ac
986 833 1057 860 Deus
1073 842 1080 860 :

292 879 399 906 dolores
433 879 460 906 in
486 883 564 912 partu
592 885 646 905 non
688 886 833 914 perpessa,
865 879 974 906 dolores
1010 886 1082 906 nunc

294 924 426 955 sustineo,
438 924 502 951 dum
519 929 547 951 tu
562 924 597 950 ab
617 924 718 958 iniquis
734 924 834 958 injuste
850 924 1028 959 cruciligeris.
1043 934 1049 942 -

327 969 539 996 Crucitixionem
552 974 626 997 tuam
643 970 790 1004 aspiciens,
810 969 965 997 castissima
992 969 1082 997 excla-

293 1015 385 1042 mabat
396 1024 403 1042 :
413 1015 493 1050 252
506 1015 576 1048 Quid
584 1020 627 1042 est
637 1016 698 1048 hoc,
711 1015 774 1047 Fili,
785 1016 858 1050 quod
870 1015 1080 1043 videoiNovum

295 1068 462 1095 prorsusque
477 1061 627 1088 inauditqu
646 1061 848 1095 spectaculum!
865 1060 916 1094 Tu,
936 1062 982 1096 qui
1003 1061 1081 1089 intlr-

295 1113 402 1133 morum
433 1106 607 1140 passionibus
630 1107 759 1138 mederis,
774 1107 912 1141 quomodo
927 1107 1079 1141 passionem

295 1158 408 1185 prorsus
436 1158 532 1178 novam
558 1156 639 1186 atque
667 1152 825 1178 inusitatam
851 1152 990 1180 sustines?
1010 1152 1081 1185 Quid

294 1195 341 1222 tibi
371 1196 474 1222 inimici
497 1196 537 1222 tui
567 1196 764 1228 retribuerunt,
791 1204 807 1223 ο
832 1196 999 1241 ιιοιιθςοειοτ,
1030 1204 1079 1231 pro

237 1258 240 1260 -
295 1241 433 1268 beneﬁciis
446 1249 507 1276 qua:
521 1249 537 1267 ο
555 1246 581 1268 te
594 1241 779 1275 acceperunt?

329 1286 374 1313 ille
393 1293 474 1320 quem
492 1286 635 1320 peperisti,
653 1294 669 1313 ο
687 1287 778 1322 Virgo,
795 1287 921 1315 mirando
934 1287 1016 1315 modo
1030 1295 1081 1315 sa!-

292 1332 354 1359 cula
371 1332 485 1366 peperit,
501 1337 529 1359 et
541 1333 679 1360 exaltatus
697 1333 724 1360 in
739 1340 832 1365 cruce,
848 1341 896 1361 eos
914 1333 961 1368 qui
977 1334 1080 1362 cecide—

294 1382 357 1405 rant
373 1378 456 1405 simul
474 1386 566 1406 secum
584 1379 725 1412 exaltavit,
743 1379 861 1414 coelique
880 1379 954 1407 cives
981 1380 1078 1413 eﬂ'ecit,

293 1423 446 1450 clamantes
463 1432 471 1451 :
495 1422 662 1451 Benedictus
682 1431 723 1458 es,
748 1424 819 1452 Deus
838 1429 945 1459 patrum
970 1430 1080 1453 nostro-

295 1477 367 1502 rum.
382 1474 436 1496 etc.

330 1514 414 1550 Virgo
433 1515 557 1550 innupta,
569 1523 632 1543 cum
648 1523 702 1551 qua
720 1521 854 1544 creatum
868 1524 963 1546 omnes
983 1522 1009 1545 te
1022 1518 1080 1553 glo-

850 185 881 215 S.
903 183 1062 215 JOSEPHI
1078 182 1360 214 HYMNOGRAPHI

1845 186 1913 218 1234

1166 241 1237 276 "Dp;
1267 242 1301 276 τῇ
1343 240 1391 267 τοῦ
1422 240 1526 273 πάθους
1555 241 1601 269 τὸν
1631 241 1731 278 ὡραῖον
1763 244 1792 270 ὲν
1822 245 1915 272 κάλλει

1127 286 1302 320 εῐσὸλέψασα,
1325 285 1406 319 εἶδος,
1424 286 1556 321 Παρθένε,
1579 287 1640 314 οὐδὲ
1655 288 1751 319 κάλλος
1773 291 1912 324 κεκτημέ-

1127 340 1183 362 νον,
1199 331 1278 363 ἐϐόας
1295 331 1412 366 πικρῶς,
1432 332 1511 367 ἁγνὴ,
1527 333 1699 364 ἀλαλάζουσαι
1711 342 1719 349 ο
1737 333 1771 361 Οῐ
1784 335 1842 369 μοιῑ
1857 335 1916 368 πῶς

1129 377 1255 412 πάσχεις,
1271 377 1328 410 Tit,
1351 378 1384 404 ὲκ
1401 377 1496 405 παθῶν
1518 378 1622 410 πάντας
1644 379 1731 405 θέλων
1756 380 1908 411 ρύσασθαιῐ

1162 468 1219 503 Τὴν
1228 469 1321 496 ἄδικον
1329 469 1450 504 βλέψασα
1463 470 1581 505 σφαγὴν,
1593 469 1705 505 Χριστὲ,
1718 471 1734 505 ἠ
1751 470 1780 497 σὲ
1793 471 1916 505 κυήσασα

1118 514 1280 550 ὀδυρομένη
1300 515 1399 542 ἀνεϐόα
1423 524 1464 542 σοι
1477 524 1484 531 ·
1507 516 1683 551 Δικαιοκρίτα
1698 516 1757 548 Tit,
1783 517 1842 549 πῶς
1858 518 1915 544 ἁδε-

1130 568 1185 591 κως
1210 561 1348 596 κέκρισαι,
1368 561 1452 588 θέλων
1468 561 1592 588 δικαιοῦν
1614 562 1678 594 τοὺς
1697 563 1851 598 παραϐάσει
1867 572 1915 590 κα-

1130 604 1310 639 τακριθέντας
1333 605 1365 632 τὸ
1385 606 1511 642 πρὶνκαὶ
1528 607 1597 641 πρὸς
1618 607 1667 642 τὴν
1683 607 1787 643 φθορὰν
1808 608 1917 643 ὀλισθή-

1132 658 1232 681 σαντας
1243 659 1252 684 ;

1166 742 1319 777 Θαμὸεῖται
1346 743 1376 769 ἐν
1399 743 1470 776 ξύλῳ
1497 743 1589 778 ὁρῶσα
1621 744 1739 778 Χριστὸν
1774 745 1916 778 ὑψωθὲντα

1134 787 1259 822 βουλήσει
1274 787 1322 813 καὶ
1337 788 1499 822 ἀμέμπτως,
1520 788 1567 815 καὶ
1594 788 1724 815 κλαίουσα
1735 789 1916 824 ὲκραύγαζεψ

1133 832 1181 859 Υῑέ
1200 841 1250 868 μου
1262 833 1308 859 καὶ
1319 833 1380 865 Θεὲ,
1393 833 1490 864 ὠδῖνας
1505 834 1534 859 ὲν
1555 833 1594 869 τῷ
1612 834 1715 860 τίκτειν
1733 835 1771 869 μὴ
1787 835 1916 866 λαϐοῦσα,

1134 877 1181 903 νῦν
1197 877 1295 909 ὠδῖνας
1315 878 1456 913 ὑπομένω,
1479 878 1579 910 ἀδίκως
1595 878 1646 905 ὑπὸ
1659 879 1767 917 ᾁνόμων
1786 888 1918 916 σταυρου⁴

1135 922 1217 957 μένου
1233 931 1291 950 σου.

1166 967 1323 1004 Σταύρωσιν
1338 969 1388 1004 τὴν
1406 968 1456 1004 σὴν
1473 969 1489 1003 ἡ
1510 969 1647 1003 πάναγνος
1669 968 1818 1005 βλέπουσα,
1842 971 1918 997 ισόα·

1134 1012 1194 1045 Tit,
1210 1013 1237 1039 τί
1256 1013 1286 1040 τὸ
1303 1013 1443 1049 ὁρώμενον
1463 1015 1538 1048 ξένον
1558 1015 1663 1050 Θέαμας
1687 1015 1717 1043 '0
1731 1016 1765 1043 τὰ
1785 1017 1859 1051 πάθη
1877 1026 1921 1043 νο-

1135 1058 1254 1085 σούντων
1278 1058 1403 1094 ἰώμενος,
1422 1060 1481 1091 πῶς
1499 1060 1530 1086 τὸ
1550 1060 1636 1092 πάθος
1652 1060 1799 1096 ὑπομένεις
1812 1062 1844 1088 τδ
1858 1071 1917 1088 και-

1133 1104 1259 1137 νότατον;
1275 1105 1302 1131 τι
1316 1113 1357 1131 σοι
1372 1105 1395 1131 o!
1410 1105 1505 1140 ἐχθροὶ
1522 1105 1679 1139 ἀπέδωκαν,
1700 1106 1843 1142 εὑεργέτα,
1862 1107 1920 1134 ἀνθ’

1133 1145 1170 1175 ὧν
1179 1149 1393 1183 εὐηργέτηνται;

1174 1285 1205 1312 '0
1227 1285 1305 1316 τόκος
1326 1293 1386 1318 σου,
1409 1285 1541 1321 Παρθένε,
1560 1286 1622 1318 τοὺς
1644 1287 1745 1319 αἰῶνας
1761 1288 1919 1323 παραδόξως

1133 1330 1218 1363 ἔτεξε,
1239 1331 1286 1357 καὶ
1310 1330 1427 1364 ὑψωθεὶς
1454 1331 1483 1357 ἑν
1503 1331 1542 1366 τῷ
1565 1332 1674 1367 σταυρῷ
1695 1333 1760 1364 τοὺς
1784 1333 1918 1365 πεσόντας

1135 1376 1321 1411 συνανύψωσε,
1337 1377 1384 1403 καὶ
1403 1376 1524 1411 βοῶντας
1537 1377 1651 1412 οὐρανοῦ
1670 1378 1781 1409 πολίτας
1795 1378 1895 1411 ἔδειξεν
1909 1388 1917 1394 ·

1139 1421 1169 1448 '0
1183 1422 1238 1449 τῶν
1255 1422 1380 1456 πατέρων
1396 1423 1474 1457 Θεὸς,
1488 1423 1634 1458 εὐλογητὸς
1649 1422 1682 1451 εἴ.

1175 1513 1375 1549 Ἀπειρόγαμος
1399 1514 1485 1549 Κόρη,
1522 1514 1581 1550 μεθ’
1619 1511 1654 1551 ἧς
1681 1516 1697 1551 ἠ
1725 1515 1812 1548 κτίσις
1843 1517 1917 1543 πᾶσα

296 1560 406 1588 rilicant.
421 1561 447 1588 in
463 1561 574 1593 saecula,
586 1569 648 1589 cum
664 1562 768 1590 videret
785 1566 823 1596 te,
836 1563 900 1590 Jesu
914 1563 1079 1599 Redemptor

1133 1559 1239 1593 δοξάζει
1253 1568 1293 1592 σε,
1305 1561 1416 1587 πάντων
1424 1561 1471 1586 λυτ
1477 1561 1549 1596 ρωτὰ
1564 1561 1663 1596 Ἰησοῦ,
1677 1563 1717 1600 εἰς
1731 1562 1795 1594 τοὺς
1805 1563 1917 1595 αἰῶνας,

296 1607 430 1639 omnium,
459 1607 523 1634 olim
545 1609 571 1635 iu
594 1616 676 1636 cruce
696 1609 858 1643 exaltatum,
880 1611 1050 1638 exclamabat
1072 1620 1078 1638 :

295 1652 340 1679 ubi
356 1653 472 1687 populus
486 1653 628 1688 insipiens,
644 1654 690 1689 qui
715 1659 741 1682 te
764 1655 798 1682 ad
826 1656 992 1683 iracundiam
1016 1663 1081 1691 pro-

297 1698 416 1730 vocavit,
431 1699 551 1732 suscepit
562 1703 588 1726 te
605 1704 634 1726 ut
648 1699 765 1726 «levaret
784 1707 799 1726 a
816 1704 887 1727 terra
901 1709 908 1727 :
924 1702 1035 1734 Absilue
1049 1701 1082 1728 li-

296 1742 368 1769 beris
383 1742 454 1768 facta
464 1750 537 1773 sum,
549 1748 576 1769 et
589 1743 682 1770 animo
695 1750 880 1776 commoveor,
890 1749 1083 1780 maternusque

296 1788 373 1814 dolor
394 1788 543 1816 discruciat
556 1796 604 1816 cor
620 1797 722 1816 meum.

335 1833 453 1860 Verbum
475 1839 625 1861 amatorem
651 1836 803 1868 hominum,
819 1836 891 1871 quod
910 1835 1083 1864 incil'abiliter

297 1885 456 1913 peperci-as,
469 1886 531 1906 cum
548 1880 604 1914 pati
618 1889 667 1915 pro
687 1881 846 1910 hominibus
869 1882 1022 1910 voluntarie
1040 1882 1083 1909 vi-

295 1924 386 1958 deres,
402 1925 586 1958 exclamabas,
609 1933 626 1953 ο
645 1926 725 1960 Virgo
745 1926 838 1960 :Quid
863 1931 906 1954 est
929 1927 996 1954 hoc?
1013 1927 1083 1955 Deus

297 1969 473 2004 impassibilis
499 1971 616 1998 sustinet
643 1972 811 2005 passionem,
830 1977 860 2000 ut
876 1980 892 2000 ο
907 1972 1083 2008 passionibus

296 2015 395 2044 liberet
409 2023 457 2044 eos
471 2017 518 2052 qui
533 2025 562 2045 se
573 2018 688 2046 ﬁdeliter
704 2019 829 2046 adorant.

420 2078 464 2106 Ea:
478 2087 578 2107 canone
598 2080 673 2115 feria:
689 2081 717 2115 5,
733 2082 768 2108 ad
784 2081 957 2109 Matutinum.

333 2143 434 2172 Mentis
446 2152 513 2171 mea
529 2144 714 2172 obscuritates
729 2144 817 2178 aufer,
833 2153 850 2173 ο
869 2146 1025 2181 purissima,
1042 2146 1083 2174 lu-

298 2189 372 2216 mine
388 2194 446 2223 tuo,
462 2194 488 2217 et
502 2197 517 2217 a
530 2191 649 2218 tenebris
661 2191 771 2218 alternis
786 2192 861 2226 eripe
872 2200 926 2225 me,
941 2198 970 2219 ut
984 2200 1080 2227 perpe-

298 2232 352 2258 tuis
368 2232 494 2260 laudibus
507 2238 612 2260 cantem
627 2234 762 2268 magnalia
772 2238 827 2261 tua.

332 2277 432 2305 Libera
448 2286 503 2310 me,
518 2286 534 2306 ο
551 2279 742 2311 mundissima,
766 2280 801 2307 ab
819 2280 893 2307 omni
908 2280 1082 2312 adversitatc,

297 2324 481 2359 plurimisque
496 2325 631 2359 serpentis
644 2325 792 2356 scandalis,
807 2330 889 2360 atque
914 2325 947 2352 ab
970 2326 1031 2361 igne
1046 2330 1085 2353 te-

300 2370 447 2405 nebrisque
462 2372 582 2404 aeternis,
597 2378 658 2406 quae
673 2371 829 2400 hominibus
840 2371 928 2399 lucem
945 2379 1083 2406 nunquam

295 2416 465 2444 occidentem
485 2417 624 2452 peperisti.

331 2462 447 2489 Atilatus
463 2463 597 2497 propheta
621 2462 724 2497 Spiritu
750 2466 856 2495 sancto,
887 2462 1033 2497 descripsit
1057 2467 1085 2490 te

295 2508 361 2534 olim
378 2512 496 2534 montem
510 2507 681 2539 umbrosum,
700 2515 717 2535 ο
728 2512 803 2535 casta
817 2507 944 2543 Deipara,
959 2515 1020 2542 quae
1035 2507 1085 2534 ho-

294 2554 384 2580 mines
402 2552 552 2580 multorum
576 2559 753 2586 peccatorum
780 2553 889 2581 ﬂamma
920 2554 1084 2588 liquefactos

294 2607 344 2633 per
363 2603 424 2626 tuas
442 2599 648 2633 acccptissimas
669 2600 882 2627 intercessiones
901 2607 974 2627 nunc
987 2600 1084 2627 umbra

292 2645 389 2680 gratiae
406 2644 553 2673 rcfocillas.

330 2691 411 2726 253
436 2690 458 2718 Ο
476 2691 523 2718 Dei
548 2692 633 2726 gratia
653 2691 812 2727 plenissima
832 2691 932 2726 puella.
955 2691 1083 2726 templum

295 2739 398 2765 Christi
423 2738 666 2773 fulgentissimum,
700 2738 944 2766 intercessionibus
968 2739 1022 2764 tuis
1043 2737 1085 2764 fac

294 2793 346 2811 nos
366 2792 413 2819 per
437 2785 507 2811 bona
524 2792 606 2819 opera
626 2789 717 2812 nostra
734 2785 830 2812 domos
845 2783 946 2817 Patris,
971 2789 997 2810 et
1010 2782 1083 2814 Filii,

295 2837 323 2857 et
341 2831 460 2865 Spiritus
474 2831 574 2858 sancti.

332 2876 466 2910 Magnalia
484 2876 549 2904 facit
566 2877 615 2905 tibi
631 2877 768 2911 Christus,
781 2885 797 2905 ο
815 2877 898 2912 Virgo
913 2877 968 2905 Deo
987 2877 1084 2911 gratis-

1133 1605 1242 1639 σταυρῷ
1257 1605 1348 1639 ὁρῶσά
1367 1614 1395 1632 σε
1422 1605 1573 1640 ὑψωοέντα,
1597 1606 1671 1638 ἐϐόα,
1689 1608 1732 1633 ἵνα
1750 1616 1778 1634 σε
1796 1616 1917 1643 παραπι-

1133 1652 1254 1685 κραινων
1270 1651 1365 1686 ἄφρων
1376 1650 1473 1686 δῆμος,
1489 1651 1526 1683 ὡς
1537 1651 1681 1684 ὑπέὶαθεν,
1701 1653 1733 1679 ἐκ
1747 1653 1798 1688 γῆς
1811 1654 1917 1689 ἐξᾶραι,

1135 1697 1266 1728 ’Δτεκνος
1281 1697 1444 1732 γεγένημαι,
1472 1697 1518 1724 καὶ
1541 1697 1680 1733 δονοῦμαι,
1705 1699 1752 1725 καὶ
1779 1700 1918 1735 μητρικῶς

1133 1743 1182 1778 τὴν
1199 1742 1315 1779 καρδίαν
1330 1743 1479 1779 ὀδυνῶμαι.

1168 1835 1360 1870 Φιλάνθρωπον
1374 1835 1460 1868 Λόγον
1482 1835 1609 1870 ἀρρήτως
1629 1835 1766 1869 κυήσασα,
1783 1835 1812 1862 ὃν
1826 1835 1918 1872 ὁρῶσα

1134 1881 1285 1916 πάσχοντα,
1316 1880 1403 1916 Κόρη,
1432 1880 1504 1915 ὑπὲρ
1534 1880 1686 1915 ἀνθρώπων
1719 1881 1856 1916 βουλήσει,
1885 1882 1917 1908 τι

1132 1927 1230 1960 τοῦτο;
1252 1926 1343 1957 ἐϐόας.
1364 1926 1431 1958 Θεὸς
1448 1925 1557 1960 ἀπαθὴς
1579 1925 1664 1956 πάθος
1689 1925 1845 1959 ὑφίσταται,
1864 1935 1917 1953 πα-

1134 1971 1188 1998 θῶν
1220 1972 1294 2003 ὅπως
1326 1970 1444 2006 ρύσηται
1473 1970 1538 2002 τοὺς
1574 1970 1666 1998 πίστει
1697 1971 1918 2006 προσκυνοῦντας

1133 2018 1226 2045 αὐτόν.

1141 2082 1191 2109 Ἐκ
1207 2081 1261 2109 τοῦ
1274 2081 1403 2114 κανόνος
1417 2080 1472 2115 τῆς
1486 2079 1636 2116 πέμπτης,
1651 2081 1695 2113 εις
1712 2079 1766 2107 τὸν
1781 2081 1919 2115 ὀρθρον.

1169 2145 1238 2176 Νοός
1257 2153 1318 2180 μου,
1337 2143 1503 2178 πανάμωμε,
1522 2143 1571 2174 τὰς
1588 2143 1763 2178 ἀμαυρώσεις
1782 2143 1852 2177 φωτί
1873 2152 1919 2170 σου

1134 2191 1282 2221 ἀπέλασον,
1305 2189 1351 2215 καὶ
1367 2188 1414 2215 τοῦ
1432 2188 1543 2219 σκότους
1565 2188 1644 2224 ῥῦσαί
1661 2196 1694 2223 με
1714 2188 1760 2214 τοῦ
1779 2189 1920 2221 αἰωνὶζονο

1098 2250 1120 2278 D
1134 2245 1190 2267 τος,
1205 2236 1279 2266 ὅπως
1298 2234 1376 2269 ὑμνῶ
1386 2233 1518 2268 διηνεκῶς
1531 2233 1565 2260 τὰ
1585 2233 1716 2267 μεγαλεῖα
1735 2242 1795 2260 σου.

1178 2281 1272 2308 Ῥῦσαι
1286 2289 1319 2316 με
1334 2280 1423 2314 πάσης
1439 2279 1636 2315 περιστάσεως.
1651 2281 1698 2306 καὶ
1716 2279 1822 2306 πολλῶν
1839 2289 1919 2307 σκαν-

1135 2328 1222 2355 δάλων
1241 2327 1288 2353 τοῦ
1321 2325 1421 2360 δφεως,
1442 2325 1490 2352 καὶ
1511 2326 1682 2357 αἰωνιζοντος
1704 2325 1789 2360 πυρὸς
1809 2325 1919 2352 καὶτοῦ

1135 2374 1259 2405 σκότους,
1276 2372 1441 2407 πανάμωμι,
1466 2371 1483 2406 ἡ
1498 2371 1528 2398 τὸ
1545 2371 1603 2405 φῶς
1617 2372 1799 2407 ἀποκυήσασα
1813 2371 1920 2407 βροτοῖς

1134 2420 1164 2446 τὸ
1179 2419 1339 2453 ἀνέσπερον.

1166 2466 1275 2500 Νοήσας
1299 2464 1313 2490 ὸ
1340 2463 1484 2498 προφήτης
1512 2462 1541 2489 ὲν
1572 2461 1712 2497 Πνεύματι
1745 2462 1826 2495 Θεοῦ,
1857 2462 1920 2498 ὅρος

1136 2519 1166 2537 σε
1191 2509 1366 2545 προέγραψεν
1388 2508 1546 2539 κατάσκιον,
1570 2508 1651 2543 ἁγνὴ.
1674 2508 1691 2542 ή
1709 2508 1772 2539 τοὺς
1791 2507 1920 2535 ὲκτακόν-

1135 2564 1185 2587 τας
1214 2554 1329 2590 φλογμῷ
1356 2553 1464 2580 πολλῶν
1493 2553 1677 2588 ἐγκλημάτων
1706 2554 1768 2584 σαῖς
1800 2553 1919 2588 εὐπροσ-

1134 2602 1240 2632 δέκτοις
1278 2599 1429 2635 μεσιτειαις
1473 2598 1600 2631 Θεοτόκε,
1636 2599 1684 2626 νῦν
1723 2599 1918 2630 ἐπισκιάζουσα

1135 2648 1237 2683 χάριτι.

1169 2692 1315 2723 Φωτοειδὲς
1339 2691 1458 2726 Χριστοῦ
1480 2690 1604 2726 τέμενος,
1627 2690 1703 2725 Κόρη
1727 2690 1917 2726 θεοχαρίτωτε,

1135 2739 1181 2765 τοῦ
1201 2738 1316 2773 Πατρός,
1332 2737 1397 2763 Υἱοῦ
1418 2737 1466 2763 καὶ
1482 2737 1650 2771 Πνεύματος,
1674 2737 1733 2767 ταῖς
1755 2737 1918 2771 προσευχαῖς

1135 2794 1194 2817 σου,
1208 2783 1300 2815 οἴκους
1313 2783 1387 2818 ἡμᾶς
1399 2782 1523 2818 ποίησον,
1543 2783 1576 2809 τὰ
1590 2783 1651 2809 ὅσια
1666 2782 1847 2818 πράττοντας.

1135 2877 1148 2884 "
1171 2873 1312 2909 Μεγαλεῖά
1325 2882 1366 2900 σοι
1377 2872 1494 2909 Χριστος
1509 2874 1665 2910 ἐποιήσατο,
1678 2874 1757 2909 ἁγνὴ,
1772 2874 1802 2902 ὃν
1816 2873 1917 2901 ἱκέτευε
