  <div class='ocr_page' id='page_1' title='image "/cluster/home/n/w/nwhite01/storage/ocr_20150623/105/njp.32101077772893/704.png"; bbox 0 0 2075 3154; ppageno 0'>
   <div class='ocr_carea' id='block_1_1' title="bbox 187 176 256 209">
    <p class='ocr_par' dir='ltr' id='par_1_1' title="bbox 187 176 256 209">
     <span class='ocr_line' id='line_1_1' title="bbox 187 176 256 209; baseline -0.014 0"><span class='ocrx_word' id='word_1_1' title='bbox 187 176 256 209; x_wconf 71' lang='grc'><strong>1285</strong></span> 
     </span>
    </p>
   </div>
   <div class='ocr_carea' id='block_1_2' title="bbox 867 172 1049 202">
    <p class='ocr_par' dir='ltr' id='par_1_2' title="bbox 867 172 1049 202">
     <span class='ocr_line' id='line_1_2' title="bbox 867 172 1049 202; baseline -0.011 0"><span class='ocrx_word' id='word_1_2' title='bbox 867 172 1038 202; x_wconf 76' lang='lat' dir='ltr'><strong>MARIALE</strong></span> <span class='ocrx_word' id='word_1_3' title='bbox 1043 194 1049 200; x_wconf 87' lang='lat'><strong>.</strong></span> 
     </span>
    </p>
   </div>
   <div class='ocr_carea' id='block_1_3' title="bbox 1739 170 1807 202">
    <p class='ocr_par' dir='ltr' id='par_1_3' title="bbox 1739 170 1807 202">
     <span class='ocr_line' id='line_1_3' title="bbox 1739 170 1807 202; baseline 0 0"><span class='ocrx_word' id='word_1_4' title='bbox 1739 170 1807 202; x_wconf 73' lang='lat'><strong>1236</strong></span> 
     </span>
    </p>
   </div>
   <div class='ocr_carea' id='block_1_4' title="bbox 185 224 970 266">
    <p class='ocr_par' dir='ltr' id='par_1_4' title="bbox 185 227 968 266">
     <span class='ocr_line' id='line_1_4' title="bbox 185 227 968 266; baseline -0.006 -8"><span class='ocrx_word' id='word_1_5' title='bbox 185 234 230 259; x_wconf 79' lang='grc' dir='ltr'><strong>ἀεὶ</strong></span> <span class='ocrx_word' id='word_1_6' title='bbox 259 230 409 266; x_wconf 82' lang='grc' dir='ltr'>μεγαλῧναι</span> <span class='ocrx_word' id='word_1_7' title='bbox 436 230 465 257; x_wconf 80' lang='grc' dir='ltr'>ἐν</span> <span class='ocrx_word' id='word_1_8' title='bbox 491 229 552 263; x_wconf 69' lang='grc' dir='ltr'>ἐμοὶ</span> <span class='ocrx_word' id='word_1_9' title='bbox 577 229 612 256; x_wconf 85' lang='grc' dir='ltr'><strong>τὰ</strong></span> <span class='ocrx_word' id='word_1_10' title='bbox 641 228 758 256; x_wconf 84' lang='grc' dir='ltr'>πλούσια</span> <span class='ocrx_word' id='word_1_11' title='bbox 783 227 867 254; x_wconf 74' lang='grc' dir='ltr'>αὐτοῦ</span> <span class='ocrx_word' id='word_1_12' title='bbox 894 228 968 262; x_wconf 77' lang='grc' dir='ltr'><strong>ὲλὲη,</strong></span> 
     </span>
    </p>
   </div>
   <div class='ocr_carea' id='block_1_5' title="bbox 1021 224 1808 266">
    <p class='ocr_par' dir='ltr' id='par_1_5' title="bbox 1023 224 1808 261">
     <span class='ocr_line' id='line_1_5' title="bbox 1023 224 1808 261; baseline 0.005 -9"><span class='ocrx_word' id='word_1_13' title='bbox 1023 226 1109 257; x_wconf 87' lang='lat' dir='ltr'><strong>sima;</strong></span> <span class='ocrx_word' id='word_1_14' title='bbox 1123 231 1204 259; x_wconf 89' lang='lat' dir='ltr'><strong>quem</strong></span> <span class='ocrx_word' id='word_1_15' title='bbox 1217 228 1245 251; x_wconf 88' lang='lat' dir='ltr'><strong>tu</strong></span> <span class='ocrx_word' id='word_1_16' title='bbox 1255 232 1368 260; x_wconf 76' lang='lat' dir='ltr'><strong>precare</strong></span> <span class='ocrx_word' id='word_1_17' title='bbox 1379 224 1499 257; x_wconf 75' lang='lat' dir='ltr'><strong>assidue,</strong></span> <span class='ocrx_word' id='word_1_18' title='bbox 1516 229 1544 252; x_wconf 93' lang='lat' dir='ltr'><strong>ut</strong></span> <span class='ocrx_word' id='word_1_19' title='bbox 1557 225 1710 261; x_wconf 80' lang='lat' dir='ltr'><strong>magnificet</strong></span> <span class='ocrx_word' id='word_1_20' title='bbox 1726 227 1753 254; x_wconf 96' lang='lat' dir='ltr'><strong>in</strong></span> <span class='ocrx_word' id='word_1_21' title='bbox 1764 236 1808 256; x_wconf 86' lang='lat' dir='ltr'><strong>me</strong></span> 
     </span>
    </p>
   </div>
   <div class='ocr_carea' id='block_1_6' title="bbox 186 276 378 312">
    <p class='ocr_par' dir='ltr' id='par_1_6' title="bbox 186 276 378 312">
     <span class='ocr_line' id='line_1_6' title="bbox 186 276 378 312; baseline -0.01 -8"><span class='ocrx_word' id='word_1_22' title='bbox 186 276 378 312; x_wconf 84' lang='grc' dir='ltr'>θεοχαρίτωτε.</span> 
     </span>
    </p>
   </div>
   <div class='ocr_carea' id='block_1_7' title="bbox 221 319 969 357">
    <p class='ocr_par' dir='ltr' id='par_1_7' title="bbox 221 319 969 357">
     <span class='ocr_line' id='line_1_7' title="bbox 221 319 969 357; baseline -0.005 -9"><span class='ocrx_word' id='word_1_23' title='bbox 221 323 265 353; x_wconf 80' lang='grc' dir='ltr'>Σὲ,</span> <span class='ocrx_word' id='word_1_24' title='bbox 280 322 410 356; x_wconf 82' lang='grc' dir='ltr'>παναγὶα,</span> <span class='ocrx_word' id='word_1_25' title='bbox 437 322 567 357; x_wconf 77' lang='grc' dir='ltr'>ἄχραντε,</span> <span class='ocrx_word' id='word_1_26' title='bbox 582 319 662 354; x_wconf 83' lang='grc' dir='ltr'>ἁγνὴ,</span> <span class='ocrx_word' id='word_1_27' title='bbox 679 320 704 346; x_wconf 82' lang='lat' dir='ltr'><strong>ot</strong></span> <span class='ocrx_word' id='word_1_28' title='bbox 727 319 815 346; x_wconf 85' lang='grc' dir='ltr'>δοῦλοί</span> <span class='ocrx_word' id='word_1_29' title='bbox 829 328 877 346; x_wconf 83' lang='grc' dir='ltr'><strong>σου</strong></span> <span class='ocrx_word' id='word_1_30' title='bbox 901 319 969 345; x_wconf 80' lang='grc' dir='ltr'><strong>πάν-</strong></span> 
     </span>
    </p>
   </div>
   <div class='ocr_carea' id='block_1_8' title="bbox 185 365 970 403">
    <p class='ocr_par' dir='ltr' id='par_1_8' title="bbox 185 365 970 403">
     <span class='ocr_line' id='line_1_8' title="bbox 185 365 970 403; baseline -0.005 -9"><span class='ocrx_word' id='word_1_31' title='bbox 185 377 243 394; x_wconf 86' lang='grc' dir='ltr'>τοτε</span> <span class='ocrx_word' id='word_1_32' title='bbox 259 368 363 403; x_wconf 79' lang='grc' dir='ltr'>ἡμέρας</span> <span class='ocrx_word' id='word_1_33' title='bbox 381 368 427 394; x_wconf 79' lang='grc' dir='ltr'>καὶ</span> <span class='ocrx_word' id='word_1_34' title='bbox 447 367 544 398; x_wconf 79' lang='grc' dir='ltr'>νυκτὸς</span> <span class='ocrx_word' id='word_1_35' title='bbox 558 365 775 401; x_wconf 71' lang='grc' dir='ltr'>συν-τετριμμένη</span> <span class='ocrx_word' id='word_1_36' title='bbox 789 365 894 400; x_wconf 76' lang='grc' dir='ltr'>διανοίᾳ</span> <span class='ocrx_word' id='word_1_37' title='bbox 907 365 970 391; x_wconf 85' lang='grc' dir='ltr'>δυσ-</span> 
     </span>
    </p>
   </div>
   <div class='ocr_carea' id='block_1_9' title="bbox 185 410 971 448">
    <p class='ocr_par' dir='ltr' id='par_1_9' title="bbox 185 410 971 448">
     <span class='ocr_line' id='line_1_9' title="bbox 185 410 971 448; baseline -0.005 -8"><span class='ocrx_word' id='word_1_38' title='bbox 185 413 324 448; x_wconf 80' lang='grc' dir='ltr'>ωποῦμεν,</span> <span class='ocrx_word' id='word_1_39' title='bbox 351 413 485 448; x_wconf 79' lang='grc' dir='ltr'><strong>λύτρωσιν</strong></span> <span class='ocrx_word' id='word_1_40' title='bbox 516 411 726 448; x_wconf 77' lang='grc' dir='ltr'><strong>ἁμαρτημάτων</strong></span> <span class='ocrx_word' id='word_1_41' title='bbox 763 410 869 438; x_wconf 81' lang='grc' dir='ltr'>πολλῶν</span> <span class='ocrx_word' id='word_1_42' title='bbox 899 410 971 436; x_wconf 84' lang='grc' dir='ltr'>δίδου</span> 
     </span>
    </p>
   </div>
   <div class='ocr_carea' id='block_1_10' title="bbox 185 459 379 494">
    <p class='ocr_par' dir='ltr' id='par_1_10' title="bbox 185 459 379 494">
     <span class='ocr_line' id='line_1_10' title="bbox 185 459 379 494; baseline 0.005 -9"><span class='ocrx_word' id='word_1_43' title='bbox 185 460 260 494; x_wconf 80' lang='grc' dir='ltr'>ἡμῖν,</span> <span class='ocrx_word' id='word_1_44' title='bbox 277 459 379 494; x_wconf 81' lang='grc' dir='ltr'><strong>ἀγαθή.</strong></span> 
     </span>
    </p>
   </div>
   <div class='ocr_carea' id='block_1_11' title="bbox 223 504 969 541">
    <p class='ocr_par' dir='ltr' id='par_1_11' title="bbox 223 504 969 541">
     <span class='ocr_line' id='line_1_11' title="bbox 223 504 969 541; baseline -0.001 -10"><span class='ocrx_word' id='word_1_45' title='bbox 223 504 390 539; x_wconf 74' lang='grc' dir='ltr'>ιἼάτρευσον,</span> <span class='ocrx_word' id='word_1_46' title='bbox 408 504 517 539; x_wconf 78' lang='grc' dir='ltr'>δέομαι,</span> <span class='ocrx_word' id='word_1_47' title='bbox 543 506 577 532; x_wconf 81' lang='grc' dir='ltr'>τὰ</span> <span class='ocrx_word' id='word_1_48' title='bbox 597 506 671 541; x_wconf 84' lang='grc' dir='ltr'>πάθη</span> <span class='ocrx_word' id='word_1_49' title='bbox 695 505 745 540; x_wconf 86' lang='grc' dir='ltr'>τῆς</span> <span class='ocrx_word' id='word_1_50' title='bbox 762 505 831 540; x_wconf 77' lang='grc' dir='ltr'><strong>ὲμῆς</strong></span> <span class='ocrx_word' id='word_1_51' title='bbox 845 504 969 539; x_wconf 79' lang='grc' dir='ltr'><strong>καρδίας,</strong></span> 
     </span>
    </p>
   </div>
   <div class='ocr_carea' id='block_1_12' title="bbox 185 550 971 587">
    <p class='ocr_par' dir='ltr' id='par_1_12' title="bbox 185 550 971 587">
     <span class='ocr_line' id='line_1_12' title="bbox 185 550 971 587; baseline 0 -11"><span class='ocrx_word' id='word_1_52' title='bbox 185 551 314 585; x_wconf 81' lang='grc' dir='ltr'><strong>κυήσασα</strong></span> <span class='ocrx_word' id='word_1_53' title='bbox 332 550 379 576; x_wconf 77' lang='grc' dir='ltr'>τὸν</span> <span class='ocrx_word' id='word_1_54' title='bbox 401 550 511 576; x_wconf 80' lang='grc' dir='ltr'>πάντων</span> <span class='ocrx_word' id='word_1_55' title='bbox 529 551 631 587; x_wconf 80' lang='grc' dir='ltr'>ἰατρὸν,</span> <span class='ocrx_word' id='word_1_56' title='bbox 651 552 699 578; x_wconf 82' lang='grc' dir='ltr'>καὶ</span> <span class='ocrx_word' id='word_1_57' title='bbox 719 551 770 586; x_wconf 83' lang='grc' dir='ltr'>τῆς</span> <span class='ocrx_word' id='word_1_58' title='bbox 790 551 845 577; x_wconf 82' lang='grc' dir='ltr'>τῶν</span> <span class='ocrx_word' id='word_1_59' title='bbox 859 550 971 577; x_wconf 82' lang='grc' dir='ltr'>δικαίων</span> 
     </span>
    </p>
   </div>
   <div class='ocr_carea' id='block_1_13' title="bbox 183 594 970 631">
    <p class='ocr_par' dir='ltr' id='par_1_13' title="bbox 183 594 970 631">
     <span class='ocr_line' id='line_1_13' title="bbox 183 594 970 631; baseline 0.001 -11"><span class='ocrx_word' id='word_1_60' title='bbox 183 594 270 626; x_wconf 78' lang='grc' dir='ltr'>δεῖξον</span> <span class='ocrx_word' id='word_1_61' title='bbox 287 595 412 630; x_wconf 80' lang='grc' dir='ltr'><strong>μέτοχον,</strong></span> <span class='ocrx_word' id='word_1_62' title='bbox 443 596 576 631; x_wconf 84' lang='grc' dir='ltr'>Παρθένε,</span> <span class='ocrx_word' id='word_1_63' title='bbox 595 597 715 631; x_wconf 76' lang='grc' dir='ltr'><strong>μερίδος,</strong></span> <span class='ocrx_word' id='word_1_64' title='bbox 731 595 850 631; x_wconf 81' lang='grc' dir='ltr'>Χριστὸν</span> <span class='ocrx_word' id='word_1_65' title='bbox 873 596 970 622; x_wconf 73' lang='grc' dir='ltr'>ἐκδυσ-</span> 
     </span>
    </p>
   </div>
   <div class='ocr_carea' id='block_1_14' title="bbox 184 648 308 666">
    <p class='ocr_par' dir='ltr' id='par_1_14' title="bbox 184 648 308 666">
     <span class='ocr_line' id='line_1_14' title="bbox 184 648 308 666; baseline 0.008 -1"><span class='ocrx_word' id='word_1_66' title='bbox 184 648 308 666; x_wconf 79' lang='grc' dir='ltr'>ωπουσα.</span> 
     </span>
    </p>
   </div>
   <div class='ocr_carea' id='block_1_15' title="bbox 217 685 972 723">
    <p class='ocr_par' dir='ltr' id='par_1_15' title="bbox 217 685 972 723">
     <span class='ocr_line' id='line_1_15' title="bbox 217 685 972 723; baseline 0.004 -12"><span class='ocrx_word' id='word_1_67' title='bbox 217 686 277 717; x_wconf 83' lang='grc' dir='ltr'><strong>Φῶς</strong></span> <span class='ocrx_word' id='word_1_68' title='bbox 294 687 310 721; x_wconf 80' lang='grc' dir='ltr'>ἡ</span> <span class='ocrx_word' id='word_1_69' title='bbox 326 685 440 712; x_wconf 81' lang='grc' dir='ltr'>τεκοῦσα</span> <span class='ocrx_word' id='word_1_70' title='bbox 452 686 498 712; x_wconf 78' lang='grc' dir='ltr'>τὸν</span> <span class='ocrx_word' id='word_1_71' title='bbox 511 686 590 718; x_wconf 74' lang='grc' dir='ltr'>Θεὸν,</span> <span class='ocrx_word' id='word_1_72' title='bbox 607 687 799 722; x_wconf 81' lang='grc' dir='ltr'>ἐσκοτισμένον</span> <span class='ocrx_word' id='word_1_73' title='bbox 819 696 852 723; x_wconf 84' lang='grc' dir='ltr'><strong>με</strong></span> <span class='ocrx_word' id='word_1_74' title='bbox 869 687 972 719; x_wconf 80' lang='grc' dir='ltr'><strong>πάσαις</strong></span> 
     </span>
    </p>
   </div>
   <div class='ocr_carea' id='block_1_16' title="bbox 183 731 969 769">
    <p class='ocr_par' dir='ltr' id='par_1_16' title="bbox 183 731 969 769">
     <span class='ocr_line' id='line_1_16' title="bbox 183 731 969 769; baseline 0.004 -12"><span class='ocrx_word' id='word_1_75' title='bbox 183 732 243 763; x_wconf 83' lang='grc' dir='ltr'>ταῖς</span> <span class='ocrx_word' id='word_1_76' title='bbox 259 731 411 766; x_wconf 84' lang='grc' dir='ltr'>μεθοδείαις</span> <span class='ocrx_word' id='word_1_77' title='bbox 429 732 475 758; x_wconf 86' lang='grc' dir='ltr'>τοῦ</span> <span class='ocrx_word' id='word_1_78' title='bbox 498 733 606 769; x_wconf 75' lang='grc' dir='ltr'>ἐχθροῦ,</span> <span class='ocrx_word' id='word_1_79' title='bbox 626 734 672 760; x_wconf 80' lang='grc' dir='ltr'><strong>καὶ</strong></span> <span class='ocrx_word' id='word_1_80' title='bbox 693 733 823 769; x_wconf 75' lang='grc' dir='ltr'><strong>ῥᾳθύμως</strong></span> <span class='ocrx_word' id='word_1_81' title='bbox 849 734 969 769; x_wconf 82' lang='grc' dir='ltr'>βιοῦντα,</span> 
     </span>
    </p>
   </div>
   <div class='ocr_carea' id='block_1_17' title="bbox 183 777 972 814">
    <p class='ocr_par' dir='ltr' id='par_1_17' title="bbox 183 777 972 814">
     <span class='ocr_line' id='line_1_17' title="bbox 183 777 972 814; baseline 0.003 -12"><span class='ocrx_word' id='word_1_82' title='bbox 183 777 230 803; x_wconf 77' lang='grc' dir='ltr'>καὶ</span> <span class='ocrx_word' id='word_1_83' title='bbox 248 777 450 812; x_wconf 80' lang='grc' dir='ltr'>παροργίζοντα</span> <span class='ocrx_word' id='word_1_84' title='bbox 467 778 545 810; x_wconf 79' lang='grc' dir='ltr'>Θεὸν,</span> <span class='ocrx_word' id='word_1_85' title='bbox 570 779 736 814; x_wconf 78' lang='grc' dir='ltr'>πανάμωμε,</span> <span class='ocrx_word' id='word_1_86' title='bbox 760 780 889 814; x_wconf 84' lang='grc' dir='ltr'>φώτισον,</span> <span class='ocrx_word' id='word_1_87' title='bbox 909 779 972 814; x_wconf 63' lang='lat'><strong>6611-</strong></span> 
     </span>
    </p>
   </div>
   <div class='ocr_carea' id='block_1_18' title="bbox 182 821 970 859">
    <p class='ocr_par' dir='ltr' id='par_1_18' title="bbox 182 821 970 859">
     <span class='ocr_line' id='line_1_18' title="bbox 182 821 970 859; baseline 0.005 -12"><span class='ocrx_word' id='word_1_88' title='bbox 182 821 272 855; x_wconf 81' lang='grc' dir='ltr'>γοῦσα</span> <span class='ocrx_word' id='word_1_89' title='bbox 289 822 358 857; x_wconf 78' lang='grc' dir='ltr'>πρὸς</span> <span class='ocrx_word' id='word_1_90' title='bbox 373 822 456 854; x_wconf 81' lang='grc' dir='ltr'>καλὰς</span> <span class='ocrx_word' id='word_1_91' title='bbox 474 824 616 859; x_wconf 74' lang='grc' dir='ltr'>ἐργασίας,</span> <span class='ocrx_word' id='word_1_92' title='bbox 631 824 668 856; x_wconf 81' lang='grc' dir='ltr'><strong>ὡς</strong></span> <span class='ocrx_word' id='word_1_93' title='bbox 685 825 760 851; x_wconf 86' lang='grc' dir='ltr'>αἰτία</span> <span class='ocrx_word' id='word_1_94' title='bbox 776 824 844 851; x_wconf 74' lang='grc' dir='ltr'>οὖσα</span> <span class='ocrx_word' id='word_1_95' title='bbox 859 824 970 851; x_wconf 83' lang='grc' dir='ltr'>πάντων</span> 
     </span>
    </p>
   </div>
   <div class='ocr_carea' id='block_1_19' title="bbox 181 867 353 895">
    <p class='ocr_par' dir='ltr' id='par_1_19' title="bbox 181 867 353 895">
     <span class='ocr_line' id='line_1_19' title="bbox 181 867 353 895; baseline 0.012 -2"><span class='ocrx_word' id='word_1_96' title='bbox 181 867 236 893; x_wconf 85' lang='grc' dir='ltr'>τῶν</span> <span class='ocrx_word' id='word_1_97' title='bbox 252 867 353 895; x_wconf 80' lang='grc' dir='ltr'>καλῶν.</span> 
     </span>
    </p>
   </div>
   <div class='ocr_carea' id='block_1_20' title="bbox 189 977 970 1041">
    <p class='ocr_par' dir='ltr' id='par_1_20' title="bbox 189 977 970 1041">
     <span class='ocr_line' id='line_1_20' title="bbox 189 977 970 1041; baseline -0.001 -36"><span class='ocrx_word' id='word_1_98' title='bbox 189 978 240 1005; x_wconf 77' lang='grc' dir='ltr'>Ἐκ</span> <span class='ocrx_word' id='word_1_99' title='bbox 270 977 325 1005; x_wconf 84' lang='grc' dir='ltr'>τοῦ</span> <span class='ocrx_word' id='word_1_100' title='bbox 357 978 486 1012; x_wconf 79' lang='grc' dir='ltr'>κανόνος</span> <span class='ocrx_word' id='word_1_101' title='bbox 506 978 578 1041; x_wconf 48' lang='grc' dir='ltr'><strong>,ῇςὸ</strong></span> <span class='ocrx_word' id='word_1_102' title='bbox 601 977 812 1014; x_wconf 77' lang='grc' dir='ltr'>Παρασκευῆς,</span> <span class='ocrx_word' id='word_1_103' title='bbox 842 977 887 1011; x_wconf 80' lang='grc' dir='ltr'>εις</span> <span class='ocrx_word' id='word_1_104' title='bbox 916 977 970 1005; x_wconf 78' lang='grc' dir='ltr'>τὸν</span> 
     </span>
     <span class='ocr_line' id='line_1_21' title="bbox 542 1022 643 1041; baseline 0 0"><span class='ocrx_word' id='word_1_105' title='bbox 542 1022 560 1041; x_wconf 90' lang='grc' dir='ltr'><strong>ο</strong></span> <span class='ocrx_word' id='word_1_106' title='bbox 578 1022 643 1041; x_wconf 80' lang='lat' dir='ltr'><strong>nor.</strong></span> 
     </span>
    </p>
   </div>
   <div class='ocr_carea' id='block_1_21' title="bbox 539 1022 643 1048">
    <p class='ocr_par' dir='ltr' id='par_1_21' title="bbox 539 1022 643 1048">
     <span class='ocr_line' id='line_1_22' title="bbox 539 1022 643 1048; baseline 0 -7"><span class='ocrx_word' id='word_1_107' title='bbox 539 1022 643 1048; x_wconf 71' lang='lat' dir='ltr'><strong>paper.</strong></span> 
     </span>
    </p>
   </div>
   <div class='ocr_carea' id='block_1_22' title="bbox 218 1084 971 1121">
    <p class='ocr_par' dir='ltr' id='par_1_22' title="bbox 218 1084 971 1121">
     <span class='ocr_line' id='line_1_23' title="bbox 218 1084 971 1121; baseline 0.001 -10"><span class='ocrx_word' id='word_1_108' title='bbox 218 1085 324 1121; x_wconf 86' lang='grc' dir='ltr'>Ὥσπερ</span> <span class='ocrx_word' id='word_1_109' title='bbox 350 1085 436 1120; x_wconf 81' lang='grc' dir='ltr'>ἀμνὸν</span> <span class='ocrx_word' id='word_1_110' title='bbox 460 1085 506 1112; x_wconf 72' lang='grc' dir='ltr'><strong>ἐπὶ</strong></span> <span class='ocrx_word' id='word_1_111' title='bbox 530 1084 649 1121; x_wconf 81' lang='grc' dir='ltr'>σταυροῦ</span> <span class='ocrx_word' id='word_1_112' title='bbox 676 1085 821 1121; x_wconf 83' lang='grc' dir='ltr'>καθορῶσα</span> <span class='ocrx_word' id='word_1_113' title='bbox 841 1086 858 1121; x_wconf 83' lang='grc' dir='ltr'><strong>ἠ</strong></span> <span class='ocrx_word' id='word_1_114' title='bbox 880 1086 971 1121; x_wconf 82' lang='grc' dir='ltr'>ἀμνὰς</span> 
     </span>
    </p>
   </div>
   <div class='ocr_carea' id='block_1_23' title="bbox 184 1131 969 1167">
    <p class='ocr_par' dir='ltr' id='par_1_23' title="bbox 184 1131 969 1167">
     <span class='ocr_line' id='line_1_24' title="bbox 184 1131 969 1167; baseline 0.003 -10"><span class='ocrx_word' id='word_1_115' title='bbox 184 1131 376 1166; x_wconf 84' lang='grc' dir='ltr'>ἀπαρτηθέντα</span> <span class='ocrx_word' id='word_1_116' title='bbox 400 1131 445 1157; x_wconf 75' lang='grc' dir='ltr'>τὸν</span> <span class='ocrx_word' id='word_1_117' title='bbox 462 1131 591 1166; x_wconf 74' lang='grc' dir='ltr'>Χριστὸν,</span> <span class='ocrx_word' id='word_1_118' title='bbox 619 1131 748 1164; x_wconf 73' lang='grc' dir='ltr'>ἀλαλάζει</span> <span class='ocrx_word' id='word_1_119' title='bbox 765 1132 811 1158; x_wconf 76' lang='grc' dir='ltr'>καὶ</span> <span class='ocrx_word' id='word_1_120' title='bbox 828 1131 877 1167; x_wconf 81' lang='grc' dir='ltr'><strong>βοᾷ</strong></span> <span class='ocrx_word' id='word_1_121' title='bbox 891 1140 897 1147; x_wconf 81' lang='grc'><em>’</em></span> <span class='ocrx_word' id='word_1_122' title='bbox 914 1131 969 1160; x_wconf 80' lang='grc' dir='ltr'><strong>Ποῦ</strong></span> 
     </span>
    </p>
   </div>
   <div class='ocr_carea' id='block_1_24' title="bbox 183 1176 916 1212">
    <p class='ocr_par' dir='ltr' id='par_1_24' title="bbox 183 1176 916 1212">
     <span class='ocr_line' id='line_1_25' title="bbox 183 1176 916 1212; baseline 0.001 -10"><span class='ocrx_word' id='word_1_123' title='bbox 183 1184 230 1203; x_wconf 87' lang='grc' dir='ltr'><strong>σου</strong></span> <span class='ocrx_word' id='word_1_124' title='bbox 246 1176 306 1203; x_wconf 76' lang='grc' dir='ltr'>ἔθου</span> <span class='ocrx_word' id='word_1_125' title='bbox 319 1176 350 1203; x_wconf 77' lang='grc' dir='ltr'>τὸ</span> <span class='ocrx_word' id='word_1_126' title='bbox 364 1176 473 1209; x_wconf 84' lang='grc' dir='ltr'>κάλλος,</span> <span class='ocrx_word' id='word_1_127' title='bbox 489 1177 652 1212; x_wconf 78' lang='grc' dir='ltr'>μακρόθυμε</span> <span class='ocrx_word' id='word_1_128' title='bbox 667 1177 715 1203; x_wconf 83' lang='grc' dir='ltr'><strong>Υἱὲ</strong></span> <span class='ocrx_word' id='word_1_129' title='bbox 737 1177 893 1212; x_wconf 79' lang='grc' dir='ltr'>προάναρχε</span> <span class='ocrx_word' id='word_1_130' title='bbox 909 1185 916 1210; x_wconf 90' lang='grc'>;</span> 
     </span>
    </p>
   </div>
   <div class='ocr_carea' id='block_1_25' title="bbox 218 1264 970 1303">
    <p class='ocr_par' dir='ltr' id='par_1_25' title="bbox 218 1264 970 1303">
     <span class='ocr_line' id='line_1_26' title="bbox 218 1264 970 1303; baseline 0.004 -12"><span class='ocrx_word' id='word_1_131' title='bbox 218 1264 407 1300; x_wconf 79' lang='grc' dir='ltr'><strong>Εὐλογημένος</strong></span> <span class='ocrx_word' id='word_1_132' title='bbox 422 1266 471 1301; x_wconf 79' lang='grc' dir='ltr'>τῆς</span> <span class='ocrx_word' id='word_1_133' title='bbox 488 1266 592 1298; x_wconf 87' lang='grc' dir='ltr'>κοιλίας</span> <span class='ocrx_word' id='word_1_134' title='bbox 613 1275 660 1293; x_wconf 90' lang='grc' dir='ltr'><strong>σου</strong></span> <span class='ocrx_word' id='word_1_135' title='bbox 680 1267 695 1294; x_wconf 76' lang='grc' dir='ltr'><strong>ὁ</strong></span> <span class='ocrx_word' id='word_1_136' title='bbox 711 1266 827 1303; x_wconf 81' lang='grc' dir='ltr'>καρπὸς,</span> <span class='ocrx_word' id='word_1_137' title='bbox 848 1267 970 1302; x_wconf 84' lang='grc' dir='ltr'>Παρθένε</span> 
     </span>
    </p>
   </div>
   <div class='ocr_carea' id='block_1_26' title="bbox 183 1310 969 1348">
    <p class='ocr_par' dir='ltr' id='par_1_26' title="bbox 183 1310 969 1348">
     <span class='ocr_line' id='line_1_27' title="bbox 183 1310 969 1348; baseline 0.005 -12"><span class='ocrx_word' id='word_1_138' title='bbox 183 1310 351 1347; x_wconf 81' lang='grc' dir='ltr'>πανὺμνητε,</span> <span class='ocrx_word' id='word_1_139' title='bbox 367 1312 381 1338; x_wconf 87' lang='grc' dir='ltr'>ὀ</span> <span class='ocrx_word' id='word_1_140' title='bbox 395 1312 458 1344; x_wconf 78' lang='grc' dir='ltr'>τοὺς</span> <span class='ocrx_word' id='word_1_141' title='bbox 480 1312 634 1347; x_wconf 82' lang='grc' dir='ltr'>φθαρέντας</span> <span class='ocrx_word' id='word_1_142' title='bbox 653 1312 692 1348; x_wconf 86' lang='grc' dir='ltr'>τῷ</span> <span class='ocrx_word' id='word_1_143' title='bbox 708 1312 819 1348; x_wconf 83' lang='grc' dir='ltr'>καρπῷ,</span> <span class='ocrx_word' id='word_1_144' title='bbox 834 1313 878 1340; x_wconf 80' lang='grc' dir='ltr'><strong>διὰ</strong></span> <span class='ocrx_word' id='word_1_145' title='bbox 891 1313 969 1345; x_wconf 80' lang='grc' dir='ltr'>ξύλου</span> 
     </span>
    </p>
   </div>
   <div class='ocr_carea' id='block_1_27' title="bbox 183 1356 969 1394">
    <p class='ocr_par' dir='ltr' id='par_1_27' title="bbox 183 1356 969 1394">
     <span class='ocr_line' id='line_1_28' title="bbox 183 1356 969 1394; baseline 0.005 -12"><span class='ocrx_word' id='word_1_146' title='bbox 183 1356 299 1392; x_wconf 78' lang='grc' dir='ltr'>σταυροῦ</span> <span class='ocrx_word' id='word_1_147' title='bbox 327 1357 410 1384; x_wconf 80' lang='grc' dir='ltr'>αὐτοῦ</span> <span class='ocrx_word' id='word_1_148' title='bbox 443 1357 597 1394; x_wconf 75' lang='grc' dir='ltr'>ἀφθαρσίας</span> <span class='ocrx_word' id='word_1_149' title='bbox 626 1359 802 1394; x_wconf 79' lang='grc' dir='ltr'>καταστήσας</span> <span class='ocrx_word' id='word_1_150' title='bbox 822 1359 969 1391; x_wconf 79' lang='grc' dir='ltr'>κοινωνοὺς</span> 
     </span>
    </p>
   </div>
   <div class='ocr_carea' id='block_1_28' title="bbox 182 1402 360 1438">
    <p class='ocr_par' dir='ltr' id='par_1_28' title="bbox 182 1402 360 1438">
     <span class='ocr_line' id='line_1_29' title="bbox 182 1402 360 1438; baseline 0.017 -11"><span class='ocrx_word' id='word_1_151' title='bbox 182 1402 242 1438; x_wconf 72' lang='grc' dir='ltr'>Θείᾳ</span> <span class='ocrx_word' id='word_1_152' title='bbox 256 1403 360 1438; x_wconf 81' lang='grc' dir='ltr'>χάριτι.</span> 
     </span>
    </p>
   </div>
   <div class='ocr_carea' id='block_1_29' title="bbox 223 1448 969 1485">
    <p class='ocr_par' dir='ltr' id='par_1_29' title="bbox 223 1448 969 1485">
     <span class='ocr_line' id='line_1_30' title="bbox 223 1448 969 1485; baseline 0.007 -11"><span class='ocrx_word' id='word_1_153' title='bbox 223 1448 257 1474; x_wconf 81' lang='grc' dir='ltr'><strong>Οἵ</strong></span> <span class='ocrx_word' id='word_1_154' title='bbox 286 1457 342 1483; x_wconf 76' lang='grc' dir='ltr'>μοι,</span> <span class='ocrx_word' id='word_1_155' title='bbox 363 1449 472 1476; x_wconf 76' lang='grc' dir='ltr'>τέκνονί</span> <span class='ocrx_word' id='word_1_156' title='bbox 501 1450 560 1481; x_wconf 85' lang='grc' dir='ltr'><strong>πῶς</strong></span> <span class='ocrx_word' id='word_1_157' title='bbox 585 1450 677 1485; x_wconf 75' lang='grc' dir='ltr'>βλέψω</span> <span class='ocrx_word' id='word_1_158' title='bbox 700 1460 729 1477; x_wconf 88' lang='grc' dir='ltr'><strong>σε</strong></span> <span class='ocrx_word' id='word_1_159' title='bbox 751 1451 798 1478; x_wconf 73' lang='grc' dir='ltr'><strong>ἐπὶ</strong></span> <span class='ocrx_word' id='word_1_160' title='bbox 815 1451 863 1478; x_wconf 79' lang='grc' dir='ltr'><strong>τοῦ</strong></span> <span class='ocrx_word' id='word_1_161' title='bbox 891 1451 969 1484; x_wconf 80' lang='grc' dir='ltr'>ξύλου</span> 
     </span>
    </p>
   </div>
   <div class='ocr_carea' id='block_1_30' title="bbox 182 1493 970 1532">
    <p class='ocr_par' dir='ltr' id='par_1_30' title="bbox 182 1493 970 1532">
     <span class='ocr_line' id='line_1_31' title="bbox 182 1493 970 1532; baseline 0.006 -13"><span class='ocrx_word' id='word_1_162' title='bbox 182 1493 381 1528; x_wconf 79' lang='grc' dir='ltr'>ἀνηρτημένον,</span> <span class='ocrx_word' id='word_1_163' title='bbox 403 1493 451 1520; x_wconf 80' lang='grc' dir='ltr'>καὶ</span> <span class='ocrx_word' id='word_1_164' title='bbox 471 1494 572 1526; x_wconf 83' lang='grc' dir='ltr'><strong>ἀδίκως</strong></span> <span class='ocrx_word' id='word_1_165' title='bbox 592 1494 804 1530; x_wconf 80' lang='grc' dir='ltr'>θανατούμενον,</span> <span class='ocrx_word' id='word_1_166' title='bbox 830 1496 880 1532; x_wconf 86' lang='grc' dir='ltr'>τὴν</span> <span class='ocrx_word' id='word_1_167' title='bbox 897 1496 970 1532; x_wconf 80' lang='grc' dir='ltr'>ζωὴν</span> 
     </span>
    </p>
   </div>
   <div class='ocr_carea' id='block_1_31' title="bbox 182 1539 810 1576">
    <p class='ocr_par' dir='ltr' id='par_1_31' title="bbox 182 1539 810 1576">
     <span class='ocr_line' id='line_1_32' title="bbox 182 1539 810 1576; baseline 0.005 -11"><span class='ocrx_word' id='word_1_168' title='bbox 182 1539 356 1574; x_wconf 82' lang='grc' dir='ltr'>παρέχοντα;</span> <span class='ocrx_word' id='word_1_169' title='bbox 374 1540 391 1575; x_wconf 74' lang='grc' dir='ltr'><strong>ἡ</strong></span> <span class='ocrx_word' id='word_1_170' title='bbox 406 1539 545 1575; x_wconf 80' lang='grc' dir='ltr'>Παρθένος</span> <span class='ocrx_word' id='word_1_171' title='bbox 561 1540 694 1568; x_wconf 81' lang='grc' dir='ltr'>κλαίουσα</span> <span class='ocrx_word' id='word_1_172' title='bbox 707 1541 810 1576; x_wconf 71' lang='grc' dir='ltr'>ἔλεγεν.</span> 
     </span>
    </p>
   </div>
   <div class='ocr_carea' id='block_1_32' title="bbox 224 1633 969 1670">
    <p class='ocr_par' dir='ltr' id='par_1_32' title="bbox 224 1633 969 1670">
     <span class='ocr_line' id='line_1_33' title="bbox 224 1633 969 1670; baseline 0.004 -11"><span class='ocrx_word' id='word_1_173' title='bbox 224 1633 332 1665; x_wconf 77' lang='grc' dir='ltr'>Ῥάὸδος</span> <span class='ocrx_word' id='word_1_174' title='bbox 353 1633 369 1668; x_wconf 86' lang='grc' dir='ltr'><strong>ή</strong></span> <span class='ocrx_word' id='word_1_175' title='bbox 382 1633 490 1668; x_wconf 74' lang='grc' dir='ltr'>ἔντιμος</span> <span class='ocrx_word' id='word_1_176' title='bbox 504 1634 520 1669; x_wconf 84' lang='grc' dir='ltr'>ἡ</span> <span class='ocrx_word' id='word_1_177' title='bbox 540 1633 716 1670; x_wconf 80' lang='grc' dir='ltr'>βλαστήσασα</span> <span class='ocrx_word' id='word_1_178' title='bbox 728 1634 827 1662; x_wconf 79' lang='grc' dir='ltr'>κλάδον</span> <span class='ocrx_word' id='word_1_179' title='bbox 841 1635 969 1670; x_wconf 79' lang='grc' dir='ltr'>ἀμάραν-</span> 
     </span>
    </p>
   </div>
   <div class='ocr_carea' id='block_1_33' title="bbox 183 1679 968 1715">
    <p class='ocr_par' dir='ltr' id='par_1_33' title="bbox 183 1679 968 1715">
     <span class='ocr_line' id='line_1_34' title="bbox 183 1679 968 1715; baseline 0.001 -9"><span class='ocrx_word' id='word_1_180' title='bbox 183 1688 239 1711; x_wconf 82' lang='grc' dir='ltr'>τον,</span> <span class='ocrx_word' id='word_1_181' title='bbox 259 1679 447 1715; x_wconf 82' lang='grc' dir='ltr'>ἀνυψούμενον</span> <span class='ocrx_word' id='word_1_182' title='bbox 468 1679 550 1706; x_wconf 70' lang='grc' dir='ltr'>αὑτὸν</span> <span class='ocrx_word' id='word_1_183' title='bbox 565 1680 603 1711; x_wconf 82' lang='grc' dir='ltr'>ὡς</span> <span class='ocrx_word' id='word_1_184' title='bbox 620 1680 736 1707; x_wconf 75' lang='grc' dir='ltr'>ἔϐλεπεν</span> <span class='ocrx_word' id='word_1_185' title='bbox 753 1681 799 1707; x_wconf 77' lang='grc' dir='ltr'><strong>ἐπὶ</strong></span> <span class='ocrx_word' id='word_1_186' title='bbox 813 1680 861 1707; x_wconf 82' lang='grc' dir='ltr'>τοῦ</span> <span class='ocrx_word' id='word_1_187' title='bbox 877 1681 968 1714; x_wconf 81' lang='grc' dir='ltr'>ξύλου,</span> 
     </span>
    </p>
   </div>
   <div class='ocr_carea' id='block_1_34' title="bbox 181 1724 850 1761">
    <p class='ocr_par' dir='ltr' id='par_1_34' title="bbox 181 1724 850 1761">
     <span class='ocr_line' id='line_1_35' title="bbox 181 1724 850 1761; baseline 0.003 -11"><span class='ocrx_word' id='word_1_188' title='bbox 181 1724 305 1751; x_wconf 76' lang='grc' dir='ltr'>Δέσποτα</span> <span class='ocrx_word' id='word_1_189' title='bbox 329 1725 496 1759; x_wconf 75' lang='grc' dir='ltr'>ὲκοαύγαζε,</span> <span class='ocrx_word' id='word_1_190' title='bbox 521 1725 558 1761; x_wconf 81' lang='grc' dir='ltr'><strong>μὴ</strong></span> <span class='ocrx_word' id='word_1_191' title='bbox 573 1725 686 1752; x_wconf 74' lang='grc' dir='ltr'>ἄτεκνον</span> <span class='ocrx_word' id='word_1_192' title='bbox 698 1725 787 1761; x_wconf 80' lang='grc' dir='ltr'>δείξῃς</span> <span class='ocrx_word' id='word_1_193' title='bbox 805 1734 850 1761; x_wconf 87' lang='grc' dir='ltr'>με.</span> 
     </span>
    </p>
   </div>
   <div class='ocr_carea' id='block_1_35' title="bbox 217 1861 965 1898">
    <p class='ocr_par' dir='ltr' id='par_1_35' title="bbox 217 1861 965 1898">
     <span class='ocr_line' id='line_1_36' title="bbox 217 1861 965 1898; baseline -0.001 -8"><span class='ocrx_word' id='word_1_194' title='bbox 217 1863 295 1890; x_wconf 81' lang='grc' dir='ltr'>Μετὰ</span> <span class='ocrx_word' id='word_1_195' title='bbox 307 1863 396 1895; x_wconf 71' lang='grc' dir='ltr'>τόκον,</span> <span class='ocrx_word' id='word_1_196' title='bbox 413 1863 581 1898; x_wconf 81' lang='grc' dir='ltr'>πανάμωμε,</span> <span class='ocrx_word' id='word_1_197' title='bbox 595 1862 632 1894; x_wconf 84' lang='grc' dir='ltr'>ὼς</span> <span class='ocrx_word' id='word_1_198' title='bbox 648 1861 700 1898; x_wconf 59' lang='lat' dir='ltr'><strong>np?)</strong></span> <span class='ocrx_word' id='word_1_199' title='bbox 715 1862 796 1889; x_wconf 77' lang='grc' dir='ltr'>τόκου</span> <span class='ocrx_word' id='word_1_200' title='bbox 810 1862 947 1897; x_wconf 79' lang='grc' dir='ltr'>διέμεινας</span> <span class='ocrx_word' id='word_1_201' title='bbox 958 1871 965 1879; x_wconf 92' lang='grc'><strong>·</strong></span> 
     </span>
    </p>
   </div>
   <div class='ocr_carea' id='block_1_36' title="bbox 182 1908 902 1945">
    <p class='ocr_par' dir='ltr' id='par_1_36' title="bbox 182 1908 902 1945">
     <span class='ocr_line' id='line_1_37' title="bbox 182 1908 902 1945; baseline 0 -9"><span class='ocrx_word' id='word_1_202' title='bbox 182 1909 248 1936; x_wconf 75' lang='grc' dir='ltr'>Θεὸν</span> <span class='ocrx_word' id='word_1_203' title='bbox 261 1909 315 1944; x_wconf 81' lang='grc' dir='ltr'><strong>γὰρ</strong></span> <span class='ocrx_word' id='word_1_204' title='bbox 327 1909 446 1943; x_wconf 76' lang='grc' dir='ltr'>ὲκὺησας</span> <span class='ocrx_word' id='word_1_205' title='bbox 461 1909 533 1945; x_wconf 77' lang='grc' dir='ltr'>ξύλῳ</span> <span class='ocrx_word' id='word_1_206' title='bbox 546 1909 593 1935; x_wconf 69' lang='grc' dir='ltr'>τὸν</span> <span class='ocrx_word' id='word_1_207' title='bbox 607 1908 749 1944; x_wconf 75' lang='grc' dir='ltr'>ἄνθρωπον</span> <span class='ocrx_word' id='word_1_208' title='bbox 766 1910 902 1936; x_wconf 84' lang='grc' dir='ltr'>σώσαντα.</span> 
     </span>
    </p>
   </div>
   <div class='ocr_carea' id='block_1_37' title="bbox 217 2043 968 2080">
    <p class='ocr_par' dir='ltr' id='par_1_37' title="bbox 217 2043 968 2080">
     <span class='ocr_line' id='line_1_38' title="bbox 217 2043 968 2080; baseline -0.003 -8"><span class='ocrx_word' id='word_1_209' title='bbox 217 2043 423 2080; x_wconf 82' lang='grc' dir='ltr'>Σταυρούμενον</span> <span class='ocrx_word' id='word_1_210' title='bbox 457 2043 549 2079; x_wconf 81' lang='grc' dir='ltr'>δρῶσα</span> <span class='ocrx_word' id='word_1_211' title='bbox 573 2043 619 2070; x_wconf 79' lang='grc' dir='ltr'>τὸν</span> <span class='ocrx_word' id='word_1_212' title='bbox 647 2043 751 2078; x_wconf 82' lang='grc' dir='ltr'>Κύριον</span> <span class='ocrx_word' id='word_1_213' title='bbox 780 2044 797 2079; x_wconf 80' lang='grc' dir='ltr'><strong>ἠ</strong></span> <span class='ocrx_word' id='word_1_214' title='bbox 824 2043 968 2078; x_wconf 72' lang='grc' dir='ltr'>ἄμεμπτος</span> 
     </span>
    </p>
   </div>
   <div class='ocr_carea' id='block_1_38' title="bbox 462 2112 477 2123">
    <p class='ocr_par' dir='ltr' id='par_1_38' title="bbox 462 2112 477 2123">
     <span class='ocr_line' id='line_1_39' title="bbox 462 2112 477 2123; baseline 0 0"><span class='ocrx_word' id='word_1_215' title='bbox 462 2112 477 2123; x_wconf 73' lang='grc' dir='ltr'><strong><em>ο</em></strong></span> 
     </span>
    </p>
   </div>
   <div class='ocr_carea' id='block_1_39' title="bbox 218 2131 966 2172">
    <p class='ocr_par' dir='ltr' id='par_1_39' title="bbox 218 2131 966 2172">
     <span class='ocr_line' id='line_1_40' title="bbox 218 2131 966 2172; baseline -0.008 -8"><span class='ocrx_word' id='word_1_216' title='bbox 218 2136 255 2172; x_wconf 92' lang='grc'><strong>(8)</strong></span> <span class='ocrx_word' id='word_1_217' title='bbox 272 2136 313 2164; x_wconf 82' lang='lat' dir='ltr'><strong>An</strong></span> <span class='ocrx_word' id='word_1_218' title='bbox 335 2136 364 2164; x_wconf 82' lang='grc' dir='ltr'><strong>Β.</strong></span> <span class='ocrx_word' id='word_1_219' title='bbox 392 2135 530 2170; x_wconf 80' lang='lat' dir='ltr'><strong>Virginem</strong></span> <span class='ocrx_word' id='word_1_220' title='bbox 558 2133 633 2172; x_wconf 77' lang='lat' dir='ltr'><strong>omni</strong></span> <span class='ocrx_word' id='word_1_221' title='bbox 654 2133 747 2172; x_wconf 87' lang='lat' dir='ltr'><strong>_laude</strong></span> <span class='ocrx_word' id='word_1_222' title='bbox 777 2131 966 2172; x_wconf 56' lang='lat' dir='ltr'><strong>dignissimam</strong></span> 
     </span>
    </p>
   </div>
   <div class='ocr_carea' id='block_1_40' title="bbox 181 2167 967 2207">
    <p class='ocr_par' dir='ltr' id='par_1_40' title="bbox 181 2167 967 2207">
     <span class='ocr_line' id='line_1_41' title="bbox 181 2167 967 2207; baseline -0.009 -8"><span class='ocrx_word' id='word_1_223' title='bbox 181 2167 314 2207; x_wconf 74' lang='lat' dir='ltr'><strong>judicent,</strong></span> <span class='ocrx_word' id='word_1_224' title='bbox 329 2172 375 2206; x_wconf 89' lang='lat' dir='ltr'><strong>qui</strong></span> <span class='ocrx_word' id='word_1_225' title='bbox 394 2167 465 2202; x_wconf 73' lang='lat' dir='ltr'><strong>eam,</strong></span> <span class='ocrx_word' id='word_1_226' title='bbox 477 2174 562 2207; x_wconf 84' lang='lat' dir='ltr'><strong>totam</strong></span> <span class='ocrx_word' id='word_1_227' title='bbox 589 2167 733 2207; x_wconf 69' lang='lat' dir='ltr'><strong>p&#39;ulcliraut</strong></span> <span class='ocrx_word' id='word_1_228' title='bbox 753 2171 780 2194; x_wconf 87' lang='lat' dir='ltr'><strong>et</strong></span> <span class='ocrx_word' id='word_1_229' title='bbox 808 2167 967 2207; x_wconf 75' lang='lat' dir='ltr'><strong>formosam,</strong></span> 
     </span>
    </p>
   </div>
   <div class='ocr_carea' id='block_1_41' title="bbox 184 2202 967 2241">
    <p class='ocr_par' dir='ltr' id='par_1_41' title="bbox 184 2202 967 2241">
     <span class='ocr_line' id='line_1_42' title="bbox 184 2202 967 2241; baseline -0.008 -8"><span class='ocrx_word' id='word_1_230' title='bbox 184 2202 210 2233; x_wconf 84' lang='lat' dir='ltr'><strong>in</strong></span> <span class='ocrx_word' id='word_1_231' title='bbox 227 2214 278 2234; x_wconf 81' lang='lat' dir='ltr'><strong>suo</strong></span> <span class='ocrx_word' id='word_1_232' title='bbox 300 2202 432 2241; x_wconf 80' lang='lat' dir='ltr'><strong>conceptu</strong></span> <span class='ocrx_word' id='word_1_233' title='bbox 459 2204 624 2241; x_wconf 64' lang='lat' dir='ltr'><strong>maculosum</strong></span> <span class='ocrx_word' id='word_1_234' title='bbox 648 2202 894 2241; x_wconf 79' lang='lat' dir='ltr'><strong>constituunt;qui</strong></span> <span class='ocrx_word' id='word_1_235' title='bbox 909 2210 967 2241; x_wconf 71' lang='lat' dir='ltr'><strong>cant</strong></span> 
     </span>
    </p>
   </div>
   <div class='ocr_carea' id='block_1_42' title="bbox 183 2236 969 2276">
    <p class='ocr_par' dir='ltr' id='par_1_42' title="bbox 183 2236 969 2276">
     <span class='ocr_line' id='line_1_43' title="bbox 183 2236 969 2276; baseline -0.006 -8"><span class='ocrx_word' id='word_1_236' title='bbox 183 2242 309 2272; x_wconf 84' lang='lat' dir='ltr'><strong>liberam.</strong></span> <span class='ocrx_word' id='word_1_237' title='bbox 323 2236 491 2276; x_wconf 73' lang='lat' dir='ltr'><strong>magistram,</strong></span> <span class='ocrx_word' id='word_1_238' title='bbox 507 2240 661 2276; x_wconf 61' lang='lat' dir='ltr'><strong>daemonum</strong></span> <span class='ocrx_word' id='word_1_239' title='bbox 677 2238 828 2269; x_wconf 77' lang='lat' dir='ltr'><strong>victricem,</strong></span> <span class='ocrx_word' id='word_1_240' title='bbox 850 2236 969 2264; x_wconf 67' lang='lat' dir='ltr'><strong>daemoni</strong></span> 
     </span>
    </p>
   </div>
   <div class='ocr_carea' id='block_1_43' title="bbox 182 2273 970 2311">
    <p class='ocr_par' dir='ltr' id='par_1_43' title="bbox 182 2273 970 2311">
     <span class='ocr_line' id='line_1_44' title="bbox 182 2273 970 2311; baseline -0.009 -7"><span class='ocrx_word' id='word_1_241' title='bbox 182 2277 332 2311; x_wconf 74' lang='lat' dir='ltr'><strong>subiectam</strong></span> <span class='ocrx_word' id='word_1_242' title='bbox 349 2273 452 2311; x_wconf 65' lang='lat' dir='ltr'><strong>fa&#39;ciunt</strong></span> <span class='ocrx_word' id='word_1_243' title='bbox 468 2283 474 2302; x_wconf 92' lang='lat'>:</span> <span class='ocrx_word' id='word_1_244' title='bbox 490 2275 536 2309; x_wconf 89' lang='lat' dir='ltr'><strong>qui</strong></span> <span class='ocrx_word' id='word_1_245' title='bbox 559 2273 726 2311; x_wconf 71' lang='lat' dir='ltr'><strong>benedictam</strong></span> <span class='ocrx_word' id='word_1_246' title='bbox 748 2280 795 2306; x_wconf 79' lang='lat' dir='ltr'><strong>per</strong></span> <span class='ocrx_word' id='word_1_247' title='bbox 817 2279 912 2311; x_wconf 69' lang='lat' dir='ltr'><strong>omnes</strong></span> <span class='ocrx_word' id='word_1_248' title='bbox 922 2279 970 2306; x_wconf 73' lang='lat' dir='ltr'><strong>ge-</strong></span> 
     </span>
    </p>
   </div>
   <div class='ocr_carea' id='block_1_44' title="bbox 183 2307 969 2345">
    <p class='ocr_par' dir='ltr' id='par_1_44' title="bbox 183 2307 969 2345">
     <span class='ocr_line' id='line_1_45' title="bbox 183 2307 969 2345; baseline -0.009 -7"><span class='ocrx_word' id='word_1_249' title='bbox 183 2307 349 2343; x_wconf 81' lang='lat' dir='ltr'><strong>nerationes,</strong></span> <span class='ocrx_word' id='word_1_250' title='bbox 371 2315 400 2338; x_wconf 89' lang='lat' dir='ltr'><strong>ut</strong></span> <span class='ocrx_word' id='word_1_251' title='bbox 415 2307 534 2345; x_wconf 79' lang='lat' dir='ltr'><strong>reliquos</strong></span> <span class='ocrx_word' id='word_1_252' title='bbox 554 2309 620 2336; x_wconf 62' lang='lat' dir='ltr'><strong>Adw</strong></span> <span class='ocrx_word' id='word_1_253' title='bbox 638 2313 761 2345; x_wconf 78' lang='lat' dir='ltr'><strong>posteros</strong></span> <span class='ocrx_word' id='word_1_254' title='bbox 786 2307 969 2338; x_wconf 86' lang='lat' dir='ltr'><strong>maledictam,</strong></span> 
     </span>
    </p>
   </div>
   <div class='ocr_carea' id='block_1_45' title="bbox 182 2343 968 2380">
    <p class='ocr_par' dir='ltr' id='par_1_45' title="bbox 182 2343 968 2380">
     <span class='ocr_line' id='line_1_46' title="bbox 182 2343 968 2380; baseline -0.01 -6"><span class='ocrx_word' id='word_1_255' title='bbox 182 2346 293 2374; x_wconf 77' lang='lat' dir='ltr'><strong>sceleris</strong></span> <span class='ocrx_word' id='word_1_256' title='bbox 320 2343 508 2380; x_wconf 63' lang='lat' dir='ltr'><strong>purissitnalit,</strong></span> <span class='ocrx_word' id='word_1_257' title='bbox 532 2349 643 2380; x_wconf 77' lang='lat' dir='ltr'><strong>peccato</strong></span> <span class='ocrx_word' id='word_1_258' title='bbox 657 2343 769 2380; x_wconf 75' lang='lat' dir='ltr'><strong>originis</strong></span> <span class='ocrx_word' id='word_1_259' title='bbox 798 2346 968 2380; x_wconf 64' lang='lat' dir='ltr'><strong>temet-alam,</strong></span> 
     </span>
    </p>
   </div>
   <div class='ocr_carea' id='block_1_46' title="bbox 183 2377 970 2415">
    <p class='ocr_par' dir='ltr' id='par_1_46' title="bbox 183 2377 970 2415">
     <span class='ocr_line' id='line_1_47' title="bbox 183 2377 970 2415; baseline -0.01 -6"><span class='ocrx_word' id='word_1_260' title='bbox 183 2381 295 2409; x_wconf 74' lang='lat' dir='ltr'><strong>Matrem</strong></span> <span class='ocrx_word' id='word_1_261' title='bbox 310 2377 428 2415; x_wconf 83' lang='lat' dir='ltr'><strong>denique</strong></span> <span class='ocrx_word' id='word_1_262' title='bbox 443 2379 546 2415; x_wconf 54' lang='lat' dir='ltr'><strong>gratiae.</strong></span> <span class='ocrx_word' id='word_1_263' title='bbox 563 2378 612 2415; x_wconf 82' lang='lat' dir='ltr'><strong>ipsi</strong></span> <span class='ocrx_word' id='word_1_264' title='bbox 628 2378 739 2415; x_wconf 74' lang='lat' dir='ltr'><strong>Auctori</strong></span> <span class='ocrx_word' id='word_1_265' title='bbox 752 2377 846 2415; x_wconf 61' lang='lat' dir='ltr'><strong>gratiae</strong></span> <span class='ocrx_word' id='word_1_266' title='bbox 859 2383 970 2403; x_wconf 81' lang='lat' dir='ltr'><strong>exosain</strong></span> 
     </span>
    </p>
   </div>
   <div class='ocr_carea' id='block_1_47' title="bbox 182 2413 970 2451">
    <p class='ocr_par' dir='ltr' id='par_1_47' title="bbox 182 2413 970 2451">
     <span class='ocr_line' id='line_1_48' title="bbox 182 2413 970 2451; baseline -0.008 -9"><span class='ocrx_word' id='word_1_267' title='bbox 182 2413 391 2451; x_wconf 45' lang='lat' dir='ltr'><strong>ingratamque‘</strong></span> <span class='ocrx_word' id='word_1_268' title='bbox 407 2413 455 2450; x_wconf 86' lang='lat' dir='ltr'><strong>pro</strong></span> <span class='ocrx_word' id='word_1_269' title='bbox 489 2414 535 2451; x_wconf 81' lang='lat' dir='ltr'><strong>illo</strong></span> <span class='ocrx_word' id='word_1_270' title='bbox 563 2414 650 2451; x_wconf 74' lang='lat' dir='ltr'><strong>primo</strong></span> <span class='ocrx_word' id='word_1_271' title='bbox 685 2413 797 2451; x_wconf 55' lang='lat' dir='ltr'><strong>instanti</strong></span> <span class='ocrx_word' id='word_1_272' title='bbox 819 2416 970 2451; x_wconf 57' lang='lat' dir='ltr'><strong>asseruit}:</strong></span> 
     </span>
    </p>
   </div>
   <div class='ocr_carea' id='block_1_48' title="bbox 183 2446 972 2482">
    <p class='ocr_par' dir='ltr' id='par_1_48' title="bbox 183 2446 972 2482">
     <span class='ocr_line' id='line_1_49' title="bbox 183 2446 972 2482; baseline -0.006 -5"><span class='ocrx_word' id='word_1_273' title='bbox 183 2446 270 2482; x_wconf 70' lang='lat' dir='ltr'><strong>tuum,</strong></span> <span class='ocrx_word' id='word_1_274' title='bbox 285 2446 433 2481; x_wconf 58' lang='lat' dir='ltr'><strong>mi&#39;leclo&#39;r,</strong></span> <span class='ocrx_word' id='word_1_275' title='bbox 447 2454 505 2476; x_wconf 87' lang='lat' dir='ltr'><strong>esto</strong></span> <span class='ocrx_word' id='word_1_276' title='bbox 527 2447 670 2482; x_wconf 83' lang='lat' dir='ltr'><strong>judicium.</strong></span> <span class='ocrx_word' id='word_1_277' title='bbox 682 2447 762 2474; x_wconf 79' lang='lat' dir='ltr'><strong>Certe</strong></span> <span class='ocrx_word' id='word_1_278' title='bbox 778 2446 881 2474; x_wconf 85' lang='lat' dir='ltr'><strong>homini</strong></span> <span class='ocrx_word' id='word_1_279' title='bbox 905 2446 972 2482; x_wconf 76' lang='lat' dir='ltr'><strong>lide-</strong></span> 
     </span>
    </p>
   </div>
   <div class='ocr_carea' id='block_1_49' title="bbox 182 2480 973 2518">
    <p class='ocr_par' dir='ltr' id='par_1_49' title="bbox 182 2480 973 2518">
     <span class='ocr_line' id='line_1_50' title="bbox 182 2480 973 2518; baseline -0.009 -5"><span class='ocrx_word' id='word_1_280' title='bbox 182 2480 290 2513; x_wconf 76' lang='lat' dir='ltr'><strong>lissiuio</strong></span> <span class='ocrx_word' id='word_1_281' title='bbox 311 2487 389 2512; x_wconf 81' lang='lat' dir='ltr'><strong>fiet-ct</strong></span> <span class='ocrx_word' id='word_1_282' title='bbox 409 2480 559 2518; x_wconf 58' lang='lat' dir='ltr'><strong>inju&#39;ria,&#39;si</strong></span> <span class='ocrx_word' id='word_1_283' title='bbox 575 2482 609 2509; x_wconf 86' lang='lat' dir='ltr'><strong>de</strong></span> <span class='ocrx_word' id='word_1_284' title='bbox 634 2483 678 2509; x_wconf 91' lang='lat' dir='ltr'><strong>illo</strong></span> <span class='ocrx_word' id='word_1_285' title='bbox 701 2482 763 2516; x_wconf 85' lang='lat' dir='ltr'><strong>quis</strong></span> <span class='ocrx_word' id='word_1_286' title='bbox 788 2480 973 2518; x_wconf 67' lang='lat' dir='ltr'><strong>dicereulste</strong></span> 
     </span>
    </p>
   </div>
   <div class='ocr_carea' id='block_1_50' title="bbox 182 2516 971 2555">
    <p class='ocr_par' dir='ltr' id='par_1_50' title="bbox 182 2516 971 2555">
     <span class='ocr_line' id='line_1_51' title="bbox 182 2516 971 2555; baseline -0.009 -7"><span class='ocrx_word' id='word_1_287' title='bbox 182 2525 225 2548; x_wconf 76' lang='lat' dir='ltr'><strong>est</strong></span> <span class='ocrx_word' id='word_1_288' title='bbox 253 2528 359 2555; x_wconf 69' lang='lat' dir='ltr'><strong>magna!</strong></span> <span class='ocrx_word' id='word_1_289' title='bbox 386 2516 536 2555; x_wconf 82' lang='lat' dir='ltr'><strong>tidelitatis,</strong></span> <span class='ocrx_word' id='word_1_290' title='bbox 548 2518 613 2555; x_wconf 81' lang='lat' dir='ltr'><strong>quia</strong></span> <span class='ocrx_word' id='word_1_291' title='bbox 631 2523 785 2555; x_wconf 78' lang='lat' dir='ltr'><strong>nunquam,</strong></span> <span class='ocrx_word' id='word_1_292' title='bbox 796 2516 851 2555; x_wconf 71' lang='lat' dir='ltr'><strong>nisi</strong></span> <span class='ocrx_word' id='word_1_293' title='bbox 875 2516 971 2555; x_wconf 75' lang='lat' dir='ltr'><strong>semel,</strong></span> 
     </span>
    </p>
   </div>
   <div class='ocr_carea' id='block_1_51' title="bbox 183 2550 972 2590">
    <p class='ocr_par' dir='ltr' id='par_1_51' title="bbox 183 2550 972 2590">
     <span class='ocr_line' id='line_1_52' title="bbox 183 2550 972 2590; baseline -0.008 -8"><span class='ocrx_word' id='word_1_294' title='bbox 183 2556 235 2583; x_wconf 87' lang='lat' dir='ltr'><strong>I&#39;uit</strong></span> <span class='ocrx_word' id='word_1_295' title='bbox 248 2550 427 2590; x_wconf 19' lang='lat' dir='ltr'><strong>proditorrsui</strong></span> <span class='ocrx_word' id='word_1_296' title='bbox 442 2554 514 2588; x_wconf 80' lang='lat' dir='ltr'><strong>regis</strong></span> <span class='ocrx_word' id='word_1_297' title='bbox 527 2561 533 2590; x_wconf 72' lang='grc' dir='ltr'>ς</span> <span class='ocrx_word' id='word_1_298' title='bbox 554 2550 594 2590; x_wconf 82' lang='lat' dir='ltr'><strong>vel</strong></span> <span class='ocrx_word' id='word_1_299' title='bbox 615 2554 637 2590; x_wconf 84' lang='lat' dir='ltr'><strong>si</strong></span> <span class='ocrx_word' id='word_1_300' title='bbox 650 2552 683 2578; x_wconf 88' lang='lat' dir='ltr'><strong>de</strong></span> <span class='ocrx_word' id='word_1_301' title='bbox 698 2550 900 2589; x_wconf 60' lang='lat' dir='ltr'><strong>sapientissimo</strong></span> <span class='ocrx_word' id='word_1_302' title='bbox 913 2550 972 2577; x_wconf 90' lang='lat' dir='ltr'><strong>viro</strong></span> 
     </span>
    </p>
   </div>
   <div class='ocr_carea' id='block_1_52' title="bbox 182 2586 972 2622">
    <p class='ocr_par' dir='ltr' id='par_1_52' title="bbox 182 2586 972 2622">
     <span class='ocr_line' id='line_1_53' title="bbox 182 2586 972 2622; baseline -0.01 -4"><span class='ocrx_word' id='word_1_303' title='bbox 182 2586 340 2618; x_wconf 70' lang='lat' dir='ltr'><strong>diceretur:</strong></span> <span class='ocrx_word' id='word_1_304' title='bbox 360 2589 410 2617; x_wconf 89' lang='lat' dir='ltr'><strong>llic</strong></span> <span class='ocrx_word' id='word_1_305' title='bbox 424 2594 465 2616; x_wconf 84' lang='lat' dir='ltr'><strong>est</strong></span> <span class='ocrx_word' id='word_1_306' title='bbox 475 2586 705 2622; x_wconf 79' lang='lat' dir='ltr'><strong>sapientissimus,</strong></span> <span class='ocrx_word' id='word_1_307' title='bbox 722 2586 851 2622; x_wconf 64' lang='lat' dir='ltr'><strong>quoniam</strong></span> <span class='ocrx_word' id='word_1_308' title='bbox 869 2589 972 2622; x_wconf 79' lang='lat' dir='ltr'><strong>tantum</strong></span> 
     </span>
    </p>
   </div>
   <div class='ocr_carea' id='block_1_53' title="bbox 183 2619 972 2656">
    <p class='ocr_par' dir='ltr' id='par_1_53' title="bbox 183 2619 972 2656">
     <span class='ocr_line' id='line_1_54' title="bbox 183 2619 972 2656; baseline -0.009 -3"><span class='ocrx_word' id='word_1_309' title='bbox 183 2626 268 2653; x_wconf 80' lang='lat' dir='ltr'><strong>semel</strong></span> <span class='ocrx_word' id='word_1_310' title='bbox 283 2626 335 2652; x_wconf 80' lang='lat' dir='ltr'><strong>fuit</strong></span> <span class='ocrx_word' id='word_1_311' title='bbox 352 2626 462 2652; x_wconf 87' lang='lat' dir='ltr'><strong>stultus.</strong></span> <span class='ocrx_word' id='word_1_312' title='bbox 481 2619 624 2656; x_wconf 76' lang='lat' dir='ltr'><strong>Quomodo</strong></span> <span class='ocrx_word' id='word_1_313' title='bbox 637 2622 718 2656; x_wconf 74' lang='lat' dir='ltr'><strong>igitur</strong></span> <span class='ocrx_word' id='word_1_314' title='bbox 729 2620 759 2647; x_wconf 86' lang='grc' dir='ltr'><strong>Β.</strong></span> <span class='ocrx_word' id='word_1_315' title='bbox 779 2619 859 2656; x_wconf 75' lang='lat' dir='ltr'><strong>Virgo</strong></span> <span class='ocrx_word' id='word_1_316' title='bbox 875 2620 972 2647; x_wconf 83' lang='lat' dir='ltr'><strong>lauda-</strong></span> 
     </span>
    </p>
   </div>
   <div class='ocr_carea' id='block_1_54' title="bbox 184 2655 973 2692">
    <p class='ocr_par' dir='ltr' id='par_1_54' title="bbox 184 2655 973 2692">
     <span class='ocr_line' id='line_1_55' title="bbox 184 2655 973 2692; baseline -0.006 -6"><span class='ocrx_word' id='word_1_317' title='bbox 184 2661 269 2692; x_wconf 83' lang='lat' dir='ltr'><strong>bitur.</strong></span> <span class='ocrx_word' id='word_1_318' title='bbox 292 2662 314 2688; x_wconf 87' lang='lat' dir='ltr'><strong>si</strong></span> <span class='ocrx_word' id='word_1_319' title='bbox 328 2662 361 2687; x_wconf 91' lang='lat' dir='ltr'><strong>de</strong></span> <span class='ocrx_word' id='word_1_320' title='bbox 385 2660 429 2687; x_wconf 84' lang='lat' dir='ltr'><strong>illa</strong></span> <span class='ocrx_word' id='word_1_321' title='bbox 449 2655 576 2687; x_wconf 76' lang='lat' dir='ltr'><strong>dicatur:</strong></span> <span class='ocrx_word' id='word_1_322' title='bbox 592 2655 730 2684; x_wconf 80' lang='lat' dir='ltr'><strong>Laudetur</strong></span> <span class='ocrx_word' id='word_1_323' title='bbox 748 2657 777 2683; x_wconf 90' lang='grc' dir='ltr'><strong>Β.</strong></span> <span class='ocrx_word' id='word_1_324' title='bbox 796 2655 890 2690; x_wconf 80' lang='lat' dir='ltr'><strong>Virgo,</strong></span> <span class='ocrx_word' id='word_1_325' title='bbox 912 2662 973 2689; x_wconf 65' lang='lat' dir='ltr'><strong>qua:</strong></span> 
     </span>
    </p>
   </div>
   <div class='ocr_carea' id='block_1_55' title="bbox 184 2692 971 2730">
    <p class='ocr_par' dir='ltr' id='par_1_55' title="bbox 184 2692 971 2730">
     <span class='ocr_line' id='line_1_56' title="bbox 184 2692 971 2730; baseline -0.008 -8"><span class='ocrx_word' id='word_1_326' title='bbox 184 2696 294 2722; x_wconf 90' lang='lat' dir='ltr'><strong>nonnisi</strong></span> <span class='ocrx_word' id='word_1_327' title='bbox 319 2703 367 2730; x_wconf 91' lang='lat' dir='ltr'><strong>per</strong></span> <span class='ocrx_word' id='word_1_328' title='bbox 395 2696 501 2730; x_wconf 70' lang='lat' dir='ltr'><strong>instans</strong></span> <span class='ocrx_word' id='word_1_329' title='bbox 528 2692 579 2720; x_wconf 80' lang='lat' dir='ltr'><strong>fuit</strong></span> <span class='ocrx_word' id='word_1_330' title='bbox 617 2692 801 2720; x_wconf 73' lang='lat' dir='ltr'><strong>Contamiuala</strong></span> <span class='ocrx_word' id='word_1_331' title='bbox 841 2696 971 2730; x_wconf 64' lang='lat' dir='ltr'><strong>peccato;</strong></span> 
     </span>
    </p>
   </div>
   <div class='ocr_carea' id='block_1_56' title="bbox 184 2728 974 2763">
    <p class='ocr_par' dir='ltr' id='par_1_56' title="bbox 184 2728 974 2763">
     <span class='ocr_line' id='line_1_57' title="bbox 184 2728 974 2763; baseline -0.01 -5"><span class='ocrx_word' id='word_1_332' title='bbox 184 2728 327 2758; x_wconf 56' lang='lat' dir='ltr'><strong>laudetur&#39;</strong></span> <span class='ocrx_word' id='word_1_333' title='bbox 343 2730 426 2757; x_wconf 80' lang='lat' dir='ltr'><strong>Mater</strong></span> <span class='ocrx_word' id='word_1_334' title='bbox 456 2729 525 2760; x_wconf 81' lang='lat' dir='ltr'><strong>Dei,-</strong></span> <span class='ocrx_word' id='word_1_335' title='bbox 542 2735 602 2762; x_wconf 73' lang='lat' dir='ltr'><strong>qua:</strong></span> <span class='ocrx_word' id='word_1_336' title='bbox 631 2734 715 2763; x_wconf 85' lang='lat' dir='ltr'><strong>parvo</strong></span> <span class='ocrx_word' id='word_1_337' title='bbox 741 2732 865 2763; x_wconf 70' lang='lat' dir='ltr'><strong>tempore</strong></span> <span class='ocrx_word' id='word_1_338' title='bbox 898 2728 974 2763; x_wconf 75' lang='lat' dir='ltr'><strong>stetit</strong></span> 
     </span>
    </p>
   </div>
   <div class='ocr_carea' id='block_1_57' title="bbox 184 2761 973 2793">
    <p class='ocr_par' dir='ltr' id='par_1_57' title="bbox 184 2761 973 2793">
     <span class='ocr_line' id='line_1_58' title="bbox 184 2761 973 2793; baseline -0.005 -2"><span class='ocrx_word' id='word_1_339' title='bbox 184 2773 262 2793; x_wconf 78' lang='lat' dir='ltr'><strong>serva</strong></span> <span class='ocrx_word' id='word_1_340' title='bbox 278 2766 379 2793; x_wconf 91' lang='lat' dir='ltr'><strong>diaboli</strong></span> <span class='ocrx_word' id='word_1_341' title='bbox 393 2766 404 2792; x_wconf 69' lang='grc' dir='ltr'><strong>’ἒ</strong></span> <span class='ocrx_word' id='word_1_342' title='bbox 419 2764 485 2792; x_wconf 81' lang='lat' dir='ltr'><strong>Vide</strong></span> <span class='ocrx_word' id='word_1_343' title='bbox 502 2761 612 2792; x_wconf 80' lang='lat' dir='ltr'><strong>Bustqu</strong></span> <span class='ocrx_word' id='word_1_344' title='bbox 631 2761 657 2790; x_wconf 85' lang='lat' dir='ltr'><strong>in</strong></span> <span class='ocrx_word' id='word_1_345' title='bbox 678 2762 782 2789; x_wconf 81' lang='lat' dir='ltr'><strong>Mariali</strong></span> <span class='ocrx_word' id='word_1_346' title='bbox 795 2762 883 2789; x_wconf 84' lang='lat' dir='ltr'><strong>Serm.</strong></span> <span class='ocrx_word' id='word_1_347' title='bbox 898 2761 925 2793; x_wconf 90' lang='lat'><strong>9,</strong></span> <span class='ocrx_word' id='word_1_348' title='bbox 939 2761 973 2786; x_wconf 79' lang='lat' dir='ltr'><strong>de</strong></span> 
     </span>
    </p>
   </div>
   <div class='ocr_carea' id='block_1_58' title="bbox 183 2801 957 2839">
    <p class='ocr_par' dir='ltr' id='par_1_58' title="bbox 183 2801 957 2839">
     <span class='ocr_line' id='line_1_59' title="bbox 183 2801 957 2839; baseline -0.001 -12"><span class='ocrx_word' id='word_1_349' title='bbox 183 2801 314 2839; x_wconf 66' lang='lat' dir='ltr'><strong>Cottcept.</strong></span> <span class='ocrx_word' id='word_1_350' title='bbox 330 2805 406 2839; x_wconf 72' lang='lat' dir='ltr'><strong>parte</strong></span> <span class='ocrx_word' id='word_1_351' title='bbox 420 2808 448 2827; x_wconf 88' lang='grc' dir='ltr'>ιι.</span> <span class='ocrx_word' id='word_1_352' title='bbox 479 2835 484 2839; x_wconf 90' lang='lat'><em>_</em></span> <span class='ocrx_word' id='word_1_353' title='bbox 588 2835 594 2839; x_wconf 80' lang='lat'><em>_</em></span> <span class='ocrx_word' id='word_1_354' title='bbox 637 2834 642 2839; x_wconf 86' lang='lat'><strong>_</strong></span> <span class='ocrx_word' id='word_1_355' title='bbox 745 2833 750 2839; x_wconf 86' lang='lat'>_</span> <span class='ocrx_word' id='word_1_356' title='bbox 786 2837 791 2839; x_wconf 83' lang='lat'>_</span> <span class='ocrx_word' id='word_1_357' title='bbox 895 2837 900 2839; x_wconf 83' lang='lat'>_</span> <span class='ocrx_word' id='word_1_358' title='bbox 943 2831 957 2839; x_wconf 54' lang='grc' dir='ltr'><strong>μ</strong></span> 
     </span>
    </p>
   </div>
   <div class='ocr_carea' id='block_1_59' title="bbox 222 2831 972 2871">
    <p class='ocr_par' dir='ltr' id='par_1_59' title="bbox 222 2831 972 2871">
     <span class='ocr_line' id='line_1_60' title="bbox 222 2831 972 2871; baseline -0.009 -7"><span class='ocrx_word' id='word_1_359' title='bbox 222 2837 259 2871; x_wconf 85' lang='lat'><strong>(9)</strong></span> <span class='ocrx_word' id='word_1_360' title='bbox 277 2831 347 2863; x_wconf 57' lang='lat' dir='ltr'><strong>&#39;Ver&#39;e</strong></span> <span class='ocrx_word' id='word_1_361' title='bbox 364 2836 397 2862; x_wconf 87' lang='lat' dir='ltr'><strong>ab</strong></span> <span class='ocrx_word' id='word_1_362' title='bbox 412 2835 486 2863; x_wconf 88' lang='lat' dir='ltr'><strong>omni</strong></span> <span class='ocrx_word' id='word_1_363' title='bbox 508 2835 611 2871; x_wconf 61' lang='lat' dir='ltr'><strong>macula</strong></span> <span class='ocrx_word' id='word_1_364' title='bbox 637 2833 768 2871; x_wconf 84' lang='lat' dir='ltr'><strong>immunis</strong></span> <span class='ocrx_word' id='word_1_365' title='bbox 785 2837 839 2871; x_wconf 83' lang='lat' dir='ltr'><strong>tam</strong></span> <span class='ocrx_word' id='word_1_366' title='bbox 859 2831 972 2871; x_wconf 63' lang='lat' dir='ltr'><strong>actuali,</strong></span> 
     </span>
    </p>
   </div>
   <div class='ocr_carea' id='block_1_60' title="bbox 185 2867 974 2906">
    <p class='ocr_par' dir='ltr' id='par_1_60' title="bbox 185 2867 974 2906">
     <span class='ocr_line' id='line_1_61' title="bbox 185 2867 974 2906; baseline -0.009 -6"><span class='ocrx_word' id='word_1_367' title='bbox 185 2867 267 2906; x_wconf 80' lang='lat' dir='ltr'><strong>quam</strong></span> <span class='ocrx_word' id='word_1_368' title='bbox 283 2871 419 2906; x_wconf 71' lang='lat' dir='ltr'><strong>originali,</strong></span> <span class='ocrx_word' id='word_1_369' title='bbox 435 2878 517 2905; x_wconf 80' lang='lat' dir='ltr'><strong>quam</strong></span> <span class='ocrx_word' id='word_1_370' title='bbox 540 2870 659 2898; x_wconf 80' lang='lat' dir='ltr'><strong>Ecclesia</strong></span> <span class='ocrx_word' id='word_1_371' title='bbox 683 2870 711 2896; x_wconf 89' lang='lat' dir='ltr'><strong>in</strong></span> <span class='ocrx_word' id='word_1_372' title='bbox 734 2870 852 2904; x_wconf 84' lang='lat' dir='ltr'><strong>quodam</strong></span> <span class='ocrx_word' id='word_1_373' title='bbox 869 2867 974 2895; x_wconf 80' lang='lat' dir='ltr'><strong>Missali</strong></span> 
     </span>
    </p>
   </div>
   <div class='ocr_carea' id='block_1_61' title="bbox 1022 270 1426 298">
    <p class='ocr_par' dir='ltr' id='par_1_61' title="bbox 1022 270 1426 298">
     <span class='ocr_line' id='line_1_62' title="bbox 1022 270 1426 298; baseline -0.002 0"><span class='ocrx_word' id='word_1_374' title='bbox 1022 271 1131 298; x_wconf 79' lang='lat' dir='ltr'><strong>divitias</strong></span> <span class='ocrx_word' id='word_1_375' title='bbox 1150 270 1346 298; x_wconf 71' lang='lat' dir='ltr'><strong>misericordia:</strong></span> <span class='ocrx_word' id='word_1_376' title='bbox 1361 278 1426 298; x_wconf 66' lang='lat' dir='ltr'><strong>sum.</strong></span> 
     </span>
    </p>
   </div>
   <div class='ocr_carea' id='block_1_62' title="bbox 1057 316 1810 352">
    <p class='ocr_par' dir='ltr' id='par_1_62' title="bbox 1057 316 1810 352">
     <span class='ocr_line' id='line_1_63' title="bbox 1057 316 1810 352; baseline 0.001 -8"><span class='ocrx_word' id='word_1_377' title='bbox 1057 316 1079 343; x_wconf 94' lang='grc'>0</span> <span class='ocrx_word' id='word_1_378' title='bbox 1092 317 1266 344; x_wconf 74' lang='lat' dir='ltr'><strong>sanctissima</strong></span> <span class='ocrx_word' id='word_1_379' title='bbox 1286 317 1368 352; x_wconf 83' lang='lat' dir='ltr'><strong>Virgo</strong></span> <span class='ocrx_word' id='word_1_380' title='bbox 1384 316 1510 351; x_wconf 84' lang='lat' dir='ltr'><strong>Deipara,</strong></span> <span class='ocrx_word' id='word_1_381' title='bbox 1527 325 1577 344; x_wconf 91' lang='lat' dir='ltr'><strong>nos</strong></span> <span class='ocrx_word' id='word_1_382' title='bbox 1593 318 1663 346; x_wconf 85' lang='lat' dir='ltr'><strong>servi</strong></span> <span class='ocrx_word' id='word_1_383' title='bbox 1682 318 1719 345; x_wconf 92' lang='lat' dir='ltr'><strong>tui</strong></span> <span class='ocrx_word' id='word_1_384' title='bbox 1737 325 1810 346; x_wconf 87' lang='lat' dir='ltr'><strong>sem-</strong></span> 
     </span>
    </p>
   </div>
   <div class='ocr_carea' id='block_1_63' title="bbox 1021 363 1809 398">
    <p class='ocr_par' dir='ltr' id='par_1_63' title="bbox 1021 363 1809 398">
     <span class='ocr_line' id='line_1_64' title="bbox 1021 363 1809 398; baseline 0.001 -8"><span class='ocrx_word' id='word_1_385' title='bbox 1021 370 1070 397; x_wconf 84' lang='lat' dir='ltr'><strong>per</strong></span> <span class='ocrx_word' id='word_1_386' title='bbox 1093 368 1176 390; x_wconf 88' lang='lat' dir='ltr'><strong>noctu</strong></span> <span class='ocrx_word' id='word_1_387' title='bbox 1206 363 1308 398; x_wconf 87' lang='lat' dir='ltr'><strong>diuque</strong></span> <span class='ocrx_word' id='word_1_388' title='bbox 1339 363 1459 390; x_wconf 86' lang='lat' dir='ltr'><strong>contrito</strong></span> <span class='ocrx_word' id='word_1_389' title='bbox 1486 364 1568 391; x_wconf 88' lang='lat' dir='ltr'><strong>corde</strong></span> <span class='ocrx_word' id='word_1_390' title='bbox 1598 368 1624 391; x_wconf 88' lang='lat' dir='ltr'><strong>te</strong></span> <span class='ocrx_word' id='word_1_391' title='bbox 1651 365 1809 398; x_wconf 86' lang='lat' dir='ltr'><strong>suppliciter</strong></span> 
     </span>
    </p>
   </div>
   <div class='ocr_carea' id='block_1_64' title="bbox 1020 409 1810 445">
    <p class='ocr_par' dir='ltr' id='par_1_64' title="bbox 1020 409 1810 445">
     <span class='ocr_line' id='line_1_65' title="bbox 1020 409 1810 445; baseline 0.004 -10"><span class='ocrx_word' id='word_1_392' title='bbox 1020 416 1184 441; x_wconf 73' lang='lat' dir='ltr'><strong>exoramus,</strong></span> <span class='ocrx_word' id='word_1_393' title='bbox 1208 413 1237 436; x_wconf 90' lang='lat' dir='ltr'><strong>ut</strong></span> <span class='ocrx_word' id='word_1_394' title='bbox 1260 409 1455 444; x_wconf 75' lang='lat' dir='ltr'><strong>indulgentiam</strong></span> <span class='ocrx_word' id='word_1_395' title='bbox 1479 409 1660 444; x_wconf 85' lang='lat' dir='ltr'><strong>plurimorum</strong></span> <span class='ocrx_word' id='word_1_396' title='bbox 1684 415 1810 445; x_wconf 85' lang='lat' dir='ltr'><strong>peccato-</strong></span> 
     </span>
    </p>
   </div>
   <div class='ocr_carea' id='block_1_65' title="bbox 1021 446 1664 489">
    <p class='ocr_par' dir='ltr' id='par_1_65' title="bbox 1021 446 1664 489">
     <span class='ocr_line' id='line_1_66' title="bbox 1021 446 1664 489; baseline 0.003 -9"><span class='ocrx_word' id='word_1_397' title='bbox 1021 462 1083 481; x_wconf 88' lang='lat' dir='ltr'><strong>rum</strong></span> <span class='ocrx_word' id='word_1_398' title='bbox 1099 446 1258 481; x_wconf 75' lang='lat' dir='ltr'><strong>nostrorum</strong></span> <span class='ocrx_word' id='word_1_399' title='bbox 1274 454 1354 481; x_wconf 91' lang='lat' dir='ltr'><strong>nobis</strong></span> <span class='ocrx_word' id='word_1_400' title='bbox 1368 454 1485 489; x_wconf 79' lang='lat' dir='ltr'><strong>benigna</strong></span> <span class='ocrx_word' id='word_1_401' title='bbox 1498 455 1664 488; x_wconf 84' lang='lat' dir='ltr'><strong>iinpertiaris</strong></span> 
     </span>
    </p>
   </div>
   <div class='ocr_carea' id='block_1_66' title="bbox 1057 499 1806 534">
    <p class='ocr_par' dir='ltr' id='par_1_66' title="bbox 1057 499 1806 534">
     <span class='ocr_line' id='line_1_67' title="bbox 1057 499 1806 534; baseline 0.001 -8"><span class='ocrx_word' id='word_1_402' title='bbox 1057 499 1177 531; x_wconf 84' lang='lat' dir='ltr'><strong>Medere,</strong></span> <span class='ocrx_word' id='word_1_403' title='bbox 1191 507 1294 534; x_wconf 68' lang='lat' dir='ltr'><strong>quaeso,</strong></span> <span class='ocrx_word' id='word_1_404' title='bbox 1310 499 1402 534; x_wconf 82' lang='lat' dir='ltr'><strong>pravis</strong></span> <span class='ocrx_word' id='word_1_405' title='bbox 1422 499 1612 528; x_wconf 73' lang='lat' dir='ltr'><strong>aﬂectionibus</strong></span> <span class='ocrx_word' id='word_1_406' title='bbox 1634 500 1725 528; x_wconf 82' lang='lat' dir='ltr'><strong>cordis</strong></span> <span class='ocrx_word' id='word_1_407' title='bbox 1741 508 1806 532; x_wconf 81' lang='lat' dir='ltr'><strong>mei,</strong></span> 
     </span>
    </p>
   </div>
   <div class='ocr_carea' id='block_1_67' title="bbox 1021 544 1807 580">
    <p class='ocr_par' dir='ltr' id='par_1_67' title="bbox 1021 544 1807 580">
     <span class='ocr_line' id='line_1_68' title="bbox 1021 544 1807 580; baseline 0.001 -9"><span class='ocrx_word' id='word_1_408' title='bbox 1021 549 1060 576; x_wconf 90' lang='lat' dir='ltr'><strong>tu,</strong></span> <span class='ocrx_word' id='word_1_409' title='bbox 1074 553 1090 571; x_wconf 84' lang='lat'><strong>0</strong></span> <span class='ocrx_word' id='word_1_410' title='bbox 1109 544 1200 579; x_wconf 78' lang='lat' dir='ltr'><strong>Virgo,</strong></span> <span class='ocrx_word' id='word_1_411' title='bbox 1216 552 1278 579; x_wconf 64' lang='lat' dir='ltr'><strong>quae</strong></span> <span class='ocrx_word' id='word_1_412' title='bbox 1290 545 1414 571; x_wconf 90' lang='lat' dir='ltr'><strong>omnium</strong></span> <span class='ocrx_word' id='word_1_413' title='bbox 1432 545 1567 572; x_wconf 85' lang='lat' dir='ltr'><strong>medicum</strong></span> <span class='ocrx_word' id='word_1_414' title='bbox 1584 545 1765 580; x_wconf 73' lang='lat' dir='ltr'><strong>progenuisti,</strong></span> <span class='ocrx_word' id='word_1_415' title='bbox 1779 549 1807 572; x_wconf 83' lang='lat' dir='ltr'><strong>et</strong></span> 
     </span>
    </p>
   </div>
   <div class='ocr_carea' id='block_1_68' title="bbox 1021 590 1808 626">
    <p class='ocr_par' dir='ltr' id='par_1_68' title="bbox 1021 590 1808 626">
     <span class='ocr_line' id='line_1_69' title="bbox 1021 590 1808 626; baseline 0.003 -10"><span class='ocrx_word' id='word_1_416' title='bbox 1021 590 1253 625; x_wconf 76' lang='lat' dir='ltr'><strong>partisjustorum</strong></span> <span class='ocrx_word' id='word_1_417' title='bbox 1272 590 1314 617; x_wconf 81' lang='lat' dir='ltr'><strong>fac</strong></span> <span class='ocrx_word' id='word_1_418' title='bbox 1331 597 1375 616; x_wconf 87' lang='lat' dir='ltr'><strong>me</strong></span> <span class='ocrx_word' id='word_1_419' title='bbox 1390 594 1555 624; x_wconf 82' lang='lat' dir='ltr'><strong>consortem,</strong></span> <span class='ocrx_word' id='word_1_420' title='bbox 1571 591 1681 626; x_wconf 89' lang='lat' dir='ltr'><strong>placans</strong></span> <span class='ocrx_word' id='word_1_421' title='bbox 1700 598 1750 626; x_wconf 92' lang='lat' dir='ltr'><strong>pro</strong></span> <span class='ocrx_word' id='word_1_422' title='bbox 1765 599 1808 618; x_wconf 86' lang='lat' dir='ltr'><strong>me</strong></span> 
     </span>
    </p>
   </div>
   <div class='ocr_carea' id='block_1_69' title="bbox 1020 634 1428 662">
    <p class='ocr_par' dir='ltr' id='par_1_69' title="bbox 1020 634 1428 662">
     <span class='ocr_line' id='line_1_70' title="bbox 1020 634 1428 662; baseline 0 -1"><span class='ocrx_word' id='word_1_423' title='bbox 1020 634 1158 662; x_wconf 83' lang='lat' dir='ltr'><strong>Christum</strong></span> <span class='ocrx_word' id='word_1_424' title='bbox 1174 635 1348 662; x_wconf 87' lang='lat' dir='ltr'><strong>orationibus</strong></span> <span class='ocrx_word' id='word_1_425' title='bbox 1363 634 1428 662; x_wconf 88' lang='lat' dir='ltr'><strong>tuis.</strong></span> 
     </span>
    </p>
   </div>
   <div class='ocr_carea' id='block_1_70' title="bbox 1055 680 1808 716">
    <p class='ocr_par' dir='ltr' id='par_1_70' title="bbox 1055 680 1808 716">
     <span class='ocr_line' id='line_1_71' title="bbox 1055 680 1808 716; baseline 0.001 -9"><span class='ocrx_word' id='word_1_426' title='bbox 1055 680 1078 707; x_wconf 91' lang='grc' dir='ltr'>Ο</span> <span class='ocrx_word' id='word_1_427' title='bbox 1090 680 1341 712; x_wconf 83' lang='lat' dir='ltr'><strong>intemeratissiina,</strong></span> <span class='ocrx_word' id='word_1_428' title='bbox 1354 688 1415 715; x_wconf 63' lang='lat' dir='ltr'><strong>quae</strong></span> <span class='ocrx_word' id='word_1_429' title='bbox 1431 681 1552 708; x_wconf 84' lang='lat' dir='ltr'><strong>divinam</strong></span> <span class='ocrx_word' id='word_1_430' title='bbox 1567 680 1654 708; x_wconf 87' lang='lat' dir='ltr'><strong>lucem</strong></span> <span class='ocrx_word' id='word_1_431' title='bbox 1668 682 1808 716; x_wconf 76' lang='lat' dir='ltr'><strong>peperisti.</strong></span> 
     </span>
    </p>
   </div>
   <div class='ocr_carea' id='block_1_71' title="bbox 1022 725 1810 761">
    <p class='ocr_par' dir='ltr' id='par_1_71' title="bbox 1022 725 1810 761">
     <span class='ocr_line' id='line_1_72' title="bbox 1022 725 1810 761; baseline 0.004 -9"><span class='ocrx_word' id='word_1_432' title='bbox 1022 725 1147 753; x_wconf 90' lang='lat' dir='ltr'><strong>illumina</strong></span> <span class='ocrx_word' id='word_1_433' title='bbox 1162 734 1205 753; x_wconf 93' lang='lat' dir='ltr'><strong>me</strong></span> <span class='ocrx_word' id='word_1_434' title='bbox 1227 731 1338 760; x_wconf 79' lang='lat' dir='ltr'><strong>propter</strong></span> <span class='ocrx_word' id='word_1_435' title='bbox 1353 727 1514 761; x_wconf 81' lang='lat' dir='ltr'><strong>omnigenas</strong></span> <span class='ocrx_word' id='word_1_436' title='bbox 1534 726 1621 754; x_wconf 87' lang='lat' dir='ltr'><strong>hostis</strong></span> <span class='ocrx_word' id='word_1_437' title='bbox 1637 727 1752 755; x_wconf 83' lang='lat' dir='ltr'><strong>insidias</strong></span> <span class='ocrx_word' id='word_1_438' title='bbox 1770 733 1810 755; x_wconf 89' lang='lat' dir='ltr'><strong>te-</strong></span> 
     </span>
    </p>
   </div>
   <div class='ocr_carea' id='block_1_72' title="bbox 1020 771 1810 807">
    <p class='ocr_par' dir='ltr' id='par_1_72' title="bbox 1020 771 1810 807">
     <span class='ocr_line' id='line_1_73' title="bbox 1020 771 1810 807; baseline 0.003 -9"><span class='ocrx_word' id='word_1_439' title='bbox 1020 772 1112 799; x_wconf 89' lang='lat' dir='ltr'><strong>nebris</strong></span> <span class='ocrx_word' id='word_1_440' title='bbox 1127 771 1293 804; x_wconf 87' lang='lat' dir='ltr'><strong>involutum,</strong></span> <span class='ocrx_word' id='word_1_441' title='bbox 1312 771 1377 799; x_wconf 90' lang='lat' dir='ltr'><strong>dum</strong></span> <span class='ocrx_word' id='word_1_442' title='bbox 1395 779 1532 799; x_wconf 84' lang='lat' dir='ltr'><strong>summam</strong></span> <span class='ocrx_word' id='word_1_443' title='bbox 1549 779 1597 807; x_wconf 90' lang='lat' dir='ltr'><strong>per</strong></span> <span class='ocrx_word' id='word_1_444' title='bbox 1612 773 1748 807; x_wconf 78' lang='lat' dir='ltr'><strong>ignaviam</strong></span> <span class='ocrx_word' id='word_1_445' title='bbox 1769 774 1810 800; x_wconf 88' lang='lat' dir='ltr'><strong>vi-</strong></span> 
     </span>
    </p>
   </div>
   <div class='ocr_carea' id='block_1_73' title="bbox 1021 817 1811 853">
    <p class='ocr_par' dir='ltr' id='par_1_73' title="bbox 1021 817 1811 853">
     <span class='ocr_line' id='line_1_74' title="bbox 1021 817 1811 853; baseline 0.001 -9"><span class='ocrx_word' id='word_1_446' title='bbox 1021 821 1076 844; x_wconf 82' lang='lat' dir='ltr'><strong>tam</strong></span> <span class='ocrx_word' id='word_1_447' title='bbox 1093 817 1220 850; x_wconf 83' lang='lat' dir='ltr'><strong>traduco,</strong></span> <span class='ocrx_word' id='word_1_448' title='bbox 1234 822 1261 845; x_wconf 93' lang='lat' dir='ltr'><strong>et</strong></span> <span class='ocrx_word' id='word_1_449' title='bbox 1279 817 1363 845; x_wconf 86' lang='lat' dir='ltr'><strong>Deum</strong></span> <span class='ocrx_word' id='word_1_450' title='bbox 1381 818 1413 845; x_wconf 84' lang='lat' dir='ltr'><strong>ad</strong></span> <span class='ocrx_word' id='word_1_451' title='bbox 1428 818 1496 845; x_wconf 90' lang='lat' dir='ltr'><strong>iram</strong></span> <span class='ocrx_word' id='word_1_452' title='bbox 1515 826 1634 853; x_wconf 89' lang='lat' dir='ltr'><strong>provoco</strong></span> <span class='ocrx_word' id='word_1_453' title='bbox 1649 827 1656 845; x_wconf 91' lang='lat'><strong>:</strong></span> <span class='ocrx_word' id='word_1_454' title='bbox 1673 823 1699 846; x_wconf 88' lang='lat' dir='ltr'><strong>et</strong></span> <span class='ocrx_word' id='word_1_455' title='bbox 1714 827 1811 846; x_wconf 85' lang='lat' dir='ltr'><strong>manu-</strong></span> 
     </span>
    </p>
   </div>
   <div class='ocr_carea' id='block_1_74' title="bbox 1020 864 1810 900">
    <p class='ocr_par' dir='ltr' id='par_1_74' title="bbox 1020 864 1810 900">
     <span class='ocr_line' id='line_1_75' title="bbox 1020 864 1810 900; baseline 0.004 -10"><span class='ocrx_word' id='word_1_456' title='bbox 1020 864 1073 891; x_wconf 89' lang='lat' dir='ltr'><strong>duc</strong></span> <span class='ocrx_word' id='word_1_457' title='bbox 1090 871 1133 890; x_wconf 87' lang='lat' dir='ltr'><strong>me</strong></span> <span class='ocrx_word' id='word_1_458' title='bbox 1147 864 1180 891; x_wconf 89' lang='lat' dir='ltr'><strong>ad</strong></span> <span class='ocrx_word' id='word_1_459' title='bbox 1193 864 1324 891; x_wconf 85' lang='lat' dir='ltr'><strong>honestas</strong></span> <span class='ocrx_word' id='word_1_460' title='bbox 1337 869 1503 898; x_wconf 86' lang='lat' dir='ltr'><strong>sanctasque</strong></span> <span class='ocrx_word' id='word_1_461' title='bbox 1515 865 1702 899; x_wconf 83' lang='lat' dir='ltr'><strong>operationes,</strong></span> <span class='ocrx_word' id='word_1_462' title='bbox 1716 869 1810 900; x_wconf 81' lang='lat' dir='ltr'><strong>utpote</strong></span> 
     </span>
    </p>
   </div>
   <div class='ocr_carea' id='block_1_75' title="bbox 985 905 1516 945">
    <p class='ocr_par' dir='ltr' id='par_1_75' title="bbox 985 905 1516 945">
     <span class='ocr_line' id='line_1_76' title="bbox 985 905 1516 945; baseline 0 -8"><span class='ocrx_word' id='word_1_463' title='bbox 985 905 1007 933; x_wconf 81' lang='grc' dir='ltr'><strong>Β</strong></span> <span class='ocrx_word' id='word_1_464' title='bbox 1021 917 1084 945; x_wconf 70' lang='lat' dir='ltr'><strong>qua:</strong></span> <span class='ocrx_word' id='word_1_465' title='bbox 1097 909 1233 937; x_wconf 88' lang='lat' dir='ltr'><strong>bonorum</strong></span> <span class='ocrx_word' id='word_1_466' title='bbox 1246 909 1370 936; x_wconf 91' lang='lat' dir='ltr'><strong>omnium</strong></span> <span class='ocrx_word' id='word_1_467' title='bbox 1381 917 1410 937; x_wconf 84' lang='lat' dir='ltr'><strong>es</strong></span> <span class='ocrx_word' id='word_1_468' title='bbox 1423 916 1516 937; x_wconf 85' lang='lat' dir='ltr'><strong>causa.</strong></span> 
     </span>
    </p>
   </div>
   <div class='ocr_carea' id='block_1_76' title="bbox 1141 978 1688 1012">
    <p class='ocr_par' dir='ltr' id='par_1_76' title="bbox 1141 978 1688 1012">
     <span class='ocr_line' id='line_1_77' title="bbox 1141 978 1688 1012; baseline 0.002 -6"><span class='ocrx_word' id='word_1_469' title='bbox 1141 979 1184 1006; x_wconf 76' lang='lat' dir='ltr'><strong>Ea;</strong></span> <span class='ocrx_word' id='word_1_470' title='bbox 1201 987 1302 1007; x_wconf 80' lang='lat' dir='ltr'><strong>canone</strong></span> <span class='ocrx_word' id='word_1_471' title='bbox 1318 978 1406 1007; x_wconf 68' lang='lat' dir='ltr'><strong>Feriaz</strong></span> <span class='ocrx_word' id='word_1_472' title='bbox 1422 979 1449 1012; x_wconf 90' lang='lat'><strong>6,</strong></span> <span class='ocrx_word' id='word_1_473' title='bbox 1466 979 1501 1006; x_wconf 82' lang='lat' dir='ltr'><strong>ad</strong></span> <span class='ocrx_word' id='word_1_474' title='bbox 1514 979 1688 1008; x_wconf 71' lang='lat' dir='ltr'><strong>Matutinum.</strong></span> 
     </span>
    </p>
   </div>
   <div class='ocr_carea' id='block_1_77' title="bbox 1056 1087 1809 1124">
    <p class='ocr_par' dir='ltr' id='par_1_77' title="bbox 1056 1087 1809 1124">
     <span class='ocr_line' id='line_1_78' title="bbox 1056 1087 1809 1124; baseline 0.001 -10"><span class='ocrx_word' id='word_1_475' title='bbox 1056 1087 1196 1115; x_wconf 86' lang='lat' dir='ltr'><strong>Christum</strong></span> <span class='ocrx_word' id='word_1_476' title='bbox 1222 1087 1249 1114; x_wconf 92' lang='lat' dir='ltr'><strong>in</strong></span> <span class='ocrx_word' id='word_1_477' title='bbox 1272 1094 1355 1115; x_wconf 84' lang='lat' dir='ltr'><strong>cruce</strong></span> <span class='ocrx_word' id='word_1_478' title='bbox 1377 1095 1543 1122; x_wconf 81' lang='lat' dir='ltr'><strong>suspensum</strong></span> <span class='ocrx_word' id='word_1_479' title='bbox 1562 1092 1692 1123; x_wconf 83' lang='lat' dir='ltr'><strong>tanquam</strong></span> <span class='ocrx_word' id='word_1_480' title='bbox 1709 1095 1809 1124; x_wconf 80' lang='lat' dir='ltr'><strong>agnum</strong></span> 
     </span>
    </p>
   </div>
   <div class='ocr_carea' id='block_1_78' title="bbox 1020 1133 1811 1168">
    <p class='ocr_par' dir='ltr' id='par_1_78' title="bbox 1020 1133 1811 1168">
     <span class='ocr_line' id='line_1_79' title="bbox 1020 1133 1811 1168; baseline 0.001 -9"><span class='ocrx_word' id='word_1_481' title='bbox 1020 1140 1083 1160; x_wconf 89' lang='lat' dir='ltr'><strong>cum</strong></span> <span class='ocrx_word' id='word_1_482' title='bbox 1103 1133 1180 1168; x_wconf 80' lang='lat' dir='ltr'><strong>Agna</strong></span> <span class='ocrx_word' id='word_1_483' title='bbox 1201 1133 1315 1164; x_wconf 83' lang='lat' dir='ltr'><strong>videret.</strong></span> <span class='ocrx_word' id='word_1_484' title='bbox 1345 1133 1451 1167; x_wconf 79' lang='lat' dir='ltr'><strong>cjulans</strong></span> <span class='ocrx_word' id='word_1_485' title='bbox 1475 1133 1630 1160; x_wconf 83' lang='lat' dir='ltr'><strong>clamabat:</strong></span> <span class='ocrx_word' id='word_1_486' title='bbox 1658 1133 1709 1160; x_wconf 91' lang='lat' dir='ltr'><strong>Ubi</strong></span> <span class='ocrx_word' id='word_1_487' title='bbox 1731 1135 1811 1168; x_wconf 86' lang='lat' dir='ltr'><strong>periit</strong></span> 
     </span>
    </p>
   </div>
   <div class='ocr_carea' id='block_1_79' title="bbox 1020 1176 1809 1212">
    <p class='ocr_par' dir='ltr' id='par_1_79' title="bbox 1020 1176 1809 1212">
     <span class='ocr_line' id='line_1_80' title="bbox 1020 1176 1809 1212; baseline 0.001 -8"><span class='ocrx_word' id='word_1_488' title='bbox 1020 1177 1196 1212; x_wconf 88' lang='lat' dir='ltr'><strong>pulchritudo</strong></span> <span class='ocrx_word' id='word_1_489' title='bbox 1221 1181 1278 1209; x_wconf 83' lang='lat' dir='ltr'><strong>tua,</strong></span> <span class='ocrx_word' id='word_1_490' title='bbox 1298 1185 1315 1205; x_wconf 89' lang='grc' dir='ltr'><strong>ο</strong></span> <span class='ocrx_word' id='word_1_491' title='bbox 1338 1177 1536 1212; x_wconf 78' lang='lat' dir='ltr'><strong>patientissime</strong></span> <span class='ocrx_word' id='word_1_492' title='bbox 1556 1176 1618 1210; x_wconf 81' lang='lat' dir='ltr'><strong>Fili,</strong></span> <span class='ocrx_word' id='word_1_493' title='bbox 1634 1182 1697 1205; x_wconf 87' lang='lat' dir='ltr'><strong>ante</strong></span> <span class='ocrx_word' id='word_1_494' title='bbox 1717 1179 1809 1205; x_wconf 87' lang='lat' dir='ltr'><strong>omnia</strong></span> 
     </span>
    </p>
   </div>
   <div class='ocr_carea' id='block_1_80' title="bbox 1021 1223 1248 1257">
    <p class='ocr_par' dir='ltr' id='par_1_80' title="bbox 1021 1223 1248 1257">
     <span class='ocr_line' id='line_1_81' title="bbox 1021 1223 1248 1257; baseline -0.004 -7"><span class='ocrx_word' id='word_1_495' title='bbox 1021 1223 1120 1250; x_wconf 71' lang='lat' dir='ltr'><strong>saecula</strong></span> <span class='ocrx_word' id='word_1_496' title='bbox 1136 1223 1248 1257; x_wconf 78' lang='lat' dir='ltr'><strong>genite?</strong></span> 
     </span>
    </p>
   </div>
   <div class='ocr_carea' id='block_1_81' title="bbox 1057 1266 1809 1301">
    <p class='ocr_par' dir='ltr' id='par_1_81' title="bbox 1057 1266 1809 1301">
     <span class='ocr_line' id='line_1_82' title="bbox 1057 1266 1809 1301; baseline 0.001 -8"><span class='ocrx_word' id='word_1_497' title='bbox 1057 1267 1221 1294; x_wconf 83' lang='lat' dir='ltr'><strong>Benedictus</strong></span> <span class='ocrx_word' id='word_1_498' title='bbox 1240 1267 1349 1295; x_wconf 83' lang='lat' dir='ltr'><strong>fructus</strong></span> <span class='ocrx_word' id='word_1_499' title='bbox 1377 1267 1481 1294; x_wconf 83' lang='lat' dir='ltr'><strong>ventris</strong></span> <span class='ocrx_word' id='word_1_500' title='bbox 1508 1267 1558 1299; x_wconf 89' lang='lat' dir='ltr'><strong>tui,</strong></span> <span class='ocrx_word' id='word_1_501' title='bbox 1580 1274 1597 1293; x_wconf 96' lang='lat' dir='ltr'><strong>o</strong></span> <span class='ocrx_word' id='word_1_502' title='bbox 1626 1266 1709 1301; x_wconf 69' lang='lat' dir='ltr'><strong>Virgo</strong></span> <span class='ocrx_word' id='word_1_503' title='bbox 1735 1267 1809 1295; x_wconf 89' lang='lat' dir='ltr'><strong>omni</strong></span> 
     </span>
    </p>
   </div>
   <div class='ocr_carea' id='block_1_82' title="bbox 1021 1312 1808 1348">
    <p class='ocr_par' dir='ltr' id='par_1_82' title="bbox 1021 1312 1808 1348">
     <span class='ocr_line' id='line_1_83' title="bbox 1021 1312 1808 1348; baseline 0 -8"><span class='ocrx_word' id='word_1_504' title='bbox 1021 1313 1102 1341; x_wconf 88' lang='lat' dir='ltr'><strong>laude</strong></span> <span class='ocrx_word' id='word_1_505' title='bbox 1116 1313 1277 1347; x_wconf 76' lang='lat' dir='ltr'><strong>dignissima</strong></span> <span class='ocrx_word' id='word_1_506' title='bbox 1294 1313 1344 1348; x_wconf 83' lang='lat'><strong>(8),</strong></span> <span class='ocrx_word' id='word_1_507' title='bbox 1367 1313 1414 1348; x_wconf 92' lang='lat' dir='ltr'><strong>qui</strong></span> <span class='ocrx_word' id='word_1_508' title='bbox 1438 1317 1582 1347; x_wconf 87' lang='lat' dir='ltr'><strong>corruptos</strong></span> <span class='ocrx_word' id='word_1_509' title='bbox 1603 1320 1653 1347; x_wconf 83' lang='lat' dir='ltr'><strong>per</strong></span> <span class='ocrx_word' id='word_1_510' title='bbox 1677 1312 1808 1345; x_wconf 83' lang='lat' dir='ltr'><strong>fructum,</strong></span> 
     </span>
    </p>
   </div>
   <div class='ocr_carea' id='block_1_83' title="bbox 1020 1358 1810 1394">
    <p class='ocr_par' dir='ltr' id='par_1_83' title="bbox 1020 1358 1810 1394">
     <span class='ocr_line' id='line_1_84' title="bbox 1020 1358 1810 1394; baseline 0 -8"><span class='ocrx_word' id='word_1_511' title='bbox 1020 1359 1093 1394; x_wconf 76' lang='lat' dir='ltr'><strong>ligno</strong></span> <span class='ocrx_word' id='word_1_512' title='bbox 1128 1359 1220 1386; x_wconf 87' lang='lat' dir='ltr'><strong>crucis</strong></span> <span class='ocrx_word' id='word_1_513' title='bbox 1252 1367 1310 1386; x_wconf 78' lang='lat' dir='ltr'><strong>suas</strong></span> <span class='ocrx_word' id='word_1_514' title='bbox 1343 1359 1558 1393; x_wconf 86' lang='lat' dir='ltr'><strong>incorruptionis</strong></span> <span class='ocrx_word' id='word_1_515' title='bbox 1588 1358 1735 1394; x_wconf 86' lang='lat' dir='ltr'><strong>participes</strong></span> <span class='ocrx_word' id='word_1_516' title='bbox 1769 1359 1810 1386; x_wconf 91' lang='lat' dir='ltr'><strong>di-</strong></span> 
     </span>
    </p>
   </div>
   <div class='ocr_carea' id='block_1_84' title="bbox 1020 1405 1308 1439">
    <p class='ocr_par' dir='ltr' id='par_1_84' title="bbox 1020 1405 1308 1439">
     <span class='ocr_line' id='line_1_85' title="bbox 1020 1405 1308 1439; baseline -0.003 -6"><span class='ocrx_word' id='word_1_517' title='bbox 1020 1405 1083 1433; x_wconf 87' lang='lat' dir='ltr'><strong>vina</strong></span> <span class='ocrx_word' id='word_1_518' title='bbox 1101 1405 1190 1439; x_wconf 72' lang='lat' dir='ltr'><strong>gratia</strong></span> <span class='ocrx_word' id='word_1_519' title='bbox 1209 1405 1308 1433; x_wconf 82' lang='lat' dir='ltr'><strong>ell‘ecit.</strong></span> 
     </span>
    </p>
   </div>
   <div class='ocr_carea' id='block_1_85' title="bbox 1055 1450 1810 1486">
    <p class='ocr_par' dir='ltr' id='par_1_85' title="bbox 1055 1450 1810 1486">
     <span class='ocr_line' id='line_1_86' title="bbox 1055 1450 1810 1486; baseline -0.001 -7"><span class='ocrx_word' id='word_1_520' title='bbox 1055 1451 1233 1479; x_wconf 85' lang='lat' dir='ltr'><strong>Gemebunda</strong></span> <span class='ocrx_word' id='word_1_521' title='bbox 1270 1451 1354 1486; x_wconf 76' lang='lat' dir='ltr'><strong>Virgo</strong></span> <span class='ocrx_word' id='word_1_522' title='bbox 1384 1451 1433 1478; x_wconf 87' lang='lat' dir='ltr'><strong>has</strong></span> <span class='ocrx_word' id='word_1_523' title='bbox 1463 1458 1545 1478; x_wconf 83' lang='lat' dir='ltr'><strong>voces</strong></span> <span class='ocrx_word' id='word_1_524' title='bbox 1573 1450 1730 1478; x_wconf 80' lang='lat' dir='ltr'><strong>fundebat:</strong></span> <span class='ocrx_word' id='word_1_525' title='bbox 1762 1450 1810 1478; x_wconf 89' lang='lat' dir='ltr'><strong>llei</strong></span> 
     </span>
    </p>
   </div>
   <div class='ocr_carea' id='block_1_86' title="bbox 1021 1495 1810 1531">
    <p class='ocr_par' dir='ltr' id='par_1_86' title="bbox 1021 1495 1810 1531">
     <span class='ocr_line' id='line_1_87' title="bbox 1021 1495 1810 1531; baseline -0.003 -7"><span class='ocrx_word' id='word_1_526' title='bbox 1021 1495 1100 1528; x_wconf 78' lang='lat' dir='ltr'><strong>mihi,</strong></span> <span class='ocrx_word' id='word_1_527' title='bbox 1119 1495 1189 1524; x_wconf 80' lang='lat' dir='ltr'><strong>Filii</strong></span> <span class='ocrx_word' id='word_1_528' title='bbox 1205 1497 1343 1531; x_wconf 87' lang='lat' dir='ltr'><strong>quomodo</strong></span> <span class='ocrx_word' id='word_1_529' title='bbox 1364 1496 1489 1523; x_wconf 89' lang='lat' dir='ltr'><strong>intuebor</strong></span> <span class='ocrx_word' id='word_1_530' title='bbox 1503 1497 1530 1523; x_wconf 90' lang='lat' dir='ltr'><strong>in</strong></span> <span class='ocrx_word' id='word_1_531' title='bbox 1546 1496 1620 1531; x_wconf 81' lang='lat' dir='ltr'><strong>ligno</strong></span> <span class='ocrx_word' id='word_1_532' title='bbox 1637 1495 1810 1528; x_wconf 82' lang='lat' dir='ltr'><strong>pendentem,</strong></span> 
     </span>
    </p>
   </div>
   <div class='ocr_carea' id='block_1_87' title="bbox 1021 1542 1856 1578">
    <p class='ocr_par' dir='ltr' id='par_1_87' title="bbox 1021 1542 1856 1578">
     <span class='ocr_line' id='line_1_88' title="bbox 1021 1542 1856 1578; baseline 0.004 -11"><span class='ocrx_word' id='word_1_533' title='bbox 1021 1547 1048 1570; x_wconf 77' lang='lat' dir='ltr'><strong>et</strong></span> <span class='ocrx_word' id='word_1_534' title='bbox 1071 1542 1172 1577; x_wconf 87' lang='lat' dir='ltr'><strong>injusta</strong></span> <span class='ocrx_word' id='word_1_535' title='bbox 1196 1547 1283 1570; x_wconf 89' lang='lat' dir='ltr'><strong>morte</strong></span> <span class='ocrx_word' id='word_1_536' title='bbox 1307 1543 1474 1570; x_wconf 81' lang='lat' dir='ltr'><strong>exstinctum</strong></span> <span class='ocrx_word' id='word_1_537' title='bbox 1498 1547 1524 1570; x_wconf 90' lang='lat' dir='ltr'><strong>te</strong></span> <span class='ocrx_word' id='word_1_538' title='bbox 1547 1543 1595 1577; x_wconf 91' lang='lat' dir='ltr'><strong>qui</strong></span> <span class='ocrx_word' id='word_1_539' title='bbox 1620 1550 1649 1570; x_wconf 86' lang='lat' dir='ltr'><strong>es</strong></span> <span class='ocrx_word' id='word_1_540' title='bbox 1675 1543 1736 1569; x_wconf 72' lang='lat' dir='ltr'><strong>vita:</strong></span> <span class='ocrx_word' id='word_1_541' title='bbox 1753 1542 1809 1570; x_wconf 90' lang='lat' dir='ltr'><strong>lar-</strong></span> <span class='ocrx_word' id='word_1_542' title='bbox 1853 1574 1856 1578; x_wconf 43' lang='grc'><strong>,</strong></span> 
     </span>
    </p>
   </div>
   <div class='ocr_carea' id='block_1_88' title="bbox 978 1587 1109 1622">
    <p class='ocr_par' dir='ltr' id='par_1_88' title="bbox 978 1587 1109 1622">
     <span class='ocr_line' id='line_1_89' title="bbox 978 1587 1109 1622; baseline 0.008 -9"><span class='ocrx_word' id='word_1_543' title='bbox 978 1591 1001 1622; x_wconf 81' lang='lat' dir='ltr'>c</span> <span class='ocrx_word' id='word_1_544' title='bbox 1018 1587 1109 1622; x_wconf 72' lang='lat' dir='ltr'><strong>gitur?</strong></span> 
     </span>
    </p>
   </div>
   <div class='ocr_carea' id='block_1_89' title="bbox 1057 1631 1811 1668">
    <p class='ocr_par' dir='ltr' id='par_1_89' title="bbox 1057 1631 1811 1668">
     <span class='ocr_line' id='line_1_90' title="bbox 1057 1631 1811 1668; baseline 0.005 -10"><span class='ocrx_word' id='word_1_545' title='bbox 1057 1631 1138 1667; x_wconf 82' lang='lat' dir='ltr'><strong>Virga</strong></span> <span class='ocrx_word' id='word_1_546' title='bbox 1156 1632 1327 1659; x_wconf 78' lang='lat' dir='ltr'><strong>lianorabilis</strong></span> <span class='ocrx_word' id='word_1_547' title='bbox 1342 1639 1375 1659; x_wconf 86' lang='lat' dir='ltr'><strong>ac</strong></span> <span class='ocrx_word' id='word_1_548' title='bbox 1398 1632 1528 1667; x_wconf 59' lang='lat' dir='ltr'><strong>pretiosa,</strong></span> <span class='ocrx_word' id='word_1_549' title='bbox 1552 1641 1614 1668; x_wconf 65' lang='lat' dir='ltr'><strong>quae</strong></span> <span class='ocrx_word' id='word_1_550' title='bbox 1636 1641 1742 1661; x_wconf 86' lang='lat' dir='ltr'><strong>ramum</strong></span> <span class='ocrx_word' id='word_1_551' title='bbox 1765 1635 1811 1662; x_wconf 87' lang='lat' dir='ltr'><strong>in-</strong></span> 
     </span>
    </p>
   </div>
   <div class='ocr_carea' id='block_1_90' title="bbox 1017 1676 1810 1714">
    <p class='ocr_par' dir='ltr' id='par_1_90' title="bbox 1017 1676 1810 1714">
     <span class='ocr_line' id='line_1_91' title="bbox 1017 1676 1810 1714; baseline 0.003 -10"><span class='ocrx_word' id='word_1_552' title='bbox 1017 1677 1222 1711; x_wconf 86' lang='lat' dir='ltr'><strong>corruptibilem</strong></span> <span class='ocrx_word' id='word_1_553' title='bbox 1239 1676 1423 1711; x_wconf 79' lang='lat' dir='ltr'><strong>germinavit,</strong></span> <span class='ocrx_word' id='word_1_554' title='bbox 1443 1677 1540 1704; x_wconf 87' lang='lat' dir='ltr'><strong>videns</strong></span> <span class='ocrx_word' id='word_1_555' title='bbox 1553 1678 1679 1705; x_wconf 88' lang='lat' dir='ltr'><strong>eumdem</strong></span> <span class='ocrx_word' id='word_1_556' title='bbox 1696 1679 1722 1705; x_wconf 93' lang='lat' dir='ltr'><strong>in</strong></span> <span class='ocrx_word' id='word_1_557' title='bbox 1737 1679 1810 1714; x_wconf 76' lang='lat' dir='ltr'><strong>ligno</strong></span> 
     </span>
    </p>
   </div>
   <div class='ocr_carea' id='block_1_91' title="bbox 1017 1722 1810 1756">
    <p class='ocr_par' dir='ltr' id='par_1_91' title="bbox 1017 1722 1810 1756">
     <span class='ocr_line' id='line_1_92' title="bbox 1017 1722 1810 1756; baseline 0.003 -7"><span class='ocrx_word' id='word_1_558' title='bbox 1017 1722 1165 1749; x_wconf 83' lang='lat' dir='ltr'><strong>exaltatum</strong></span> <span class='ocrx_word' id='word_1_559' title='bbox 1180 1741 1189 1755; x_wconf 88' lang='lat'><strong>,</strong></span> <span class='ocrx_word' id='word_1_560' title='bbox 1207 1722 1234 1748; x_wconf 91' lang='lat' dir='ltr'><strong>in</strong></span> <span class='ocrx_word' id='word_1_561' title='bbox 1257 1722 1307 1749; x_wconf 86' lang='lat' dir='ltr'><strong>has</strong></span> <span class='ocrx_word' id='word_1_562' title='bbox 1327 1729 1409 1749; x_wconf 86' lang='lat' dir='ltr'><strong>voces</strong></span> <span class='ocrx_word' id='word_1_563' title='bbox 1424 1723 1584 1756; x_wconf 79' lang='lat' dir='ltr'><strong>erumpebat</strong></span> <span class='ocrx_word' id='word_1_564' title='bbox 1600 1731 1606 1750; x_wconf 90' lang='lat'>:</span> <span class='ocrx_word' id='word_1_565' title='bbox 1631 1722 1758 1755; x_wconf 88' lang='lat' dir='ltr'><strong>Domine,</strong></span> <span class='ocrx_word' id='word_1_566' title='bbox 1775 1731 1810 1751; x_wconf 73' lang='lat' dir='ltr'><strong>ne</strong></span> 
     </span>
    </p>
   </div>
   <div class='ocr_carea' id='block_1_92' title="bbox 1018 1766 1811 1803">
    <p class='ocr_par' dir='ltr' id='par_1_92' title="bbox 1018 1766 1811 1803">
     <span class='ocr_line' id='line_1_93' title="bbox 1018 1766 1811 1803; baseline 0.004 -9"><span class='ocrx_word' id='word_1_567' title='bbox 1018 1775 1062 1795; x_wconf 74' lang='lat' dir='ltr'><strong>uie</strong></span> <span class='ocrx_word' id='word_1_568' title='bbox 1087 1768 1190 1802; x_wconf 85' lang='lat' dir='ltr'><strong>absque</strong></span> <span class='ocrx_word' id='word_1_569' title='bbox 1217 1767 1311 1795; x_wconf 87' lang='lat' dir='ltr'><strong>liberis</strong></span> <span class='ocrx_word' id='word_1_570' title='bbox 1337 1774 1370 1794; x_wconf 86' lang='lat' dir='ltr'><strong>ac</strong></span> <span class='ocrx_word' id='word_1_571' title='bbox 1392 1766 1474 1803; x_wconf 66' lang='grc'><strong>254.</strong></span> <span class='ocrx_word' id='word_1_572' title='bbox 1493 1768 1577 1796; x_wconf 86' lang='lat' dir='ltr'><strong>veluti</strong></span> <span class='ocrx_word' id='word_1_573' title='bbox 1600 1769 1722 1796; x_wconf 89' lang='lat' dir='ltr'><strong>sterilem</strong></span> <span class='ocrx_word' id='word_1_574' title='bbox 1748 1777 1811 1797; x_wconf 81' lang='lat' dir='ltr'><strong>csse</strong></span> 
     </span>
    </p>
   </div>
   <div class='ocr_carea' id='block_1_93' title="bbox 1021 1814 1145 1850">
    <p class='ocr_par' dir='ltr' id='par_1_93' title="bbox 1021 1814 1145 1850">
     <span class='ocr_line' id='line_1_94' title="bbox 1021 1814 1145 1850; baseline 0.016 -10"><span class='ocrx_word' id='word_1_575' title='bbox 1021 1814 1145 1850; x_wconf 77' lang='lat' dir='ltr'><strong>patiaris.</strong></span> 
     </span>
    </p>
   </div>
   <div class='ocr_carea' id='block_1_94' title="bbox 1056 1857 1809 1895">
    <p class='ocr_par' dir='ltr' id='par_1_94' title="bbox 1056 1857 1809 1895">
     <span class='ocr_line' id='line_1_95' title="bbox 1056 1857 1809 1895; baseline 0 -9"><span class='ocrx_word' id='word_1_576' title='bbox 1056 1860 1078 1887; x_wconf 92' lang='grc' dir='ltr'>Ο</span> <span class='ocrx_word' id='word_1_577' title='bbox 1104 1859 1139 1886; x_wconf 87' lang='lat' dir='ltr'><strong>ab</strong></span> <span class='ocrx_word' id='word_1_578' title='bbox 1163 1858 1238 1886; x_wconf 91' lang='lat' dir='ltr'><strong>omni</strong></span> <span class='ocrx_word' id='word_1_579' title='bbox 1257 1858 1365 1886; x_wconf 88' lang='lat' dir='ltr'><strong>macula</strong></span> <span class='ocrx_word' id='word_1_580' title='bbox 1384 1857 1515 1886; x_wconf 89' lang='lat' dir='ltr'><strong>immunis</strong></span> <span class='ocrx_word' id='word_1_581' title='bbox 1533 1858 1591 1894; x_wconf 86' lang='lat'><strong>(9),</strong></span> <span class='ocrx_word' id='word_1_582' title='bbox 1616 1865 1676 1894; x_wconf 88' lang='lat' dir='ltr'><strong>post</strong></span> <span class='ocrx_word' id='word_1_583' title='bbox 1699 1864 1809 1895; x_wconf 88' lang='lat' dir='ltr'><strong>partum</strong></span> 
     </span>
    </p>
   </div>
   <div class='ocr_carea' id='block_1_95' title="bbox 1021 1905 1808 1941">
    <p class='ocr_par' dir='ltr' id='par_1_95' title="bbox 1021 1905 1808 1941">
     <span class='ocr_line' id='line_1_96' title="bbox 1021 1905 1808 1941; baseline 0 -9"><span class='ocrx_word' id='word_1_584' title='bbox 1021 1905 1203 1941; x_wconf 83' lang='lat' dir='ltr'><strong>perseverasti</strong></span> <span class='ocrx_word' id='word_1_585' title='bbox 1240 1905 1329 1940; x_wconf 87' lang='lat' dir='ltr'><strong>qualis</strong></span> <span class='ocrx_word' id='word_1_586' title='bbox 1363 1905 1454 1932; x_wconf 77' lang='lat' dir='ltr'><strong>fueras</strong></span> <span class='ocrx_word' id='word_1_587' title='bbox 1488 1909 1551 1932; x_wconf 88' lang='lat' dir='ltr'><strong>ante</strong></span> <span class='ocrx_word' id='word_1_588' title='bbox 1567 1911 1695 1941; x_wconf 86' lang='lat' dir='ltr'><strong>partum:</strong></span> <span class='ocrx_word' id='word_1_589' title='bbox 1723 1906 1808 1933; x_wconf 88' lang='lat' dir='ltr'><strong>Deum</strong></span> 
     </span>
    </p>
   </div>
   <div class='ocr_carea' id='block_1_96' title="bbox 1021 1950 1809 1987">
    <p class='ocr_par' dir='ltr' id='par_1_96' title="bbox 1021 1950 1809 1987">
     <span class='ocr_line' id='line_1_97' title="bbox 1021 1950 1809 1987; baseline 0 -9"><span class='ocrx_word' id='word_1_590' title='bbox 1021 1952 1093 1979; x_wconf 88' lang='lat' dir='ltr'><strong>enim</strong></span> <span class='ocrx_word' id='word_1_591' title='bbox 1120 1951 1251 1987; x_wconf 74' lang='lat' dir='ltr'><strong>genuisti,</strong></span> <span class='ocrx_word' id='word_1_592' title='bbox 1277 1951 1324 1986; x_wconf 91' lang='lat' dir='ltr'><strong>qui</strong></span> <span class='ocrx_word' id='word_1_593' title='bbox 1347 1959 1396 1986; x_wconf 90' lang='lat' dir='ltr'><strong>per</strong></span> <span class='ocrx_word' id='word_1_594' title='bbox 1418 1951 1522 1986; x_wconf 79' lang='lat' dir='ltr'><strong>lignum</strong></span> <span class='ocrx_word' id='word_1_595' title='bbox 1543 1950 1680 1978; x_wconf 84' lang='lat' dir='ltr'><strong>hominem</strong></span> <span class='ocrx_word' id='word_1_596' title='bbox 1703 1950 1809 1978; x_wconf 67' lang='lat' dir='ltr'><strong>salvum</strong></span> 
     </span>
    </p>
   </div>
   <div class='ocr_carea' id='block_1_97' title="bbox 1021 1996 1096 2031">
    <p class='ocr_par' dir='ltr' id='par_1_97' title="bbox 1021 1996 1096 2031">
     <span class='ocr_line' id='line_1_98' title="bbox 1021 1996 1096 2031; baseline 0 -7"><span class='ocrx_word' id='word_1_597' title='bbox 1021 1996 1096 2031; x_wconf 78' lang='lat' dir='ltr'><strong>fecit.</strong></span> 
     </span>
    </p>
   </div>
   <div class='ocr_carea' id='block_1_98' title="bbox 1059 2040 1809 2078">
    <p class='ocr_par' dir='ltr' id='par_1_98' title="bbox 1059 2040 1809 2078">
     <span class='ocr_line' id='line_1_99' title="bbox 1059 2040 1809 2078; baseline -0.003 -8"><span class='ocrx_word' id='word_1_598' title='bbox 1059 2043 1174 2078; x_wconf 83' lang='lat' dir='ltr'><strong>Dcipara</strong></span> <span class='ocrx_word' id='word_1_599' title='bbox 1198 2042 1279 2077; x_wconf 86' lang='lat' dir='ltr'><strong>culpa</strong></span> <span class='ocrx_word' id='word_1_600' title='bbox 1301 2041 1409 2078; x_wconf 84' lang='lat' dir='ltr'><strong>penitus</strong></span> <span class='ocrx_word' id='word_1_601' title='bbox 1425 2048 1522 2069; x_wconf 83' lang='lat' dir='ltr'><strong>carens</strong></span> <span class='ocrx_word' id='word_1_602' title='bbox 1541 2041 1607 2077; x_wconf 73' lang='lat' dir='ltr'><strong>UO),</strong></span> <span class='ocrx_word' id='word_1_603' title='bbox 1624 2048 1740 2070; x_wconf 85' lang='lat' dir='ltr'><strong>cernens</strong></span> <span class='ocrx_word' id='word_1_604' title='bbox 1754 2040 1809 2068; x_wconf 89' lang='lat' dir='ltr'><strong>Do-</strong></span> 
     </span>
    </p>
   </div>
   <div class='ocr_carea' id='block_1_99' title="bbox 1022 2130 1811 2167">
    <p class='ocr_par' dir='ltr' id='par_1_99' title="bbox 1022 2130 1811 2167">
     <span class='ocr_line' id='line_1_100' title="bbox 1022 2130 1811 2167; baseline -0.003 -9"><span class='ocrx_word' id='word_1_605' title='bbox 1022 2131 1136 2166; x_wconf 83' lang='lat' dir='ltr'><strong>antiquo</strong></span> <span class='ocrx_word' id='word_1_606' title='bbox 1153 2131 1225 2166; x_wconf 85' lang='lat' dir='ltr'><strong>apud</strong></span> <span class='ocrx_word' id='word_1_607' title='bbox 1242 2131 1403 2167; x_wconf 74' lang='lat' dir='ltr'><strong>Balinghcm</strong></span> <span class='ocrx_word' id='word_1_608' title='bbox 1425 2131 1452 2159; x_wconf 92' lang='lat' dir='ltr'><strong>in</strong></span> <span class='ocrx_word' id='word_1_609' title='bbox 1474 2131 1610 2158; x_wconf 72' lang='lat' dir='ltr'><strong>l’arnauo</strong></span> <span class='ocrx_word' id='word_1_610' title='bbox 1631 2130 1753 2157; x_wconf 81' lang='lat' dir='ltr'><strong>Mariano</strong></span> <span class='ocrx_word' id='word_1_611' title='bbox 1769 2137 1811 2156; x_wconf 88' lang='lat' dir='ltr'><strong>sa-</strong></span> 
     </span>
    </p>
   </div>
   <div class='ocr_carea' id='block_1_100' title="bbox 1022 2166 1279 2195">
    <p class='ocr_par' dir='ltr' id='par_1_100' title="bbox 1022 2166 1279 2195">
     <span class='ocr_line' id='line_1_101' title="bbox 1022 2166 1279 2195; baseline -0.004 -1"><span class='ocrx_word' id='word_1_612' title='bbox 1022 2167 1090 2194; x_wconf 87' lang='lat' dir='ltr'><strong>lutat</strong></span> <span class='ocrx_word' id='word_1_613' title='bbox 1105 2167 1148 2195; x_wconf 88' lang='lat' dir='ltr'><strong>his</strong></span> <span class='ocrx_word' id='word_1_614' title='bbox 1163 2166 1252 2195; x_wconf 80' lang='lat' dir='ltr'><strong>verbis</strong></span> <span class='ocrx_word' id='word_1_615' title='bbox 1272 2175 1279 2193; x_wconf 92' lang='lat'>:</span> 
     </span>
    </p>
   </div>
   <div class='ocr_carea' id='block_1_101' title="bbox 1231 2209 1546 2244">
    <p class='ocr_par' dir='ltr' id='par_1_101' title="bbox 1231 2209 1546 2244">
     <span class='ocr_line' id='line_1_102' title="bbox 1231 2209 1546 2244; baseline 0.006 -8"><span class='ocrx_word' id='word_1_616' title='bbox 1231 2209 1295 2243; x_wconf 77' lang='lat' dir='ltr'><strong>Ave,</strong></span> <span class='ocrx_word' id='word_1_617' title='bbox 1311 2218 1326 2236; x_wconf 94' lang='grc' dir='ltr'><strong>ο</strong></span> <span class='ocrx_word' id='word_1_618' title='bbox 1343 2210 1429 2238; x_wconf 74' lang='lat' dir='ltr'><strong>dulcis</strong></span> <span class='ocrx_word' id='word_1_619' title='bbox 1445 2210 1546 2244; x_wconf 75' lang='lat' dir='ltr'><strong>Maria,</strong></span> 
     </span>
    </p>
   </div>
   <div class='ocr_carea' id='block_1_102' title="bbox 1253 2245 1589 2279">
    <p class='ocr_par' dir='ltr' id='par_1_102' title="bbox 1253 2245 1589 2279">
     <span class='ocr_line' id='line_1_103' title="bbox 1253 2245 1589 2279; baseline 0.003 -6"><span class='ocrx_word' id='word_1_620' title='bbox 1253 2245 1354 2273; x_wconf 75' lang='lat' dir='ltr'><strong>Christi</strong></span> <span class='ocrx_word' id='word_1_621' title='bbox 1370 2246 1455 2272; x_wconf 80' lang='lat' dir='ltr'><strong>Mater</strong></span> <span class='ocrx_word' id='word_1_622' title='bbox 1469 2252 1492 2272; x_wconf 83' lang='lat' dir='ltr'><strong>et</strong></span> <span class='ocrx_word' id='word_1_623' title='bbox 1506 2246 1589 2279; x_wconf 80' lang='lat' dir='ltr'><strong>Filia,</strong></span> 
     </span>
    </p>
   </div>
   <div class='ocr_carea' id='block_1_103' title="bbox 1254 2280 1520 2313">
    <p class='ocr_par' dir='ltr' id='par_1_103' title="bbox 1254 2280 1520 2313">
     <span class='ocr_line' id='line_1_104' title="bbox 1254 2280 1520 2313; baseline 0.004 -7"><span class='ocrx_word' id='word_1_624' title='bbox 1254 2280 1317 2307; x_wconf 82' lang='lat' dir='ltr'><strong>Ulla</strong></span> <span class='ocrx_word' id='word_1_625' title='bbox 1331 2281 1389 2307; x_wconf 78' lang='lat' dir='ltr'><strong>sine</strong></span> <span class='ocrx_word' id='word_1_626' title='bbox 1405 2281 1520 2313; x_wconf 77' lang='lat' dir='ltr'><strong>macula,</strong></span> 
     </span>
    </p>
   </div>
   <div class='ocr_carea' id='block_1_104' title="bbox 1235 2315 1526 2350">
    <p class='ocr_par' dir='ltr' id='par_1_104' title="bbox 1235 2315 1526 2350">
     <span class='ocr_line' id='line_1_105' title="bbox 1235 2315 1526 2350; baseline 0.003 -9"><span class='ocrx_word' id='word_1_627' title='bbox 1235 2315 1274 2342; x_wconf 83' lang='lat' dir='ltr'><strong>Tu</strong></span> <span class='ocrx_word' id='word_1_628' title='bbox 1291 2324 1307 2342; x_wconf 84' lang='grc' dir='ltr'><strong>α</strong></span> <span class='ocrx_word' id='word_1_629' title='bbox 1324 2315 1377 2342; x_wconf 76' lang='grc' dir='ltr'><strong>Ι)εο</strong></span> <span class='ocrx_word' id='word_1_630' title='bbox 1393 2316 1526 2350; x_wconf 76' lang='lat' dir='ltr'><strong>fabricata</strong></span> 
     </span>
    </p>
   </div>
   <div class='ocr_carea' id='block_1_105' title="bbox 1254 2350 1598 2384">
    <p class='ocr_par' dir='ltr' id='par_1_105' title="bbox 1254 2350 1598 2384">
     <span class='ocr_line' id='line_1_106' title="bbox 1254 2350 1598 2384; baseline 0.006 -7"><span class='ocrx_word' id='word_1_631' title='bbox 1254 2350 1287 2377; x_wconf 83' lang='lat' dir='ltr'><strong>In</strong></span> <span class='ocrx_word' id='word_1_632' title='bbox 1298 2357 1423 2384; x_wconf 80' lang='lat' dir='ltr'><strong>conceptu</strong></span> <span class='ocrx_word' id='word_1_633' title='bbox 1438 2356 1598 2384; x_wconf 74' lang='lat' dir='ltr'><strong>prmert&#39;ata</strong></span> 
     </span>
    </p>
   </div>
   <div class='ocr_carea' id='block_1_106' title="bbox 1254 2385 1562 2419">
    <p class='ocr_par' dir='ltr' id='par_1_106' title="bbox 1254 2385 1562 2419">
     <span class='ocr_line' id='line_1_107' title="bbox 1254 2385 1562 2419; baseline 0.003 -7"><span class='ocrx_word' id='word_1_634' title='bbox 1254 2385 1339 2412; x_wconf 80' lang='lat' dir='ltr'><strong>Nulla</strong></span> <span class='ocrx_word' id='word_1_635' title='bbox 1355 2386 1439 2412; x_wconf 79' lang='lat' dir='ltr'><strong>trahis</strong></span> <span class='ocrx_word' id='word_1_636' title='bbox 1453 2386 1562 2419; x_wconf 73' lang='lat' dir='ltr'><strong>scelera,</strong></span> 
     </span>
    </p>
   </div>
   <div class='ocr_carea' id='block_1_107' title="bbox 1023 2429 1812 2465">
    <p class='ocr_par' dir='ltr' id='par_1_107' title="bbox 1023 2429 1812 2465">
     <span class='ocr_line' id='line_1_108' title="bbox 1023 2429 1812 2465; baseline 0.001 -10"><span class='ocrx_word' id='word_1_637' title='bbox 1023 2433 1051 2456; x_wconf 85' lang='lat' dir='ltr'><strong>et</strong></span> <span class='ocrx_word' id='word_1_638' title='bbox 1063 2436 1144 2463; x_wconf 88' lang='lat' dir='ltr'><strong>quam</strong></span> <span class='ocrx_word' id='word_1_639' title='bbox 1160 2430 1190 2457; x_wconf 92' lang='lat' dir='ltr'><strong>S.</strong></span> <span class='ocrx_word' id='word_1_640' title='bbox 1201 2429 1354 2458; x_wconf 84' lang='lat' dir='ltr'><strong>Casimirus</strong></span> <span class='ocrx_word' id='word_1_641' title='bbox 1368 2429 1394 2456; x_wconf 93' lang='lat' dir='ltr'><strong>in</strong></span> <span class='ocrx_word' id='word_1_642' title='bbox 1410 2437 1461 2458; x_wconf 90' lang='lat' dir='ltr'><strong>suo</strong></span> <span class='ocrx_word' id='word_1_643' title='bbox 1481 2429 1582 2465; x_wconf 92' lang='lat' dir='ltr'><strong>hymno</strong></span> <span class='ocrx_word' id='word_1_644' title='bbox 1597 2430 1632 2458; x_wconf 86' lang='lat' dir='ltr'><strong>de</strong></span> <span class='ocrx_word' id='word_1_645' title='bbox 1656 2429 1685 2457; x_wconf 88' lang='grc' dir='ltr'><strong>Β.</strong></span> <span class='ocrx_word' id='word_1_646' title='bbox 1700 2429 1812 2465; x_wconf 69' lang='lat' dir='ltr'><strong>Virgine</strong></span> 
     </span>
    </p>
   </div>
   <div class='ocr_carea' id='block_1_108' title="bbox 1023 2465 1476 2499">
    <p class='ocr_par' dir='ltr' id='par_1_108' title="bbox 1023 2465 1476 2499">
     <span class='ocr_line' id='line_1_109' title="bbox 1023 2465 1476 2499; baseline 0.004 -9"><span class='ocrx_word' id='word_1_647' title='bbox 1023 2469 1093 2499; x_wconf 84' lang='lat' dir='ltr'><strong>part.</strong></span> <span class='ocrx_word' id='word_1_648' title='bbox 1111 2473 1130 2492; x_wconf 85' lang='grc' dir='ltr'><strong>ιι</strong></span> <span class='ocrx_word' id='word_1_649' title='bbox 1145 2465 1189 2493; x_wconf 90' lang='lat' dir='ltr'><strong>his</strong></span> <span class='ocrx_word' id='word_1_650' title='bbox 1200 2465 1289 2492; x_wconf 80' lang='lat' dir='ltr'><strong>Verbis</strong></span> <span class='ocrx_word' id='word_1_651' title='bbox 1305 2465 1455 2499; x_wconf 76' lang='lat' dir='ltr'><strong>alloquitur</strong></span> <span class='ocrx_word' id='word_1_652' title='bbox 1469 2474 1476 2492; x_wconf 87' lang='lat'><strong>:</strong></span> 
     </span>
    </p>
   </div>
   <div class='ocr_carea' id='block_1_109' title="bbox 1236 2499 1581 2527">
    <p class='ocr_par' dir='ltr' id='par_1_109' title="bbox 1236 2499 1581 2527">
     <span class='ocr_line' id='line_1_110' title="bbox 1236 2499 1581 2527; baseline 0 -1"><span class='ocrx_word' id='word_1_653' title='bbox 1236 2499 1356 2526; x_wconf 78' lang='lat' dir='ltr'><strong>Pulchra</strong></span> <span class='ocrx_word' id='word_1_654' title='bbox 1373 2505 1429 2526; x_wconf 86' lang='lat' dir='ltr'><strong>tota</strong></span> <span class='ocrx_word' id='word_1_655' title='bbox 1446 2501 1503 2527; x_wconf 65' lang='lat' dir='ltr'><strong>sine</strong></span> <span class='ocrx_word' id='word_1_656' title='bbox 1516 2505 1581 2527; x_wconf 80' lang='grc' dir='ltr'>ποια</span> 
     </span>
    </p>
   </div>
   <div class='ocr_carea' id='block_1_110' title="bbox 1253 2534 1577 2569">
    <p class='ocr_par' dir='ltr' id='par_1_110' title="bbox 1253 2534 1577 2569">
     <span class='ocr_line' id='line_1_111' title="bbox 1253 2534 1577 2569; baseline 0.003 -8"><span class='ocrx_word' id='word_1_657' title='bbox 1253 2534 1438 2569; x_wconf 73' lang='lat' dir='ltr'><strong>Cujuscunqua</strong></span> <span class='ocrx_word' id='word_1_658' title='bbox 1455 2535 1577 2562; x_wconf 61' lang='lat' dir='ltr'><strong>macula.</strong></span> 
     </span>
    </p>
   </div>
   <div class='ocr_carea' id='block_1_111' title="bbox 1060 2587 1812 2625">
    <p class='ocr_par' dir='ltr' id='par_1_111' title="bbox 1060 2587 1812 2625">
     <span class='ocr_line' id='line_1_112' title="bbox 1060 2587 1812 2625; baseline -0.003 -10"><span class='ocrx_word' id='word_1_659' title='bbox 1060 2587 1117 2622; x_wconf 87' lang='lat' dir='ltr'><strong>(l0)</strong></span> <span class='ocrx_word' id='word_1_660' title='bbox 1136 2588 1229 2625; x_wconf 78' lang='lat' dir='ltr'><strong>Patres</strong></span> <span class='ocrx_word' id='word_1_661' title='bbox 1241 2588 1381 2625; x_wconf 75' lang='lat' dir='ltr'><strong>communi</strong></span> <span class='ocrx_word' id='word_1_662' title='bbox 1407 2595 1542 2625; x_wconf 79' lang='lat' dir='ltr'><strong>consensu</strong></span> <span class='ocrx_word' id='word_1_663' title='bbox 1568 2590 1726 2625; x_wconf 73' lang='lat' dir='ltr'><strong>dignitatem</strong></span> <span class='ocrx_word' id='word_1_664' title='bbox 1743 2587 1812 2615; x_wconf 86' lang='lat' dir='ltr'><strong>divi-</strong></span> 
     </span>
    </p>
   </div>
   <div class='ocr_carea' id='block_1_112' title="bbox 1024 2623 1810 2658">
    <p class='ocr_par' dir='ltr' id='par_1_112' title="bbox 1024 2623 1810 2658">
     <span class='ocr_line' id='line_1_113' title="bbox 1024 2623 1810 2658; baseline -0.003 -9"><span class='ocrx_word' id='word_1_665' title='bbox 1024 2630 1066 2649; x_wconf 72' lang='lat' dir='ltr'><strong>na:</strong></span> <span class='ocrx_word' id='word_1_666' title='bbox 1089 2623 1273 2650; x_wconf 80' lang='lat' dir='ltr'><strong>maternitalis</strong></span> <span class='ocrx_word' id='word_1_667' title='bbox 1298 2624 1335 2650; x_wconf 89' lang='lat' dir='ltr'><strong>ita</strong></span> <span class='ocrx_word' id='word_1_668' title='bbox 1360 2623 1504 2654; x_wconf 67' lang='lat' dir='ltr'><strong>exuillunt.</strong></span> <span class='ocrx_word' id='word_1_669' title='bbox 1521 2629 1550 2652; x_wconf 91' lang='lat' dir='ltr'><strong>ut</strong></span> <span class='ocrx_word' id='word_1_670' title='bbox 1566 2623 1645 2652; x_wconf 48' lang='lat' dir='ltr'><strong>ex‘ea</strong></span> <span class='ocrx_word' id='word_1_671' title='bbox 1668 2624 1810 2658; x_wconf 85' lang='lat' dir='ltr'><strong>Deiparam</strong></span> 
     </span>
    </p>
   </div>
   <div class='ocr_carea' id='block_1_113' title="bbox 1024 2658 1809 2692">
    <p class='ocr_par' dir='ltr' id='par_1_113' title="bbox 1024 2658 1809 2692">
     <span class='ocr_line' id='line_1_114' title="bbox 1024 2658 1809 2692; baseline -0.004 -7"><span class='ocrx_word' id='word_1_672' title='bbox 1024 2658 1149 2685; x_wconf 81' lang='lat' dir='ltr'><strong>caruisse</strong></span> <span class='ocrx_word' id='word_1_673' title='bbox 1159 2659 1233 2685; x_wconf 92' lang='lat' dir='ltr'><strong>omni</strong></span> <span class='ocrx_word' id='word_1_674' title='bbox 1257 2658 1334 2692; x_wconf 80' lang='lat' dir='ltr'><strong>culpa</strong></span> <span class='ocrx_word' id='word_1_675' title='bbox 1361 2658 1443 2686; x_wconf 90' lang='lat' dir='ltr'><strong>etiam</strong></span> <span class='ocrx_word' id='word_1_676' title='bbox 1472 2659 1568 2686; x_wconf 79' lang='lat' dir='ltr'><strong>veniali</strong></span> <span class='ocrx_word' id='word_1_677' title='bbox 1585 2659 1726 2689; x_wconf 78' lang='lat' dir='ltr'><strong>deducant,</strong></span> <span class='ocrx_word' id='word_1_678' title='bbox 1747 2658 1809 2691; x_wconf 82' lang='lat' dir='ltr'><strong>quia</strong></span> 
     </span>
    </p>
   </div>
   <div class='ocr_carea' id='block_1_114' title="bbox 1024 2693 1811 2728">
    <p class='ocr_par' dir='ltr' id='par_1_114' title="bbox 1024 2693 1811 2728">
     <span class='ocr_line' id='line_1_115' title="bbox 1024 2693 1811 2728; baseline -0.003 -9"><span class='ocrx_word' id='word_1_679' title='bbox 1024 2700 1057 2719; x_wconf 83' lang='lat' dir='ltr'><strong>ex</strong></span> <span class='ocrx_word' id='word_1_680' title='bbox 1071 2693 1130 2728; x_wconf 89' lang='lat' dir='ltr'><strong>ipso</strong></span> <span class='ocrx_word' id='word_1_681' title='bbox 1147 2693 1218 2728; x_wconf 87' lang='lat' dir='ltr'><strong>quod</strong></span> <span class='ocrx_word' id='word_1_682' title='bbox 1235 2700 1265 2720; x_wconf 90' lang='lat' dir='ltr'><strong>ea</strong></span> <span class='ocrx_word' id='word_1_683' title='bbox 1285 2694 1311 2720; x_wconf 89' lang='lat' dir='ltr'><strong>in</strong></span> <span class='ocrx_word' id='word_1_684' title='bbox 1337 2701 1418 2721; x_wconf 82' lang='lat' dir='ltr'><strong>sacro</strong></span> <span class='ocrx_word' id='word_1_685' title='bbox 1443 2698 1517 2721; x_wconf 79' lang='lat' dir='ltr'><strong>textu</strong></span> <span class='ocrx_word' id='word_1_686' title='bbox 1533 2694 1618 2721; x_wconf 82' lang='lat' dir='ltr'><strong>Mater</strong></span> <span class='ocrx_word' id='word_1_687' title='bbox 1634 2694 1677 2720; x_wconf 80' lang='lat' dir='ltr'><strong>Dei</strong></span> <span class='ocrx_word' id='word_1_688' title='bbox 1691 2693 1811 2728; x_wconf 78' lang='lat' dir='ltr'><strong>declara-</strong></span> 
     </span>
    </p>
   </div>
   <div class='ocr_carea' id='block_1_115' title="bbox 1024 2726 1810 2763">
    <p class='ocr_par' dir='ltr' id='par_1_115' title="bbox 1024 2726 1810 2763">
     <span class='ocr_line' id='line_1_116' title="bbox 1024 2726 1810 2763; baseline -0.003 -9"><span class='ocrx_word' id='word_1_689' title='bbox 1024 2726 1163 2760; x_wconf 32' lang='lat' dir='ltr'><strong>tur,’cam‘</strong></span> <span class='ocrx_word' id='word_1_690' title='bbox 1176 2736 1272 2763; x_wconf 88' lang='lat' dir='ltr'><strong>puram</strong></span> <span class='ocrx_word' id='word_1_691' title='bbox 1297 2733 1323 2754; x_wconf 88' lang='lat' dir='ltr'><strong>et</strong></span> <span class='ocrx_word' id='word_1_692' title='bbox 1347 2729 1459 2755; x_wconf 88' lang='lat' dir='ltr'><strong>liberam</strong></span> <span class='ocrx_word' id='word_1_693' title='bbox 1486 2730 1520 2756; x_wconf 89' lang='lat' dir='ltr'><strong>ab</strong></span> <span class='ocrx_word' id='word_1_694' title='bbox 1542 2729 1614 2756; x_wconf 89' lang='lat' dir='ltr'><strong>omni</strong></span> <span class='ocrx_word' id='word_1_695' title='bbox 1634 2728 1711 2761; x_wconf 83' lang='lat' dir='ltr'><strong>culpa</strong></span> <span class='ocrx_word' id='word_1_696' title='bbox 1727 2726 1810 2754; x_wconf 87' lang='lat' dir='ltr'><strong>etiam</strong></span> 
     </span>
    </p>
   </div>
   <div class='ocr_carea' id='block_1_116' title="bbox 1025 2763 1810 2799">
    <p class='ocr_par' dir='ltr' id='par_1_116' title="bbox 1025 2763 1810 2799">
     <span class='ocr_line' id='line_1_117' title="bbox 1025 2763 1810 2799; baseline -0.001 -11"><span class='ocrx_word' id='word_1_697' title='bbox 1025 2764 1123 2799; x_wconf 82' lang='lat' dir='ltr'><strong>vcuiali</strong></span> <span class='ocrx_word' id='word_1_698' title='bbox 1141 2764 1273 2799; x_wconf 69' lang='lat' dir='ltr'><strong>inierunt.</strong></span> <span class='ocrx_word' id='word_1_699' title='bbox 1288 2763 1356 2791; x_wconf 85' lang='lat' dir='ltr'><strong>Cum</strong></span> <span class='ocrx_word' id='word_1_700' title='bbox 1387 2769 1477 2791; x_wconf 88' lang='lat' dir='ltr'><strong>autem</strong></span> <span class='ocrx_word' id='word_1_701' title='bbox 1493 2765 1571 2799; x_wconf 88' lang='lat' dir='ltr'><strong>culpa</strong></span> <span class='ocrx_word' id='word_1_702' title='bbox 1594 2763 1810 2799; x_wconf 18' lang='lat' dir='ltr'><strong>urigiiialisitur-</strong></span> 
     </span>
    </p>
   </div>
   <div class='ocr_carea' id='block_1_117' title="bbox 1025 2796 1810 2833">
    <p class='ocr_par' dir='ltr' id='par_1_117' title="bbox 1025 2796 1810 2833">
     <span class='ocr_line' id='line_1_118' title="bbox 1025 2796 1810 2833; baseline -0.003 -9"><span class='ocrx_word' id='word_1_703' title='bbox 1025 2797 1086 2832; x_wconf 86' lang='lat' dir='ltr'><strong>pior</strong></span> <span class='ocrx_word' id='word_1_704' title='bbox 1101 2799 1146 2829; x_wconf 87' lang='lat' dir='ltr'><strong>sit,</strong></span> <span class='ocrx_word' id='word_1_705' title='bbox 1160 2803 1187 2825; x_wconf 81' lang='lat' dir='ltr'><strong>et</strong></span> <span class='ocrx_word' id='word_1_706' title='bbox 1199 2798 1327 2825; x_wconf 73' lang='lat' dir='ltr'><strong>feminam</strong></span> <span class='ocrx_word' id='word_1_707' title='bbox 1346 2799 1429 2826; x_wconf 85' lang='lat' dir='ltr'><strong>Deum</strong></span> <span class='ocrx_word' id='word_1_708' title='bbox 1455 2796 1603 2833; x_wconf 71' lang='lat' dir='ltr'><strong>parituram</strong></span> <span class='ocrx_word' id='word_1_709' title='bbox 1621 2796 1705 2832; x_wconf 68' lang='lat' dir='ltr'><strong>niagis</strong></span> <span class='ocrx_word' id='word_1_710' title='bbox 1727 2796 1810 2825; x_wconf 86' lang='lat' dir='ltr'><strong>dedc-</strong></span> 
     </span>
    </p>
   </div>
   <div class='ocr_carea' id='block_1_118' title="bbox 1025 2833 1810 2868">
    <p class='ocr_par' dir='ltr' id='par_1_118' title="bbox 1025 2833 1810 2868">
     <span class='ocr_line' id='line_1_119' title="bbox 1025 2833 1810 2868; baseline -0.001 -9"><span class='ocrx_word' id='word_1_711' title='bbox 1025 2839 1096 2864; x_wconf 86' lang='lat' dir='ltr'><strong>ceat,</strong></span> <span class='ocrx_word' id='word_1_712' title='bbox 1114 2834 1195 2868; x_wconf 63' lang='lat' dir='ltr'><strong>igitur</strong></span> <span class='ocrx_word' id='word_1_713' title='bbox 1212 2834 1284 2861; x_wconf 87' lang='lat' dir='ltr'><strong>sicut</strong></span> <span class='ocrx_word' id='word_1_714' title='bbox 1310 2835 1438 2868; x_wconf 64' lang='lat' dir='ltr'><strong>prmdicla</strong></span> <span class='ocrx_word' id='word_1_715' title='bbox 1457 2834 1632 2868; x_wconf 64' lang='lat' dir='ltr'><strong>prierogativa</strong></span> <span class='ocrx_word' id='word_1_716' title='bbox 1654 2834 1686 2859; x_wconf 88' lang='lat' dir='ltr'><strong>dc</strong></span> <span class='ocrx_word' id='word_1_717' title='bbox 1708 2833 1810 2859; x_wconf 84' lang='lat' dir='ltr'><strong>immu-</strong></span> 
     </span>
    </p>
   </div>
   <div class='ocr_carea' id='block_1_119' title="bbox 1025 2868 1810 2905">
    <p class='ocr_par' dir='ltr' id='par_1_119' title="bbox 1025 2868 1810 2905">
     <span class='ocr_line' id='line_1_120' title="bbox 1025 2868 1810 2905; baseline 0.001 -10"><span class='ocrx_word' id='word_1_718' title='bbox 1025 2869 1111 2896; x_wconf 76' lang='lat' dir='ltr'><strong>nitate</strong></span> <span class='ocrx_word' id='word_1_719' title='bbox 1130 2876 1146 2895; x_wconf 86' lang='lat' dir='ltr'><strong>a</strong></span> <span class='ocrx_word' id='word_1_720' title='bbox 1162 2869 1240 2904; x_wconf 86' lang='lat' dir='ltr'><strong>culpa</strong></span> <span class='ocrx_word' id='word_1_721' title='bbox 1254 2869 1380 2905; x_wconf 78' lang='lat' dir='ltr'><strong>originali</strong></span> <span class='ocrx_word' id='word_1_722' title='bbox 1401 2870 1427 2896; x_wconf 92' lang='lat' dir='ltr'><strong>in</strong></span> <span class='ocrx_word' id='word_1_723' title='bbox 1443 2870 1573 2904; x_wconf 78' lang='lat' dir='ltr'><strong>dignitate</strong></span> <span class='ocrx_word' id='word_1_724' title='bbox 1589 2868 1687 2896; x_wconf 67' lang='lat' dir='ltr'><strong>divinas</strong></span> <span class='ocrx_word' id='word_1_725' title='bbox 1711 2874 1810 2896; x_wconf 80' lang='lat' dir='ltr'><strong>mater-</strong></span> 
     </span>
    </p>
   </div>
  </div>
