2075 3154
260 173 328 206 1287

824 170 854 200 S.
876 170 1035 200 JOSEPHI
1055 171 1336 201 hYMNOGRM’lII

1819 156 1883 195 123‘s

260 230 365 256 minum
392 226 466 254 cruci
480 226 601 259 aﬂixum,
618 225 725 253 aiebat:
742 224 791 252 Ilci
806 225 885 256 mihi,
901 224 963 258 Fili,
979 233 1049 260 quo-

1111 226 1233 257 9εοτόκος
1261 226 1374 260 ἔλεγεν⁵
1401 226 1436 253 οι
1461 235 1517 261 μοι,
1537 226 1602 253 Υίέι
1628 224 1690 257 πῶς
1713 222 1848 259 θνήσκεις,
1870 224 1884 256 ἡ

262 275 342 304 modo
355 273 479 304 utereris,
497 273 553 299 vita
570 279 688 306 spesque
705 270 844 299 ﬁdelium?

297 320 344 347 Illa
368 326 428 354 qua:
451 318 530 346 caelis
544 322 587 346 est
610 318 766 351 sublimior,
782 318 879 346 videns
898 318 1050 351 Christum,

262 366 308 400 qui
325 365 401 392 solus
415 368 458 391 est
471 363 633 395 altissimus.
649 365 676 391 in
690 365 764 399 ligno
781 365 941 397 exaltatum,
955 369 983 392 et
1003 365 1053 391 ini-

263 411 324 438 miei
339 410 512 439 altitudinem
527 410 712 445 dejicientem,
730 411 858 440 eumdem
875 417 972 446 magna
986 418 1053 438 voce

263 455 401 482 laudabat.

300 500 453 534 Splendnre
481 500 567 533 illius,
586 501 632 534 qui
654 509 686 528 ex
713 507 738 528 te
763 502 914 529 secundum
941 508 1053 528 carnem

265 550 378 572 exortus
392 549 442 578 est,
456 553 472 571 ο
486 545 578 580 Virgo,
594 546 699 573 illustra
717 551 833 573 mentem
850 554 947 578 meam,
964 551 992 573 et
1006 552 1054 573 eor

265 600 354 618 meum
383 592 517 624 illumina,
543 592 669 619 tenebras
690 593 794 627 peccati
816 593 976 627 dispellens,
993 599 1054 619 om-

264 646 381 673 nemque
399 638 532 665 socordia:
549 646 616 665 mea:
634 638 762 665 nebulam
781 638 929 674 dissipans.

389 705 430 737 Ex
446 718 545 737 canone
573 709 687 737 Sabbaii
707 710 741 737 ad
757 710 928 738 Mutuliuum.

300 772 341 800 Me
358 780 466 807 semper
489 772 629 806 proposito
646 772 830 803 excidentem,
853 778 997 807 menteque
1016 774 1056 800 in-

266 818 404 849 stabilem,
424 818 570 852 pravisque
590 818 804 852 cogitationibus
829 818 1009 851 abstractum,
1028 824 1056 845 et

267 866 399 898 illectum,
417 869 444 890 et
458 863 504 898 qui
517 858 560 890 me
574 863 662 898 ipsum
675 871 721 897 per
736 871 872 891 summam
888 864 1054 891 dementiam

1103 271 1160 307 ζωὴ
1175 272 1223 299 καὶ
1238 272 1315 304 ἐλπὶς
1327 272 1383 299 τῶν
1396 272 1502 299 πιστῶν

1144 317 1177 343 Ἦ
1198 317 1253 344 τῶν
1267 317 1390 352 οὗρανῶν
1409 317 1574 354 ὑψηλοτέρα,
1595 316 1743 353 ὑψωθῂτα
1770 314 1799 340 ὲν
1823 311 1888 346 ξύλῳ

1103 363 1150 389 καὶ
1182 364 1392 398 καταράσσοντα
1427 364 1478 395 τὰς
1504 363 1626 398 ὺψώσεις
1659 359 1763 397 ἐχθροῦ
1791 358 1890 394 θεωρή-

1103 416 1172 435 σασα
1194 408 1240 435 τὸν
1266 408 1347 444 μόνον
1371 408 1495 442 ὓὼιστον,
1521 409 1639 445 ἀνύμνει
1665 406 1788 443 Χριστὸν
1810 413 1891 440 μεγα-

1103 453 1241 487 λοφώνως.

1140 499 1249 533 Φέγγει,
1265 499 1400 534 Παρθένε,
1415 499 1463 526 τοῦ
1476 500 1509 526 ὲκ
1533 499 1580 526 σοῦ
1593 498 1792 529 ἀνατείλαντος
1806 496 1893 531 σαρκὶ,

1103 545 1150 572 τὸν
1164 544 1227 571 νοῦν
1240 554 1292 579 μου
1307 545 1492 580 καταύγασον,
1510 546 1559 572 καὶ
1573 546 1623 581 τὴν
1638 543 1758 580 καρδίαν
1774 543 1897 577 quintum,

1104 590 1152 619 καὶ
1180 591 1274 622 σκότος
1301 591 1438 618 διώκουσα
1459 591 1510 625 τῆς
1536 591 1693 626 ἁμαρτίας,
1716 589 1766 616 καὶ
1785 588 1835 623 τῆς
1857 587 1901 623 ρᾳ-

1105 634 1206 670 θυμίας
1223 644 1275 670 μου
1288 636 1397 663 ἃπασαν
1413 636 1463 672 τὴν
1476 636 1560 671 ἀχλὺν
1571 636 1785 663 ἀπελαύνουσι.

1112 708 1163 734 Ἐκ
1181 707 1233 734 τοῦ
1248 708 1377 741 κανόνος
1395 708 1447 735 τοῦ
1460 708 1624 742 Σαϐϐὰτου,
1640 710 1691 742 εις
1701 708 1758 735 τὸν
1770 709 1900 742 ὀρθρον.

1141 770 1239 806 Γνώμη
1264 771 1451 799 ὀλισθαίνοντα
1473 772 1518 799 ἀεὶ
1538 773 1585 799 καὶ
1605 772 1758 808 λογισμοῖς
1779 774 1903 807 πονηροῖς

1105 816 1295 852 ὲξελκόμενον,
1318 818 1367 844 καὶ
1396 817 1599 852 διλεαζόμενον,
1629 818 1834 853 φρενοδλαδῶς
1855 819 1906 861 γὲρ

1106 864 1162 893 τοῖς
1183 862 1290 897 ἐχθροῖς
1304 863 1467 898 εὐχείρωτον
1475 863 1536 890 ὅλον
1552 864 1704 898 γεγονότα,
1722 863 1763 900 μὴ
1778 864 1906 900 ὑπερίδῃς

268 915 354 938 totum
369 910 489 937 inimicis
505 910 597 937 dedidi
616 914 644 937 ut
660 918 704 938 me
720 910 850 938 facillime
864 915 1003 946 caperent,
1020 919 1055 942 ne

1111 916 1153 943 με,
1169 908 1312 936 Δέσποινα.

267 955 415 990 despicias,
429 962 445 982 ο
462 955 587 983 Domina.

303 1001 325 1029 Ο
341 1001 548 1028 tabernaculum
562 1000 642 1027 caelis
666 999 734 1034 ipsis
757 1001 910 1035 angustius,
928 1001 1058 1036 populum

269 1051 345 1074 tuttur
362 1047 390 1073 in
411 1046 462 1073 hoc
476 1052 523 1073 tuo
542 1045 720 1072 tabernaculo
737 1045 771 1072 ad
785 1050 847 1073 luas
862 1046 955 1074 laudcs
966 1047 1060 1074 conri-

269 1093 374 1119 nendas
394 1091 612 1124 convenientem,
638 1091 792 1118 caelestium
819 1091 1059 1119 tabernaculorum

269 1138 313 1165 fac
343 1136 513 1171 participem,
540 1135 711 1162 lerventibus
744 1135 871 1169 precibus
901 1136 957 1163 tuis
989 1136 1060 1170 apud

269 1183 420 1214 Christum,
442 1189 522 1217 quem
543 1181 673 1217 genuisti,
698 1183 822 1209 omnium
851 1181 996 1209 Dominum
1027 1189 1061 1210 ac

270 1229 482 1257 dominatorem.

308 1273 432 1301 Scientes
446 1278 472 1300 te
485 1280 546 1300 esse
563 1272 693 1307 templum
717 1272 821 1308 gloriae,
836 1279 853 1299 ο
869 1272 1060 1305 immaculata,

272 1320 299 1347 in
315 1320 416 1354 templo
441 1324 488 1346 tuo
513 1318 668 1345 venerande
691 1318 860 1353 congregati,
881 1318 1061 1346 devotissime

273 1366 453 1400 imploramus
471 1364 602 1391 auxilium
621 1368 710 1394 tuum.
735 1368 873 1398 quatenus
889 1371 937 1398 per
948 1371 1063 1392 venera-

273 1411 355 1438 bilem
373 1410 598 1438 intercessionem
616 1413 691 1436 tuam
714 1409 829 1437 Salutem
849 1417 1061 1444 consequamur,

274 1464 291 1484 o
304 1461 380 1484 casia
399 1454 492 1490 Virgo.

309 1504 497 1537 Agnosceutes
514 1505 540 1528 to
554 1504 667 1527 matrem
690 1499 775 1531 illius,
792 1499 839 1533 qui
860 1499 998 1527 voluntate
1013 1506 1064 1526 sua

275 1549 403 1575 universa
429 1546 543 1578 creavit,
571 1545 606 1573 ad
629 1544 752 1572 divinum
779 1545 909 1579 templum
937 1549 1026 1576 tumn,
1047 1553 1063 1572 ο

1145 998 1238 1033 Σκηνὴ
1254 999 1408 1035 πλατυτέρα
1421 1000 1555 1036 οὐρανῶν,
1578 1000 1643 1027 λαόν
1664 1010 1717 1028 σου
1740 1002 1908 1037 συνερχόμε-

1109 1053 1155 1071 νον
1171 1046 1200 1071 ὲν
1214 1046 1247 1081 τῇ
1266 1047 1352 1081 σκηνῇ
1368 1055 1415 1073 σου
1435 1046 1522 1082 ταύτῃ
1537 1046 1656 1081 ὑμνῆσαι
1677 1055 1712 1073 σε
1736 1048 1848 1082 σκηνῶν
1862 1048 1910 1074 ἀΰ-
2041 1048 2046 1063 ‘

1109 1090 1164 1116 λων
1181 1091 1293 1126 μέτοχον
1308 1092 1420 1126 ποίησον
1434 1093 1467 1127 τῇ
1485 1092 1574 1128 θερμῇ
1589 1092 1683 1127 δεήσει
1700 1101 1755 1119 σου
1767 1093 1838 1129 πρὸς
1849 1093 1911 1129 Χριο

1110 1136 1157 1163 τὸν
1185 1137 1215 1163 ὃν
1228 1136 1336 1171 ἔτεκες,
1348 1138 1394 1165 τὸν
1406 1138 1545 1174 Δεσπότην
1560 1139 1692 1167 ἁπάντων
1717 1140 1769 1167 καὶ
1798 1140 1908 1175 Κύριον.

1148 1272 1223 1299 Ναόν
1241 1281 1272 1299 σε
1288 1272 1339 1308 τῆς
1360 1272 1441 1308 δόξης
1464 1274 1654 1310 ἐπιστάμενοι,
1669 1275 1808 1311 ἄχραντε,
1831 1277 1860 1303 ὲν
1872 1277 1909 1312 τῷ

1114 1319 1208 1354 σεπτῷ
1223 1318 1461 1355 συναθροιζόμενοι
1473 1321 1588 1354 πιστῶς,
1601 1321 1651 1357 τὴν
1661 1321 1712 1357 σὴν
1724 1322 1909 1357 ἐξαιτούμεθα

1114 1363 1286 1400 θεοπρεπῶς,
1303 1365 1373 1400 ἁγνὴ
1386 1364 1522 1400 Παρθένι,
1544 1365 1682 1402 βοήθειαν,
1698 1367 1747 1394 καὶ
1765 1369 1802 1403 τῇ
1823 1369 1909 1403 σεπτῇ

1114 1417 1162 1437 σου
1178 1409 1312 1446 πρεσϐείᾳ
1325 1410 1479 1445 σωζόμεθα.

1150 1501 1264 1537 Μητέρα
1287 1510 1319 1528 σε
1345 1501 1393 1528 τοῦ
1417 1501 1452 1529 τὰ
1479 1502 1569 1529 πάντα
1590 1502 1716 1538 βουλήσει
1741 1506 1910 1540 ποιήσαντος

1115 1546 1297 1581 γινώσκοντες
1310 1555 1349 1583 τῳ
1362 1546 1419 1582 ναῷ
1434 1555 1481 1574 σου
1501 1547 1541 1582 τῷ
1556 1547 1621 1583 θείῳ
1641 1549 1863 1586 προστρέχομεν,
1879 1552 1908 1578 ὲν

275 1595 367 1629 Virgo,
381 1593 563 1624 accurrimns,
581 1596 662 1626 atque
678 1591 705 1617 in
719 1598 755 1618 eo
774 1598 929 1625 precamur.
947 1594 976 1618 ut
987 1598 1062 1618 erro-

1118 1592 1193 1627 αὐτῷ
1218 1592 1374 1628 αἰτούμενοι
1395 1594 1429 1628 τῇ
1454 1593 1579 1629 μεσιτείᾳ
1597 1602 1655 1627 σου,
1673 1595 1810 1630 Παρθένε,
1833 1596 1911 1623 λύσιν

277 1648 337 1668 rum
357 1644 515 1667 n0slrorum
532 1638 610 1665 venia
621 1645 667 1672 per
684 1642 758 1664 tuam
774 1636 968 1664 mediationem
984 1636 1065 1664 nobis

275 1685 453 1714 concedatur.

313 1730 395 1765 255
409 1729 431 1756 0
442 1729 538 1761 Maria,
556 1727 734 1762 purissimum
753 1726 833 1754 Verbi
850 1725 1065 1758 tabernaculum,

277 1777 390 1810 purilica
407 1783 421 1802 a
433 1774 525 1810 pravis
537 1773 728 1801 aﬂectionibus
742 1781 790 1800 eor
805 1780 908 1805 meum,
923 1771 1065 1806 divinique

277 1821 395 1856 Spiritus
407 1828 454 1847 vas
466 1819 598 1847 mundum
618 1818 683 1845 illud
696 1818 780 1850 ellice,
795 1822 824 1844 ut
840 1816 947 1844 laudem
964 1820 992 1851 et
1009 1823 1068 1843 tua-

277 1867 403 1902 gniiieem
424 1870 450 1893 te
467 1864 542 1892 omni
557 1864 637 1891 laude
654 1864 855 1899 dignissimam.

317 1911 382 1938 Esto
398 1910 464 1937 mihi
484 1909 639 1942 mediatrix,
655 1916 671 1936 ο
687 1909 893 1944 benignissima,
922 1908 993 1942 apud
1016 1907 1069 1935 Do-

279 1957 383 1983 minum
396 1958 442 1991 qui
459 1963 491 1983 ex
517 1961 543 1982 te
559 1961 638 1982 natus
655 1960 709 1986 est,
732 1959 789 1981 uta
804 1954 936 1989 gehennae
950 1953 1069 1981 ﬂammis

278 2004 377 2038 eripiat
390 2011 443 2034 me,
472 2009 504 2028 ac
528 2001 633 2028 caelesti
664 2008 747 2035 regno
766 2001 880 2035 dignum
901 2000 993 2033 faciat,
1012 2001 1068 2027 cla-

279 2052 420 2075 mantem:
437 2046 595 2074 Laudabilis
619 2051 646 2074 et
670 2047 890 2081 supergluriosus
925 2046 995 2074 Deus
1020 2046 1070 2072 l'a-

279 2100 364 2126 trum,
381 2100 435 2122 etc.

317 2141 339 2168 0
353 2139 436 2175 Virgo
453 2144 509 2167 tota
522 2139 623 2169 lucida,
641 2145 700 2172 qua:
716 2137 784 2164 lucis
798 2138 919 2165 datorem
938 2137 1022 2164 Deum
1043 2139 1070 2166 in

279 2186 368 2214 lneem
385 2186 505 2216 edidisti,
529 2185 652 2212 illumina
670 2184 763 2211 oculos
774 2184 864 2210 cordis
894 2184 945 2210 mei
969 2184 1071 2210 lumine

280 2233 380 2260 divinat
398 2231 574 2266 cognitionis,
593 2235 621 2256 ut
642 2234 748 2256 cantem
766 2238 772 2256 ι
787 2228 882 2255 Omnia
903 2236 996 2263 opera,
1013 2229 1072 2255 lau-

279 2278 342 2305 date
359 2277 517 2308 Dominum,
532 2280 575 2302 etc

319 2365 488 2393 llorrescunt
506 2363 632 2392 caelestes
650 2363 797 2397 exercitus,
814 2363 937 2391 videntes
947 2363 1070 2392 divinum

283 2412 372 2439 Patris
387 2411 558 2445 splendorem
573 2408 748 2436 ineliahiliter
762 2410 788 2435 in
799 2410 926 2437 tutantibus
939 2409 994 2438 tuis
1005 2417 1062 2444 con:

1118 1638 1289 1673 σφαλμάτων
1305 1638 1480 1675 κομίσασθαι.

1153 1731 1258 1767 Μαρία,
1295 1730 1417 1767 καθαρὸν
1444 1731 1490 1758 τοῦ
1520 1732 1608 1767 Λόγου
1639 1733 1781 1768 σκήνωμα,
1810 1733 1908 1759 παθῶν

1118 1777 1326 1813 ὲναπωιάθσρον
1341 1778 1390 1813 τὴν
1404 1778 1517 1813 καρδίαν
1530 1787 1593 1813 μου,
1612 1780 1659 1805 καὶ
1674 1779 1773 1810 σκεῦος
1783 1778 1910 1814 καθαρὸν

1119 1823 1277 1857 Πνεύματος
1289 1823 1335 1850 τοῦ
1352 1823 1424 1850 θείου
1436 1821 1612 1857 ἀποτέλεσὸν,
1632 1823 1675 1850 ἵνα
1696 1822 1775 1854 ὕμνῶ
1787 1823 1838 1849 καὶ
1855 1831 1906 1857 με-

1119 1868 1227 1903 γαλύνω
1244 1877 1273 1895 σε
1288 1868 1338 1904 τὴν
1351 1868 1526 1903 πανύμνητον

1156 1914 1228 1950 Πρὸς
1239 1914 1285 1940 τὸν
1299 1914 1332 1940 ἐκ
1348 1913 1395 1940 σοῦ
1411 1914 1575 1948 γεννηθέντα
1591 1913 1693 1948 Κύριον
1707 1913 1786 1947 γενοῦ
1800 1911 1913 1949 μεσῖτις

1119 1958 1221 1994 ἀγαθὴ,
1246 1958 1297 1993 τῆς
1324 1958 1437 1993 γεέννης
1462 1959 1510 1984 καὶ
1536 1958 1583 1984 τοῦ
1605 1958 1689 1993 πυρὸς
1706 1958 1780 1990 ὅπως
1802 1964 1838 1992 με
1863 1956 1912 1982 λδ-

1120 2004 1224 2039 τρώσῃ,
1243 2004 1289 2030 καὶ
1315 2003 1470 2039 καταξιώσῃ
1495 2012 1528 2038 με
1546 2004 1595 2038 τῆς
1618 2003 1755 2039 βασιλείας
1782 2003 1908 2044 599%-

1121 2051 1202 2082 ζοντα
1214 2058 1221 2065 ·
1246 2050 1274 2076 '0
1291 2050 1394 2081 αἰνετὸς
1416 2049 1470 2076 τῶν
1487 2050 1614 2086 πατέρων
1639 2049 1706 2082 Θεὸς
1724 2048 1771 2076 καὶ

1120 2096 1206 2128 δοξος.
1626 2105 1634 2111 -
1694 2126 1703 2133 Δ

1157 2141 1314 2176 Φωτοδότην
1339 2140 1440 2173 τέξασα
1465 2138 1713 2176 ΘεὸνιΜ

1122 2187 1235 2222 ὄμματα
1259 2186 1311 2222 τῆς
1336 2186 1453 2222 καρδίας

1124 2231 1310 2265 ἐπιγνώσεως,
1335 2231 1381 2264 sic,
1393 2230 1431 2259 ὓ.

1570 2058 1614 2076 ›ων
1639 2057 1706 2082 uno;
1724 2057 1771 2076 ut
1914 2062 1920 2071 ι

1626 2105 1634 2111 ε
1769 2099 1785 2110 δ

1465 2144 1532 2167 Θεὸν
1541 2159 1565 2182 ,ἢ

1124 2285 1227 2313 ιςυριον
1242 2285 1378 2312 opm,

1086 2265 1108 2292 ⁰
1124 2262 1227 2325 “te”
1242 2262 1525 2325 «mm

284 2443 493 2491 ιίηει-ί,ο’γίηςο
506 2459 591 2482 mater
601 2455 758 2488 purissima.
770 2454 979 2482 similitudinem

284 2503 430 2536 imaginem
445 2507 520 2528 tuam
536 2500 693 2533 habentem,
709 2505 739 2527 ut
751 2500 877 2528 homines
893 2499 950 2528 Deo

283 2548 391 2576 ellieiat.

338 2609 379 2637 Ea:
393 2618 491 2637 canone
509 2611 583 2646 feria:
609 2611 637 2644 Ξ,
653 2611 686 2638 ad
703 2604 922 2646 .llutuiinum.j

321 2701 342 2726 0
355 2701 434 2727 unica
450 2700 506 2728 Deo
523 2702 686 2730 charissima
704 2703 804 2737 puella,
816 2710 838 2738 ε

288 2789 382 2817 unitatis
395 2791 549 2819 virtualiter
563 2792 724 2825 includitur,
736 2789 797 2825 ita‘l

287 2825 349 2861 dem
363 2826 396 2852 ab
409 2826 532 2861 originali
556 2828 582 2854 in
608 2836 639 2854 ea
661 2829 775 2861 dettom

288 2858 522 2895 NierelttberéiUnt
553 2862 578 2890 in
604 2863 745 2899 ὅπωςμᾷ

670 2829 732 2856 leno

668 2863 742 2899 'osyl‘
