2075 3154
239 193 309 226 1275

807 195 836 224 S.
857 194 1015 224 JOSEPIII
1035 195 1315 226 IIYMNOGRAPHI

1795 195 1860 226 1276

237 259 270 278 ac
287 249 439 281 benedicta,
455 256 517 284 quae
537 248 563 276 in
583 255 667 276 carne
688 248 818 282 peperisti
836 249 919 276 Deum
933 249 1023 277 omni-

1080 250 1195 285 ύμνητον
1209 251 1238 277 ὲν
1256 251 1337 285 σαρκὶ
1360 251 1498 286 κυήσασα,
1517 250 1562 277 τὸν
1590 250 1781 286 μέγαλύναντα
1798 251 1861 282 τοὺς

238 297 290 324 bus
304 296 431 323 laudibus
446 295 626 330 superiorem,
641 295 688 329 qui
706 295 920 330 triumphatores
936 304 968 324 ac
982 297 1022 324 vi-

237 347 328 369 ctores
342 341 429 368 hostis
442 341 635 375 magniticavit.

272 386 308 414 Ut
336 387 483 414 humanam
510 386 651 415 deiﬁcaret
677 391 814 419 naturam,
844 387 917 415 Deus
942 388 1024 415 homo

238 432 326 459 lactus
349 436 439 459 estex
468 437 538 466 te,o
558 433 640 466 Virgo
668 438 754 467 easta,
783 434 866 461 modo
895 434 1024 462 ineﬁ‘abiii

237 482 320 511 atque
335 477 538 512 inexcogitabili
555 488 562 506 :
586 478 667 514 24⁵1
683 483 827 514 propterea
854 487 904 506 nos
933 479 1025 508 ﬁdeles

238 523 420 551 concordibus
439 525 550 552 vocibus
563 529 588 552 te
604 525 712 552 beatam
727 526 910 560 appellamus.

270 567 339 595 Cum
352 569 484 604 redempti
506 569 639 598 fuerimus
658 578 706 606 per
722 576 830 606 partum
845 576 933 604 tuum,
944 578 961 598 ο
978 571 1025 598 be-

239 613 357 646 nedicta,
372 613 407 641 ab
431 614 543 649 antiqua
568 616 781 647 tualedictione,,
795 616 1024 649 benedictionem,

238 658 322 685 vitam
340 666 372 686 ac
401 659 617 694 redemptionem
646 661 820 696 accepimus,
844 669 896 690 nos
924 662 972 697 qui
1000 667 1026 689 te

239 703 383 738 Deiparam
396 704 592 740 gloriﬁcamus.

277 749 311 777 Ut
326 749 399 778 Deus
412 758 474 778 cum
491 752 620 786 superuis
634 752 776 786 spiritibus
789 753 967 789 conjungeer
979 760 1026 782 eos

240 793 285 828 qui
305 794 331 821 in
347 802 475 829 magnum
497 796 731 830 praevaricationis
755 798 915 825 barathrum
936 799 1027 833 prola-

239 839 280 874 psi
294 846 381 873 erant,
394 846 500 868 uterum
509 847 585 870 tuum
596 842 769 878 inhabitavit,
778 851 793 872 ο
802 844 1023 879 iuviolatissima‘,

238 891 266 913 et
279 893 344 913 caro
359 886 445 914 factus
461 891 512 915 est.

1075 295 1254 332 ἀθλοφόρους,
1274 297 1321 324 καὶ
1332 297 1377 324 τὸν
1397 297 1493 334 ἐχθρὸν
1505 297 1760 324 καταπαλαίσαντα.

1111 388 1170 416 Ἵνα
1181 387 1271 424 θεὼσῃ
1282 388 1313 415 τὸ
1331 388 1514 425 ἀνθρώπινον,
1526 390 1541 416 ὁ
1551 388 1617 421 Θεὸς
1633 388 1741 421 ἐγένετο
1754 387 1861 424 ἄνθρω-

1075 443 1125 466 πος
1143 435 1176 461 ὲκ
1194 434 1253 466 σοῦ,
1278 435 1411 469 Παρθένε,
1427 436 1476 470 τῆς
1495 435 1594 470 ἁγνῆς,
1616 435 1689 470 ὑπὲρ
1717 434 1796 468 λόγον
1816 434 1863 461 καὶ

1075 481 1189 508 ἔννοιαν·
1205 480 1251 507 διὰ
1272 480 1350 508 τοῦτό
1367 490 1397 508 σε
1418 481 1573 517 συμφώνως
1587 481 1613 508 οι
1635 481 1727 508 πιστοὶ
1744 480 1862 515 μακαρί-

1077 527 1173 562 ζομεν.

1109 573 1301 608 Δυτρωθέντες
1320 573 1359 608 τῷ
1375 573 1448 609 τόκῳ
1462 581 1521 606 σου,
1536 573 1718 608 εὐλογημένη,
1731 571 1780 607 τῆς
1797 570 1862 606 πρὶν

1075 619 1196 654 κατάρας
1213 619 1340 655 εὐλογίαν
1366 619 1570 654 ἀπειλήφαμεν,
1599 618 1647 644 καὶ
1669 617 1742 653 ζωὴν
1757 617 1803 644 καὶ
1817 616 1862 643 λύ-

1075 673 1188 699 τρωσιν,
1201 665 1225 691 οἱ
1240 665 1269 691 σὲ
1281 665 1412 692 Θεοτόκον
1426 664 1596 698 δοξάζοντες,

1127 760 1172 782 ινα
1190 756 1257 788 ese;
1271 757 1327 788 τοῖς
1341 756 1399 783 ἄνω
1430 756 1559 790 συνάψειε
1587 756 1651 788 τοὺς
1664 755 1864 791 ὀλισθήσαντας

1077 801 1260 836 παραϐάσεως
1279 803 1319 833 εις
1340 802 1412 836 μέγα
1431 802 1580 838 βάραθρον,
1604 802 1654 838 τὴν
1679 802 1729 837 σὴν
1742 801 1864 837 γαστέρα

1077 847 1179 883 ᾤκησε,
1198 847 1384 884 πανάχραντε,
1399 851 1446 874 καὶ
1459 848 1528 884 σὰρξ
1550 848 1745 884 ἐχρημάτισεν.

277 932 329 960 Per
341 932 469 961 virtutem
486 933 562 966 Jesu,
584 935 631 970 qui
656 943 689 962 ex
716 941 742 963 te
768 936 927 964 incarnatus
942 941 996 970 est,
1009 944 1026 965 ο

1113 939 1191 966 Μετὰ
1211 939 1291 966 τόκον
1321 938 1432 974 άληθῶς
1456 947 1495 970 ως
1511 939 1564 974 πρὸ
1582 939 1674 971 τόκου,
1698 938 1805 973 Μαρία,
1830 939 1864 973 τῇ

239 977 334 1011 Maria,
355 980 529 1013 permansisti
542 987 604 1008 vere
621 981 698 1016 virgo
713 986 775 1016 post
793 988 913 1017 partum,
929 990 1026 1017 quem-

239 1023 386 1050 admodum
411 1024 504 1053 l'ueras
515 1031 578 1053 ante
589 1032 706 1062 partum.
717 1028 740 1055 Ο
757 1028 931 1061 miraculum,
953 1028 1026 1063 quod

241 1068 388 1097 humanam
404 1071 484 1098 ﬁdetu
501 1073 682 1100 transcendit!

284 1115 424 1144 Excelsior
437 1118 514 1146 ccelis
529 1120 690 1154 apparuisti,
706 1127 723 1147 ο
738 1124 793 1147 tota
823 1124 917 1148 sancta
944 1124 1027 1155 atque

241 1161 383 1194 inviolata,
399 1162 464 1190 dum
482 1163 626 1191 Dominum
638 1172 671 1192 ac
689 1165 772 1192 Deum
793 1166 916 1192 omnium
945 1172 1027 1199 pepe-

240 1206 311 1239 risti,
326 1203 406 1241 quem
418 1207 540 1243 impense
551 1214 635 1244 atque
647 1210 727 1237 enixe
736 1209 874 1244 deprecari
887 1217 920 1237 ne
934 1217 1027 1237 cesses

240 1259 290 1286 pro
305 1252 394 1280 salute
409 1260 504 1280 eorum
522 1254 569 1289 qui
583 1259 609 1282 te
625 1262 688 1282 cum
706 1255 759 1282 ﬁde
785 1255 901 1282 ferventi
923 1255 1027 1290 gloriﬁ-

239 1302 312 1325 rant.

276 1344 349 1371 Vidit
366 1349 392 1372 te
404 1345 540 1377 Ezechiel,
560 1354 577 1374 ο
590 1345 686 1382 Virgo,
699 1351 805 1381 portam
825 1347 959 1379 clausam,
976 1355 1024 1382 per

240 1397 323 1424 quam
339 1391 469 1418 transivit
487 1391 580 1424 Jcsus,
607 1393 653 1428 qui
672 1393 805 1420 habitavit
832 1393 860 1420 in
881 1398 958 1420 utero
971 1398 1027 1426 tuo,

239 1440 267 1462 et
280 1443 390 1464 carnem
417 1438 521 1472 accepit
536 1445 570 1465 ex
597 1438 776 1474 sanguinibus
803 1439 859 1466 tuis
885 1439 945 1467 sine
973 1439 1027 1466 ulla

241 1481 421 1516 permistione
438 1487 486 1510 aut
498 1483 669 1511 conlusione.

275 1527 298 1554 0
325 1532 383 1555 tota
405 1529 582 1556 immaculata
600 1534 628 1557 et
655 1534 742 1562 casta,
769 1537 830 1565 qua:
846 1529 933 1557 lucem
952 1529 1026 1556 illam

239 1573 359 1601 divinam
378 1575 508 1610 peperisti
525 1583 586 1611 qua:
608 1584 642 1604 ex
660 1576 739 1604 Patre
768 1576 884 1609 refulsit,
907 1576 1026 1603 animam

1077 986 1191 1020 δυνάμει
1203 985 1250 1012 τοῦ
1267 987 1298 1012 ὲκ
1326 985 1373 1012 σοῦ
1393 985 1580 1022 σαρχωθὲντος
1610 984 1710 1020 Ἰησοῦ,
1727 984 1865 1020 διέμεινας
1902 980 1905 983 ’

1078 1032 1212 1068 παρθένος
1223 1033 1319 1064 ὅντως,
1335 1032 1429 1068 θαῦμα
1444 1031 1606 1067 παράδοξον.

1118 1121 1290 1158 ’Υψηλοτέρα
1315 1122 1410 1157 ὤφθης
1436 1122 1571 1157 οὐρανῶν,
1600 1122 1728 1157 κυήσασα
1756 1120 1866 1148 πάντων

1077 1168 1123 1195 τδν
1135 1169 1274 1204 Δεσπότην
1293 1169 1341 1196 καὶ
1371 1169 1447 1201 Θεὸν,
1460 1169 1489 1195 ὃν
1511 1169 1629 1200 ἐκτενῶς
1652 1167 1865 1195 καθικετεύουσα

1079 1214 1118 1248 μὴ
1139 1213 1243 1249 παύσῃ,
1267 1214 1388 1248 παναγία
1413 1215 1542 1250 ἅχραντε,
1570 1213 1657 1241 σῶσαι
1680 1213 1744 1244 τοὺς
1772 1213 1865 1239 πίστει

1078 1258 1165 1294 θερμῇ
1179 1259 1391 1294 δοξολογοῦντάς
1408 1268 1449 1288 σε.

1121 1348 1252 1384 ’ῐεξεκιὴλ
1264 1349 1353 1384 πύλην
1379 1349 1475 1384 βλέπει
1495 1349 1705 1384 κεκλεισμένην,
1729 1347 1864 1384 Παρθένε,

1077 1394 1112 1421 δι’
1126 1391 1159 1429 ἧς
1173 1394 1318 1421 διώδευσεν
1345 1394 1450 1428 Ἰησοῦς
1467 1395 1481 1420 ὸ
1495 1394 1639 1429 σκηνώσας
1650 1394 1680 1420 ὲν
1696 1394 1787 1429 μήτρα
1805 1401 1865 1424 σου.

1078 1441 1126 1467 καὶ
1143 1440 1232 1475 σάρκα
1257 1441 1289 1468 ἐκ
1315 1440 1368 1467 τῶν
1387 1440 1441 1466 σῶν
1456 1439 1581 1475 αἱμάτων
1601 1439 1720 1475 φορέσας
1739 1438 1866 1473 ἀσυγχύ-

1077 1494 1172 1561 “ﬁdi;
1187 1530 1203 1565 ἠ
1220 1529 1337 1557 τεκοῦσα
1350 1529 1380 1556 τὸ
1397 1529 1479 1561 θεῖον,
1489 1529 1522 1556 τὸ
1537 1529 1569 1556 ὲκ
1581 1528 1689 1564 Πατρδς
1701 1527 1866 1563 ἀναλάμψαν

1078 1574 1128 1608 τὴν
1143 1575 1332 1601 σκοτισθεῖσάν
1352 1583 1403 1610 μου
1416 1574 1505 1610 ψυχὴν
1519 1575 1580 1605 ταῖς
1594 1574 1714 1605 ἀπάταις
1730 1572 1777 1599 τοῦ
1795 1573 1866 1608 βίου,

240 1626 328 1645 meam
357 1619 500 1648 erroribus
519 1621 582 1647 vita:
608 1620 826 1652 obteuebratam,
861 1625 889 1648 et
909 1621 1027 1648 hostium

1081 1621 1128 1648 καὶ
1153 1622 1298 1656 γεγονυῖαν
1325 1620 1379 1647 τῶν
1397 1620 1514 1656 ἐχθρῶν,
1534 1619 1700 1654 πανάμωμε,
1726 1618 1865 1652 παίγνιον,

240 1663 390 1691 ludibrium
404 1663 515 1698 factam,
528 1666 669 1698 miserare,
681 1671 709 1694 et
720 1666 849 1694 salutaris
859 1666 1027 1701 pmnitentize

242 1709 302 1737 luce
317 1710 428 1744 dignam
445 1710 489 1738 fac
502 1711 587 1738 illam.

1080 1667 1265 1702 οῑκτείρησον,
1279 1668 1328 1694 καὶ
1343 1666 1412 1701 φωτὶ
1426 1665 1571 1702 μετανοίας
1579 1664 1715 1700 σωτηρίου
1731 1664 1867 1697 καταξιω-

1081 1720 1139 1744 σον,
1152 1712 1235 1747 ἁγνή.

529 1898 819 1943 ΘΕΟΤΟΚΙΑ
855 1902 932 1944 ΕΚ
967 1901 1077 1944 ΤΗΣ
1114 1900 1574 1945 ΠΛΡΛΚΛΗΤΙΚΗΣ.

863 2079 1231 2125 THEO'I‘OCIA.

765 2175 810 2204 Ex
837 2174 1028 2206 Paracletioa
1053 2175 1237 2206 Graecorum
1260 2174 1337 2215 (99).

1033 2267 1065 2276 ,α

297 2333 338 2359 1'22;
353 2341 452 2360 canone
467 2332 540 2367 {criw
556 2339 586 2364 u,
606 2331 641 2358 ad
667 2330 841 2359 Matutinum.
863 2331 929 2360 Τωιί
947 2331 972 2360 1.

278 2421 361 2457 248
369 2421 486 2449 Ordines
503 2422 727 2456 incorporeorum
742 2422 884 2449 nobiscum
902 2421 950 2448 tibi
962 2429 1028 2449 con-

242 2466 338 2495 cinuut
361 2467 487 2501 hymnos,
517 2473 534 2493 ο
563 2466 644 2502 Virgo
662 2466 789 2494 omnibus
809 2466 935 2494 laudibus
952 2467 1026 2494 cele-

280 2544 337 2579 t99)
355 2544 436 2572 Liber
452 2543 636 2572 Paracleticus
653 2544 696 2578 (ut
719 2544 809 2579 inquit
836 2543 890 2571 Leo
915 2544 1030 2572 Allatius

245 2581 272 2619 in
282 2578 333 2619 Suo
343 2587 424 2619 opere
438 2581 478 2619 pe
489 2580 563 2619 iibrir
577 2578 765 2619 ecclesiasticis
780 2578 955 2619 Grecorum.)
974 2579 1029 2619 dif-

246 2616 296 2642 l'ert
309 2616 344 2641 ab
357 2615 419 2643 aliis
434 2614 590 2643 Grze'corum
606 2615 682 2642 libris
696 2614 899 2644 ecclesiasticis,
911 2614 983 2648 quod
1001 2614 1028 2640 in

245 2651 307 2678 aliis
327 2655 401 2678 certa
424 2656 488 2678 sunt
507 2651 588 2676 certis
608 2650 707 2677 diebus
731 2651 841 2677 decreta
865 2650 965 2680 cilicia,
984 2657 1030 2676 ca-

246 2693 342 2717 nones,
361 2693 408 2712 seu
436 2685 555 2719 truparia
580 2693 641 2719 qua:
668 2686 777 2712 recitari
797 2685 906 2717 gsolent,
930 2684 1030 2718 quibus

247 2720 332 2747 liuitis
349 2725 520 2755 reponuntur
540 2720 629 2747 donec
643 2721 737 2747 eadem
756 2725 879 2753 tempora
898 2725 1030 2755 remeent,

247 2763 309 2782 cum
323 2753 431 2783 rursum
447 2757 479 2784 ad
498 2756 668 2783 recitandum
685 2755 892 2789 suscipiuntur;
910 2759 938 2780 ut
952 2753 1031 2789 Trio-

247 2790 322 2820 dion.
346 2791 419 2825 quod
439 2790 658 2826 Quadragesimaz
683 2788 818 2826 pi-wci’pue
838 2788 1031 2826 olﬁc‘oil’rn-

249 2824 436 2858 tecostariuuit,
451 2826 523 2860 quod
546 2824 562 2852 ai
581 2825 623 2852 die
641 2824 861 2852 liesurreetinitis
883 2825 916 2860 ad
935 2825 1032 2860 Pente-

251 2863 372 2898 costem;
386 2859 498 2894 nam,
512 2868 574 2896 qua:
598 2860 712 2894 singulis
730 2860 888 2887 mensibus:
905 2859 1031 2898 Paraclc-

251 2894 323 2920 licus
344 2899 450 2923 tantum
483 2894 588 2931 semper
609 2903 664 2930 pra:
688 2903 769 2923 manu
788 2900 840 2928 cal,
858 2899 883 2922 ct
905 2894 1034 2922 omnibus

1085 2333 1134 2360 Ἐκ
1144 2332 1198 2360 τοῦ
1212 2333 1344 2366 κανόνος
1363 2332 1426 2395 tij
1434 2333 1578 2378 δευτέρας
1591 2335 1636 2367 εις
1650 2333 1706 2360 τὸν
1728 2333 1868 2367 Ὄρθρογ.

1428 2377 1480 2395 γορ
1510 2377 1546 2395 α.

1425 2377 1480 2403 χος
1510 2377 1546 2396 α.

1116 2420 1214 2454 Τάξεις
1226 2420 1381 2456 ἀσωμάτων
1392 2421 1440 2448 σὺν
1451 2422 1517 2456 ήμῖν
1532 2429 1563 2448 σι
1577 2420 1736 2456 ἁνυμνοῦσι,
1750 2420 1872 2456 Παρθένε

1081 2466 1256 2502 πανύμνητεῂ
1270 2467 1316 2493 τὸν
1332 2467 1385 2502 γὰρ
1404 2467 1589 2502 ἀπερίληπτον
1606 2467 1636 2494 ἐν
1651 2468 1684 2503 σῇ
1697 2467 1798 2502 γαστρὶ
1818 2474 1873 2492 σω-

1084 2543 1180 2572 diebus
1194 2544 1297 2578 aliquid
1313 2544 1339 2571 in
1355 2551 1388 2572 eo
1402 2543 1549 2579 invenitur,
1565 2544 1637 2579 quod
1656 2544 1715 2572 sive
1732 2544 1763 2579 in
1778 2543 1871 2575 Missa,

1084 2579 1142 2606 sive
1165 2579 1192 2606 in
1220 2578 1348 2613 Vesperis
1375 2580 1433 2606 sive
1459 2579 1486 2606 in
1516 2578 1658 2609 Matutino.
1676 2580 1734 2606 sive
1758 2578 1786 2605 in
1811 2579 1874 2606 aliis

1082 2614 1180 2642 ciliciis
1196 2614 1337 2641 recitatur.
1350 2613 1467 2646 Quando
1480 2614 1553 2641 enim
1576 2614 1602 2640 in
1619 2614 1680 2641 aliis
1695 2613 1791 2641 oﬁlciis
1810 2621 1873 2646 pm-

1083 2650 1141 2683 pria
1164 2648 1365 2681 desiderantur,
1382 2657 1443 2682 qua:
1477 2649 1510 2675 ad
1536 2649 1766 2683 complementum
1793 2648 1874 2675 oﬂicii

1100 2684 1245 2714 ertineaut.
1256 2683 1369 2711 adhunc
1381 2684 1465 2711 lector
1477 2682 1634 2710 remittitur.
1644 2682 1757 2715 Dicitur.
1767 2688 1873 2717 utpote,

1106 2719 1280 2750 aracleticus,
1299 2718 1378 2753 quasi
1411 2718 1624 2750 comolatarius;
1649 2719 1774 2744 videntur
1799 2718 1874 2744 enim

1084 2754 1186 2785 omnia,
1205 2761 1265 2788 qua:
1286 2753 1311 2780 in
1324 2760 1358 2780 eo
1385 2758 1459 2784 sunt,
1483 2761 1516 2780 eo
1543 2753 1660 2780 maxime
1687 2757 1811 2788 spectare
1845 2757 1874 2778 ut

1084 2787 1451 2824 peceatoremconsolentur,
1467 2788 1621 2824 hortentur,
1636 2792 1664 2824 et
1675 2788 1754 2824 quasi
1766 2787 1791 2814 vi
1806 2794 1874 2821 qua-

1085 2822 1146 2851 dam
1159 2823 1323 2857 compellant
1337 2826 1365 2849 ut
1379 2823 1412 2849 de
1424 2823 1581 2850 cmmnissis
1593 2822 1780 2856 pmniteutiam
1798 2826 1871 2856 agat.

1085 2864 1113 2886 ct
1131 2856 1228 2890 Deum,
1244 2865 1324 2892 quem
1339 2856 1477 2891 peccando
1492 2857 1654 2892 olfenderat,
1670 2857 1830 2891 pmniteutta
1847 2861 1874 2882 et

1087 2893 1214 2929 precibus
1240 2890 1291 2920 sibi
1312 2890 1458 2927 propitium
1485 2892 1589 2920 reddat.
1605 2890 1677 2919 lliue
1692 2891 1775 2919 modo
1790 2899 1872 2926 ange-
