2075 3154
274 219 341 251 1279

839 223 869 252 S.
890 223 1046 254 JOSEPHI
1066 224 1346 254 IIYMNOGRAPHI

1825 223 1834 255 1
1842 225 1894 255 280

305 275 414 302 Natura:
429 275 501 309 leges
512 275 538 302 in
554 279 579 302 te
592 275 773 303 innovantur:
790 283 851 302 nam
870 277 1053 312 legislatorem

1143 277 1230 311 Νόμοι
1250 279 1279 303 ἐν
1292 277 1334 304 σοὶ
1352 277 1459 311 φύσεως
1478 276 1654 308 καινίξονται.
1679 277 1731 304 Τὸν
1752 279 1899 314 νομοδότην

268 321 421 352 Christum,
438 321 542 355 legibus
567 321 722 348 carnalibus
746 322 857 349 minime
873 323 990 349 obnoxia
1009 331 1041 357 pe

273 367 376 401 peristi,
391 374 408 392 0
422 366 647 393 inuocentissima
663 366 702 401 (ι)
719 375 726 394 :
743 367 830 399 illum.
861 369 983 402 inquam,
1007 369 1054 402 qui

274 410 464 445 redemptionis
482 411 553 444 leges
570 411 796 439 sancitomnibus
813 413 856 444 iis.
869 413 916 448 qui
929 418 1031 440 canunt
1048 422 1054 440 :

269 455 427 483 Laudabilis
443 460 470 483 et
481 457 713 491 supergloriosus,
731 457 803 485 Deus
822 463 930 493 patrum
947 463 1056 486 nostro-

273 509 342 532 rum,
357 506 410 528 ειη.

302 548 392 575 Sacnc
415 549 608 583 prophetarum
634 557 715 577 voces
740 550 828 577 multo
848 555 912 578 ante
934 556 1057 586 tempore

273 595 523 628 prmnuntiaverunt
536 599 562 622 te
580 594 701 622 futuram
726 603 788 623 esse
804 596 917 622 Matrem
935 596 991 630 Dei,
1008 598 1055 631 qui

272 639 396 666 universa
413 639 530 672 creavit,
545 640 590 666 cui
608 640 744 672 canimus,
764 647 781 667 ο
797 640 972 668 immaculata
987 642 1025 676 (5)
1048 651 1054 668 :

273 684 435 715 lteuedicite,
448 689 500 712 etc.

305 729 380 756 Illum
396 729 464 762 fers.
475 731 521 765 qui
538 730 589 758 l'ert
602 732 731 759 universa
749 740 756 759 :
778 732 852 759 illum
871 732 940 760 lacte
955 737 1055 767 nutris,

273 775 317 806 qui
339 776 446 803 cunctis
469 777 560 804 cibum
586 778 764 812 suppeditat:
781 786 910 812 magnum
941 785 1055 806 tremen-

270 821 390 856 dumque
406 823 576 857 mysterium,
597 823 670 857 quod
691 824 856 851 intellectum
882 830 958 851 tuum
974 833 1056 852 cxce-

270 866 320 898 dit,
338 875 354 894 o
370 875 434 894 arca
450 869 612 896 veneranda:
630 869 864 902 sanctiﬁcationis,
890 869 974 905 Virgo
994 870 1056 897 Dei-

273 919 337 946 para
353 921 361 940 :
377 914 556 947 quamobrem
569 919 594 940 te
610 922 672 941 cum
685 914 736 942 [ide
753 915 859 942 beatam
876 916 1044 949 appellamus

397 966 436 994 Ex
450 975 548 995 canone
562 968 635 1002 feria:
647 977 688 1001 ιιι,
705 969 739 995 ad
759 969 933 996 Matutinum.

306 1046 450 1082 Tanquam
472 1047 587 1075 thronus
604 1049 700 1082 igneus
725 1048 778 1075 l'crs
799 1049 956 1076 Creatorem
973 1057 980 1075 :
999 1053 1058 1076 tan-

275 1100 358 1127 quam
376 1093 514 1120 animatus
538 1094 687 1125 thalamus,
713 1101 744 1121 ac
758 1095 908 1129 jucundum
929 1095 1057 1129 palatinum

273 1138 374 1174 Regem
405 1139 532 1166 contines
556 1139 657 1166 factum
681 1139 796 1166 similem
823 1140 912 1172 nobis,
935 1140 981 1167 sed
1000 1140 1059 1167 sine

273 1185 425 1211 mutatione
452 1189 498 1212 aut
518 1185 722 1219 perturbatione
731 1185 772 1212 sui
792 1185 890 1219 ipsius.

303 1229 326 1256 Ο
341 1229 516 1256 sanctissima
532 1230 656 1262 Domina,
666 1238 726 1263 qua:
737 1230 794 1257 sola
809 1229 906 1256 Filium
922 1235 1058 1258 carentem

273 1279 394 1309 tempore
408 1275 435 1301 in
457 1278 580 1309 tempore
596 1275 766 1302 incarnatum
792 1275 931 1310 peperisti,
951 1276 1060 1304 medere

273 1319 400 1346 omnibus
421 1319 594 1353 passiouibus
624 1320 786 1346 miserrimae
812 1320 910 1347 anima:
940 1328 1006 1348 mere
1027 1329 1060 1348 ex

273 1365 404 1392 diuturno
419 1370 540 1400 tempore
551 1366 710 1393 contractis.

306 1410 383 1437 illum
402 1411 486 1445 paris,
504 1419 584 1445 quem
600 1411 679 1439 Pater
696 1413 791 1447 genuit
815 1417 878 1440 ante
897 1413 990 1440 omnia
1007 1421 1060 1440 sa:-

275 1455 335 1482 cula
353 1456 462 1483 :nutris
477 1457 636 1484 uutritorem
649 1477 656 1489 ,
677 1458 751 1485 nulla
771 1459 856 1485 virilis
865 1460 970 1493 copulas
989 1459 1059 1487 facta

273 1502 451 1536 experientia.
482 1502 642 1530 Miraculum
672 1505 856 1538 paradoxum!
898 1506 1059 1540 mysterium

272 1549 393 1575 novuml
411 1554 556 1583 propterea
572 1557 668 1577 omnes
699 1550 818 1578 ﬁdelium
842 1551 940 1578 anima:
958 1557 983 1579 te
999 1552 1059 1587 glo-

273 1593 390 1626 rificaut,
405 1602 422 1621 ο
439 1593 493 1621 Deo
508 1595 679 1622 charissima.

304 1637 402 1666 Totum
424 1639 520 1671 Adam,
533 1645 663 1673 tanquam
689 1645 801 1673 vestem,
822 1643 972 1676 assumpsit
995 1643 1060 1670 Ver-

275 1684 350 1716 bum,
379 1692 411 1712 cx
428 1689 464 1717 te,
480 1694 496 1712 ο
513 1685 637 1720 Deipara,
654 1690 739 1713 totum
754 1694 837 1714 carne
853 1688 984 1715 amictum
1001 1697 1060 1722 pro-

274 1730 384 1757 cedens.
402 1730 577 1766 lpsumergo,
596 1740 612 1758 ο
632 1731 756 1766 Deipara,
786 1733 944 1768 suppliciter
963 1742 1058 1767 exora,

275 1781 304 1802 ut
320 1776 354 1803 ab
368 1777 443 1803 omni
460 1777 640 1811 tentatiouum
666 1785 763 1812 genere
779 1779 854 1805 etab
873 1779 933 1814 igne
958 1785 1060 1808 aeterno

276 1828 327 1848 nos
341 1821 449 1855 eripiat.

310 1865 391 1900 250
405 1866 522 1902 Stupore
534 1868 766 1902 perculsaemente
781 1875 960 1903 excesserunt
974 1879 1059 1907 ange-

274 1909 364 1938 lorum
400 1911 532 1947 legiones.
559 1913 697 1942 intuentes
721 1916 860 1950 quomodo
881 1916 925 1943 ille
950 1917 996 1951 qui
1018 1922 1060 1944 est

275 1956 430 1990 invisibilis,
447 1959 474 1985 in
495 1959 613 1987 humana
632 1960 719 1988 forma
742 1969 775 1988 ex
792 1966 817 1989 te
832 1968 973 1997 assumpta
989 1963 1059 1990 visi-

275 2002 338 2030 bilis
355 2008 520 2037 appareret:
547 2012 627 2039 quem
653 2010 692 2036 tu.
715 2013 731 2032 0
750 2005 832 2042 Virgo
849 2007 896 2034 Dei
920 2007 1057 2039 Genitrix,

274 2049 387 2083 supplex
403 2057 524 2084 precare,
545 2055 575 2077 ut
589 2058 684 2078 omnes
710 2053 757 2086 qui
784 2057 810 2079 te
831 2052 946 2080 ﬁdeliter
957 2053 1058 2088 gloriﬁ-

274 2098 338 2121 caut
353 2095 442 2122 salute
459 2096 557 2130 dignos
571 2096 680 2125 ellieiat.

309 2140 452 2175 Templum
468 2142 668 2169 sanctiﬁcatum
684 2142 741 2175 Dei,
757 2143 803 2178 qui
820 2144 846 2170 in
866 2148 891 2171 te
912 2143 1056 2178 habitavit,

274 2185 356 2213 modo
373 2186 513 2219 inetl’abili,
530 2186 600 2214 facta
617 2195 656 2220 es,
669 2196 685 2215 o
699 2188 789 2224 Virgo.
806 2188 939 2216 Eumdem
962 2190 1058 2224 depre-

273 2240 348 2264 care,
363 2237 393 2260 ut
409 2241 461 2260 nos
481 2241 496 2261 a
518 2239 693 2268 peccatorum
713 2235 840 2262 sordibus
865 2235 1006 2268 emundet,
1031 2240 1060 2262 ut

1110 322 1164 357 γὰρ
1180 323 1296 358 Χριστὸν
1305 323 1366 357 δίχα
1378 323 1467 358 νόμων
1482 323 1536 349 τῶν
1546 323 1686 358 σαρκικῶν
1701 323 1812 355 τίχτεις,
1829 333 1897 350 παν-

1110 367 1256 402 αμώμητε,
1281 369 1364 395 πᾶσιν
1392 369 1580 403 ἀπολύτρωσιν
1610 369 1806 403 νομοθετοῦντα
1843 371 1898 401 τοῖς

1112 414 1259 447 μέλπουσιν
1270 422 1277 428 ·
1295 414 1324 441 ’0
1338 415 1442 446 αἰνετός
1459 414 1513 440 τῶν
1527 414 1653 449 πατέρων
1672 414 1737 446 Θεὸς
1749 415 1797 441 καὶ
1813 415 1898 450 ὑπερι

1111 457 1225 489 ένδοξος.

1151 547 1235 581 Ἵεραῐ
1248 556 1278 573 σε
1293 547 1435 583 πόρρωθεν
1453 549 1539 582 φωναὶ
1555 549 1717 584 γενήσεσθαι
1732 550 1836 586 μητέρα
1850 552 1896 578 τοῦ

1112 591 1202 618 πάντα
1226 592 1419 627 ὲκτειναμένου
1439 593 1678 628 προκατήγγειλαν
1699 594 1780 627 Θεοῦ,
1795 591 1818 628 ᾧ
1834 595 1898 629 μέλα

1111 645 1208 672 πομεν,
1224 638 1343 672 ἄχραντε
1353 646 1360 654 ·
1378 637 1558 671 Εὑλογεῖτε...

1145 729 1241 764 Φέρεις
1258 729 1303 756 τὸν
1327 729 1362 756 τὰ
1385 730 1473 756 πάντα
1493 730 1610 764 φέροντα
1629 731 1676 757 καὶ
1692 731 1837 766 γαλουχεῖς
1853 733 1898 759 τὸν

1110 775 1178 800 πᾶσι
1195 775 1298 809 τροφὴν
1312 775 1477 810 παρέχοντα,
1498 775 1570 810 μέγα
1589 777 1636 802 καὶ
1650 777 1764 811 φρικτὸν
1780 778 1810 804 τὸ
1827 779 1897 813 ὑπὲρ

1110 819 1172 846 νοῦν
1188 829 1235 845 σου
1253 820 1413 854 μυστήριον,
1430 821 1529 847 κιΰωτὲ
1542 821 1588 848 τοῦ
1604 822 1704 849 σεπτοῦ
1715 823 1898 858 ἀγιάσμᾳτος,

1111 865 1230 900 Παρθένε
1243 865 1368 898 Θεοτόκε,
1379 866 1441 893 ὅθεν
1455 875 1484 893 σε
1499 867 1589 893 πίστει
1603 868 1803 904 μακαρίζομεν.

1074 956 1094 983 Β
1116 966 1162 992 Ἐκ
1187 965 1240 992 τοῦ
1267 965 1377 994 διπλοῦ
1409 967 1537 1000 κανόνος
1566 966 1619 1002 τῆς
1645 968 1746 1002 τρίτης
1770 970 1814 1001 εις
1844 970 1899 996 τὸν·

1429 1003 1565 1037 Ὅρθρον.

1149 1047 1193 1078 Ὠς
1211 1047 1304 1082 θρόνος
1318 1047 1490 1082 πυρίμορφος
1513 1048 1610 1082 φέρεις
1638 1048 1684 1075 τὸν
1709 1049 1838 1083 κτίστην,
1861 1049 1900 1082 ὡς

1111 1090 1233 1125 ἔμψυχος
1249 1091 1369 1125 θάλαμος
1384 1091 1432 1118 καὶ
1454 1092 1569 1126 τερπνὸν
1582 1093 1712 1120 παλάτιον
1728 1094 1773 1120 τὺν
1786 1094 1899 1129 βασιλέα.

1111 1138 1221 1171 χωρεῖς,
1251 1137 1398 1172 γενόμενον
1425 1138 1492 1173 ὅπερ
1512 1138 1604 1173 ἐσμὲν,
1633 1139 1694 1174 δίχα
1719 1139 1824 1174 τροπῆς
1851 1141 1901 1167 καὶ

1111 1189 1232 1215 φυρμου.

1156 1226 1188 1252 Ἡ
1213 1226 1279 1260 μόνη
1309 1225 1355 1252 τὸν
1381 1226 1495 1261 ἄχρονον
1523 1227 1587 1253 Υῐδν
1614 1229 1642 1254 ὲν
1664 1229 1753 1264 χρόνῳ
1781 1229 1899 1256 τεκοῦσα

1112 1271 1308 1305 σαρκούμενον,
1328 1272 1448 1304 παναγία
1466 1272 1611 1303 Δέσποινα,
1633 1274 1721 1300 πάντα
1744 1275 1780 1301 τὰ
1799 1277 1896 1310 χρᾶνια

1111 1318 1160 1352 τῆς
1174 1317 1324 1348 παναθλίας
1339 1326 1389 1352 μου
1402 1317 1490 1353 ψυχῆς
1507 1318 1581 1354 πάθη
1600 1319 1778 1354 θεράπευσον.

1147 1409 1256 1442 Τίκτεις
1273 1409 1301 1436 ὃν
1319 1409 1414 1445 Πατὴρ
1434 1411 1562 1445 ἐγέννησε
1581 1411 1690 1438 πάντων
1710 1413 1762 1446 πρὸ
1780 1413 1914 1445 αἱώνωνν

1110 1455 1220 1490 τρέφεις
1234 1456 1279 1482 τὸν
1291 1456 1405 1491 τροφέα,
1422 1457 1518 1492 πεῖραν
1535 1457 1630 1492 ἀνδρὸς
1649 1458 1685 1493 μὴ
1704 1458 1816 1492 γνοῦσα,
1844 1467 1901 1485 παι

1113 1501 1222 1536 ράδοξον
1240 1502 1271 1528 τὸ
1293 1502 1396 1537 θαῦμα,
1420 1502 1516 1529 καινὸν
1535 1503 1565 1528 τὸ
1591 1503 1752 1538 μυστήριον,
1773 1503 1900 1539 Θεοχαρί-

1111 1555 1179 1574 τωτε
1193 1555 1200 1563 ι
1214 1547 1254 1574 διὸ
1267 1548 1341 1575 πᾶσα
1359 1548 1461 1575 πιστῶν
1472 1548 1544 1583 ψυχὴ
1559 1548 1666 1582 δοξάζει
1679 1558 1719 1576 σε.

1149 1640 1230 1668 Ὀλον
1245 1641 1291 1667 τδν
1313 1641 1399 1676 ’Δδὰμ
1416 1642 1547 1677 ὲφόρεσεν
1565 1643 1597 1668 ὲκ
1616 1642 1675 1674 σοῦ,
1697 1642 1822 1674 Θεοτόκε,
1838 1644 1898 1675 ὅλος

1112 1686 1284 1721 σαρκοῳόρος
1301 1686 1441 1722 προελθὼν
1457 1687 1471 1712 ὁ
1485 1687 1570 1720 Λόγος
1581 1694 1588 1702 ·
1603 1686 1684 1712 αὐτὸν
1700 1686 1757 1718 οὖν,
1773 1687 1900 1719 Θεοτόκε,

1111 1730 1230 1757 δυσώπει
1254 1731 1301 1757 τοῦ
1318 1731 1450 1766 ῥύσασθαι
1471 1733 1504 1758 ὲκ
1529 1732 1690 1766 πειρασμῶν
1707 1733 1901 1765 παντοδαπῶν,

1112 1776 1157 1802 καὶ
1172 1776 1218 1802 τοῦ
1236 1776 1322 1812 πυρὸς
1336 1777 1385 1803 τοῦ
1399 1777 1580 1809 αἰωνίζοντος.

1153 1868 1318 1904 Ἐξέστησαν
1346 1870 1449 1905 ὁρῶσαι
1477 1871 1601 1905 ἀγγέλων
1635 1871 1773 1905 στρατιαὶ,
1802 1870 1861 1900 πῶς
1885 1871 1900 1896 ό

1111 1913 1268 1949 ἀθεώρητος
1294 1917 1385 1950 μορφῇ
1415 1917 1448 1950 τῇ
1462 1916 1523 1943 καθ’
1555 1917 1630 1951 ἡμᾶς
1658 1917 1690 1943 ἐκ
1718 1917 1765 1943 σοῦ
1791 1916 1899 1951 ὼράῡη,

1111 1960 1233 1995 Παροένε
1245 1961 1411 1996 Θεοκυῆτορι
1429 1961 1458 1988 ὃν
1468 1962 1619 1988 ὲκδυσώπει
1634 1962 1770 1997 σωτηρίας
1783 1962 1901 1994 ἀξιῶσαι

1112 2005 1216 2038 πάντας
1235 2007 1298 2038 τοὺς
1313 2007 1417 2039 πιστῶς
1431 2016 1460 2034 σε
1474 2007 1646 2040 δοξάζοντας.

1147 2145 1220 2176 Nam;
1238 2144 1403 2179 ήγιασμένος
1423 2143 1547 2179 ὲδείχθης
1571 2143 1619 2170 τοῦ
1645 2144 1713 2170 Θεοῦ
1731 2143 1778 2171 τοῦ
1804 2145 1834 2171 ἐν
1858 2145 1900 2172 σοὶ

1110 2190 1281 2225 οἰκήσαντος,
1310 2190 1444 2224 Παρθένε,
1474 2190 1545 2225 ὑπὲρ
1574 2189 1647 2216 νοῦν·
1677 2190 1758 2216 αὐτὸν
1779 2190 1900 2217 δυσώπει

1111 2236 1253 2271 ἁμαρτιῶν
1283 2235 1357 2269 ἡμᾶς
1390 2235 1477 2269 ῥύπου
1504 2235 1693 2270 ἀποκαθᾶραι,
1722 2236 1796 2267 ὅπως
1825 2234 1901 2268 οἶκος

270 2279 370 2307 domus
385 2284 412 2307 et
426 2279 612 2308 habitaculum
640 2281 761 2316 Spiritus
782 2282 869 2309 sancti
892 2289 952 2310 esse
969 2290 1056 2318 agno-

1110 2280 1307 2316 γνωρισθῶμεν
1321 2281 1368 2307 καὶ
1379 2282 1589 2316 κατοικητήριον
1604 2281 1775 2315 Πνεὺμιιτος.

272 2332 392 2353 scamur.

308 2370 397 2398 Unum
415 2370 560 2400 Trinitatis
577 2373 738 2400 veneranda:
762 2373 788 2400 in
809 2373 917 2400 duabus
933 2374 1059 2401 volunta-

272 2416 346 2443 tibus
362 2424 443 2444 unam
470 2418 628 2453 liypostasiu
657 2419 801 2446 habentem
831 2420 972 2454 peperisti,
987 2428 1004 2445 ο
1022 2420 1056 2447 ab

272 2463 345 2489 omni
366 2463 471 2490 macula
487 2463 618 2492 immunis
631 2465 668 2500 (6)
696 2474 702 2492 :
729 2473 810 2500 quem
834 2466 915 2494 enixe
943 2473 1057 2500 precare

271 2516 321 2542 pro
338 2510 460 2536 omnium
480 2515 606 2537 nostrum
623 2511 724 2538 salute.

307 2567 345 2603 (ι)
361 2568 473 2603 Optime
482 2567 666 2596 Bernardinus
681 2569 715 2596 de
732 2569 816 2597 Busto
834 2571 860 2597 in
885 2577 934 2597 suo
951 2569 1055 2597 Mariali

271 2611 354 2639 serm.
367 2603 394 2635 9,
409 2603 442 2630 de
461 2602 645 2638 Conceplioue
668 2609 744 2637 parte
757 2613 798 2636 ιιι,
817 2614 827 2630 ι
845 2605 930 2635 Sicut.
955 2605 1056 2639 inquit,

272 2638 342 2673 ignis
350 2646 488 2672 nunquam
505 2639 554 2665 l'nit
571 2639 629 2666 sine
645 2640 744 2671 calore,
758 2647 807 2666 nec
823 2647 893 2673 aqua
909 2638 1056 2674 aliquando

274 2674 324 2700 l'uit
348 2675 406 2701 sine
435 2674 565 2706 humore,
582 2674 618 2700 ita
646 2675 674 2700 Β.
694 2674 738 2700 Dei
768 2674 890 2702 Geuitrix
917 2682 1055 2709 nunquam

273 2708 324 2736 [ait
339 2709 574 2745 sineinnoccutia;
585 2718 593 2733 ι
608 2709 653 2736 Sic
665 2710 716 2736 ille.
727 2709 759 2736 Et
771 2710 867 2737 merito
879 2708 1054 2745 quiilemcum

273 2745 428 2771 innocentia
456 2744 492 2771 sit
506 2743 535 2770 Β.
552 2743 682 2778 Virginis,
697 2749 832 2779 quatenus
859 2743 915 2772 hzrc
939 2749 979 2771 est
1011 2745 1055 2771 Dei

275 2779 369 2811 Mater,
383 2779 505 2812 quaedam
521 2779 675 2814 proprietas
690 2784 716 2806 et
729 2779 826 2811 forma,
839 2785 866 2806 ut
884 2780 910 2806 in
926 2787 974 2806 sua
992 2779 1058 2806 Um-

275 2815 323 2841 bra
337 2815 451 2850 virginea
473 2822 501 2841 n.
516 2813 579 2850 2l3,
600 2814 726 2850 observat
745 2814 778 2850 Ρ.
797 2815 924 2850 Λινοςείιιδ
946 2813 1060 2841 Novari-

277 2857 338 2876 nus.
355 2848 420 2876 Jure
440 2849 553 2883 proinde
569 2849 597 2876 ll.
617 2848 696 2884 Virgo
713 2857 727 2876 a
742 2848 861 2884 Joseplio
884 2854 976 2876 nostro
998 2855 1060 2877 tan-

277 2891 358 2917 quam
387 2884 607 2913 inuocentissima
623 2885 796 2919 agnoscitur,
814 2889 840 2912 et
867 2885 1001 2913 salutatur
1018 2884 1061 2912 :O

280 2919 513 2946 inuocentissima.

1155 2372 1199 2398 Ἐν
1219 2372 1267 2399 δύο
1293 2373 1353 2402 ταῖς
1370 2371 1497 2407 θελήσεσι
1517 2372 1565 2399 ἕνα
1585 2372 1635 2407 τῆς
1663 2374 1765 2408 σεπτῆς
1786 2373 1902 2405 τέτοκας

1112 2418 1238 2453 Τριάδος,
1258 2419 1444 2453 πανάχραντε,
1459 2418 1577 2452 φέροντα
1592 2418 1657 2452 μίαν
1673 2419 1722 2453 τὴν
1737 2419 1900 2452 ὑπόστασιν,

1111 2465 1140 2492 ὃν
1152 2464 1401 2496 ὲκτενῶςγδυσὼπει
1419 2465 1521 2496 πάντας
1539 2464 1614 2500 ἡμᾶς
1632 2464 1763 2499 σωθῆναι.

1147 2569 1185 2630 (5?
1200 2569 1252 2596 Per
1270 2568 1508 2603 przeservationem
1523 2568 1674 2603 prazsertim
1693 2575 1706 2595 a
1725 2568 1830 2594 macula
1844 2568 1903 2608 _nri-

1148 2605 1203 2630 iai.
1228 2603 1303 2630 Unde
1326 2603 1463 2630 Marsilius
1489 2603 1585 2630 doctor
1615 2604 1685 2630 inter
1720 2603 1903 2629 scholasticos

1110 2603 1208 2646 ginali.‘
1228 2603 1463 2646 U_nde__lllarsilii't‘s
1489 2603 1585 2646 doctor
1615 2604 1696 2646 irritos
1720 2603 1903 2646 scholasticos

1110 2637 1270 2674 insignisiin
1307 2639 1368 2665 libr.
1385 2646 1403 2664 lt
1437 2639 1605 2674 Sientcutirq.
1620 2638 1669 2674 20.
1688 2637 1756 2674 a._2.
1775 2637 1812 2663 ait
1832 2638 1903 2663 iulrr

1110 2671 1185 2702 alia':
1203 2683 1212 2699 ι
1229 2673 1312 2705 Magis
1329 2674 1419 2699 deruit
1444 2673 1526 2699 Deum
1552 2671 1689 2707 Virginem
1706 2671 1818 2698 Matrem
1831 2679 1902 2706 prm-

1110 2717 1218 2736 servare
1233 2716 1248 2734 ει
1267 2707 1374 2734 macula
1398 2709 1506 2739 mentis,
1525 2716 1606 2742 quam
1621 2715 1635 2733 a
1657 2708 1750 2733 dolore
1766 2708 1902 2740 corporis.

1111 2744 1187 2770 Patet
1202 2753 1208 2770 :
1223 2744 1286 2777 quia
1301 2743 1391 2769 anima
1408 2743 1525 2769 hominis
1537 2747 1577 2769 cst
1589 2743 1762 2777 praestantqu
1776 2749 1844 2776 corp
1855 2749 1902 2772 Ire;

1111 2779 1187 2810 item,
1204 2775 1266 2816 quia
1287 2778 1382 2816 anima
1393 2782 1434 2804 cst
1451 2775 1606 2816 expressior
1624 2775 1878 2816 imagofl‘riuitétis
1894 2785 1901 2802 :

1115 2814 1176 2840 item
1189 2834 1195 2845 ,
1211 2811 1275 2847 quia
1295 2813 1400 2839 macula
1421 2813 1519 2839 mentis
1534 2813 1593 2839 sine
1603 2811 1780 2847 proportione
1794 2811 1903 2846 gravior

1114 2852 1154 2876 est
1168 2848 1261 2875 dolore
1273 2847 1373 2875 carnis.
1391 2857 1399 2872 ι
1415 2847 1460 2874 Sic
1479 2847 1534 2873 ille.

1151 2883 1189 2924 (6)
1209 2882 1311 2924 Hebraei
1343 2883 1392 2909 hoc
1417 2882 1544 2924 religiose
1560 2885 1716 2912 servabant,
1735 2885 1765 2920 ut
1781 2879 1901 2924 Thephi-

1116 2915 1162 2946 lini
1180 2915 1206 2945 iu
1225 2917 1381 2945 membrana
1411 2915 1586 2949 scriberetur,
1603 2923 1664 2950 qua:
1692 2915 1766 2943 omni
1795 2915 1901 2942 matula
