2075 3154
186 158 253 190 1281

867 162 1050 193 MARIALE.

1735 168 1803 201 1232

220 216 383 244 Βασίλισσαν
416 217 556 252 Παρθένον
598 225 627 243 σε
662 225 791 252 κηρυττει
822 219 837 244 ὀ
876 219 957 245 Δαϐὶδ

1059 220 1189 256 Reginam
1205 222 1345 257 Virginem
1357 223 1485 258 praedicat
1498 228 1523 251 te
1533 223 1628 258 David,
1641 231 1657 251 0
1668 224 1804 255 immacu-

183 262 299 296 ἇχραντε
313 262 398 297 ἁγνή·
419 262 460 289 διὸ
483 263 596 289 ἱκετεύω
620 271 662 294 σε,
684 264 734 298 τῆς
749 263 876 298 οὐρανίου
893 263 970 298 βασι-

183 307 257 339 λείας
279 316 314 342 με
336 308 448 343 ποίησον
477 308 658 344 κληρονόμον,
684 309 729 336 ἵνα
755 317 786 335 σε
814 309 969 345 μακαρίζω.

225 399 409 434 ’Λγιάσματος
436 400 523 435 σκηνὴ
551 400 721 436 δεδειγμένη,
754 402 860 437 Μαρία,
889 411 969 437 μιαν-

184 448 274 473 θεῖσαι.
294 448 400 482 ἡδοναῖς
424 448 472 484 τὴν
489 448 584 475 ἀθλίαν
603 458 654 484 μου
676 449 764 485 ψυχὴν
782 450 906 484 ἁγίασον,
923 452 969 479 καὶ

184 493 259 524 ὓείας
272 493 351 527 δόξης
367 494 481 529 μέτοχον
497 494 621 530 ποίησον.

217 584 272 619 Τὴν
290 583 402 619 Μητέρα
418 583 465 611 τοῦ
485 584 554 611 Θεοῦ
575 586 622 612 καὶ
638 586 724 622 καλὴν
734 588 763 613 ὲν
781 587 887 621 γυναιξὶ
903 589 984 615 aud--

182 629 248 656 ωπῶ
280 638 310 656 σε
342 630 469 662 ἐκτενῶς,
502 631 539 665 μὴ
577 632 693 668 παρίδῃς
723 642 768 667 με,
801 634 882 669 ἁγνὴ,
908 635 967 662 ἀλλ’

182 675 325 709 οἶκτειρον,
337 675 384 701 καὶ
399 676 488 710 πάσης
505 675 606 711 βλάϐης
623 677 691 703 σῶον
704 679 883 714 συντήρησον.

224 764 270 791 Ἐκ
287 765 388 798 γενεῶν
406 765 500 792 πασῶν
517 775 546 792 σε
562 767 575 793 ὁ
588 767 714 802 Χριστὸς,
730 768 902 803 πανύμνητε,
919 770 968 805 μό-

181 819 230 844 νην
239 810 383 845 ᾑρετίσατο
394 810 478 845 αὐτῷ,
488 808 532 837 οἷα
543 811 701 846 σεμνὴν”καὶ
709 812 842 847 καθαρὰν,
854 815 893 845 είς
903 822 967 841 κατ-

181 857 280 889 οικίαν,
295 857 342 882 καὶ.
365 857 397 882 ἐκ
424 857 470 883 σοῦ
492 856 529 889 ὡς
557 857 632 892 ἥλιος
649 857 821 890 ὲξανατείλας
843 860 892 886 τὴν
913 860 967 895 γῆν

181 903 271 928 πᾶσαν
294 901 435 935 ἐφώτισεν.

221 947 381 982 Ἱκετηρίαν,
399 947 529 982 ἄχραντε,
553 947 612 982 Θεῷ
628 948 798 983 προσάγαγε,
820 950 894 982 ὅπως
910 959 964 977 πα-

181 992 350 1027 ραδλέψηται
368 993 445 1027 ἡμῶν
464 993 496 1019 τὰ
513 993 681 1028 πταίσματα,
702 995 748 1021 καὶ
763 995 813 1027 τὰς
829 997 965 1032 ἀμέτρους

182 1038 335 1072 ἁμαρτίας.
367 1038 415 1064 καὶ
443 1037 642 1070 διαιωνίζοντος
679 1039 861 1075 ἐλευθερῶσαι
891 1042 965 1077 ἡμᾶς

180 1084 265 1119 πυρὸς
283 1083 451 1115 κολάζοντος.
485 1093 488 1096 ’

221 1129 266 1160 Ὣς
283 1129 375 1164 κρίνον
386 1129 522 1156 κοιλάδεσι
534 1129 581 1155 τοῦ
592 1129 649 1163 βίου
662 1130 786 1167 εὑρηκὼς
802 1132 831 1158 ὲν
843 1133 884 1159 σοὶ
895 1142 962 1160 κατ-

179 1173 335 1208 εσκήνωσεν
357 1173 372 1198 ὁ
394 1172 502 1199 πάντων
517 1173 668 1209 φυτουργός
680 1182 687 1190 ·
705 1174 800 1210 ὀδμαῖς
826 1177 966 1211 ὲναρέτοις

180 1219 226 1245 καὶ
248 1219 412 1254 σεμνότητος
435 1218 483 1245 νῦν
506 1219 707 1246 κατευωδίασον
736 1222 819 1256 ἡμᾶς,
850 1222 964 1257 Θεογεν.

179 1266 270 1301 νῆτορ.

220 1309 315 1336 Ῥῦσαί
332 1319 365 1345 με
380 1311 482 1337 ἀτόπου
495 1311 634 1346 ἁμαρτίας
647 1312 694 1338 καὶ⁸
703 1311 801 1346 φλογδς
812 1312 962 1349 ἁμαρτιας,

179 1355 290 1386 σκότους
307 1356 476 1389 κολάζοντος,
497 1359 544 1384 καὶ
563 1357 687 1393 βρυγμοῦ
702 1358 756 1385 τῶν
777 1359 900 1392 ὀδόντων,
917 1359 964 1386 καὶ

180 1401 330 1436 σκώληκος,
345 1402 477 1438 Παρθένε,
495 1404 563 1439 μόνη
580 1405 731 1439 προστασία
745 1405 792 1432 τοῦ
806 1405 899 1440 γένους
909 1406 964 1432 τῶν

179 1447 340 1482 ἀνθρώπων.
805 1476 810 1480 ,

214 1493 394 1526 Φωτιστικαῖς
417 1494 572 1530 λαμπηδόσι
596 1495 643 1522 τοῦ
668 1495 858 1527 ἀνατείλαντος
874 1496 962 1530 Λόγου

1022 265 1075 292 lata
1091 271 1118 293 et
1135 274 1202 300 pura
1220 276 1226 293 :
1240 273 1381 302 propterea
1397 269 1444 295 libi
1465 269 1589 303 supplico
1612 275 1641 296 ut
1664 278 1707 298 me
1721 272 1805 299 ctele-

1021 311 1071 338 stis
1086 312 1161 346 regni
1176 311 1428 346 hmreJemelﬁcias,
1442 318 1471 340 ut
1481 314 1584 348 possim
1595 318 1621 341 te
1633 315 1740 344 beatam
1753 325 1804 352 ap-

1020 356 1131 391 pellare.

1056 401 1078 428 0
1094 401 1189 434 Maria,
1201 409 1262 437 qua:
1274 402 1501 430 sanctiﬁcationis
1514 403 1721 431 tabernaculum
1734 405 1802 433 facta

1019 454 1061 479 es,
1077 447 1218 474 sanctitien
1240 447 1370 474 miseram
1394 448 1513 475 animam
1527 456 1626 480 meam,
1645 450 1802 484 passionum

1020 493 1217 526 cupiditatibus
1235 493 1420 528 inquinatam,
1437 498 1464 521 et
1480 494 1579 521 divina:
1592 495 1684 529 gloria
1694 498 1804 530 partici-

1020 545 1080 572 pem
1096 538 1181 565 eilice.
1805 537 1812 542 “

1056 583 1093 610 Te
1110 583 1156 611 Dei
1175 584 1299 616 Matrem.
1314 589 1340 611 et
1352 584 1562 619 pulcherrimam
1580 585 1648 613 inter
1664 586 1802 618 mulieres,

1019 628 1119 655 obnixe
1132 629 1274 664 deprecor,
1287 637 1304 656 ο
1320 629 1412 663 Virgo,
1427 637 1460 656 ne
1474 630 1607 664 despicias
1620 638 1673 662 me,
1689 631 1735 658 sed
1751 633 1803 658 mi-

1019 681 1109 700 serere
1131 675 1195 708 mei,
1220 679 1247 701 et
1273 675 1307 702 ab
1322 674 1397 702 omni
1419 675 1529 703 laesione
1554 676 1718 703 incolumem
1735 685 1802 704 con-

1018 726 1105 746 serva.

1054 763 1092 790 Ex
1121 764 1247 792 omnibus
1275 765 1496 800 generationibus
1517 769 1543 793 te
1565 773 1646 793 unam
1675 767 1802 795 Christus

1019 809 1069 836 sibi
1082 809 1108 836 in
1123 810 1307 837 habitaculum
1322 810 1459 846 elegii(7),
1477 819 1494 838 ο
1511 812 1736 846 laudabilissima,
1757 819 1801 840 ut-

1019 859 1079 888 pote
1094 856 1278 882 venerandam
1296 863 1328 882 ac
1341 864 1454 891 puram;
1471 862 1498 884 et
1518 865 1549 884 ex
1571 862 1596 885 te
1608 861 1739 893 tanquam
1761 861 1802 887 sol

1018 905 1138 932 exortus,
1156 904 1257 927 terram
1274 901 1427 928 universam
1441 902 1614 930 illuminavit.

1054 946 1275 980 Supplicationcs
1301 946 1358 974 Deo
1376 947 1452 978 oll‘er,
1475 955 1492 974 ο
1509 948 1648 981 inviolata,
1677 954 1705 976 ut
1725 950 1802 978 nobis

1017 991 1110 1026 lapsus
1127 997 1236 1020 nostros
1254 992 1387 1027 ignoscat,
1402 998 1428 1020 et
1452 998 1572 1028 peccata,
1586 1002 1646 1029 qua!
1668 995 1728 1022 sine
1750 1003 1801 1022 nn-

1016 1045 1092 1064 mero
1106 1039 1336 1073 perpetravimus,
1351 1043 1377 1066 et
1387 1039 1421 1066 ab
1437 1039 1508 1075 ignis
1523 1040 1683 1075 sempiterni
1697 1042 1802 1076 suppli-

1015 1083 1058 1110 cio
1072 1083 1168 1110 liberet
1186 1091 1246 1110 nos.

1050 1128 1119 1156 Cum
1138 1133 1162 1156 te
1174 1133 1303 1164 tanquam
1318 1129 1402 1156 lilium
1420 1129 1447 1156 in
1465 1129 1546 1164 hujus
1570 1130 1663 1157 mundi
1684 1130 1802 1158 vallibus

1015 1173 1133 1201 Greater
1149 1175 1272 1201 omnium
1291 1175 1449 1207 invenisset,
1463 1175 1489 1202 in
1507 1179 1543 1207 te,
1573 1183 1590 1202 ο
1605 1174 1650 1202 Dei
1665 1175 1800 1207 Genitrix,

1017 1219 1149 1246 habitavit
1161 1228 1168 1246 :
1179 1214 1254 1247 hunc
1266 1219 1350 1254 igitur
1366 1220 1475 1248 virtutis
1497 1227 1530 1248 ac
1545 1221 1654 1255 pietatis
1669 1221 1800 1250 odoribus

1015 1272 1065 1292 nos
1083 1264 1225 1298 perfunde.

1052 1310 1149 1337 Libera
1164 1318 1207 1337 me
1223 1318 1239 1338 a
1265 1310 1425 1338 lcedissimis
1444 1310 1572 1345 peccatis,
1595 1315 1622 1338 et
1645 1318 1660 1338 a
1689 1311 1800 1339 ﬂamma

1017 1357 1173 1386 tenebrosa.
1189 1356 1267 1391 251
1285 1364 1337 1391 qua
1353 1357 1505 1391 puniuntur
1523 1357 1617 1384 eadem
1633 1363 1754 1391 peccata.
1773 1363 1800 1385 ct

1015 1410 1029 1429 a
1045 1402 1163 1430 stridore
1173 1402 1308 1435 dentium,
1320 1407 1401 1437 atque
1414 1410 1429 1429 a
1439 1410 1544 1437 verme,
1557 1410 1573 1430 ο
1583 1402 1677 1438 Virgo,
1687 1403 1798 1431 unicum

1015 1447 1125 1474 humani
1140 1447 1246 1482 generis
1255 1447 1421 1482 praesidium.

1054 1493 1245 1521 llluminativis
1264 1493 1456 1528 splendoribus
1472 1493 1563 1527 Verbi,
1581 1494 1653 1528 quod
1669 1501 1703 1522 ex
1720 1500 1799 1523 utero

179 1539 211 1564 ἐκ
231 1539 280 1573 τῆς
305 1539 385 1572 ἁγίας
403 1548 449 1566 σου
472 1541 600 1575 γαστρὸς,
622 1541 738 1568 Θεοτόκε
762 1541 897 1576 Παρθένε,
915 1543 960 1568 καὶ

1014 1543 1062 1566 tuo
1075 1543 1171 1566 saneto
1193 1543 1318 1567 exortum
1345 1542 1397 1572 est,
1419 1547 1435 1566 ο
1453 1538 1535 1573 Virgo
1561 1540 1685 1574 Deipara,
1713 1545 1798 1576 atque

179 1585 402 1619 καταυγάσαντος
425 1587 474 1620 τῆς
498 1588 549 1622 γῆς
569 1587 602 1613 τὰ
628 1587 744 1622 πέρατα,
768 1587 884 1622 φώτισον
912 1588 962 1623 τὴν

177 1629 266 1665 ψυχήν
283 1639 342 1665 μου⁷
356 1630 458 1665 ἡδονῶν
467 1631 624 1667 ἀμαυρώσει
638 1633 835 1664 σκοτισθεῖσαν,
847 1632 962 1668 ἀμελείᾳ

176 1675 231 1701 τῶν
245 1675 349 1705 παθῶν,

211 1721 306 1755 Φέρεις
319 1722 366 1748 τὸν
381 1722 497 1758 φέροντα
508 1724 605 1755 πάντα,
619 1724 775 1759 χερουϐικδς
791 1724 884 1760 ὥσπερ
897 1723 960 1760 θρό-

178 1774 232 1798 νος,
247 1767 358 1801 τρέφεις
380 1769 424 1794 τὸν
439 1769 572 1803 τρέφοντα
595 1770 679 1803 ἡμᾶς,
700 1769 729 1795 ὃν
743 1770 889 1799 ἀπαύστως
914 1770 959 1796 δυ-

178 1812 273 1844 σὼπει,
297 1813 488 1849 οεοχαρίτωτε,
505 1814 580 1849 ἡμᾶς
601 1815 714 1849 σεισμοῦ
747 1815 957 1847 χαταπτώσεως,

177 1857 315 1890 ἁλώσι-ως,
336 1860 383 1885 καὶ
402 1860 531 1891 παντοίας
551 1860 683 1894 ἀνάγκης,
702 1859 748 1886 σοῦ
763 1861 813 1894 τὴν
841 1859 959 1895 ποίμνην

176 1903 397 1937 έκλυτρώσασθαι
415 1905 467 1931 ἀεί.

182 1956 229 1982 Ἐκ
243 1957 296 1984 τοῦ
313 1959 443 1991 κανόνος
461 1958 513 1992 τῆς
529 1958 681 1993 τετάρτης,
697 1959 740 1992 εἰς
753 1959 806 1985 τὸν
826 1959 958 1993 Ὄρθρον.

216 2011 362 2046 Ῥομφαίᾳ.
379 2012 510 2046 πάναγνε,
524 2013 669 2048 τέτρωσαι,
686 2013 715 2040 τὸ
731 2013 815 2045 πάθος
830 2014 876 2040 τοῦ
893 2014 958 2040 Υἱοῦ

176 2063 233 2087 σου,
255 2056 291 2088 ὡς
310 2056 428 2092 ἔϐλεψας
449 2058 529 2084 αὑτὸν
553 2060 587 2093 τῇ
607 2059 692 2094 λόγχῃ
714 2058 887 2093 νυττόμενον,
913 2059 959 2086 καὶ

174 2101 223 2136 τὴν
239 2103 268 2129 ὲν
280 2103 436 2138 παραδείσῳ
449 2104 601 2139 κωλυτικὴν
613 2104 739 2139 εἴργοντο.
755 2105 903 2140 ῥομφαίαν,
919 2107 957 2141 μὴ

174 2147 297 2175 διδοῦσαν
311 2149 366 2179 τοῖς
381 2150 484 2181 πιστοῖς
502 2150 550 2185 τὴν
564 2149 638 2176 Θείαν
648 2150 759 2177 εἴσοδον.

1017 1585 1162 1612 universos
1177 1590 1257 1612 terra
1272 1584 1340 1612 lines
1365 1585 1428 1612 luce
1449 1586 1579 1620 perfudit,
1597 1587 1721 1613 illuminn
1738 1588 1798 1614 ani-

1017 1639 1088 1659 mam
1108 1637 1196 1658 meam
1215 1631 1396 1666 cupiditatum
1416 1632 1558 1666 nigredine
1581 1633 1798 1664 obtenebralam,

1015 1685 1048 1705 eo
1060 1677 1132 1710 quod
1149 1678 1291 1710 paSsiones
1306 1684 1379 1704 meas
1395 1677 1522 1704 cohibere
1539 1678 1714 1712 neglexerim.

1048 1722 1126 1748 Illum
1143 1721 1200 1749 fers
1222 1722 1267 1756 qui
1300 1721 1354 1748 fert
1376 1722 1514 1752 universa,
1538 1725 1667 1757 tanquam
1683 1723 1798 1751 thromls

1012 1767 1182 1794 Cberubicus
1199 1776 1205 1793 :
1223 1767 1323 1798 nutris,
1338 1767 1503 1794 nutrientem
1530 1774 1596 1801 nos;
1623 1775 1704 1802 quem
1737 1768 1798 1796 sine

1013 1812 1169 1839 cessatione
1185 1819 1280 1844 exora,
1292 1821 1308 1839 ο
1318 1812 1374 1839 Deo
1389 1812 1561 1842 charissima.
1576 1817 1606 1839 ut
1623 1821 1672 1840 nos
1688 1821 1796 1848 gregem

1012 1863 1088 1884 tuum
1101 1865 1116 1884 a
1132 1861 1302 1884 terrmmotus
1315 1857 1393 1883 ruina
1407 1875 1414 1888 ,
1430 1857 1463 1883 ab
1478 1856 1569 1883 hostili
1583 1857 1795 1890 oppugnatione,

1011 1909 1038 1932 et
1057 1905 1091 1932 ab
1100 1905 1174 1932 omni
1192 1905 1357 1931 necessitate
1371 1911 1479 1938 semper
1492 1904 1594 1931 liberos
1603 1904 1749 1931 custodiat.

1135 1957 1177 1985 Ea:
1195 1966 1295 1984 canone
1306 1958 1380 1992 feria:
1397 1965 1432 1989 Iv,
1448 1958 1483 1984 ad
1499 1957 1672 1984 Matutiuum.

1047 2011 1144 2040 Gladio
1157 2012 1298 2038 vulnerata
1324 2019 1365 2043 es,
1384 2018 1399 2038 ο
1421 2011 1587 2042 castissima,
1615 2011 1642 2038 in
1667 2011 1795 2046 passione

1012 2057 1072 2085 Filii
1088 2058 1137 2090 tui,
1156 2062 1185 2084 ut
1198 2057 1275 2084 illum
1299 2057 1387 2084 vidisti
1403 2057 1498 2084 lancea
1515 2056 1682 2092 perfosSum,
1708 2061 1794 2091 atque

1010 2107 1195 2131 removentem
1225 2103 1343 2138 gladium
1361 2102 1436 2130 illum
1457 2103 1504 2138 qui
1524 2102 1649 2131 ﬁdelibus
1666 2102 1792 2131 divinum

1009 2152 1163 2186 ingressum
1181 2151 1208 2177 in
1225 2150 1380 2185 paradisum
1396 2149 1568 2185 prohibebat.

174 2228 278 2262 careret
293 2231 299 2250 :
312 2224 501 2262 quia_scilicet
527 2226 554 2262 in
582 2233 612 2253 ea
635 2226 757 2261 quaedam
773 2226 870 2254 divinae
889 2227 956 2261 legis
975 2229 996 2256 D
1010 2226 1060 2254 tice
1086 2231 1274 2262 prmservatns.
1295 2237 1304 2252 ι
1322 2227 1353 2253 Et
1380 2227 1411 2253 de
1435 2227 1529 2254 eodem
1562 2227 1588 2253 in
1614 2234 1664 2254 suo
1684 2225 1792 2262 hMariali

174 2260 255 2286 verba
269 2259 404 2286 exaranda
425 2265 512 2288 erant.
530 2261 567 2288 lla
594 2259 664 2288 inter
681 2262 748 2288 alios
768 2261 849 2288 tradit
862 2269 895 2288 ex
910 2259 957 2288 60—

175 2301 234 2331 rum
252 2294 351 2331 ritibus
375 2293 496 2331 Oleaster
521 2297 547 2322 in
573 2304 631 2331 cap.
648 2304 696 2322 xm
723 2295 810 2322 Exod.
834 2296 911 2329 Quod
935 2296 957 2323 si

175 2328 279 2365 Hebraei
295 2333 396 2365 tantam
408 2330 550 2365 puritatem
564 2328 736 2365 requirebant
748 2331 774 2357 in
787 2328 957 2363 membrana,

174 2364 273 2400 inqua
303 2361 347 2400 Dei
374 2361 614 2400 verbarscribenda
634 2370 722 2396 erant.
738 2367 875 2400 quomodo
895 2361 958 2399 per-

174 2397 295 2424 misisset
315 2397 384 2434 Deus
397 2399 552 2434 turpissima
567 2400 707 2434 originalis
730 2397 831 2433 peccati
850 2397 957 2427 macula

173 2431 349 2468 conspurcari
417 2431 564 2467 Virginem,
578 2431 679 2468 in'qua
706 2431 759 2461 non
778 2436 848 2462 nuda
864 2435 956 2467 verba,

173 2468 219 2493 sed
239 2466 355 2493 Verbum
375 2467 474 2500 ipsum,
494 2475 546 2494 non
561 2466 713 2500 hominum,
730 2469 777 2496 sed
803 2470 849 2496 Dei
874 2477 955 2495 manu

173 2505 232 2528 erat
255 2501 522 2537 scribendmn?Fuit
551 2503 632 2537 igitur
659 2504 688 2529 Β.
713 2504 794 2537 Virgo
819 2504 854 2531 ab
882 2504 956 2530 omni

174 2536 280 2573 macula
303 2535 445 2573 immunis,
456 2542 486 2573 et
504 2535 571 2573 talis
585 2539 656 2571 quod
675 2535 957 2573 Verbo:_responderit

173 2570 199 2596 in
217 2571 260 2596 illa
287 2571 435 2598 exarando.
455 2572 518 2599 Vide
531 2570 696 2599 Novarinum
713 2573 739 2599 iu
761 2570 860 2600 Umbra
878 2574 957 2607 virgi-

171 2613 230 2636 nea,
247 2614 274 2633 ιι.
292 2607 336 2633 95.

207 2641 246 2675 t7)
265 2640 302 2666 De
322 2642 373 2668 hoc
395 2642 550 2670 habitaculo
571 2642 678 2669 locutus
697 2642 910 2670 Bartholomaeus
923 2643 956 2670 de

171 2675 242 2711 Pisis
265 2676 290 2702 in
309 2684 389 2711 opere
406 2678 442 2705 De
456 2678 531 2704 laud.
547 2677 580 2705 Β.
608 2677 731 2711 Virginis,
749 2678 809 2705 libr.
827 2686 846 2709 ι,
865 2678 954 2704 fructu

172 2710 199 2742 7,
211 2711 270 2737 ait:
288 2720 297 2736 ι
318 2710 508 2739 llabitacnlum
533 2712 580 2738 Dei
597 2712 660 2744 vivi,
675 2713 767 2739 anima
779 2713 882 2740 scilicet
893 2720 954 2739 cor-

171 2753 274 2779 pnsque
299 2745 398 2778 illan-ire,
418 2748 491 2774 nullo
515 2748 616 2781 peccati
642 2749 768 2781 contagio
791 2748 953 2778 maculatur;

171 2783 216 2806 sed
233 2788 258 2806 in
283 2781 416 2808 inlusione
446 2783 531 2815 ipsius
560 2783 657 2809 animae
680 2784 785 2816 cmpori
809 2785 848 2809 sic
867 2783 954 2815 gratia

171 2815 299 2848 pramenit
322 2816 424 2847 divitia,
441 2823 469 2842 ut
491 2817 549 2850 ejus
564 2825 640 2844 sacer
656 2815 802 2851 conceptus
815 2817 849 2843 ab
870 2825 894 2843 οι
904 2817 954 2850 igi-

171 2851 240 2876 Iialis
258 2851 362 2885 peccati
380 2852 484 2878 macula
504 2853 544 2886 (ut
560 2853 602 2886 pie
627 2852 755 2887 cretlitux)
777 2853 860 2878 fuerit
877 2852 953 2878 ιιιιιὶ-

1011 2270 1094 2289 serm.
1112 2262 1140 2294 6,
1155 2262 1188 2289 de
1198 2261 1327 2295 Coneept.
1347 2267 1423 2296 parte
1447 2270 1466 2294 ι,
1482 2263 1540 2289 haec
1562 2261 1712 2294 scripsitB.
1727 2262 1792 2289 Ber-

1010 2297 1141 2323 nardinus
1154 2298 1187 2323 de
1202 2296 1303 2323 anto:
1322 2306 1330 2321 ι
1349 2297 1437 2323 Locus
1460 2297 1540 2324 debet
1552 2304 1612 2323 esse
1636 2297 1791 2330 proportio-

1009 2336 1090 2358 natus
1109 2332 1207 2363 locato,
1225 2335 1254 2357 ut
1274 2331 1310 2357 ait
1324 2331 1516 2365 Philosophus.
1545 2335 1574 2359 et
1595 2336 1794 2358 commentator

1009 2366 1036 2393 in
1067 2366 1137 2393 nde
1160 2367 1267 2401 Anima,
1283 2371 1309 2392 et
1343 2373 1369 2392 Iv
1392 2365 1474 2401 Phys.
1500 2366 1574 2394 Facit
1587 2366 1619 2392 ad
1647 2366 1698 2401 huc
1727 2366 1791 2392 illud

1008 2403 1079 2435 quod
1107 2400 1300 2435 iuquitGlossa
1328 2401 1353 2427 in
1371 2409 1395 2427 c.
1411 2400 1516 2428 Dudum
1536 2402 1570 2428 de
1587 2401 1655 2427 deci.
1671 2400 1765 2428 dicens
1783 2411 1790 2429 :

1011 2445 1020 2461 ‹
1031 2436 1125 2468 Qualia
1135 2435 1360 2469 sumpt-aedicula,
1371 2436 1434 2462 talia
1448 2437 1573 2463 convenit
1583 2443 1645 2462 esse
1655 2435 1789 2469 subjecta.

1009 2470 1060 2497 Sed
1090 2470 1176 2504 Virgo
1192 2470 1309 2504 gloriosa
1327 2471 1377 2497 luit
1399 2471 1531 2498 habitatio
1556 2471 1617 2497 Filii
1635 2469 1702 2497 Dei:
1720 2471 1791 2497 unde

1008 2505 1065 2539 ipsa
1084 2507 1180 2538 inquit,
1196 2505 1298 2532 Eccles.
1310 2513 1382 2532 χχιιι
1400 2505 1430 2531 ΕΙ
1445 2507 1489 2540 qui
1504 2507 1599 2532 creauit
1615 2514 1653 2532 me
1668 2505 1790 2539 requievit

1008 2540 1034 2566 in
1054 2541 1222 2566 tabernaculo
1240 2547 1307 2566 utea.
1324 2541 1393 2573 Ergo
1408 2541 1499 2566 debuit
1509 2548 1570 2567 esse
1587 2540 1789 2574 proportionata

1009 2575 1230 2613 ipsihabitatori,
1243 2575 1367 2613 quidiuit
1391 2575 1450 2613 sine
1467 2576 1521 2613 ulla
1540 2576 1652 2613 peccati.
1672 2576 1788 2613 macula:

1007 2608 1156 2636 Pnrissnno
1181 2618 1244 2644 ergo
1269 2608 1336 2635 Filio
1356 2617 1408 2636 non
1433 2609 1525 2637 debuit
1540 2608 1604 2637 esse
1628 2609 1714 2635 Mater
1737 2608 1789 2634 nisi

1006 2644 1163 2678 purissima,
1178 2652 1227 2671 nec
1249 2645 1340 2671 decuit
1359 2644 1405 2671 Dei
1430 2646 1596 2679 bnpientiam
1620 2645 1787 2670 sordidatum

1007 2687 1021 2704 ει
1035 2684 1145 2716 peccato
1161 2684 1187 2706 et
1204 2680 1418 2716 contaminatum
1433 2680 1484 2716 sibi
1505 2679 1687 2716 [labitaculum
1704 2679 1789 2716 depu-

1007 2719 1079 2740 tare:
1092 2715 1167 2749 quia,
1178 2719 1207 2740 ut
1222 2714 1320 2749 dicitur
1331 2714 1396 2748 δην.
1414 2722 1443 2746 ιι,
1464 2714 1495 2741 In
1509 2714 1788 2740 malevolamanimum

1006 2757 1057 2775 non
1083 2748 1192 2775 intrabit
1226 2748 1372 2782 Sapientia,
1392 2757 1437 2776 nec
1464 2749 1594 2775 habitabit
1622 2748 1650 2782 iu
1679 2754 1787 2780 rorpare

1005 2784 1110 2810 subdito
1123 2784 1247 2818 peccatis.
1261 2784 1289 2811 Si
1303 2784 1386 2820 igitur
1396 2784 1425 2809 Β.
1442 2783 1521 2818 Virgo
1537 2781 1659 2820 originali
1678 2786 1789 2820 [iet-cuto

1006 2817 1146 2853 deturpata
1174 2819 1280 2852 luisset,
1298 2817 1351 2846 non
1377 2819 1471 2845 l‘nisset
1492 2817 1658 2845 conveniens
1683 2817 1790 2842 habita-

1005 2855 1095 2881 culuni
1108 2854 1169 2881 l"il.i
1189 2853 1246 2882 Dei.
1267 2864 1276 2880 ι
1296 2855 1341 2881 Sic
1356 2854 1466 2880 Bustus.
