2075 3154
190 173 258 206 1285

870 170 1041 200 MARIALE
1046 193 1052 199 .

1741 170 1810 202 1286

188 231 232 256 ἀεὶ
261 228 411 264 μεγαλῦναι
438 228 467 255 ὲν
493 227 555 261 ἐμοὶ
579 227 614 254 τὰ
643 226 761 253 πλούσια
786 226 870 253 αὑτοῦ
897 226 969 261 ὲλέη,

1025 225 1112 256 sima;
1125 230 1206 258 quem
1220 227 1248 251 tu
1257 231 1370 258 precare
1381 224 1501 257 assidue,
1518 229 1546 252 ut
1559 225 1712 261 magnificet
1728 227 1755 254 in
1766 235 1810 256 me

189 273 369 309 Θεοχαρὶτωτε
374 293 380 300 .

223 320 266 351 Σὲ,
282 320 412 354 παναγία,
438 319 569 354 ἇχραντε,
584 318 664 352 ἁγνὴ,
682 318 707 344 οἱ
729 317 817 344 δοῦλοί
831 326 879 344 σου
903 317 971 344 πάν-

187 374 245 392 τοτε
260 365 365 401 ἡμέρας
382 365 429 392 καὶ
449 364 546 395 νυκτὸς
560 363 777 399 συντετριμμένῃ
791 363 895 398 διανοίᾳ
909 364 972 390 δυσ-

188 411 325 445 ωποῦμεν,
353 410 486 445 λύτρωσιν
519 409 728 445 ἁμαρτημάτων
765 409 871 436 πολλῶν
901 408 973 435 δίδου

188 457 262 491 ἡμῖν,
279 456 380 492 ἀγαθή.

224 501 391 537 οἿάτρευσον,
409 501 519 536 δέομαι,
544 503 579 530 τὰ
599 503 672 539 πάθη
697 503 747 539 τῆς
763 503 833 539 ἐμῆς
847 502 971 538 καρδίας,

187 547 315 582 κυήσασα
334 547 380 574 τὸν
402 547 513 574 πάντων
531 548 633 584 ἰατρὸν,
653 550 700 575 καὶ
721 549 771 584 τῆς
791 549 846 575 τῶν
861 548 973 575 δικαίων

185 592 272 624 δεῖξον
288 592 414 627 μέτοχον,
444 593 578 629 Παρθένε,
597 595 717 629 μερίδος,
733 594 851 630 Χριστὸν
875 594 972 620 ἐκδυσ-

185 636 309 663 ωποῦσα.

219 683 278 714 Φῶς
295 684 312 718 ἡ
327 683 442 710 τεκοῦσα
454 684 499 710 τὸν
513 684 591 716 Θεὸν,
608 685 801 720 ἐσκοτισμένον
821 694 854 721 με
870 686 973 717 πάσαις

185 730 244 760 ταῖς
261 728 413 763 μεθοδείαις
431 729 476 756 τοῦ
499 731 607 767 ἐχθροῦ,
627 732 673 758 καὶ
694 732 825 767 ῥᾳθύμως
850 732 970 767 βιοῦντα,

185 774 232 800 καὶ
249 775 452 809 παροργιζοντα
469 776 546 808 Θεὸν,
571 777 738 812 πανάμωμε,
761 778 890 812 φώτισον,
911 777 972 812 ὁδη-

185 818 274 852 γοῦσα
291 820 360 855 πρὸς
374 819 457 851 καλὰς
475 821 617 857 ἐργασίας,
633 821 670 854 ὡς
686 823 761 849 αἰτία
777 822 846 849 οὔπα
860 823 971 849 πάντων

183 865 237 890 τῶν
253 865 353 892 καλῶν.

191 975 242 1002 Ἐκ
270 975 325 1002 τοῦ
357 975 487 1009 κανόνος
507 975 579 1038 ,τῦῆςὸ
602 975 813 1011 Παρωκευῆς,
843 976 888 1009 εις
917 975 971 1003 τὸν

543 1020 560 1038 ο
579 1019 644 1038 oar.

540 1019 644 1045 Ῥυρον.

219 1082 324 1118 Ὠσπερ
351 1082 436 1118 ἀμνὸν
461 1082 508 1109 ἐπὶ
531 1082 651 1119 σταυροῦ
676 1083 821 1119 καθορῶσα
841 1085 858 1119 ἡ
881 1084 971 1119 ἀμνὰς

185 1128 377 1163 ἀπαρτηθέντα
400 1129 446 1155 τὸν
463 1129 592 1164 Χριστὸν,
619 1129 748 1161 ἀλαλάζει
766 1130 812 1156 καὶ
829 1129 878 1165 βοᾷ
891 1138 897 1146 ’
914 1130 970 1158 Ποῦ

184 1181 230 1200 σου
246 1173 306 1200 ἔθου
320 1173 350 1200 τδ
365 1173 473 1207 κάλλος,
489 1174 652 1209 μακρόουμε
668 1174 715 1201 Υἱὲ
737 1175 894 1210 προάναρχε
909 1184 916 1208 ;

218 1261 407 1297 Εὐλογημένος
422 1263 472 1298 τῆς
489 1263 593 1296 κοιλίας
613 1273 660 1291 σου
680 1264 695 1291 ὁ
711 1264 827 1300 καρπὸς,
849 1265 970 1300 Παρθένε

183 1307 351 1343 πανύμνητε,
367 1309 381 1335 ὁ
395 1309 459 1341 τοὺς
480 1309 634 1344 φθαρέντας
654 1310 692 1346 τῷ
709 1310 819 1346 καρπῷ,
834 1311 878 1338 διὰ
891 1311 969 1344 ξύλου

183 1353 300 1389 σταυροῦ
327 1354 410 1381 αὑτοῦ
444 1354 597 1391 ἀφθαρσίας
627 1356 802 1392 καταστήσας
822 1358 969 1390 κοινωνοὺς

183 1399 242 1434 θείᾳ
255 1400 360 1434 χάριτι.

223 1445 257 1471 Οἵ
286 1454 341 1480 μοι,
363 1446 472 1473 τέκνονέ
501 1447 561 1479 πῶς
585 1447 676 1483 βλέψω
700 1457 729 1475 σε
750 1449 798 1476 ἐπὶ
815 1449 863 1476 τοῦ
891 1449 969 1482 ξύλου

182 1490 381 1525 ἀνηρτημένον,
403 1491 451 1518 καὶ
471 1491 572 1524 ἀδίκως
592 1492 804 1528 θανατούμενον,
830 1494 880 1530 τὴν
897 1495 969 1530 ζωὴν

182 1536 355 1571 παρέχοντας
374 1537 390 1572 ἡ
406 1536 544 1572 Παρθένος
561 1537 694 1566 κλαίουσα
707 1539 810 1574 ἔλεγεν.

224 1630 332 1662 Ῥάϐδος
352 1631 369 1666 ἡ
381 1630 490 1665 ἔντιμος
503 1631 520 1666 ἡ
539 1631 715 1667 βλαστήσασα
728 1632 827 1660 κλάδον
841 1633 968 1668 ἀμάραν-

182 1685 238 1709 τον,
259 1676 447 1712 ὰνυψούμενον
468 1677 549 1703 αὑτὸν
565 1678 602 1709 ὼς
620 1677 736 1705 ἔϐλεπεν
753 1679 799 1705 ἐπὶ
813 1679 861 1705 τοῦ
877 1678 968 1712 ξύλου,

181 1722 304 1748 Δέσποτα
328 1722 495 1756 ὲκοαύγαζε,
520 1723 558 1758 μὴ
573 1723 686 1750 ἄτεκνον
698 1723 787 1759 δείξῃς
804 1732 850 1759 με.

217 1861 294 1887 Μετὰ
306 1860 395 1893 τόκον,
412 1860 580 1896 πανάμωμε,
594 1859 632 1892 ὠς
647 1859 700 1896 πρὸ
714 1860 795 1887 τόκου
809 1860 946 1896 διέμεινας
958 1869 965 1877 ·

181 1906 247 1934 Θεὸν
260 1906 314 1942 γὰρ
326 1907 445 1941 ὲκύησας
460 1906 532 1942 ξύλῳ
546 1906 592 1933 τὸν
606 1906 748 1942 ἄνθρωπον
765 1908 902 1934 σώσαντα.

216 2041 422 2078 »ταυρούμενον
456 2041 548 2077 ὁρῶσα
573 2041 618 2068 τὸν
647 2041 750 2077 Κύριον
779 2042 796 2077 ἠ
823 2041 968 2076 ἄμεμπτος

217 2133 254 2169 (8)
271 2133 312 2161 An
334 2133 363 2162 Β,
391 2133 530 2169 Virginem
557 2131 632 2169 omni
653 2131 746 2169 _laude
776 2130 965 2169 dignissimam

179 2165 313 2204 judicent,
328 2170 374 2204 qui
393 2165 464 2200 cani,
476 2173 560 2205 totam
588 2165 732 2205 pulchram
751 2169 778 2192 et
806 2165 966 2205 formosam,

182 2202 209 2230 in
226 2211 277 2231 suo
299 2202 430 2238 conceptu
457 2203 623 2240 maculosam
646 2202 893 2240 con_stit_uunt;q_ui
907 2208 966 2240 eam

181 2239 308 2268 liberam.
322 2235 490 2274 magistram,
506 2238 660 2274 memmium
676 2235 826 2267 victricem,
849 2235 968 2262 daemoni

180 2274 331 2310 subiectam
348 2271 473 2310 faciunt:
489 2273 535 2307 qui
557 2271 725 2310 benedictam
747 2277 794 2304 per
815 2277 910 2310 omnes
920 2277 968 2304 ge-

180 2305 347 2341 nerationes,
370 2313 399 2336 ut
413 2305 532 2343 reliquos
552 2307 619 2333 Adae
636 2310 759 2343 posteros
785 2305 967 2336 maledictum,

180 2343 292 2370 sceleris
319 2341 502 2377 purissimam,
531 2347 642 2376 peccato
656 2341 767 2375 originis
796 2345 967 2377 temer-alam,

181 2378 294 2405 Matrem
308 2375 425 2414 denique
441 2375 545 2414 gratiae.
561 2377 611 2414 ipsi
626 2377 737 2414 Auctori
751 2375 845 2414 gratiae
857 2381 969 2401 exosam

180 2411 389 2450 ingratamque'
405 2411 453 2449 pro
487 2413 533 2450 illo
561 2413 648 2450 primo
683 2411 795 2450 instanti
818 2414 968 2450 asserunt:

181 2443 269 2479 tuum,
284 2443 431 2481 mi'lecto'r,
444 2454 503 2475 eSto
524 2443 668 2482 judicium.
680 2446 760 2482 Certe
776 2445 880 2482 homini
903 2443 971 2482 tide-

180 2478 288 2509 llssitno
309 2485 386 2510 fieret
406 2478 557 2520 inju'ria,‘si
573 2481 606 2520 de
631 2482 676 2508 illo
700 2480 761 2515 quis
786 2478 971 2520 dicerctzlste

180 2522 224 2555 est
252 2526 357 2553 magna
384 2514 533 2555 litielitatis,
546 2517 610 2555 quia
629 2514 783 2555 nunquam,
793 2514 849 2555 nisi
873 2514 969 2554 semel,

180 2553 234 2579 fuit
247 2551 368 2587 proditor
383 2555 425 2581 sui
440 2553 511 2587 regis
525 2560 531 2577 :
551 2552 592 2578 vel
613 2553 635 2578 si
648 2551 682 2577 de
696 2551 898 2587 sapientissimo
911 2551 970 2575 viro

179 2587 338 2616 diceretur:
358 2588 407 2615 llic
421 2593 463 2615 est
474 2587 703 2621 sapientissimus,
720 2591 849 2621 (l_ll0lt_laln
867 2588 970 2621 tantum

180 2623 267 2659 semel
282 2623 333 2650 fuit
350 2618 622 2659 SlultusaQuomodo
634 2621 716 2659 igitur
727 2619 764 2659 BL
777 2618 857 2659 Virgo
874 2619 970 2645 lauda-

181 2658 267 2689 bitur,
290 2660 312 2685 si
326 2660 359 2685 de
383 2659 427 2685 illa
447 2653 574 2685 dicatur:
591 2653 728 2682 Laudetur
747 2655 775 2682 Β.
794 2653 888 2688 Virgo.
911 2661 971 2687 quae

181 2693 292 2720 nonnisi
317 2701 365 2728 per
392 2695 499 2728 instans
526 2691 576 2718 fuit
615 2690 799 2718 contaminata
839 2693 969 2728 peccato;

181 2727 324 2756 laudetur’
341 2727 424 2755 Mater
453 2727 522 2759 Dei,-
540 2734 600 2760 qua:
629 2732 712 2761 parvo
739 2730 863 2758 tempere
896 2727 972 2761 stetit

181 2770 260 2790 serva
276 2764 376 2791 diaboli
390 2764 401 2790 ?
416 2763 482 2790 Vide
500 2759 610 2790 [iustum
629 2759 655 2788 in
676 2760 779 2788 Mariali
792 2761 881 2787 Serm.
896 2760 923 2792 9,
937 2759 971 2785 de

180 2798 312 2835 Concept.
328 2803 403 2835 parte
418 2807 446 2825 ιι.
476 2833 481 2835 _
586 2833 591 2835 ἒ
635 2833 640 2835 _
742 2831 748 2835 Δ
941 2829 956 2835 η

220 2834 256 2867 (9)
275 2829 345 2860 Vere
361 2834 395 2860 ab
410 2833 483 2861 omni
505 2833 610 2869 macula
635 2831 766 2869 immunis
783 2835 837 2869 tam
857 2829 970 2869 actuali,

181 2866 264 2904 quam
281 2869 417 2904 originali,
432 2876 514 2903 quam
537 2868 658 2896 Ecclesia
681 2868 708 2895 in
732 2868 850 2902 quodam
866 2866 972 2893 Missali

1024 270 1134 297 divitias
1153 270 1349 297 misericordiae
1364 277 1428 297 sine.

1059 315 1082 342 Ο
1094 316 1269 343 sanctissima
1288 316 1370 351 Virgo
1386 316 1512 351 Dcipara,
1529 325 1579 344 nos
1595 317 1665 345 servi
1683 318 1721 345 tui
1739 326 1812 346 sem-

1023 368 1072 396 per
1096 367 1178 390 noctu
1207 362 1310 397 diuque
1341 363 1460 390 contrito
1487 364 1570 390 corde
1600 368 1625 391 te
1653 365 1811 398 suppliciter

1022 415 1186 440 exoramus,
1210 412 1239 435 ut
1262 408 1457 443 indulgentiam
1482 409 1661 443 plurimorum
1686 416 1812 445 peccato-

1023 461 1084 480 rum
1100 445 1259 480 nostrorum
1275 453 1355 481 nobis
1370 453 1487 488 benigna
1500 454 1666 488 impertiaris

1059 497 1178 530 Medcre,
1192 506 1296 533 quaeso,
1312 498 1404 533 pravis
1423 498 1614 527 aﬂ‘ectionibus
1636 500 1727 527 cordis
1743 508 1808 532 mei,

1023 548 1062 575 tu.
1075 551 1092 570 ο
1110 543 1202 578 Virgo,
1217 551 1279 578 quae
1292 544 1415 571 omnium
1434 545 1569 572 medicum
1586 545 1766 579 progenuisti,
1781 550 1809 572 et

1023 589 1255 624 partisjustorum
1273 589 1316 616 lac
1333 597 1376 616 me
1391 594 1556 623 consortem,
1572 591 1682 625 placans
1702 598 1751 626 pro
1767 599 1809 618 me

1022 633 1160 661 Christum
1175 634 1349 661 orationibus
1365 634 1430 661 tuis.

1057 679 1079 705 0
1092 679 1342 712 iutemeratissima,
1355 688 1416 714 qua:
1433 680 1554 707 divinam
1568 680 1655 707 lucem
1669 682 1809 716 peperisti.

1023 723 1148 751 illumina
1164 733 1207 752 me
1228 730 1339 760 propter
1354 726 1515 761 omnigenas
1535 726 1623 754 hostis
1638 727 1753 755 insidias
1771 733 1811 755 te-

1022 771 1113 798 nebris
1128 771 1294 803 involutum,
1313 771 1378 798 dum
1396 779 1533 799 summam
1550 779 1598 807 per
1613 772 1749 807 ignaviam
1771 774 1811 800 vi-

1022 820 1077 843 tam
1095 816 1221 849 traduco,
1235 821 1262 843 et
1280 816 1364 844 Deum
1381 817 1413 844 ad
1429 817 1497 844 iram
1516 825 1635 853 provoco
1650 827 1657 845 :
1674 823 1700 845 et
1715 826 1812 846 manu-

1021 862 1074 889 duc
1091 870 1134 889 me
1149 863 1181 890 ad
1194 863 1324 890 honestas
1338 867 1505 898 sanctasque
1516 864 1703 899 operationcs,
1717 869 1810 900 utpote

986 904 1008 932 Β
1022 916 1085 943 qua).
1098 908 1233 935 bonorum
1246 909 1370 935 omnium
1382 916 1412 936 es
1423 916 1518 937 causa.

1141 978 1184 1005 Ea:
1202 986 1302 1006 canone
1317 977 1407 1006 Fen'az
1423 978 1450 1011 6,
1466 979 1502 1006 ad
1514 979 1689 1008 Matutinum.

1057 1086 1196 1114 Christum
1222 1087 1249 1113 in
1272 1093 1355 1114 cruce
1378 1094 1543 1122 suspensum
1563 1092 1692 1123 tanquam
1709 1095 1809 1123 agnum

1021 1139 1083 1159 cum
1103 1132 1180 1166 Agna
1202 1131 1315 1163 videret,
1346 1132 1451 1166 eiulans
1475 1132 1630 1160 clamabat:
1658 1133 1709 1160 Ubi
1731 1135 1811 1168 periit

1021 1176 1197 1211 pulchritudo
1221 1180 1278 1209 tua,
1299 1184 1315 1204 o
1339 1177 1536 1211 patientissime
1556 1176 1618 1209 Fili,
1634 1183 1697 1205 ante
1717 1179 1810 1206 omnia

1021 1221 1120 1248 saecula
1136 1222 1248 1255 genite?

1057 1265 1221 1293 Benedictus
1241 1265 1349 1294 fructus
1377 1266 1482 1294 ventris
1508 1267 1558 1298 tui,
1580 1273 1597 1293 ο
1626 1266 1709 1301 Virgo
1735 1268 1810 1294 omni

1022 1312 1102 1339 laude
1116 1311 1277 1346 dignissima
1294 1312 1344 1347 (8),
1367 1312 1413 1347 qui
1437 1316 1582 1346 corruptos
1603 1319 1653 1347 per
1677 1311 1809 1345 fructum,

1021 1357 1094 1392 ligno
1128 1358 1219 1385 crucis
1252 1366 1309 1385 sua:
1343 1358 1558 1393 incorruptionis
1588 1358 1735 1393 participes
1769 1359 1810 1386 (Ιὶ-

1020 1404 1083 1431 vina
1101 1404 1190 1437 gratia
1208 1404 1307 1432 eﬂ'ecit.

1054 1450 1233 1478 Gemehunda
1269 1450 1355 1485 Virgo
1384 1450 1432 1478 has
1463 1457 1545 1478 voces
1573 1450 1730 1478 fundebat:
1761 1450 1810 1478 ΙΙεί

1021 1494 1100 1526 mihi,
1119 1494 1168 1522 Fili
1181 1496 1189 1523 ι
1204 1495 1343 1530 quomodo
1364 1496 1488 1523 intuebor
1503 1496 1530 1522 in
1546 1495 1620 1531 ligno
1636 1495 1809 1529 pendentem,

1020 1545 1047 1568 et
1070 1541 1171 1576 injusta
1195 1546 1282 1569 morte
1306 1542 1474 1570 exstinctum
1498 1547 1524 1570 te
1547 1543 1595 1577 qui
1619 1550 1649 1569 es
1674 1543 1736 1569 vitae
1752 1542 1809 1570 lar-
1853 1574 1856 1578 ,

978 1590 1001 1621 ρ
1018 1585 1108 1621 gitur?

1057 1630 1138 1665 Virga
1155 1631 1326 1658 honorabilis
1342 1638 1374 1658 ac
1397 1631 1528 1666 pretiOsa,
1551 1640 1613 1667 quae
1636 1641 1741 1661 ramum
1765 1635 1810 1662 in-

1017 1675 1221 1710 corruptibilem
1239 1675 1423 1710 germinavit,
1443 1676 1540 1704 videns
1553 1678 1678 1705 eumdem
1696 1678 1721 1705 in
1736 1679 1809 1714 ligno

1016 1720 1165 1747 exaltatum
1180 1739 1188 1753 ,
1207 1721 1233 1747 in
1257 1721 1306 1748 has
1327 1727 1408 1748 voces
1423 1722 1583 1755 erumpebat
1599 1731 1606 1749 :
1630 1722 1757 1755 Domine,
1775 1731 1810 1750 no

1017 1774 1061 1793 nte
1087 1766 1190 1801 absque
1216 1766 1310 1794 liberis
1336 1773 1369 1793 ac
1391 1765 1473 1802 254
1492 1767 1576 1795 veluti
1599 1768 1721 1796 sterilem
1747 1776 1810 1797 esse

1019 1813 1144 1848 patiaris.

1055 1858 1078 1885 0
1104 1858 1138 1885 ab
1162 1857 1237 1884 omni
1256 1857 1365 1884 macula
1383 1857 1514 1885 immunis
1533 1858 1590 1893 (9),
1615 1864 1675 1893 post
1698 1863 1808 1894 partum

1020 1904 1202 1940 perseverasti
1238 1904 1328 1940 qualis
1362 1904 1453 1931 fueras
1487 1908 1694 1940 antepartum:
1723 1905 1806 1932 Deum

1020 1951 1092 1977 enim
1119 1950 1249 1986 genuisti,
1276 1950 1323 1985 qui
1346 1958 1395 1985 per
1417 1950 1521 1985 lignum
1542 1949 1679 1977 hominem
1701 1950 1808 1977 salvum

1020 1995 1095 2029 fecit.

1058 2042 1173 2077 Deipara
1197 2041 1277 2076 culpa
1300 2040 1408 2076 penitus
1424 2048 1521 2068 carens
1539 2040 1606 2076 UO),
1623 2048 1739 2069 cernens
1753 2040 1808 2068 Do-

1021 2129 1134 2164 antiquo
1152 2130 1401 2166 apudBalinghem
1424 2130 1451 2158 in
1472 2130 1608 2158 Parnasso
1629 2129 1752 2157 Mariano
1767 2136 1810 2156 sa-

1021 2165 1088 2193 lutat
1104 2166 1146 2194 his
1162 2165 1251 2193 verbis
1270 2173 1278 2192 :

1230 2209 1293 2241 Ave,
1310 2217 1325 2235 ο
1341 2209 1428 2237 dulcis
1444 2210 1544 2243 Maria,

1252 2244 1352 2272 Christi
1368 2245 1454 2272 Mater
1467 2251 1490 2272 el
1505 2245 1588 2279 Filia,

1252 2279 1315 2306 Ulla
1330 2281 1387 2306 sine
1403 2281 1518 2312 macula,

1234 2314 1273 2341 Tu
1290 2324 1306 2341 a
1323 2314 1375 2341 Deo
1391 2315 1524 2349 fabricata

1252 2349 1285 2376 In
1296 2355 1421 2383 conceptu
1436 2355 1596 2383 praeter-cata

1252 2384 1338 2412 Nulla
1353 2386 1437 2411 trahis
1451 2385 1561 2419 scelera,

1021 2432 1049 2455 et
1062 2428 1352 2465 quiam‘VS.Casimirus
1366 2428 1392 2455 in
1408 2436 1460 2456 suo
1479 2429 1580 2465 hymno
1596 2429 1630 2457 ale
1654 2429 1683 2457 Β.
1699 2429 1810 2465 Virgine

1021 2468 1092 2498 part.
1109 2471 1128 2491 ιι
1144 2463 1187 2491 his
1198 2464 1287 2490 verbis
1303 2464 1453 2498 alloquitur
1467 2473 1475 2491 :

1234 2499 1354 2525 Pulchra
1372 2504 1428 2525 tota
1444 2500 1501 2526 sine
1514 2505 1579 2526 nota

1252 2533 1436 2569 Cujuscunque
1453 2535 1575 2562 "inculte.

1058 2586 1115 2621 (l0)
1134 2587 1227 2624 Patres
1240 2587 1379 2624 communi
1405 2595 1540 2624 consensu
1566 2589 1724 2624 dignitatem
1740 2587 1810 2614 divi-

1022 2629 1064 2648 nm
1087 2622 1271 2649 maternitatis
1296 2623 1332 2649 ita
1358 2623 1502 2653 extollunt,
1519 2629 1548 2651 ut
1564 2622 1643 2651 ex'ea
1666 2624 1808 2657 Deiparam

1022 2657 1146 2684 caruisse
1157 2658 1230 2684 omni
1255 2657 1332 2691 culpa
1358 2658 1441 2685 etiam
1470 2659 1566 2686 veniali
1583 2659 1724 2689 deducant,
1744 2657 1807 2690 quia

1022 2698 1055 2717 ex
1070 2692 1128 2726 ipso
1145 2692 1217 2727 quod
1233 2699 1263 2719 ea
1283 2693 1309 2719 in
1335 2700 1415 2720 sacro
1441 2698 1514 2720 textu
1530 2693 1616 2720 Mater
1631 2693 1675 2720 Dei
1689 2693 1809 2719 declara-

1023 2731 1076 2758 tur,
1093 2734 1153 2753 cam
1175 2735 1270 2761 puram
1294 2732 1321 2753 et
1344 2728 1457 2755 liberam
1483 2729 1518 2755 ab
1540 2729 1612 2756 omni
1632 2728 1710 2761 culpa
1725 2727 1808 2754 etiam

1023 2762 1121 2798 veniali
1139 2762 1271 2798 inferunt.
1286 2761 1354 2790 Cum
1384 2768 1474 2790 autem
1490 2764 1569 2798 culpa
1592 2763 1731 2797 originalis
1747 2766 1808 2798 tur-

1023 2796 1084 2830 pior
1099 2798 1144 2827 sit,
1158 2797 1324 2824 ctieminam
1344 2798 1427 2825 Deum
1452 2796 1601 2832 parituram
1619 2796 1703 2831 magis
1725 2796 1808 2825 dede-

1023 2837 1093 2862 ceat,
1112 2832 1192 2866 igitur
1209 2833 1282 2860 sicut
1308 2834 1436 2867 praedicta
1454 2834 1630 2867 praerogativa
1651 2834 1684 2859 de
1705 2833 1807 2859 immu-

1023 2867 1109 2894 nitate
1128 2874 1144 2894 a
1159 2868 1238 2903 culpa
1252 2869 1378 2903 urigmali
1398 2869 1425 2895 in
1441 2868 1570 2903 dignitate
1586 2867 1684 2895 divina:
1708 2874 1808 2896 mater-
