2075 3154
239 185 251 218 1
257 185 306 216 287

803 182 833 212 S.
855 182 1013 212 JOSEPHI
1034 182 1315 213 hYMNOGRAPHI

1799 179 1866 213 19.88

239 243 344 268 minum
371 238 446 266 cruci
459 237 580 271 amxum,
597 237 704 265 aiebat:
721 236 770 264 Hei
786 237 864 268 mihi,
880 235 942 269 Fili,
959 245 1028 271 quu-
1044 265 1045 268 η

1097 238 1212 269 νεοτόκος
1240 238 1332 272 ἔλεγεν
1346 245 1352 253 ⁸
1381 237 1415 264 οἰ
1440 246 1496 272 μοι,
1517 237 1581 264 Υξέί
1606 237 1665 270 πῶς
1688 237 1828 273 θνήσκεις,
1851 241 1868 273 ἡ

241 287 321 316 modo
334 285 458 316 moreris,
477 285 531 311 vita
550 292 667 319 spesque
684 282 823 311 ﬁdelium?

276 332 323 359 Illa
347 339 407 366 qua:
431 331 509 358 caelis
524 334 565 358 est
589 330 744 363 sublimior,
761 330 858 357 videns
878 330 1029 362 Christum,

241 379 287 412 qui
305 377 380 404 solus
394 381 437 404 est
451 376 612 406 altissimus,
628 377 655 403 in
669 377 743 412 ligno
760 377 920 409 exaltatum,
934 382 962 403 et
982 376 1032 403 iui-

242 423 303 450 mici
318 423 491 450 altitudinem
506 422 691 458 dejicientem,
709 423 837 451 eumdem
854 430 951 457 magna
966 429 1032 450 voce

243 468 380 494 laudabat.

279 513 433 546 Splendnre
461 512 546 546 illius,
566 513 611 546 qui
633 521 665 540 ex
692 518 718 540 te
743 514 893 541 secundum
921 519 1032 540 carnem

245 563 357 585 exortus
371 562 422 590 est,
436 565 451 583 ο
466 557 558 592 Virgo,
573 558 678 585 illustra
696 563 813 585 mentem
829 565 927 590 meam,
944 563 971 584 et
986 564 1033 584 cor

245 613 334 631 lucum
363 605 496 636 illumina,
522 605 648 632 tenebras
669 605 774 639 peccati
796 605 956 639 dispellens,
973 611 1034 631 om-

244 659 360 685 nemque
378 650 512 678 socordiae
528 658 595 677 mea:
614 651 742 677 nebulam
761 651 909 686 dissipans.

369 717 409 750 Ea:
426 730 524 749 canone
553 722 666 750 Sabbali
687 723 720 749 ad
737 722 908 750 Mututinum.

279 785 321 812 Me
338 793 445 819 semper
469 785 609 819 proposito
626 784 810 815 excidentem.
833 790 977 819 menteque
996 786 1036 812 in-

246 831 383 861 stabilem,
404 830 550 865 pravisque
570 830 784 864 cogitationibus
810 830 990 862 abstractum,
1008 836 1036 857 et

247 878 378 911 illectum,
396 881 423 903 et
438 876 483 910 qui
497 871 539 902 me
554 875 642 910 ipsqu
655 883 701 910 per
716 883 852 902 summam
868 875 1033 902 dementiam

1082 283 1139 319 ζωὴ
1155 284 1203 310 καὶ
1218 284 1294 315 ἐλπὶς
1307 284 1362 310 τῶν
1376 284 1480 310 πιστῶν

1123 328 1156 354 Ἦ
1177 329 1232 355 τῶν
1246 328 1369 364 οὐρανῶν
1388 329 1553 365 ὑψηλοτέρα,
1574 328 1717 364 ὑψωθέντα
1744 329 1774 355 ὲν
1799 327 1870 362 ξύλῳ

1082 374 1129 400 καὶ
1162 375 1372 409 καταρασσοντα
1407 375 1457 406 τὰς
1483 374 1604 409 ὕψώσεις
1636 373 1737 409 ὲχοροῦ
1765 373 1870 409 θεωρή-

1083 428 1152 446 σασα
1174 420 1220 447 τὸν
1245 420 1326 455 μόνον
1351 419 1474 454 ὕψιστον,
1500 420 1616 456 ἀνύμνει
1642 420 1760 455 Χριστὸν
1784 428 1870 455 μεγα-

1082 464 1220 499 λορώνως.

1119 511 1228 544 Φέγγει,
1245 510 1380 545 Παρθένε,
1395 511 1442 537 τοῦ
1456 512 1488 537 ὲκ
1512 510 1560 537 σοῦ
1573 511 1764 542 ἀνατείλαντος
1778 510 1870 545 σαρκὶ,

1083 557 1130 583 τὸν
1144 556 1207 583 νοῦν
1220 565 1271 591 μου
1287 557 1472 591 καταύγασον,
1490 558 1538 583 καὶ
1553 557 1602 592 τὴν
1616 556 1728 592 καρδίαν
1744 556 1873 590 (primum),

1084 602 1132 628 καὶ
1160 602 1254 634 σκότος
1281 602 1417 629 διώκουσα
1439 602 1490 637 τῆς
1516 602 1665 637 ἁμαρτίας,
1687 601 1735 628 καὶ
1753 601 1804 636 τῆς
1827 601 1875 636 ῥᾳ-

1085 646 1186 682 θυμίας
1202 656 1254 682 μου
1268 647 1377 674 ἃπασαν
1392 647 1442 683 τὴν
1455 648 1540 682 ἀχλὺν
1551 647 1752 675 ἀπελαύνουσα.

1092 720 1142 746 Ἐκ
1161 719 1212 746 τοῦ
1227 719 1357 752 κανόνος
1375 719 1427 746 τοῦ
1440 719 1603 753 Σαϐϐάτου,
1620 721 1664 753 είς
1674 720 1727 747 τὸν
1739 721 1874 754 Ὀρθρον.

1121 782 1219 818 Γνώμη
1244 783 1430 810 ὁλισῡαίνοντα
1453 783 1497 810 ἀεὶ
1518 784 1565 810 καὶ
1585 783 1728 819 λογισμοῖς
1748 787 1876 819 πονηροῖς

1085 828 1275 863 ὲξελκόμενον,
1298 829 1347 855 καὶ
1375 829 1579 863 δελεαζόμενον,
1609 829 1800 864 φρενώλαὸῶς
1823 831 1878 872 γὲρ

1086 876 1142 905 τοῖς
1163 874 1270 908 ἐχθροῖς
1284 874 1447 910 εὐχείρωτον
1456 875 1515 901 ὅλον
1532 875 1674 909 γεγονότα,
1692 874 1730 910 μὴ
1744 875 1876 911 ὑπερίδῃς

248 928 334 951 totum
350 923 469 950 inimicis
485 922 577 949 dedidi
595 926 624 950 ut
641 931 684 950 me
701 923 830 950 facillime
844 927 983 958 caperent,
1001 931 1034 950 ne

1097 928 1132 953 ιε,
1149 920 1292 947 Δέσποινα.

246 968 394 1003 despicias,
409 975 425 994 ο
442 967 567 995 Domina.

283 1014 304 1041 0
321 1013 528 1040 tabernaculum
542 1012 622 1039 ccelis
646 1012 714 1046 ipsis
738 1013 890 1047 augustius,
908 1013 1038 1048 populum

249 1064 326 1086 tuum
342 1059 369 1085 in
391 1059 442 1085 hoc
456 1064 502 1085 tuo
523 1057 699 1084 tabernaculo
718 1058 751 1084 ad
765 1063 826 1085 tuas
842 1058 935 1085 lauch
946 1058 1040 1085 conri-

249 1105 354 1132 nendas
374 1103 592 1136 convenientem,
619 1103 772 1130 cmlestium
800 1103 1039 1131 tabernaculorum

250 1151 293 1178 l'ac
323 1149 493 1183 participem,
521 1147 691 1174 lerventibus
724 1147 852 1181 precibus
882 1147 936 1174 tuis
969 1147 1040 1182 apud

249 1196 401 1226 Christum,
422 1201 503 1229 quem
523 1193 653 1229 genuisti,
678 1195 802 1220 onmium
832 1193 976 1221 Dominum
1007 1200 1041 1222 ac

250 1242 462 1269 dominatorem.

288 1286 412 1313 Scit-rites
427 1290 452 1312 te
465 1292 527 1312 esse
543 1284 674 1319 templum
697 1284 801 1319 gloriae,
816 1291 833 1311 ο
850 1284 1040 1316 immaculata.

252 1333 279 1359 iu
295 1332 396 1367 templo
422 1336 468 1358 tuo
493 1330 648 1357 venerande
672 1329 840 1365 congregati,
863 1330 1042 1358 devotissime

253 1379 433 1413 imploramus
451 1377 583 1403 auxilium
601 1381 690 1406 tuum,
715 1380 853 1410 quatenus
869 1383 917 1410 per
929 1383 1043 1403 venera-

254 1424 335 1450 bilem
354 1422 578 1450 intercessionem
597 1426 671 1448 tuam
694 1421 810 1448 salutem
830 1429 1042 1456 consequamur,

255 1477 271 1497 ο
285 1474 360 1496 casta
379 1467 472 1502 Virgo.

289 1517 478 1550 Agnoscentes
495 1517 521 1540 te
535 1516 647 1539 matrem
671 1511 755 1543 illius,
773 1511 820 1545 qui
841 1511 978 1538 voluntate
993 1518 1043 1538 sua

256 1561 384 1588 universa
410 1558 523 1590 creavit,
551 1557 586 1585 ad
609 1557 732 1584 divinum
760 1557 890 1591 templum
918 1561 1007 1588 tuum,
1027 1564 1044 1583 ο

1125 1010 1217 1045 Σκηνὴ
1234 1011 1388 1046 πλατυτέρα
1401 1011 1535 1046 οὐρανῶν,
1558 1011 1623 1038 λαόν
1643 1020 1690 1039 σου
1711 1013 1879 1047 συνερχόμε-

1089 1064 1134 1083 νον
1151 1057 1180 1083 ὲν
1194 1058 1227 1092 τῇ
1246 1058 1331 1093 σκηνῇ
1348 1066 1395 1084 σου
1415 1058 1502 1093 ταύτῃ
1517 1057 1636 1092 ὑμνῆσαί
1656 1066 1686 1083 σε
1708 1059 1815 1093 σκηνῶν
1829 1059 1880 1085 ἀΰ-

1089 1102 1144 1128 λων
1161 1103 1273 1137 μέτοχον
1288 1103 1401 1137 ποίησον
1414 1105 1448 1138 τῇ
1465 1103 1554 1139 θερμῇ
1570 1103 1661 1138 δεήσει
1679 1111 1724 1130 σου
1736 1103 1804 1139 προς
1816 1104 1879 1139 Χρι-

1090 1148 1137 1175 τὺν
1166 1148 1195 1175 ὃν
1208 1148 1316 1182 ἔτεκες,
1329 1149 1374 1176 τὸν
1387 1150 1525 1185 Δεσπότην
1541 1150 1671 1177 ἁπάντων
1691 1150 1738 1178 καὶ
1766 1150 1879 1185 Κύριον.

1128 1284 1204 1311 Ναόν
1222 1293 1252 1311 σε
1269 1284 1320 1319 τῆς
1341 1284 1421 1319 δόξης
1445 1285 1634 1321 ἐπιστάμενοι,
1649 1286 1779 1322 ἄχραντε,
1801 1287 1829 1313 ὲν
1843 1287 1881 1322 τῷ

1094 1330 1188 1366 σεπτῷ
1203 1329 1442 1366 συναθροιζόμενοι
1454 1331 1568 1365 πιστῶς,
1581 1332 1631 1368 τὴν
1641 1332 1691 1368 σὴν
1703 1332 1882 1367 ἐξαιτούμεθα

1094 1375 1267 1411 θεοπρεπῶς,
1284 1376 1354 1411 ἁγνὴ
1367 1376 1502 1411 Παρθένε,
1524 1376 1662 1413 βοήθειαν,
1678 1378 1725 1404 καὶ
1741 1378 1775 1413 τῇ
1795 1379 1881 1413 σεπτῇ

1095 1429 1143 1448 σου
1159 1421 1292 1457 πρεσϐείᾳ
1306 1421 1460 1456 σωζόμεθα.

1130 1512 1244 1548 Μητέρα
1268 1521 1299 1539 σε
1325 1513 1373 1539 τοῦ
1398 1512 1432 1539 τὰ
1459 1513 1549 1540 πάντα
1570 1513 1696 1548 βουλήσει
1722 1516 1885 1550 ποιήσαντος

1095 1558 1277 1592 γινώσκοντες
1291 1567 1329 1593 τῳ
1342 1557 1400 1593 ναῷ
1415 1566 1462 1585 σου
1482 1558 1521 1593 τῷ
1537 1558 1601 1594 Θείῳ
1621 1560 1838 1596 προστρέχομεν,
1855 1563 1885 1588 ὲν

255 1608 348 1641 Virgo,
362 1605 543 1636 accurrimus,
562 1609 642 1638 atque
659 1603 686 1630 in
700 1610 735 1629 eo
755 1610 910 1637 precamur,
927 1606 956 1629 ut
968 1609 1045 1629 erro-

1099 1604 1173 1638 αὺτῷ
1199 1603 1355 1639 αίτούμενοι
1376 1605 1410 1639 τῇ
1435 1604 1560 1640 μσιτεὶᾳ
1577 1613 1635 1637 σου,
1654 1605 1788 1641 Παρθένε,
1809 1606 1887 1634 λύσιν

258 1661 318 1680 rum
338 1657 496 1680 nostrorum
513 1651 590 1678 venia
602 1657 648 1684 per
665 1654 739 1676 tuam
755 1648 948 1676 mediationem
965 1647 1045 1675 nobis

256 1697 433 1726 concedatur.

294 1742 376 1777 255
390 1741 412 1768 Ο
423 1741 519 1773 Maria,
537 1739 715 1775 purissimum
734 1738 814 1766 Verbi
831 1737 1045 1770 tabernaculum,

258 1789 371 1823 puriﬁca
387 1796 402 1814 a
414 1787 505 1822 pravis
518 1786 708 1812 adiectionibus
723 1793 770 1812 cor
787 1792 889 1817 meum,
904 1783 1046 1818 divinique

258 1833 376 1868 Spiritus
387 1841 435 1860 vas
446 1831 578 1859 mundum
598 1830 664 1857 illud
677 1831 761 1862 cilicc,
776 1834 804 1856 ut
821 1828 928 1856 laudent
945 1831 973 1855 ct
990 1835 1048 1854 nra-

259 1880 383 1915 gniticem
405 1883 431 1905 te
448 1877 522 1905 omni
538 1877 618 1904 laude
635 1876 836 1911 dignissimam.

297 1924 363 1951 Esto
379 1923 445 1950 mihi
465 1922 620 1955 tnediatrix,
636 1928 652 1948 0
668 1921 875 1955 benignissima,
903 1920 974 1954 apud
997 1919 1050 1946 Do-

260 1970 363 1996 minum
378 1971 423 2003 qui
441 1976 471 1995 ex
498 1974 523 1995 te
540 1973 619 1994 natus
636 1972 690 1998 est,
714 1971 743 1993 ut
755 1974 770 1992 a
785 1967 916 2001 geheume
931 1965 1050 1993 ﬂammis

259 2017 358 2050 eripiat
372 2023 423 2047 ine,
453 2022 485 2040 ac
509 2013 614 2040 cmlesti
645 2019 729 2048 regno
747 2013 861 2047 dignum
882 2012 975 2045 faciat,
992 2013 1049 2045 cla-

261 2065 401 2088 mantem:
418 2059 577 2087 Laudabilis
600 2063 628 2086 et
651 2058 872 2093 supergluriosus
906 2057 977 2086 Deus
1001 2057 1051 2084 l’a-

261 2112 345 2139 trum.
362 2113 416 2134 etc.

298 2154 320 2180 0
335 2152 417 2187 Virgo
435 2157 490 2180 tota
503 2151 605 2182 lucida,
622 2157 682 2184 qua:
697 2149 766 2177 lucis
779 2149 901 2177 datorem
919 2149 1004 2176 Deum
1024 2151 1051 2178 in

261 2199 349 2227 lucem
366 2198 486 2229 edidisti,
510 2197 633 2224 illumina
650 2196 744 2223 oculos
756 2196 846 2222 cordis
875 2196 927 2229 mei
950 2196 1053 2222 lumine

260 2245 362 2272 divina).
379 2243 556 2278 cognitionis,
573 2247 602 2269 ut
623 2245 730 2269 cautem
747 2250 753 2268 :
767 2240 864 2268 Omnia
883 2248 977 2275 opera,
995 2240 1054 2268 lau-

260 2291 324 2317 date
341 2290 498 2320 Dominum,
513 2292 556 2315 etc

301 2379 470 2405 llorrescunt
487 2376 615 2404 caelestes
631 2375 778 2409 exercitus,
795 2375 918 2403 videntes
929 2375 1051 2403 divinum

265 2425 354 2452 Patris
368 2423 540 2458 splenderent
554 2420 730 2449 ineﬂ'abilitcr
744 2422 770 2448 in
781 2421 908 2449 manibus
921 2422 976 2449 tuis
987 2429 1054 2449 con-

266 2471 380 2500 tineri,o
392 2469 474 2504 Virgo
487 2472 573 2494 mater
583 2467 740 2501 purissima,
752 2467 959 2494 similitudinem
972 2472 1054 2502 atque

266 2515 411 2548 imaginem
427 2520 501 2541 tuam
518 2512 675 2546 habentem,
692 2517 721 2539 ut
733 2513 858 2540 homines
875 2512 932 2540 Deo
949 2513 1054 2540 similes

265 2561 373 2588 eiﬁeiat.

320 2622 361 2649 Ex
375 2631 473 2650 canone
491 2623 565 2658 ferire
590 2624 618 2657 2,
635 2624 668 2651 ad
685 2623 857 2651 Matutinum.
874 2623 940 2652 Τοηὶ
961 2625 1003 2652 ΙΙ.

303 2714 323 2738 0
338 2713 416 2740 unica
432 2713 488 2741 Deo
506 2714 668 2742 charissima
686 2715 785 2749 puella,
801 2724 863 2750 qua:
883 2715 986 2743 fontem
1001 2717 1054 2743 im—

270 2802 367 2841 uitatis
377 2804 531 2841 virtualiter
545 2804 706 2837 includitur,
718 2805 755 2832 ita
771 2805 970 2834 immunitatem
986 2807 1061 2841 ejus-

269 2839 330 2874 dem
345 2839 378 2865 ab
391 2839 514 2874 originali
538 2841 564 2866 in
590 2849 621 2868 ca
643 2841 768 2867 denotari
786 2849 900 2868 necesse
923 2847 974 2869 est.
995 2839 1061 2871 Vide

270 2872 504 2909 Nierembergium
535 2876 561 2903 in
586 2876 780 2912 Sacrosyllabo
797 2876 811 2912 §
829 2876 860 2911 7,
889 2876 933 2904 ubi
968 2878 1060 2912 plures

1099 1650 1270 1684 σφαλμάτων
1286 1650 1461 1685 κομίσασθαι.

1133 1743 1238 1778 Μαρία,
1276 1742 1397 1779 καθαρὸν
1425 1743 1471 1769 τοῦ
1501 1743 1589 1778 Λόγου
1620 1744 1763 1779 σκήνωμα,
1792 1744 1888 1772 παθῶν

1099 1789 1306 1825 ὲναποκάθαρον
1322 1790 1371 1824 τὴν
1384 1789 1498 1824 καρδίαν
1511 1798 1573 1824 μου,
1593 1791 1640 1816 καὶ
1655 1790 1754 1820 σκεῦος
1767 1789 1888 1825 καθαρὸν

1100 1835 1258 1869 Πνεύματος
1270 1834 1316 1861 τοῦ
1333 1834 1404 1861 θείου
1417 1832 1592 1867 ἀποτέλεσὸν,
1612 1834 1656 1862 ἴνα
1679 1833 1756 1865 ὑμνῶ
1772 1836 1820 1861 καὶ
1837 1843 1887 1869 με-

1100 1880 1207 1915 γαλύνω
1225 1888 1254 1906 σε
1269 1879 1319 1915 τὴν
1332 1879 1507 1914 πανύμνητον

1137 1926 1209 1961 Ilch
1219 1926 1265 1952 τὸν
1280 1926 1312 1951 ἐκ
1329 1925 1376 1952 σοῦ
1392 1925 1556 1959 γεννηθέντα
1571 1924 1675 1959 Κύριον
1689 1925 1769 1958 γενοῦ
1783 1924 1892 1959 μεσίτις

1101 1970 1202 2006 ἀγαθὴ,
1227 1970 1278 2005 τῆς
1305 1970 1418 2004 γεέννης
1443 1970 1490 1996 καὶ
1517 1969 1563 1995 τοῦ
1586 1969 1671 2004 πυρὸς
1687 1970 1762 2001 ὅπως
1787 1978 1821 2004 με
1845 1970 1893 1996 λ.)-

1100 2015 1205 2050 τρώσῃ,
1223 2015 1270 2042 καὶ
1295 2014 1452 2050 καταξιώσῃ
1475 2023 1509 2049 με
1526 2015 1575 2049 τῆς
1599 2014 1738 2050 βασιλείας
1767 2016 1893 2049 κραυγά-

1102 2062 1183 2094 ζοντα
1195 2070 1202 2077 ·
1227 2061 1255 2088 '0
1272 2060 1375 2092 αίνετὺς
1397 2060 1451 2087 τῶν
1468 2061 1595 2096 πατέρων
1621 2060 1688 2093 Θεὸς
1707 2061 1755 2087 καὶ
1775 2061 1893 2096 ὑπερὲν-

1101 2107 1187 2140 δοξος.

1138 2152 1295 2187 Φωτοδότην
1321 2151 1421 2184 τέξασα
1446 2151 1530 2183 Θεὸν,
1558 2151 1678 2186 ὁλόφωτε
1704 2150 1839 2186 Παρθένε,
1860 2151 1896 2177 τὰ

1103 2199 1216 2234 ὄμματα
1240 2198 1290 2232 τῆς
1318 2198 1433 2233 καρδίας
1453 2206 1503 2233 μου
1527 2198 1701 2231 καταὺγασον
1728 2198 1799 2232 φωτὶ
1825 2196 1895 2223 Θεοῦ

1105 2242 1290 2277 ἐπιγνώσεως,
1317 2243 1357 2274 εἰς
1376 2242 1406 2268 τὸ
1431 2242 1557 2277 μέλπειν,
1577 2243 1669 2269 Πάντα
1692 2242 1725 2268 τὰ
1751 2242 1831 2277 ἔργα,
1849 2242 1896 2267 τὸν

1106 2289 1208 2324 Κύριον
1225 2289 1345 2323 ὑμνεῖτε,
1366 2288 1414 2314 καὶ
1440 2288 1630 2324 ὑπερυψοῦτε,
1650 2288 1689 2319 είς
1706 2289 1810 2318 πάντας
1831 2289 1897 2319 τοὺς

1105 2334 1218 2366 αἰῶνας.

1141 2381 1250 2415 Φρίττει
1263 2379 1344 2415 νοερὰ
1359 2380 1551 2415 στρατεύματα
1563 2381 1593 2407 τὺ
1605 2380 1652 2407 τοῦ
1670 2380 1777 2416 Πατρὸς
1791 2379 1898 2414 ὁρῶντα

1108 2426 1179 2453 θεῖον
1195 2425 1367 2460 ἀπαύγασμά
1390 2434 1438 2452 σου
1455 2427 1483 2452 ὲν
1497 2427 1558 2457 ταῖς
1575 2425 1898 2462 χερσὶνιὰνερμηνιύτως

1108 2470 1305 2506 κρατούμενον,
1329 2471 1376 2497 καὶ
1401 2471 1432 2497 τὸ
1450 2471 1495 2498 σὺν
1513 2472 1684 2507 κεκτημένον
1697 2471 1835 2506 ὁμοίωμα,
1853 2471 1899 2497 Eva.

1108 2516 1220 2552 βροτοὺς
1237 2517 1338 2552 θεώσῃ,
1356 2517 1567 2553 Παρθενομῆτορ
1583 2518 1749 2552 πανάμωμε.

1115 2625 1167 2652 Ἕκ
1182 2625 1235 2652 τοῦ
1248 2626 1378 2658 κανόνος
1393 2626 1614 2697 τῆςΗδευτῗῇας,
1634 2628 1679 2660 είς
1694 2627 1749 2654 τὸν
1761 2627 1899 2661 Ὀρθρον.

1467 2670 1522 2696 χος
1565 2682 1572 2689 .

1467 2670 1522 2696 κος
1541 2670 1572 2696 P'-

1153 2714 1186 2741 Ὴ
1201 2715 1250 2751 τὴν
1265 2716 1356 2751 πηγὴν
1372 2718 1420 2751 τῆς
1441 2717 1576 2750 ἀπαθείας
1591 2718 1728 2753 κυήσασα,
1745 2726 1902 2754 τραυματια

1116 2807 1194 2834 οίΥεη
1222 2808 1315 2836 Patres
1342 2809 1633 2838 incontaminationem
1657 2816 1684 2838 et
1714 2811 1900 2837 omnimodam

1115 2843 1241 2885 Virginis
1250 2845 1395 2885 puritatem
1417 2846 1450 2872 ab
1473 2846 1547 2874 omni
1566 2846 1653 2882 culpa:
1678 2853 1777 2881 genere
1803 2846 1901 2873 divinae

1117 2880 1283 2907 maternitati
1298 2880 1459 2908 tribuentes.
