2075 3154
180 187 249 219 1993

859 184 1042 217 MARIALE.

1728 186 1797 218 1994

217 240 376 277 Νυσταγμίῥ
398 241 528 276 ἀμελείας
544 249 707 276 συνέχομαι,
727 240 809 275 ὕπνος
830 241 959 277 ἁμαρτίαι

1052 240 1226 276 Negligcntim
1239 241 1431 270 dormitatiune
1443 242 1553 276 laboro;
1570 250 1682 271 somnus
1697 247 1798 279 peccati

181 288 260 323 βαρεῖ
272 288 322 322 τὴν
345 287 459 323 καρδίαν
480 296 543 322 μου,
563 288 596 322 τῇ
613 288 646 322 σῇ
669 286 813 322 άγρύπνῳ,
831 287 963 321 πάναγνε,

182 332 306 367 μεσιτείᾳ
322 331 468 366 ὲξέγειρον,
485 332 570 359 σῶσόν
586 341 631 367 με.

217 378 397 413 Στειρεύουσα
414 379 490 413 φέρει
501 386 530 404 σε
546 379 626 413 νηδὺς
641 379 788 414 Παρθένον,
806 381 966 415 ὲγγάστριον

181 423 317 458 φέρουσαν
333 423 377 450 τὸν
394 423 479 457 Λόγον
496 425 715 460 σωματούμενον,
737 425 766 452 ὃν
783 426 864 458 θείοις
886 435 965 462 σκιρ-

180 469 300 502 τήμασιν
327 469 341 495 ό
364 468 450 503 μέγας
475 469 642 505 Πρόδρομος,
671 471 780 506 στείρας
795 473 809 497 6
834 471 966 506 πανάγιος

181 512 296 546 καρπὸς,
312 512 418 546 ὲπέγνω
433 513 545 548 χαίρων,
564 515 610 541 καὶ
628 515 824 551 προσεκύνησε.

217 558 348 592 ’Ὕψιστον
360 558 427 586 Θεὸν
439 560 520 594 σαρκὶ
533 560 704 588 ἀποτεκοῦσα
712 581 721 594 ,
731 562 786 589 ἀπὸ
802 563 918 597 κοπρίας
932 572 966 598 με

179 602 329 637 ἀνάστησον
355 603 449 630 παθῶν
474 604 529 631 τῶν
553 604 698 632 θλιϐόντων
728 615 772 641 με,
799 607 846 633 καὶ
873 608 965 640 δεινῶς

178 647 238 674 ὅλον
257 648 450 684 πτωχεύσαντα
467 651 526 682 ταῖς
546 650 630 683 θείαις
652 652 881 686 καταπλούτισον,
897 654 965 681 πάν-

178 701 255 726 αγνε,
271 693 382 728 ἀρεταῖς
398 702 443 730 με,
460 695 533 727 ὅπως
547 695 623 730 ὑμνῶ
641 704 670 722 σε
688 697 851 732 σωζόμενος.

212 784 363 820 Φερόμενον
387 786 495 815 ἅπαντα
520 787 566 814 τὸν
589 789 706 824 φέροντα
727 789 766 825 τῷ
796 790 910 826 νεύματι
936 793 965 819 ιν

176 830 275 866 γαστρὶ
289 832 468 866 προσεκύνεις
489 832 540 868 τῆς
555 833 726 870 Θεομήτορος
741 835 800 870 μεθ’
818 833 852 872 ἧς
868 836 965 863 ὲκδυσυ

175 873 256 907 ὡπει,
272 877 409 912 προφῆτα,
427 877 475 913 τὴν
492 879 624 915 ταπεινὴν
648 880 782 912 σώζεσθαι
797 882 887 917 ψυχήν
914 890 964 916 μου

1016 292 1130 322 occupat
1144 295 1192 315 cor
1206 295 1296 315 meutn
1312 297 1318 315 ε
1333 293 1372 321 ιιι,
1387 296 1403 315 o
1419 289 1585 321 castissima,
1601 297 1708 325 semper
1722 291 1798 326 vigili

1017 334 1213 362 intercessione
1226 338 1272 361 tua
1290 334 1378 362 excita
1396 342 1449 366 me,
1460 338 1487 362 et
1498 335 1574 363 salva
1587 343 1641 363 me.

1051 380 1152 407 Venter
1168 380 1270 407 sterilis
1282 380 1400 415 portavit
1411 385 1436 407 te
1449 379 1600 416 Virginem,
1612 389 1671 416 qua:
1681 383 1708 409 in
1721 387 1799 410 utero

1018 430 1063 452 tuo
1081 424 1201 452 Verbum
1226 431 1402 460 corporatum
1419 426 1578 460 portavisti;
1597 427 1668 461 quod
1685 435 1800 463 magnus

1018 470 1172 498 l’mcursor
1185 472 1377 499 sanctissimus
1390 471 1490 499 sterilis
1501 473 1570 499 uteri
1582 472 1688 500 fructus
1700 473 1801 501 divinis

1016 515 1130 543 saltibus
1139 516 1249 550 agnovit
1265 516 1448 550 ltetabundus,
1464 521 1491 544 et
1505 517 1640 545 adoravit.

1052 559 1103 593 Tu,
1116 568 1176 595 qum
1188 560 1357 587 Altissitnum
1375 561 1400 587 in
1417 568 1500 588 carne
1515 561 1655 596 peperisti,
1670 562 1744 598 erige
1758 570 1801 590 me

1016 612 1032 632 a
1046 610 1168 633 stercore
1181 607 1338 640 passionum
1353 606 1541 634 tribulantium
1553 615 1596 635 me
1610 616 1617 635 :
1632 613 1714 644 atque
1726 610 1802 637 omni

1016 657 1048 678 ex
1065 654 1142 684 parte
1157 650 1318 684 gravissima
1333 654 1454 686 egestate
1470 651 1654 685 laborantem,
1666 653 1722 680 dita
1744 662 1799 686 nte,

1015 703 1032 722 ο
1042 696 1206 729 castissima,
1221 697 1320 724 divinis
1333 696 1494 731 virtutibus,
1509 702 1540 725 ut
1561 698 1678 726 salutem
1699 706 1800 729 conse-

1015 746 1094 770 cutus
1110 742 1226 777 hymnos
1243 742 1291 770 tibi
1304 742 1456 770 deeantem.

1050 786 1197 823 lllum,qui
1209 791 1275 815 nutu
1289 792 1379 823 portat
1391 788 1531 822 universa,
1546 789 1574 816 in
1587 794 1665 818 utero
1678 790 1800 826 Deiparat

1016 836 1153 867 portatum
1171 833 1279 866 adoras,
1301 841 1318 861 ο
1337 834 1487 869 propheta;
1515 842 1577 862 cum
1607 843 1661 871 qua
1688 844 1801 872 precare

1016 886 1065 913 pro
1080 879 1173 906 salute
1195 879 1309 907 misella:
1331 880 1429 908 anima
1452 888 1530 914 mea},
1554 888 1615 916 qua:
1635 883 1756 917 quotidie
1771 884 1799 911 itt

176 919 283 951 πολλοῖς
318 921 539 956 περιπίπτουσαν
569 923 632 950 καθ’
664 924 770 959 ἡμέραν
799 915 959 961 πλημμελή-

1016 924 1093 959 plura
1109 929 1220 959 peccata
1230 925 1370 953 dilabitur.

198 975 271 993 ασιν.

176 974 271 1001 μασιν.
800 989 804 992 -

189 1019 237 1047 Ἐκ
253 1019 306 1047 τοῦ
325 1021 455 1055 κανόνος
472 1021 528 1057 τῆς
541 1022 683 1057 τετάρτης
698 1024 741 1057 εὶς
756 1024 809 1052 τὸν
824 1026 958 1061 Ὀρθρον.

223 1073 306 1109 Ὶερδς
331 1074 423 1101 ἐκάλει
447 1083 477 1101 σε
501 1076 580 1111 χορὸς
604 1076 692 1113 πύλην
719 1078 887 1113 ἀδιόδευτον,’
908 1081 961 1115 γῆν

175 1119 317 1154 ὲκλεκτὴν,
335 1120 382 1146 καὶ
398 1120 461 1155 ὅρος
473 1121 656 1157 ἀλατόμητον,
673 1124 796 1158 παναγία
815 1126 960 1154 Δέσποινα⁸

174 1163 221 1190 τδν
236 1164 376 1199 Δεσπότην
391 1165 446 1200 γὰρ
464 1165 519 1193 τῶν
534 1167 661 1194 ἁπάντων
684 1168 816 1204 ἐκύησας,
833 1171 880 1199 τὸν
900 1172 961 1199 ἐθεα

175 1208 289 1241 λουσιως
301 1209 454 1246 σταύρωσιν
468 1212 550 1248 σαρκὶ
564 1213 792 1250 καταδεξάμενον.

217 1303 384 1340 ’Υψούμενον
397 1305 427 1332 ὲν
441 1305 512 1341 ξύλῳ
523 1325 531 1339 ,
546 1306 593 1333 τὸν
604 1307 737 1343 ζωοδότην
753 1308 900 1344 βλέπουσα,
914 1311 961 1339 καὶ

175 1347 307 1379 ἑκουσίως
322 1347 483 1383 θνήσκοντα,
497 1350 609 1382 καὶτοῖς
620 1352 688 1378 πᾶσι
701 1351 774 1388 ζωὴν
794 1355 959 1390 παρέχοντα,

175 1392 290 1420 ἐδονεῖτο
303 1393 338 1420 τὰ
353 1393 497 1430 σπλάγχνα
513 1395 530 1431 ἡ
549 1396 730 1432 πανάμωμος.

219 1484 363 1512 ’Δνέτειλιν
379 1486 411 1512 ἐκ
431 1487 547 1522 γαστρός
564 1496 610 1515 σου
627 1489 732 1524 Πατρδς
744 1489 774 1516 τὸ
789 1491 961 1528 ἀπαύγασμα

176 1529 304 1564 Χριστὸς,
325 1531 372 1557 καὶ
393 1530 526 1564 ἐφώτισεν
542 1532 591 1566 τὴν
609 1533 771 1569 οἰκουμένην
794 1537 962 1572 σταυρούμε-

1140 1023 1182 1052 Ea:
1198 1034 1297 1053 canone
1313 1026 1389 1061 feria:
1403 1034 1428 1053 tv
1439 1027 1474 1054 ad
1490 1027 1665 1057 Matulittum.

1052 1078 1135 1107 Sacer
1147 1079 1249 1107 chorus
1264 1079 1379 1107 vocabat
1389 1085 1426 1114 te,
1444 1088 1461 1108 ο
1479 1081 1593 1110 Domina
1611 1084 1799 1118 sanctissima,

1014 1129 1122 1159 portam
1146 1125 1316 1160 imperviam,
1344 1130 1443 1154 terrant
1466 1127 1591 1161 electam,
1622 1134 1649 1158 et
1678 1135 1799 1159 montent

1015 1178 1095 1205 quem
1113 1171 1240 1206 lapicidas
1255 1179 1352 1199 manus
1372 1179 1425 1199 non
1443 1173 1609 1209 attigit(l4);
1622 1183 1684 1202 nam
1705 1177 1799 1205 Domi-

1014 1225 1079 1244 num
1104 1218 1294 1245 universorum
1318 1219 1457 1253 peperisti,
1486 1220 1534 1255 qui
1561 1221 1742 1251 voluntariam
1769 1225 1798 1252 itt

1014 1269 1096 1290 carne
1106 1262 1310 1290 cruciﬁxionem
1324 1264 1453 1299 suscepit.

1052 1307 1136 1343 Virgo
1150 1308 1309 1342 purissima,
1326 1315 1388 1335 cum
1405 1314 1527 1338 cerneret
1543 1311 1690 1340 exaltatum
1717 1313 1744 1341 in
1766 1315 1799 1342 li-

1015 1360 1068 1388 gno
1094 1353 1217 1381 datorem
1229 1354 1300 1386 vitae,
1316 1354 1499 1390 eumdemque
1514 1356 1666 1387 voluntarie
1678 1360 1798 1388 morien-

1018 1403 1081 1430 tem,
1109 1404 1192 1434 atque
1219 1399 1348 1427 omnibus
1381 1400 1462 1428 vitam
1495 1402 1672 1438 praebentem,
1701 1404 1797 1434 intimo

1016 1443 1107 1471 dolore
1121 1444 1223 1472 viscera
1239 1452 1288 1472 sua
1301 1445 1460 1473 discruciari
1475 1448 1619 1476 sentiebat.

1050 1489 1168 1518 Exortus
1182 1495 1224 1518 est
1240 1498 1273 1517 ex
1290 1495 1367 1518 utero
1384 1495 1431 1518 tuo
1455 1492 1582 1527 splendor
1597 1493 1687 1524 Patris
1717 1496 1798 1525 Cltrt-

1015 1539 1086 1567 stus,
1100 1543 1116 1563 ο
1127 1536 1215 1570 puella
1223 1535 1355 1564 maritalis
1365 1537 1417 1564 tori
1430 1537 1538 1572 ignara;
1550 1543 1630 1575 atque
1639 1541 1798 1570 universum

175 1583 230 1607 νος,
245 1575 320 1611 Κόρη
336 1577 520 1612 ἁπειρόγαμε,
536 1578 584 1605 καὶ
597 1579 650 1605 τῶν
665 1579 799 1615 δαιμόνων
822 1581 852 1607 τὺ
868 1583 959 1615 σκότος

1015 1583 1150 1607 terrarunt
1160 1580 1242 1615 259
1252 1581 1346 1608 orbent
1358 1582 1431 1609 cruci
1441 1582 1537 1612 aﬂixus
1556 1584 1728 1620 illuminavit,
1743 1587 1800 1616 da:-

175 1620 348 1655 ἑξηφάνισεν.

216 1665 344 1702 Ὧράθης,
357 1667 440 1702 ἁγνὴ,
456 1667 525 1703 μετὰ
538 1668 617 1696 τόκον
633 1669 752 1705 ἄφθορος
780 1671 845 1703 Θεὸς
859 1671 913 1708 γὰρ
930 1674 962 1700 ἐκ

158 1731 160 1733 μ
176 1710 224 1738 σοῦ
236 1711 334 1747 ἐτέχθη
351 1711 389 1744 ὡς
404 1712 557 1748 ἄνθρωπος,
576 1713 606 1741 ὃν
622 1716 816 1752 κατανοήσασα
828 1718 961 1754 σταυρού-

177 1764 256 1790 μινον
270 1756 320 1792 τὴν
335 1758 389 1786 τῶν
407 1758 568 1794 σπλάγχνων
586 1759 682 1795 ὀδύνην
704 1760 742 1796 μὴ
763 1761 881 1797 φέρουσα
896 1763 960 1798 ἡλά-

175 1800 267 1833 λαζες.

218 1846 371 1882 Ύμνοῠμέν
387 1855 427 1880 σε,
443 1848 613 1884 πανύμνητε,
633 1850 670 1882 ὡς
682 1850 748 1877 Θεὸν
762 1852 903 1887 κυήσασαν
916 1854 961 1881 τὸν

176 1891 367 1928 ὑπερύμνητον
389 1895 417 1920 ὲν
446 1894 517 1928 ξύλῳ
540 1895 587 1921 τὸν
613 1895 767 1930 ἀρχέκακον
789 1897 903 1934 δυνάμει
926 1901 959 1936 τῇ

174 1937 241 1973 αὐτῇ
262 1937 393 1965 όλέσαντα
414 1938 556 1974 τύραννον,
580 1941 620 1972 είς
647 1941 727 1976 ἡμῶν
756 1943 892 1979 σωτηρίαν
915 1946 962 1972 καὶ

175 1981 316 2016 καύχημα.

211 2028 263 2054 Τδν
286 2028 384 2064 βότρυν
403 2029 450 2056 τὸν
466 2030 590 2066 πέπυρον
616 2031 810 2067 ἀγεωργήτως,
837 2034 916 2070 ἁγνὴ,
932 2035 961 2061 ὃν

174 2073 353 2109 ὲΰλάστησας,
368 2076 396 2102 ὲν
411 2076 481 2111 ξύλῳ
495 2078 531 2109 ὡς
546 2077 672 2113 ἑώρακας
683 2080 867 2115 κρεμάμενον,
882 2081 961 2117 ἔκρα-

174 2118 229 2150 ζες·
249 2119 350 2146 Τέκνον
366 2129 416 2156 μου
431 2121 612 2156 γλυκύτατον,
635 2123 749 2158 γλεῦκος
765 2126 959 2161 ὲναπόσταξον,

173 2164 207 2190 δι’
222 2162 251 2192 οὗ
268 2166 388 2202 mequ
403 2167 472 2202 μέθη
487 2168 712 2204 ἁνασταλήσεται.

215 2209 307 2244 Σάρκα
324 2211 356 2237 ὲκ
378 2211 429 2246 τῆς
444 2212 493 2246 σῆς
508 2213 628 2248 γαστρὸς
643 2214 775 2249 λαμϐάνει
799 2215 894 2249 θέλων,
915 2219 961 2244 καὶ

1014 1632 1181 1660 manumque
1200 1626 1324 1654 tenebras
1339 1627 1493 1663 dissipavit.

1049 1673 1207 1708 lucorrupta
1223 1674 1331 1702 inventa
1345 1683 1374 1703 es
1386 1679 1446 1710 post
1458 1682 1578 1712 partum,
1593 1686 1610 1706 ο
1625 1685 1710 1715 casta;
1723 1689 1756 1710 ex
1773 1687 1799 1712 ιθ

1014 1720 1086 1747 enim
1105 1720 1196 1752 Deus,
1209 1725 1344 1755 quatenus
1362 1722 1455 1756 homo,
1482 1729 1563 1752 natus
1585 1730 1642 1759 est;
1667 1735 1747 1762 quem
1770 1729 1798 1757 in

1013 1772 1094 1792 cruce
1119 1768 1279 1800 pendentem
1310 1768 1540 1804 animadvertam,
1567 1771 1688 1800 dolorem
1706 1774 1798 1803 cordis

1013 1816 1066 1836 non
1086 1811 1234 1844 sustinens,
1251 1811 1276 1838 in
1297 1812 1399 1841 ﬂebiles
1419 1821 1501 1842 voccs
1516 1817 1689 1852 crumpcbas.

1049 1854 1203 1883 Laudamus
1217 1862 1252 1888 te,
1275 1865 1292 1884 o
1306 1859 1380 1885 omni
1405 1859 1485 1887 laude
1508 1861 1681 1896 celebranda,
1697 1865 1800 1900 quippe

1013 1908 1072 1935 quae
1091 1900 1174 1927 Deum
1191 1902 1264 1928 omni
1283 1902 1362 1930 laude
1385 1905 1555 1938 superiorem
1583 1907 1723 1941 peperisti,
1751 1910 1797 1944 qtti

1013 1951 1158 1981 tyrannutn
1175 1947 1325 1982 principem
1349 1949 1483 1978 malorum
1501 1952 1600 1979 virtute
1620 1960 1668 1979 sua
1681 1954 1798 1988 perdidit

1014 1992 1040 2018 in
1056 1992 1138 2026 ligno,
1157 1993 1183 2018 itt
1200 1998 1320 2019 nostram
1339 1994 1453 2021 salutent
1470 1999 1497 2022 ct
1512 1996 1639 2030 gloriam.

1048 2037 1159 2065 Botrum
1186 2038 1260 2065 illunt
1285 2045 1434 2072 maturum,
1449 2049 1530 2076 quem
1553 2043 1611 2069 sine
1628 2043 1676 2070 \iri
1690 2045 1796 2073 cultura

1014 2084 1176 2117 protuleras,
1190 2091 1206 2111 ο
1224 2083 1317 2120 Virgo,
1333 2091 1360 2112 ιιι
1375 2086 1464 2114 vidisti
1482 2088 1508 2114 itt
1526 2096 1607 2116 cruce
1623 2090 1796 2124 pendentem,

1015 2128 1064 2156 has
1078 2137 1159 2157 voces
1185 2130 1300 2158 emisisti
1319 2140 1326 2158 :
1348 2131 1511 2160 Dulcissitne
1524 2134 1573 2166 tili,
1594 2140 1713 2162 tnustutn
1730 2137 1795 2165 illud

1012 2174 1124 2208 dislilla,
1140 2183 1187 2210 per
1200 2175 1273 2210 quod
1293 2178 1450 2211 passionum
1474 2179 1592 2207 ebrietas
1604 2181 1794 2215 prohibeatur.

1048 2221 1163 2248 Carnem
1174 2229 1205 2249 ex
1222 2227 1299 2250 uteto
1320 2227 1372 2250 'tuo
1386 2224 1539 2253 voluntarie
1561 2228 1683 2262 suscepit
1709 2227 1795 2256 Ftlins

174 2254 323 2288 καθορᾶται
351 2257 365 2282 6
380 2257 506 2292 ἀόρατος,
531 2259 578 2284 καὶ
602 2259 755 2294 σταύρωσιν
770 2260 894 2296 δέχεται,
912 2264 959 2289 καὶ

1014 2270 1086 2300 tuus,
1099 2274 1114 2294 o
1130 2268 1242 2295 Domina
1262 2268 1316 2295 Deo
1327 2268 1505 2303 charissima;
1529 2275 1554 2298 et
1571 2279 1632 2299 cum
1650 2272 1795 2302 invisibilis

175 2300 283 2334 κατάρα
296 2301 457 2336 ὀνομάζεται
469 2304 592 2340 κατάρας
605 2305 797 2342 ἐξαιρούμενος
811 2308 932 2336 ἅπαντας
944 2311 958 2336 ό

173 2343 238 2376 Υἱός
254 2354 311 2378 σου,
321 2346 514 2383 Θεοχαρίτωτε.

213 2438 367 2474 Φθαρεῖσαν
381 2441 523 2474 ἐκαίνισας
538 2443 587 2479 τὴν
610 2445 691 2478 φύσιν
705 2445 752 2472 τοῦ
776 2449 956 2484 προπάτορος,

174 2484 245 2520 ὑπὲρ
270 2486 353 2520 φύσιν
377 2488 494 2515 τεκοῦσα
525 2491 572 2516 καὶ
601 2491 820 2527 παρθενεύουσα,
850 2496 957 2529 φύσεως

260 2532 270 2551 ν

171 2563 250 2602 ncnsi
267 2571 332 2598 agro
351 2565 526 2605 canonicum,
547 2570 573 2593 et
588 2566 774 2595 Immaculata:
792 2569 956 2606 conceptio-

172 2598 215 2636 ttis
235 2605 308 2636 cum_
326 2600 473 2633 pertinacia
500 2607 727 2636 oppugnatorem,
753 2598 955 2634 ct'udcliterrab

172 2632 284 2660 inimico
303 2632 506 2676 interemptum,
519 2632 587 2676 post
601 2641 656 2664 tres
676 2632 791 2676 amplius
806 2632 953 2676 boras’jartn

173 2673 312 2711 mortuum
332 2669 366 2695 ad
387 2670 468 2711 vitam
486 2671 616 2711 rediisse;_
631 2677 658 2699 et
676 2673 815 2711 veritatem
834 2669 955 2711 Concep-

173 2702 256 2738 tionis
278 2703 465 2732 immaculata:
485 2705 528 2732 ltis
544 2702 633 2734 verbis
643 2708 841 2737 continuasse:
864 2720 873 2736 ι
894 2702 951 2738 Vita

171 2736 205 2776 ad
218 2737 268 2764 hoc
281 2738 374 2777 solum_
389 2740 455 2767 mihi
472 2748 613 2777 concessa,
632 2747 660 2769 ut
670 2750 751 2777 quant
772 2736 846 2772 tenui
859 2736 953 2773 contra

171 2772 243 2809 piant
260 2774 432 2807 sententiam,
446 2772 610 2809 opinionem
625 2772 767 2805 retractent
783 2787 790 2805 :
807 2772 956 2808 verum’est

172 2807 357 2850 beatissiumm
382 2807 517 2844 Virginem
538 2811 650 2850 Mariam
670 2813 703 2850 ab
728 2814 802 2850 omni
829 2807 954 2850 originali

173 2842 279 2882 macula
306 2842 334 2870 in
349 2851 399 2871 sua
429 2842 605 2882 conceptione
638 2846 723 2874 fuisse
747 2842 914 2882 immunem,
929 2857 955 2878 et

167 2874 302 2905 ‘diriuitus
316 2874 522 2914 premerratant:
539 2891 548 2907 ι
568 2881 635 2909 Vide
644 2874 956 2914 Artnamenta—ri-utn'se:

1011 2317 1094 2345 esset,
1112 2313 1229 2342 visibilis
1245 2313 1331 2342 factus
1343 2319 1396 2348 est,
1411 2320 1438 2343 et
1448 2317 1538 2345 crucis
1553 2322 1718 2346 torntentum
1731 2327 1794 2347 sus-

1013 2357 1094 2391 copit,
1115 2363 1142 2385 et
1158 2359 1331 2386 maledictum
1348 2360 1505 2389 nominatus
1535 2368 1585 2395 est,
1608 2363 1671 2391 dum
1699 2372 1795 2393 omnes

1013 2402 1108 2430 libi-rat
1128 2411 1142 2430 a
1163 2405 1318 2432 maledicto.

1047 2451 1207 2484 (inrruptam
1235 2452 1313 2485 primi
1343 2453 1462 2486 paretttis
1487 2459 1612 2482 naturam
1641 2458 1793 2491 rennvasti;

1012 2496 1143 2523 unin‘leB
1184 2502 1288 2524 natura:
1319 2498 1517 2527 Plasmatorem
1551 2504 1794 2536 supernaturaliter

1011 2574 1155 2616 ralt‘ltlictntt
1171 2574 1201 2616 ‘ill
1215 2574 1323 2616 Regulo
1341 2584 1355 2602 a
1373 2585 1432 2611 pag.
1449 2577 1502 2606 565
1523 2584 1549 2607 et
1564 2581 1703 2616 deinceps.

1044 2607 1149 2649 (ῌλΕι
1171 2607 1260 2650 Monte
1273 2620 1287 2635 η
1306 2607 1490 2650 hunc-[ditent
1507 2622 1565 2650 non
1579 2607 1792 2650 attigitrﬁtnanus

1009 2642 1140 2685 hominis,
1154 2645 1242 2685 attigit
1267 2653 1362 2684 manus
1376 2642 1507 2676 daimonis
1521 2650 1527 2676 !
1545 2642 1705 2685 Nt-utit'fuam
1725 2642 1792 2685 pro;

1008 2678 1087 2720 ﬂecto.
1103 2679 1218 2705 Decebat
1231 2681 1303 2720 enini
1315 2690 1456 2720 eant,_qtt:e
1469 2678 1658 2712 Illlin'rsOl‘uln
1690 2678 1791 2720 peperit

1006 2712 1160 2753 Dominum,
1174 2721 1188 2739 a
1205 2722 1287 2753 manu
1298 2712 1424 2753 hominis,
1438 2723 1464 2744 et
1476 2722 1562 2746 tttttlto
1578 2720 1663 2753 magis
1674 2712 1696 2746 al
1710 2712 1790 2748 manu

1006 2747 1136 2783 dmmonis
1153 2756 1213 2776 esse
1229 2750 1335 2783 pettitus
1349 2747 1485 2779 intactum.
1499 2753 1567 2780 Hinc
1582 2753 1612 2779 Β.
1622 2747 1790 2782 Laurentius

1006 2780 1179 2822 Justinianns
1196 2780 1306 2822 inlibro
1320 2786 1352 2812 de
1374 2786 1506 2813 Gradibus
1530 2780 1791 2822 perfectionisnseri;

1009 2818 1061 2860 psit
1077 2826 1083 2844 :
1102 2826 1110 2842 ι
1128 2817 1167 2844 Ab
1177 2819 1302 2859 originali
1313 2817 1681 2860 peccatonuilns'excipitur,
1692 2830 1791 2860 pra-ter

1008 2851 1091 2885 illaut,
1102 2861 1162 2887 qua:
1176 2854 1268 2889 genuit
1285 2851 1375 2882 mundi
1392 2856 1568 2884 Salvatorent.
1589 2867 1599 2884 ι
