2075 3154
200 206 271 238 1297

884 199 1068 231 MARIALE.

1754 196 1821 229 12.33

241 262 318 297 ’Λγία
345 261 473 295 Θεοτόκε,
491 261 605 295 ἁγίασον
623 259 705 295 ἡμῶν
730 259 794 290 τοὺς
822 258 981 293 λογισμοὺς,

1071 255 1092 282 0
1107 255 1206 282 Sancta
1217 254 1341 289 Deipara,
1354 249 1674 288 santiti‘ca‘cagitationes
1703 257 1822 286 nostras,

200 309 248 335 καὶ
259 308 290 334 ἰδ
309 307 439 343 φρόνημα
453 306 589 342 στήριξον,
606 307 654 332 καὶ
678 305 765 332 σῶσον
780 306 812 332 ὲκ
826 304 881 331 τῶν
895 303 984 338 βελῶν

199 354 247 381 τοῦ
255 352 375 388 πονηροῦ
381 352 519 387 ἀτρώτους
531 352 605 387 ἡμᾶς
617 351 777 385 δοξάζοντας
790 359 837 377 σου
854 350 883 377 τὸ
899 348 984 381 ἕλεος,

196 399 270 434 ἀγνὴ
275 418 282 425 .

235 444 313 472 Μετὰ
342 443 501 479 μαρτύρων,
527 442 658 478 ᾶχραντε,
679 442 727 470 καὶ
745 441 826 469 ὁσίων
844 440 985 475 Πατέρων,

194 490 248 517 καὶ
261 489 418 525 προφητῶν,
433 479 529 516 ττασῶν
542 488 640 519 ,τε-καὶ
659 487 812 515 τῶνίὸσίων
838 486 985 521 γυναικῶν,

199 535 246 562 τὸν
274 535 304 561 ἐν
336 533 422 568 ἁγίοις
450 533 529 568 μόνον
559 532 804 567 ἐπαναπαυόμενον
835 530 986 557 ἑκδυσώπει

199 580 275 615 ἡμᾶς
294 579 473 613 καθαγιάσαι,
498 578 577 613 ἁγνὴ,
591 579 683 613 ἁγίαις
699 578 727 604 ὲν
751 577 854 612 φωναῖς
872 576 933 607 τοὺς
945 575 988 602 δο-

192 625 377 659 {amurcae
396 624 477 652 αὑτὸν
491 624 532 656 τις
545 623 610 656 τοὺς
622 624 734 655 αἰῶνας.

231 670 389 705 Θεοκυῆτορ
402 669 485 705 ἁγνὴ,
503 669 573 705 μετὰ
588 669 698 697 πάντων
711 668 869 705 μαρτύρων,
881 674 989 703 προφη-

198 715 264 748 τῶν,
280 715 328 742 καὶ
338 715 435 748 τὸσίων,
444 715 492 742 καὶ
502 715 589 749 ἁγίων
604 714 741 749 γυναικῶν
757 713 805 741 καὶ
827 711 990 749 ίερομαρτύ-

197 768 267 796 ρων,
283 760 508 796 κατοατειρῆσαι
525 760 600 795 ἡμᾶς
613 759 658 787 τὸν
670 760 783 796 Σωτῆρα
798 759 927 786 δυσώπει.

233 850 444 886 (Damasipth
454 849 523 881 Θεδν
541 850 558 885 ἡ
574 849 704 885 κυήσασα
725 849 817 884 σαρκὶ,
837 849 906 884 μετά
922 847 990 874 πάν-

198 903 254 921 wv
271 894 365 929 ἁγίων
386 894 549 923 καθικέτευε
574 895 619 922 ἀεὶ
634 893 864 930 -ικινδύνωνιίιμᾱς
891 893 988 926 σῶσαι,

198 939 415 976 Μητροπάρθενε
424 940 505 975 ἁγνή.

530 1038 623 1066 ΗΧΟΣ
645 1039 683 1066 1".

207 1095 255 1122 Ἐκ
265 1094 317 1122 τοῦ
327 1095 457 1128 κανόνος
478 1093 534 1130 τῆς
553 1093 694 1128 δευτέρας
718 1094 763 1127 εις
779 1093 833 1120 τὸν
851 1094 989 1128 ὀρθρον.

238 1148 362 1183 Παναγία
371 1149 500 1184 ἄχραντε,
516 1148 685 1184 ἁμαρτωλῶν
700 1147 822 1183 βοήθεια,
833 1147 989 1174 πιπτόντων

202 1194 555 1229 ἑπανόρθωσις,μετάνοιαν
565 1193 635 1220 δίδου
653 1201 699 1228 μοι
715 1192 889 1224 κατανύξεως
903 1191 990 1218 πολλὰ

202 1239 395 1275 ἡμαρτηκότα.

236 1285 330 1320 Μαρία
340 1284 497 1321 κυριώνυμε
514 1284 622 1317 πολλοῖς
637 1283 818 1319 κυριευθέντα
843 1292 876 1319 με
890 1283 990 1311 πάθεσι

200 1329 382 1366 ψυχοφθόροις
396 1330 580 1366 ὲλευθέρωσον
597 1329 756 1366 πρεσϐείαις
769 1337 828 1356 σου.

235 1466 311 1493 Δίδου
321 1474 377 1502 μοι,
392 1466 472 1502 ἁγνὴ,
483 1466 570 1502 ἁληθῆ
585 1467 740 1502 μετάνοιαν,
754 1465 858 1493 παῦσον
872 1466 926 1493 τῶν
938 1475 989 1493 πα-

201 1512 257 1540 Θῶν
271 1521 323 1548 μου
335 1512 381 1539 τὸν
397 1512 488 1546 σάλον,
501 1513 713 1548 ἁμαρτανόντων
728 1513 746 1548 ἠ
761 1512 927 1548 προστασία.

1038 302 1178 336 animique
1194 302 1311 329 ‘seusum
1331 297 1489 331 corrobora,
1503 303 1530 326 et
1552 306 1567 325 a
1592 297 1703 333 maligni
1727 298 1825 333 jaculis

1036 355 1087 376 nos
1111 347 1172 375 sine
1206 347 1317 374 vulnere
1346 348 1496 376 conserva.
1522 344 1586 372 dum
1617 350 1691 372 tuam
1720 345 1825 373 miseri-

1038 393 1171 426 cordiam,
1185 399 1201 419 ο
1219 390 1301 427 Virgo
1315 395 1400 425 casta,
1418 390 1612 426 gloriﬁcamus.

1074 438 1134 467 Una
1152 445 1214 466 enm
1238 438 1416 472 martyribus,
1445 437 1603 471 sanctisque
1627 435 1757 464 Pati-ibus
1791 444 1823 463 ac

1037 484 1188 520 prophetis,
1202 483 1387 518 omnibusque
1400 483 1506 511 sanctis
1520 482 1681 510 mulieribus
1694 482 1826 517 supplici—

1038 534 1089 561 ter,
1108 537 1124 556 ο
1140 528 1234 564 Virgo,
1246 535 1295 555 ora
1307 528 1382 555 illum
1395 528 1441 562 qui
1453 527 1527 556 solus
1538 527 1566 555 in
1579 528 1682 556 sanctis
1717 527 1826 562 requie-

1039 575 1101 607 scit,
1118 580 1148 602 ut
1163 574 1315 602 sanetilieet
1333 581 1396 606 nos,
1423 573 1469 609 qui
1482 573 1584 602 sanctis
1606 573 1721 601 vocibus
1749 572 1830 600 illum

1027 621 1221 657 .gloritleamus
1234 620 1261 648 in
1275 620 1386 650 macula.

1075 666 1122 695 Del
1144 665 1267 694 Genitrix
1283 673 1351 700 pura
1372 669 1399 693 et
1419 670 1513 698 easta;
1529 671 1593 693 cum
1615 663 1743 693 omnibus
1762 671 1827 699 pro-

1039 712 1140 748 phetis,
1167 711 1344 746 martyribus,
1371 715 1398 738 et
1426 710 1643 743 eonfessoribus,
1670 712 1827 746 sanctisque

1039 756 1202 785 mulieribus
1229 763 1262 784 ae
1282 755 1538 791 ltieromartyribus,
1563 763 1677 790 precare
1699 757 1824 784 Salvato-

1040 811 1108 835 rem,
1126 806 1156 830 ut
1169 802 1335 830 misereatur
1349 802 1447 829 nostri.

1075 847 1097 875 Ο
1112 847 1208 879 Mater,
1224 846 1307 882 Virgo
1323 847 1482 882 purissima,
1498 854 1559 882 qua:
1574 852 1725 876 amatorem
1741 849 1824 876 mise-

1041 894 1166 922 ricordiae
1180 894 1264 921 Deum
1281 894 1311 921 in
1333 901 1416 921 carne
1440 893 1594 928 peperisti:
1616 901 1725 929 semper
1749 895 1824 923 illum

1006 927 1026 955 Β
1040 940 1196 974 deprecare,
1207 947 1262 966 una
1276 946 1339 967 cum
1358 940 1489 967 omnibus
1503 940 1618 973 sanctis,
1637 944 1667 967 ut
1684 947 1734 968 nos
1751 947 1767 968 a
1778 947 1826 975 pc—

1040 984 1135 1014 rieulis
1152 984 1243 1014 salvos
1262 985 1409 1013 custodiat.

1343 1039 1460 1068 TONUS
1475 1040 1519 1068 Ill.

1163 1094 1205 1122 Ea:
1216 1102 1315 1122 canone
1331 1094 1405 1129 feria:
1425 1102 1444 1122 ιι
1455 1095 1491 1122 ad
1513 1094 1689 1123 Matutinum.

1075 1148 1159 1184 Virgo
1175 1148 1349 1177 sanctissima
1366 1156 1398 1176 ac
1414 1149 1573 1184 purissima,
1585 1149 1718 1177 auxilium
1729 1157 1826 1184 pecca-

1040 1199 1142 1227 torum,
1157 1194 1295 1229 lapsorum
1311 1194 1425 1227 erectio,
1445 1195 1524 1227 mihi,
1542 1194 1590 1230 qui
1616 1195 1700 1222 multa
1715 1200 1824 1230 peccata

1040 1240 1205 1275 perpetravi.
1217 1239 1435 1274 compunetionis
1447 1240 1634 1275 poenitentiam
1648 1241 1777 1269 concede.

1074 1284 1097 1312 Ο
1108 1285 1203 1319 Maria,
1219 1285 1299 1320 cujus
1315 1293 1414 1313 nomen
1431 1285 1574 1313 Dominam
1598 1290 1688 1318 sonat,
1709 1294 1754 1314 me
1774 1287 1826 1314 sub

1041 1331 1187 1359 multarum
1205 1332 1377 1366 passionum,
1389 1331 1509 1359 animam
1528 1340 1616 1360 meam
1633 1332 1667 1360 ad
1684 1332 1824 1360 interitum

1040 1377 1268 1411 pertrahentium,
1283 1376 1424 1405 dominatu
1441 1384 1604 1413 oppressum
1627 1377 1712 1405 libera
1740 1378 1825 1405 inter-

1040 1421 1210 1449 cessionibus
1225 1422 1290 1449 tuis.

1076 1465 1175 1494 Veram
1203 1467 1270 1495 mihi
1300 1467 1488 1502 paenitentiam
1514 1468 1651 1502 concede;
1677 1476 1824 1504 compesce

1041 1511 1201 1546 passionum
1218 1518 1343 1539 mearum
1358 1513 1559 1541 tumultuantes
1574 1512 1690 1547 ﬂuctus;
1707 1521 1725 1541 ο
1739 1513 1824 1549 Virgo

1042 1561 1130 1588 casta.
1145 1556 1304 1591 praesidium
1320 1562 1508 1592 peccaturum.
1574 1558 1577 1562 '

242 1607 277 1634 Ἦ
296 1606 364 1642 μόνη
384 1606 427 1634 διὰ
442 1606 522 1641 λόγου
541 1606 594 1634 ’ἐπὶ
619 1605 670 1641 γῆς
695 1605 743 1633 τὸν
773 1605 859 1640 Λόγον
886 1596 987 1637 τέξασα

1075 1602 1155 1638 262
1168 1602 1190 1629 Ο
1204 1606 1244 1635 ιιι,
1256 1610 1317 1638 quas
1330 1603 1387 1630 sola
1407 1604 1435 1631 in
1455 1604 1535 1631 terris
1548 1611 1598 1639 per
1616 1605 1729 1632 verbum
1756 1604 1825 1633 Ver-

197 1653 250 1680 καὶ
268 1653 491 1689 παρθενεύουσα,
506 1652 561 1679 τῶν
575 1652 680 1686 ἀλόγων
696 1660 730 1687 με
754 1651 836 1686 ῥῦσαι
862 1651 989 1685 πράξεων

201 1696 291 1731 λόγοις
310 1697 419 1729 σεπτοῖς
432 1696 507 1729 ὅπως
525 1697 638 1732 ἀνυμνῶ
652 1704 693 1723 σε.

230 1789 293 1823 ’Τὴν
304 1787 421 1816 κιϐωτὸν
435 1787 486 1824 τῆς
499 1788 647 1824 Διαθήκης,
661 1787 710 1823 τὴν
729 1787 812 1822 ἁγίαν
828 1787 914 1820 ὅντως
923 1789 990 1824 τρά-

202 1834 298 1867 πεζαν,
312 1834 344 1861 τὸ
356 1835 523 1870 ίλαστήριον
548 1834 639 1870 ἡμῶν,
649 1834 696 1861 τὸν
717 1833 782 1860 ναὸν
795 1833 863 1860 Θεοῦ
881 1833 926 1860 τὸν
941 1833 992 1869 ἐμ-

201 1881 297 1916 ψυχον,
321 1880 371 1917 τὴν
387 1881 546 1916 πάγχρυσον
565 1879 688 1915 λυχνίαν,
708 1879 758 1916 τὴν
775 1879 862 1916 ἀληθῆ
875 1880 992 1916 Μητέρα

201 1925 248 1953 τοῦ
265 1925 456 1961 πλαστουργοῦ
469 1924 588 1960 ἀνυμνοῦ
593 1933 652 1960 μεν.

242 1971 275 1997 'll
292 1971 380 2006 κρήνη
406 1970 423 2006 ή
449 1969 480 1996 τὸ
498 1969 569 2004 ὕδωρ
584 1969 635 2004 τῆς
646 1969 771 2004 ἀφέσεως
797 1968 928 2004 βρύουσα,
942 1969 992 2001 τὰς

201 2016 345 2048 ιχὸλύσεις
360 2016 415 2043 τῶν
434 2015 509 2050 ὲμῶν
534 2015 714 2050 πταισμάτων
734 2015 862 2049 ξήρανον.
875 2023 991 2050 παρεχο-

203 2062 272 2096 μένη
287 2070 332 2096 μοι
343 2061 463 2096 ὖμδρους
477 2060 615 2096 δακρύων,
642 2061 717 2093 ὅπως
732 2069 762 2088 σε
776 2061 820 2088 ἀεὶ
838 2061 876 2093 ὡς
893 2061 990 2088 Θεστὼ

201 2117 250 2136 κον
261 2107 348 2143 ὑμνῶ.

243 2154 395 2190 ’Υπερὸολῇ
424 2153 559 2186 ἀσωτείας
590 2152 629 2188 τῷ
654 2153 706 2190 ᾄδῃ
727 2154 786 2180 νυνὶ
811 2155 990 2189 προσήγγισα

200 2201 434 2237 ὑπερϐάλλουσαν,
444 2200 531 2236 Κόρη,
540 2199 742 2235 εὐσπλαγχνίαν
750 2199 861 2235 ἔχουσα,
875 2200 912 2232 ὡς
924 2200 990 2226 Θεὸν

199 2247 246 2273 τὸν
258 2245 446 2281 εῢσπλαγχνον
472 2246 604 2281 ἀρρήτως
616 2245 753 2280 ζτεκοῦσα,
768 2245 929 2281 οίκτείρασά
953 2254 988 2281 με
1004 2266 1026 2295 D

201 2291 298 2321 σῶσον.

235 2381 366 2410 Φωτεινὺν
381 2381 428 2408 τοῦ
444 2382 581 2409 Aea-motor)
599 2382 741 2414 παλάτιον,
753 2379 826 2409 οἷκον
852 2383 938 2416 δεῖξόν
954 2392 988 2418 με

202 2426 290 2461 φωτός
308 2433 317 2442 ·
339 2425 477 2453 ἀδιόδευτε
509 2426 592 2461 πύλη,
607 2427 753 2459 ὗπάνοιξόν
777 2435 822 2462 μοι
845 2428 989 2462 μετανοίας

200 2473 279 2504 ὁδούς
303 2479 313 2489 ο
326 2472 363 2507 γῆ
388 2471 464 2506 ἁγία,
479 2472 547 2508 πρὸς
575 2472 626 2508 γῆν
643 2481 678 2508 με
695 2473 806 2508 πραέων
831 2472 963 2508 ὁδήγησον
980 2481 988 2488 ⁸

201 2518 346 2550 Δέσποινα,
365 2517 456 2550 πάσης
472 2526 507 2553 με
526 2517 611 2551 δεῖξον
628 2518 788 2550 δεσποτείας
817 2518 913 2546 παθῶν
934 2519 988 2546 ἁπ-

201 2563 353 2598 ελεύοερον.

207 2619 259 2646 Ἕκ
275 2618 329 2645 τοῦ
354 2618 484 2651 κανόνος
510 2618 565 2653 τῆς
580 2618 677 2653 τρίτης
709 2620 753 2652 εὶς
774 2619 828 2646 τὸν
851 2620 987 2655 Ὀρθρον.

242 2672 406 2704 Ἀθανασίας
421 2672 510 2708 μάννα
525 2672 642 2708 Χριστὸν
658 2673 788 2709 φέρουσα,
806 2674 927 2708 στάμνος
943 2676 986 2701 λα.

201 2718 278 2754 γικὴ,
294 2718 409 2754 πικρίας
433 2718 613 2754 ψυχοφθόρων
628 2718 722 2746 παθῶν
746 2719 917 2753 ὲκλύτρωσαί
943 2729 986 2755 με,

202 2763 324 2799 Παρθὲνε
346 2763 479 2798 παναγία,
498 2764 572 2795 ὅπως
599 2763 691 2790 πίστει
711 2763 844 2798 δοξολογῶ
858 2772 888 2790 σε
909 2763 988 2790 εὐσε-

201 2809 267 2840 ϐῶς.
446 2813 463 2825 ⁵

237 2854 449 2890 Παρθενομῆτορ
458 2855 586 2890 ἄχραντε,
598 2855 793 2891 μετανοοῦντας
806 2855 881 2890 ἡμᾶς
891 2855 937 2881 καὶ
949 2855 988 2890 τῷ

201 2900 312 2936 Χριστῷ
329 2901 546 2937 προστρέχοντας
561 2902 608 2929 καὶ
622 2902 677 2929 τῶν
703 2902 884 2937 πταισμάτων
909 2901 986 2929 λύσιν

1041 1647 1104 1674 bum
1120 1647 1238 1682 genuisti
1263 1655 1295 1675 ac
1321 1648 1465 1683 peperisti,
1485 1653 1512 1676 et
1540 1649 1618 1684 virgo
1640 1650 1827 1685 pcrmansisti,

1040 1692 1123 1719 libera
1142 1700 1184 1720 me
1194 1693 1228 1720 ab
1245 1693 1397 1721 actionibus
1413 1694 1577 1728 brutalibus,
1589 1699 1618 1722 ut
1636 1695 1727 1723 verbis
1743 1703 1824 1723 vene-

1040 1738 1146 1766 ratione
1162 1738 1249 1773 plenis
1265 1743 1290 1767 te
1306 1739 1467 1769 collaudem.

1075 1785 1173 1811 Arcam
1188 1784 1367 1818 Testamenti,
1387 1793 1509 1813 mensam
1532 1794 1595 1814 vere
1621 1792 1755 1819 sanctam,
1776 1794 1827 1819 tto—

1041 1833 1127 1856 strum
1165 1830 1397 1864 propitiatorium.
1427 1832 1558 1866 templum
1585 1832 1632 1859 Dei
1662 1833 1826 1864 animatum.

1041 1873 1181 1901 lucernam
1204 1879 1287 1902 totam
1301 1883 1424 1908 auream.
1443 1884 1535 1904 veram
1557 1877 1670 1905 Matrem
1687 1878 1827 1906 Creatoris

1040 1918 1239 1946 eollaudamus.
1787 1927 1789 1930 ‘

1075 1962 1185 1997 Ofons,
1209 1965 1254 1999 qui
1282 1973 1379 2000 aquam
1403 1966 1578 2002 indulgentia:
1604 1975 1637 1995 ac
1657 1969 1828 1997 remissionis

1041 2009 1167 2043 scaturis,
1197 2015 1370 2044 peccatorum
1399 2018 1522 2038 meorum
1560 2017 1704 2041 manantes
1740 2021 1826 2049 aquas

1039 2055 1158 2088 exsicca,
1175 2055 1356 2091 laerymarum
1376 2056 1477 2085 imbres
1496 2057 1561 2084 mibi
1576 2057 1741 2091 concedens,
1759 2064 1788 2086 ut
1802 2065 1827 2087 te

1040 2108 1148 2136 semper
1158 2105 1286 2137 tanquam
1298 2103 1440 2137 Deiparam
1455 2103 1580 2131 laudibus
1593 2105 1733 2132 extollam.

1076 2145 1203 2174 Luxuria:
1224 2152 1306 2183 atque
1321 2149 1547 2184 ,intemperantiae
1575 2156 1691 2178 excessu
1719 2150 1826 2178 inferno

1040 2199 1114 2220 nunc
1131 2194 1347 2228 appropinquavi
1364 2203 1370 2221 :
1387 2199 1426 2228 tu,
1440 2202 1456 2221 o
1477 2193 1580 2227 Puella,
1598 2203 1659 2230 qua:
1673 2197 1781 2225 execdis
1799 2198 1825 2224 in

1041 2240 1192 2267 visceribus
1215 2240 1421 2274 misericordiae,
1444 2246 1525 2276 utope
1541 2249 1602 2276 qua:
1617 2242 1700 2269 Deum
1718 2243 1822 2271 miscri-

1041 2285 1235 2313 cordissimum
1252 2286 1426 2314 ineﬂ‘abiliter
1438 2287 1581 2323 peperisti,
1607 2287 1739 2317 miserere
1760 2290 1825 2322 mei,

1040 2336 1066 2358 et
1076 2331 1150 2359 salva
1168 2340 1221 2359 me.

1075 2377 1100 2404 0
1116 2378 1245 2413 palatium
1265 2378 1311 2406 Dei
1328 2379 1508 2413 luminosnm,
1532 2381 1575 2410 l'ac
1593 2389 1635 2409 me
1652 2381 1764 2409 domum
1783 2382 1825 2408 lu-

1040 2422 1080 2450 cis
1099 2432 1106 2450 :
1121 2431 1138 2451 ο
1151 2428 1228 2458 porta
1242 2424 1383 2460 impervia,
1396 2426 1473 2460 aperi
1492 2427 1558 2454 mihi
1571 2427 1628 2457 vias
1641 2427 1825 2462 paenitentiae:

1039 2475 1056 2496 ο
1066 2473 1137 2497 terra
1152 2476 1258 2504 sancta,
1268 2470 1355 2498 deduc
1369 2479 1412 2498 me
1435 2471 1462 2499 in
1477 2476 1577 2500 terram
1595 2478 1800 2501 mansuetorum
1815 2482 1822 2501 :

1040 2522 1056 2543 ο
1073 2515 1198 2550 Domina,
1210 2516 1295 2544 libera
1309 2525 1352 2545 me
1366 2517 1401 2545 ab
1414 2518 1490 2546 onmi
1509 2520 1671 2554 passionum
1689 2520 1823 2548 dominio.

1162 2618 1204 2644 Ex
1222 2625 1321 2644 canone
1339 2618 1414 2652 ferite
1430 2627 1460 2647 ιιι
1474 2620 1508 2646 ad
1525 2619 1697 2650 Halulinum.

1074 2669 1097 2698 0
1117 2679 1185 2698 urna
1201 2672 1352 2706 rationalis,
1373 2681 1434 2708 quae
1451 2674 1593 2703 Christum
1611 2676 1826 2704 immortalitatis

1040 2724 1138 2744 manna
1151 2718 1248 2752 tulisti,
1261 2718 1345 2747 libera
1358 2728 1412 2752 me,
1426 2719 1508 2755 Virgo
1523 2721 1708 2754 sanctissima,
1719 2729 1734 2749 a
1751 2730 1825 2750 mor-
1845 2735 1849 2738 ι

1039 2764 1180 2792 tiferaruni
1195 2766 1354 2800 passionum
1371 2768 1564 2801 amaritudine,
1586 2773 1615 2797 ut
1627 2775 1690 2796 cum
1713 2769 1776 2803 title,
1792 2777 1825 2798 ac

1039 2810 1139 2845 pietate
1158 2815 1183 2838 te
1196 2811 1355 2846 gloriﬁcem.

1077 2855 1158 2890 Virgo
1167 2855 1254 2884 Mater
1263 2857 1404 2890 inviolata,
1415 2862 1443 2885 tu
1451 2858 1640 2892 quaeomnium
1651 2867 1682 2887 es
1694 2859 1822 2894 Domina,

1039 2901 1158 2931 concede
1167 2902 1244 2931 nobis
1253 2903 1380 2932 omnibus
1386 2903 1432 2938 qui
1443 2903 1603 2938 poenitentia
1611 2904 1686 2933 ducti
1698 2906 1730 2933 ad
1744 2906 1824 2935 Cbri-
