2075 3154
286 185 353 218 1299

845 192 874 220 S.
895 192 1050 223 JOSEPHI
1073 194 1353 225 lIYMN'OGllAPIII

1831 193 1899 228 1300

284 246 355 269 stum
369 241 549 274 rceurrimus,
564 247 589 269 et
605 248 777 278 peccatorum
798 245 998 276 absolutionem
1015 248 1061 276 de-

1115 249 1240 283 θέλοντας
1253 251 1356 284 λαϐεῖν,
1376 251 1471 279 τοῦτον
1484 252 1555 279 ἵλεον
1564 251 1620 283 τοῖς
1628 250 1719 278 ⁴’πᾶσιν
1731 251 1898 287 ἀπέργασαι,

283 287 445 318 sideramus,
459 290 488 313 ιιι
500 287 574 313 illum
591 288 736 322 propitium
751 291 870 325 reperire
885 293 1032 326 possimus.

317 329 406 361 Salve,
423 337 438 356 ο
450 329 539 357 Puella
556 331 704 358 multorum
728 335 868 362 nominum
883 338 1065 371 appellatione

283 375 440 409 conspicua,
459 383 491 402 ex
507 384 559 410 qua
577 375 696 404 Verbum
714 383 808 407 natum
826 385 878 414 est,
896 383 968 416 quod
988 391 1037 411 nos
1049 392 1064 411 a

282 419 319 447 [ω
330 421 414 447 larum
442 421 578 448 actionum
610 423 819 452 irrationalitate
845 427 953 455 liberat.
969 428 1063 462 Salve,

282 466 367 493 nubes
380 465 479 499 lucida,
490 474 550 501 quae
561 473 661 495 nostra).
674 470 912 503 pusillanitnitatis
923 481 955 500 ac
970 482 1064 502 socor-

281 511 333 538 dia:
351 512 435 538 nubes
443 512 572 546 dispellit.

316 557 396 592 263
412 558 492 585 Partu
515 563 572 590 tuo.
595 567 611 587 ο
627 559 731 592 Puella,
747 562 828 597 primi
845 563 966 598 parentis
979 565 1064 592 mule-

281 603 426 630 dictiouem
443 604 591 636 sustulisti,
610 610 637 633 et
652 607 731 634 nobis
744 607 941 637 benedictionis
953 609 1064 638 ﬂumina

281 656 410 676 emanare
433 648 531 681 fecisti.
548 650 594 684 qui
615 655 640 678 te
656 651 857 686 benedicimus,
876 658 902 682 et
923 663 985 682 cum
1010 656 1063 683 ﬁde

281 695 476 730 gloriﬁcamus.

315 743 431 778 Ojanua
451 752 557 777 eorum,
584 745 630 780 qui
649 753 698 781 per
721 745 800 773 ﬁdem
825 747 939 774 salutem
968 754 1064 775 conse-

282 793 402 823 quuntur
419 798 425 816 :
442 797 458 816 o
469 795 545 825 porta
564 798 611 825 per
626 799 707 825 quam
725 792 801 819 solus
812 793 856 819 ille
869 793 1058 828 pertransivit,

281 835 327 869 qui
343 840 451 870 propter
463 844 513 864 nos
530 836 687 864 incarnatus
703 843 761 870 est;
782 839 855 872 aperi
877 839 955 866 nobis
972 844 1064 874 portas

279 882 402 916 iustitiae.
415 883 460 917 qui
473 887 497 909 te
510 883 623 910 ﬁdeliter
637 883 834 912 collaudamus.

316 925 338 952 0
354 930 430 952 casta
443 925 525 961 Virgo
542 933 682 962 perpetua,
697 928 780 955 libera
797 936 840 955 me
855 929 888 956 ab
903 929 1064 964 ignorantiae
1079 922 1101 951 Β

280 973 439 1008 peccatique
453 974 582 1005 tenebris.
605 982 665 1007 qua:
686 982 729 1002 me
746 976 928 1011 undequaque
951 977 1066 1004 circum-

281 1019 347 1045 dant
360 1023 386 1046 et
414 1020 620 1054 constringunt:
639 1021 738 1055 quippe
751 1029 812 1056 quas
839 1022 914 1049 illum
934 1023 1064 1058 peperisti

281 1064 327 1098 qui
340 1064 466 1091 universa
481 1070 508 1092 et
520 1065 641 1093 continet
654 1070 681 1093 et
697 1067 834 1101 astringit.

317 1109 463 1144 Speciosus
477 1110 564 1138 l‘orma
581 1111 714 1140 Dominus
730 1121 790 1140 cum
805 1117 830 1140 te
842 1114 959 1148 speciem
981 1113 1064 1142 Jacob

282 1155 431 1188 dilexisset,
449 1164 466 1184 0
486 1157 750 1191 immaculatissima,
775 1159 938 1186 inhabitavit
957 1165 1063 1188 uterum

282 1205 376 1234 tuum;
391 1206 418 1229 et
433 1202 583 1230 caelestium
599 1202 732 1231 donorum
750 1204 953 1238 pulchritudine
969 1205 1065 1232 huma-

282 1255 346 1275 num
363 1255 449 1282 genus
466 1248 613 1276 decoravit.

303 1292 356 1327 .Te
372 1294 472 1321 nubem
488 1294 605 1322 lucidam
621 1295 750 1330 propheta
763 1296 897 1330 prtevidit,
911 1304 943 1324 ex
955 1304 1007 1332 qua
1024 1297 1064 1324 sol

283 1345 400 1372 magnus
415 1338 543 1366 Christus
562 1338 633 1367 Deus
658 1340 784 1374 apparuit
807 1341 898 1373 nobis,
912 1345 939 1368 et
958 1348 989 1368 ea
1004 1349 1065 1376 quae

282 1383 358 1417 prius
375 1384 493 1411 tenebris
506 1384 614 1419 perfusa
644 1390 722 1412 erant
735 1386 907 1414 illuminavit.
933 1387 1063 1415 Eumdem

282 1436 359 1463 ergo.
379 1436 396 1456 ο
410 1429 619 1464 benignissima,
637 1438 760 1465 precare,
775 1436 804 1458 ut
814 1431 971 1466 passionum
987 1440 1064 1460 mea-

283 1481 343 1502 rum
359 1475 444 1503 nubes
453 1475 578 1511 dissipet,
594 1477 742 1512 divinaque
754 1477 816 1505 luce
828 1485 870 1505 me
884 1478 1029 1506 illuminet.

406 1537 448 1565 Ea:
459 1529 556 1566 carious
570 1539 645 1574 ferite
665 1547 692 1566 tv
712 1540 747 1567 ad
765 1539 938 1567 Matutiuum.

317 1602 448 1637 Supernis
471 1603 611 1632 ordinibus
636 1604 779 1632 sublimior
797 1605 958 1640 apparuisti,
977 1605 1063 1633 Deum

282 1647 400 1675 Verbum
422 1649 449 1676 in
472 1649 552 1677 terris
570 1649 662 1683 enixa,
678 1657 696 1677 ο
721 1650 907 1683 immaculata,
922 1651 990 1686 [qui
1014 1658 1065 1679 nos

282 1694 456 1728 passionibus
473 1695 540 1728 suis,
558 1699 586 1722 et
605 1703 688 1723 cruce
705 1696 824 1731 pretiosa
851 1701 961 1732 propter
987 1694 1064 1726 suam

282 1739 429 1766 bonitatem
444 1738 477 1766 ad
490 1739 610 1767 ccelcstia
627 1747 709 1775 regna
731 1740 839 1768 reduxit
854 1749 886 1769 ac
899 1742 1011 1776 recepit.

317 1784 384 1811 Cum
405 1784 543 1812 Christum
560 1785 586 1812 in
612 1793 695 1814 cruce
721 1794 883 1821 suspensum
912 1787 1030 1820 videres,
1047 1795 1064 1815 ο

282 1828 406 1863 innupta,
419 1836 480 1857 cum
492 1829 585 1857 dolore
600 1830 709 1858 dicebas
723 1840 730 1858 -.
743 1830 862 1864 Occidis,
872 1839 888 1858 ο
903 1830 948 1860 Sol
960 1832 1063 1867 gloria',

281 1875 316 1902 ab
327 1875 415 1903 oculis
431 1876 510 1908 meis,
527 1876 573 1911 qui
590 1877 617 1904 in
632 1877 749 1905 tenebris
760 1883 900 1906 versantes
913 1879 1062 1907 illuminas.

317 1921 450 1949 Volumen
460 1926 485 1950 te
497 1923 643 1958 quondam,
661 1931 677 1950 ο
690 1922 781 1951 Puella
798 1924 983 1958 immaculata,
998 1933 1061 1960 pro-

279 1967 360 2002 pheta
378 1967 529 2002 conspexit,
543 1967 569 1994 in
585 1975 640 2003 quo
663 1967 752 1996 Patris
772 1969 868 2004 digito,
886 1968 1003 1997 Verbum
1020 1969 1062 1996 in-

279 2018 421 2043 carnatum
438 2014 602 2048 descriptum
632 2014 701 2047 fuit;
724 2019 750 2042 et
766 2015 845 2049 primi
865 2015 982 2050 parentis
1000 2015 1062 2043 chi-

279 2059 443 2094 rographum
463 2059 556 2087 lancea
573 2059 720 2087 rescissum
734 2065 786 2088 est.

313 2104 395 2141 264
408 2105 536 2132 Naturam
549 2109 681 2136 nostram,
692 2113 753 2140 qum
770 2107 845 2140 prius
863 2106 898 2134 ob
908 2111 1061 2141 transgres-

278 2143 554 2184 sionetn‘delluxerat,
568 2143 596 2178 ιιι
605 2151 771 2183 rel'ormasti,
788 2159 848 2186 qua:
861 2151 999 2180 Christum
1019 2153 1061 2179 in-

277 2196 426 2224 deliuentcr
438 2196 575 2231 peperisti.
590 2204 606 2224 ο
627 2196 740 2224 Domina
758 2197 942 2229 sanctissima,
965 2197 1059 2232 prtesi-

277 2242 353 2271 dium
369 2242 520 2269 animarum
534 2245 701 2269 nostrarum.

312 2288 380 2316 Cutn
397 2288 474 2316 Verbi
487 2296 518 2315 ex
536 2290 589 2315 tuis
605 2288 785 2323 sanguinibus
801 2288 933 2316 incarnati
945 2292 1059 2316 mortem

277 2334 395 2366 videres,
415 2341 432 2361 ο
450 2333 562 2361 Domina
581 2334 664 2370 Virgo
681 2333 766 2361 Mater
787 2334 1059 2366 immaculatissima;

278 2384 400 2407 materna
433 2380 531 2415 pietate
552 2385 689 2408 commota
712 2380 845 2415 cjulabas,
871 2385 898 2408 et
920 2387 981 2408 eum
1012 2381 1059 2415 qui

276 2426 339 2455 vitae
352 2431 449 2453 auctor
463 2430 531 2458 erat.
545 2427 748 2462 magniﬁcabas.

313 2471 420 2504 Stahas,
433 2479 450 2499 0
465 2472 648 2505 immaculata,
662 2474 795 2508 aspiciens
814 2474 967 2506 Christum,
978 2481 1058 2508 quem

276 2527 420 2554 pepereras
445 2520 522 2548 cruci
542 2520 662 2553 alIixutn,
685 2527 712 2549 et
734 2522 929 2550 erciamabas:
959 2521 1000 2549 Nc
1018 2529 1061 2548 me

276 2566 378 2600 absque
390 2566 465 2603 prole
477 2566 625 2601 relinquas,
636 2575 718 2602 quam
734 2573 794 2603 post
803 2574 909 2603 partum
922 2567 1058 2603 Virginem

275 2612 455 2638 conservasti.

310 2656 378 2684 Cum
395 2661 460 2684 ante
478 2657 577 2685 Christi
599 2657 717 2685 tribunal
740 2662 868 2691 tanquam
895 2666 958 2686 reus
985 2659 1060 2693 judi-

277 2702 382 2730 candus
399 2703 550 2730 constituar
566 2712 572 2731 :
591 2704 704 2731 ostende
719 2709 744 2731 tc
759 2703 836 2735 mihi,
855 2712 871 2730 ο
887 2712 963 2738 pura,
982 2709 1011 2731 ut
1027 2705 1060 2731 li«

277 2748 354 2776 beres
369 2756 412 2775 me
429 2749 464 2776 ab
484 2749 556 2776 omni
580 2754 715 2777 tormento
747 2750 946 2778 ferventissimo
971 2755 1060 2785 prote-

276 2795 368 2822 ctione
385 2799 441 2821 tua.

312 2839 340 2866 In
360 2844 481 2874 tempore
503 2840 577 2867 illum
599 2841 736 2876 peperisti.
761 2849 777 2868 ο
803 2841 986 2873 immaculata,
1012 2840 1058 2875 qui

277 2889 318 2913 est
333 2886 461 2913 omnibus
481 2886 647 2921 temporibus
663 2886 809 2922 antiquior,
833 2891 858 2914 et
881 2886 943 2913 Athe
968 2891 1059 2921 proto-

1120 296 1227 323 πάντων
1235 297 1379 324 Δέσποινα.

1153 385 1317 422 Πολυὼνυμε
1344 386 1433 422 Κόρη.
1448 387 1549 422 ’χαῖρς,
1565 386 1594 419 ἐξ
1619 383 1654 423 ἦς
1672 386 1758 420 Λόγος
1788 386 1897 422 ἐτέχθη,

1117 432 1228 466 ἀλογίας
1243 433 1316 467 ἡμᾶς
1329 432 1401 458 λύων
1413 432 1520 459 ἀτόπων
1535 432 1670 467 πράξεων,
1689 433 1782 467 χαῖρε,
1797 432 1896 467 νεφέλη

1118 476 1235 512 φωτεινὴ
1251 477 1269 512 ἡ
1290 477 1457 509 σκεδάζουσα
1474 477 1508 504 τὰ
1525 477 1594 511 νέφη
1612 476 1661 511 τῆς
1675 476 1754 512 ἡμῶν
1768 476 1897 512 ἀθυμίας.

1153 614 1199 650 Τῷ
1212 614 1284 649 τόκῳ
1291 623 1339 641 σου
1355 613 1570 648 ἀπεστείρωτας,
1583 613 1671 647 Κόρη,
1691 611 1742 647 τὴν
1756 611 1803 638 τοῦ
1827 618 1898 646 προο

1118 661 1235 696 πάτορος
1256 659 1335 695 ἀρὰν,
1351 659 1397 686 καὶ
1410 659 1550 694 ὲπήγασας
1569 659 1636 694 ἡμῖν
1663 657 1789 690 εὐλογίας
1814 664 1898 683 ποτα-

1119 706 1197 741 μοὺς,
1209 705 1266 736 τοῖς
1281 703 1421 738 εὐλογοῦσι
1432 711 1461 730 σε
1476 703 1521 730 καὶ
1534 702 1673 735 δοξάζουσι
1691 701 1792 728 πίστει.

1158 800 1189 826 Ἦ
1202 798 1271 834 θύρα
1282 798 1335 825 τῶν
1349 797 1452 824 πιστῶν
1470 796 1640 831 σωζομένων,
1670 796 1687 830 ή
1717 794 1787 828 πύλη
1811 793 1844 828 ῆν
1859 793 1898 819 δι-

1116 843 1216 872 ώδευσε
1234 843 1313 879 μόνος
1329 843 1342 868 ό
1360 842 1511 878 «agmen;
1527 841 1561 868 δι’
1577 841 1660 875 ἡμᾶς,
1676 839 1763 870 πύλας
1779 839 1846 874 ἡμῖν
1857 837 1896 864 δι-

1116 887 1262 922 καιοσύνης
1274 886 1428 918 ὕπάνοιξον,
1443 886 1500 917 τοῖς
1517 884 1620 915 πιστῶς
1633 892 1663 910 σε
1675 882 1816 918 ὑμνοῦσιν.

1156 978 1201 1010 Ὧς
1211 977 1256 1005 τδν
1266 977 1375 1004 πάντων
1388 975 1505 1002 τεκοῦσα
1521 974 1645 1009 συνοχέα,
1663 973 1711 1000 τοῦ
1738 972 1897 1007 συνέχοντος

1115 1023 1196 1058 ζόφου
1206 1022 1254 1057 τῆς
1271 1022 1381 1057 ἀγνοίας
1389 1022 1436 1049 καὶ
1449 1021 1585 1057 ἁμαρτίας
1599 1018 1748 1051 ἀνάλλαξόν
1765 1027 1810 1052 με,
1826 1018 1896 1052 ἁγνὴ

1122 1069 1307 1104 Ἀειπάρθενε.

1150 1114 1203 1141 Τοῦ
1224 1113 1320 1141 Ἰακὼϐ
1331 1113 1380 1149 τὴν
1394 1112 1525 1147 καλλονὴν
1535 1112 1549 1139 ὁ
1566 1111 1666 1146 ὡραῖος
1687 1109 1780 1137 κάλλει
1795 1108 1899 1144 Κύριος

1113 1159 1264 1196 ἠγαπηκὼς
1280 1179 1288 1192 ,
1313 1159 1361 1194 τὴν
1386 1158 1477 1194 νηδὺν,
1507 1156 1713 1192 παναμώμητε,
1737 1155 1898 1190 κατῴκησεν

1114 1205 1265 1241 ἀνθρώπων
1279 1205 1328 1240 τὴν
1348 1204 1443 1232 οὐσίαν
1456 1204 1516 1235 ταῖς
1549 1203 1692 1234 καλλοναῖς
1717 1201 1898 1237 φαιδρύνογτα

1114 1251 1167 1278 τῶν
1177 1250 1248 1285 ὑπὲρ
1262 1249 1323 1276 νοῦν
1338 1249 1522 1286 δωρημάτων.
1623 1282 1628 1287 _

1148 1295 1281 1330 Φωτοειδῆ
1301 1295 1415 1330 νεφέλην
1430 1302 1459 1320 σε
1474 1295 1489 1321 ὁ
1518 1293 1660 1329 προφήτης
1684 1292 1798 1329 προορᾷ,
1812 1291 1840 1324 ἐξ
1863 1288 1898 1326 ἧς

1116 1341 1203 1377 μέγας
1213 1341 1288 1376 ἥλιος
1300 1340 1435 1374 ἐπέφανεν
1445 1340 1512 1375 ἡμῖν
1522 1339 1639 1375 Χριστὸς
1651 1339 1665 1364 ὸ
1673 1338 1749 1370 Θεός,
1765 1338 1808 1364 καὶ
1827 1336 1897 1370 ἐφώ-

1114 1395 1173 1414 τισε
1183 1387 1217 1413 τὰ
1224 1386 1288 1421 πρὶν
1301 1385 1490 1420 ὲσκοτισμένα.
1502 1384 1588 1412 Αὑτδν
1597 1382 1643 1412 οὖν
1655 1383 1786 1415 δυσώπει,
1795 1382 1896 1416 ἀγαθὴ,

1114 1431 1149 1460 τὰ
1165 1431 1219 1459 τῶν
1244 1431 1339 1458 παθῶν
1370 1439 1421 1466 μου
1450 1431 1517 1466 νέφη
1533 1430 1659 1462 ἐκδιῶξαι
1687 1430 1733 1456 καὶ
1751 1429 1820 1464 φωτὶ
1831 1428 1898 1463 θείῳ

1115 1477 1319 1514 φαιδρυνοῆναι.

1121 1540 1172 1568 Ἕκ
1183 1540 1235 1568 τοῦ
1248 1540 1376 1573 κανόνος
1387 1539 1441 1574 τῆς
1464 1539 1607 1574 τετάρτης
1626 1539 1671 1572 εις
1684 1538 1740 1565 τὸν
1758 1538 1895 1571 Ὀρθρον.

1157 1603 1310 1639 ’Υπερτέρα
1316 1603 1370 1629 τῶν
1381 1602 1437 1631 ἄνω
1446 1602 1538 1637 ὤφθης
1549 1601 1707 1636 ταγμάτων,
1721 1599 1837 1627 τεκοῦσα
1849 1599 1897 1625 ἐπὶ

1116 1649 1165 1684 τῆς
1177 1649 1229 1684 γῆς
1237 1648 1302 1675 Θεὸν
1316 1648 1412 1683 Λόγον,
1426 1648 1472 1675 τὸν
1482 1647 1567 1683 ἡμᾶς,
1581 1647 1709 1682 ἄχραντε,
1723 1645 1791 1680 πρὸς
1799 1646 1833 1671 τὰ
1849 1644 1898 1670 οὐ-

1116 1695 1206 1731 ράνια,
1221 1694 1316 1721 τούτου
1328 1695 1385 1726 τοῖς
1400 1693 1543 1728 παθήμασι
1558 1693 1605 1719 καὶ
1617 1691 1657 1727 τῷ
1676 1691 1785 1727 σταυρῷ
1804 1690 1842 1725 τῷ
1853 1699 1896 1716 τι·

1116 1740 1180 1776 μίῳ,
1196 1739 1435 1766 ὲπαναειϐἀσαντα
1448 1739 1482 1765 δι’
1493 1739 1660 1774 ἀγαθότητα.

1156 1785 1354 1820 ’Λναρτηθέντα
1377 1784 1467 1820 ὁρῶσα
1497 1785 1525 1810 ὲν
1545 1784 1584 1818 τῷ
1607 1783 1718 1820 σταυρῷ
1750 1782 1868 1819 Χριστὸν
1885 1801 1895 1815 ,

1114 1831 1294 1866 ὰπειρόγαμε,
1317 1830 1466 1865 ὀδυρομένη
1480 1829 1582 1864 ἔλεγες·
1601 1829 1691 1863 Ἐὃυς,
1710 1829 1788 1864 δόξης
1805 1828 1896 1861 Ἥλιε,

1114 1875 1144 1908 ἐξ
1160 1875 1307 1910 ὀφθαλμῶν
1321 1883 1384 1910 μου,
1397 1875 1521 1910 φωτίζων
1533 1875 1596 1906 τοὺς
1610 1875 1638 1901 ὲν
1655 1873 1755 1901 σκότει.

1149 1920 1238 1955 Τόμον
1263 1920 1293 1946 σέ
1316 1928 1382 1947 ποτε
1407 1921 1421 1946 ὁ
1435 1920 1588 1955 προφήτης,
1608 1920 1694 1954 Κόρη,
1712 1918 1849 1949 τεθέαται,
1866 1918 1898 1945 ἐν

1112 1962 1134 2000 ᾧ
1144 1966 1182 2001 τῷ
1195 1965 1318 2001 δακτύλῳ
1331 1966 1377 1992 τοῦ
1396 1965 1501 2000 Πατρδς
1515 1965 1694 2000 έναπεγράφη
1719 1965 1804 1999 Λόγος
1829 1972 1897 1998 σαρ-

1113 2011 1263 2046 κούμενος,
1297 2011 1345 2038 καὶ
1373 2011 1404 2037 τὴ
1433 2010 1606 2047 προπάτορος
1648 2010 1733 2046 λόγχῃ
1772 2009 1899 2044 ῥηγνύει,

1112 2055 1240 2091 ἄχραντε,
1254 2055 1445 2091 χειρόγραφον.

1153 2101 1301 2129 Ῥεύσαςαν
1317 2102 1382 2137 πρὶν
1407 2101 1561 2137 παραϐάσει
1583 2101 1632 2136 τὴν
1646 2100 1737 2135 φύσιν,
1754 2099 1804 2134 τὴν
1831 2098 1896 2125 καθ’

1112 2148 1196 2183 ἡμᾶς,
1207 2148 1244 2180 ὼς
1259 2148 1416 2184 ἁῤῥεύστως
1440 2147 1559 2174 τεκοῦσα
1585 2147 1713 2182 Χριστὸν,
1727 2145 1896 2176 ἀνέπλασας,

1113 2194 1232 2229 παναγία
1243 2195 1388 2227 Δέσποινα,
1400 2193 1553 2230 προστασία
1566 2193 1621 2220 τῶν
1631 2192 1727 2226 ψυχῶν
1751 2193 1767 2227 ἡ
1772 2191 1843 2227 μῶν.

1145 2289 1287 2325 Νέκρωσιν
1306 2289 1397 2325 ὁρῶσα
1412 2288 1459 2315 τοῦ
1478 2289 1510 2316 ἐκ
1534 2288 1588 2315 τῶν
1602 2287 1657 2314 σῶν
1667 2287 1791 2322 αἱμάτων
1805 2285 1896 2319 Λόγου

1112 2335 1308 2370 σαρκωθέντος,
1332 2335 1498 2369 πανάμωμε,
1526 2333 1665 2369 μητρικῶς
1686 2332 1829 2368 ἡλάλαζες,
1847 2331 1897 2357 καὶ

1112 2379 1185 2415 ζωῆς
1205 2380 1269 2407 ὄντα
1293 2380 1379 2407 αἴτιον
1402 2379 1579 2415 ὲμεγάλυνες,
1601 2377 1816 2414 Μητροπάρθενε
1845 2376 1898 2403 Δέ-

1113 2434 1163 2451 σπο
1167 2434 1219 2452 ινα.

1146 2470 1255 2497 Ἰστασο
1287 2470 1422 2505 βλέπουσα
1436 2470 1553 2506 Χριστὸν
1567 2469 1676 2505 σταυρῷ
1697 2467 1895 2503 ἁνυᾲοὖμενον,

1110 2515 1139 2541 ὃν
1153 2514 1282 2549 ὲκύησας,
1301 2515 1429 2550 ἄχραντε,
1446 2516 1492 2542 καὶ
1506 2515 1596 2546 έὸόας·
1610 2514 1656 2549 Μὴ
1667 2513 1778 2540 ἄτεχνόν
1795 2521 1829 2548 με
1845 2511 1898 2539 δεί-

1112 2561 1159 2596 ξῃς
1173 2561 1205 2596 ἦν
1219 2561 1356 2596 ἐτήρησας
1366 2562 1451 2595 ἁγνὴν
1466 2561 1512 2587 καὶ
1528 2561 1597 2596 μετὰ
1607 2561 1700 2587 τόκον.

1152 2653 1214 2680 Ἐπὶ
1227 2653 1272 2680 τοῦ
1282 2653 1402 2689 βήματος
1413 2654 1542 2688 Χριστοῦ,
1558 2654 1622 2680 ὅταν
1637 2653 1727 2688 μέλλω
1742 2651 1895 2687 κρίνεσθαι,

1111 2699 1148 2730 ὡς
1179 2699 1338 2731 ὑπεύθυνος,
1352 2699 1481 2734 ἄχραντε,
1509 2698 1610 2733 φάνηθί
1631 2706 1676 2733 μοι
1694 2699 1727 2723 ἐκ
1752 2698 1842 2732 πὰςης
1860 2706 1894 2731 με
1916 2730 1920 2739 Ι

1112 2745 1228 2780 βασάνου
1247 2745 1364 2780 ῥυομένη
1377 2746 1411 2780 τῇ
1429 2745 1517 2780 θερμῇ
1539 2753 1585 2771 σου
1600 2743 1764 2778 προστασίᾳ.

1154 2840 1198 2866 Ἑν
1214 2838 1301 2874 χρόνῳ
1311 2839 1470 2875 ἀπεκύησας
1482 2838 1527 2865 τὸν
1539 2838 1635 2873 χρόνον
1648 2837 1788 2867 ἐπέκεινα,
1798 2836 1893 2862 λύοντα

1111 2886 1144 2912 τὰ
1155 2885 1247 2921 χρόνια
1255 2885 1343 2920 δ;σμὰ
1355 2887 1410 2917 τοῖς
1423 2886 1531 2920 δεσμοῖς
1546 2884 1639 2917 αὐτοῦ,
1653 2883 1782 2919 ἇχραντε,
1805 2882 1888 2916 Ἀδὰμ
