2075 3154
197 191 263 224 130i

921 188 1104 219 MARIALE.

1746 183 1813 217 1302

195 248 242 275 τοῦ
266 247 490 282 πρωτοπλᾶστου,
511 246 557 273 καὶ
585 245 783 278 συνδεσμοῦντα
808 245 894 281 αὐτὴν
922 245 979 275 τοῖς

1045 243 1111 271 μῐιιδιί
1131 243 1250 273 vincula,
1270 242 1371 278 quibus
1392 241 1523 269 diuturno
1556 245 1679 275 tempore
1708 241 1816 267 vinctus

196 291 303 326 δεσμοῖς
316 291 365 326 τῆς
377 291 504 325 γλυκείας
519 289 604 317 αὐτοῦ
616 291 792 326 ἀγαπήσεως.

231 382 316 418 Φέρον
323 382 442 418 βρότειον
454 382 561 417 μορφὴν
577 382 608 408 τὸ
618 382 788 417 ἀπαύγασμα
803 382 849 409 τοῦ
863 383 919 410 ﬂat
925 382 982 417 ρὸς,

199 428 330 463 Παρθὲνε,
347 428 470 459 τέτοκας,
488 428 517 454 ὃν
533 428 685 463 ὑψούμζενον
700 428 811 463 σταυρῷ
823 428 838 454 ὁ
852 428 929 463 ἥλιος
945 428 983 463 μὴ

199 475 292 509 φέρων
301 474 367 509 ὸρᾷν
375 474 542 508 ἐμελαίνετο,
558 474 604 500 καὶ
619 472 693 508 ζόφῳ
705 473 832 509 ἐμειοῦτο
844 473 895 509 τῆς
907 474 984 501 εἰδω-

199 519 341 554 λολατρίας
353 527 361 534 ·
375 519 416 545 διδ
431 519 479 546 σὺν
489 519 586 554 ἐκείνῳ
598 527 628 545 σε
644 519 842 555 μεγαλύνομεν.

205 619 256 645 Ἕκ
270 618 322 645 τοῦ
332 619 460 653 κανόνος
471 619 526 654 τῆς
542 620 680 655 πέμπτης
701 621 745 654 εις
774 621 828 648 τὸν
849 621 984 656 Ὀρθρον.

234 673 292 709 Τὴν
324 674 440 701 κιῦωτδν
464 675 514 711 τὴν
529 675 604 702 οείαν
628 675 678 711 τὴν
692 676 857 712 χωρήσασαν
873 677 920 704 τὸν
939 678 986 704 τοῦ

200 720 283 754 νόμου
306 720 435 756 πάροχον,
457 721 535 756 ἡμῶν
548 722 596 753 τὰς
608 722 724 757 ἀνομίας
743 723 834 754 πάσας
854 723 988 758 ἀφαιρού-

202 774 282 800 μενον
304 766 338 793 δι’
355 767 557 802 εὐσπλαγχνίας
581 767 668 800 θείας,
694 768 842 803 ἀδιήγητον
858 769 986 804 πέλαγος,

201 811 318 848 Μαριὰμ
334 812 383 848 τὴν
395 813 585 848 πανάχραντον
603 813 756 849 συμφώνως
778 815 985 850 μακαρίσωμεν.

1033 289 1132 320 fuerat,
1147 289 1272 317 dissolvit
1289 288 1406 315 vinculis
1429 288 1498 319 suis,
1515 291 1597 322 atque
1613 286 1738 314 eumdem
1755 285 1818 313 dul-

1032 336 1151 364 cissima:
1165 335 1305 362 cltaritatis
1320 341 1377 361 suae
1393 333 1508 360 vinculis
1527 332 1674 366 colligavit.

1070 382 1211 416 Peperisti,
1234 388 1251 408 0
1275 379 1368 415 Virgo,
1393 379 1565 413 splendorem
1591 377 1680 405 Patris
1700 377 1819 404 humana

1035 429 1121 456 forma
1133 428 1293 463 przcditum;
1310 434 1391 461 quem
1402 426 1428 453 in
1440 423 1718 453 eruecexallatumsol
1728 423 1820 450 videro

1035 483 1089 502 tton
1105 473 1254 505 sustinens,
1271 473 1432 500 obseuratus
1446 476 1499 503 est,
1512 475 1539 498 et
1556 469 1675 497 tenebris
1691 469 1821 496 idoloma-

1036 521 1087 547 nize
1101 520 1253 547 minoratus
1269 527 1275 546 :
1291 522 1434 553 propterea
1452 523 1506 544 una
1518 523 1581 544 eum
1595 515 1641 543 illo
1659 520 1685 542 te
1697 514 1822 548 magnid-

1037 574 1140 595 camus.

1161 620 1204 648 Ex
1216 628 1315 648 canone
1337 619 1410 654 feria:
1430 625 1446 645 v
1462 618 1497 645 ad
1515 617 1689 644 Malutinnm.

1072 676 1171 704 Arcam
1191 675 1323 706 divinant,
1336 673 1518 700 continentem
1541 671 1606 706 legis
1626 671 1758 702 datorem,
1777 670 1824 703 qtti

1039 730 1135 750 omnes
1157 721 1314 756 iniquitates
1338 723 1449 747 nostras
1467 721 1579 754 propter
1604 718 1707 744 viscera
1728 716 1826 743 divittte

1040 767 1234 796 misericordia:
1257 774 1314 795 sua:
1337 766 1425 793 aufert
1452 774 1458 791 :
1481 764 1605 800 pelagum
1629 762 1824 792 inenarrabile.

1040 815 1151 842 Mariam
1171 812 1205 841 ab
1232 813 1306 840 omni
1333 811 1439 839 macula
1459 810 1621 842 intmunem,
1647 817 1701 836 una
1731 816 1826 835 omnes

1040 869 1106 888 voce
1119 860 1325 895 tuagnilicemus
1343 858 1409 894 (l6).

237 901 308 933 Νοῦς
334 901 435 929 ἐννοεῖν
460 902 490 929 οὐ
508 902 620 931 δύναται
649 904 692 931 τὸν
719 905 787 940 ὑπὲρ
804 905 867 932 νοῦν
879 906 990 934 τοκετδν

1077 905 1177 941 Nequit
1192 906 1321 941 cogitatio
1339 904 1495 939 excogitare
1511 901 1749 937 inexcogitahilem
1763 908 1827 935 par-

201 945 250 980 τῆς
262 945 421 981 Θαυμαστῆς
432 947 548 982 Λοχείας
564 957 622 979 σου,
632 949 814 986 Θεογεννῆτορ
821 951 988 986 Μητροπάρ-

203 991 272 1023 ϐενε,
290 991 340 1023 διὸ,
358 991 472 1018 ἱκετεύω
488 1001 538 1027 σε,
555 993 600 1020 τὸν
615 993 677 1021 νοῦν
688 1003 750 1030 μου,
765 997 926 1031 χαρίτωσον,
942 997 988 1024 τοῦ

202 1037 246 1062 ἀεὶ
265 1035 386 1069 δοξάζειν
402 1045 444 1064 σε.

238 1082 417 1117 Σαρκωοέντα
440 1083 487 1110 τὸν
508 1084 595 1118 Λόγον
619 1085 757 1122 ὑπερϐολῇ
787 1088 990 1124 εὐσπλαγχ-ίῐας

203 1128 330 1164 ὰρρἡως
357 1129 530 1164 ἀπεκύησας,
549 1131 631 1158 αὑτὸν
653 1133 783 1166 δυσώπει,
795 1135 923 1170 ἄχραντε,
936 1136 991 1162 τῶν

206 1174 344 1209 σαρκικῶν
368 1175 472 1207 πάντας
498 1176 645 1211 μολυσμῶν
673 1178 898 1213 ὲκλυτρὼσασοαι
912 1200 920 1213 ,
944 1181 990 1207 καὶ

205 1220 314 1247 πάντων
331 1220 469 1257 δυσχερῶν
482 1222 535 1250 τῶν
549 1222 597 1249 τοῦ
618 1223 688 1258 βίου.

246 1311 290 1343 Ὠς
306 1312 374 1348 μόνη
389 1300 444 1339 ἐῶν
464 1313 590 1348 ἀγγέλων
614 1316 740 1351 χαρμονὴ
757 1317 844 1352 χαρᾶς
859 1325 909 1352 μου
925 1317 992 1353 πλή-

206 1365 305 1393 ρωσον,
316 1358 515 1394 Θεοχαρίτωτε,
530 1361 579 1396 τὴν
590 1360 712 1389 διάνοιαν
728 1363 992 1398 σκυϐρωπὰζουσαν,

205 1403 252 1430 καὶ
262 1403 377 1440 ἀμελείᾳ
388 1403 599 1448 βεϐυθισμένην.

241 1495 362 1531 Οίκήσας
376 1494 483 1530 ὁΛόγος
496 1497 524 1524 ἐν
538 1498 637 1532 γαστρί
652 1506 710 1529 σου,
728 1498 776 1533 τὴν
796 1499 879 1526 πάλαι
893 1500 922 1526 ἐν
941 1500 989 1527 ἀν-

206 1542 325 1577 Θρώποις
340 1542 466 1569 οἰκοῦσαν
473 1544 505 1579 τῇ
515 1544 669 1579 παραΰάσει
684 1545 796 1580 φθορὰν,
808 1546 903 1582 Μῆτερ
912 1547 992 1582 ἁγνὴ,

206 1587 245 1620 ὡς
258 1588 337 1623 μόνος
350 1587 414 1620 Θεὸς
431 1588 563 1623 ἐξῴκησε,
580 1589 624 1616 διὰ
641 1590 783 1625 σπλάγχνα
801 1591 902 1623 ἐλέους.

249 1723 315 1759 Ἰιῖμὲ
327 1724 373 1750 τὸν
387 1724 502 1760 ἀμελείᾳ
528 1725 578 1760 τὴν
593 1725 682 1761 ψυχὴν
699 1726 890 1763 σκοτιζόμενον
923 1737 995 1763 φωτ-

208 1767 364 1803 αγώγησον,
381 1768 461 1804 ἁγνὴ,
476 1770 521 1796 τὸν
535 1771 583 1805 τῆς
608 1772 721 1805 καρδίας
743 1780 793 1806 μου
821 1774 995 1807 προσεπανά-

210 1823 313 1841 πτουσα
327 1815 434 1850 λύχνον.
445 1817 474 1842 ὲν
491 1816 630 1852 προθυμίᾳ
644 1817 733 1852 ἀγαθῇ
750 1818 823 1849 ὅπως
834 1819 938 1853 δοξάζω
953 1827 994 1846 σε.

250 1860 336 1895 Ἰσχὺς
365 1863 411 1888 καὶ
439 1861 555 1896 ὖμνησις
577 1863 694 1898 ὑπάρχει
717 1864 731 1890 ὁ
748 1864 780 1889 ὲκ
808 1863 856 1890 σοῦ
877 1864 994 1899 τεχθεὶς,

210 1906 381 1942 πανάμωμε,
403 1906 433 1934 ὅν
456 1907 607 1933 ὲκδυςώπει
629 1908 747 1939 ἐκτενῶς
768 1908 934 1943 παρειμένον
962 1918 997 1944 με

209 1954 265 1984 τοῖς
287 1953 398 1985 πάθεσι,
416 1953 550 1988 Παρθένε,
567 1953 708 1988 ἐνισχῦσαι
736 1953 783 1980 τοῦ
806 1954 926 1981 ἐκτελεῖν
946 1955 997 1987 τὰς

210 1999 362 2034 σωτηρίους
381 1998 464 2025 αὐτοῦ
476 1998 623 2031 διατάξεις.

244 2093 385 2128 Φωτισμός
406 2101 456 2127 μου
480 2094 612 2128 σωτήριος
640 2094 750 2129 φάνηθι,
767 2095 784 2130 ὴ
813 2095 939 2129 κυήσασα
967 2096 998 2121 sb

211 2139 280 2173 φῶς,
292 2139 341 2174 τῆς
356 2138 444 2174 ψυχῆς
457 2148 507 2174 μου
521 2138 556 2165 τὰ
566 2139 634 2175 νέφη
649 2139 785 2167 διώκουσα
805 2141 838 2167 τὰ
849 2141 936 2167 πολλὰ
951 2142 998 2168 καὶ

211 2184 328 2219 χαλεπὰ,
348 2184 421 2215 ὅπως
436 2184 492 2215 υίὸς
504 2184 610 2220 ἡμέρας
637 2184 730 2219 εὐχαῖς
751 2193 797 2211 σου
820 2186 998 2221 γεννήσομαι,

1041 956 1097 978 tum
1112 950 1280 977 admiranda:
1298 948 1492 984 Conecptionis
1509 952 1571 979 tum,
1595 954 1611 973 ο
1637 945 1684 972 Dei
1706 945 1828 972 Geuitrix

1042 997 1124 1033 Virgo
1155 996 1250 1023 Mater.
1273 994 1352 1022 Unde
1375 999 1401 1022 te
1431 994 1564 1028 deprecor
1593 997 1622 1019 ttt
1645 990 1828 1025 cegitatiottcs

1041 1043 1140 1070 mentis
1156 1049 1222 1068 mea:
1231 1040 1317 1075 gratia
1332 1039 1450 1074 replens,
1467 1043 1496 1065 ut
1508 1043 1534 1065 te
1545 1044 1651 1072 semper
1665 1035 1826 1070 gloriﬁcent.

1077 1088 1158 1123 265
1170 1088 1287 1115 Verbum
1298 1091 1409 1121 propter
1424 1092 1566 1112 excessum
1584 1083 1692 1119 pictatis
1704 1082 1828 1109 iucarua.

1042 1140 1086 1162 tus
1100 1133 1272 1161 ineﬂ‘abiliter
1297 1131 1426 1167 peperisti
1440 1139 1446 1157 :
1460 1130 1548 1165 ipsum
1564 1129 1724 1164 suppliciter
1733 1135 1829 1160 exora,

1042 1188 1060 1207 ο
1074 1179 1261 1210 immaculata,
1279 1183 1309 1205 ut
1325 1184 1421 1204 omnes
1435 1184 1450 1203 a
1469 1176 1627 1203 carnalibus
1640 1174 1829 1208 inquinantt-n-

1043 1226 1078 1253 tis
1101 1230 1127 1251 et
1141 1224 1176 1251 ab
1197 1223 1334 1251 universis
1351 1223 1412 1250 vita:
1432 1221 1565 1248 molestiis
1586 1225 1667 1255 atque
1679 1219 1831 1246 adversita-

1045 1270 1118 1297 tibus
1135 1269 1296 1296 liberentur.

1079 1316 1130 1349 Tu,
1144 1322 1204 1351 qua:
1218 1315 1273 1342 sola
1292 1322 1320 1341 es
1336 1313 1497 1349 angelorum
1517 1311 1622 1344 lmtitia,
1637 1311 1729 1346 imple,
1744 1318 1760 1337 ο
1777 1310 1830 1337 Deo

1043 1361 1217 1391 charissima,
1226 1359 1325 1395 gaudio
1336 1363 1454 1386 mentem
1465 1365 1553 1385 meam
1565 1365 1618 1392 pra:
1634 1357 1743 1384 tristitia
1761 1364 1829 1383 mm-

1045 1414 1160 1442 roreque
1176 1407 1321 1441 deiectam,
1336 1410 1418 1441 atque
1437 1405 1464 1432 in
1487 1405 1619 1432 socordia:
1635 1403 1768 1439 profunda
1783 1411 1830 1431 vo-

1044 1452 1139 1488 ragine
1155 1452 1318 1479 demersam.

1080 1498 1148 1525 Cum
1169 1496 1290 1524 Verbum
1321 1495 1349 1522 itt
1365 1499 1444 1523 utero
1462 1500 1508 1522 tuo
1531 1495 1692 1527 habitasset,
1709 1501 1725 1520 ο
1742 1493 1830 1520 Mater

1045 1551 1131 1579 easta,
1153 1545 1369 1580 corruptionem,
1392 1552 1452 1579 qua:
1475 1551 1488 1571 a
1510 1543 1640 1571 diuturno
1658 1546 1778 1576 tempore
1801 1542 1830 1568 in

1049 1592 1205 1619 hominibus
1238 1594 1349 1626 propter
1375 1589 1623 1625 transgressionem
1651 1588 1830 1617 habitaverat.

1046 1637 1137 1672 eiecit.
1154 1643 1284 1672 tanquam
1296 1636 1371 1664 solus
1381 1635 1463 1668 Deus,
1478 1639 1590 1670 propter
1604 1634 1710 1661 viscera
1725 1632 1832 1661 miseri-

1047 1682 1146 1709 cordiae
1161 1690 1228 1709 suze.

1083 1729 1206 1756 lllutnina
1223 1735 1277 1761 me,
1299 1735 1316 1755 ο
1335 1732 1422 1759 casta,
1438 1726 1518 1761 cujus
1540 1725 1631 1752 anima
1659 1725 1831 1760 negligentia:

1049 1775 1167 1801 tenebris
1182 1773 1268 1801 oﬂ‘usa
1279 1778 1330 1805 est,
1343 1773 1495 1800 accendens
1511 1772 1651 1799 lucernam
1664 1772 1754 1799 cordis
1769 1771 1833 1803 tnei,

1047 1825 1077 1847 ut
1090 1825 1116 1847 te
1129 1828 1227 1854 magna
1243 1820 1326 1847 animi
1348 1819 1488 1846 alacritate
1502 1818 1663 1854 glorilieem.

1085 1865 1179 1892 Virtus
1198 1871 1221 1892 et
1237 1866 1298 1892 laus
1314 1865 1359 1891 ille
1378 1869 1430 1896 est,
1447 1865 1493 1898 qtti
1504 1872 1536 1891 ex
1551 1867 1576 1891 te
1590 1868 1672 1891 natus
1688 1868 1740 1896 est,
1762 1871 1779 1890 ο
1801 1863 1835 1891 ab

1048 1911 1122 1938 omni
1139 1918 1214 1938 nzevo
1231 1910 1412 1937 mundissinta
1434 1909 1517 1943 Virgo
1533 1910 1601 1944 (l7);
1617 1917 1698 1944 quem
1727 1914 1753 1937 tu
1772 1918 1834 1938 cum

1048 1957 1145 1984 aﬂ'ectu
1158 1956 1288 1991 deprecar
1304 1960 1332 1982 ttt
1345 1963 1388 1982 tne
1402 1955 1576 1990 passimtibus
1599 1955 1717 1982 fractum
1732 1957 1834 1983 virtute

1048 2003 1215 2034 corroboret,
1235 2007 1264 2029 ut
1281 2001 1412 2029 salutaria
1431 2001 1518 2036 ipsius
1534 2006 1669 2036 prtecepta
1700 2003 1834 2036 perlicere

1049 2048 1164 2082 possim.

1087 2091 1153 2119 Esto
1164 2091 1293 2119 salutaris
1309 2090 1474 2119 illuminatio
1485 2098 1554 2124 mea,
1568 2095 1596 2118 tu
1612 2099 1672 2126 qua:
1685 2091 1775 2119 lucem
1791 2099 1837 2126 pe-

1051 2137 1165 2172 peristi;
1188 2137 1336 2172 dispellens
1353 2137 1452 2164 multas
1471 2140 1498 2164 ct
1514 2143 1611 2171 graves
1626 2137 1713 2164 nubes
1737 2137 1835 2163 anima:

1052 2191 1130 2216 meae,
1150 2188 1179 2210 ut
1195 2183 1321 2218 precibus
1343 2183 1398 2210 tuis
1414 2182 1516 2210 elllciar
1531 2182 1602 2210 [ilius
1625 2183 1689 2215 diei,
1706 2190 1836 2210 exercens

212 2229 339 2264 πράττων
349 2229 383 2255 τὰ
397 2229 468 2262 ὅσια,
489 2230 535 2256 καὶ
550 2229 724 2264 ὑμνολογίαις
739 2230 781 2256 ἀεὶ
794 2230 940 2266 μακαρίζω
957 2240 993 2259 σε.

1053 2238 1135 2266 opera
1151 2236 1254 2262 sancta,
1280 2234 1362 2264 teque
1382 2229 1500 2257 assiduis
1522 2229 1648 2257 laudibus
1667 2229 1835 2257 heatilicans.

218 2274 267 2302 Ἐκ
282 2275 335 2302 τοῦ
347 2277 476 2310 κανόνος
500 2274 555 2310 τῆς
564 2276 770 2338 ἐῚιιραο-κευῆς
793 2278 837 2311 εἷς
857 2277 912 2304 τὸν
928 2279 997 2313 ’ορ-

582 2320 645 2338 Dor.
790 2321 794 2324 ι

578 2320 645 2345 Ῥον.
790 2321 794 2324 ι

253 2355 285 2382 Ἦ
298 2356 464 2391 περικαλλὴς
481 2357 528 2383 καὶ
549 2357 686 2392 Παρθένος
703 2357 848 2390 Δέσποινα,
865 2357 895 2385 ὃν
913 2358 998 2394 ﬁxiq-

249 2433 303 2468 .’l6)
318 2433 378 2462 Jam
390 2435 442 2462 hoc
455 2435 483 2462 S.
498 2435 608 2470 Joscphi
629 2442 722 2463 votum
733 2436 908 2470 adimpletum
921 2436 999 2463 vide-

214 2477 284 2498 ntns.
314 2471 379 2496 dum
411 2470 558 2498 Christiani
587 2471 662 2498 orbis
704 2472 850 2503 antistites,
877 2472 998 2498 illustres

212 2505 376 2541 acatletttias.
412 2506 606 2533 selectissim'ts
638 2514 724 2540 reges,
756 2506 873 2541 inelytos
896 2506 998 2540 princi-

213 2547 271 2574 pes,
288 2539 495 2576 ﬂtirt-ntissitnas
532 2539 711 2575 respublieas,
729 2539 834 2576 integra
860 2539 953 2576 regna,
967 2549 1000 2568 ac

215 2579 301 2601 totum
319 2575 375 2602 fere
400 2576 520 2610 ttndique
544 2576 686 2607 mundum,
704 2577 732 2603 Β.
751 2575 901 2611 Virginem;
919 2581 948 2602 ιιι
966 2577 1000 2603 ab

213 2610 427 2646 omuirmacula
461 2611 622 2643 immunem,
651 2619 703 2638 una
730 2610 1000 2646 vorelmagttitieare

213 2645 408 2679 conspicimus.
419 2646 526 2672 Paucos
545 2647 596 2676 iam
613 2651 678 2680 puto
688 2654 749 2673 esse
764 2646 789 2672 itt
803 2645 934 2678 Ecclesia,
949 2647 994 2680 qui

214 2681 263 2714 pia:
277 2680 311 2708 de
335 2681 508 2708 immunitate
531 2681 559 2707 Β.
576 2679 692 2715 Virginis
703 2681 737 2707 ab
749 2681 875 2716 originali
891 2679 995 2708 macula

213 2715 356 2742 sententia:
382 2717 570 2750 relragentur;
588 2721 614 2743 et
627 2716 735 2743 etiamsi
746 2716 845 2750 aliquis
857 2717 882 2742 itt
898 2717 1000 2743 scrinio

213 2751 255 2789 sui
275 2751 392 2789 pectoris
414 2752 594 2789 arbitraretur
620 2750 730 2777 Mariam
748 2751 873 2789 originali
894 2752 998 2789 macula

214 2784 299 2812 luisse
325 2785 464 2817 inlectam,
487 2786 531 2813 hic
555 2791 730 2818 comparatus
754 2784 807 2816 his]
821 2786 867 2820 qtti
895 2787 997 2818 animo,

213 2826 308 2853 sensu,
321 2828 353 2847 ac
371 2828 437 2848 \"0l'C
451 2821 569 2848 clamant
585 2821 761 2855 purissimum
787 2821 907 2856 Deiparte
931 2830 999 2848 cott-

213 2859 332 2892 ceptum.
346 2856 402 2888 jam
419 2857 510 2882 nullus
529 2857 643 2887 videtur,
658 2864 718 2883 cum
730 2864 762 2884 ex
776 2857 859 2883 veteri
884 2865 997 2891 [πονοι--

213 2889 270 2923 ltio,
291 2898 362 2919 unus
377 2892 412 2918 sit
425 2892 525 2925 nullus,
537 2900 585 2919 ttce
601 2899 748 2926 paucorum
768 2889 890 2919 habenda
904 2893 938 2920 sit
953 2901 997 2920 ra-

1177 2276 1219 2303 EJ:
1230 2284 1329 2303 canone
1342 2276 1416 2311 [cria
1432 2283 1457 2303 vt
1477 2275 1512 2302 ad
1538 2275 1713 2304 Matutinum.

1089 2359 1203 2386 Domina
1221 2357 1397 2393 pulcherrina
1421 2361 1449 2384 et
1474 2355 1568 2391 Virgo,
1591 2362 1654 2383 eum
1678 2355 1784 2384 videret
1810 2356 1838 2384 in

1049 2435 1097 2467 tio,
1116 2438 1146 2462 ut
1176 2435 1214 2462 ait
1234 2433 1315 2462 Joan.
1334 2434 1458 2461 Damasc.
1477 2439 1549 2461 orat.
1576 2442 1583 2461 ι
1600 2435 1633 2461 tle
1658 2433 1836 2468 imaginibus.

1048 2471 1115 2503 Quis
1133 2475 1225 2497 autern
1247 2477 1345 2504 negare
1370 2469 1458 2504 possit
1479 2469 1550 2497 inter
1571 2469 1728 2497 Catholieos
1741 2472 1836 2504 paucis

1050 2506 1192 2533 maculatae
1238 2504 1424 2540 conceptionis
1462 2505 1650 2539 opinatoribus
1691 2505 1836 2540 plusquam

1049 2545 1156 2568 centum
1174 2540 1248 2567 ntille
1265 2539 1403 2574 purissimi
1437 2544 1585 2574 conceptus
1613 2545 1765 2568 assertores
1788 2542 1839 2568 ob-

1049 2576 1110 2603 vios
1127 2583 1199 2603 nunc
1218 2583 1289 2606 esse,
1303 2579 1330 2602 ct
1343 2575 1523 2609 imposterum
1535 2575 1661 2603 futuros?

1086 2611 1142 2644 (i7)
1159 2610 1337 2645 Perspicuum
1361 2610 1433 2644 apttd
1459 2618 1503 2637 tne
1527 2615 1568 2638 est
1593 2610 1621 2637 Β.
1640 2609 1787 2645 Virginem,
1813 2610 1838 2637 si

1050 2645 1107 2672 haec
1127 2646 1154 2672 in
1179 2646 1267 2678 primo
1283 2645 1392 2672 instanti
1406 2645 1447 2672 sui
1463 2653 1526 2673 esse
1541 2646 1692 2673 sorduisset
1713 2645 1838 2679 originali

1049 2686 1160 2713 peccato
1183 2680 1265 2716 (quod
1282 2688 1335 2707 non
1356 2681 1445 2708 solum
1459 2688 1573 2716 merus,
1592 2681 1639 2707 sed
1664 2680 1836 2716 turpissima

1055 2716 1160 2743 macula
1173 2716 1235 2750 est),
1251 2716 1318 2743 falso
1341 2716 1393 2743 dici
1417 2723 1432 2743 a
1454 2715 1482 2743 S.
1505 2715 1623 2750 .Iusepho
1645 2715 1783 2750 absolute,
1803 2715 1838 2742 ab

1052 2751 1126 2778 omtti
1149 2759 1225 2778 ttawo
1245 2751 1451 2778 mundissimam
1469 2759 1475 2777 :
1491 2758 1553 2777 eum
1584 2750 1666 2785 igitur
1691 2749 1760 2776 falso
1783 2757 1837 2777 non

1052 2788 1170 2818 dicatur,
1196 2785 1243 2813 sed
1268 2788 1340 2816 vere.
1373 2787 1494 2821 sequitur
1519 2786 1673 2821 ipsamrex
1713 2785 1835 2821 ejusdem

1053 2821 1081 2848 S.
1097 2821 1209 2862 Josephi
1243 2825 1333 2848 mente
1360 2820 1501 2862 originalis
1526 2820 1720 2862 peceatintevo
1739 2820 1766 2847 iu
1786 2828 1836 2848 sua

1051 2855 1227 2891 conceptione
1241 2864 1303 2885 vere
1319 2856 1527 2884 mundissimam
1547 2855 1693 2883 exstitisse.
