2075 3154
246 187 314 221 1307

245 297 296 316 nos
307 287 543 315 benedictionibus
555 286 709 318 coronavit,
735 289 763 312 et
777 286 886 313 sustulit
917 286 1029 313 maledi-

245 334 384 364 etionem;
399 340 416 359 ο
431 332 490 360 sola
511 332 640 359 omnibus
649 331 887 359 benedictionibus
903 332 1028 359 cumula-

245 379 350 406 tissima
364 376 431 413 (ΞΟ),
450 376 532 412 Virgo
550 377 683 412 gloriosa,
706 384 769 411 qua:
795 384 881 411 genus
905 382 1027 404 nostrum

245 423 330 458 gratia
343 423 492 458 replevisti.

280 469 361 496 Lucis
377 473 430 495 tua:
440 468 525 496 radiis
540 468 672 500 illumina,
685 475 702 495 ο
712 467 819 502 Sponsa
834 468 893 499 Dei,
908 468 1028 495 animam

248 522 337 541 meam
354 515 382 541 in
398 513 560 548 perdltiouis
574 514 704 548 voragine
723 514 858 548 iacentem
875 520 1027 548 :exsurge;

246 559 337 586 hostes
351 559 481 594 proturba
501 566 533 586 ac
546 559 641 592 dejice,
654 559 700 594 qui
721 559 844 594 allligunt
858 559 968 586 assidue
980 567 1030 586 cor

246 612 347 637 meum,
360 609 387 631 et
402 604 436 631 ad
450 605 595 632 sectandas
619 605 764 640 passiones
789 613 864 633 meas
885 606 1029 641 impellunt

246 657 300 676 me.

316 710 358 737 Ex
368 719 466 738 canone
477 711 577 745 duplici
596 711 669 746 feriat
687 717 717 739 ιιι
735 712 769 738 ad
782 711 957 740 Matutinum.

281 763 498 791 Tabernaculnm
518 764 723 792 immaculatum
740 765 808 801 (21).
823 766 932 797 Arcam,
953 773 1030 792 men~

247 817 315 841 sam,
329 813 356 836 ct
371 815 501 841 montem.
517 817 548 838 ex
565 818 619 845 quo
631 811 689 838 sine
704 811 824 839 hominis
842 811 968 838 manibus
980 812 1028 837 ab-

247 854 350 881 scissus
370 859 412 882 est
424 855 493 888 lapis
510 855 637 882 Christus
663 856 784 882 omnium
810 856 954 889 Dominus,
975 856 1014 882 lla

248 900 316 926 riam
335 898 469 933 Virginem
488 899 596 935 hymnis
613 901 790 928 honorcmus.

282 944 305 972 O
322 945 407 972 nubes
424 945 511 971 lucida
530 944 597 979 (2‘2),
616 946 714 972 anima:
728 954 793 972 mea}
819 947 905 973 nubes
930 948 1030 975 inultas

247 995 275 1016 ct
286 998 390 1025 graves,
415 990 602 1017 illuminatiris
627 991 871 1019 intercessionibus
898 992 951 1019 tuis
975 993 1031 1019 dis—

248 1036 332 1067 solve,
350 1039 380 1062 ut
408 1035 498 1062 radios
510 1036 591 1070 269
603 1036 686 1068 illius,
701 1036 746 1070 qui
763 1045 795 1063 ex
809 1042 833 1064 te
847 1042 975 1072 tanquam
990 1038 1030 1065 sol

248 1085 360 1107 exortus
376 1084 428 1111 est,
447 1080 538 1108 videre
555 1081 669 1115 possim,
688 1086 714 1109 et
736 1089 767 1108 ex
789 1087 834 1109 tua
862 1083 923 1110 luce
943 1084 1030 1112 lucem

249 1126 420 1153 inocciduam
433 1127 585 1161 acquiram.

284 1172 436 1198 Primorum
462 1175 604 1207 parentum
624 1172 761 1199 tristitiam
788 1173 935 1206 abstulisti,
963 1174 1026 1201 dum

248 1216 376 1251 gaudium
404 1216 481 1244 nobis
501 1217 640 1252 peperisti,
663 1224 680 1243 o
714 1219 886 1246 sanctissima
905 1218 1031 1254 Deipara,

249 1262 311 1289 vita:
325 1262 429 1290 scilicet
445 1263 578 1294 datorem,
591 1270 623 1290 ac
642 1263 860 1298 Redemptorcm.
880 1272 959 1300 quem
980 1265 1032 1293 im-

250 1314 334 1342 penso
355 1308 452 1336 all‘ectu
473 1316 584 1344 precare
602 1315 652 1343 pro
673 1309 761 1336 salute
785 1311 936 1337 animarum
965 1319 1032 1339 nos-

250 1357 366 1381 trarum.

288 1399 405 1427 Mundus
424 1407 472 1434 per
495 1404 522 1427 te
546 1399 651 1427 veniam
676 1404 838 1428 consecutus
868 1406 919 1434 est,
950 1401 1032 1437 Virgo

255 1445 349 1477 Mater,
364 1445 409 1479 qui
427 1449 535 1479 propter
550 1445 794 1480 transgressionem
816 1446 919 1474 inutilis
942 1447 1032 1475 iactus

252 1489 340 1518 fuerat
358 1499 365 1518 :
384 1495 528 1525 propterea
543 1490 712 1518 canticorum
730 1491 789 1518 odis
806 1496 831 1519 te
851 1492 948 1519 merito
967 1493 1031 1519 hea-

251 1541 304 1564 tam
319 1536 447 1571 appellat.

804 187 835 216 S.
856 186 1013 216 JOSEPIII
1032 186 1311 217 HYMNOGRAPHI

278 243 448 271 Benedieunt
471 247 568 268 omnes
583 244 716 268 creatura:
742 239 839 267 Filium
866 246 955 273 mum,
980 241 1026 275 qui

1115 243 1228 276 Εὐλογεϊ
1257 243 1332 269 πᾶσα
1360 241 1448 274 κτίσις
1474 241 1520 267 τὸν
1547 241 1626 266 τόκον
1643 248 1687 266 σου

1793 186 1862 217 1308

1728 241 1864 272 εὐλογίαις

1115 250 1227 276 ΕυΑογει
1257 250 1332 269 πασσ.
1360 250 1448 274 κτίσις
1474 250 1520 267 τον
1547 250 1626 266 τοκον
1643 250 1687 266 5⁷ου
1728 250 1864 274 ευΑογιαις

1077 288 1152 322 ἡμᾶς
1169 287 1388 321 στεφανώσαντα,
1402 287 1449 313 καὶ
1464 286 1514 322 τὴν
1525 285 1595 320 ἀρὰν
1610 285 1756 319 ἐξάραντα.
1780 294 1864 313 παντ-

1079 333 1208 367 ευλόγητε
1236 333 1304 368 μόνη
1317 332 1510 367 δεδοξασμένῃ,
1523 331 1579 366 ἡτδ
1592 330 1671 364 γένος
1685 331 1764 365 ἡμῶν
1783 340 1863 367 χαρι-

1078 386 1200 406 τωσασα.

1113 469 1204 500 Φωτδς
1215 469 1262 496 τοῦ
1277 469 1306 496 ἐν
1315 469 1356 496 σοὶ
1368 468 1572 504 μαρμαρυγαῖς,
1587 467 1739 502 Θεόνυμφε,
1755 467 1805 502 τὴν
1814 466 1865 502 ψυ-

1079 517 1129 552 χήν
1142 525 1192 551 μου
1215 515 1429 550 φωταγώγησον,
1459 514 1585 549 κείμενον
1609 513 1700 549 βόθρῳ
1727 513 1865 545 ἀπωλείας

1079 561 1232 596 ἀνάστησον
1255 560 1372 595 ἑχορσιὺς
1399 560 1611 595 καταράσσουσα
1642 559 1706 590 τοὺς
1725 558 1865 590 θλίϐοντας

1078 606 1122 632 ἀεὶ
1144 605 1193 640 τὴν
1216 605 1329 640 καρδίαν
1346 613 1409 640 μου,
1424 605 1472 632 καὶ
1490 603 1557 639 πρὸς
1571 603 1606 631 τὰ
1630 603 1703 639 πάθη
1716 604 1865 631 συνωοοῦνο

1078 651 1128 682 τάς
1144 659 1189 685 με.

1085 712 1136 738 Ἐκ
1149 710 1202 737 τοῦ
1228 709 1357 742 κανόνος
1382 708 1436 742 τῆς
1447 709 1550 743 τρίτης
1583 709 1626 742 εις
1649 708 1703 736 τὸν
1729 709 1864 742 Ὀρθρον.

1114 765 1169 800 Τὴν
1189 764 1290 799 σκηνὴν
1304 764 1353 798 τὴν
1367 763 1511 799 ἄχραντον,
1529 763 1576 790 καὶ
1594 762 1720 795 κιϐωτὸν,
1734 762 1781 788 καὶ
1801 762 1866 797 τρά-

1079 810 1174 842 πεζαν,
1188 809 1217 836 τὸ
1231 809 1293 845 ἦρος
1309 807 1339 836 οὗ
1350 809 1453 844 ἐτμήθη
1471 808 1535 835 ἄνευ
1548 808 1636 844 χειρδς
1654 807 1797 842 ἀνθρώπω
1823 807 1864 833 λῑ-

1079 855 1224 888 Οος,ότῡῦ
1252 855 1352 886 παντὸς
1379 854 1492 891 Κύριος,
1522 854 1638 890 Μαριὰμ
1649 854 1697 889 τὴν
1728 853 1871 897 Παρθένον

1047 905 1067 934 Β
1084 900 1178 934 ὖμνῡις
1189 900 1361 934 τιμήσωμεν.

1115 945 1224 980 Νεφέλη
1239 945 1368 980 φωτεινὴ.
1380 945 1430 980 τῆς
1441 944 1529 980 ψυχῆς
1545 952 1595 979 μου
1605 944 1639 970 τὰ
1661 943 1728 978 νέφη
1752 944 1785 970 τὰ
1798 943 1863 969 πηλ-

1081 990 1114 1016 ).Ξι
1145 990 1189 1016 καὶ
1216 989 1321 1024 χαλεπὰ
1349 989 1407 1018 ταῖς
1430 989 1491 1020 σαῖς
1511 989 1687 1022 φωτιστικαῖς
1714 987 1863 1022 gestulm;

1081 1035 1214 1064 διὰλυσον.
1230 1035 1303 1066 ὅπως
1319 1035 1366 1061 ἴδω
1377 1035 1427 1065 τὰς
1441 1034 1554 1065 ἀκτῖνας
1564 1033 1611 1060 τοῦ
1629 1035 1661 1060 ὲκ
1676 1034 1723 1060 σοῦ
1753 1032 1865 1060 ἀνατει-

1081 1081 1186 1113 λαντος,
1197 1081 1243 1107 καὶ
1256 1081 1325 1115 φωτὶ
1333 1081 1390 1114 φῶς
1403 1079 1601 1116 προσλάϐωμαι
1619 1079 1726 1106 ἄδυτον.

1123 1179 1179 1199 ξων
1194 1173 1374 1208 προπατόρων
1393 1172 1490 1204 ἔλυσας
1503 1171 1553 1207 τὴν
1576 1171 1675 1206 λύπην,
1695 1171 1775 1206 χάριν
1800 1172 1868 1206 ἡμῖν

1083 1218 1218 1253 κυήσασα,
1229 1218 1274 1244 τὸν
1289 1217 1421 1252 ζωοδότην
1435 1217 1483 1243 καὶ
1495 1216 1654 1253 Λυτρωτὴν,
1664 1216 1783 1251 παναγία
1799 1216 1866 1243 Θεο-

1083 1264 1155 1296 τόκε,
1170 1263 1199 1291 δν
1217 1263 1333 1296 ἐκτενῶς
1348 1263 1454 1290 ἱκέτευε
1469 1261 1590 1298 σωθῆναι
1600 1261 1650 1295 τὰς
1665 1261 1753 1298 ψυχὰς
1771 1262 1860 1298 ἡμῶν.

1120 1400 1228 1435 Κόσμος
1245 1399 1288 1427 διὰ
1305 1399 1351 1426 σοῦ
1369 1399 1484 1435 ὴλέηται
1495 1399 1509 1426 ό
1520 1400 1552 1435 τῇ
1567 1398 1720 1434 παραϐάσει
1751 1398 1867 1433 ἀχρείω-

1085 1446 1151 1478 οεὶς,
1165 1445 1381 1481 Μητροπάροενε
1395 1453 1402 1460 ·
1419 1445 1462 1472 διὰ
1477 1444 1554 1472 τοῦτο
1573 1444 1655 1480 ᾠδαῖς
1682 1443 1811 1480 ᾀσμάτων
1818 1452 1866 1470 κα-

1084 1491 1205 1527 ταχρέως
1223 1491 1368 1527 μακαρίζει
1383 1499 1424 1519 σε.

286 1581 325 1608 Te
341 1582 454 1609 salutem
473 1581 499 1608 in
516 1581 589 1608 onmi
605 1582 666 1608 loco
680 1586 706 1609 et
721 1587 841 1616 tempore
859 1582 956 1609 invoco
971 1592 977 1610 :
995 1590 1029 1610 ne

1117 1583 1294 1618 Σωτηρῐανὲν
1308 1583 1388 1610 παντὶ
1405 1582 1493 1618 καιρῷ
1507 1583 1553 1609 καὶ
1565 1582 1650 1616 τόπῳ,
1668 1581 1865 1617 ἐπικαλοῦμαι,

251 1626 455 1664 despiciasmc.
473 1634 489 1653 o
507 1626 663 1660 purissima,
686 1633 746 1661 quae
767 1626 851 1653 Deum
869 1627 1032 1662 Redempto-

251 1681 307 1700 rem
320 1681 352 1699 ac
363 1672 531 1699 Salvatorem
548 1680 637 1698 meum
650 1671 787 1706 peperisti.

287 1717 445 1752 Propitiatio
461 1725 492 1744 ac
515 1717 665 1752 redemptio
688 1721 779 1743 nostra
798 1716 923 1751 apparuit
948 1716 1033 1744 Filius

251 1768 324 1794 tuus,
342 1771 358 1789 ο
375 1762 472 1797 Virgo;
493 1770 572 1796 quem
591 1762 749 1796 suppliciter
761 1769 843 1789 exora
870 1769 919 1796 pro
944 1763 1033 1790 salute

251 1816 346 1836 eorum
363 1807 407 1842 qui
423 1812 448 1835 te
467 1815 528 1834 eum
545 1808 628 1835 animi
644 1808 853 1842 compnnetione
867 1807 1032 1835 beatiﬁeanl.

289 1895 415 1931 (20)llac
450 1895 531 1931 igitur
556 1896 635 1923 etiam
663 1896 850 1924 benedictione
881 1896 1030 1928 cumulata,

251 1932 324 1965 quod
339 1932 397 1965 ipsa
410 1931 492 1958 fuerit
511 1939 609 1958 aurora
622 1931 704 1958 divini
721 1932 791 1958 Solis
813 1932 884 1958 nulla
903 1931 1029 1966 originali

251 1966 365 2000 caligine
378 1966 532 1995 obscurata.
543 1973 604 1993 area
618 1973 725 2000 semper
736 1972 876 1996 coronata.
887 1970 914 1993 et
931 1967 955 1992 in
970 1966 1031 1992 nul-

252 2001 278 2027 lo
293 2000 421 2035 temporis
447 2005 593 2031 momento,
607 2000 721 2026 daemonii
747 2009 794 2035 per
811 2006 949 2034 peccatum
965 2000 1026 2027 sub-

249 2035 338 2069 jecta;
366 2035 462 2062 alhedo
481 2035 706 2070 splendidissima
720 2035 745 2061 in
766 2036 838 2062 nulla
855 2043 973 2069 unquam
989 2035 1029 2062 vel

253 2069 364 2096 minima
381 2070 485 2104 peccati
506 2070 672 2096 obscuritate
692 2069 860 2103 deprehensa
876 2079 884 2096 :
901 2075 928 2096 et
941 2070 1030 2096 amica

253 2104 299 2131 Dei
320 2108 374 2131 tota
391 2105 513 2138 pulchra,
528 2112 544 2131 a
558 2111 610 2137 qua
632 2104 721 2131 omnis
740 2104 845 2131 macula
865 2111 918 2131 non
942 2104 1031 2131 solum

252 2139 377 2174 actualis.
391 2139 437 2166 sed
448 2139 528 2174 etiam
544 2139 683 2174 originalis
694 2139 815 2166 criminis
828 2147 934 2173 semper
948 2147 1031 2174 exsu-

253 2173 326 2200 lavit.
338 2174 422 2200 Porro
438 2182 448 2198 ‹
467 2173 590 2200 Christus
612 2173 652 2204 (ut
669 2174 695 2199 in
711 2180 760 2200 suo
787 2181 870 2207 opere
896 2173 931 2200 De
957 2173 1031 2200 laud.

1085 1628 1122 1662 μὴ
1136 1628 1250 1663 παρίδῃς
1265 1636 1309 1662 με.
1322 1628 1488 1662 πανάμωμε,
1504 1627 1593 1662 ήΘεδν
1606 1628 1732 1662 κυήσασα
1747 1627 1794 1653 τὸν
1809 1628 1865 1654 Δυ-

1082 1673 1189 1708 τρωτὴν
1199 1673 1265 1708 όμοῦ
1278 1673 1324 1700 καὶ
1340 1667 1455 1709 Σωτῆρα
1469 1682 1532 1708 pou.

1125 1719 1250 1752 ’ἱλασμός
1283 1719 1350 1754 ἡμῖν
1375 1719 1422 1744 καὶ
1442 1718 1576 1754 λύτρωσις
1604 1717 1756 1753 ἐγνωρισοη
1782 1719 1797 1744 ό
1821 1718 1868 1749 σὸς

1084 1763 1159 1795 Υἱὸς,
1175 1763 1308 1798 ῐῐαρϐένε,
1326 1763 1355 1789 ὃν
1370 1763 1473 1790 ἱκέτευε
1496 1762 1581 1789 σῶσαι
1602 1763 1666 1793 τοὺς
1680 1763 1708 1790 ὲν
1722 1762 1868 1795 κατανύξει

1084 1816 1114 1835 σε
1132 1807 1222 1842 ψυχῆς
1241 1807 1449 1843 μακαρίζηντας.

1084 1896 1203 1929 culpam.
1227 1897 1294 1924 Nam
1323 1901 1430 1924 constat
1452 1897 1525 1931 quod
1544 1895 1732 1924 Tabernaculo
1765 1896 1867 1924 Christi

1084 1932 1146 1967 plus
1162 1932 1274 1967 «lerogat
1290 1932 1392 1966 peccati
1408 1932 1559 1967 corruptio,
1576 1932 1711 1967 quamﬂin
1730 1931 1867 1967 pulverem

1084 1965 1240 2027 resqluéioj
1256 1965 1301 1994 Sic
1311 1967 1355 1994 ille
1362 1967 1432 2001 apud
1446 1965 1570 1999 Bostom,
1582 1966 1688 1994 serm.'6
1696 1965 1867 2002 deConcrpt.

1084 2009 1131 2027 nar
1145 2009 1160 2027 e
1192 2021 1198 2026 .

1101 2006 1160 2028 arte
1170 2006 1198 2027 '2.

1083 2009 1256 2070 magicum
1270 2035 1345 2063 nullo
1357 2043 1476 2070 unquam
1500 2039 1622 2070 tempore
1635 2036 1750 2069 alicujus
1763 2035 1867 2070 peccati

1083 2070 1243 2098 obscuritati
1259 2071 1391 2104 subjecta.
1407 2069 1474 2097 Hine
1498 2071 1528 2096 D.
1546 2069 1727 2105 Hieronymus
1747 2069 1869 2098 tractans

1084 2105 1247 2132 versiculum
1273 2106 1347 2132 illum
1373 2105 1472 2132 Psalmi
1493 2105 1538 2132 77.
1559 2104 1658 2131 Eduxit
1676 2113 1723 2132 eos
1750 2106 1776 2132 in
1795 2105 1869 2132 nube

1084 2139 1147 2172 diei,
1166 2140 1255 2166 dixit:
1274 2139 1341 2166 Ecce
1353 2140 1423 2167 Deus
1440 2140 1513 2166 venit
1529 2140 1554 2166 in
1577 2138 1722 2173 Egyptum
1747 2140 1773 2166 in
1795 2140 1868 2166 nube

1083 2174 1151 2206 levi;
1166 2174 1269 2200 Nubem
1287 2175 1370 2201 levem
1401 2178 1448 2200 aut
1463 2175 1570 2208 proprie
1586 2182 1684 2207 corpus
1706 2173 1866 2204 Salvator-is.

253 2207 284 2234 Β.
299 2207 632 2247 ιξῐηςὶῃὶιιίὺις.1,ῐιξιιει.7,
643 2208 730 2247 inquit
738 2207 952 2247 Bartholomasns
962 2207 1033 2247 l:isa-
1050 2220 1070 2247 ο
1085 2209 1148 2247 quia
1165 2210 1221 2236 leve
1237 2209 1298 2247 fuit.
1313 2213 1341 2236 et
1353 2209 1428 2247 nullo
1441 2207 1552 2247 peccato
1563 2214 1716 2247 gravatum.
1733 2214 1780 2247 a_ut
1793 2213 1869 2236 certe

255 2242 316 2283 nos)
332 2243 406 2283 dedit
420 2242 519 2282 majora
533 2243 614 2273 dona,
630 2247 657 2269 ct
680 2242 769 2283 minus
793 2243 946 2283 necessaria
971 2242 1032 2268 Vir-

255 2276 320 2310 gini.
339 2276 425 2309 Patet,
438 2277 500 2311 quia
517 2285 576 2312 eam
601 2285 678 2304 suam
699 2276 810 2303 Matrem
833 2277 981 2312 fecit,crgo
1006 2281 1034 2303 et

255 2312 359 2338 minora
386 2312 456 2338 dona
472 2311 554 2343 dedit,
572 2312 674 2338 scilicet
689 2312 922 2345 przeservationem
942 2311 958 2337 εἰ
973 2318 1034 2344 pec-

255 2351 316 2381 cato
332 2346 467 2379 originali.
484 2346 560 2377 ltein,
586 2347 760 2381 praeservavit
775 2345 909 2381 Virginem
922 2354 936 2372 a
954 2353 1033 2381 pwua

255 2379 325 2411 Evze,
338 2388 403 2413 ergo
417 2387 443 2407 et
455 2389 469 2407 a
481 2382 570 2415 culpa,
586 2379 598 2406 ὶ
618 2387 670 2408 etc.

291 2415 346 2448 (2i)
363 2415 421 2441 Non
439 2416 519 2442 aliam
533 2417 569 2442 ob
586 2423 707 2445 causam,
724 2415 774 2441 nisi
788 2415 849 2450 quia
868 2415 901 2441 ab
914 2415 1034 2450 origina-

255 2449 289 2475 lis
308 2449 408 2483 peccati
423 2451 526 2476 macula
548 2458 654 2484 semper
675 2451 803 2476 aliennm.
821 2450 876 2476 Hac
889 2449 965 2476 enim
977 2457 1033 2476 ma-

255 2484 326 2513 cula.
347 2484 398 2510 etsi
426 2486 458 2510 ad
477 2490 644 2511 momentum
675 2485 770 2511 fuisset
790 2485 972 2518 inquinatum.
985 2492 1033 2511 nec

253 2526 327 2549 Vere,
346 2526 396 2546 nec
410 2519 531 2546 absolute
551 2520 752 2546 immaculatum
772 2519 823 2545 dici
852 2525 951 2553 posset.
965 2519 1034 2546 llinc

255 2553 478 2581 licrnardinus‘lc
496 2553 579 2581 Buslo
603 2554 629 2580 in
651 2554 752 2580 Marial.
768 2561 852 2580 sorm.
867 2553 885 2579 2
904 2554 937 2580 de
958 2554 1032 2580 (Ion-

254 2593 323 2622 ci-pt.
340 2593 415 2621 parte
424 2589 450 2619 3.
463 2589 517 2615 ait:
534 2598 542 2613 ι
560 2589 638 2620 Deus,
651 2589 730 2623 cujus
746 2588 863 2622 perlecta
880 2593 1032 2622 suntopera

256 2623 333 2650 llcut.
348 2625 393 2654 22,
412 2623 624 2650 sacratissimum
650 2622 855 2650 tabernaculum
872 2624 901 2649 Β.
914 2622 1033 2656 Virgini!

254 2658 327 2684 ouini
340 2659 456 2691 puritate
468 2666 492 2684 ct
503 2659 656 2684 innocentia
673 2658 880 2691 repletissimum
896 2658 1031 2687 formarit.

255 2692 281 2718 in
308 2693 384 2727 cujus
412 2692 596 2720 sai-latissimo
623 2699 699 2720 utero
724 2693 811 2720 factus
838 2694 917 2719 homo
939 2700 1031 2718 ιιωνι-ιη

255 2730 403 2757 mensium.
419 2737 427 2753 ι
446 2727 572 2760 Magister
601 2736 708 2762 quoque
737 2727 837 2754 Paulus
863 2727 895 2754 de
907 2727 978 2754 Luca
1006 2727 1031 2753 in

254 2763 370 2795 quodam
398 2763 624 2790 excell-unissimo
656 2770 792 2794 sermone,
816 2763 841 2788 in
858 2763 1031 2796 quo-decem

256 2797 351 2823 mediis
367 2799 461 2830 prohat
478 2798 679 2824 lunuaculatmn
698 2797 727 2823 il.
743 2797 859 2831 Virg‘nis
880 2797 1033 2829 ('oncoptio-

257 2838 327 2862 nent,
345 2832 413 2858 inter
426 2834 476 2859 alia
489 2834 574 2866 llllltltl
591 2839 597 2857 :
615 2851 622 2857 .
640 2833 670 2858 ll.
687 2832 767 2865 Virgo
784 2840 834 2858 non
848 2832 897 2858 iu.l
914 2833 1030 2858 resoluta

257 2866 284 2893 in
312 2867 458 2897 pulverem.
476 2867 545 2900 Ειχςυ
568 2876 617 2894 urc
637 2873 766 2901 Concvpta
792 2874 838 2900 per
871 2866 1030 2900 originalem

1084 2244 1215 2271 debemus
1237 2244 1359 2278 accipere
1383 2244 1497 2270 Mariam
1526 2244 1600 2270 nullo
1615 2243 1719 2270 semine
1735 2244 1868 2278 rhumano

1083 2283 1288 2312 prmgravatam.
1302 2288 1310 2302 ι
1329 2279 1398 2305 Ecce
1413 2278 1542 2305 Dominus
1566 2277 1638 2313 venit
1666 2278 1692 2304 in
1722 2277 1867 2313 Egyptnm

1084 2313 1176 2339 s:eculi
1204 2313 1283 2346 hujus
1299 2320 1346 2346 per
1371 2313 1466 2339 nubem
1483 2313 1567 2339 levem
1591 2311 1741 2346 Virginem.
1756 2311 1783 2338 et
1794 2311 1869 2338 ‘cdu-

1084 2347 1124 2373 xit
1138 2355 1185 2374 eos
1199 2347 1225 2374 in
1239 2348 1308 2374 nuhe
1325 2347 1387 2374 diei.
1402 2347 1516 2373 Pulchre
1531 2355 1541 2372 ι
1559 2347 1626 2373 dixit
1644 2347 1670 2373 in
1689 2347 1834 2374 nuhediei.
1854 2357 1863 2373 ι

1084 2382 1176 2409 Nubes
1190 2383 1262 2408 enim
1292 2382 1335 2408 illa
1359 2390 1411 2408 mm
1429 2381 1477 2408 fuit
1501 2382 1528 2408 in
1553 2382 1683 2411 teut-bris.
1699 2383 1745 2408 sed
1762 2390 1868 2416 semper

1085 2416 1110 2442 in
1137 2417 1205 2443 luce.
1227 2426 1236 2442 ι
1256 2417 1319 2443 Hoc
1333 2417 1523 2451 llirronytuus.
1540 2415 1605 2448 Quae
1619 2417 1741 2450 proli-clo
1768 2417 1869 2450 (inquit

1083 2451 1244 2478 Cathariuus
1266 2452 1292 2477 in
1318 2459 1368 2478 suo
1393 2451 1529 2478 Trael.de
1559 2451 1687 2484 Conccpt.
1701 2451 1734 2477 ad
1765 2451 1866 2485 Synod.

1086 2485 1208 2512 Trident.
1233 2490 1307 2519 parte
1331 2486 1350 2518 ι)
1362 2485 1412 2512 nisi
1429 2485 1578 2519 sophistica
1589 2490 1789 2520 pervcrtantur,
1807 2493 1870 2519 per-

1086 2525 1192 2554 petitam
1211 2520 1330 2547 Domina:
1343 2520 1468 2554 gratiam,
1484 2525 1511 2547 et
1537 2520 1719 2547 innocentiam
1742 2528 1869 2553 compro—

1084 2555 1158 2582 bant.
1171 2555 1313 2590 Appellant
1324 2555 1396 2581 enim
1408 2554 1546 2589 Virginem
1562 2555 1662 2581 nubent
1682 2555 1756 2582 nullo
1772 2555 1869 2581 huma—

1085 2597 1120 2616 no
1133 2591 1236 2617 semine
1247 2595 1452 2624 pnegravatam.
1468 2589 1549 2622 Quid.
1559 2589 1684 2620 obsecro.
1696 2595 1738 2616 est
1751 2589 1800 2616 hoc
1814 2590 1867 2616 nisi

1084 2629 1204 2658 apertius
1224 2625 1314 2651 dicere
1330 2625 1402 2651 illam
1430 2625 1505 2651 nttllo
1519 2625 1620 2658 peccati
1646 2624 1776 2658 pondere.
1794 2625 1866 2656 quod

1084 2667 1114 2691 ex
1131 2659 1249 2686 humano
1262 2659 1364 2686 sentiae
1377 2659 1528 2690 descendit,
1546 2659 1629 2686 fuisse
1650 2660 1867 2693 praegravatam'!

1086 2693 1116 2720 Et
1129 2694 1192 2728 quid
1209 2694 1260 2721 hoc
1274 2698 1314 2720 est
1327 2701 1380 2721 non
1395 2693 1480 2721 fuisse
1493 2694 1564 2720 illan)
1586 2694 1685 2720 nubem
1701 2700 1820 2727 unquam
1839 2694 1866 2720 in

1085 2729 1214 2759 tenebris,
1233 2729 1279 2756 sed
1293 2736 1399 2762 semper
1424 2729 1451 2755 iu
1471 2729 1539 2760 lucc,
1553 2729 1603 2755 nisi
1622 2736 1758 2762 nunquam
1781 2728 1867 2755 fuisse

1084 2763 1231 2790 involutam
1248 2767 1367 2797 peccato,
1382 2771 1428 2796 pcr
1442 2763 1513 2797 quod
1525 2764 1643 2790 tenebrae
1659 2762 1868 2797 signiﬁcantur?

1084 2798 1153 2830 Quid
1170 2798 1213 2824 hic
1237 2799 1335 2825 dii-turi
1353 2804 1417 2825 sunt
1429 2799 1605 2833 quantumvis
1631 2798 1776 2833 ingeniosi,
1790 2801 1816 2824 et
1831 2797 1865 2824 ad

1084 2837 1235 2860 commenta
1251 2833 1373 2868 copiosi?
1385 2833 1431 2860 Sic
1443 2833 1618 2860 Catharinus.
