2075 3154
231 148 301 181 1309

963 150 1143 182 MARIALE.

1786 152 1853 187 1‘10

272 203 423 231 ’Δνάτειλόν
437 211 492 238 μοι.
511 203 653 234 Δέσποινα,
665 203 763 230 ἀκτῖνα
778 201 825 232 τοῦ
847 203 937 235 ἐλέους
951 213 1010 238 σου,

1099 205 1172 233 Oriri
1187 206 1239 239 fac,
1261 214 1278 234 ο
1292 206 1406 234 Domina
1425 206 1518 242 Virgo,
1533 207 1640 235 radium
1656 207 1852 237 misericordiae

229 248 270 283 τῷ
285 249 313 274 ὲν
325 248 364 283 τῷ
377 248 467 274 σκότει
481 247 536 274 τῶν
558 248 738 283 πταισμάτων
750 248 913 283 ὑπάρχοντι,
940 249 1017 283 Παρ-

231 293 301 324 θένε,
313 293 360 319 καὶ
378 293 446 327 πρὸς
460 292 519 326 φῶς
535 292 667 327 ὸδήγησον
678 293 832 328 μετανοίας,
846 293 964 329 ἄχραντε
974 294 1019 320 ἴνα

231 338 323 365 πίστει
337 346 367 365 σε
384 338 473 372 ὗμνῶ.

265 384 321 419 Τὴν
335 384 465 418 καλλονὴν
478 383 621 419 ἠγάπησεν
634 383 698 415 Θεός
708 392 738 410 σε
753 383 800 411 τοῦ
821 383 927 416 Ἰακὼϐ,
943 384 1019 418 Παρ-

231 429 292 455 οὲνε
309 429 396 463 Κόρη,
417 427 643 460 ἐπικαλλωπίζων
671 428 776 461 πάντας
803 429 847 456 διὰ
858 429 905 456 σοῦ
928 430 1019 464 ἀμαυ-

231 474 367 510 ρωθέντας
378 473 532 509 παραϐάσει
548 474 579 501 τὸ
590 474 734 510 πρότερον.

266 527 388 561 Παναγία
398 527 528 563 Παρθένε,
546 529 562 563 ἡ
575 528 727 563 προστασία
753 528 771 555 ἁ
782 528 890 554 πάντων
902 527 957 554 τῶν
972 536 1018 555 πι-

232 572 314 604 στῶν,
331 573 566 609 πρόστηθι,ρὖαί
581 582 615 606 με
635 573 750 608 ἀπειλῆς
772 573 820 600 καὶ
834 573 947 604 σκότους
970 573 1018 600 τοῦ

231 618 346 653 φρικτοῦ
362 619 504 654 κριτηρίου
516 619 545 645 ἐν
559 618 619 654 ὥρᾳ
635 619 685 654 τῆς
699 619 826 654 κρίσεως,
854 618 898 645 ῐνα
924 618 1016 645 πίστει

230 664 274 690 ἀεὶ
286 663 365 698 ὁμνῶ
380 673 422 691 σε.
447 681 454 687 -

264 704 356 753 niam
369 718 551 752 διετράνωσαν
561 718 665 749 εἰκόνες
682 717 732 753 τὴν
759 718 809 753 σὴν
820 717 937 753 φρικτὴν
967 717 1014 743 λο-

229 763 317 798 χείαν,
328 763 516 798 Θεονύμφευτε
524 784 531 796 ,
549 760 587 791 ὧν
598 764 646 795 τὰς
658 763 785 795 ἐκϐάσεις
795 764 876 798 ἡμεῖς
892 764 940 790 νῦν
949 763 1017 790 καθ-

228 808 356 843 ορῶντες,
366 809 508 842 Δέσποινα,
516 808 635 841 ἐπαξίως
644 817 674 835 σε
686 809 844 843 δοξάζομεν.

264 898 315 925 Τδν
327 898 440 934 Σωτῆρα
454 900 501 926 καὶ
520 899 597 932 Θεὸν,
614 899 662 927 καὶ
678 900 835 935 Δυτρωτὴν,
847 901 895 926 καὶ
911 900 1016 926 Δεσπᾶ-
1033 882 1054 909 Β

229 951 278 977 την
293 943 373 976 σαρκὶ
385 943 513 976 τεκοῦσα,
530 944 651 978 πάναγνε
664 945 809 975 Δέσποινα,
831 944 926 970 τοῦτον
955 945 1010 975 ἀεὶ,

228 988 357 1022 ἄχραντε,
373 988 504 1020 δυσώπει,
524 989 596 1019 ὅπως
614 988 691 1015 λύσιν
703 989 757 1015 τῶν
767 989 862 1015 δεινῶν
892 990 938 1015 καὶ
953 989 1018 1016 πο).-

228 1032 283 1060 λῶν
296 1034 437 1069 ἁμαρτιῶν
464 1034 513 1069 τὴν
542 1034 638 1069 ἄφεσιν
667 1034 794 1066 λαϐόντες
816 1034 1017 1070 ὑμνολογοῦμεν

228 1077 309 1105 αὑτοῦ
321 1079 384 1110 τοὺς
403 1079 474 1114 ὑπὲρ
485 1079 547 1106 νοῦν
561 1079 730 1115 οίκτιρμούς-

265 1227 430 1264 ’Δπαγωγῆς
442 1228 574 1264 πονηρᾶς.
587 1227 635 1255 καὶ
647 1227 798 1262 προνομῆς,
821 1227 954 1262 Παρθένε,
967 1226 1015 1254 καὶ

226 1273 276 1307 τῆς
283 1272 404 1305 δουλείας
411 1273 459 1301 τοῦ
469 1273 617 1309 ἀλάστορος
631 1274 694 1305 τοὺς
701 1273 812 1304 δούλους
825 1281 871 1299 σου
884 1273 1015 1307 φύλαττε,

225 1317 291 1350 τούς
305 1327 335 1346 σε
436 1320 482 1348 καὶ
494 1319 603 1356 γλώσσῃ
618 1320 662 1347 ἀεὶ
676 1319 895 1354 δοξολογοῦντας.

267 1374 300 1401 Ἦ
312 1375 400 1402 κοιλία
417 1383 477 1407 σου,
492 1376 659 1411 πανάμιυμε,
671 1375 790 1410 οημονία
819 1374 923 1409 σεπτῆς
946 1373 1014 1400 ἄλως

226 1429 272 1450 νος
286 1421 393 1456 ἐδείχθη
403 1422 506 1456 ,κόσμῳ
524 1422 596 1448 σῖτον
625 1421 746 1456 φέρουσα
772 1420 846 1454 ζωῆς
874 1419 920 1446 τὺν
946 1419 1011 1452 τρέ-

227 1474 312 1500 φοντα
324 1465 358 1492 τὰ
373 1466 462 1494 πάντα
480 1475 487 1482 ·
500 1466 540 1493 διό
558 1475 586 1492 σε
600 1469 638 1498 ὡς
652 1466 742 1492 αίτίαν
755 1466 883 1492 ἁπάντων
900 1463 953 1491 τῶν
967 1473 1016 1491 κα-

226 1509 281 1537 λῶν
290 1511 316 1538 οι
332 1511 422 1538 πιστοὶ
437 1510 590 1546 συμφώνως
598 1511 783 1546 ἀνυμνοῦμεν.

278 1610 315 1643 Ως
328 1611 404 1646 πηγὴ
428 1611 479 1646 τῆς
495 1611 573 1646 ἡμῶν
581 1611 769 1644 ἀναπλάσεως,
789 1610 966 1646 συντριϐέντα
982 1619 1016 1644 με

227 1656 288 1683 ὅλον
299 1656 454 1684 ἀνάπλασον
469 1658 530 1689 ταῖς
542 1657 707 1692 προσϐολαῖς
732 1656 779 1683 τοῦ
814 1656 913 1689 ὅψεως,
940 1656 1015 1687 ὅπως

226 1701 318 1727 πίστει
328 1701 376 1728 καὶ
383 1701 459 1736 πόθῳ
470 1710 499 1728 σε
513 1701 668 1737 μακαρίζω,
681 1700 797 1728 Θεοτόκε
809 1700 930 1735 Παρθένε
941 1708 1012 1727 παν-

229 1745 332 1782 ὑμνητε
337 1766 346 1774 .

263 1801 399 1835 Φιλάγαϐε
423 1800 511 1836 Κόρη,
524 1801 570 1827 τὸν
603 1799 754 1835 φιλάγαθον
780 1799 848 1826 Θεὸν
873 1799 1012 1833 κυήσασα,

229 1846 374 1880 ἀγάθυνον,
387 1847 441 1882 βοῶ
461 1855 513 1878 σοι,
529 1845 729 1880 κεκακωμένην
749 1845 844 1876 δεινῶς
865 1845 911 1871 καὶ
920 1844 1015 1871 ἀθλίαν

229 1899 280 1925 μου
296 1891 384 1927 ψυχὴν
405 1893 463 1923 τοῖς
482 1892 581 1918 πάθεσι
597 1890 644 1918 καὶ
667 1891 727 1922 ταῖς
753 1891 885 1925 πονηραῖς
906 1889 1015 1916 ἐπιϐου-

226 1937 285 1969 λαῖς
301 1938 348 1964 τοῦ
379 1938 492 1972 πλάνου,
514 1938 559 1965 Eva.
584 1937 676 1963 πίστει
693 1945 723 1963 σε
746 1935 824 1971 ὑμνῶ
845 1935 895 1970 τὴν
919 1935 1015 1962 ἐλπίδα

227 1983 347 2011 πάντων.

261 2074 412 2109 Φιλάγαοον
421 2074 522 2108 τὲεασα
533 2073 609 2105 Θεδν,
621 2072 754 2108 φιλάγαθε
774 2071 900 2104 Θεοτόκε,
920 2070 1015 2098 τοῦτον

226 2121 337 2156 αῐτησαι
347 2119 437 2155 πάσης
450 2128 484 2155 με
499 2118 633 2155 ῥύσασθαι
649 2119 759 2152 κακίας,
772 2118 821 2145 καὶ
830 2117 925 2144 τοῦτον
939 2125 1015 2152 καρ-

1070 255 1132 282 tute.
1147 251 1224 283 mihi,
1243 252 1290 286 qui
1306 252 1333 279 in
1350 256 1524 287 peccatorum
1539 259 1662 279 meorum
1678 252 1797 280 tenebris
1812 253 1854 288 ja-

1070 302 1132 327 ceo;
1146 300 1173 322 et
1187 296 1221 322 ad
1234 296 1325 323 lumen
1340 297 1508 330 pauitentiae
1522 297 1609 324 deduc
1623 304 1675 330 me,
1685 304 1702 324 ο
1715 297 1853 331 inviolata,

1069 343 1098 366 ut
1109 347 1170 367 cum
1184 339 1236 367 fide
1248 341 1399 368 collaudem
1415 346 1451 369 te.

1104 384 1142 411 Te
1158 386 1274 419 speciem
1295 385 1380 413 Iacob
1400 385 1471 413 Deus
1490 386 1593 418 dilexit.
1618 394 1635 414 o
1650 387 1734 423 Virgo
1751 389 1852 423 puella.

1069 430 1115 465 qui
1134 435 1248 458 exornat
1268 431 1468 466 pulchritudine
1487 439 1518 459 ac
1536 432 1641 466 fulgore
1655 440 1702 467 per
1719 438 1745 460 te
1757 442 1854 462 omnes

1068 475 1112 510 qui
1130 476 1206 510 prius
1223 476 1327 510 peccati
1345 476 1486 511 nigredine
1502 477 1610 504 fuci-ant
1628 477 1784 506 deformati.

1100 528 1182 564 Virgo
1198 529 1382 562 sanctissima,
1395 530 1551 564 praesidium
1570 530 1692 557 omnium
1709 530 1828 558 fidelium
1845 539 1854 558 :

1068 578 1128 600 esto
1143 573 1209 600 mihi
1224 573 1379 607 praesidium
1392 578 1422 600 ut
1435 573 1534 601 liberes
1550 581 1592 601 me
1606 581 1621 601 a
1636 574 1729 605 minis,
1743 579 1769 602 et
1780 579 1855 602 tene-

1069 618 1125 645 bris
1138 618 1270 645 tremendi
1285 626 1432 646 conscssus
1445 619 1472 645 in
1489 619 1558 646 hora
1571 619 1681 654 judicii,
1698 624 1728 646 ut
1747 627 1854 654 semper

1069 668 1096 692 te
1108 672 1169 692 cum
1183 664 1235 691 ﬁde
1249 664 1412 692 collaudem.

1106 720 1184 754 Legis
1201 719 1335 753 imagines
1351 719 1536 746 venerandum
1555 722 1663 753 partum
1680 721 1759 745 tuum
1773 719 1856 746 mani-

1069 766 1138 793 feste
1151 768 1358 798 expresserunt,
1372 771 1390 791 ο
1405 763 1511 798 Sponsa
1528 762 1589 796 Dei;
1606 771 1722 797 quarum
1739 769 1854 791 eventus

1068 818 1120 837 nos
1135 817 1208 837 nunc
1221 809 1369 841 intuentes,
1386 816 1436 844 pro
1450 807 1548 835 merito
1563 811 1600 840 te,
1616 807 1740 840 Domina,
1754 808 1854 843 gloriﬁ-

1069 863 1176 883 camus.

1104 900 1271 927 Salvatorem
1284 907 1316 927 ac
1327 899 1410 926 Deum
1420 920 1428 931 ,
1438 898 1647 933 Redemptorem
1664 905 1696 925 ac
1707 898 1852 928 Dominum

1067 953 1130 973 cum
1145 945 1172 972 in
1188 952 1270 973 carne
1291 946 1438 980 pepereris,
1461 952 1478 971 ο
1502 945 1618 971 Domina
1644 945 1791 979 purissima
1826 951 1854 972 et

1067 991 1237 1024 castissima;
1259 991 1383 1018 eumdem
1405 991 1513 1019 assidue
1528 997 1638 1025 precare
1655 998 1704 1024 pro
1718 991 1807 1022 nobis,
1825 997 1855 1017 ut

1069 1036 1202 1063 malorum
1219 1036 1382 1068 cessatione.
1398 1036 1603 1070 multorumque
1624 1041 1797 1069 peccatorum
1812 1035 1856 1062 in—

1068 1081 1207 1117 dulgentia
1234 1082 1390 1116 impetrata.
1413 1081 1535 1114 ejusdem
1562 1082 1764 1113 miserationes.
1785 1088 1854 1116 quas

1068 1128 1142 1154 nulla
1166 1134 1245 1155 mens
1265 1127 1497 1162 comprehendere
1511 1127 1593 1162 270
1608 1131 1707 1162 potest.
1727 1126 1855 1154 laudibus

1067 1171 1224 1200 efferamus.

1103 1227 1125 1253 A
1140 1227 1296 1262 captivitate
1315 1227 1397 1258 mala,
1424 1234 1439 1253 a
1459 1227 1659 1262 deprardatione
1674 1234 1706 1253 ac
1723 1226 1854 1254 servitute

1069 1271 1251 1298 crudelissimi
1264 1271 1349 1298 hostis
1360 1271 1465 1298 custodi
1480 1278 1573 1298 servos
1587 1275 1660 1302 tuos.
1672 1278 1689 1298 ο
1701 1270 1793 1305 Virgo,
1805 1270 1853 1305 qui

1068 1321 1095 1344 te
1107 1317 1188 1343 corde
1203 1320 1229 1343 et
1241 1323 1289 1342 ore
1306 1323 1414 1350 semper
1428 1314 1592 1350 gloriﬁcant.

1103 1369 1205 1399 Venter
1222 1377 1297 1403 tuus,
1325 1377 1342 1397 ο
1372 1369 1565 1401 mundissima,
1597 1369 1759 1396 venerandae
1784 1377 1853 1396 arca:

1068 1424 1183 1445 acervus
1198 1417 1288 1444 factus
1300 1422 1340 1444 est
1350 1417 1463 1448 mundo,
1477 1416 1593 1443 aﬂ‘erens
1602 1415 1663 1442 vitae
1678 1423 1785 1450 panem,
1798 1422 1853 1450 quo

1068 1463 1227 1489 nutriuntur
1239 1463 1383 1489 universa:
1401 1466 1545 1497 propterea
1555 1466 1581 1488 te
1598 1466 1726 1495 tanquam
1741 1468 1852 1487 causam

1055 1506 1190 1536 omnium
1215 1509 1347 1535 bonorum
1372 1516 1423 1536 nos
1444 1508 1535 1536 fideles
1559 1506 1688 1535 concordi
1711 1514 1777 1533 voce
1794 1507 1852 1533 lau-

1028 1549 1048 1578 C
1066 1554 1175 1582 damus.

1106 1606 1247 1642 Tanquam
1269 1606 1329 1634 fons
1349 1606 1552 1634 reformationis
1572 1611 1683 1640 nostraa,
1704 1615 1747 1634 me
1765 1611 1850 1633 tntum

1069 1651 1205 1687 serpenth
1222 1651 1324 1678 ictibus
1338 1651 1485 1679 contritum
1503 1651 1619 1677 reforma
1634 1657 1666 1677 ac
1686 1650 1850 1685 rcditttl‘gra,

1068 1703 1098 1726 ut
1114 1706 1176 1726 cum
1198 1697 1251 1725 fide
1275 1702 1302 1725 et
1323 1697 1419 1724 all'ectu
1448 1701 1474 1724 te
1504 1696 1667 1729 bealilicem,
1687 1704 1704 1724 ο
1737 1696 1852 1732 Deipara

1067 1744 1148 1779 Virgo
1160 1743 1234 1770 omni
1249 1742 1328 1770 laude
1340 1742 1498 1777 dignissima
1515 1742 1581 1777 (25).

1102 1797 1124 1824 0
1140 1797 1231 1825 Puella
1246 1798 1380 1825 bonorum
1392 1797 1520 1829 amatrix.
1533 1805 1593 1832 quze
1603 1802 1753 1825 amatorem
1766 1799 1851 1826 hono-
1881 1793 1887 1798 ’

1066 1851 1126 1870 rum
1142 1842 1226 1869 Dcum
1245 1843 1390 1877 peperisti;
1404 1843 1436 1870 ad
1460 1847 1485 1870 te
1500 1843 1589 1871 clamo
1603 1852 1610 1871 :
1626 1844 1724 1871 bonam
1742 1845 1785 1871 fac
1802 1845 1852 1872 ini-

1066 1886 1209 1914 serabilem
1233 1886 1352 1913 animam
1373 1893 1474 1918 meam.
1499 1887 1683 1920 passionibus,
1705 1889 1851 1922 pravisque

1065 1940 1098 1960 ac
1115 1931 1271 1959 insiodiosis
1281 1932 1434 1959 scductoris
1448 1933 1672 1967 suggestionihus
1681 1934 1851 1967 gravissimis

1066 1977 1145 2005 malis
1168 1976 1295 2004 infectam
1313 1985 1320 2003 :
1339 1981 1369 2004 ut
1392 1982 1418 2004 te
1445 1985 1507 2004 cum
1533 1978 1585 2005 fide
1605 1978 1716 2005 laudare
1735 1979 1849 2013 possim,

1065 2031 1140 2059 spem
1155 2023 1358 2050 universorum.

1099 2067 1122 2096 0
1136 2067 1262 2102 Dcipara,
1279 2067 1412 2095 bonorum
1425 2066 1525 2098 antica.
1536 2071 1563 2094 ct
1579 2068 1712 2095 bonorum
1728 2068 1848 2094 amicum

1066 2113 1149 2141 Deum
1162 2113 1252 2146 enixa,
1277 2112 1402 2140 eumdem
1418 2119 1495 2147 roga.
1512 2116 1543 2140 ut
1555 2119 1598 2139 me
1613 2113 1647 2139 ab
1663 2114 1737 2139 omni
1753 2112 1849 2140 liberet

261 2208 317 2241 (23)
332 2207 439 2242 Optime
453 2207 478 2234 in
494 2208 564 2234 hanc
579 2213 635 2233 rem
650 2206 692 2242 vir
705 2205 845 2242 piissimus
857 2205 1012 2242 _etﬁdoctis—
1027 2204 1050 2232 D
1063 2202 1236 2242 est._coucipi
1260 2203 1320 2242 sine
1346 2207 1457 2242 peccato
1483 2201 1608 2242 originali
1635 2209 1696 2242 esse
1723 2206 1857 2241 magnam‘

226 2252 287 2271 mm
308 2240 465 2270 Leonardus
482 2243 515 2270 de
524 2241 666 2275 Nogarolis
679 2241 704 2266 in
714 2240 834 2275 Epistola
849 2240 1012 2268 dedicatoria

227 2279 268 2304 sui
286 2277 369 2304 Oilieii
382 2278 415 2304 de
429 2277 603 2303 immaculata
615 2275 841 2309 Conceplione'ail
857 2275 962 2302 Sixtum
980 2276 1013 2304 lV

227 2312 350 2339 Pontifie.
361 2311 431 2338 Max.
440 2313 503 2338 dum
512 2312 609 2338 ibidem
619 2311 688 2337 inter
697 2310 746 2336 alia
758 2310 880 2337 :«Nullus
890 2311 916 2336 in
925 2309 1013 2339 Mariae

228 2349 271 2374 Ian
284 2348 321 2373 les
339 2354 527 2381 prorumpens.
539 2350 652 2372 matrem
663 2353 722 2381 eam
735 2345 805 2372 dicet
820 2345 865 2371 Dei
878 2345 1013 2381 simulque

227 2382 364 2416 quondam
388 2380 468 2408 tiliam
485 2380 570 2408 fuisse
584 2380 694 2416 diaboli.
712 2380 866 2416 Deformem
893 2380 1012 2416 profecto

228 2415 342 2443 reddidit
356 2416 505 2449 laudatam.
527 2416 596 2442 Num
615 2415 726 2442 Matrem
741 2415 816 2441 dicos
836 2415 928 2447 gratia-
939 2423 1009 2445 eam.

227 2459 243 2486 q
256 2460 287 2477 ne
308 2456 387 2478 antea
411 2450 520 2477 inimica
550 2450 689 2486 largitoris
703 2449 941 2486 gratiaﬂlngrati,
957 2457 1009 2486 non

229 2484 363 2512 laudant's
378 2491 419 2512 est
435 2485 561 2512 oilieinin.
575 2485 710 2514 Numquid
727 2485 797 2510 viam
816 2484 848 2510 ad
865 2484 946 2510 vitam
967 2485 1009 2511 af~

228 2521 348 2548 tlrmabis
366 2528 427 2555 qua:
455 2525 482 2547 et
500 2521 568 2555 ipsa.
584 2520 746 2553 quandoque
771 2519 904 2555 ignoravit
921 2520 1011 2555 riam?

227 2555 264 2583 Te
281 2563 346 2582 sane
359 2554 512 2582 confundis.
528 2554 645 2589 Spemne
660 2554 837 2589 peccantium,
852 2558 879 2580 et
890 2554 1007 2580 medium

226 2590 259 2616 ad
275 2591 366 2616 omnia
391 2590 507 2616 tollenda
533 2593 654 2624 peccata,
670 2597 729 2622 qum
753 2593 900 2624 peceatum
917 2594 1009 2622 gusta-

227 2625 315 2651 verit?
330 2624 368 2651 Te
390 2625 477 2658 ipsum
497 2633 510 2649 a
528 2623 641 2651 veritate
665 2624 781 2650 alienum
808 2623 938 2650 ostendis.
954 2625 1008 2650 Ex-

225 2660 300 2687 tollis
318 2665 345 2686 et
366 2659 506 2693 deprimis,
525 2659 682 2693 magniﬁcas
708 2663 735 2684 et
757 2658 909 2691 vilipendis,
925 2666 1006 2686 sanas

226 2700 252 2721 et
264 2695 392 2728 percutis,
406 2694 520 2728 teipsum
539 2701 652 2721 censura
673 2693 862 2728 circumvenis.
882 2693 1005 2720 benedic-

226 2727 281 2755 tam
294 2730 362 2756 dicis
373 2730 416 2756 cui
433 2727 593 2756 maledicere
608 2736 660 2755 non
676 2727 786 2755 desinis.
800 2727 935 2762 Visigitur
947 2728 1005 2754 lau-

226 2764 291 2791 d,re
302 2764 332 2791 Β.
354 2765 491 2798 Virginem
525 2764 617 2790 orbem
652 2768 782 2789 terrarum
804 2763 1005 2789 introeuntem?

226 2798 266 2825 vis
290 2799 389 2826 festum
415 2799 486 2825 diem
510 2798 694 2826 constituere?
719 2798 771 2824 Eas
799 2798 892 2824 laudes
915 2798 1004 2825 tribuo

227 2842 287 2868 qua:
299 2834 474 2866 ignominiam
491 2842 544 2862 non
560 2839 675 2861 servent.
690 2843 698 2859 ›
716 2832 793 2860 Certe
813 2832 876 2860 nulli
888 2832 1001 2860 dubium

1067 2237 1170 2264 laudem
1183 2247 1189 2270 ς
1202 2236 1266 2271 ergo
1291 2236 1393 2270 Virgini
1418 2245 1472 2264 non
1499 2242 1539 2263 est
1555 2237 1724 2269 deneganda.
1739 2236 1781 2262 cui
1799 2245 1848 2264 nec

1066 2272 1188 2299 Ecclesia
1202 2272 1347 2299 abstulisse
1356 2273 1462 2298 videtur
1477 2279 1538 2298 cum
1550 2271 1621 2297 illam
1636 2275 1714 2297 vocat
1726 2277 1846 2298 sanetam

1065 2307 1091 2333 in
1109 2307 1295 2340 conceptione.
1305 2307 1385 2333 Aliud
1395 2312 1504 2333 estesse
1512 2306 1634 2340 dignum.
1643 2306 1715 2333 aliud
1731 2310 1772 2332 est
1785 2313 1847 2333 esse

1063 2341 1253 2375 dignissimum
1269 2342 1357 2369 laude.
1367 2341 1460 2368 Laude
1472 2341 1572 2375 dignus
1584 2340 1749 2367 suﬂ‘tcicnter
1761 2341 1847 2367 extol-

1063 2376 1127 2402 litur
1140 2377 1409 2403 nounullisiamlilms
1426 2376 1461 2402 illi
1475 2376 1583 2403 tributis
1595 2384 1601 2402 :
1611 2375 1656 2408 qui
1668 2383 1731 2401 vero
1743 2375 1847 2409 dignis-

1063 2411 1149 2438 simus
1159 2416 1198 2437 est
1206 2411 1296 2440 laude.
1307 2415 1424 2437 meretur
1435 2411 1461 2437 in
1471 2411 1598 2436 omnibus
1609 2410 1723 2438 laudari.
1737 2418 1796 2443 qum
1807 2411 1844 2436 illi

1062 2453 1116 2472 non
1133 2450 1293 2478 repugnant.
1306 2446 1389 2472 Maria
1397 2453 1460 2480 ergo
1470 2453 1530 2470 cum
1542 2445 1577 2471 sit
1586 2444 1665 2471 laude
1674 2445 1844 2478 dignissima,

1062 2480 1087 2506 in
1101 2481 1229 2508 omnibus
1239 2485 1266 2507 et
1274 2488 1354 2513 super
1364 2480 1614 2506 omm-sextollenda
1624 2485 1676 2510 est.
1689 2487 1720 2505 ac
1732 2479 1844 2513 proinde

1060 2516 1141 2542 etiam
1155 2516 1187 2541 de
1201 2516 1386 2549 conceptione.
1399 2514 1453 2541 Hoc
1473 2522 1563 2548 porro,
1581 2514 1718 2547 inquiebat
1733 2515 1843 2541 Emma-

1062 2552 1123 2576 nucl
1134 2550 1299 2584 i'almoiogns
1311 2550 1465 2582 iinprratnr.
1478 2549 1584 2575 evenire
1594 2549 1720 2575 omnibus
1731 2556 1843 2575 necesse

1060 2589 1111 2616 est,
1128 2585 1173 2618 qui
1187 2583 1305 2618 aliquem
1320 2584 1352 2611 de
1368 2584 1448 2610 Maria
1465 2591 1617 2610 sermonem
1637 2583 1734 2609 habere
1750 2584 1843 2618 voluej

1060 2621 1123 2647 rint.
1138 2617 1257 2650 alter-uin
1270 2619 1341 2646 eiiim
1355 2619 1388 2644 de
1400 2619 1505 2645 duobus
1519 2619 1578 2647 erit.
1591 2617 1701 2643 omnino
1715 2623 1760 2643 aut
1774 2617 1841 2643 nihil

1058 2654 1148 2681 dicere
1156 2654 1188 2681 de
1195 2653 1313 2687 Virgine,
1324 2659 1367 2680 aut
1377 2654 1398 2680 si
1408 2654 1493 2681 dii-as.
1502 2653 1621 2679 laudare.
1634 2652 1708 2677 Nulla
1718 2651 1790 2678 enim
1802 2659 1842 2677 ra-

1058 2689 1130 2716 tione
1155 2689 1210 2715 livri
1236 2686 1322 2722 po'cst
1347 2693 1375 2715 ut
1407 2689 1526 2722 loquaris
1549 2687 1581 2713 de
1596 2687 1650 2722 illa,
1665 2690 1692 2712 et
1712 2686 1770 2712 laus
1787 2694 1839 2722 non

1057 2725 1102 2754 sit,
1118 2724 1189 2758 quod
1206 2720 1339 2756 loqueris;
1355 2720 1616 2758 quandoquidemet
1627 2720 1696 2758 ipsa,
1709 2725 1735 2758 et
1758 2721 1841 2758 quid-

1056 2759 1119 2792 quid
1128 2755 1164 2785 'ad
1183 2755 1270 2792 ipsam
1295 2755 1399 2793 speet—at
1417 2756 1658 2785 celebratissimum
1676 2755 1757 2782 habet
1779 2755 1841 2790 διυγ-

1055 2795 1135 2821 riam.
1153 2794 1198 2821 Sic
1211 2793 1265 2820 ille.
