2075 3154
235 176 305 210 1315

800 177 830 206 S.
849 176 1004 206 JOSEPHI
1025 177 1181 206 HYMNOG
1187 177 1303 206 RAPHI

1791 174 1858 206 1316

231 231 325 258 obrem
342 237 388 265 per
399 230 487 264 ipsum
500 237 550 258 nos
560 230 586 256 in
603 229 720 256 liliorum
732 228 903 264 adoptionem
915 230 1027 264 recepti,

1087 231 1141 257 ieev
1157 230 1328 261 υῐοτεθέντες
1340 229 1373 256 δι’
1389 229 1469 257 αὑτὸν
1489 231 1535 257 τὸν
1547 229 1672 265 οὐράνιον
1697 228 1861 264 εὐλογοῦμεν

233 277 371 304 caelestem
397 276 504 303 Patrem
521 275 729 308 bcncdicimus;
749 276 852 311 tibique
867 276 960 303 laudes
974 276 1022 303 dc-

233 326 388 348 cantamus.

270 366 389 393 Laudem
403 365 459 393 Deo
471 365 629 398 oneramus,
641 366 687 400 qui
699 374 732 393 ex
746 366 854 401 Virgine
868 366 1024 394 voluntarie

236 417 318 439 natus
343 416 395 444 est,
411 416 438 438 et
467 411 560 439 choris
575 413 733 447 angelorum
751 412 896 439 mulierum
925 413 1024 440 choros

236 457 372 492 adjunxit.

273 503 329 536 Ille,
342 503 389 537 qui
405 506 432 530 te
447 502 586 538 Virginem
620 503 823 530 immaculatam
843 509 903 538 post
917 509 1024 538 partum

237 547 416 579 conservavit,
443 548 562 582 virgines
586 555 682 575 omnes
705 555 766 582 quas
789 553 815 576 te
837 549 1026 581 circumstant,

239 593 420 628 gloriiicavit;
436 600 497 619 cum
521 592 622 627 quibus
645 593 706 619 sine
733 593 888 620 cessatione
902 600 1025 626 precare,

239 642 270 664 ut
285 637 384 664 animae
401 641 502 664 nostra:
520 637 555 664 ab
576 637 651 664 omni
679 638 804 672 angustia
823 645 856 665 ac
879 638 1028 665 tentatione

239 687 393 710 εει-νεηιιπ.

276 726 420 759 Dominus,
434 727 482 762 qui
512 726 644 754 habitavit
668 726 694 754 in
708 731 743 758 te,
757 734 774 755 o
800 726 881 762 Virgo
898 727 933 754 ab
953 726 1028 754 omni

240 773 346 800 macula
366 773 505 806 immunis,
521 772 577 808 (25)
594 772 676 808 274
691 773 754 801 fecit
775 773 898 802 homines
921 774 1027 802 habita-

241 819 302 846 cula
315 819 414 846 divinae
424 819 515 854 gloriae
525 827 591 847 suae.

275 864 339 898 Ore,
356 865 458 900 lingua,
483 870 511 893 et
525 865 607 894 corde
633 865 764 893 conﬁteor
779 870 815 899 te,
830 873 847 892 ο
859 866 956 900 puella,
985 874 1031 894 ca-

1078 277 1198 312 Πατέρα,
1210 277 1359 312 ὑμνοῦντες
1375 285 1418 305 σε.

1113 367 1194 397 Αἶνον
1210 369 1248 404 τῷ
1263 369 1323 403 Θεῷ
1339 368 1532 404 προσάξωμεν,
1545 367 1584 402 τῷ
1600 368 1632 394 ὲκ
1653 367 1704 402 τῆς
1723 367 1862 402 Παρθένου

1080 415 1259 450 ἀποτεχθέντι
1296 414 1458 449 βουλήματι,
1487 413 1625 447 γυναικῶν
1648 421 1678 439 τε
1700 414 1790 448 χοροῖς
1814 413 1863 446 ἀγ-

1079 460 1166 494 γέλων
1181 460 1244 491 τοὺς
1259 460 1357 495 χοροὺς
1374 458 1584 493 ὲπισυνάψαντι.

1122 505 1153 532 Ὀ
1173 505 1312 540 Παρθένον
1327 514 1356 531 σε
1382 504 1502 539 φυλάξας
1521 504 1591 539 μετὰ
1606 504 1684 530 τόκον
1702 503 1863 539 ἀμώμητον,

1079 551 1129 583 τὰς
1142 550 1292 586 παρθένους
1303 551 1390 581 πάσας
1409 559 1438 576 σε
1454 549 1641 585 περιεστώσας
1652 549 1788 581 ἐδόξασεν,
1804 549 1864 584 μεθ’

1080 593 1117 622 ὧν
1134 596 1282 627 ἀπαύστως
1298 595 1417 622 δυσώπει
1442 595 1626 627 διασώζεσθαι
1641 595 1731 630 πάσης
1748 594 1865 629 θλίψεως

1081 642 1129 668 καὶ
1140 641 1302 677 πειρασμῶν
1314 640 1363 672 τὰς
1375 641 1465 677 ψυχὰς
1476 640 1565 676 ἡμῶν,

1124 731 1153 758 '0
1167 730 1270 767 Κύριος
1283 732 1312 758 ιν
1324 730 1365 758 σοὶ
1380 731 1558 766 κατοικήσας,
1573 730 1759 766 πανάχραντε,
1772 730 1866 765 εἰργά-

1083 785 1149 805 σατο
1165 778 1228 809 τοὺς
1253 776 1414 812 ἀνθρώπους
1428 777 1477 808 τῆς
1496 776 1579 803 αὑτοῦ
1597 776 1672 808 θείας
1684 776 1774 811 δόξης,
1790 776 1866 812 Παρ-

1083 822 1155 855 θένε,
1170 821 1326 856 οξκητήρια.

1120 866 1238 902 Στόματι
1268 866 1316 893 καὶ
1343 865 1455 902 γλώσσῃ
1479 865 1526 892 καὶ
1543 865 1642 901 καρδίᾳ
1669 864 1792 900 ὁμολογῶ
1823 873 1865 898 σε,

241 913 311 937 stam
345 909 459 936 Matrem
475 909 522 936 Dei
541 910 645 944 nostri;
661 916 689 937 at
711 915 739 937 ιιι
756 911 920 938 mediatione
934 916 981 939 tua
1000 912 1034 939 ab

1087 912 1174 948 Κόρη,
1194 911 1240 939 τοῦ
1260 911 1329 938 Θεοῦ
1343 912 1423 947 ἡμῶν
1448 911 1534 946 ἁγνὴν
1548 911 1664 946 Μητέρα
1675 919 1683 927 ι
1700 911 1768 938 ἀλλὰ
1782 911 1817 946 τῇ
1833 912 1867 946 σῇ

242 960 353 982 aeternae
363 955 548 984 damnationis
563 956 699 984 sententia
717 956 799 984 libera
816 964 870 984 me.

277 999 379 1028 Videns
394 1001 459 1028 olim
469 1001 750 1034 legislatorﬂammam
765 1009 820 1028 non
833 1003 1029 1030 conburcntem

243 1046 353 1079 rubum,
366 1046 462 1074 didicit
494 1046 567 1074 illam
594 1054 655 1074 esse
681 1047 794 1082 ﬁguram
823 1052 918 1082 partus
945 1048 996 1082 tui,
1013 1055 1030 1075 ο

244 1091 291 1118 Dei
312 1091 435 1118 Genitrix
453 1091 512 1118 sola
526 1091 677 1118 benedicta.

278 1136 474 1171 Compassioue
492 1140 536 1163 tua
551 1136 661 1171 (lignum
679 1143 722 1163 me
739 1135 801 1169 fac,
814 1144 830 1164 ο
845 1137 892 1164 Dei
907 1137 1029 1165 Genitrix

244 1183 408 1215 castissima,
433 1190 494 1217 qua:
517 1182 671 1217 piissimum
698 1181 815 1210 Verbum
842 1183 989 1218 peperisti;
1005 1187 1032 1211 et

245 1229 348 1256 salvum
361 1236 403 1256 tne
414 1228 457 1256 lac
467 1229 630 1256 clamantem
642 1237 649 1256 :
660 1227 824 1263 Benedicite,
833 1230 924 1256 omnia
937 1237 1031 1265 opera,

245 1274 360 1301 Domino
374 1282 381 1305 ;
394 1274 571 1305 laudate,etc.

281 1317 412 1352 Supernis
428 1317 590 1346 Cherubinis
605 1320 729 1354 superior
744 1319 906 1355 apparuisti,
923 1327 940 1347 o
953 1327 1033 1346 mun-

245 1362 368 1396 dissima,
385 1363 486 1399 quippe
511 1371 572 1399 qua:
595 1365 673 1392 illum
697 1366 811 1400 portasti
838 1367 884 1401 qui
912 1366 1034 1392 continet

247 1409 397 1437 universa:
418 1410 461 1437 fac
480 1418 589 1446 quoque
616 1417 735 1439 mentem
748 1419 837 1438 meam
857 1411 1034 1446 passionibus

247 1454 338 1481 carnis
348 1454 515 1490 superiorem
526 1463 534 1488 ;
549 1456 671 1485 tribuens
682 1457 747 1484 mihi
757 1456 894 1489 virtutem,
914 1463 967 1491 qua
981 1455 1035 1484 Do-

247 1500 316 1527 mini
330 1501 496 1528 voluntatem
510 1503 622 1537 exsequi
638 1502 752 1538 possim.

491 1555 608 1584 TONUS
623 1556 785 1585 PLAGIUS.

377 1609 419 1637 Ex
437 1618 535 1639 canone
556 1611 629 1645 feria:
646 1619 665 1638 ll
683 1611 717 1638 ad
736 1611 908 1639 Matutinum.

283 1663 306 1690 0
319 1668 395 1697 porta
414 1663 513 1691 divinae
537 1664 640 1699 gloriae,
656 1665 744 1700 pande
762 1665 826 1692 mihi
845 1670 937 1700 portas
951 1666 1039 1700 pomi-

250 1710 351 1741 tentia’,
363 1713 391 1736 et
406 1716 422 1736 a
433 1709 520 1744 portis
536 1708 616 1736 inferi
630 1717 707 1742 erue,
721 1716 832 1744 precor,
854 1710 1037 1738 miserabilem

250 1762 369 1782 animam
384 1762 483 1782 meam.

286 1799 370 1835 Virgo
394 1797 490 1833 Mater,
504 1808 519 1827 a
534 1807 587 1835 qua
604 1799 674 1828 Deus
685 1807 783 1835 corpus
802 1800 966 1835 assumpsit;
980 1808 1039 1829 sus-

250 1847 310 1881 cipe
326 1854 406 1874 voces
431 1846 608 1874 clamantium
626 1846 659 1873 ad
685 1852 710 1874 te
737 1846 858 1878 assidue,
874 1851 901 1874 et
922 1854 938 1874 a
957 1847 1040 1874 variis

251 1892 467 1919 adversitatibus
480 1893 563 1919 libcra
577 1899 638 1919 nos.

290 1939 328 1965 Ex
343 1939 419 1974 puris
438 1939 619 1975 sanguinibus
631 1939 684 1967 tuis
707 1939 866 1967 incarnatus
888 1944 930 1967 est
946 1939 1039 1967 Domi-

255 1992 320 2017 nus,
342 1992 358 2012 ο
393 1985 522 2013 omnibus
549 1985 658 2021 hymnis
689 1986 862 2018 celebranda,
887 1986 1040 2014 concedens

253 2029 301 2064 per
319 2030 542 2066 benignissimam
565 2031 787 2059 intercessionem
803 2036 887 2063 tuam,
904 2031 1040 2066 poeniten-

256 2075 301 2102 tia:
320 2075 409 2102 locum
435 2076 633 2104 honorantibus
664 2081 701 2109 te,
718 2081 812 2112 utpote
834 2077 985 2111 piissimus,
1001 2080 1041 2103 at-

252 2129 306 2156 que
329 2121 409 2148 unice
426 2121 566 2148 hominum
582 2127 697 2149 amator.

287 2166 308 2193 0
324 2165 405 2200 Virgo
433 2167 503 2194 inter
520 2167 648 2195 mulieres
675 2167 815 2194 benedicta
833 2167 903 2203 (26),
918 2169 1035 2196 concede

252 2212 456 2239 misericordias
472 2217 533 2239 tuas
547 2213 648 2248 populo
662 2217 707 2240 tuo
719 2233 727 2245 ,
738 2213 837 2248 quippe
852 2219 913 2246 qua:
933 2213 1040 2241 miseri-

252 2257 342 2284 cordis
359 2257 442 2285 Mater
454 2257 524 2285 facta
539 2259 587 2285 sis.

290 2347 344 2382 (25)
358 2347 440 2375 Favet
461 2348 614 2377 Ricbardus
627 2349 661 2377 de
682 2349 710 2377 S.
736 2349 853 2380 Victore,
875 2349 939 2376 dum
964 2353 1038 2377 trac-

252 2383 388 2419 tansillud
414 2383 531 2413 Cautic..
549 2384 615 2411 Tota
648 2385 758 2419 pulchra
779 2389 893 2417 es,ctc.,
911 2386 937 2411 in
965 2385 1038 2412 hunc

253 2417 362 2453 modum
377 2418 472 2444 scribit
485 2427 492 2446 :
516 2427 525 2443 ι
545 2419 628 2446 Nemo
642 2417 697 2446 tam
712 2425 833 2451 sanctus,
843 2421 887 2453 qui
905 2420 1037 2446 maculam

253 2459 306 2489 non
322 2452 446 2489 habuerit
455 2458 482 2479 et
490 2453 635 2486 defectum,
645 2459 739 2488 pra-ter
751 2455 836 2489 ipsam
848 2452 876 2480 Β.
891 2453 1037 2488 Virginem.

252 2485 332 2523 Luna
344 2487 417 2523 enim
432 2495 492 2523 qua:
506 2494 586 2516 nocte
605 2485 735 2523 splendet,
751 2485 778 2516 et
798 2489 884 2516 stella:
906 2485 958 2515 non
977 2494 1041 2515 sunt

253 2521 360 2558 mundze
386 2521 410 2558 in
425 2522 486 2558 ejus
509 2521 721 2558 comparatione.
736 2524 953 2550 Obtcnebrantur
967 2524 1039 2550 enim

252 2556 336 2592 stella:
352 2556 468 2590 caligine
481 2556 605 2584 humana:
616 2559 766 2592 culpa:,scd
776 2557 1034 2587 bt-atissimalllaria,

254 2589 334 2625 Virgo
354 2589 417 2627 tota,
430 2591 498 2627 adeo
505 2592 616 2626 pulchra
629 2589 682 2625 est,
695 2589 777 2627 quam
795 2597 879 2619 lotam
893 2593 1036 2619 illustravit

251 2631 278 2652 et
301 2625 419 2660 perfudit
435 2626 479 2652 Sui
494 2625 615 2661 justitiar.
636 2633 664 2654 ut
692 2625 741 2654 nec
762 2628 883 2655 maculas
908 2627 1036 2654 habuerit

251 2668 300 2687 nec:
312 2662 438 2688 tenebras
454 2664 550 2696 culpa.
570 2671 580 2688 ι
602 2662 663 2689 11ωο
679 2662 840 2690 itichardus.
853 2663 937 2696 Cujus
953 2664 1033 2689 verba

251 2696 366 2723 all'crens
382 2696 545 2724 Catharinus
569 2697 595 2724 in
609 2705 659 2724 suo
679 2702 794 2724 tractatu
817 2698 853 2724 De
868 2703 984 2731 concept.
1001 2697 1033 2723 ad

251 2732 345 2765 syund.
362 2730 482 2767 Trident.
498 2737 572 2766 parte
584 2740 602 2764 ι,
617 2734 744 2760 observat
767 2733 800 2759 de
826 2730 950 2767 originali
978 2739 1036 2758 ma-

251 2766 311 2791 cula
329 2766 402 2799 loqui
425 2768 566 2794 manifeste
583 2768 759 2797 liichartlutn,
778 2772 834 2793 tttttt
860 2766 922 2801 quia
951 2767 1035 2793 indis-

253 2801 334 2826 tincte
360 2801 489 2835 loquitur,
503 2807 557 2828 tum
583 2804 645 2836 quia
673 2802 860 2829 auctoritatem
885 2809 917 2827 ex
934 2801 1034 2836 BLJob

252 2836 377 2871 assumit,
395 2844 456 2870 qua:
477 2841 515 2869 (ut
528 2835 638 2871 exponit
661 2837 689 2863 Β.
708 2836 857 2870 Gregorius
873 2841 898 2863 et
917 2837 947 2862 D.
959 2835 1034 2862 Tho-

251 2870 323 2904 mas)
341 2872 373 2896 ad
387 2876 525 2905 puocatum
547 2870 677 2907 originale
695 2874 818 2905 refertur,
835 2878 896 2898 cum
909 2872 945 2895 νιίι
961 2879 967 2897 :
981 2871 1035 2898 Ub-

1085 959 1210 994 μεσιτεία
1227 958 1308 994 ρὖαί
1325 967 1360 993 με
1371 958 1480 984 αιωνιου
1492 957 1690 991 κατακρίσεως.

1119 1004 1207 1037 Φλόγα
1225 1004 1274 1039 τὴν
1287 1003 1368 1038 βάτον
1384 1003 1468 1030 παλαι
1483 1002 1521 1038 μὴ
1541 1001 1733 1036 πυρπολοῦσαν
1748 1000 1868 1036 βλέπων,

1085 1051 1099 1077 ὁ
1115 1050 1267 1086 νομοθέτης
1279 1049 1434 1076 ἑδιδάσκετο
1456 1048 1503 1074 τὸν
1525 1047 1612 1074 τύπον
1635 1047 1683 1074 τοῦ
1700 1047 1781 1074 τόκου
1808 1056 1868 1082 σου,

1085 1095 1241 1130 Θεοκυῆτορ
1257 1095 1326 1130 μόνη
1339 1095 1382 1120 ἀεὶ
1399 1092 1579 1128 εὐλογημένη.

1122 1140 1299 1176 Συμπαθειας
1313 1139 1363 1174 τῆς
1377 1139 1427 1172 σῆς
1443 1147 1478 1174 με
1491 1138 1617 1172 ἀξίωσον,
1644 1137 1870 1172 συμπαθέστατον

1086 1186 1172 1221 Λόγον
1188 1187 1324 1221 κυήσασα,
1337 1185 1522 1220 Θεογεννῆτορ
1538 1184 1672 1218 πάναγνε,
1698 1184 1746 1210 καὶ
1765 1183 1872 1219 βοῶντά

1088 1240 1121 1267 με
1140 1232 1236 1260 σῶσονο
1258 1231 1350 1258 Πάντα
1366 1231 1401 1258 τὰ
1424 1231 1503 1266 ἔργα,
1518 1230 1666 1264 εὐλογεῖτε,
1690 1230 1799 1265 ὑμνεῖτε
1823 1230 1871 1256 τὸν

1087 1278 1200 1314 Κύριον.

1122 1324 1238 1351 Φανεῖσα
1251 1323 1305 1350 τῶν
1317 1323 1373 1351 ἀνω
1384 1322 1534 1358 Χερουϐὶμ,
1551 1322 1718 1357 πανάμωμε,
1733 1320 1869 1356 ἀνωτέρα,

1088 1369 1126 1401 ὡς
1140 1369 1298 1405 βαστάσασα
1312 1369 1357 1396 τὺν
1371 1370 1486 1404 συνοχέα
1502 1368 1557 1395 τῶν
1573 1367 1712 1400 ἁπάντων,
1735 1366 1871 1401 ἀνώτερον

1089 1415 1134 1442 τδν
1149 1415 1211 1441 νοῦν
1233 1423 1284 1450 μου
1308 1415 1465 1451 ἁπέργασαι
1492 1413 1587 1441 παθῶν
1609 1413 1664 1439 τῶν
1688 1412 1738 1447 τῆς
1759 1411 1869 1447 σαρκὸς,

1089 1460 1246 1496 δυναμοῧσά
1262 1469 1295 1495 με
1306 1460 1337 1488 τὸ
1351 1460 1396 1488 τοῦ
1408 1460 1546 1487 Δεσπότου
1563 1459 1694 1495 πράττειν
1706 1458 1824 1494 θέλημα.

1320 1559 1412 1586 ΗΧΟΣ
1433 1558 1580 1586 ΠΛΑΓῙΟΣ
1598 1557 1637 1585 Δ’.

1097 1616 1148 1643 Ἐκ
1167 1615 1221 1643 τοῦ
1232 1615 1361 1648 κανόνος
1379 1613 1435 1649 τῆς
1448 1613 1591 1648 δευτέρας
1609 1614 1653 1645 εις
1667 1612 1721 1639 τὸν
1733 1613 1872 1647 ὀρθρον.

1128 1669 1204 1704 Πὺλη
1222 1669 1271 1704 τῆς
1291 1668 1366 1700 θείας
1382 1668 1472 1703 δόξης,
1492 1667 1637 1703 μετανοὶας
1650 1674 1695 1701 μοι
1706 1665 1794 1698 πύλας
1807 1667 1874 1693 ἀνα-

1063 1740 1069 1749 ,
1091 1715 1219 1748 πέτασον,
1237 1715 1284 1742 καὶ
1305 1715 1338 1742 έκ
1349 1713 1440 1741 πυλῶν
1451 1713 1498 1740 τοῦ
1511 1712 1575 1748 ᾅδου
1590 1712 1753 1748 ὲξάρπασον,
1766 1711 1873 1747 δέομαι,

1090 1761 1140 1797 τὴν
1156 1761 1288 1796 ταπεινήν
1304 1769 1355 1795 μου
1365 1759 1465 1795 ψυχήν.

1124 1806 1346 1842 Παρθενομῆτορ,
1362 1807 1380 1841 ἡ
1403 1805 1469 1832 Θεδν
1491 1803 1693 1839 σωματὼσασα,
1709 1803 1759 1834 τὰς
1782 1803 1875 1837 φωνὰς

1091 1851 1237 1888 πρόσδεξαι
1247 1852 1370 1887 βοώντων
1385 1860 1425 1878 σοι
1437 1851 1564 1882 πάντοτε,
1579 1850 1627 1876 καὶ
1638 1848 1777 1883 λύτρωσαι
1797 1849 1874 1883 ἡμᾶς

1090 1898 1144 1925 τῶν
1156 1898 1287 1926 ποικίλων
1301 1898 1497 1933 περιστάσεων.

1126 1945 1278 1981 Σαρκοῦται
1301 1945 1330 1978 ἐξ
1346 1945 1437 1979 ἁγνῶν
1459 1944 1584 1980 αἱμάτων
1600 1953 1647 1971 σου
1668 1944 1770 1979 Κύριος
1794 1942 1874 1978 μετά-

1091 1999 1167 2017 νοιαν
1180 1992 1236 2023 τοῖς
1247 1991 1348 2025 τιμῶσι
1361 1995 1390 2017 σε
1405 1990 1501 2023 διδοὺς,
1518 1989 1688 2025 πανύμνητε,
1708 1991 1741 2025 τῇ
1756 1990 1788 2024 σῇ
1809 1997 1875 2023 χρη-

1095 2037 1143 2070 στῇ
1163 2035 1297 2072 μεσιτεῖᾳ,
1322 2035 1360 2067 ὡς
1384 2035 1570 2070 εὖσπλαγχνος
1598 2034 1646 2061 καὶ
1672 2034 1752 2070 μόνος
1778 2033 1874 2068 φιλάν-

1092 2081 1106 2107 θ
1110 2089 1210 2116 ρωπος.

1129 2168 1252 2204 Παρθὲνε
1267 2168 1296 2194 ἐν
1313 2168 1436 2202 γυναιξὶν
1447 2167 1630 2204 εὐλογημένη,
1649 2168 1683 2195 τὰ
1695 2168 1729 2195 σά
1743 2168 1807 2203 ὲλέη
1820 2177 1875 2194 πα-

1094 2215 1196 2249 ράσχου
1215 2214 1254 2249 τῷ
1268 2214 1325 2250 λαῷ
1343 2222 1388 2241 σου
1403 2222 1411 2230 ·
1436 2214 1484 2241 τοῦ
1508 2215 1654 2250 ἐλεήμονος
1671 2214 1726 2250 γὰρ
1753 2213 1875 2249 ὲδείχθης

1053 2258 1079 2287 D
1094 2260 1204 2295 Μήτηρ.

1091 2349 1273 2387 ιρηοὺτοηιυῇ
1283 2349 1399 2387 tenebrae
1420 2349 1446 2376 in
1458 2349 1574 2387 caligine
1588 2348 1658 2382 ejus.
1677 2356 1688 2387 ξ
1703 2347 1796 2387 Neque
1808 2355 1875 2387 vero

1091 2386 1216 2412 humanae
1232 2385 1318 2418 culpa:
1339 2384 1426 2419 caligo
1441 2383 1550 2419 proprie
1564 2387 1652 2419 potest
1663 2383 1714 2410 uisi
1729 2384 1763 2409 ad
1791 2383 1876 2416 origi-

1091 2419 1152 2446 nale
1167 2419 1272 2446 referri.

1129 2453 1184 2488 (26)
1200 2452 1266 2486 Quit
1288 2453 1344 2480 sola
1372 2453 1442 2480 inter
1456 2453 1581 2480 mulieres
1596 2461 1610 2479 a
1627 2452 1763 2479 communi
1777 2451 1875 2488 _male-

1094 2485 1219 2515 dictione
1236 2493 1263 2514 et
1284 2489 1468 2515 contractione
1491 2488 1630 2521 originalis
1655 2488 1755 2520 peccati
1777 2485 1874 2512 libera.

1094 2523 1162 2550 Hinc
1175 2523 1327 2550 Armaudus
1342 2523 1479 2550 Richelius
1495 2522 1526 2549 Β.
1546 2523 1575 2548 Ε.
1606 2522 1751 2548 canlinalis
1780 2521 1806 2547 in
1824 2528 1876 2546 suo

1087 2557 1263 2587 Catecltisma.
1283 2565 1329 2583 st-u
1359 2558 1529 2584 Institutione
1556 2556 1722 2589 Christiana,
1743 2556 1804 2582 lect.
1826 2555 1874 2586 ⁷24,

1087 2594 1126 2619 ait
1141 2601 1148 2619 :
1167 2601 1175 2616 ι
1195 2591 1276 2618 Beata
1294 2591 1374 2627 Virgo
1389 2593 1489 2619 dicitur
1501 2592 1640 2618 benedicta
1660 2592 1686 2617 in
1699 2590 1872 2627 mulieribus,

1088 2628 1152 2662 quia
1170 2627 1250 2658 ;nul|a
1270 2626 1320 2653 fuit
1336 2625 1385 2654 nec
1410 2634 1526 2662 unquam
1543 2627 1595 2653 erit
1621 2626 1679 2662 sine
1697 2625 1799 2662 peccati
1817 2633 1874 2650 ma-

1089 2660 1150 2688 cula
1167 2666 1296 2694 c0ncepta
1320 2669 1380 2688 cum
1400 2660 1565 2696 plenitudine
1582 2661 1668 2696 gratia
1686 2660 1843 2696 sicutipsa.
1862 2668 1872 2683 ι

1087 2693 1301 2723 Bartholom'éus
1329 2693 1410 2723 etiam
1441 2696 1554 2723 Pisanus
1584 2693 1620 2721 De
1655 2695 1727 2720 laud.
1746 2693 1789 2720 Β(
1802 2693 1873 2727 Virg.

1089 2732 1134 2767 lib.
1152 2730 1274 2767 t,‘l'ructu
1291 2731 1317 2758 7.
1342 2740 1350 2756 ι
1370 2730 1463 2763 Maria,
1480 2731 1578 2767 inquit,
1603 2729 1703 2756 dicitur
1728 2729 1875 2767 Benedicta

1087 2766 1114 2792 itt
1131 2765 1300 2802 mulieribus,
1314 2767 1462 2792 secundum
1491 2764 1728 2802 llieronymutnet
1747 2764 1876 2802 Augusti-

1088 2808 1163 2837 num,
1179 2800 1204 2826 id
1227 2805 1277 2831 est,
1293 2807 1378 2837 super
1398 2808 1492 2828 omnes
1514 2801 1655 2837 mulieres.
1675 2799 1874 2837 Ergo_puritas

1087 2835 1147 2861 aliis
1162 2832 1473 2866 conccssaJlariaanon
1505 2835 1585 2862 debet
1616 2832 1723 2867 nugari;
1748 2832 1819 2867 Ergo
1850 2832 1874 2858 si

1088 2871 1142 2896 lava
1155 2878 1169 2896 a
1179 2870 1233 2897 Deo
1253 2871 1430 2898 mundissima
1439 2874 1480 2898 Cal
1497 2870 1578 2902 facta,
1595 2877 1679 2905 quare
1693 2874 1720 2897 ct
1735 2867 1828 2895 Maria.
1847 2875 1856 2892 ι
