2075 3154
208 177 274 212 131⁵1

939 173 1122 204 ΜΑΒΙΛΙΕ.

1764 175 1834 208 1313

242 231 375 268 ῐιαρθένε,
388 231 443 258 τῶν
460 229 564 257 πιστῶν
579 230 595 264 ἡ
614 227 777 264 προστασία,
790 227 923 262 ῥυσοῆναι
939 227 994 254 ἀπὸ

1079 227 1101 254 υ
1127 226 1210 262 Virgo
1246 226 1403 262 prmsidium
1438 227 1576 259 lidclium,
1604 227 1750 255 Dominum
1786 230 1835 257 de-

209 280 298 314 πάσης
311 278 447 314 ἁμαρτίας
465 275 587 304 δυσώπει
610 275 657 301 τὸν
673 274 774 310 Κύριον
792 275 855 306 τοὺς
881 273 994 306 δούλους

207 334 266 352 σου.

239 369 393 404 Εὐλογητὸς
403 366 440 401 εἰ,
454 367 552 399 ὁθεὸς,
568 367 582 392 ό
598 366 705 401 μήτραν
719 365 859 401 Παρθένου
871 365 994 392 καθυποι

207 416 265 448 δὺς,
282 415 330 441 καὶ
348 413 438 446 σώσας
456 413 502 440 τὸν
529 412 683 447 ἄνθρωπον,
698 413 712 437 ὸ
739 411 928 446 ὑπερύμνητος
946 411 994 437 καὶ

208 460 402 495 ὑπερὲνδοξος.

249 506 296 532 Ἐκ
311 505 358 531 σοῦ
381 503 448 535 Θεὸς
476 503 610 536 ἀνέτειλε,
628 504 674 530 καὶ
690 503 839 538 θεογνωσίᾳ
856 503 994 538 κατελάμ-

208 560 292 587 πρυνε
303 551 366 583 τοὺς
383 549 603 585 ἐσκοτισμένους,
621 549 783 584 πανύμνητε
801 549 938 584 Παρθένε.
956 562 957 565 η

242 641 337 677 Ψέρεις
348 640 443 675 ὥσπερ
460 640 554 674 θρόνος
571 641 684 673 πύρινος
711 639 828 674 νεύματι
845 639 892 666 τὸν
906 639 995 666 πάντα

207 687 335 720 φέροντα,
353 685 401 711 καὶ
416 684 554 719 θηλάζεις,
570 684 703 719 Παρθένε,
723 683 769 711 τὸν
784 683 874 711 πάντα
886 683 994 719 διατρέ-

209 738 304 765 φοντα.

227 803 279 830 Ἐκ
295 801 348 829 τοῦ
368 802 497 834 κανόνος
513 800 570 835 τῆς
594 801 695 835 τρίτης
721 801 765 834 είς
777 800 832 828 τὸν
847 801 981 835 Ὄρθρον.

249 865 344 892 Ῥῦσαι
359 863 504 899 συνηθείας
528 872 573 898 με,
602 863 674 898 ἁγνὴ
691 863 827 898 Παρθένε,
859 865 993 899 πονηρᾶς,

209 909 336 946 στήριζον
355 910 403 936 ἐπὶ
428 910 532 946 πέτραν
549 908 664 935 ἐντολῶν
692 909 926 944 περιτρεπόμενον
943 918 993 944 με-

211 955 326 988 θοδείας,
342 955 487 986 Δέσποινα,
516 947 564 980 τοῦ
593 953 711 980 παλαιοῦ
734 954 907 989 πτερνιστοῡ,
943 955 992 981 καὶ

209 1000 325 1032 ἀξίωσον
340 1000 389 1034 ἐμὲ
403 999 514 1034 Χριστῷ
529 998 712 1034 εὐαρεστῆσαι
727 999 816 1031 καλῶς
831 999 929 1035 ᾅδοντα
946 1001 994 1026 καὶ

209 1046 344 1081 ψάλλοντα
355 1044 491 1072 ἐπινίκιον
506 1043 589 1079 ᾠδήν.

246 1135 366 1167 Τέτοκας
398 1135 561 1171 ἀπορρήτοις
589 1134 692 1161 ὠδίνων
716 1134 828 1162 ἄνευθεν
851 1134 881 1161 ὃν
899 1135 996 1171 Πατὴρ

212 1181 266 1217 πρὸ
298 1180 404 1208 αἰώνων
438 1180 598 1216 ἀρῤεύστως
617 1180 799 1214 ἀπεγέννησε,
838 1179 996 1216 Μνύμνητε

216 1227 363 1259 Δέσποινα,
389 1226 418 1253 ὃν
429 1226 549 1253 δυσὼπει
567 1225 704 1257 σώζεσθαι
717 1225 771 1252 ἀπὸ
788 1225 878 1261 πάσης
895 1226 996 1262 βλάὄης

212 1271 274 1302 τούς
287 1279 328 1298 σοι
342 1271 575 1306 προστρέχοντας.

249 1317 305 1352 Τῆς
327 1318 472 1352 μετανοίας
495 1317 582 1349 πύλας
610 1316 659 1343 νῦν
677 1324 722 1351 μοι
745 1315 901 1350 ὑπάνοιξον,
924 1317 996 1352 πύλη

213 1363 313 1396 φωτὸς,
327 1363 460 1398 Παρθένε,
478 1363 526 1390 καὶ
541 1362 661 1394 εἰσόδους
682 1361 737 1388 τῶν
760 1362 855 1389 παθῶν
869 1355 997 1389 ἀπόκλει-

215 1415 260 1433 σον
273 1408 322 1443 τῆς
334 1409 467 1444 ταπεινῆς
484 1417 534 1444 μου
550 1408 651 1443 ψυχῆς.

252 1453 331 1487 ’Δγία
354 1454 576 1489 Παρθενομῆτορ,
603 1454 671 1490 μόνη
700 1454 869 1490 πανύμνητε,
897 1453 997 1489 ἐγκλη-

215 1499 309 1533 μάτων
327 1499 422 1535 μώμου
437 1501 511 1535 ήμᾶς
532 1498 698 1534 ἀπάλλαξον,
723 1500 841 1535 φώτισον
856 1500 935 1535 ἡμῶν
951 1500 998 1526 τὸν

1045 281 1168 308 precare,
1182 277 1212 301 ut
1226 273 1260 300 ab
1273 273 1348 300 omni
1363 277 1474 308 peccato
1490 273 1585 301 liberet
1599 281 1692 301 servos
1707 278 1781 301 tuos.
1830 304 1834 309 ,

1080 364 1161 400 275
1172 364 1334 392 Benedictus
1344 372 1384 396 es,
1394 363 1476 397 Deus.
1486 364 1532 398 qui
1547 368 1652 391 uterum
1663 363 1782 399 Virginis
1795 366 1838 392 in-

1045 419 1165 446 gressus,
1197 411 1354 437 hominibus
1397 410 1516 437 salutem
1540 409 1654 436 attulisti
1672 418 1679 436 :
1695 411 1837 445 superlau-

1046 456 1144 490 dabtlis
1161 464 1202 489 es,
1217 461 1243 482 et
1259 456 1481 490 super-gloriosus

1081 504 1120 530 Ex
1136 508 1171 535 te,
1189 510 1205 529 ο
1223 502 1302 536 Virgo
1316 502 1502 534 Celeberrima,
1517 505 1645 536 tanquam
1665 500 1704 529 sol
1724 506 1835 528 exortus

1044 552 1087 576 est
1100 548 1184 579 Deus.
1198 552 1226 574 et
1239 555 1287 575 eos
1298 547 1344 582 qui
1361 547 1387 573 in
1405 547 1524 574 tenebris
1536 546 1724 578 versabantur,
1737 545 1836 572 divina:

1044 592 1209 628 cngnitionis
1219 593 1279 620 luce
1293 592 1448 619 illustravit.

1081 639 1178 666 Gcstas
1196 643 1325 673 tanquam
1354 638 1469 664 thronus
1486 638 1582 671 igneus
1602 637 1688 670 illum,
1709 637 1837 672 quinqu

1046 689 1134 719 gestat
1149 685 1296 717 universa;
1312 688 1339 711 et
1354 684 1423 710 lacte
1439 683 1538 715 nutris,
1554 691 1571 711 ο
1586 682 1680 717 Virgo,
1697 682 1772 710 illum
1787 683 1835 718 qui

1045 729 1175 757 omnibus
1191 730 1237 757 dat
1251 729 1423 757 alimentum.

1108 799 1152 826 Ea:
1167 808 1268 827 canone
1282 799 1385 834 duplici
1408 799 1484 834 ferite
1508 807 1540 827 ut
1559 799 1593 826 ad
1605 799 1778 828 Hatutimtm.

1084 863 1182 891 Libera
1198 871 1252 897 mc,
1268 863 1351 898 Virgo
1377 868 1464 896 casta,
1481 871 1496 890 a
1517 870 1600 898 prava
1617 863 1813 891 consuetudine
1828 871 1836 891 :

1011 901 1030 928 Β
1046 909 1123 936 ﬁrma
1135 917 1216 943 supra
1231 914 1336 943 petram
1351 908 1506 936 divinorum
1536 907 1740 939 mandatorum,
1753 917 1769 936 o
1784 909 1836 936 Do-

1047 954 1198 987 mina,‘_me,
1213 953 1260 988 qui
1284 954 1481 991 circumvertor
1502 961 1535 980 ac
1549 953 1744 988 circumagitor
1767 953 1837 980 insi-

1045 999 1099 1027 diis
1116 999 1330 1034 supplautatoris
1349 999 1472 1032 antiqui:
1494 1003 1521 1026 et
1541 999 1653 1034 dignum
1675 1006 1718 1025 me
1737 998 1790 1031 fac,
1806 1003 1836 1025 ut

1046 1051 1073 1074 et
1085 1053 1136 1081 ego
1155 1045 1266 1073 Christo
1280 1036 1387 1080 placere
1407 1044 1509 1079 possint
1527 1044 1641 1079 pulchre
1653 1043 1787 1078 canendo,
1801 1051 1834 1071 ac

1045 1091 1185 1126 psallcndo
1197 1091 1333 1118 canticum
1348 1090 1480 1117 victoriae.

1082 1135 1214 1171 Peperisti
1229 1135 1402 1163 inetTabiliter
1424 1135 1483 1162 sine
1499 1134 1643 1162 doloribus
1658 1134 1734 1162 illum
1753 1142 1834 1170 quem

1049 1182 1130 1210 Pater
1145 1187 1209 1209 ante
1221 1182 1320 1209 saecula
1338 1180 1579 1215 incorruptibiliter
1590 1181 1728 1215 generavit
1737 1189 1746 1214 ;
1755 1188 1836 1215 quem

1053 1228 1215 1263 deprecare,
1241 1235 1257 1255 ο
1283 1226 1397 1254 Domina
1422 1225 1626 1258 laudatissima,
1647 1230 1677 1253 ut
1701 1226 1736 1253 ab
1761 1225 1836 1253 omni

1046 1274 1156 1301 laesione
1169 1276 1310 1301 serventur
1325 1272 1343 1300 ii
1361 1272 1406 1306 qui
1422 1275 1572 1299 accurrunt
1584 1271 1616 1298 ad
1633 1277 1668 1298 te.

1081 1318 1252 1346 Pmnitentiaa
1267 1323 1359 1353 portas
1375 1317 1448 1352 aperi
1477 1325 1550 1344 nunc
1567 1317 1644 1349 mihi,
1661 1316 1744 1351 Virgo
1758 1322 1836 1352 porta

1047 1364 1128 1397 lucis,
1144 1368 1172 1391 et.
1186 1364 1282 1392 claude
1300 1364 1440 1398 ingressus
1460 1363 1618 1398 passionum
1646 1362 1758 1390 misellae
1772 1363 1832 1390 aui-

1048 1418 1099 1437 ma:
1111 1418 1187 1437 meze.
1764 1400 1771 1406 ⁸

1084 1455 1184 1482 Sancta
1202 1454 1285 1489 Virgo
1297 1454 1392 1488 Mater,
1414 1461 1467 1481 una
1483 1453 1557 1481 omni
1571 1453 1650 1481 laude
1665 1453 1838 1488 dignissima,

1049 1509 1064 1529 a
1081 1501 1142 1528 delit
1153 1505 1241 1527 torum
1259 1500 1372 1528 maculis
1388 1500 1471 1527 libera
1498 1507 1548 1527 nos
1566 1508 1573 1526 :
1591 1499 1714 1526 illumina
1733 1504 1836 1526 nentes

214 1543 353 1579 λογισμὸν,
366 1544 479 1578 ἁγίασον
489 1545 612 1581 καρδίαν,
627 1546 673 1572 καὶ
683 1546 795 1577 αἰωνίας
804 1546 880 1581 ἡμᾶς
894 1545 997 1577 πάντας

1050 1552 1179 1579 nostras;
1212 1546 1352 1574 sanetilica
1379 1546 1483 1573 'corda
1532 1549 1645 1578 nostra;
1687 1551 1837 1579 omnesque

215 1590 351 1625 λύτρωσαι
362 1590 510 1626 καταδίκης
519 1591 645 1626 δεόμεθα.

256 1636 289 1662 Ἦ
313 1636 452 1671 πάναγνος
476 1637 620 1670 Δέσποινα,
650 1638 862 1674 ἁμαρτανόντων
886 1639 903 1673 ἡ
930 1646 998 1672 προ·

216 1681 323 1713 στασία,
347 1682 402 1708 τῶν
428 1683 583 1710 πιπτόντων
608 1684 626 1719 ἡ
648 1683 707 1710 θεία
733 1684 929 1719 ἐπανόρθωσις,
960 1683 998 1716 ὼς

216 1725 282 1752 Θεὸν
299 1726 417 1754 τεκοῦσα
429 1727 581 1760 δοξάζεται.

261 1818 385 1853 Ἐλέησόν
416 1827 460 1854 με,
490 1818 559 1854 μόνη
587 1819 756 1854 πανὺμνητε,
794 1820 840 1846 τὸν
866 1820 1000 1855 ἐλεήμονα

218 1863 284 1891 Θεὸν
301 1865 437 1900 ὑπερόολῇ
452 1865 620 1899 ἀγαθότητος
645 1864 855 1900 ἁνερμηνεὺτως
871 1865 998 1898 τεκοῦσα,

218 1909 264 1935 καὶ
278 1909 360 1944 ῥῦσαι
374 1909 484 1936 αἰωνίου
499 1908 650 1941 κολάσεως.

253 1998 329 2033 Πύλη
346 1999 481 2026 ἀδιόδευτε
494 1999 542 2035 τῆς
552 1999 643 2034 δόξης,
658 1999 786 2035 ἄχραντε,
804 1999 936 2033 διάνοιξόν
954 2009 1000 2034 μοι

219 2046 268 2080 τῆς
286 2046 431 2080 μετανοίας
458 2045 558 2077 πύλας,
587 2045 756 2081 προξενήσας
787 2054 833 2081 μοι
852 2046 900 2077 τὰς
927 2046 1000 2079 θείας

219 2090 337 2121 εἰσόδους
353 2091 399 2117 καὶ
414 2090 462 2125 τὴν
478 2090 539 2123 ἐκεῖ,
554 2089 737 2117 κατάπαυσιν.

257 2180 323 2207 Θεὸν
337 2180 448 2216 ὰρῤήτῳ
460 2179 543 2215 λόγῳ,
557 2179 779 2216 Παρθενομῆτορ,
794 2180 913 2215 ἑκύησας
935 2180 1001 2216 ἡμῖν

1050 1601 1101 1620 nos
1115 1593 1148 1619 ab
1167 1596 1275 1619 aeterna:
1290 1591 1474 1618 damnationis
1489 1590 1622 1618 sententia
1642 1589 1726 1624 eripe,
1743 1594 1768 1616 te
1778 1597 1839 1625 pre-

1048 1645 1154 1666 camur.

1085 1685 1244 1713 Castissima
1277 1684 1402 1716 Domina.
1431 1688 1603 1718 peccatorum
1636 1681 1837 1717 patrocinium;

1049 1731 1206 1759 cadentium
1217 1730 1318 1758 erectio
1335 1730 1438 1762 divina,
1455 1736 1516 1763 quae
1535 1728 1619 1755 Deum
1644 1727 1760 1762 peperit,
1778 1727 1837 1762 gloa

1050 1777 1183 1804 riﬁt'atttr.

1087 1821 1217 1849 Miserere
1233 1819 1295 1852 tnci,
1308 1827 1324 1846 ο
1341 1819 1397 1846 sola
1413 1818 1448 1845 ab
1462 1818 1595 1845 universis
1608 1817 1761 1850 laudanda;
1776 1823 1838 1852 qum

1051 1866 1254 1895 misericordem
1280 1864 1365 1891 Deum
1382 1864 1416 1891 ob
1430 1864 1541 1890 nimiam
1562 1863 1647 1898 ipsius
1675 1862 1837 1896 bonitatem,

1051 1911 1132 1939 modo
1153 1909 1328 1938 inenarrabili
1350 1909 1477 1944 peperisti
1490 1918 1501 1935 ς
1517 1913 1543 1936 ct
1557 1909 1590 1935 ab
1608 1907 1717 1935 aeternis
1732 1908 1838 1942 suppli—

1051 1958 1101 1985 ciis
1111 1957 1186 1990 eripe
1199 1963 1252 1982 me.

1085 2001 1108 2029 0
1140 2001 1328 2031 immaculata,
1362 2004 1437 2035 porta
1466 2000 1557 2034 glorim
1584 2006 1631 2033 per
1655 2006 1737 2033 quam
1769 1997 1837 2025 nulli

1056 2048 1173 2075 transire
1196 2046 1277 2081 276
1297 2046 1370 2077 licet,
1386 2045 1549 2080 pmnitcntim
1564 2048 1656 2078 portas
1671 2043 1745 2078 aperi
1760 2043 1836 2075 mihi,

1056 2093 1181 2129 pandens
1211 2093 1277 2119 mihi
1311 2091 1413 2118 aditum
1444 2091 1477 2118 ad
1508 2090 1614 2117 divinos
1647 2089 1787 2124 ingressus
1811 2093 1839 2116 ct

1053 2141 1086 2167 ad
1110 2139 1231 2174 requiem
1249 2138 1388 2165 futuram.

1089 2185 1177 2212 Verbo
1202 2184 1328 2212 inelfahili
1355 2184 1438 2211 Deum
1463 2182 1601 2218 peperisti,
1617 2189 1633 2209 ο
1649 2181 1730 2217 Virgo
1742 2181 1837 2211 Mater,

224 2227 292 2253 πᾶσι
311 2225 455 2261 μετάνοιαν
469 2225 574 2252 δίδοντα
589 2227 645 2258 τοῖς
660 2226 745 2253 πολλὰ
759 2226 884 2252 πταίουσι
895 2226 938 2252 διὰ
953 2234 997 2261 με-

1051 2231 1097 2266 qui
1112 2229 1274 2265 pmnitentia:
1288 2230 1403 2264 spatium
1424 2229 1471 2256 dat
1486 2229 1564 2256 nobis
1584 2228 1710 2255 omnibus
1735 2227 1838 2254 multo-

222 2271 322 2302 σιτείας
336 2279 383 2297 σου
396 2270 446 2305 τῆς
462 2266 578 2306 ἀγαθῆς,
595 2271 741 2305 καταφυγὴ
752 2269 806 2297 τῶν
829 2270 932 2297 πιστῶν
955 2269 1003 2296 καὶ

221 2315 312 2342 λιμήν.

251 2324 255 2332 ·
289 2324 312 2342 ν.

249 2316 443 2394 εὲἶοχαρίτωτε
458 2361 555 2396 σκηνὴ,
572 2361 618 2387 τοῦ
633 2360 800 2396 ἀγιὰσματος
814 2361 900 2396 σεπτὴ
919 2361 1001 2388 κιϐω-

220 2406 264 2437 τὲ,
279 2405 374 2441 λυχνία
386 2406 459 2432 θείου
473 2407 572 2441 φωτὸς,
587 2407 669 2442 ἄρτου
681 2407 753 2442 ζωῆς
767 2407 901 2443 τράπεζα,
915 2408 1003 2442 Λόγου

221 2451 352 2479 παλάτιον
361 2451 494 2487 ἔμψυχον,
510 2450 584 2479 οἰκον
600 2453 758 2488 Πνεῦματός
775 2462 809 2488 με
819 2453 914 2485 δεῖξον.

258 2544 392 2578 Καταιγὶς
408 2543 522 2579 χείμαζέ
552 2552 586 2579 με
611 2543 758 2578 ἁμαρτίας,
780 2544 897 2579 ἄχραντε
922 2545 1002 2578 ἁγνὴ,

223 2589 340 2616 σπεῦσον
365 2589 504 2622 ὲξελέσθαι
535 2599 570 2624 με
588 2590 738 2624 εἰσάγουσα
770 2591 915 2625 μετανοίας
937 2591 1004 2622 πρὸς

221 2634 286 2664 τοὺς
302 2633 425 2667 λιμένας,
442 2635 607 2670 πανάμωμε.

257 2679 348 2713 Λιμὴν
363 2679 495 2714 σωτήριος
515 2679 638 2714 ἐδείχοης
661 2679 754 2712 πᾶσιν,
767 2680 849 2716 ἁγνὴ,
864 2679 959 2707 παθῶν
974 2680 1005 2707 τὸ

223 2722 367 2750 κλυδώνιον
381 2724 622 2759 καταπραΰνουσα,
646 2725 713 2760 πρὸς
725 2725 846 2761 γαλήνην
858 2734 888 2752 τε
901 2726 1004 2758 πάντας

224 2768 380 2802 μετάγουσα
405 2769 456 2805 τῆς
481 2771 637 2804 μετανοίας,
659 2771 758 2806 σεμνὴ,
780 2771 843 2803 τοὺς
856 2772 885 2798 ὲν
902 2772 938 2807 γῇ
959 2779 1004 2798 τα-

222 2814 343 2846 πεινούς.

1054 2285 1114 2304 rum
1140 2277 1264 2311 lapsuum
1291 2276 1355 2308 reis,
1370 2283 1418 2310 per
1441 2275 1586 2309 benignam
1614 2272 1836 2300 intercessionem

1053 2327 1140 2354 tuam,
1157 2330 1173 2349 o
1184 2321 1328 2356 refugium,
1343 2325 1369 2348 et
1383 2326 1475 2355 portus
1496 2319 1626 2346 ﬁdelium.

1088 2365 1110 2394 0
1127 2367 1180 2393 Deo
1205 2365 1396 2392 charissimum
1427 2363 1654 2390 tabernaculum:
1675 2369 1738 2389 arca
1759 2369 1840 2389 vene—

1055 2412 1137 2438 randa
1162 2409 1405 2441 sanctiﬁcationis;
1424 2408 1521 2435 divina:
1540 2407 1608 2434 lucis
1628 2406 1838 2439 candelabrum;

1055 2461 1149 2481 mensa
1163 2454 1240 2488 panis
1256 2453 1329 2486 vitae,
1343 2453 1472 2487 palatium
1492 2451 1573 2479 Verbi
1592 2452 1758 2478 animatum:
1777 2451 1839 2486 Spi-

1055 2500 1124 2527 ritus
1137 2499 1224 2526 sancti
1240 2499 1370 2533 templum
1389 2498 1462 2526 emee
1476 2506 1530 2526 nte.

1090 2544 1267 2572 Peccatorum
1296 2548 1457 2579 tempestate
1473 2545 1572 2578 jactor,
1587 2552 1604 2571 o
1626 2542 1709 2577 Virgo
1734 2549 1841 2570 summe

1061 2598 1142 2625 pura,
1157 2595 1231 2618 easta
1247 2595 1274 2618 et
1285 2590 1473 2623 immaculata;
1485 2590 1580 2617 ivstitia
1595 2595 1624 2617 ut
1634 2589 1733 2623 eripias
1749 2596 1803 2620 me,
1815 2592 1841 2614 ct

1055 2637 1088 2664 ad
1103 2636 1269 2671 paenitentia:
1284 2641 1377 2670 portus
1396 2636 1523 2663 deducito
1539 2643 1592 2663 me.

1091 2681 1189 2708 Portus
1225 2681 1352 2709 Salutatis
1378 2681 1447 2709 facta
1478 2689 1507 2708 es
1536 2679 1679 2711 universis,
1709 2686 1726 2706 ο
1759 2677 1841 2713 Virgo

1056 2732 1143 2760 casta,
1162 2734 1223 2762 qnze
1240 2727 1396 2762 passionum
1423 2731 1597 2762 tempestates
1625 2725 1779 2759 ﬂuctusque
1798 2732 1842 2752 se-

1055 2773 1104 2800 das
1117 2780 1149 2799 ac
1162 2780 1285 2805 serenas,
1300 2778 1382 2808 atque
1402 2781 1498 2801 omnes
1517 2773 1563 2808 qui
1583 2772 1610 2798 in
1627 2776 1698 2798 terra
1715 2776 1778 2797 sunt
1790 2769 1842 2797 mi-

1056 2819 1197 2851 serabiles,
1213 2819 1246 2845 ad
1273 2820 1439 2854 poenitentia:
1467 2818 1702 2854 ttanquillitatem,
1723 2825 1740 2845 o
1761 2823 1842 2845 vene-

1056 2865 1151 2898 randa,
1167 2866 1305 2900 perducis.
