2075 3154
238 184 308 219 1319

803 179 834 208 S.
859 175 1016 208 JOSEPHI
1036 174 1319 206 HYMNOGRAPHI

1797 175 1868 210 I320

273 242 377 270 Novum
397 246 512 276 puerum
528 236 668 273 peperisti,
682 242 698 263 ο
707 234 868 271 purissima,
885 233 1026 261 Christum

1117 231 1188 258 Νέον
1214 231 1378 266 ἁπεκύησας
1406 231 1523 263 παιδίον,
1552 231 1719 268 πανάμωμε,
1748 234 1868 270 Χριστὸν

237 288 354 318 scilicet.
369 287 416 322 qui
429 293 480 313 nos
493 284 603 318 antiqua
620 280 838 317 transgressione
850 280 1026 311 inveteratus,

238 334 266 360 in
278 339 374 360 novant
388 330 520 357 reformat
541 333 708 355 creaturam.

273 377 439 412 Angelorum
453 374 549 409 gloria,
567 372 766 405 hominumque
781 369 868 400 salus.
886 372 946 396 esto
960 367 1026 395 mihi

237 420 408 455 tidejussoris
423 419 493 450 loco,
507 425 524 444 ο
541 422 628 444 mater
641 416 700 448 Dei,
711 420 740 442 ut
754 417 898 442 convertar
914 417 942 440 et
959 412 1028 440 resi-

239 468 355 503 piscam,
371 470 397 493 et
410 463 605 499 indulgentiam
625 466 800 497 peccatorum
827 458 1026 494 praeteritorum

238 521 287 549 per
303 511 447 540 scientiam
462 510 672 543 castitatemque
687 507 832 542 recipiam.

273 556 406 586 Etalt'asti
429 563 479 583 nos
495 555 604 582 sublimi
623 558 701 589 partu
720 557 766 579 tuo
783 559 798 579 a
818 551 948 579 barathro
963 557 1029 585 pee-

239 610 364 632 catorum
375 611 383 636 ;
396 611 413 630 o
427 602 519 629 divina
535 600 623 636 gratia
651 598 831 634 plenissima:
848 596 1028 632 quamobrem

238 651 351 678 vocibus
359 654 466 684 gratum
477 648 598 675 animum
606 644 869 676 demonstrantibus,
880 647 915 676 te,
926 642 1027 678 pueﬂa.

238 696 383 725 laudamus
393 695 420 722 in
437 694 530 722 omnia
544 692 653 720 saecula.

272 741 295 770 0
311 741 366 769 Deo
379 740 545 776 gratissima,
559 744 587 766 tu
601 738 672 766 facta
688 744 719 765 es
738 736 826 764 nubes
850 734 951 766 lucida,
967 740 1027 769 qua

238 788 377 823 praecessit
392 793 494 814 novum
519 784 651 820 populum
663 783 698 811 ad
725 787 826 810 terram
852 787 946 809 veram
962 787 1026 814 pro-

239 833 396 866 missionis;
414 837 440 860 et
462 835 552 866 porta,
572 838 634 865 qua:
648 829 752 856 aditum
777 827 839 855 fecit
865 827 899 854 ad
916 826 998 854 vitatu
1018 833 1026 852 :

238 883 379 913 propterea
401 882 462 910 te,o
476 876 603 911 Delpara,
623 873 839 909 magniflcttmus.

1077 278 1129 314 τὴν
1144 277 1300 305 ἀναπλασιν
1315 277 1395 312 ἡμῶν
1425 277 1610 313 ἔργαζόμενον
1633 278 1688 306 τῶν
1706 280 1868 308 πεπαλαιω-

1077 323 1169 360 μὲνων
1182 324 1216 359 τῇ
1237 322 1339 359 ἀρχαίᾳ
1352 321 1519 357 παρασάσει.

1119 369 1257 404 ’Δγγέλων
1276 367 1419 403 καύχημα,
1451 367 1558 403 βροτῶν
1583 368 1742 404 διάσωσμα,
1763 369 1867 406 ἐγγυη-

1076 415 1127 450 τής
1146 423 1197 450 μου
1211 413 1304 448 γενοῦ,
1328 413 1427 449 Μῆτερ
1442 413 1522 447 Θεοῦ,
1548 414 1622 446 ὅπως
1644 414 1802 450 ἐπιστρέψω
1819 417 1867 443 καὶ

1077 461 1235 496 κομίσωμαι
1259 460 1337 488 λύσιν
1352 460 1408 487 τῶν
1432 461 1694 497 προημαρτημένων
1716 462 1745 488 ιν
1767 461 1867 496 γνώσει

1077 507 1123 534 καὶ
1136 507 1244 543 ἀγνοίᾳ.

1113 552 1247 587 Ὕψωσας
1271 552 1347 587 ἡμᾶς
1373 550 1414 586 τῷ
1437 551 1533 587 ὑψηλῷ
1550 560 1596 578 σου
1619 552 1692 588 τόκῳ
1721 553 1867 589 βαράθρων

1079 597 1278 634 συμπτώσεως.
1304 597 1504 632 Θεοχαρίτωτε,
1520 597 1582 624 ὅθεν
1606 598 1710 632 φωναῖς
1733 606 1764 625 σι
1787 606 1867 635 χαρι-

1078 643 1203 679 στηρίοις
1231 643 1335 677 πίστιι,
1364 643 1453 679 Κόρη,
1478 642 1666 678 ὰνυμνοΰμεν,
1694 643 1735 675 εἰς
1762 644 1866 675 πάντας

1077 690 1141 722 τοὺς
1158 689 1271 720 αίῶνας.

1113 734 1266 770 Φωτοειδὴς
1280 734 1391 769 νεφέλη,
1404 734 1598 770 προηγουμίνη
1624 733 1686 760 νέου
1707 733 1773 761 λαοῦ
1796 733 1866 770 πρὸς

1077 781 1131 817 γῆν
1150 780 1323 815 ἐπαγγελίας
1341 780 1462 815 ἀληθῶς,
1485 780 1685 815 Θεοχαρίτωτε,
1697 780 1865 817 ἁνιδείχθης,

1077 828 1126 854 καὶ
1153 826 1224 862 πύλη
1249 826 1399 861 είυάγουσα
1421 825 1490 862 πρὸς
1515 825 1588 862 ζωήν
1602 834 1609 841 ·
1624 826 1665 854 διό
1682 836 1722 860 σε,
1740 826 1867 859 Θεοτὸκε,

1080 872 1280 908 μεγαλύνομεν.

276 923 345 950 Vere
360 928 388 949 tu
406 921 476 949 facta
493 929 534 953 es,
550 928 566 947 ο
584 919 758 947 immaculata
769 916 862 951 Virgo,
883 915 1027 943 luciferum

1115 916 1275 952 Φωτοφόρον
1298 916 1393 952 δχημα
1407 915 1453 943 τοῦ
1472 915 1564 943 Ἠλίου
1578 915 1673 952 ὤφθης
1688 915 1797 951 ἀληθῶς
1819 916 1867 943 τοῦ

239 968 392 995 vehiculum
422 966 494 994 Solis
523 965 609 997 illius,
620 963 666 999 qui
687 971 720 991 ex
735 962 886 991 visceribus
901 961 955 989 tuis
984 969 1029 989 re-

238 1012 325 1045 fulsit,
332 1012 412 1047 277
419 1016 446 1039 et
459 1011 573 1048 gratissi
578 1017 636 1038 mas
650 1009 752 1037 fraudis
763 1009 889 1036 tenebras
895 1007 1029 1042 dissolvit;

238 1058 309 1085 unde
322 1062 346 1085 te
358 1065 408 1093 pro
422 1058 519 1084 merito
528 1063 559 1084 ac
571 1055 666 1083 debito
675 1063 736 1082 cum
748 1054 801 1082 dde
810 1053 1029 1090 maguiﬂcamus.

358 1110 400 1138 Ea:
413 1118 513 1137 canone
531 1110 606 1146 feria:
634 1117 659 1136 tv
675 1109 711 1136 ad
730 1107 906 1136 Matutinum.

271 1165 340 1193 Cum
371 1164 518 1192 Dominum
544 1171 577 1192 ex
598 1170 677 1191 utero
698 1166 744 1190 tuo
767 1162 913 1193 natum.in
939 1161 1031 1191 crucis

238 1211 313 1246 tigno
327 1210 428 1246 iniuste
440 1209 589 1237 exaltatum
601 1208 846 1240 animadvertm'es,
856 1214 873 1234 ο
884 1206 978 1242 Virgo,
990 1207 1015 1234 la
1024 1224 1031 1229 -

238 1263 345 1292 crymas
368 1255 512 1288 fundebas,
525 1259 553 1282 et
573 1253 650 1282 illius
669 1251 781 1288 prorsus
806 1253 943 1281 inﬁnitam
976 1252 1029 1281 bu-

239 1301 418 1330 miliatioucn
435 1299 563 1327 laudibus
575 1298 736 1327 extollebas.

274 1346 400 1374 Laudant
415 1349 442 1373 te
457 1345 536 1373 ebori
559 1343 687 1379 angelici,
713 1350 729 1370 ο
748 1341 876 1371 omnibus
904 1342 1030 1371 laudibus

238 1391 424 1424 celebranda,
452 1398 513 1426 quae
543 1390 605 1418 illos
634 1388 881 1423 incomparabiliter
918 1395 1030 1423 operas

239 1436 393 1472 dignitate;
411 1435 496 1464 Deum
512 1435 585 1464 enim
603 1435 632 1464 in
647 1434 886 1469 carnolpeperisti,
905 1434 952 1469 qui
971 1441 1032 1462 ma-

239 1482 414 1510 ledictionem
439 1489 489 1517 per
508 1481 613 1517 lignum
642 1480 756 1514 illatam,
773 1479 845 1516 ligno
860 1480 988 1513 abolevit,
1003 1483 1031 1509 et

239 1527 440 1556 benedictionis
450 1526 552 1555 fontem
567 1525 700 1562 profudit.

274 1572 405 1606 Gladius,
443 1579 460 1600 ο
497 1572 638 1601 benedicta
680 1572 729 1602 Dei
761 1573 847 1602 Mater
866 1593 874 1607 ,
909 1571 1064 1613 animtth

240 1623 314 1646 tuam
333 1617 520 1653 pcrtransivit,
545 1625 607 1646 cum
628 1617 727 1646 Filium
756 1623 832 1646 tuum
856 1618 1029 1650 cruciﬁxum.

239 1669 267 1693 et
283 1665 406 1692 animam
417 1658 496 1692 suam
514 1663 542 1692 in
565 1671 664 1693 manus
675 1664 764 1693 Patris
778 1664 1029 1699 commendantem,

241 1707 344 1735 vidisti.

275 1751 315 1779 Te
342 1752 629 1780 immaculatissitnam
650 1751 696 1780 Dei
723 1751 889 1780 Genitriccm
910 1751 1030 1788 appella-

241 1805 302 1825 mus
317 1797 385 1833 (2'1),
400 1805 448 1832 per
462 1804 545 1832 quam
570 1797 725 1827 maledictio
741 1798 849 1827 sublata
874 1803 916 1827 est
946 1803 1029 1834 atque

240 1843 386 1876 exstincta,
404 1848 432 1870 et
446 1844 510 1871 data
525 1847 567 1871 est
578 1843 740 1879 redemptio,
751 1851 779 1872 et
795 1844 958 1873 benedictio.

277 1887 455 1917 Admirabilis
471 1893 514 1916 est
527 1888 620 1924 proles
637 1894 694 1921 tua,
713 1896 730 1917 ο
747 1889 873 1925 Deipara,
889 1897 950 1925 quae
967 1889 1032 1918 facit

241 1933 376 1961 mirabilia
392 1941 500 1969 magna,
521 1938 549 1961 et
568 1934 596 1961 in
613 1934 717 1962 sanctis
731 1935 909 1970 glorificatur,
926 1942 943 1963 ο
972 1935 1029 1964 sola

239 1979 314 2008 omni
329 1987 362 2007 ex
374 1984 451 2015 parte
465 1974 633 2009 admirabilis
652 1981 780 2010 Domina.

275 2024 353 2052 Nova
367 2032 399 2053 ac
417 2027 559 2060 peregrina
573 2031 616 2055 est
629 2027 774 2062 conceptio
791 2032 850 2061 tua,
864 2035 882 2056 ο
897 2027 1031 2056 immacu-

241 2070 390 2104 latissima;
409 2071 493 2099 Deum
508 2071 580 2100 ettitn
604 2072 731 2108 genuisti,
749 2072 795 2108 qui
813 2072 887 2111 ligno
901 2072 1031 2100 exstinxit

240 2115 382 2142 flammam
399 2116 520 2149 malitia,
535 2121 562 2144 et
581 2117 712 2146 mundum
725 2117 787 2146 luce
801 2117 929 2154 perfudit.

276 2161 394 2189 Astabas
425 2162 510 2195 cruci,
527 2169 544 2190 ο
587 2162 702 2191 Dotuina
730 2163 831 2198 puella,
852 2164 1031 2192 considerans

241 2205 382 2234 Clu-istum
398 2214 479 2242 quem
496 2215 654 2243 pepereras,
668 2208 695 2235 in
711 2208 757 2235 illa
784 2208 921 2237 confixum
936 2218 943 2237 :
961 2217 1030 2245 qua-

1081 963 1239 998 λάμψαντος
1252 963 1283 990 ἑκ
1295 963 1350 990 τῶν
1366 962 1432 994 σῶν,
1443 962 1561 998 ᾶχραντε
1576 962 1658 999 ἁγνὴ,
1671 963 1802 997 λαγόνων,
1819 963 1868 990 καὶ

1081 1008 1211 1041 λύσαντος
1224 1009 1274 1044 τῆς
1296 1009 1405 1043 ἀπάτης
1429 1009 1524 1040 σκότος
1539 1008 1660 1044 χαλεπὸν
1671 1014 1679 1023 ⁶
1697 1008 1759 1036 ὃθεν
1778 1008 1807 1036 ἓν
1822 1008 1869 1035 πί-

1081 1064 1140 1082 στει
1155 1064 1185 1082 σε
1202 1055 1365 1091 καταχρέως
1378 1054 1579 1090 μεγαλύνομεν.

1085 1111 1136 1140 Ἐκ
1149 1111 1202 1139 τοῦ
1215 1111 1345 1144 κανόνος
1359 1110 1414 1144 τῆς
1430 1109 1573 1146 τετάρτης
1588 1110 1633 1143 εις
1663 1110 1717 1137 τὸν
1731 1111 1868 1145 ὀρθρον.

1117 1165 1181 1192 Ὅτε
1192 1165 1239 1192 τὸν
1255 1165 1287 1192 ἐκ
1300 1164 1423 1200 γαστρός
1456 1173 1505 1191 σου
1528 1163 1659 1200 τεχθέντα
1679 1164 1782 1200 Κύριον
1801 1173 1868 1192 κατ-

1081 1210 1196 1246 ενόησας
1206 1209 1279 1245 ξύλῳ
1290 1209 1391 1242 ἀδίκως
1402 1209 1598 1246 ἁνυψούμενον,
1611 1209 1748 1245 Παρθενί,
1756 1210 1869 1245 “dspu-

1081 1262 1142 1286 σας,
1156 1255 1202 1281 καὶ
1215 1254 1312 1281 τούτου
1331 1253 1457 1289 ὕμνησας
1472 1253 1557 1287 ὅντως
1572 1253 1622 1290 τὴν
1637 1254 1754 1290 ἄπειρον
1765 1262 1868 1289 συγκαο

1079 1301 1205 1328 τάσασιν.

1120 1346 1424 1382 Ὑμνοῦσινεάγγελικοὶ
1434 1346 1510 1382 χοροί
1528 1354 1571 1379 σε,
1585 1346 1763 1382 aestimare,
1781 1346 1867 1380 ὰσυγο

1079 1393 1181 1428 κρίτως
1196 1392 1308 1424 τούτους
1322 1392 1371 1428 τὴν
1388 1392 1586 1428 ὑπερέχουσαν
1603 1392 1716 1424 eheu;
1728 1392 1784 1428 γὰρ
1801 1392 1868 1419 Θιδν

1079 1439 1110 1466 ὲν
1133 1438 1236 1474 σαρκὶ,
1259 1437 1305 1466 τὸν
1324 1437 1396 1474 ξύλῳ
1418 1437 1469 1473 τὴν
1489 1438 1612 1474 κατάραν
1636 1438 1690 1474 τὴν,
1714 1438 1758 1466 διὰ
1788 1438 1867 1471 ξζλου

1079 1483 1250 1519 ἀφανίσαντα
1262 1502 1272 1516 ι
1285 1483 1334 1512 καὶ
1344 1483 1394 1519 τὴν
1409 1484 1538 1518 εὐλογίαν
1551 1484 1729 1519 pudeatne.

1121 1574 1268 1610 Ῥομφαία,
1281 1573 1435 1609 Θεομῆτορ,
1446 1573 1539 1608 διῆλθέ
1554 1581 1614 1605 σου.
1625 1573 1808 1610 εὐλογημένη.
1819 1572 1869 1606 τὴν

1080 1619 1183 1655 ψυχὴν,
1198 1619 1283 1655 ἡνίκα
1295 1617 1365 1650 εῐδες
1378 1618 1582 1654 οταυροὺμενον
1597 1618 1643 1645 τὸν
1659 1618 1704 1646 οόν
1724 1618 1788 1649 Υιδν
1799 1638 1810 1652 ι
1821 1618 1868 1646 καὶ

1080 1667 1120 1698 είς
1134 1666 1227 1702 χεῖρας
1240 1665 1330 1701 ψυχὴν
1343 1664 1395 1697 τὰς
1409 1665 1548 1701 πατρικὰς
1561 1665 1760 1700 παραθέμενον.

1116 1752 1149 1779 EI
1166 1752 1216 1788 τὴν
1233 1752 1438 1788 παναμώμητον
1459 1752 1528 1779 Θεοῦ
1549 1753 1733 1788 Δοχεύτριαν,
1746 1753 1781 1781 δι’
1800 1750 1835 1790 ἧς
1850 1756 1867 1790 ἠ

1081 1798 1190 1833 καταρὰ
1204 1797 1407 1833 ἀπεστειρώθη,
1422 1797 1469 1826 καὶ
1484 1798 1501 1832 ὴ
1520 1797 1713 1834 ἀπολύτρωσις
1726 1800 1774 1828 καὶ
1788 1800 1809 1836 ἡ
1822 1800 1869 1826 εύ-

1080 1843 1158 1878 λογία
1174 1844 1264 1880 ἐδόθη,
1280 1844 1482 1880 μακαρίζομεν.

1115 1890 1278 1925 Θαυμαστὸς
1292 1890 1306 1916 ὁ
1319 1889 1401 1922 τόκος¹
1413 1890 1495 1923 σου,ό
1508 1890 1616 1926 μεγάλα
1628 1890 1757 1926 θαύματα
1769 1892 1867 1925 ποιῶν,

1080 1936 1127 1964 καὶ
1143 1936 1173 1963 ὲν
1187 1937 1242 1967 τοῖς
1256 1935 1343 1970 ἁγίοις
1356 1934 1552 1971 δοξαζόμενος,
1567 1936 1681 1964 Θεοτόκε
1691 1956 1699 1970 ,
1715 1937 1783 1973 μόνη
1798 1945 1869 1965 παν-

1081 1982 1223 2016 ῡαύμαστε
1234 1982 1378 2010 Δέσποινα.

1115 2028 1185 2064 Ξὲνη
1206 2036 1254 2054 σου
1277 2028 1436 2063 ἡγέννησις
1458 2028 1778 2065 ὑπάρχει,τπανάμωμε·
1800 2029 1867 2057 Θων

1080 2073 1136 2109 γὰρ
1159 2072 1280 2108 ὲκύησας
1302 2073 1348 2100 τδν
1365 2073 1437 2110 ξύλῳ
1452 2075 1611 2110 μαράναντα
1638 2074 1688 2110 τὴν
1709 2075 1795 2110 ςλόγα
1818 2076 1867 2111 τῆς

1080 2119 1191 2152 κακίας,
1208 2119 1255 2146 καὶ
1266 2119 1421 2154 φωτίσαντα
1430 2119 1476 2147 τὸν
1490 2121 1602 2156 κόσμον.

1118 2165 1228 2192 Ἱστασο
1240 2165 1360 2200 σταυρῷ,
1376 2165 1556 2199 κατανοοῦσι,
1572 2167 1667 2203 Κόρης,
1682 2167 1866 2202 πηγνύμνον,

1080 2211 1228 2245 Δέσποινα,
1239 2212 1358 2246 Χριστὸν
1368 2212 1398 2239 ὃν
1410 2212 1513 2244 lesser
1527 2212 1588 2240 ὅθεν
1600 2212 1690 2244 ὲὸὁας’
1700 2213 1747 2248 Μὴ
1755 2213 1867 2242 item

242 2257 354 2287 propter
368 2253 562 2287 exclamabas;
576 2251 616 2281 Ne
631 2260 675 2281 me
696 2253 771 2289 prole
785 2259 925 2282 carentem
945 2254 1025 2284 relin-

1082 2267 1116 2294 με
1129 2257 1228 2294 δείξῃς,
1242 2258 1344 2294 ἀναρχε
1355 2258 1475 2294 ἁνάρχου
1488 2258 1594 2294 Πατρδς
1608 2258 1657 2286 Υἱὲ
1672 2259 1720 2286 καὶ
1730 2259 1812 2294 Δότε.

241 2305 320 2333 quas.
335 2306 351 2325 o
366 2304 466 2326 aeterne
477 2300 570 2327 aeterni
588 2299 676 2328 Patris
692 2300 743 2328 Fili
759 2304 786 2327 et
800 2299 931 2328 Verbum.

277 2344 463 2372 Plantatorem
481 2345 622 2381 religionis
636 2353 668 2373 ac
680 2345 800 2381 pietatis,
814 2346 905 2382 ipsum
926 2347 1031 2375 scilicet

241 2389 411 2423 Creatorem,
428 2391 567 2425 peperisti,
582 2392 629 2427 qui
647 2391 675 2419 in
689 2392 768 2420 terris
781 2400 872 2420 veram
885 2393 1027 2422 scientiam

243 2436 387 2470 plantavit,
402 2442 430 2464 et
449 2438 667 2466 maledictionem
679 2459 687 2472 ,
703 2447 764 2474 quae
777 2447 811 2467 ex
828 2440 921 2474 planta
935 2440 1026 2475 pullu-

243 2483 358 2515 laverat,
383 2482 531 2511 dissolvit:
559 2491 640 2519 quem
665 2485 750 2520 278
778 2485 843 2512 dum
872 2486 1031 2521 magnifica.

242 2537 314 2562 mus,
329 2533 483 2564 tequoque,
502 2537 518 2557 ο
533 2529 627 2565 Virgo,
643 2530 748 2559 beatam
764 2531 940 2567 appellamus.

277 2590 333 2625 (Ἦ)
352 2589 385 2616 Et
399 2590 508 2624 quidem
530 2590 630 2618 decens
652 2591 765 2619 omnino
779 2592 840 2624 fuit,
854 2597 884 2620 ut
905 2593 1029 2621 Christus

242 2625 391 2653 fabricator
415 2625 507 2652 Matris
526 2633 592 2659 suae,
605 2634 664 2654 eam
686 2627 787 2655 faceret
809 2629 1030 2656 immaculatiss't—

243 2665 326 2698 lnam,
340 2665 367 2687 et
377 2660 422 2687 tali
440 2661 582 2688 decoraret
596 2667 713 2697 puritate
730 2668 758 2689 ut
780 2668 853 2691 esset
872 2668 933 2698 apta
950 2667 976 2690 et
988 2664 1031 2690 di-

243 2704 294 2730 gna
312 2696 343 2722 de
363 2703 415 2730 qua
430 2703 539 2732 carnem
558 2696 720 2728 assumeret,
736 2704 770 2725 ne
796 2696 982 2732 despiceretur
996 2698 1031 2726 ab

243 2731 396 2773 inﬁdelibus
408 2735 439 2773 et
452 2731 599 2773 bmreticis.
612 2732 645 2773 Et
664 2733 714 2760 hoc
725 2732 822 2773 probat
833 2731 980 2773 Augustin.
999 2733 1030 2773 in

242 2767 303 2802 libr.
324 2773 337 2791 v
352 2771 448 2792 contra
463 2768 591 2798 hereses.
615 2768 710 2795 dicens
726 2767 752 2794 in
775 2767 888 2802 persona
905 2768 1005 2795 Christi
1022 2776 1030 2795 :

246 2809 254 2824 ι
277 2799 432 2836 Ilteciquam
461 2802 589 2836 despicis.
607 2799 869 2834 Manicheam-Mater
893 2810 954 2830 mea
975 2808 1026 2834 est,

244 2841 325 2860 manu
342 2835 471 2872 fabricata
486 2835 528 2863 est
545 2845 615 2864 mea.
631 2837 702 2872 Ergo
722 2837 832 2865 Matrem
848 2845 880 2864 ex
896 2845 949 2872 qua
979 2845 1029 2864 na-

243 2876 345 2903 scerer,
355 2869 406 2898 feci
422 2879 490 2906 :cgo
507 2872 577 2900 viam
595 2869 684 2901 itineri
698 2880 760 2901 meo
774 2869 933 2909 prmparavi,
952 2881 962 2898 ι
977 2877 1031 2902 etc.

1113 2349 1267 2384 Φυτουργὺν
1291 2348 1412 2383 ὲκύησας
1436 2349 1595 2382 εὐσεϐείας,
1617 2349 1664 2377 τὸν
1693 2350 1867 2386 Δημιουργὸν

1080 2395 1229 2430 φυτεύοντα
1242 2394 1290 2422 ἐπὶ
1302 2394 1354 2430 γῆς
1373 2394 1474 2429 γνῶσιν
1490 2394 1578 2430 ἀληθῆ
1591 2395 1640 2422 καὶ
1652 2395 1701 2432 τὴν
1716 2395 1867 2432 ἑχϐλαστὴ-

1082 2448 1166 2466 σασαν
1181 2439 1235 2469 ἀπὸ
1248 2439 1332 2474 φυτοῦ
1347 2439 1444 2467 λύοντα
1454 2439 1535 2476 ἀρὰν,
1551 2440 1580 2467 ὃν
1597 2439 1804 2476 μεγαλύνοντες,
1823 2441 1865 2474 οὶ,

1082 2486 1214 2522 Παρθένε,
1231 2486 1431 2522 μακαρίζομεν.

1077 2595 1107 2622 1η
1123 2594 1221 2629 quibus
1247 2593 1339 2621 verbis
1365 2593 1484 2621 ostendit
1504 2593 1683 2629 Augustinus.
1699 2594 1769 2629 quod
1789 2598 1867 2629 post-

1078 2637 1159 2664 quam
1179 2629 1305 2656 Cbristus
1335 2633 1464 2663 tanquam
1492 2629 1574 2661 Deus,
1589 2634 1617 2656 et
1638 2630 1748 2663 sapiens
1775 2631 1866 2657 archi-

1079 2669 1165 2692 tectus
1188 2664 1221 2690 ad
1247 2664 1354 2691 libitum
1379 2664 1520 2693 fabricavit
1533 2664 1646 2692 Matrem
1660 2671 1751 2698 suam,
1774 2665 1867 2692 taliter

1079 2707 1138 2726 eam
1154 2697 1298 2726 fabricavit
1317 2701 1376 2726 sine
1401 2698 1493 2734 aliquo
1519 2700 1635 2731 defectu,
1652 2707 1685 2726 ne
1711 2697 1747 2734 ab
1774 2699 1865 2733 aliquo

1080 2734 1274 2768 despiceretur,
1291 2738 1318 2761 et
1334 2741 1395 2769 eum
1411 2733 1486 2761 tanto
1511 2735 1619 2767 decore,
1633 2738 1660 2760 et
1687 2733 1864 2769 perfectione,

1080 2776 1109 2795 ut
1127 2773 1200 2796 esset
1213 2775 1286 2803 apta,
1298 2774 1326 2796 et
1339 2768 1432 2803 digna,
1449 2773 1479 2796 ut
1494 2777 1525 2797 ex
1538 2777 1568 2796 ea
1583 2768 1693 2797 carnem
1703 2774 1864 2800 assumeret,

1080 2807 1107 2830 et
1139 2803 1179 2836 ,ab
1213 2804 1340 2832 omnibus
1374 2810 1559 2836 veneraretur,
1588 2810 1618 2831 ut
1657 2804 1683 2830 in
1728 2804 1864 2831 canticqu

1080 2828 1110 2864 tt.
1119 2828 1439 2900 vap..i§"it2.gima;i;
1443 2828 1582 2867 Graii-1..
1591 2828 1721 2867 ineat...
1731 2828 1863 2867 Emeis-

1082 2881 1116 2900 DO
1129 2881 1135 2900 Ι
1168 2881 1230 2900 IIIIS.

1082 2878 1230 2909 pomauus.
