2075 3154
201 251 267 283 1321

238 364 258 390 ll
263 365 324 390 άλαι
336 365 390 391 τῶν
404 364 551 399 προφητῶν
564 373 593 390 σε
602 364 682 400 χορὸς
692 364 823 391 ἐκάλεσεν
833 364 896 399 ὅρος
909 364 965 391 θείο
975 373 992 397 ι,

201 411 323 446 Ιιαρθένε
335 431 342 442 ,
356 411 401 437 καὶ
416 411 504 445 πύλην
520 411 683 443 ἁδιόδευτον,
701 411 773 443 ὅθεν,
790 410 972 445 δυσωποῦμεν
985 431 992 443 ,

200 456 349 491 μετανοίας
366 457 463 489 πύλας,
480 456 706 492 Παρθενομῆτορ,
720 457 787 492 ἡμῖν
803 456 959 490 ὑπάνοιξον.

233 546 377 583 Rapiat-qq
389 549 421 575 ἐκ
434 548 529 581 δεξιῶν
541 548 660 584 Χριστοῦ
674 567 681 581 ,
695 549 732 581 ὼς
749 548 894 584 βασίλισσα
910 557 994 585 κροσ-

201 584 296 626 ἕωτοτς
313 596 450 630 χρυσέοις,
465 595 661 631 θεοχαρίτωτε,
686 595 908 631 περιϐεϐλημένη
928 584 994 632 ἁλη-

200 640 265 671 θῶς,
285 641 351 676 ἡμῖν
365 641 415 676 τὴν
431 640 572 675 βασιλείαν
595 641 650 668 τῶν
670 641 793 677 οὐρανῶν
808 643 840 677 τῇ
867 643 994 678 μεσιτείᾳ

200 694 260 718 σου,
273 687 361 721 Κόρη,
376 686 547 722 προξενοῦσα
559 687 722 723 πρεσϐείαις
739 696 797 715 σου.

240 732 318 766 Ἀγία
333 732 461 767 Θεοτόκε,
477 733 570 769 βοήθει
593 742 640 768 μοι
657 735 717 766 ταῖς
737 734 844 770 ἡδοναῖς
861 735 994 771 διηνεκῶς

201 778 372 815 βυθιζομένῳ
388 779 435 806 τοῦ
461 779 606 815 σώματος,
633 781 681 808 καὶ
702 778 840 816 ῥᾳθυμίας
861 782 890 808 ὲν
912 781 992 817 κλίνῃ

199 825 244 851 ἀεὶ
259 826 452 861 κατακειμένῳ
469 827 517 853 καὶ
531 827 664 854 στένοντι.

241 871 270 898 Ὀ
285 872 466 908 ἀπερινόητος
477 893 485 905 ,
500 872 682 908 θεοχαρίτωτε
696 894 703 906 ,
719 873 834 909 περιοχὴ
865 883 992 910 σωματο-

199 918 281 953 φόρος
298 919 455 954 γενόμενος,
470 919 526 955 ἔχει
536 928 581 955 με,
598 920 711 956 βροτοὺς
720 921 900 948 ἀπαλλάττων
915 930 992 955 περι-

199 963 315 1000 εχούσης
329 964 456 1000 θλίψεως.

235 1058 374 1094 Κυοφὸρος
388 1058 530 1095 ἄνανδρος,
545 1059 697 1095 Θεομῆτορ,
711 1041 834 1096 πέφηνῗις
848 1061 933 1096 ἁγνή·
946 1061 991 1089 διὰ

197 1104 277 1131 τοῦτο
290 1105 379 1131 πίστει
395 1105 508 1133 ἱκετεύω
515 1113 556 1139 σε,
567 1105 618 1140 τῆς
630 1106 718 1141 ψυχῆς
729 1115 780 1141 μου
792 1106 842 1142 τὴν
854 1107 990 1143 ρᾳθυμίαν

199 1149 347 1177 ἀπέλασον.

240 1196 288 1223 Ἐκ
304 1196 352 1223 σοῦ
369 1197 434 1232 ἡμῖν
461 1196 583 1232 ἔλαμψεν
607 1198 758 1233 ἀνέσπερος
780 1199 866 1234 ἥλιος,
889 1199 990 1234 νεφέλη

197 1241 328 1276 ὀλόφωτε,
351 1242 468 1278 Χριστὸς
490 1243 504 1268 ὁ
525 1242 590 1275 Θεὸς
610 1244 699 1279 ἡμῶν,
726 1245 851 1278 φωτίζων
873 1246 936 1277 τοὺς
960 1247 990 1272 ὲν

199 1287 290 1315 σκότει
303 1288 455 1322 ἀγνωσίας,
470 1288 598 1315 Θεοτόκε.

232 1379 326 1414 Σάρκα
339 1378 372 1406 δι’
391 1379 466 1414 ἡμᾶς
481 1379 514 1405 ὲκ
539 1379 585 1406 σοῦ
606 1379 673 1418 Θεὸς
694 1380 824 1415 φορέσας,
847 1381 933 1416 ἁγνήν
959 1389 990 1408 σε

199 1424 369 1459 πανάμωμον
380 1423 480 1456 παντὸς
490 1424 537 1451 τοῦ
552 1425 648 1458 γένους
660 1425 738 1460 ἡμῶν
755 1425 840 1457 θείαν,
855 1426 989 1461 [Impar-Eva,

196 1469 314 1496 δεικνύει
329 1470 508 1505 προστασίαν·
518 1470 629 1504 ὄθεν,σὲ
643 1471 782 1506 ὑμνοῦμεν
794 1472 886 1499 πιστοὶ
904 1481 991 1508 μεγα-

197 1514 336 1549 λοφώνως.

230 1561 346 1595 Φαεινὴν
368 1560 479 1596 λυχνίαν
494 1569 524 1588 σε
544 1561 558 1587 ὁ
579 1561 723 1597 προφήτης
746 1561 880 1598 ἔϐλεψεν,
907 1564 988 1600 ἁγνὴ,

197 1605 350 1640 λαμπάδιον
368 1606 463 1640 νοητὸν
486 1605 623 1642 φέρουσαν
640 1606 758 1642 Χριστὸν
769 1628 776 1640 ,
794 1607 827 1634 δι’
845 1607 876 1634 οὗ
892 1607 990 1643 ἐφωτί-

888 251 1073 283 MARIALE.

205 311 256 336 Ἐκ
271 309 325 337 τοῦ
343 310 475 343 Κανόνος
490 308 543 343 τῆς
558 309 707 344 πέμπτης,
725 310 767 342 εἰς
782 309 835 336 τὸν
851 309 989 344 ’Ὀρθρον.
1007 311 1031 339 Δ

1771 256 1838 287 1322

1171 307 1212 334 Ea:
1226 307 1332 336 Canam:
1343 308 1417 342 feria
1431 316 1458 340 ν,
1475 308 1509 334 ad
1526 307 1701 338 Hatulinum.

1079 362 1149 390 Olim
1166 363 1361 398 prophetarum
1389 363 1492 392 chorus
1520 366 1627 393 vocavit
1653 371 1689 399 te.
1710 375 1727 395 ο
1741 367 1836 404 Virgo,

1044 414 1165 436 montem
1182 409 1316 442 divinum,
1337 415 1363 437 et
1379 415 1485 445 portam
1500 411 1750 448 impcnetrabilem;
1765 415 1839 442 unde

1045 460 1072 483 te
1088 455 1228 491 supplices
1239 463 1380 491 rogamus,
1390 465 1407 484 ο
1422 456 1503 493 Virgo
1518 457 1614 493 Mater,
1627 464 1657 486 ut
1673 460 1838 495 paenitentia:

1045 507 1139 538 portas
1152 504 1261 538 aperias
1278 504 1368 531 nobis.

1080 549 1198 577 Astitisti
1225 556 1240 576 a
1268 549 1371 577 dextris
1396 549 1498 578 Christi
1529 555 1660 586 tanquam
1692 552 1838 588 Reginam

1046 594 1136 622 divina
1149 595 1234 631 gratia
1245 596 1462 624 cumulatissime
1475 596 1578 631 Puella,
1589 605 1652 626 vere
1667 599 1836 627 circumdata
1874 630 1876 637 ι

1045 639 1160 668 llinbriis
1176 641 1286 674 aureis;
1306 642 1469 669 mcdiatione
1481 646 1526 669 tua
1555 646 1582 670 et
1595 642 1839 673 inlercessionibus

1045 683 1100 711 tuis
1111 684 1243 712 cmlorurn
1264 693 1378 720 regnum
1390 686 1469 714 nobis
1484 687 1642 722 acquirens.

1081 728 1103 756 0
1118 729 1234 765 Deipara
1265 737 1373 764 sancta,
1392 732 1491 766 adjuva
1523 740 1567 761 me
1588 735 1727 768 corporeis
1762 735 1840 763 volu-

1044 776 1165 810 ptatibus
1181 778 1291 805 assidue
1314 778 1485 812 immersum,
1500 783 1583 814 atque
1600 780 1626 807 in
1641 781 1773 809 socordiae
1797 783 1838 809 le~

1044 822 1118 849 ctulo
1133 830 1242 858 semper
1252 824 1390 859 jacentem
1418 830 1500 861 atque
1516 826 1712 861 suspiranlem.

1079 868 1136 901 Ille,
1153 870 1200 904 qui
1224 871 1298 897 nulla
1325 875 1414 905 potest
1438 872 1606 907 cogitatione
1633 873 1836 908 comprehendi,

1044 914 1114 941 intra
1132 916 1257 950 corporis
1279 917 1410 944 ambitum
1430 918 1534 952 accepti
1552 926 1566 945 a
1583 924 1618 951 te,
1635 926 1652 946 ο
1667 919 1758 946 divina
1777 928 1839 954 gra-

1045 961 1079 987 lia
1106 962 1279 996 plenissima,
1293 970 1354 990 sesc
1375 964 1520 997 conclusit,
1538 969 1568 991 ut
1587 964 1715 992 homines
1738 965 1772 992 ab
1789 973 1838 993 an-

1042 1008 1152 1043 gustiis,
1167 1009 1266 1043 quibus
1280 1009 1590 1043 cuntprehendcbantur,
1606 1010 1745 1038 liberaret.

1078 1053 1100 1081 0
1118 1054 1164 1081 Dei
1190 1054 1284 1086 Mater,
1301 1063 1364 1082 cum
1390 1055 1449 1083 sine
1467 1056 1517 1082 viri
1536 1064 1619 1091 opera
1649 1058 1835 1092 concepisscs.

1043 1097 1126 1135 Virgo
1144 1105 1219 1128 casta
1241 1101 1392 1135 apparuisti
1407 1109 1414 1128 :
1427 1101 1488 1128 ideo
1511 1106 1536 1129 te
1560 1109 1622 1129 cum
1645 1102 1698 1130 ﬁde
1713 1111 1789 1138 rogo,
1809 1109 1838 1131 ut

1042 1146 1140 1173 animae
1154 1154 1219 1174 mea:
1228 1147 1371 1182 segnitiem
1391 1147 1521 1182 depellas.

1077 1191 1118 1218 Ex
1132 1195 1166 1223 te,
1190 1199 1207 1218 ο
1240 1191 1365 1227 Dcipara,
1384 1192 1463 1220 nobis
1491 1193 1580 1220 illuxit
1592 1193 1643 1226 sol,
1660 1194 1707 1229 qui
1731 1194 1838 1229 ignorat

1041 1246 1182 1271 occasum,
1196 1246 1213 1266 ο
1229 1238 1314 1266 nubes
1330 1239 1512 1275 undequaque
1530 1240 1630 1273 lucida,
1642 1240 1769 1269 Christus
1783 1243 1836 1269 sci-

1041 1284 1104 1311 licet
1129 1283 1199 1311 Deus
1216 1289 1307 1311 noster
1332 1290 1363 1312 ut
1389 1293 1448 1319 eos,
1461 1286 1509 1321 qui
1526 1286 1687 1322 ignorantiae
1716 1289 1837 1316 tenebris

1041 1330 1250 1362 detinebantur,
1268 1331 1446 1359 illuminaret.

1077 1376 1145 1403 Cum
1167 1375 1237 1403 Deus
1259 1384 1291 1404 ex
1311 1382 1346 1409 te,
1366 1385 1382 1405 ο
1415 1377 1504 1413 Virgo,
1519 1385 1602 1406 carne
1628 1379 1740 1408 indutus
1765 1387 1837 1408 esset

1042 1426 1152 1456 propter
1170 1429 1230 1454 nos.
1244 1422 1363 1451 universi
1379 1424 1486 1458 generis
1514 1426 1601 1452 nostri
1621 1429 1646 1453 le
1660 1426 1836 1461 purissimam

1041 1472 1123 1501 atque
1134 1468 1316 1496 cnstissimam
1329 1489 1337 1501 ,
1349 1469 1471 1497 divinum
1497 1471 1652 1504 praesidium
1675 1473 1836 1501 constituit:

1042 1513 1221 1547 quamobrem
1239 1521 1290 1541 nos
1308 1514 1401 1543 ﬁdeles
1423 1521 1450 1543 te
1461 1524 1559 1552 magna
1576 1526 1641 1546 voce
1655 1519 1809 1548 laudamus.

1075 1557 1276 1586 Candelabrum
1292 1559 1427 1596 refulgens
1438 1562 1504 1589 vidit
1516 1567 1541 1590 te
1556 1564 1700 1599 propheta,
1713 1574 1728 1592 ο
1743 1560 1835 1601 Virgo,

1041 1604 1114 1639 quod
1145 1604 1296 1640 spiritalem
1325 1605 1465 1634 lucernam
1491 1607 1630 1636 Christum
1658 1609 1773 1643 ferebat,
1790 1619 1836 1646 per

197 1652 303 1688 σθημεν
311 1654 374 1688 οίιὲν
385 1654 475 1680 σκότει
487 1654 609 1690 κείμενοι
620 1654 725 1689 κακῶν,
735 1663 765 1682 σε
778 1656 987 1691 μακαρίζοντες,

1041 1658 1122 1685 quem
1133 1651 1217 1687 279
1226 1659 1287 1686 nos,
1296 1652 1342 1687 qui
1352 1653 1379 1680 in
1392 1654 1525 1681 malorum
1538 1656 1657 1683 tenebris
1665 1656 1835 1691 jacebamns,

194 1698 312 1726 Θ-οτόκε
331 1699 518 1735 ’Λειπάρθενε.

203 1799 253 1827 Ἐκ
274 1800 326 1827 τοῦ
342 1801 478 1834 Κανόνος
497 1799 779 1862 τῆςθπαρασκσυῆς,
797 1804 842 1835 εἰς
857 1802 911 1829 τὸν
923 1804 989 1838 ὀρ-

567 1844 632 1862 oar.

565 1844 632 1869 Ῥον.

231 1880 299 1907 Νέον
329 1879 429 1916 βρέφος
454 1880 520 1914 ἡμῖν
549 1879 595 1906 τὸν
623 1879 738 1906 παλαιὸν
768 1881 891 1917 ἡμερῶν,
918 1883 988 1919 ἁγνὴ

194 1926 328 1963 Παρθένε,
345 1924 509 1960 ἀπεκύησας
530 1925 735 1954 παλαιωθεῑσαν
752 1926 801 1962 τὴν
825 1928 906 1961 φύσιν
920 1929 987 1955 ἀνα-

194 1973 355 1999 καινίσαντα
373 1971 526 2007 ἀνθρώπων
537 1992 545 2006 ,
570 1971 728 2007 πανάμωμε
741 1992 748 2006 ,
763 1971 802 2007 τῷ
818 1972 883 2008 θείῳ
905 1973 987 2000 πάθει

192 2026 288 2046 αυτου.

233 2065 310 2100 Ζωῆς
326 2065 392 2100 ἡμῖν
408 2064 549 2100 πρόξενος,
565 2063 646 2098 ἁγνὴ,
662 2062 751 2091 θανὼν
764 2064 794 2091 ἐν
807 2063 878 2100 ξύλῳ
892 2065 987 2092 ἀναδέ-

191 2111 298 2138 δεικται
311 2112 326 2138 ὁ
347 2110 392 2142 σὸς
409 2109 474 2141 Υἱός
496 2118 526 2136 τε
548 2110 596 2136 καὶ
614 2109 726 2146 Κύριος,
744 2109 758 2137 ό
777 2109 898 2144 δοξάζων
923 2111 987 2142 τοὺς

193 2156 347 2192 ὑμνοῦντας
361 2164 403 2183 σε.

232 2203 276 2234 Ὠς
298 2202 426 2239 ἑώρακας
450 2202 479 2229 ὲν
503 2202 543 2238 τῷ
558 2202 668 2237 σταυρῷ
684 2202 802 2238 Χριστὸν
818 2203 848 2230 ὃν
870 2203 964 2236 ἔτεκες
976 2225 984 2237 ,

191 2249 272 2285 ἁγνὴ,
288 2248 485 2285 ἀπεθαύμαζες
500 2249 550 2284 τὴν
562 2248 666 2283 ἄφατον
681 2248 765 2275 αὐτοῦ
780 2249 983 2286 μακροθυμίαν·

190 2295 252 2322 ὅθεν
268 2296 316 2322 σὺν
329 2295 404 2330 αὑτῷ
421 2304 451 2322 σε
466 2295 626 2330 δοξάζομεν.

1040 1697 1187 1726 illuminati
1215 1706 1322 1733 sumus,
1335 1703 1362 1727 ct
1379 1704 1416 1733 te,
1433 1708 1449 1727 ο
1480 1707 1588 1736 semper
1612 1701 1696 1738 Virgo
1710 1702 1834 1739 Deipara,

1040 1743 1147 1771 beatam
1160 1751 1304 1773 vocamus.

1164 1797 1206 1825 Ex
1222 1797 1331 1827 Canone
1342 1799 1415 1834 ferite
1429 1808 1467 1834 Vl,
1485 1802 1519 1828 ad
1532 1802 1701 1831 Μαιαιίηιιηι,

1074 1877 1177 1906 Novum
1191 1878 1322 1906 infantem
1340 1880 1469 1914 peperisti
1496 1881 1588 1913 nobis.
1601 1883 1745 1917 antiquum
1773 1885 1834 1912 die-

1039 1929 1111 1955 rum,
1127 1922 1309 1949 ocastlssima
1332 1927 1414 1958 atque
1440 1925 1587 1959 purissima
1605 1925 1699 1961 Virgo,
1718 1929 1763 1962 qui
1793 1929 1829 1956 ui-

1038 1968 1102 1995 vina
1121 1967 1249 2003 passione
1271 1975 1332 2002 sua,
1349 1969 1528 1998 inveteratam
1546 1972 1688 1999 homirnam
1706 1977 1833 2001 natumut

1039 2015 1194 2042 renovavit.

1076 2059 1144 2088 Vitae
1159 2061 1238 2089 nobis
1259 2065 1364 2095 auctor,
1378 2063 1500 2091 moriens
1528 2063 1555 2091 in
1576 2064 1662 2099 ligno,
1681 2064 1769 2093 factus
1792 2071 1834 2093 est

1037 2107 1125 2135 Filius
1139 2110 1167 2134 et
1184 2106 1316 2135 Dominus
1328 2112 1403 2141 tuus,
1417 2115 1434 2135 ο
1449 2113 1536 2141 casta,
1554 2109 1601 2144 qui
1617 2110 1754 2145 gloriﬁcat
1774 2111 1833 2138 lau-

1037 2155 1147 2182 datores
1161 2158 1236 2183 tuos.

1072 2201 1140 2228 Cum
1156 2201 1304 2236 videres‘jn
1316 2208 1398 2229 cruce
1409 2201 1562 2236 Christum,
1577 2210 1658 2238 quem
1677 2211 1830 2239 pepereras.

1036 2254 1053 2274 ο
1072 2254 1153 2281 pura,
1168 2246 1330 2274 inell‘abilem
1358 2247 1430 2275 illius
1447 2249 1609 2283 patientiam
1625 2250 1807 2278 admiraberis

1042 2273 1047 2274 ,
1073 2273 1081 2281 _
1130 2273 1152 2279 ,,
1204 2273 1207 2274 ,
1448 2273 1609 2283 (ηψπ.-.
1625 2273 1807 2278 __....-___..-

1037 2300 1122 2328 quare
1139 2297 1236 2321 tecum
1247 2293 1295 2320 illo
1312 2293 1511 2328 gloriﬁcamus.
1838 2273 1846 2304 "

233 2341 336 2370 Ίδοῦσα
352 2341 398 2368 ἐπὶ
422 2342 492 2378 ξύλῳ
508 2343 673 2369 ὑπνώσαντα
687 2341 733 2368 τὸν
749 2342 900 2378 Δεσπότην,
918 2342 985 2378 θρη-

1073 2339 1142 2366 Cum
1158 2338 1275 2365 vidisses
1289 2337 1436 2366 Dominum
1452 2345 1535 2374 super
1549 2339 1640 2367 crucis
1655 2339 1759 2375 lignum
1783 2340 1830 2367 oh-

189 2387 273 2415 νοῦσα
286 2387 430 2423 ὴλάλαζες,
443 2387 659 2424 Παρθενομῆτορ
675 2388 840 2424 πανάμωμε.

229 2482 368 2517 Ῥομφαία
379 2481 428 2517 τὴν
440 2481 556 2516 καρδίαν
569 2490 616 2508 σου
629 2481 748 2517 διῆλθεν,
760 2482 841 2517 ἡνίκα
853 2483 983 2518 σταυρού-

190 2537 270 2564 μενον
294 2529 341 2555 τὸν
365 2528 486 2563 κτίστην
505 2526 648 2559 τεθέασαι,
674 2527 796 2562 Παρθένε
814 2529 980 2565 πανάμωμε,

187 2575 236 2602 καὶ
249 2575 334 2611 λόγχῃ
348 2574 424 2602 θείαν
441 2574 564 2610 πλευρὰν
578 2574 802 2610 ὲξορυττὸμενον,

223 2695 278 2732 (28)
293 2695 379 2732 Favet
401 2695 482 2732 Joan.
508 2693 653 2732 geometra
669 2693 773 2732 hymno
788 2692 805 2721 5
820 2693 853 2721 de
867 2693 898 2721 Β.
917 2693 979 2722 Vir-

184 2729 340 2767 gin‘e,’dum
357 2731 444 2765 ipsam
461 2730 490 2757 Β.
508 2730 646 2765 Virginem
661 2730 700 2756 sie
711 2729 814 2756 salutat
830 2738 837 2756 :

326 2777 390 2811 Ave,
408 2777 528 2812 primawi
555 2777 639 2804 libera
653 2775 712 2803 labe
735 2775 835 2802 Putris.

183 2826 266 2853 Favet
291 2824 374 2852 etiam
407 2824 527 2859 hymnus
555 2823 696 2857 cujusdam
732 2821 980 2859 MiSSJil§ﬂillqui

183 2830 266 2853 Favet
291 2830 374 2852 etiam
407 2830 527 2859 hymnus
555 2830 696 2857 cluusuam
732 2830 849 2849 nllssms
876 2830 980 2885 antiqui

183 2862 255 2895 apud
282 2858 442 2894 Bolingkem
460 2859 488 2886 in
514 2859 653 2885 Parnasso
676 2857 867 2891 Mariano,uhi
887 2857 926 2885 sic
952 2866 980 2886 e-

183 2898 267 2932 gitur.

364 2943 426 2974 Ave,
440 2941 542 2976 Regina
561 2941 697 2968 caelorum.

360 2978 440 3005 Οιηηὶ
450 2977 530 3004 laude
551 2977 724 3011 dignissima;

335 3025 469 3056 Pnaou.
498 3024 557 3054 GR.
579 3023 641 3054 CV.

1039 2385 1191 2418 dormisse;
1208 2384 1236 2411 in
1262 2383 1380 2412 lamenta
1405 2389 1432 2412 ct
1461 2384 1541 2413 (lctus
1567 2386 1724 2421 erupisti,o
1748 2385 1827 2421 Virgt

1039 2437 1127 2459 mater
1141 2431 1302 2466 purissima.

1073 2478 1187 2505 Gladius
1201 2478 1379 2512 pertransivit
1403 2485 1451 2506 cor
1470 2482 1558 2511 tuum,
1575 2486 1591 2505 ο
1606 2476 1689 2513 Virgo
1704 2478 1739 2506 ab
1756 2480 1830 2506 omni

1035 2533 1149 2561 prorsus
1166 2524 1226 2551 labe
1253 2524 1384 2552 immunis
1397 2524 1468 2561 (28),
1485 2532 1548 2552 cum
1567 2524 1725 2553 Creatorem
1754 2526 1830 2552 cruci

1035 2569 1158 2604 aﬂixum,
1179 2573 1207 2597 ct
1229 2569 1355 2597 divinum
1380 2569 1441 2605 ejus
1466 2569 1539 2598 latus
1562 2569 1657 2598 lancea
1677 2569 1830 2605 perfossum

1034 2617 1138 2646 vidisti.
1496 2635 1505 2651 ι

1252 2688 1318 2724 Qua’
1340 2693 1465 2724 concepta
1478 2697 1504 2716 es
1527 2688 1651 2716 uitiorum

1206 2737 1208 2739 ι
1251 2722 1315 2751 Sine
1330 2724 1388 2752 lube
1405 2722 1562 2760 purissima.

1261 2769 1348 2806 §ulve.
1365 2770 1443 2806 Virgo
1458 2769 1616 2806 singularis.

1258 2805 1321 2832 Vere
1339 2814 1415 2833 sacra
1436 2805 1595 2845 margarita.
1602 2839 1608 2845 .

1249 2842 1337 2873 Salve,
1359 2843 1423 2876 quia
1439 2841 1519 2867 stella
1539 2841 1632 2873 maris,

1253 2877 1287 2904 Et
1302 2878 1358 2905 sine
1370 2877 1428 2903 labe
1436 2880 1572 2910 concepta.

1042 2937 1099 2965 Sed
1115 2942 1142 2965 et
1153 2937 1184 2964 S.
1200 2935 1348 2970 Gregorius
1365 2940 1447 2969 papa,
1463 2936 1498 2970 _ut
1519 2931 1614 2970 _rcfert
1630 2931 1672 2970 {0.
1683 2930 1783 2970 _Vitalis
1800 2933 1829 2960 in

1044 2973 1199 3009 [κίρκων-ἕο
1226 2968 1268 2999 ll.-
1295 2968 1412 3005 Virginis
1442 2968 1490 2997 lib.
1514 2968 1531 2996 ι
1551 2976 1612 3004 cap.
1633 2968 1661 3002 2,
1682 2968 1828 3004 Deiparaut

1599 3014 1638 3044 k2
