  <div class='ocr_page' id='page_1' title='image "/cluster/home/n/w/nwhite01/storage/ocr_20150623/105/njp.32101077772893/733.png"; bbox 0 0 2075 3154; ppageno 0'>
   <div class='ocr_carea' id='block_1_1' title="bbox 263 247 332 279">
    <p class='ocr_par' dir='ltr' id='par_1_1' title="bbox 263 247 332 279">
     <span class='ocr_line' id='line_1_1' title="bbox 263 247 332 279; baseline 0 -1"><span class='ocrx_word' id='word_1_1' title='bbox 263 247 332 279; x_wconf 73' lang='grc'><strong>1323</strong></span> 
     </span>
    </p>
   </div>
   <div class='ocr_carea' id='block_1_2' title="bbox 830 243 1338 274">
    <p class='ocr_par' dir='ltr' id='par_1_2' title="bbox 830 243 1338 274">
     <span class='ocr_line' id='line_1_2' title="bbox 830 243 1338 274; baseline 0.002 -1"><span class='ocrx_word' id='word_1_2' title='bbox 830 244 859 273; x_wconf 90' lang='lat' dir='ltr'><strong>S.</strong></span> <span class='ocrx_word' id='word_1_3' title='bbox 879 243 1034 274; x_wconf 73' lang='lat' dir='ltr'><strong>JOSEPIII</strong></span> <span class='ocrx_word' id='word_1_4' title='bbox 1060 243 1338 274; x_wconf 61' lang='lat' dir='ltr'><strong>HYMNOGRAPIII</strong></span> 
     </span>
    </p>
   </div>
   <div class='ocr_carea' id='block_1_3' title="bbox 1830 248 1895 281">
    <p class='ocr_par' dir='ltr' id='par_1_3' title="bbox 1830 248 1895 281">
     <span class='ocr_line' id='line_1_3' title="bbox 1830 248 1895 281; baseline -0.015 0"><span class='ocrx_word' id='word_1_5' title='bbox 1830 248 1895 281; x_wconf 76' lang='lat' dir='ltr'><strong>132i</strong></span> 
     </span>
    </p>
   </div>
   <div class='ocr_carea' id='block_1_4' title="bbox 296 299 1061 340">
    <p class='ocr_par' dir='ltr' id='par_1_4' title="bbox 296 299 1052 338">
     <span class='ocr_line' id='line_1_4' title="bbox 296 299 1052 338; baseline -0.008 -6"><span class='ocrx_word' id='word_1_6' title='bbox 296 305 361 332; x_wconf 80' lang='lat' dir='ltr'><strong>Post</strong></span> <span class='ocrx_word' id='word_1_7' title='bbox 387 307 492 338; x_wconf 85' lang='lat' dir='ltr'><strong>partum</strong></span> <span class='ocrx_word' id='word_1_8' title='bbox 511 301 598 337; x_wconf 75' lang='lat' dir='ltr'><strong>virgo,</strong></span> <span class='ocrx_word' id='word_1_9' title='bbox 615 301 704 336; x_wconf 79' lang='lat' dir='ltr'><strong>qualis</strong></span> <span class='ocrx_word' id='word_1_10' title='bbox 725 306 789 328; x_wconf 84' lang='lat' dir='ltr'><strong>ante</strong></span> <span class='ocrx_word' id='word_1_11' title='bbox 815 306 922 336; x_wconf 82' lang='lat' dir='ltr'><strong>partum</strong></span> <span class='ocrx_word' id='word_1_12' title='bbox 951 299 1052 333; x_wconf 82' lang='lat' dir='ltr'><strong>fueras,</strong></span> 
     </span>
    </p>
   </div>
   <div class='ocr_carea' id='block_1_5' title="bbox 1111 299 1896 340">
    <p class='ocr_par' dir='ltr' id='par_1_5' title="bbox 1138 301 1896 340">
     <span class='ocr_line' id='line_1_5' title="bbox 1138 301 1896 340; baseline 0.007 -13"><span class='ocrx_word' id='word_1_13' title='bbox 1138 301 1215 328; x_wconf 79' lang='grc' dir='ltr'>Μετὰ</span> <span class='ocrx_word' id='word_1_14' title='bbox 1232 301 1312 329; x_wconf 84' lang='grc' dir='ltr'>τόκον</span> <span class='ocrx_word' id='word_1_15' title='bbox 1323 322 1331 335; x_wconf 87' lang='grc'><em>,</em></span> <span class='ocrx_word' id='word_1_16' title='bbox 1348 301 1427 338; x_wconf 83' lang='grc' dir='ltr'>ἁγνὴ,</span> <span class='ocrx_word' id='word_1_17' title='bbox 1443 302 1481 334; x_wconf 83' lang='grc' dir='ltr'>ὼς</span> <span class='ocrx_word' id='word_1_18' title='bbox 1496 303 1549 338; x_wconf 76' lang='grc' dir='ltr'>πρὸ</span> <span class='ocrx_word' id='word_1_19' title='bbox 1564 302 1646 330; x_wconf 81' lang='grc' dir='ltr'>τόκου</span> <span class='ocrx_word' id='word_1_20' title='bbox 1659 303 1798 340; x_wconf 80' lang='grc' dir='ltr'><strong>διαμένεις</strong></span> <span class='ocrx_word' id='word_1_21' title='bbox 1808 313 1815 319; x_wconf 93' lang='grc'><strong>·</strong></span> <span class='ocrx_word' id='word_1_22' title='bbox 1831 306 1896 337; x_wconf 74' lang='grc' dir='ltr'>Θεὸς</span> 
     </span>
    </p>
   </div>
   <div class='ocr_carea' id='block_1_6' title="bbox 262 344 1053 384">
    <p class='ocr_par' dir='ltr' id='par_1_6' title="bbox 262 344 1053 384">
     <span class='ocr_line' id='line_1_6' title="bbox 262 344 1053 384; baseline -0.006 -8"><span class='ocrx_word' id='word_1_23' title='bbox 262 348 452 384; x_wconf 70' lang='grc' dir='ltr'>ρονδονογιιειὶ.</span> <span class='ocrx_word' id='word_1_24' title='bbox 467 347 538 375; x_wconf 85' lang='lat' dir='ltr'><strong>Deus</strong></span> <span class='ocrx_word' id='word_1_25' title='bbox 546 346 623 374; x_wconf 86' lang='lat' dir='ltr'><strong>enim</strong></span> <span class='ocrx_word' id='word_1_26' title='bbox 635 350 695 374; x_wconf 79' lang='lat' dir='ltr'><strong>erat</strong></span> <span class='ocrx_word' id='word_1_27' title='bbox 707 346 753 381; x_wconf 86' lang='lat' dir='ltr'><strong>qui</strong></span> <span class='ocrx_word' id='word_1_28' title='bbox 767 346 944 378; x_wconf 79' lang='lat' dir='ltr'><strong>nascebatur,</strong></span> <span class='ocrx_word' id='word_1_29' title='bbox 960 349 989 372; x_wconf 92' lang='lat' dir='ltr'><strong>ut</strong></span> <span class='ocrx_word' id='word_1_30' title='bbox 1004 344 1053 371; x_wconf 91' lang='lat' dir='ltr'><strong>ho-</strong></span> 
     </span>
    </p>
   </div>
   <div class='ocr_carea' id='block_1_7' title="bbox 261 392 561 421">
    <p class='ocr_par' dir='ltr' id='par_1_7' title="bbox 261 392 561 421">
     <span class='ocr_line' id='line_1_7' title="bbox 261 392 561 421; baseline -0.003 -1"><span class='ocrx_word' id='word_1_31' title='bbox 261 395 350 421; x_wconf 81' lang='lat' dir='ltr'><strong>mines</strong></span> <span class='ocrx_word' id='word_1_32' title='bbox 364 393 436 420; x_wconf 87' lang='lat' dir='ltr'><strong>Deos</strong></span> <span class='ocrx_word' id='word_1_33' title='bbox 449 392 561 420; x_wconf 67' lang='lat' dir='ltr'><strong>faceret.</strong></span> 
     </span>
    </p>
   </div>
   <div class='ocr_carea' id='block_1_8' title="bbox 297 437 1054 475">
    <p class='ocr_par' dir='ltr' id='par_1_8' title="bbox 297 437 1054 475">
     <span class='ocr_line' id='line_1_8' title="bbox 297 437 1054 475; baseline 0.001 -9"><span class='ocrx_word' id='word_1_34' title='bbox 297 439 406 466; x_wconf 83' lang='lat' dir='ltr'><strong>Gabriel</strong></span> <span class='ocrx_word' id='word_1_35' title='bbox 423 438 578 466; x_wconf 70' lang='lat' dir='ltr'><strong>divinarum</strong></span> <span class='ocrx_word' id='word_1_36' title='bbox 594 437 752 472; x_wconf 75' lang='lat' dir='ltr'><strong>nuptiarum</strong></span> <span class='ocrx_word' id='word_1_37' title='bbox 768 437 931 466; x_wconf 75' lang='lat' dir='ltr'><strong>conciliator</strong></span> <span class='ocrx_word' id='word_1_38' title='bbox 948 446 979 466; x_wconf 84' lang='lat' dir='ltr'><strong>ac</strong></span> <span class='ocrx_word' id='word_1_39' title='bbox 989 448 1054 475; x_wconf 71' lang='lat' dir='ltr'><strong>pro~</strong></span> 
     </span>
    </p>
   </div>
   <div class='ocr_carea' id='block_1_9' title="bbox 261 482 1053 518">
    <p class='ocr_par' dir='ltr' id='par_1_9' title="bbox 261 482 1053 518">
     <span class='ocr_line' id='line_1_9' title="bbox 261 482 1053 518; baseline 0.005 -8"><span class='ocrx_word' id='word_1_40' title='bbox 261 483 352 511; x_wconf 88' lang='lat' dir='ltr'><strong>nubus</strong></span> <span class='ocrx_word' id='word_1_41' title='bbox 365 483 398 510; x_wconf 84' lang='lat' dir='ltr'><strong>ad</strong></span> <span class='ocrx_word' id='word_1_42' title='bbox 428 487 455 510; x_wconf 88' lang='lat' dir='ltr'><strong>tc</strong></span> <span class='ocrx_word' id='word_1_43' title='bbox 482 484 596 516; x_wconf 87' lang='lat' dir='ltr'><strong>missus,</strong></span> <span class='ocrx_word' id='word_1_44' title='bbox 610 482 729 518; x_wconf 76' lang='lat' dir='ltr'><strong>oVirgo,</strong></span> <span class='ocrx_word' id='word_1_45' title='bbox 749 485 915 510; x_wconf 73' lang='lat' dir='ltr'><strong>exclamavit</strong></span> <span class='ocrx_word' id='word_1_46' title='bbox 938 485 1053 514; x_wconf 85' lang='lat' dir='ltr'><strong>dicens:</strong></span> 
     </span>
    </p>
   </div>
   <div class='ocr_carea' id='block_1_10' title="bbox 261 528 1056 562">
    <p class='ocr_par' dir='ltr' id='par_1_10' title="bbox 261 528 1056 562">
     <span class='ocr_line' id='line_1_10' title="bbox 261 528 1056 562; baseline 0.003 -7"><span class='ocrx_word' id='word_1_47' title='bbox 261 529 327 561; x_wconf 78' lang='lat' dir='ltr'><strong>Ave,</strong></span> <span class='ocrx_word' id='word_1_48' title='bbox 346 528 544 555; x_wconf 89' lang='lat' dir='ltr'><strong>lucidissimum</strong></span> <span class='ocrx_word' id='word_1_49' title='bbox 573 528 703 562; x_wconf 78' lang='lat' dir='ltr'><strong>palatium</strong></span> <span class='ocrx_word' id='word_1_50' title='bbox 731 528 832 555; x_wconf 75' lang='lat' dir='ltr'><strong>Christi</strong></span> <span class='ocrx_word' id='word_1_51' title='bbox 859 529 984 557; x_wconf 90' lang='lat' dir='ltr'><strong>omnium</strong></span> <span class='ocrx_word' id='word_1_52' title='bbox 1012 538 1056 558; x_wconf 89' lang='lat' dir='ltr'><strong>re-</strong></span> 
     </span>
    </p>
   </div>
   <div class='ocr_carea' id='block_1_11' title="bbox 261 573 1051 609">
    <p class='ocr_par' dir='ltr' id='par_1_11' title="bbox 261 573 1051 609">
     <span class='ocr_line' id='line_1_11' title="bbox 261 573 1051 609; baseline 0.003 -8"><span class='ocrx_word' id='word_1_53' title='bbox 261 574 313 609; x_wconf 79' lang='lat' dir='ltr'><strong>gis.</strong></span> <span class='ocrx_word' id='word_1_54' title='bbox 326 574 352 601; x_wconf 91' lang='lat' dir='ltr'><strong>in</strong></span> <span class='ocrx_word' id='word_1_55' title='bbox 370 581 425 609; x_wconf 89' lang='lat' dir='ltr'><strong>quo</strong></span> <span class='ocrx_word' id='word_1_56' title='bbox 440 580 502 601; x_wconf 87' lang='lat' dir='ltr'><strong>cum</strong></span> <span class='ocrx_word' id='word_1_57' title='bbox 518 573 693 606; x_wconf 76' lang='lat' dir='ltr'><strong>habitaverit,</strong></span> <span class='ocrx_word' id='word_1_58' title='bbox 707 580 803 601; x_wconf 89' lang='lat' dir='ltr'><strong>omnes</strong></span> <span class='ocrx_word' id='word_1_59' title='bbox 824 573 949 601; x_wconf 85' lang='lat' dir='ltr'><strong>homines</strong></span> <span class='ocrx_word' id='word_1_60' title='bbox 973 575 1051 603; x_wconf 78' lang='lat' dir='ltr'><strong>deiti-</strong></span> 
     </span>
    </p>
   </div>
   <div class='ocr_carea' id='block_1_12' title="bbox 262 619 346 647">
    <p class='ocr_par' dir='ltr' id='par_1_12' title="bbox 262 619 346 647">
     <span class='ocr_line' id='line_1_12' title="bbox 262 619 346 647; baseline 0.012 -1"><span class='ocrx_word' id='word_1_61' title='bbox 262 619 346 647; x_wconf 62' lang='lat' dir='ltr'><strong>nihil.</strong></span> 
     </span>
    </p>
   </div>
   <div class='ocr_carea' id='block_1_13' title="bbox 294 662 1056 700">
    <p class='ocr_par' dir='ltr' id='par_1_13' title="bbox 294 662 1056 700">
     <span class='ocr_line' id='line_1_13' title="bbox 294 662 1056 700; baseline 0.001 -8"><span class='ocrx_word' id='word_1_62' title='bbox 294 666 352 692; x_wconf 79' lang='lat' dir='ltr'><strong>Lux</strong></span> <span class='ocrx_word' id='word_1_63' title='bbox 372 664 450 692; x_wconf 90' lang='lat' dir='ltr'><strong>nobis</strong></span> <span class='ocrx_word' id='word_1_64' title='bbox 478 671 510 692; x_wconf 76' lang='lat' dir='ltr'><strong>ex</strong></span> <span class='ocrx_word' id='word_1_65' title='bbox 531 669 597 696; x_wconf 89' lang='lat' dir='ltr'><strong>te,o</strong></span> <span class='ocrx_word' id='word_1_66' title='bbox 614 662 707 699; x_wconf 78' lang='lat' dir='ltr'><strong>Virgo,</strong></span> <span class='ocrx_word' id='word_1_67' title='bbox 719 668 814 691; x_wconf 80' lang='lat' dir='ltr'><strong>exorta</strong></span> <span class='ocrx_word' id='word_1_68' title='bbox 842 669 885 692; x_wconf 84' lang='lat' dir='ltr'><strong>est</strong></span> <span class='ocrx_word' id='word_1_69' title='bbox 904 663 993 698; x_wconf 82' lang='lat' dir='ltr'><strong>Jesus,</strong></span> <span class='ocrx_word' id='word_1_70' title='bbox 1009 667 1056 700; x_wconf 89' lang='lat' dir='ltr'><strong>qui</strong></span> 
     </span>
    </p>
   </div>
   <div class='ocr_carea' id='block_1_14' title="bbox 261 708 1058 744">
    <p class='ocr_par' dir='ltr' id='par_1_14' title="bbox 261 708 1058 744">
     <span class='ocr_line' id='line_1_14' title="bbox 261 708 1058 744; baseline 0.001 -7"><span class='ocrx_word' id='word_1_71' title='bbox 261 709 409 737; x_wconf 75' lang='lat' dir='ltr'><strong>cruciﬁxus</strong></span> <span class='ocrx_word' id='word_1_72' title='bbox 439 713 580 736; x_wconf 73' lang='lat' dir='ltr'><strong>creattn&#39;as</strong></span> <span class='ocrx_word' id='word_1_73' title='bbox 605 716 670 736; x_wconf 88' lang='lat' dir='ltr'><strong>suas</strong></span> <span class='ocrx_word' id='word_1_74' title='bbox 695 708 774 736; x_wconf 81' lang='lat' dir='ltr'><strong>hilari</strong></span> <span class='ocrx_word' id='word_1_75' title='bbox 790 709 851 736; x_wconf 88' lang='lat' dir='ltr'><strong>luce</strong></span> <span class='ocrx_word' id='word_1_76' title='bbox 882 709 1012 744; x_wconf 78' lang='lat' dir='ltr'><strong>perfudit,</strong></span> <span class='ocrx_word' id='word_1_77' title='bbox 1026 719 1058 739; x_wconf 89' lang='lat' dir='ltr'><strong>ac</strong></span> 
     </span>
    </p>
   </div>
   <div class='ocr_carea' id='block_1_15' title="bbox 261 754 713 783">
    <p class='ocr_par' dir='ltr' id='par_1_15' title="bbox 261 754 713 783">
     <span class='ocr_line' id='line_1_15' title="bbox 261 754 713 783; baseline 0 -1"><span class='ocrx_word' id='word_1_78' title='bbox 261 760 393 783; x_wconf 83' lang='lat' dir='ltr'><strong>tartareas</strong></span> <span class='ocrx_word' id='word_1_79' title='bbox 413 755 539 782; x_wconf 82' lang='lat' dir='ltr'><strong>tenebras</strong></span> <span class='ocrx_word' id='word_1_80' title='bbox 552 754 713 782; x_wconf 76' lang='lat' dir='ltr'><strong>elitninavit.</strong></span> 
     </span>
    </p>
   </div>
   <div class='ocr_carea' id='block_1_16' title="bbox 349 818 979 854">
    <p class='ocr_par' dir='ltr' id='par_1_16' title="bbox 349 818 979 854">
     <span class='ocr_line' id='line_1_16' title="bbox 349 818 979 854; baseline 0.002 -9"><span class='ocrx_word' id='word_1_81' title='bbox 349 819 432 854; x_wconf 74' lang='lat'><strong>280</strong></span> <span class='ocrx_word' id='word_1_82' title='bbox 447 818 487 846; x_wconf 76' lang='lat' dir='ltr'><strong>Ex</strong></span> <span class='ocrx_word' id='word_1_83' title='bbox 501 818 606 846; x_wconf 76' lang='lat' dir='ltr'><strong>Conone</strong></span> <span class='ocrx_word' id='word_1_84' title='bbox 617 818 740 852; x_wconf 78' lang='lat' dir='ltr'><strong>Sabbuli,</strong></span> <span class='ocrx_word' id='word_1_85' title='bbox 755 819 790 846; x_wconf 80' lang='lat' dir='ltr'><strong>ad</strong></span> <span class='ocrx_word' id='word_1_86' title='bbox 803 819 979 846; x_wconf 80' lang='lat' dir='ltr'><strong>Matutinum.</strong></span> 
     </span>
    </p>
   </div>
   <div class='ocr_carea' id='block_1_17' title="bbox 298 882 1056 917">
    <p class='ocr_par' dir='ltr' id='par_1_17' title="bbox 298 882 1056 917">
     <span class='ocr_line' id='line_1_17' title="bbox 298 882 1056 917; baseline 0 -8"><span class='ocrx_word' id='word_1_87' title='bbox 298 883 337 909; x_wconf 84' lang='lat' dir='ltr'><strong>Ad</strong></span> <span class='ocrx_word' id='word_1_88' title='bbox 358 887 394 915; x_wconf 85' lang='lat' dir='ltr'><strong>te,</strong></span> <span class='ocrx_word' id='word_1_89' title='bbox 417 890 433 909; x_wconf 92' lang='grc' dir='ltr'><strong>ο</strong></span> <span class='ocrx_word' id='word_1_90' title='bbox 458 882 590 909; x_wconf 87' lang='lat' dir='ltr'><strong>ontnibus</strong></span> <span class='ocrx_word' id='word_1_91' title='bbox 615 882 696 917; x_wconf 84' lang='lat' dir='ltr'><strong>digna</strong></span> <span class='ocrx_word' id='word_1_92' title='bbox 724 882 862 914; x_wconf 86' lang='lat' dir='ltr'><strong>laudibus,</strong></span> <span class='ocrx_word' id='word_1_93' title='bbox 884 883 1056 909; x_wconf 87' lang='lat' dir='ltr'><strong>clamamus:</strong></span> 
     </span>
    </p>
   </div>
   <div class='ocr_carea' id='block_1_18' title="bbox 262 927 1057 963">
    <p class='ocr_par' dir='ltr' id='par_1_18' title="bbox 262 927 1057 963">
     <span class='ocr_line' id='line_1_18' title="bbox 262 927 1057 963; baseline -0.003 -7"><span class='ocrx_word' id='word_1_94' title='bbox 262 929 366 960; x_wconf 77' lang='lat' dir='ltr'><strong>Gaude,</strong></span> <span class='ocrx_word' id='word_1_95' title='bbox 390 936 452 962; x_wconf 61' lang='lat' dir='ltr'><strong>qua</strong></span> <span class='ocrx_word' id='word_1_96' title='bbox 478 928 607 963; x_wconf 72' lang='lat' dir='ltr'><strong>gaudium</strong></span> <span class='ocrx_word' id='word_1_97' title='bbox 647 928 735 962; x_wconf 90' lang='lat' dir='ltr'><strong>ipsum</strong></span> <span class='ocrx_word' id='word_1_98' title='bbox 767 927 907 962; x_wconf 75' lang='lat' dir='ltr'><strong>peperisti.</strong></span> <span class='ocrx_word' id='word_1_99' title='bbox 934 928 1057 954; x_wconf 91' lang='lat' dir='ltr'><strong>Illnmina</strong></span> 
     </span>
    </p>
   </div>
   <div class='ocr_carea' id='block_1_19' title="bbox 261 974 1096 1013">
    <p class='ocr_par' dir='ltr' id='par_1_19' title="bbox 261 974 1096 1013">
     <span class='ocr_line' id='line_1_19' title="bbox 261 974 1096 1013; baseline -0.002 -12"><span class='ocrx_word' id='word_1_100' title='bbox 261 978 380 1001; x_wconf 77' lang='lat' dir='ltr'><strong>utentem</strong></span> <span class='ocrx_word' id='word_1_101' title='bbox 394 978 475 1007; x_wconf 85' lang='lat' dir='ltr'><strong>atque</strong></span> <span class='ocrx_word' id='word_1_102' title='bbox 488 974 606 1001; x_wconf 86' lang='lat' dir='ltr'><strong>animant</strong></span> <span class='ocrx_word' id='word_1_103' title='bbox 619 977 751 1005; x_wconf 88' lang='lat' dir='ltr'><strong>nostram,</strong></span> <span class='ocrx_word' id='word_1_104' title='bbox 766 978 846 1008; x_wconf 84' lang='lat' dir='ltr'><strong>atque</strong></span> <span class='ocrx_word' id='word_1_105' title='bbox 857 981 952 1000; x_wconf 85' lang='lat' dir='ltr'><strong>OlllnCS</strong></span> <span class='ocrx_word' id='word_1_106' title='bbox 961 981 1058 1000; x_wconf 84' lang='lat' dir='ltr'><strong>tnanu-</strong></span> <span class='ocrx_word' id='word_1_107' title='bbox 1073 983 1096 1013; x_wconf 82' lang='grc' dir='ltr'><strong><em>Β</em></strong></span> 
     </span>
    </p>
   </div>
   <div class='ocr_carea' id='block_1_20' title="bbox 262 1017 1055 1054">
    <p class='ocr_par' dir='ltr' id='par_1_20' title="bbox 262 1017 1055 1054">
     <span class='ocr_line' id='line_1_20' title="bbox 262 1017 1055 1054; baseline -0.004 -6"><span class='ocrx_word' id='word_1_108' title='bbox 262 1021 314 1048; x_wconf 85' lang='lat' dir='ltr'><strong>duc</strong></span> <span class='ocrx_word' id='word_1_109' title='bbox 345 1019 378 1047; x_wconf 86' lang='lat' dir='ltr'><strong>ad</strong></span> <span class='ocrx_word' id='word_1_110' title='bbox 406 1020 517 1047; x_wconf 78' lang='lat' dir='ltr'><strong>semitas</strong></span> <span class='ocrx_word' id='word_1_111' title='bbox 533 1019 674 1046; x_wconf 66' lang='lat' dir='ltr'><strong>scientiae:</strong></span> <span class='ocrx_word' id='word_1_112' title='bbox 693 1024 720 1046; x_wconf 87' lang='lat' dir='ltr'><strong>et</strong></span> <span class='ocrx_word' id='word_1_113' title='bbox 738 1026 849 1054; x_wconf 82' lang='lat' dir='ltr'><strong>precare</strong></span> <span class='ocrx_word' id='word_1_114' title='bbox 864 1017 963 1046; x_wconf 77' lang='lat' dir='ltr'><strong>Filium</strong></span> <span class='ocrx_word' id='word_1_115' title='bbox 979 1024 1055 1046; x_wconf 92' lang='lat' dir='ltr'><strong>tuum</strong></span> 
     </span>
    </p>
   </div>
   <div class='ocr_carea' id='block_1_21' title="bbox 261 1064 1057 1098">
    <p class='ocr_par' dir='ltr' id='par_1_21' title="bbox 261 1064 1057 1098">
     <span class='ocr_line' id='line_1_21' title="bbox 261 1064 1057 1098; baseline -0.001 -5"><span class='ocrx_word' id='word_1_116' title='bbox 261 1073 294 1094; x_wconf 91' lang='lat' dir='ltr'><strong>ac</strong></span> <span class='ocrx_word' id='word_1_117' title='bbox 324 1065 421 1098; x_wconf 88' lang='lat' dir='ltr'><strong>Deum,</strong></span> <span class='ocrx_word' id='word_1_118' title='bbox 441 1072 459 1093; x_wconf 88' lang='grc' dir='ltr'><strong>ο</strong></span> <span class='ocrx_word' id='word_1_119' title='bbox 491 1065 605 1092; x_wconf 86' lang='lat' dir='ltr'><strong>Domina</strong></span> <span class='ocrx_word' id='word_1_120' title='bbox 636 1065 750 1098; x_wconf 83' lang='lat' dir='ltr'><strong>illibata,</strong></span> <span class='ocrx_word' id='word_1_121' title='bbox 763 1070 793 1092; x_wconf 87' lang='lat' dir='ltr'><strong>ut</strong></span> <span class='ocrx_word' id='word_1_122' title='bbox 821 1064 899 1092; x_wconf 90' lang='lat' dir='ltr'><strong>nobis</strong></span> <span class='ocrx_word' id='word_1_123' title='bbox 929 1065 1057 1092; x_wconf 83' lang='lat' dir='ltr'><strong>omnibus</strong></span> 
     </span>
    </p>
   </div>
   <div class='ocr_carea' id='block_1_22' title="bbox 261 1111 817 1147">
    <p class='ocr_par' dir='ltr' id='par_1_22' title="bbox 261 1111 817 1147">
     <span class='ocr_line' id='line_1_22' title="bbox 261 1111 817 1147; baseline -0.002 -7"><span class='ocrx_word' id='word_1_124' title='bbox 261 1112 395 1140; x_wconf 80' lang='lat' dir='ltr'><strong>concedat</strong></span> <span class='ocrx_word' id='word_1_125' title='bbox 409 1111 604 1147; x_wconf 78' lang='lat' dir='ltr'><strong>indulgentiam</strong></span> <span class='ocrx_word' id='word_1_126' title='bbox 630 1115 817 1146; x_wconf 81' lang='lat' dir='ltr'><strong>peccatorum.</strong></span> 
     </span>
    </p>
   </div>
   <div class='ocr_carea' id='block_1_23' title="bbox 298 1156 1055 1190">
    <p class='ocr_par' dir='ltr' id='par_1_23' title="bbox 298 1156 1055 1190">
     <span class='ocr_line' id='line_1_23' title="bbox 298 1156 1055 1190; baseline -0.003 -5"><span class='ocrx_word' id='word_1_127' title='bbox 298 1156 334 1186; x_wconf 84' lang='lat' dir='ltr'><strong>Ut</strong></span> <span class='ocrx_word' id='word_1_128' title='bbox 350 1161 387 1190; x_wconf 80' lang='lat' dir='ltr'><strong>te,</strong></span> <span class='ocrx_word' id='word_1_129' title='bbox 406 1166 422 1185; x_wconf 88' lang='grc' dir='ltr'><strong>ο</strong></span> <span class='ocrx_word' id='word_1_130' title='bbox 441 1157 582 1185; x_wconf 83' lang='lat' dir='ltr'><strong>benedicta</strong></span> <span class='ocrx_word' id='word_1_131' title='bbox 597 1158 668 1185; x_wconf 79' lang='lat' dir='ltr'><strong>inter</strong></span> <span class='ocrx_word' id='word_1_132' title='bbox 681 1157 820 1190; x_wconf 84' lang='lat' dir='ltr'><strong>mulieres,</strong></span> <span class='ocrx_word' id='word_1_133' title='bbox 830 1156 896 1185; x_wconf 84' lang='lat' dir='ltr'><strong>vidit</strong></span> <span class='ocrx_word' id='word_1_134' title='bbox 911 1156 1055 1184; x_wconf 79' lang='lat' dir='ltr'><strong>mulierum</strong></span> 
     </span>
    </p>
   </div>
   <div class='ocr_carea' id='block_1_24' title="bbox 263 1201 1058 1238">
    <p class='ocr_par' dir='ltr' id='par_1_24' title="bbox 263 1201 1058 1238">
     <span class='ocr_line' id='line_1_24' title="bbox 263 1201 1058 1238; baseline -0.004 -6"><span class='ocrx_word' id='word_1_135' title='bbox 263 1210 361 1237; x_wconf 69' lang='lat' dir='ltr'><strong>conus,</strong></span> <span class='ocrx_word' id='word_1_136' title='bbox 377 1204 501 1232; x_wconf 80' lang='lat' dir='ltr'><strong>certatim</strong></span> <span class='ocrx_word' id='word_1_137' title='bbox 520 1203 588 1231; x_wconf 85' lang='lat' dir='ltr'><strong>Filio</strong></span> <span class='ocrx_word' id='word_1_138' title='bbox 605 1208 651 1231; x_wconf 89' lang='lat' dir='ltr'><strong>tuo</strong></span> <span class='ocrx_word' id='word_1_139' title='bbox 673 1211 733 1232; x_wconf 84' lang='lat' dir='ltr'><strong>sese</strong></span> <span class='ocrx_word' id='word_1_140' title='bbox 747 1203 855 1235; x_wconf 80' lang='lat' dir='ltr'><strong>obtulit.</strong></span> <span class='ocrx_word' id='word_1_141' title='bbox 873 1210 889 1230; x_wconf 92' lang='grc' dir='ltr'><strong>ο</strong></span> <span class='ocrx_word' id='word_1_142' title='bbox 904 1202 986 1238; x_wconf 73' lang='lat' dir='ltr'><strong>Virgo</strong></span> <span class='ocrx_word' id='word_1_143' title='bbox 1002 1201 1058 1229; x_wconf 75' lang='lat' dir='ltr'><strong>Ma-</strong></span> 
     </span>
    </p>
   </div>
   <div class='ocr_carea' id='block_1_25' title="bbox 262 1254 317 1278">
    <p class='ocr_par' dir='ltr' id='par_1_25' title="bbox 262 1254 317 1278">
     <span class='ocr_line' id='line_1_25' title="bbox 262 1254 317 1278; baseline 0 -1"><span class='ocrx_word' id='word_1_144' title='bbox 262 1254 317 1278; x_wconf 87' lang='lat' dir='ltr'><strong>ter.</strong></span> 
     </span>
    </p>
   </div>
   <div class='ocr_carea' id='block_1_26' title="bbox 298 1294 1058 1331">
    <p class='ocr_par' dir='ltr' id='par_1_26' title="bbox 298 1294 1058 1331">
     <span class='ocr_line' id='line_1_26' title="bbox 298 1294 1058 1331; baseline 0.007 -9"><span class='ocrx_word' id='word_1_145' title='bbox 298 1295 346 1322; x_wconf 81' lang='lat' dir='ltr'><strong>ille</strong></span> <span class='ocrx_word' id='word_1_146' title='bbox 363 1294 411 1331; x_wconf 90' lang='lat' dir='ltr'><strong>qui</strong></span> <span class='ocrx_word' id='word_1_147' title='bbox 430 1299 490 1322; x_wconf 89' lang='lat' dir='ltr'><strong>erat</strong></span> <span class='ocrx_word' id='word_1_148' title='bbox 508 1299 640 1327; x_wconf 65' lang='lat' dir='ltr'><strong>aeternus,</strong></span> <span class='ocrx_word' id='word_1_149' title='bbox 654 1302 730 1322; x_wconf 88' lang='lat' dir='ltr'><strong>nunc</strong></span> <span class='ocrx_word' id='word_1_150' title='bbox 745 1303 779 1322; x_wconf 80' lang='lat' dir='ltr'><strong>ex</strong></span> <span class='ocrx_word' id='word_1_151' title='bbox 807 1300 832 1323; x_wconf 87' lang='lat' dir='ltr'><strong>te</strong></span> <span class='ocrx_word' id='word_1_152' title='bbox 847 1295 936 1325; x_wconf 68' lang='lat' dir='ltr'><strong>factus</strong></span> <span class='ocrx_word' id='word_1_153' title='bbox 951 1303 993 1326; x_wconf 86' lang='lat' dir='ltr'><strong>est</strong></span> <span class='ocrx_word' id='word_1_154' title='bbox 1007 1299 1058 1326; x_wconf 91' lang='lat' dir='ltr'><strong>sub</strong></span> 
     </span>
    </p>
   </div>
   <div class='ocr_carea' id='block_1_27' title="bbox 263 1341 1058 1379">
    <p class='ocr_par' dir='ltr' id='par_1_27' title="bbox 263 1341 1058 1379">
     <span class='ocr_line' id='line_1_27' title="bbox 263 1341 1058 1379; baseline 0.005 -10"><span class='ocrx_word' id='word_1_155' title='bbox 263 1345 403 1376; x_wconf 76' lang='lat' dir='ltr'><strong>tempore:</strong></span> <span class='ocrx_word' id='word_1_156' title='bbox 418 1341 544 1368; x_wconf 87' lang='lat' dir='ltr'><strong>eumdem</strong></span> <span class='ocrx_word' id='word_1_157' title='bbox 558 1349 631 1368; x_wconf 81' lang='lat' dir='ltr'><strong>nunc</strong></span> <span class='ocrx_word' id='word_1_158' title='bbox 641 1349 736 1375; x_wconf 79' lang='lat' dir='ltr'><strong>exora,</strong></span> <span class='ocrx_word' id='word_1_159' title='bbox 754 1349 770 1368; x_wconf 92' lang='grc' dir='ltr'><strong>ο</strong></span> <span class='ocrx_word' id='word_1_160' title='bbox 792 1341 885 1378; x_wconf 72' lang='lat' dir='ltr'><strong>Virgo,</strong></span> <span class='ocrx_word' id='word_1_161' title='bbox 905 1350 934 1371; x_wconf 88' lang='lat' dir='ltr'><strong>ut</strong></span> <span class='ocrx_word' id='word_1_162' title='bbox 947 1351 1058 1379; x_wconf 77' lang='lat' dir='ltr'><strong>peccata</strong></span> 
     </span>
    </p>
   </div>
   <div class='ocr_carea' id='block_1_28' title="bbox 264 1387 1058 1426">
    <p class='ocr_par' dir='ltr' id='par_1_28' title="bbox 264 1387 1058 1426">
     <span class='ocr_line' id='line_1_28' title="bbox 264 1387 1058 1426; baseline 0.006 -12"><span class='ocrx_word' id='word_1_163' title='bbox 264 1387 356 1415; x_wconf 85' lang='lat' dir='ltr'><strong>omnia</strong></span> <span class='ocrx_word' id='word_1_164' title='bbox 385 1387 484 1414; x_wconf 64' lang='lat' dir='ltr'><strong>animae</strong></span> <span class='ocrx_word' id='word_1_165' title='bbox 508 1394 575 1415; x_wconf 71' lang='lat' dir='ltr'><strong>mea:</strong></span> <span class='ocrx_word' id='word_1_166' title='bbox 593 1395 626 1414; x_wconf 80' lang='lat' dir='ltr'><strong>ex</strong></span> <span class='ocrx_word' id='word_1_167' title='bbox 643 1387 723 1423; x_wconf 78' lang='lat' dir='ltr'><strong>longo</strong></span> <span class='ocrx_word' id='word_1_168' title='bbox 752 1392 873 1423; x_wconf 82' lang='lat' dir='ltr'><strong>tempore</strong></span> <span class='ocrx_word' id='word_1_169' title='bbox 903 1396 1058 1426; x_wconf 82' lang='lat' dir='ltr'><strong>perpetrata</strong></span> 
     </span>
    </p>
   </div>
   <div class='ocr_carea' id='block_1_29' title="bbox 264 1435 386 1462">
    <p class='ocr_par' dir='ltr' id='par_1_29' title="bbox 264 1435 386 1462">
     <span class='ocr_line' id='line_1_29' title="bbox 264 1435 386 1462; baseline -0.008 0"><span class='ocrx_word' id='word_1_170' title='bbox 264 1435 386 1462; x_wconf 82' lang='lat' dir='ltr'><strong>aboleat.</strong></span> 
     </span>
    </p>
   </div>
   <div class='ocr_carea' id='block_1_30' title="bbox 301 1479 1059 1518">
    <p class='ocr_par' dir='ltr' id='par_1_30' title="bbox 301 1479 1059 1518">
     <span class='ocr_line' id='line_1_30' title="bbox 301 1479 1059 1518; baseline 0.004 -11"><span class='ocrx_word' id='word_1_171' title='bbox 301 1480 340 1508; x_wconf 86' lang='lat' dir='ltr'><strong>Te</strong></span> <span class='ocrx_word' id='word_1_172' title='bbox 372 1479 540 1513; x_wconf 78' lang='lat' dir='ltr'><strong>Laudamus,</strong></span> <span class='ocrx_word' id='word_1_173' title='bbox 565 1488 581 1508; x_wconf 94' lang='grc' dir='ltr'><strong>ο</strong></span> <span class='ocrx_word' id='word_1_174' title='bbox 611 1479 706 1516; x_wconf 75' lang='lat' dir='ltr'><strong>Virgo,</strong></span> <span class='ocrx_word' id='word_1_175' title='bbox 732 1489 781 1516; x_wconf 84' lang='lat' dir='ltr'><strong>per</strong></span> <span class='ocrx_word' id='word_1_176' title='bbox 813 1489 896 1517; x_wconf 82' lang='lat' dir='ltr'><strong>quam</strong></span> <span class='ocrx_word' id='word_1_177' title='bbox 932 1483 1059 1518; x_wconf 80' lang='lat' dir='ltr'><strong>apparuit</strong></span> 
     </span>
    </p>
   </div>
   <div class='ocr_carea' id='block_1_31' title="bbox 265 1527 1059 1558">
    <p class='ocr_par' dir='ltr' id='par_1_31' title="bbox 265 1527 1059 1558">
     <span class='ocr_line' id='line_1_31' title="bbox 265 1527 1059 1558; baseline 0.004 -3"><span class='ocrx_word' id='word_1_178' title='bbox 265 1527 340 1557; x_wconf 82' lang='lat' dir='ltr'><strong>Deus</strong></span> <span class='ocrx_word' id='word_1_179' title='bbox 352 1527 437 1556; x_wconf 81' lang='lat' dir='ltr'><strong>factus</strong></span> <span class='ocrx_word' id='word_1_180' title='bbox 456 1527 538 1555; x_wconf 88' lang='lat' dir='ltr'><strong>homo</strong></span> <span class='ocrx_word' id='word_1_181' title='bbox 552 1528 578 1555; x_wconf 90' lang='lat' dir='ltr'><strong>in</strong></span> <span class='ocrx_word' id='word_1_182' title='bbox 593 1533 675 1556; x_wconf 87' lang='lat' dir='ltr'><strong>terra.</strong></span> <span class='ocrx_word' id='word_1_183' title='bbox 690 1528 770 1556; x_wconf 82' lang='lat' dir='ltr'><strong>Salve</strong></span> <span class='ocrx_word' id='word_1_184' title='bbox 791 1533 865 1556; x_wconf 81' lang='lat' dir='ltr'><strong>terra</strong></span> <span class='ocrx_word' id='word_1_185' title='bbox 895 1529 1059 1558; x_wconf 49' lang='lat' dir='ltr'><strong>fecundissi-</strong></span> 
     </span>
    </p>
   </div>
   <div class='ocr_carea' id='block_1_32' title="bbox 266 1574 1059 1611">
    <p class='ocr_par' dir='ltr' id='par_1_32' title="bbox 266 1574 1059 1611">
     <span class='ocr_line' id='line_1_32' title="bbox 266 1574 1059 1611; baseline 0.005 -11"><span class='ocrx_word' id='word_1_186' title='bbox 266 1581 323 1606; x_wconf 87' lang='lat' dir='ltr'><strong>ma,</strong></span> <span class='ocrx_word' id='word_1_187' title='bbox 341 1581 402 1609; x_wconf 71' lang='lat' dir='ltr'><strong>qua:</strong></span> <span class='ocrx_word' id='word_1_188' title='bbox 417 1574 561 1609; x_wconf 82' lang='lat' dir='ltr'><strong>mysticam</strong></span> <span class='ocrx_word' id='word_1_189' title='bbox 585 1575 689 1609; x_wconf 81' lang='lat' dir='ltr'><strong>spicam</strong></span> <span class='ocrx_word' id='word_1_190' title='bbox 707 1574 877 1603; x_wconf 76' lang='lat' dir='ltr'><strong>iructiticasti</strong></span> <span class='ocrx_word' id='word_1_191' title='bbox 894 1583 990 1604; x_wconf 91' lang='lat' dir='ltr'><strong>omnes</strong></span> <span class='ocrx_word' id='word_1_192' title='bbox 1003 1576 1059 1611; x_wconf 89' lang='lat' dir='ltr'><strong>spi-</strong></span> 
     </span>
    </p>
   </div>
   <div class='ocr_carea' id='block_1_33' title="bbox 266 1619 526 1647">
    <p class='ocr_par' dir='ltr' id='par_1_33' title="bbox 266 1619 526 1647">
     <span class='ocr_line' id='line_1_33' title="bbox 266 1619 526 1647; baseline 0 -1"><span class='ocrx_word' id='word_1_193' title='bbox 266 1620 338 1647; x_wconf 84' lang='lat' dir='ltr'><strong>ritus</strong></span> <span class='ocrx_word' id='word_1_194' title='bbox 350 1619 526 1646; x_wconf 76' lang='lat' dir='ltr'><strong>nutrientcm.</strong></span> 
     </span>
    </p>
   </div>
   <div class='ocr_carea' id='block_1_34' title="bbox 303 1657 1096 1702">
    <p class='ocr_par' dir='ltr' id='par_1_34' title="bbox 303 1657 1096 1702">
     <span class='ocr_line' id='line_1_34' title="bbox 303 1657 1096 1702; baseline 0.006 -10"><span class='ocrx_word' id='word_1_195' title='bbox 303 1664 357 1697; x_wconf 87' lang='lat' dir='ltr'><strong>Tu,</strong></span> <span class='ocrx_word' id='word_1_196' title='bbox 374 1665 497 1696; x_wconf 87' lang='lat' dir='ltr'><strong>Domine,</strong></span> <span class='ocrx_word' id='word_1_197' title='bbox 513 1665 560 1700; x_wconf 91' lang='lat' dir='ltr'><strong>qui</strong></span> <span class='ocrx_word' id='word_1_198' title='bbox 589 1673 603 1692; x_wconf 91' lang='lat' dir='ltr'><strong>a</strong></span> <span class='ocrx_word' id='word_1_199' title='bbox 636 1666 770 1700; x_wconf 76' lang='lat' dir='ltr'><strong>principio</strong></span> <span class='ocrx_word' id='word_1_200' title='bbox 800 1666 882 1695; x_wconf 84' lang='lat' dir='ltr'><strong>Evam</strong></span> <span class='ocrx_word' id='word_1_201' title='bbox 912 1667 1056 1702; x_wconf 79' lang='lat' dir='ltr'><strong>formasti;</strong></span> <span class='ocrx_word' id='word_1_202' title='bbox 1074 1657 1096 1685; x_wconf 70' lang='grc' dir='ltr'><strong>θ</strong></span> 
     </span>
    </p>
   </div>
   <div class='ocr_carea' id='block_1_35' title="bbox 267 1711 1059 1748">
    <p class='ocr_par' dir='ltr' id='par_1_35' title="bbox 267 1711 1059 1748">
     <span class='ocr_line' id='line_1_35' title="bbox 267 1711 1059 1748; baseline 0.005 -10"><span class='ocrx_word' id='word_1_203' title='bbox 267 1711 389 1746; x_wconf 76' lang='lat' dir='ltr'><strong>Virginis</strong></span> <span class='ocrx_word' id='word_1_204' title='bbox 413 1715 520 1738; x_wconf 87' lang='lat' dir='ltr'><strong>uterum</strong></span> <span class='ocrx_word' id='word_1_205' title='bbox 543 1711 695 1745; x_wconf 77' lang='lat' dir='ltr'><strong>ingressus,</strong></span> <span class='ocrx_word' id='word_1_206' title='bbox 711 1719 799 1740; x_wconf 87' lang='lat' dir='ltr'><strong>meam</strong></span> <span class='ocrx_word' id='word_1_207' title='bbox 826 1715 948 1748; x_wconf 88' lang='lat' dir='ltr'><strong>operaris</strong></span> <span class='ocrx_word' id='word_1_208' title='bbox 974 1713 1059 1742; x_wconf 73' lang='lat' dir='ltr'><strong>refor-</strong></span> 
     </span>
    </p>
   </div>
   <div class='ocr_carea' id='block_1_36' title="bbox 268 1756 1059 1791">
    <p class='ocr_par' dir='ltr' id='par_1_36' title="bbox 268 1756 1059 1791">
     <span class='ocr_line' id='line_1_36' title="bbox 268 1756 1059 1791; baseline 0.004 -7"><span class='ocrx_word' id='word_1_209' title='bbox 268 1757 430 1790; x_wconf 85' lang='lat' dir='ltr'><strong>mationem,</strong></span> <span class='ocrx_word' id='word_1_210' title='bbox 452 1756 541 1784; x_wconf 75' lang='lat' dir='ltr'><strong>forma</strong></span> <span class='ocrx_word' id='word_1_211' title='bbox 556 1757 628 1784; x_wconf 84' lang='lat' dir='ltr'><strong>servi</strong></span> <span class='ocrx_word' id='word_1_212' title='bbox 654 1758 777 1791; x_wconf 88' lang='lat' dir='ltr'><strong>indutus,</strong></span> <span class='ocrx_word' id='word_1_213' title='bbox 790 1766 852 1786; x_wconf 88' lang='lat' dir='ltr'><strong>cum</strong></span> <span class='ocrx_word' id='word_1_214' title='bbox 874 1759 913 1787; x_wconf 86' lang='lat' dir='ltr'><strong>sis</strong></span> <span class='ocrx_word' id='word_1_215' title='bbox 929 1760 1059 1788; x_wconf 87' lang='lat' dir='ltr'><strong>Dominus</strong></span> 
     </span>
    </p>
   </div>
   <div class='ocr_carea' id='block_1_37' title="bbox 269 1803 403 1831">
    <p class='ocr_par' dir='ltr' id='par_1_37' title="bbox 269 1803 403 1831">
     <span class='ocr_line' id='line_1_37' title="bbox 269 1803 403 1831; baseline -0.007 0"><span class='ocrx_word' id='word_1_216' title='bbox 269 1803 403 1831; x_wconf 75' lang='lat' dir='ltr'><strong>omnium.</strong></span> 
     </span>
    </p>
   </div>
   <div class='ocr_carea' id='block_1_38' title="bbox 305 1848 1057 1888">
    <p class='ocr_par' dir='ltr' id='par_1_38' title="bbox 305 1848 1057 1888">
     <span class='ocr_line' id='line_1_38' title="bbox 305 1848 1057 1888; baseline 0.004 -12"><span class='ocrx_word' id='word_1_217' title='bbox 305 1848 357 1883; x_wconf 87' lang='lat' dir='ltr'><strong>Qui</strong></span> <span class='ocrx_word' id='word_1_218' title='bbox 371 1853 397 1877; x_wconf 88' lang='lat' dir='ltr'><strong>te</strong></span> <span class='ocrx_word' id='word_1_219' title='bbox 405 1848 556 1877; x_wconf 57' lang='lat' dir='ltr'><strong>orthodoxe</strong></span> <span class='ocrx_word' id='word_1_220' title='bbox 567 1848 710 1885; x_wconf 87' lang='lat' dir='ltr'><strong>Deiparam</strong></span> <span class='ocrx_word' id='word_1_221' title='bbox 720 1858 780 1879; x_wconf 89' lang='lat' dir='ltr'><strong>esse</strong></span> <span class='ocrx_word' id='word_1_222' title='bbox 791 1851 935 1884; x_wconf 83' lang='lat' dir='ltr'><strong>sentimus,</strong></span> <span class='ocrx_word' id='word_1_223' title='bbox 944 1852 977 1880; x_wconf 90' lang='lat' dir='ltr'><strong>ab</strong></span> <span class='ocrx_word' id='word_1_224' title='bbox 986 1852 1057 1888; x_wconf 72' lang='lat' dir='ltr'><strong>igne,</strong></span> 
     </span>
    </p>
   </div>
   <div class='ocr_carea' id='block_1_39' title="bbox 269 1895 1058 1931">
    <p class='ocr_par' dir='ltr' id='par_1_39' title="bbox 269 1895 1058 1931">
     <span class='ocr_line' id='line_1_39' title="bbox 269 1895 1058 1931; baseline 0.003 -8"><span class='ocrx_word' id='word_1_225' title='bbox 269 1896 448 1930; x_wconf 71' lang='lat' dir='ltr'><strong>tenebrisque</strong></span> <span class='ocrx_word' id='word_1_226' title='bbox 470 1895 582 1923; x_wconf 82' lang='lat' dir='ltr'><strong>aeternis</strong></span> <span class='ocrx_word' id='word_1_227' title='bbox 597 1895 796 1924; x_wconf 77' lang='lat' dir='ltr'><strong>interceSsione</strong></span> <span class='ocrx_word' id='word_1_228' title='bbox 823 1901 870 1925; x_wconf 89' lang='lat' dir='ltr'><strong>tua</strong></span> <span class='ocrx_word' id='word_1_229' title='bbox 899 1898 1058 1931; x_wconf 85' lang='lat' dir='ltr'><strong>liberemur,</strong></span> 
     </span>
    </p>
   </div>
   <div class='ocr_carea' id='block_1_40' title="bbox 263 1940 1058 1979">
    <p class='ocr_par' dir='ltr' id='par_1_40' title="bbox 263 1940 1058 1979">
     <span class='ocr_line' id='line_1_40' title="bbox 263 1940 1058 1979; baseline 0.008 -14"><span class='ocrx_word' id='word_1_230' title='bbox 263 1944 298 1968; x_wconf 75' lang='grc' dir='ltr'><strong>,ει</strong></span> <span class='ocrx_word' id='word_1_231' title='bbox 313 1940 348 1968; x_wconf 85' lang='lat' dir='ltr'><strong>ab</strong></span> <span class='ocrx_word' id='word_1_232' title='bbox 372 1940 498 1968; x_wconf 85' lang='lat' dir='ltr'><strong>hostibus</strong></span> <span class='ocrx_word' id='word_1_233' title='bbox 526 1940 722 1976; x_wconf 83' lang='lat' dir='ltr'><strong>invisibilibus,</strong></span> <span class='ocrx_word' id='word_1_234' title='bbox 740 1942 786 1978; x_wconf 88' lang='lat' dir='ltr'><strong>qui</strong></span> <span class='ocrx_word' id='word_1_235' title='bbox 817 1950 867 1971; x_wconf 87' lang='lat' dir='ltr'><strong>nos</strong></span> <span class='ocrx_word' id='word_1_236' title='bbox 891 1948 1058 1979; x_wconf 74' lang='lat' dir='ltr'><strong>oppugnant,</strong></span> 
     </span>
    </p>
   </div>
   <div class='ocr_carea' id='block_1_41' title="bbox 268 1992 410 2012">
    <p class='ocr_par' dir='ltr' id='par_1_41' title="bbox 268 1992 410 2012">
     <span class='ocr_line' id='line_1_41' title="bbox 268 1992 410 2012; baseline 0 0"><span class='ocrx_word' id='word_1_237' title='bbox 268 1992 410 2012; x_wconf 83' lang='lat' dir='ltr'><strong>eruantur.</strong></span> 
     </span>
    </p>
   </div>
   <div class='ocr_carea' id='block_1_42' title="bbox 306 2030 1058 2070">
    <p class='ocr_par' dir='ltr' id='par_1_42' title="bbox 306 2030 1058 2070">
     <span class='ocr_line' id='line_1_42' title="bbox 306 2030 1058 2070; baseline 0.005 -12"><span class='ocrx_word' id='word_1_238' title='bbox 306 2030 447 2059; x_wconf 81' lang='lat' dir='ltr'><strong>Laudibus</strong></span> <span class='ocrx_word' id='word_1_239' title='bbox 467 2031 635 2060; x_wconf 86' lang='lat' dir='ltr'><strong>celebremus</strong></span> <span class='ocrx_word' id='word_1_240' title='bbox 659 2031 797 2068; x_wconf 77' lang='lat' dir='ltr'><strong>Virginem</strong></span> <span class='ocrx_word' id='word_1_241' title='bbox 825 2034 913 2069; x_wconf 74' lang='lat' dir='ltr'><strong>gratia</strong></span> <span class='ocrx_word' id='word_1_242' title='bbox 941 2035 1058 2070; x_wconf 88' lang='lat' dir='ltr'><strong>plenam,</strong></span> 
     </span>
    </p>
   </div>
   <div class='ocr_carea' id='block_1_43' title="bbox 271 2078 1060 2115">
    <p class='ocr_par' dir='ltr' id='par_1_43' title="bbox 271 2078 1060 2115">
     <span class='ocr_line' id='line_1_43' title="bbox 271 2078 1060 2115; baseline 0.006 -11"><span class='ocrx_word' id='word_1_243' title='bbox 271 2083 403 2113; x_wconf 83' lang='lat' dir='ltr'><strong>tanquam</strong></span> <span class='ocrx_word' id='word_1_244' title='bbox 423 2083 543 2113; x_wconf 83' lang='lat' dir='ltr'><strong>portam,</strong></span> <span class='ocrx_word' id='word_1_245' title='bbox 559 2086 618 2113; x_wconf 75' lang='lat' dir='ltr'><strong>qua:</strong></span> <span class='ocrx_word' id='word_1_246' title='bbox 633 2078 685 2106; x_wconf 80' lang='lat' dir='ltr'><strong>fert</strong></span> <span class='ocrx_word' id='word_1_247' title='bbox 699 2079 733 2106; x_wconf 93' lang='lat' dir='ltr'><strong>ad</strong></span> <span class='ocrx_word' id='word_1_248' title='bbox 751 2079 873 2107; x_wconf 91' lang='lat' dir='ltr'><strong>divinum</strong></span> <span class='ocrx_word' id='word_1_249' title='bbox 891 2080 1060 2115; x_wconf 76' lang='lat' dir='ltr'><strong>ingressum;</strong></span> 
     </span>
    </p>
   </div>
   <div class='ocr_carea' id='block_1_44' title="bbox 272 2124 1059 2160">
    <p class='ocr_par' dir='ltr' id='par_1_44' title="bbox 272 2124 1059 2160">
     <span class='ocr_line' id='line_1_44' title="bbox 272 2124 1059 2160; baseline 0.006 -10"><span class='ocrx_word' id='word_1_250' title='bbox 272 2129 402 2159; x_wconf 85' lang='lat' dir='ltr'><strong>tanquam</strong></span> <span class='ocrx_word' id='word_1_251' title='bbox 430 2124 530 2152; x_wconf 88' lang='lat' dir='ltr'><strong>scalam</strong></span> <span class='ocrx_word' id='word_1_252' title='bbox 559 2124 617 2158; x_wconf 86' lang='lat' dir='ltr'><strong>Dei,</strong></span> <span class='ocrx_word' id='word_1_253' title='bbox 639 2132 686 2159; x_wconf 88' lang='lat' dir='ltr'><strong>per</strong></span> <span class='ocrx_word' id='word_1_254' title='bbox 700 2133 782 2160; x_wconf 77' lang='lat' dir='ltr'><strong>quam</strong></span> <span class='ocrx_word' id='word_1_255' title='bbox 798 2125 913 2153; x_wconf 79' lang='lat' dir='ltr'><strong>feliciter</strong></span> <span class='ocrx_word' id='word_1_256' title='bbox 933 2128 1059 2155; x_wconf 86' lang='lat' dir='ltr'><strong>ascendi-</strong></span> 
     </span>
    </p>
   </div>
   <div class='ocr_carea' id='block_1_45' title="bbox 270 2173 1063 2209">
    <p class='ocr_par' dir='ltr' id='par_1_45' title="bbox 270 2173 1063 2209">
     <span class='ocr_line' id='line_1_45' title="bbox 270 2173 1063 2209; baseline 0.004 -13"><span class='ocrx_word' id='word_1_257' title='bbox 270 2174 473 2205; x_wconf 86' lang='lat' dir='ltr'><strong>tur;tanquam</strong></span> <span class='ocrx_word' id='word_1_258' title='bbox 488 2175 590 2198; x_wconf 88' lang='lat' dir='ltr'><strong>certam</strong></span> <span class='ocrx_word' id='word_1_259' title='bbox 607 2178 640 2198; x_wconf 62' lang='grc' dir='ltr'><strong>σο</strong></span> <span class='ocrx_word' id='word_1_260' title='bbox 667 2179 793 2199; x_wconf 86' lang='lat' dir='ltr'><strong>securam</strong></span> <span class='ocrx_word' id='word_1_261' title='bbox 821 2180 917 2200; x_wconf 87' lang='lat' dir='ltr'><strong>eorum</strong></span> <span class='ocrx_word' id='word_1_262' title='bbox 1007 2174 1063 2202; x_wconf 82' lang='lat' dir='ltr'><strong>sal.</strong></span> 
     </span>
    </p>
   </div>
   <div class='ocr_carea' id='block_1_46' title="bbox 271 2217 549 2244">
    <p class='ocr_par' dir='ltr' id='par_1_46' title="bbox 271 2217 549 2244">
     <span class='ocr_line' id='line_1_46' title="bbox 271 2217 549 2244; baseline 0 0"><span class='ocrx_word' id='word_1_263' title='bbox 271 2221 370 2244; x_wconf 84' lang='lat' dir='ltr'><strong>vantur</strong></span> <span class='ocrx_word' id='word_1_264' title='bbox 386 2217 549 2244; x_wconf 89' lang='lat' dir='ltr'><strong>ductricem.</strong></span> 
     </span>
    </p>
   </div>
   <div class='ocr_carea' id='block_1_47' title="bbox 304 2263 1060 2300">
    <p class='ocr_par' dir='ltr' id='par_1_47' title="bbox 304 2263 1060 2300">
     <span class='ocr_line' id='line_1_47' title="bbox 304 2263 1060 2300; baseline 0.004 -10"><span class='ocrx_word' id='word_1_265' title='bbox 304 2263 412 2291; x_wconf 85' lang='lat' dir='ltr'><strong>Insania</strong></span> <span class='ocrx_word' id='word_1_266' title='bbox 432 2264 533 2292; x_wconf 87' lang='lat' dir='ltr'><strong>mentis</strong></span> <span class='ocrx_word' id='word_1_267' title='bbox 548 2263 678 2293; x_wconf 87' lang='lat' dir='ltr'><strong>incitatus</strong></span> <span class='ocrx_word' id='word_1_268' title='bbox 701 2269 811 2300; x_wconf 86' lang='lat' dir='ltr'><strong>peccata</strong></span> <span class='ocrx_word' id='word_1_269' title='bbox 825 2265 909 2293; x_wconf 89' lang='lat' dir='ltr'><strong>multa</strong></span> <span class='ocrx_word' id='word_1_270' title='bbox 925 2266 1060 2299; x_wconf 87' lang='lat' dir='ltr'><strong>commisi,</strong></span> 
     </span>
    </p>
   </div>
   <div class='ocr_carea' id='block_1_48' title="bbox 273 2311 1061 2348">
    <p class='ocr_par' dir='ltr' id='par_1_48' title="bbox 273 2311 1061 2348">
     <span class='ocr_line' id='line_1_48' title="bbox 273 2311 1061 2348; baseline 0.006 -12"><span class='ocrx_word' id='word_1_271' title='bbox 273 2314 401 2344; x_wconf 81' lang='lat' dir='ltr'><strong>superest</strong></span> <span class='ocrx_word' id='word_1_272' title='bbox 414 2318 485 2338; x_wconf 90' lang='lat' dir='ltr'><strong>nunc</strong></span> <span class='ocrx_word' id='word_1_273' title='bbox 503 2315 532 2337; x_wconf 92' lang='lat' dir='ltr'><strong>ut</strong></span> <span class='ocrx_word' id='word_1_274' title='bbox 559 2318 602 2339; x_wconf 90' lang='lat' dir='ltr'><strong>me</strong></span> <span class='ocrx_word' id='word_1_275' title='bbox 617 2311 751 2347; x_wconf 73' lang='lat' dir='ltr'><strong>condigna</strong></span> <span class='ocrx_word' id='word_1_276' title='bbox 777 2319 857 2348; x_wconf 73' lang='lat' dir='ltr'><strong>paula</strong></span> <span class='ocrx_word' id='word_1_277' title='bbox 881 2319 1030 2348; x_wconf 86' lang='lat' dir='ltr'><strong>sequatur;</strong></span> <span class='ocrx_word' id='word_1_278' title='bbox 1046 2320 1061 2341; x_wconf 81' lang='lat' dir='ltr'><strong>a</strong></span> 
     </span>
    </p>
   </div>
   <div class='ocr_carea' id='block_1_49' title="bbox 273 2355 1058 2392">
    <p class='ocr_par' dir='ltr' id='par_1_49' title="bbox 273 2355 1058 2392">
     <span class='ocr_line' id='line_1_49' title="bbox 273 2355 1058 2392; baseline 0.005 -10"><span class='ocrx_word' id='word_1_279' title='bbox 273 2363 329 2390; x_wconf 83' lang='lat' dir='ltr'><strong>qua</strong></span> <span class='ocrx_word' id='word_1_280' title='bbox 342 2355 428 2382; x_wconf 84' lang='lat' dir='ltr'><strong>libera</strong></span> <span class='ocrx_word' id='word_1_281' title='bbox 439 2364 492 2389; x_wconf 86' lang='lat' dir='ltr'><strong>me,</strong></span> <span class='ocrx_word' id='word_1_282' title='bbox 502 2364 519 2383; x_wconf 92' lang='grc' dir='ltr'><strong>ο</strong></span> <span class='ocrx_word' id='word_1_283' title='bbox 542 2355 636 2392; x_wconf 78' lang='lat' dir='ltr'><strong>Virgo,</strong></span> <span class='ocrx_word' id='word_1_284' title='bbox 658 2357 723 2384; x_wconf 84' lang='lat' dir='ltr'><strong>dum</strong></span> <span class='ocrx_word' id='word_1_285' title='bbox 737 2357 817 2385; x_wconf 87' lang='lat' dir='ltr'><strong>corde</strong></span> <span class='ocrx_word' id='word_1_286' title='bbox 832 2357 910 2386; x_wconf 83' lang='lat' dir='ltr'><strong>ﬁrmo</strong></span> <span class='ocrx_word' id='word_1_287' title='bbox 925 2366 956 2386; x_wconf 90' lang='lat' dir='ltr'><strong>ac</strong></span> <span class='ocrx_word' id='word_1_288' title='bbox 969 2358 1058 2386; x_wconf 88' lang='lat' dir='ltr'><strong>stabili</strong></span> 
     </span>
    </p>
   </div>
   <div class='ocr_carea' id='block_1_50' title="bbox 275 2401 1063 2438">
    <p class='ocr_par' dir='ltr' id='par_1_50' title="bbox 275 2401 1063 2438">
     <span class='ocr_line' id='line_1_50' title="bbox 275 2401 1063 2438; baseline 0.006 -11"><span class='ocrx_word' id='word_1_289' title='bbox 275 2401 309 2428; x_wconf 92' lang='lat' dir='ltr'><strong>ad</strong></span> <span class='ocrx_word' id='word_1_290' title='bbox 332 2405 406 2428; x_wconf 87' lang='lat' dir='ltr'><strong>tuam</strong></span> <span class='ocrx_word' id='word_1_291' title='bbox 432 2401 551 2428; x_wconf 70' lang='lat' dir='ltr'><strong>divinam</strong></span> <span class='ocrx_word' id='word_1_292' title='bbox 578 2402 775 2437; x_wconf 75' lang='lat' dir='ltr'><strong>protectionem</strong></span> <span class='ocrx_word' id='word_1_293' title='bbox 807 2411 929 2435; x_wconf 74' lang='lat' dir='ltr'><strong>recurro,</strong></span> <span class='ocrx_word' id='word_1_294' title='bbox 939 2412 999 2438; x_wconf 63' lang='lat' dir='ltr'><strong>qum</strong></span> <span class='ocrx_word' id='word_1_295' title='bbox 1021 2409 1063 2432; x_wconf 87' lang='lat' dir='ltr'><strong>est</strong></span> 
     </span>
    </p>
   </div>
   <div class='ocr_carea' id='block_1_51' title="bbox 274 2446 698 2481">
    <p class='ocr_par' dir='ltr' id='par_1_51' title="bbox 274 2446 698 2481">
     <span class='ocr_line' id='line_1_51' title="bbox 274 2446 698 2481; baseline 0.002 -7"><span class='ocrx_word' id='word_1_296' title='bbox 274 2446 387 2474; x_wconf 80' lang='lat' dir='ltr'><strong>unicum</strong></span> <span class='ocrx_word' id='word_1_297' title='bbox 400 2446 557 2481; x_wconf 68' lang='lat' dir='ltr'><strong>praesidium</strong></span> <span class='ocrx_word' id='word_1_298' title='bbox 568 2448 698 2475; x_wconf 81' lang='lat' dir='ltr'><strong>ﬁdelium.</strong></span> 
     </span>
    </p>
   </div>
   <div class='ocr_carea' id='block_1_52' title="bbox 469 2501 887 2537">
    <p class='ocr_par' dir='ltr' id='par_1_52' title="bbox 469 2501 887 2537">
     <span class='ocr_line' id='line_1_52' title="bbox 469 2501 887 2537; baseline 0.007 -8"><span class='ocrx_word' id='word_1_299' title='bbox 469 2501 550 2537; x_wconf 69' lang='lat'><strong>281</strong></span> <span class='ocrx_word' id='word_1_300' title='bbox 562 2502 680 2531; x_wconf 82' lang='lat' dir='ltr'><strong>TONUS</strong></span> <span class='ocrx_word' id='word_1_301' title='bbox 692 2503 842 2532; x_wconf 78' lang='lat' dir='ltr'><strong>I‘LAGIUS</strong></span> <span class='ocrx_word' id='word_1_302' title='bbox 855 2504 887 2532; x_wconf 89' lang='grc' dir='ltr'>ιι.</span> 
     </span>
    </p>
   </div>
   <div class='ocr_carea' id='block_1_53' title="bbox 403 2566 931 2602">
    <p class='ocr_par' dir='ltr' id='par_1_53' title="bbox 403 2566 931 2602">
     <span class='ocr_line' id='line_1_53' title="bbox 403 2566 931 2602; baseline 0.004 -8"><span class='ocrx_word' id='word_1_303' title='bbox 403 2566 444 2594; x_wconf 73' lang='lat' dir='ltr'><strong>Ea:</strong></span> <span class='ocrx_word' id='word_1_304' title='bbox 459 2567 564 2595; x_wconf 80' lang='lat' dir='ltr'><strong>Conone</strong></span> <span class='ocrx_word' id='word_1_305' title='bbox 575 2568 690 2602; x_wconf 74' lang='lat' dir='ltr'><strong>ferite”,</strong></span> <span class='ocrx_word' id='word_1_306' title='bbox 708 2569 742 2595; x_wconf 83' lang='lat' dir='ltr'><strong>ad</strong></span> <span class='ocrx_word' id='word_1_307' title='bbox 759 2569 931 2596; x_wconf 80' lang='lat' dir='ltr'><strong>Matutinum.</strong></span> 
     </span>
    </p>
   </div>
   <div class='ocr_carea' id='block_1_54' title="bbox 312 2629 1065 2667">
    <p class='ocr_par' dir='ltr' id='par_1_54' title="bbox 312 2629 1065 2667">
     <span class='ocr_line' id='line_1_54' title="bbox 312 2629 1065 2667; baseline 0.001 -10"><span class='ocrx_word' id='word_1_308' title='bbox 312 2629 371 2658; x_wconf 86' lang='lat' dir='ltr'><strong>Una</strong></span> <span class='ocrx_word' id='word_1_309' title='bbox 399 2637 461 2658; x_wconf 91' lang='lat' dir='ltr'><strong>cum</strong></span> <span class='ocrx_word' id='word_1_310' title='bbox 496 2631 673 2666; x_wconf 82' lang='lat' dir='ltr'><strong>martyribus,</strong></span> <span class='ocrx_word' id='word_1_311' title='bbox 695 2637 778 2667; x_wconf 90' lang='lat' dir='ltr'><strong>atque</strong></span> <span class='ocrx_word' id='word_1_312' title='bbox 806 2631 934 2659; x_wconf 88' lang='lat' dir='ltr'><strong>omnibus</strong></span> <span class='ocrx_word' id='word_1_313' title='bbox 961 2631 1065 2666; x_wconf 82' lang='lat' dir='ltr'><strong>angelis</strong></span> 
     </span>
    </p>
   </div>
   <div class='ocr_carea' id='block_1_55' title="bbox 277 2677 1063 2713">
    <p class='ocr_par' dir='ltr' id='par_1_55' title="bbox 277 2677 1063 2713">
     <span class='ocr_line' id='line_1_55' title="bbox 277 2677 1063 2713; baseline 0 -9"><span class='ocrx_word' id='word_1_314' title='bbox 277 2677 410 2712; x_wconf 89' lang='lat' dir='ltr'><strong>supplica,</strong></span> <span class='ocrx_word' id='word_1_315' title='bbox 426 2683 443 2703; x_wconf 91' lang='grc' dir='ltr'><strong>ο</strong></span> <span class='ocrx_word' id='word_1_316' title='bbox 459 2681 545 2708; x_wconf 89' lang='lat' dir='ltr'><strong>casta,</strong></span> <span class='ocrx_word' id='word_1_317' title='bbox 560 2679 681 2704; x_wconf 90' lang='lat' dir='ltr'><strong>omnium</strong></span> <span class='ocrx_word' id='word_1_318' title='bbox 702 2677 818 2706; x_wconf 85' lang='lat' dir='ltr'><strong>Domino</strong></span> <span class='ocrx_word' id='word_1_319' title='bbox 844 2685 892 2713; x_wconf 87' lang='lat' dir='ltr'><strong>pro</strong></span> <span class='ocrx_word' id='word_1_320' title='bbox 918 2677 1004 2705; x_wconf 87' lang='lat' dir='ltr'><strong>salute</strong></span> <span class='ocrx_word' id='word_1_321' title='bbox 1017 2685 1063 2705; x_wconf 87' lang='lat' dir='ltr'><strong>co-</strong></span> 
     </span>
    </p>
   </div>
   <div class='ocr_carea' id='block_1_56' title="bbox 275 2722 760 2758">
    <p class='ocr_par' dir='ltr' id='par_1_56' title="bbox 275 2722 760 2758">
     <span class='ocr_line' id='line_1_56' title="bbox 275 2722 760 2758; baseline 0.002 -9"><span class='ocrx_word' id='word_1_322' title='bbox 275 2731 336 2750; x_wconf 87' lang='lat' dir='ltr'><strong>rum</strong></span> <span class='ocrx_word' id='word_1_323' title='bbox 350 2722 397 2758; x_wconf 89' lang='lat' dir='ltr'><strong>qui</strong></span> <span class='ocrx_word' id='word_1_324' title='bbox 413 2728 439 2750; x_wconf 91' lang='lat' dir='ltr'><strong>te</strong></span> <span class='ocrx_word' id='word_1_325' title='bbox 455 2730 518 2750; x_wconf 90' lang='lat' dir='ltr'><strong>cum</strong></span> <span class='ocrx_word' id='word_1_326' title='bbox 531 2723 582 2750; x_wconf 83' lang='lat' dir='ltr'><strong>ﬁde</strong></span> <span class='ocrx_word' id='word_1_327' title='bbox 596 2723 760 2758; x_wconf 72' lang='lat' dir='ltr'><strong>glorificant.</strong></span> 
     </span>
    </p>
   </div>
   <div class='ocr_carea' id='block_1_57' title="bbox 311 2769 1062 2806">
    <p class='ocr_par' dir='ltr' id='par_1_57' title="bbox 311 2769 1062 2806">
     <span class='ocr_line' id='line_1_57' title="bbox 311 2769 1062 2806; baseline 0 -9"><span class='ocrx_word' id='word_1_328' title='bbox 311 2769 404 2798; x_wconf 85' lang='lat' dir='ltr'><strong>Novus</strong></span> <span class='ocrx_word' id='word_1_329' title='bbox 417 2771 563 2805; x_wconf 84' lang='lat' dir='ltr'><strong>paradisus</strong></span> <span class='ocrx_word' id='word_1_330' title='bbox 574 2771 654 2798; x_wconf 85' lang='lat' dir='ltr'><strong>nobis</strong></span> <span class='ocrx_word' id='word_1_331' title='bbox 672 2770 743 2798; x_wconf 80' lang='lat' dir='ltr'><strong>facta</strong></span> <span class='ocrx_word' id='word_1_332' title='bbox 758 2777 798 2803; x_wconf 89' lang='lat' dir='ltr'><strong>es,</strong></span> <span class='ocrx_word' id='word_1_333' title='bbox 813 2777 830 2797; x_wconf 91' lang='grc' dir='ltr'><strong>ο</strong></span> <span class='ocrx_word' id='word_1_334' title='bbox 848 2769 942 2806; x_wconf 75' lang='lat' dir='ltr'><strong>Virgo,</strong></span> <span class='ocrx_word' id='word_1_335' title='bbox 960 2769 1062 2797; x_wconf 86' lang='lat' dir='ltr'><strong>habens</strong></span> 
     </span>
    </p>
   </div>
   <div class='ocr_carea' id='block_1_58' title="bbox 274 2847 1067 2883">
    <p class='ocr_par' dir='ltr' id='par_1_58' title="bbox 274 2847 1067 2883">
     <span class='ocr_line' id='line_1_58' title="bbox 274 2847 1067 2883; baseline 0.001 -9"><span class='ocrx_word' id='word_1_336' title='bbox 274 2847 414 2883; x_wconf 73' lang='lat' dir='ltr'><strong>Virginem</strong></span> <span class='ocrx_word' id='word_1_337' title='bbox 431 2848 465 2876; x_wconf 84' lang='lat' dir='ltr'><strong>ab</strong></span> <span class='ocrx_word' id='word_1_338' title='bbox 478 2849 553 2876; x_wconf 88' lang='lat' dir='ltr'><strong>omni</strong></span> <span class='ocrx_word' id='word_1_339' title='bbox 571 2855 685 2883; x_wconf 82' lang='lat' dir='ltr'><strong>prorsus</strong></span> <span class='ocrx_word' id='word_1_340' title='bbox 702 2847 762 2875; x_wconf 84' lang='lat' dir='ltr'><strong>labe</strong></span> <span class='ocrx_word' id='word_1_341' title='bbox 775 2848 901 2880; x_wconf 86' lang='lat' dir='ltr'><strong>liberant,</strong></span> <span class='ocrx_word' id='word_1_342' title='bbox 916 2854 1067 2883; x_wconf 69' lang='lat' dir='ltr'><strong>agnoscens</strong></span> 
     </span>
    </p>
   </div>
   <div class='ocr_carea' id='block_1_59' title="bbox 275 2883 657 2911">
    <p class='ocr_par' dir='ltr' id='par_1_59' title="bbox 275 2883 657 2911">
     <span class='ocr_line' id='line_1_59' title="bbox 275 2883 657 2911; baseline 0.003 -3"><span class='ocrx_word' id='word_1_343' title='bbox 275 2888 336 2909; x_wconf 85' lang='lat' dir='ltr'><strong>eam</strong></span> <span class='ocrx_word' id='word_1_344' title='bbox 351 2883 487 2911; x_wconf 91' lang='lat' dir='ltr'><strong>allocutus</strong></span> <span class='ocrx_word' id='word_1_345' title='bbox 497 2888 537 2911; x_wconf 86' lang='lat' dir='ltr'><strong>est</strong></span> <span class='ocrx_word' id='word_1_346' title='bbox 546 2884 657 2911; x_wconf 82' lang='lat' dir='ltr'><strong>dicens:</strong></span> 
     </span>
    </p>
   </div>
   <div class='ocr_carea' id='block_1_60' title="bbox 476 2928 870 2963">
    <p class='ocr_par' dir='ltr' id='par_1_60' title="bbox 476 2928 870 2963">
     <span class='ocr_line' id='line_1_60' title="bbox 476 2928 870 2963; baseline 0 -8"><span class='ocrx_word' id='word_1_347' title='bbox 476 2928 563 2962; x_wconf 68' lang='lat' dir='ltr'><strong>Salve,</strong></span> <span class='ocrx_word' id='word_1_348' title='bbox 581 2937 636 2960; x_wconf 82' lang='lat' dir='ltr'><strong>ave.</strong></span> <span class='ocrx_word' id='word_1_349' title='bbox 653 2934 746 2956; x_wconf 73' lang='lat' dir='ltr'><strong>sancta</strong></span> <span class='ocrx_word' id='word_1_350' title='bbox 763 2937 870 2963; x_wconf 79' lang='lat' dir='ltr'><strong>parem,</strong></span> 
     </span>
    </p>
   </div>
   <div class='ocr_carea' id='block_1_61' title="bbox 265 2964 884 3012">
    <p class='ocr_par' dir='ltr' id='par_1_61' title="bbox 265 2964 884 3012">
     <span class='ocr_line' id='line_1_61' title="bbox 265 2964 884 3012; baseline 0.008 -24"><span class='ocrx_word' id='word_1_351' title='bbox 265 2995 274 3012; x_wconf 42' lang='grc' dir='ltr'><strong><em>ν</em></strong></span> <span class='ocrx_word' id='word_1_352' title='bbox 493 2964 571 2991; x_wconf 82' lang='lat' dir='ltr'><strong>Omni</strong></span> <span class='ocrx_word' id='word_1_353' title='bbox 586 2973 694 2998; x_wconf 75' lang='lat' dir='ltr'><strong>prorsus</strong></span> <span class='ocrx_word' id='word_1_354' title='bbox 710 2964 769 2993; x_wconf 72' lang='lat' dir='ltr'><strong>lube</strong></span> <span class='ocrx_word' id='word_1_355' title='bbox 781 2972 884 2993; x_wconf 81' lang='lat' dir='ltr'><strong>carem.</strong></span> 
     </span>
    </p>
   </div>
   <div class='ocr_carea' id='block_1_62' title="bbox 1105 345 1676 385">
    <p class='ocr_par' dir='ltr' id='par_1_62' title="bbox 1105 345 1676 385">
     <span class='ocr_line' id='line_1_62' title="bbox 1105 345 1676 385; baseline 0.004 -11"><span class='ocrx_word' id='word_1_356' title='bbox 1105 347 1161 382; x_wconf 70' lang='grc' dir='ltr'><strong>γὰρ</strong></span> <span class='ocrx_word' id='word_1_357' title='bbox 1175 345 1209 384; x_wconf 81' lang='grc' dir='ltr'>ἦν</span> <span class='ocrx_word' id='word_1_358' title='bbox 1221 349 1236 375; x_wconf 86' lang='grc' dir='ltr'><strong>ό</strong></span> <span class='ocrx_word' id='word_1_359' title='bbox 1249 348 1366 384; x_wconf 75' lang='grc' dir='ltr'><strong>τεχθεὶς,</strong></span> <span class='ocrx_word' id='word_1_360' title='bbox 1386 348 1430 376; x_wconf 70' lang='lat' dir='ltr'><strong>(va.</strong></span> <span class='ocrx_word' id='word_1_361' title='bbox 1446 348 1536 385; x_wconf 79' lang='grc' dir='ltr'>θεώσῃ</span> <span class='ocrx_word' id='word_1_362' title='bbox 1552 349 1676 385; x_wconf 84' lang='grc' dir='ltr'>βροτούς.</span> 
     </span>
    </p>
   </div>
   <div class='ocr_carea' id='block_1_63' title="bbox 1141 439 1894 476">
    <p class='ocr_par' dir='ltr' id='par_1_63' title="bbox 1141 439 1894 476">
     <span class='ocr_line' id='line_1_63' title="bbox 1141 439 1894 476; baseline 0.004 -10"><span class='ocrx_word' id='word_1_363' title='bbox 1141 439 1336 474; x_wconf 79' lang='grc' dir='ltr'>Νυμφαγωτός</span> <span class='ocrx_word' id='word_1_364' title='bbox 1351 448 1392 466; x_wconf 90' lang='grc' dir='ltr'><strong>σοι</strong></span> <span class='ocrx_word' id='word_1_365' title='bbox 1411 440 1548 476; x_wconf 75' lang='grc' dir='ltr'>Γαῦριὴλ,</span> <span class='ocrx_word' id='word_1_366' title='bbox 1573 439 1714 475; x_wconf 79' lang='grc' dir='ltr'>Παρθένε,</span> <span class='ocrx_word' id='word_1_367' title='bbox 1731 441 1894 469; x_wconf 67' lang='grc' dir='ltr'>ἀποστελλόα</span> 
     </span>
    </p>
   </div>
   <div class='ocr_carea' id='block_1_64' title="bbox 1112 485 1894 522">
    <p class='ocr_par' dir='ltr' id='par_1_64' title="bbox 1112 485 1894 522">
     <span class='ocr_line' id='line_1_64' title="bbox 1112 485 1894 522; baseline 0.005 -11"><span class='ocrx_word' id='word_1_368' title='bbox 1112 493 1204 520; x_wconf 86' lang='grc' dir='ltr'>μενος,</span> <span class='ocrx_word' id='word_1_369' title='bbox 1220 486 1318 521; x_wconf 83' lang='grc' dir='ltr'><strong>Χαῖρε,</strong></span> <span class='ocrx_word' id='word_1_370' title='bbox 1330 485 1428 522; x_wconf 77' lang='grc' dir='ltr'>ἐϐόησε</span> <span class='ocrx_word' id='word_1_371' title='bbox 1442 486 1540 520; x_wconf 81' lang='grc' dir='ltr'>λέγων,</span> <span class='ocrx_word' id='word_1_372' title='bbox 1553 486 1750 520; x_wconf 80' lang='grc' dir='ltr'>φωτεινότατον</span> <span class='ocrx_word' id='word_1_373' title='bbox 1766 488 1894 515; x_wconf 84' lang='grc' dir='ltr'>παλάτιον</span> 
     </span>
    </p>
   </div>
   <div class='ocr_carea' id='block_1_65' title="bbox 1106 527 1894 568">
    <p class='ocr_par' dir='ltr' id='par_1_65' title="bbox 1106 527 1894 568">
     <span class='ocr_line' id='line_1_65' title="bbox 1106 527 1894 568; baseline 0.005 -12"><span class='ocrx_word' id='word_1_374' title='bbox 1106 529 1154 556; x_wconf 82' lang='grc' dir='ltr'>τοῦ</span> <span class='ocrx_word' id='word_1_375' title='bbox 1180 530 1377 566; x_wconf 80' lang='grc' dir='ltr'>παμδασιλέως</span> <span class='ocrx_word' id='word_1_376' title='bbox 1400 530 1532 566; x_wconf 77' lang='grc' dir='ltr'><strong>Χριστοῦ,</strong></span> <span class='ocrx_word' id='word_1_377' title='bbox 1557 531 1587 558; x_wconf 82' lang='grc' dir='ltr'>ἐν</span> <span class='ocrx_word' id='word_1_378' title='bbox 1611 527 1634 565; x_wconf 81' lang='grc' dir='ltr'>ᾧ</span> <span class='ocrx_word' id='word_1_379' title='bbox 1654 531 1769 567; x_wconf 71' lang='grc' dir='ltr'>οἰκήσας</span> <span class='ocrx_word' id='word_1_380' title='bbox 1783 533 1894 568; x_wconf 83' lang='grc' dir='ltr'>βροτοὺς</span> 
     </span>
    </p>
   </div>
   <div class='ocr_carea' id='block_1_66' title="bbox 1108 573 1334 608">
    <p class='ocr_par' dir='ltr' id='par_1_66' title="bbox 1108 573 1334 608">
     <span class='ocr_line' id='line_1_66' title="bbox 1108 573 1334 608; baseline 0.009 -7"><span class='ocrx_word' id='word_1_381' title='bbox 1108 573 1207 602; x_wconf 85' lang='grc' dir='ltr'>θεώσει</span> <span class='ocrx_word' id='word_1_382' title='bbox 1220 575 1334 608; x_wconf 85' lang='grc' dir='ltr'>πάντας.</span> 
     </span>
    </p>
   </div>
   <div class='ocr_carea' id='block_1_67' title="bbox 1144 666 1895 704">
    <p class='ocr_par' dir='ltr' id='par_1_67' title="bbox 1144 666 1895 704">
     <span class='ocr_line' id='line_1_67' title="bbox 1144 666 1895 704; baseline 0.007 -12"><span class='ocrx_word' id='word_1_383' title='bbox 1144 666 1204 698; x_wconf 77' lang='grc' dir='ltr'>Φῶς</span> <span class='ocrx_word' id='word_1_384' title='bbox 1216 666 1281 701; x_wconf 82' lang='grc' dir='ltr'>ἡμῖν</span> <span class='ocrx_word' id='word_1_385' title='bbox 1295 667 1326 693; x_wconf 80' lang='grc' dir='ltr'>ὲκ</span> <span class='ocrx_word' id='word_1_386' title='bbox 1344 666 1401 700; x_wconf 85' lang='grc' dir='ltr'><strong>σοῦ,</strong></span> <span class='ocrx_word' id='word_1_387' title='bbox 1421 666 1502 702; x_wconf 74' lang='grc' dir='ltr'><strong>ἁγνὴ,</strong></span> <span class='ocrx_word' id='word_1_388' title='bbox 1517 666 1700 697; x_wconf 75' lang='grc' dir='ltr'><strong>ἀνατέταλκεν</strong></span> <span class='ocrx_word' id='word_1_389' title='bbox 1720 668 1836 704; x_wconf 82' lang='grc' dir='ltr'>Ἰησοῦς,</span> <span class='ocrx_word' id='word_1_390' title='bbox 1849 671 1895 697; x_wconf 76' lang='grc' dir='ltr'><strong>καὶ</strong></span> 
     </span>
    </p>
   </div>
   <div class='ocr_carea' id='block_1_68' title="bbox 1108 711 1896 750">
    <p class='ocr_par' dir='ltr' id='par_1_68' title="bbox 1108 711 1896 750">
     <span class='ocr_line' id='line_1_68' title="bbox 1108 711 1896 750; baseline 0.006 -12"><span class='ocrx_word' id='word_1_391' title='bbox 1108 711 1252 747; x_wconf 72' lang='grc' dir='ltr'>ἑφαίδρυνε</span> <span class='ocrx_word' id='word_1_392' title='bbox 1267 712 1316 747; x_wconf 82' lang='grc' dir='ltr'><strong>τὴν</strong></span> <span class='ocrx_word' id='word_1_393' title='bbox 1332 712 1420 739; x_wconf 80' lang='grc' dir='ltr'>κτίσιν</span> <span class='ocrx_word' id='word_1_394' title='bbox 1438 713 1649 749; x_wconf 63' lang='grc' dir='ltr'>σταυρούμενοςν</span> <span class='ocrx_word' id='word_1_395' title='bbox 1662 715 1710 742; x_wconf 79' lang='grc' dir='ltr'>καὶ</span> <span class='ocrx_word' id='word_1_396' title='bbox 1721 714 1854 750; x_wconf 82' lang='grc' dir='ltr'><strong>δαιμόνων</strong></span> <span class='ocrx_word' id='word_1_397' title='bbox 1867 716 1896 742; x_wconf 77' lang='grc' dir='ltr'><strong>τὸ</strong></span> 
     </span>
    </p>
   </div>
   <div class='ocr_carea' id='block_1_69' title="bbox 1110 758 1382 792">
    <p class='ocr_par' dir='ltr' id='par_1_69' title="bbox 1110 758 1382 792">
     <span class='ocr_line' id='line_1_69' title="bbox 1110 758 1382 792; baseline 0.004 -8"><span class='ocrx_word' id='word_1_398' title='bbox 1110 758 1205 790; x_wconf 77' lang='grc' dir='ltr'>σκότος</span> <span class='ocrx_word' id='word_1_399' title='bbox 1220 758 1382 792; x_wconf 76' lang='grc' dir='ltr'>ἀπεδίωξεν.</span> 
     </span>
    </p>
   </div>
   <div class='ocr_carea' id='block_1_70' title="bbox 1115 820 1896 859">
    <p class='ocr_par' dir='ltr' id='par_1_70' title="bbox 1115 820 1896 859">
     <span class='ocr_line' id='line_1_70' title="bbox 1115 820 1896 859; baseline 0.006 -13"><span class='ocrx_word' id='word_1_400' title='bbox 1115 820 1163 847; x_wconf 80' lang='grc' dir='ltr'>Ἐκ</span> <span class='ocrx_word' id='word_1_401' title='bbox 1183 820 1237 847; x_wconf 81' lang='grc' dir='ltr'>τοῦ</span> <span class='ocrx_word' id='word_1_402' title='bbox 1251 821 1387 854; x_wconf 76' lang='grc' dir='ltr'>Κανόνας</span> <span class='ocrx_word' id='word_1_403' title='bbox 1399 821 1452 849; x_wconf 81' lang='grc' dir='ltr'>τοῦ</span> <span class='ocrx_word' id='word_1_404' title='bbox 1463 821 1627 856; x_wconf 69' lang='grc' dir='ltr'>Σαϐϐαῖον,</span> <span class='ocrx_word' id='word_1_405' title='bbox 1639 824 1684 856; x_wconf 78' lang='grc' dir='ltr'><strong>εις</strong></span> <span class='ocrx_word' id='word_1_406' title='bbox 1697 823 1751 851; x_wconf 81' lang='grc' dir='ltr'>τὸν</span> <span class='ocrx_word' id='word_1_407' title='bbox 1766 824 1896 859; x_wconf 70' lang='grc' dir='ltr'>ὀρθρον.</span> 
     </span>
    </p>
   </div>
   <div class='ocr_carea' id='block_1_71' title="bbox 1145 885 1894 924">
    <p class='ocr_par' dir='ltr' id='par_1_71' title="bbox 1145 885 1894 924">
     <span class='ocr_line' id='line_1_71' title="bbox 1145 885 1894 924; baseline 0.004 -13"><span class='ocrx_word' id='word_1_408' title='bbox 1145 885 1243 919; x_wconf 78' lang='grc' dir='ltr'>Χαῖρε,</span> <span class='ocrx_word' id='word_1_409' title='bbox 1262 885 1303 911; x_wconf 74' lang='grc' dir='ltr'>σοὶ</span> <span class='ocrx_word' id='word_1_410' title='bbox 1321 885 1514 921; x_wconf 79' lang='grc' dir='ltr'>κραυγάξομεν</span> <span class='ocrx_word' id='word_1_411' title='bbox 1534 886 1569 922; x_wconf 79' lang='grc' dir='ltr'><strong>τῇ</strong></span> <span class='ocrx_word' id='word_1_412' title='bbox 1589 887 1716 924; x_wconf 84' lang='grc' dir='ltr'>κυησάσῃ</span> <span class='ocrx_word' id='word_1_413' title='bbox 1734 887 1783 921; x_wconf 78' lang='grc' dir='ltr'><strong>τὴν</strong></span> <span class='ocrx_word' id='word_1_414' title='bbox 1799 887 1894 923; x_wconf 78' lang='grc' dir='ltr'>χαρὰν,</span> 
     </span>
    </p>
   </div>
   <div class='ocr_carea' id='block_1_72' title="bbox 1111 930 1897 967">
    <p class='ocr_par' dir='ltr' id='par_1_72' title="bbox 1111 930 1897 967">
     <span class='ocr_line' id='line_1_72' title="bbox 1111 930 1897 967; baseline 0.004 -11"><span class='ocrx_word' id='word_1_415' title='bbox 1111 930 1271 965; x_wconf 76' lang='grc' dir='ltr'>πανύμνητε</span> <span class='ocrx_word' id='word_1_416' title='bbox 1284 950 1291 962; x_wconf 86' lang='grc'><strong><em>,</em></strong></span> <span class='ocrx_word' id='word_1_417' title='bbox 1313 931 1518 966; x_wconf 69' lang='grc' dir='ltr'>φωταγώγησοθ</span> <span class='ocrx_word' id='word_1_418' title='bbox 1540 931 1619 966; x_wconf 82' lang='grc' dir='ltr'>ἡμῶν</span> <span class='ocrx_word' id='word_1_419' title='bbox 1641 931 1687 959; x_wconf 73' lang='grc' dir='ltr'>τὸν</span> <span class='ocrx_word' id='word_1_420' title='bbox 1703 931 1766 959; x_wconf 83' lang='grc' dir='ltr'>νοῦν</span> <span class='ocrx_word' id='word_1_421' title='bbox 1787 933 1833 959; x_wconf 76' lang='grc' dir='ltr'>καὶ</span> <span class='ocrx_word' id='word_1_422' title='bbox 1849 933 1897 967; x_wconf 71' lang='grc' dir='ltr'>τὴν</span> 
     </span>
    </p>
   </div>
   <div class='ocr_carea' id='block_1_73' title="bbox 1110 977 1895 1014">
    <p class='ocr_par' dir='ltr' id='par_1_73' title="bbox 1110 977 1895 1014">
     <span class='ocr_line' id='line_1_73' title="bbox 1110 977 1895 1014; baseline 0.003 -11"><span class='ocrx_word' id='word_1_423' title='bbox 1110 977 1211 1012; x_wconf 81' lang='grc' dir='ltr'>ψυχὴν,</span> <span class='ocrx_word' id='word_1_424' title='bbox 1225 977 1272 1003; x_wconf 78' lang='grc' dir='ltr'><strong>καὶ</strong></span> <span class='ocrx_word' id='word_1_425' title='bbox 1287 977 1355 1012; x_wconf 77' lang='grc' dir='ltr'>πρὸς</span> <span class='ocrx_word' id='word_1_426' title='bbox 1371 977 1480 1012; x_wconf 76' lang='grc' dir='ltr'>τρίϐους</span> <span class='ocrx_word' id='word_1_427' title='bbox 1494 977 1621 1011; x_wconf 85' lang='grc' dir='ltr'>γνώσεως</span> <span class='ocrx_word' id='word_1_428' title='bbox 1634 978 1739 1010; x_wconf 81' lang='grc' dir='ltr'>πάντας</span> <span class='ocrx_word' id='word_1_429' title='bbox 1753 979 1895 1014; x_wconf 80' lang='grc' dir='ltr'>όδήγησον,</span> 
     </span>
    </p>
   </div>
   <div class='ocr_carea' id='block_1_74' title="bbox 1109 1023 1895 1060">
    <p class='ocr_par' dir='ltr' id='par_1_74' title="bbox 1109 1023 1895 1060">
     <span class='ocr_line' id='line_1_74' title="bbox 1109 1023 1895 1060; baseline 0.001 -10"><span class='ocrx_word' id='word_1_430' title='bbox 1109 1024 1156 1050; x_wconf 77' lang='grc' dir='ltr'>καὶ</span> <span class='ocrx_word' id='word_1_431' title='bbox 1183 1023 1362 1058; x_wconf 74' lang='grc' dir='ltr'><strong>πταισμάτων</strong></span> <span class='ocrx_word' id='word_1_432' title='bbox 1389 1023 1501 1059; x_wconf 72' lang='grc' dir='ltr'>ἱλασμὸν</span> <span class='ocrx_word' id='word_1_433' title='bbox 1526 1024 1636 1059; x_wconf 83' lang='grc' dir='ltr'>δοθῆναι</span> <span class='ocrx_word' id='word_1_434' title='bbox 1664 1025 1746 1051; x_wconf 82' lang='grc' dir='ltr'>πᾶσιν</span> <span class='ocrx_word' id='word_1_435' title='bbox 1771 1024 1895 1060; x_wconf 84' lang='grc' dir='ltr'>αῐτησαι,</span> 
     </span>
    </p>
   </div>
   <div class='ocr_carea' id='block_1_75' title="bbox 1108 1069 1756 1104">
    <p class='ocr_par' dir='ltr' id='par_1_75' title="bbox 1108 1069 1756 1104">
     <span class='ocr_line' id='line_1_75' title="bbox 1108 1069 1756 1104; baseline 0.002 -9"><span class='ocrx_word' id='word_1_436' title='bbox 1108 1069 1244 1096; x_wconf 75' lang='grc' dir='ltr'>Δέσποινα</span> <span class='ocrx_word' id='word_1_437' title='bbox 1261 1069 1391 1104; x_wconf 79' lang='grc' dir='ltr'>ἄχραντε,</span> <span class='ocrx_word' id='word_1_438' title='bbox 1408 1070 1455 1096; x_wconf 78' lang='grc' dir='ltr'>τὸν</span> <span class='ocrx_word' id='word_1_439' title='bbox 1469 1069 1534 1096; x_wconf 82' lang='grc' dir='ltr'>Υίόν</span> <span class='ocrx_word' id='word_1_440' title='bbox 1550 1077 1597 1096; x_wconf 82' lang='grc' dir='ltr'><strong>σου</strong></span> <span class='ocrx_word' id='word_1_441' title='bbox 1614 1071 1665 1097; x_wconf 76' lang='grc' dir='ltr'>καὶ</span> <span class='ocrx_word' id='word_1_442' title='bbox 1678 1069 1756 1097; x_wconf 85' lang='grc' dir='ltr'>Θεόν.</span> 
     </span>
    </p>
   </div>
   <div class='ocr_carea' id='block_1_76' title="bbox 1145 1158 1897 1195">
    <p class='ocr_par' dir='ltr' id='par_1_76' title="bbox 1145 1158 1897 1195">
     <span class='ocr_line' id='line_1_76' title="bbox 1145 1158 1897 1195; baseline 0 -9"><span class='ocrx_word' id='word_1_443' title='bbox 1145 1159 1323 1195; x_wconf 80' lang='grc' dir='ltr'><strong>Εὐλογημένη</strong></span> <span class='ocrx_word' id='word_1_444' title='bbox 1346 1159 1503 1194; x_wconf 82' lang='grc' dir='ltr'>γυναικῶν,</span> <span class='ocrx_word' id='word_1_445' title='bbox 1521 1158 1551 1185; x_wconf 80' lang='grc' dir='ltr'>σὲ</span> <span class='ocrx_word' id='word_1_446' title='bbox 1571 1159 1610 1188; x_wconf 77' lang='grc' dir='ltr'>ὡς</span> <span class='ocrx_word' id='word_1_447' title='bbox 1632 1159 1728 1194; x_wconf 75' lang='grc' dir='ltr'>ἔϐλεψε</span> <span class='ocrx_word' id='word_1_448' title='bbox 1749 1160 1897 1194; x_wconf 78' lang='grc' dir='ltr'>κατάλογος</span> 
     </span>
    </p>
   </div>
   <div class='ocr_carea' id='block_1_77' title="bbox 1107 1205 1896 1241">
    <p class='ocr_par' dir='ltr' id='par_1_77' title="bbox 1107 1205 1896 1241">
     <span class='ocr_line' id='line_1_77' title="bbox 1107 1205 1896 1241; baseline 0 -9"><span class='ocrx_word' id='word_1_449' title='bbox 1107 1206 1255 1241; x_wconf 85' lang='grc' dir='ltr'>γυναικῶν,</span> <span class='ocrx_word' id='word_1_450' title='bbox 1266 1205 1397 1241; x_wconf 69' lang='grc' dir='ltr'>ἐνήθλησε</span> <span class='ocrx_word' id='word_1_451' title='bbox 1411 1205 1507 1240; x_wconf 75' lang='grc' dir='ltr'>καὶτῷ</span> <span class='ocrx_word' id='word_1_452' title='bbox 1529 1205 1568 1241; x_wconf 83' lang='grc' dir='ltr'>σῷ</span> <span class='ocrx_word' id='word_1_453' title='bbox 1585 1205 1643 1240; x_wconf 73' lang='grc' dir='ltr'><strong>Υίῷ</strong></span> <span class='ocrx_word' id='word_1_454' title='bbox 1659 1206 1875 1241; x_wconf 77' lang='grc' dir='ltr'>προσενήτκεναι</span> <span class='ocrx_word' id='word_1_455' title='bbox 1886 1226 1896 1239; x_wconf 82' lang='lat'><strong>,</strong></span> 
     </span>
    </p>
   </div>
   <div class='ocr_carea' id='block_1_78' title="bbox 1109 1252 1332 1287">
    <p class='ocr_par' dir='ltr' id='par_1_78' title="bbox 1109 1252 1332 1287">
     <span class='ocr_line' id='line_1_78' title="bbox 1109 1252 1332 1287; baseline -0.004 -8"><span class='ocrx_word' id='word_1_456' title='bbox 1109 1252 1332 1287; x_wconf 67' lang='grc' dir='ltr'>Παρθενομῆτορ.</span> 
     </span>
    </p>
   </div>
   <div class='ocr_carea' id='block_1_79' title="bbox 1150 1296 1897 1334">
    <p class='ocr_par' dir='ltr' id='par_1_79' title="bbox 1150 1296 1897 1334">
     <span class='ocr_line' id='line_1_79' title="bbox 1150 1296 1897 1334; baseline -0.001 -9"><span class='ocrx_word' id='word_1_457' title='bbox 1150 1299 1180 1325; x_wconf 83' lang='lat'><strong>&#39;0</strong></span> <span class='ocrx_word' id='word_1_458' title='bbox 1192 1299 1306 1334; x_wconf 83' lang='grc' dir='ltr'>ἄχρονος</span> <span class='ocrx_word' id='word_1_459' title='bbox 1327 1298 1422 1332; x_wconf 82' lang='grc' dir='ltr'>γέγονε</span> <span class='ocrx_word' id='word_1_460' title='bbox 1437 1296 1485 1324; x_wconf 83' lang='grc' dir='ltr'>νῦν</span> <span class='ocrx_word' id='word_1_461' title='bbox 1502 1297 1554 1324; x_wconf 76' lang='grc' dir='ltr'><strong>ὑπὸ</strong></span> <span class='ocrx_word' id='word_1_462' title='bbox 1567 1297 1664 1333; x_wconf 79' lang='grc' dir='ltr'>χρόνον</span> <span class='ocrx_word' id='word_1_463' title='bbox 1687 1297 1719 1323; x_wconf 77' lang='grc' dir='ltr'>ἐκ</span> <span class='ocrx_word' id='word_1_464' title='bbox 1735 1297 1782 1323; x_wconf 86' lang='grc' dir='ltr'>σοῦ</span> <span class='ocrx_word' id='word_1_465' title='bbox 1795 1316 1804 1329; x_wconf 84' lang='grc'><em>,</em></span> <span class='ocrx_word' id='word_1_466' title='bbox 1821 1298 1897 1331; x_wconf 78' lang='grc' dir='ltr'>Παρ-</span> 
     </span>
    </p>
   </div>
   <div class='ocr_carea' id='block_1_80' title="bbox 1109 1341 1899 1378">
    <p class='ocr_par' dir='ltr' id='par_1_80' title="bbox 1109 1341 1899 1378">
     <span class='ocr_line' id='line_1_80' title="bbox 1109 1341 1899 1378; baseline -0.001 -7"><span class='ocrx_word' id='word_1_467' title='bbox 1109 1344 1181 1376; x_wconf 85' lang='grc' dir='ltr'>θένε.</span> <span class='ocrx_word' id='word_1_468' title='bbox 1193 1344 1287 1370; x_wconf 73' lang='grc' dir='ltr'>τοῦτον</span> <span class='ocrx_word' id='word_1_469' title='bbox 1299 1343 1411 1378; x_wconf 79' lang='grc' dir='ltr'>αῖτησαι</span> <span class='ocrx_word' id='word_1_470' title='bbox 1420 1341 1546 1369; x_wconf 77' lang='grc' dir='ltr'>διαλῦσαι</span> <span class='ocrx_word' id='word_1_471' title='bbox 1558 1342 1666 1369; x_wconf 73' lang='grc' dir='ltr'>ἅπαντα</span> <span class='ocrx_word' id='word_1_472' title='bbox 1678 1342 1727 1378; x_wconf 82' lang='grc' dir='ltr'>τῆς</span> <span class='ocrx_word' id='word_1_473' title='bbox 1741 1341 1831 1378; x_wconf 76' lang='grc' dir='ltr'>ψυχῆς</span> <span class='ocrx_word' id='word_1_474' title='bbox 1844 1350 1899 1378; x_wconf 79' lang='grc' dir='ltr'><strong>μου</strong></span> 
     </span>
    </p>
   </div>
   <div class='ocr_carea' id='block_1_81' title="bbox 1108 1388 1437 1426">
    <p class='ocr_par' dir='ltr' id='par_1_81' title="bbox 1108 1388 1437 1426">
     <span class='ocr_line' id='line_1_81' title="bbox 1108 1388 1437 1426; baseline -0.009 -8"><span class='ocrx_word' id='word_1_475' title='bbox 1108 1391 1144 1418; x_wconf 79' lang='grc' dir='ltr'>τὰ</span> <span class='ocrx_word' id='word_1_476' title='bbox 1154 1390 1250 1426; x_wconf 90' lang='grc' dir='ltr'>χρόνια</span> <span class='ocrx_word' id='word_1_477' title='bbox 1265 1388 1437 1424; x_wconf 84' lang='grc' dir='ltr'>πταίσματα.</span> 
     </span>
    </p>
   </div>
   <div class='ocr_carea' id='block_1_82' title="bbox 1151 1478 1899 1518">
    <p class='ocr_par' dir='ltr' id='par_1_82' title="bbox 1151 1478 1899 1518">
     <span class='ocr_line' id='line_1_82' title="bbox 1151 1478 1899 1518; baseline -0.001 -9"><span class='ocrx_word' id='word_1_478' title='bbox 1151 1481 1307 1518; x_wconf 81' lang='grc' dir='ltr'>’Υμνοῦμέν</span> <span class='ocrx_word' id='word_1_479' title='bbox 1324 1490 1354 1508; x_wconf 90' lang='grc' dir='ltr'>σε</span> <span class='ocrx_word' id='word_1_480' title='bbox 1365 1501 1373 1514; x_wconf 84' lang='grc'><em>,</em></span> <span class='ocrx_word' id='word_1_481' title='bbox 1392 1481 1523 1516; x_wconf 81' lang='grc' dir='ltr'>Παρθένε,</span> <span class='ocrx_word' id='word_1_482' title='bbox 1539 1480 1572 1508; x_wconf 81' lang='grc' dir='ltr'>δι’</span> <span class='ocrx_word' id='word_1_483' title='bbox 1589 1478 1623 1516; x_wconf 81' lang='grc' dir='ltr'>ἧς</span> <span class='ocrx_word' id='word_1_484' title='bbox 1639 1480 1724 1516; x_wconf 74' lang='grc' dir='ltr'>ἐφάνη</span> <span class='ocrx_word' id='word_1_485' title='bbox 1740 1481 1754 1508; x_wconf 88' lang='grc' dir='ltr'><strong>ό</strong></span> <span class='ocrx_word' id='word_1_486' title='bbox 1767 1481 1833 1514; x_wconf 72' lang='grc' dir='ltr'>Θεὸς</span> <span class='ocrx_word' id='word_1_487' title='bbox 1851 1481 1899 1508; x_wconf 70' lang='grc' dir='ltr'>ἐπὶ</span> 
     </span>
    </p>
   </div>
   <div class='ocr_carea' id='block_1_83' title="bbox 1109 1527 1898 1563">
    <p class='ocr_par' dir='ltr' id='par_1_83' title="bbox 1109 1527 1898 1563">
     <span class='ocr_line' id='line_1_83' title="bbox 1109 1527 1898 1563; baseline -0.001 -9"><span class='ocrx_word' id='word_1_488' title='bbox 1109 1528 1174 1563; x_wconf 82' lang='grc' dir='ltr'><strong>γῆς,</strong></span> <span class='ocrx_word' id='word_1_489' title='bbox 1191 1528 1285 1563; x_wconf 84' lang='grc' dir='ltr'>βροτὸς</span> <span class='ocrx_word' id='word_1_490' title='bbox 1301 1528 1458 1562; x_wconf 85' lang='grc' dir='ltr'>γενόμενος’</span> <span class='ocrx_word' id='word_1_491' title='bbox 1474 1528 1561 1563; x_wconf 84' lang='grc' dir='ltr'>Χαῖρε</span> <span class='ocrx_word' id='word_1_492' title='bbox 1571 1547 1578 1559; x_wconf 84' lang='grc'>,</span> <span class='ocrx_word' id='word_1_493' title='bbox 1592 1528 1628 1562; x_wconf 76' lang='grc' dir='ltr'><strong>γῆ</strong></span> <span class='ocrx_word' id='word_1_494' title='bbox 1644 1527 1778 1562; x_wconf 78' lang='grc' dir='ltr'>εὕκαρπε,</span> <span class='ocrx_word' id='word_1_495' title='bbox 1794 1528 1810 1562; x_wconf 82' lang='grc' dir='ltr'>ὴ</span> <span class='ocrx_word' id='word_1_496' title='bbox 1827 1536 1898 1562; x_wconf 88' lang='grc' dir='ltr'>καρ-</span> 
     </span>
    </p>
   </div>
   <div class='ocr_carea' id='block_1_84' title="bbox 1109 1572 1900 1609">
    <p class='ocr_par' dir='ltr' id='par_1_84' title="bbox 1109 1572 1900 1609">
     <span class='ocr_line' id='line_1_84' title="bbox 1109 1572 1900 1609; baseline -0.003 -8"><span class='ocrx_word' id='word_1_497' title='bbox 1109 1573 1272 1609; x_wconf 78' lang='grc' dir='ltr'>ποφοροῦσα</span> <span class='ocrx_word' id='word_1_498' title='bbox 1287 1574 1387 1608; x_wconf 83' lang='grc' dir='ltr'><strong>στάχυν</strong></span> <span class='ocrx_word' id='word_1_499' title='bbox 1405 1573 1536 1609; x_wconf 63' lang='grc' dir='ltr'>μυστικὸν</span> <span class='ocrx_word' id='word_1_500' title='bbox 1552 1574 1598 1600; x_wconf 69' lang='grc' dir='ltr'>τὶν</span> <span class='ocrx_word' id='word_1_501' title='bbox 1613 1572 1795 1608; x_wconf 81' lang='grc' dir='ltr'>διατρέφοντα</span> <span class='ocrx_word' id='word_1_502' title='bbox 1808 1573 1900 1599; x_wconf 76' lang='grc' dir='ltr'>πᾶσαν</span> 
     </span>
    </p>
   </div>
   <div class='ocr_carea' id='block_1_85' title="bbox 1110 1621 1204 1654">
    <p class='ocr_par' dir='ltr' id='par_1_85' title="bbox 1110 1621 1204 1654">
     <span class='ocr_line' id='line_1_85' title="bbox 1110 1621 1204 1654; baseline 0 -8"><span class='ocrx_word' id='word_1_503' title='bbox 1110 1621 1204 1654; x_wconf 86' lang='grc' dir='ltr'>πνοήν.</span> 
     </span>
    </p>
   </div>
   <div class='ocr_carea' id='block_1_86' title="bbox 1154 1663 1901 1700">
    <p class='ocr_par' dir='ltr' id='par_1_86' title="bbox 1154 1663 1901 1700">
     <span class='ocr_line' id='line_1_86' title="bbox 1154 1663 1901 1700; baseline -0.003 -8"><span class='ocrx_word' id='word_1_504' title='bbox 1154 1665 1183 1691; x_wconf 83' lang='lat'><strong>&#39;0</strong></span> <span class='ocrx_word' id='word_1_505' title='bbox 1196 1665 1349 1696; x_wconf 76' lang='grc' dir='ltr'>διαπλάσας</span> <span class='ocrx_word' id='word_1_506' title='bbox 1363 1665 1425 1692; x_wconf 74' lang='grc' dir='ltr'>κατ’</span> <span class='ocrx_word' id='word_1_507' title='bbox 1440 1664 1527 1700; x_wconf 84' lang='grc' dir='ltr'>ἀρχὰς</span> <span class='ocrx_word' id='word_1_508' title='bbox 1546 1664 1596 1700; x_wconf 79' lang='grc' dir='ltr'>τὴν</span> <span class='ocrx_word' id='word_1_509' title='bbox 1609 1664 1691 1696; x_wconf 76' lang='grc' dir='ltr'>Εὕαν,</span> <span class='ocrx_word' id='word_1_510' title='bbox 1709 1663 1795 1699; x_wconf 81' lang='grc' dir='ltr'>Κύριε</span> <span class='ocrx_word' id='word_1_511' title='bbox 1806 1684 1814 1696; x_wconf 97' lang='lat'><strong>,</strong></span> <span class='ocrx_word' id='word_1_512' title='bbox 1828 1672 1901 1699; x_wconf 77' lang='grc' dir='ltr'>παρ-</span> 
     </span>
    </p>
   </div>
   <div class='ocr_carea' id='block_1_87' title="bbox 1111 1709 1901 1747">
    <p class='ocr_par' dir='ltr' id='par_1_87' title="bbox 1111 1709 1901 1747">
     <span class='ocr_line' id='line_1_87' title="bbox 1111 1709 1901 1747; baseline -0.004 -9"><span class='ocrx_word' id='word_1_513' title='bbox 1111 1712 1187 1739; x_wconf 81' lang='grc' dir='ltr'>θένου</span> <span class='ocrx_word' id='word_1_514' title='bbox 1200 1712 1281 1747; x_wconf 83' lang='grc' dir='ltr'>νηδὺν</span> <span class='ocrx_word' id='word_1_515' title='bbox 1297 1711 1451 1743; x_wconf 70' lang='grc' dir='ltr'>καθυποδίις</span> <span class='ocrx_word' id='word_1_516' title='bbox 1466 1711 1514 1746; x_wconf 77' lang='grc' dir='ltr'>τὴν</span> <span class='ocrx_word' id='word_1_517' title='bbox 1530 1710 1600 1745; x_wconf 73' lang='grc' dir='ltr'>ἐμὴν</span> <span class='ocrx_word' id='word_1_518' title='bbox 1615 1710 1720 1746; x_wconf 77' lang='grc' dir='ltr'><strong>ἐργάζῃ</strong></span> <span class='ocrx_word' id='word_1_519' title='bbox 1735 1709 1901 1741; x_wconf 75' lang='grc' dir='ltr'>ἀνάπλασιν,</span> 
     </span>
    </p>
   </div>
   <div class='ocr_carea' id='block_1_88' title="bbox 1110 1756 1901 1793">
    <p class='ocr_par' dir='ltr' id='par_1_88' title="bbox 1110 1756 1901 1793">
     <span class='ocr_line' id='line_1_88' title="bbox 1110 1756 1901 1793; baseline -0.001 -9"><span class='ocrx_word' id='word_1_520' title='bbox 1110 1757 1205 1784; x_wconf 78' lang='grc' dir='ltr'>δούλου</span> <span class='ocrx_word' id='word_1_521' title='bbox 1222 1757 1316 1793; x_wconf 80' lang='grc' dir='ltr'>σχῆμα</span> <span class='ocrx_word' id='word_1_522' title='bbox 1325 1757 1504 1792; x_wconf 74' lang='grc' dir='ltr'>ἐνδυσάμενος</span> <span class='ocrx_word' id='word_1_523' title='bbox 1516 1757 1530 1783; x_wconf 87' lang='grc' dir='ltr'><strong>ό</strong></span> <span class='ocrx_word' id='word_1_524' title='bbox 1539 1756 1679 1792; x_wconf 83' lang='grc' dir='ltr'><strong>Δεσπότης</strong></span> <span class='ocrx_word' id='word_1_525' title='bbox 1692 1757 1746 1783; x_wconf 85' lang='grc' dir='ltr'>τῶν</span> <span class='ocrx_word' id='word_1_526' title='bbox 1760 1756 1901 1784; x_wconf 82' lang='grc' dir='ltr'>ἁπάντων.</span> 
     </span>
    </p>
   </div>
   <div class='ocr_carea' id='block_1_89' title="bbox 1152 1846 1903 1884">
    <p class='ocr_par' dir='ltr' id='par_1_89' title="bbox 1152 1846 1903 1884">
     <span class='ocr_line' id='line_1_89' title="bbox 1152 1846 1903 1884; baseline -0.001 -9"><span class='ocrx_word' id='word_1_527' title='bbox 1152 1849 1196 1881; x_wconf 83' lang='grc' dir='ltr'>Ὠς</span> <span class='ocrx_word' id='word_1_528' title='bbox 1212 1849 1343 1875; x_wconf 82' lang='grc' dir='ltr'>Θεοτόκον</span> <span class='ocrx_word' id='word_1_529' title='bbox 1366 1856 1396 1874; x_wconf 88' lang='grc' dir='ltr'><strong>σε</strong></span> <span class='ocrx_word' id='word_1_530' title='bbox 1419 1847 1583 1884; x_wconf 80' lang='grc' dir='ltr'>φρονοῦντες</span> <span class='ocrx_word' id='word_1_531' title='bbox 1599 1846 1696 1883; x_wconf 83' lang='grc' dir='ltr'>γνώμῃ</span> <span class='ocrx_word' id='word_1_532' title='bbox 1712 1847 1796 1880; x_wconf 80' lang='grc' dir='ltr'>εὐθεῖ,</span> <span class='ocrx_word' id='word_1_533' title='bbox 1815 1848 1903 1883; x_wconf 73' lang='grc' dir='ltr'>πυρὸς</span> 
     </span>
    </p>
   </div>
   <div class='ocr_carea' id='block_1_90' title="bbox 1110 1893 1901 1930">
    <p class='ocr_par' dir='ltr' id='par_1_90' title="bbox 1110 1893 1901 1930">
     <span class='ocr_line' id='line_1_90' title="bbox 1110 1893 1901 1930; baseline -0.004 -7"><span class='ocrx_word' id='word_1_534' title='bbox 1110 1896 1284 1928; x_wconf 74' lang='grc' dir='ltr'>αἰωνίζοντος</span> <span class='ocrx_word' id='word_1_535' title='bbox 1297 1895 1345 1921; x_wconf 81' lang='grc' dir='ltr'>καὶ</span> <span class='ocrx_word' id='word_1_536' title='bbox 1361 1894 1474 1926; x_wconf 82' lang='grc' dir='ltr'>σκότους</span> <span class='ocrx_word' id='word_1_537' title='bbox 1488 1914 1496 1927; x_wconf 84' lang='grc'><em>,</em></span> <span class='ocrx_word' id='word_1_538' title='bbox 1512 1896 1658 1928; x_wconf 82' lang='grc' dir='ltr'>Δέσποινα,</span> <span class='ocrx_word' id='word_1_539' title='bbox 1675 1893 1844 1930; x_wconf 77' lang='grc' dir='ltr'>ῥυσθείημεν</span> <span class='ocrx_word' id='word_1_540' title='bbox 1865 1896 1901 1930; x_wconf 81' lang='grc' dir='ltr'><strong>τῇ</strong></span> 
     </span>
    </p>
   </div>
   <div class='ocr_carea' id='block_1_91' title="bbox 1113 1939 1903 1978">
    <p class='ocr_par' dir='ltr' id='par_1_91' title="bbox 1113 1939 1903 1978">
     <span class='ocr_line' id='line_1_91' title="bbox 1113 1939 1903 1978; baseline -0.001 -9"><span class='ocrx_word' id='word_1_541' title='bbox 1113 1942 1238 1978; x_wconf 82' lang='grc' dir='ltr'>μεσιτείᾳ</span> <span class='ocrx_word' id='word_1_542' title='bbox 1259 1951 1305 1969; x_wconf 85' lang='grc' dir='ltr'><strong>σου</strong></span> <span class='ocrx_word' id='word_1_543' title='bbox 1320 1961 1327 1974; x_wconf 85' lang='grc'>,</span> <span class='ocrx_word' id='word_1_544' title='bbox 1355 1941 1402 1968; x_wconf 84' lang='grc' dir='ltr'>καὶ</span> <span class='ocrx_word' id='word_1_545' title='bbox 1425 1940 1550 1976; x_wconf 81' lang='grc' dir='ltr'>ἀοράτων</span> <span class='ocrx_word' id='word_1_546' title='bbox 1575 1939 1681 1977; x_wconf 70' lang='grc' dir='ltr'>ἐχθρῶν</span> <span class='ocrx_word' id='word_1_547' title='bbox 1709 1939 1903 1975; x_wconf 81' lang='grc' dir='ltr'>πολεμούντων</span> 
     </span>
    </p>
   </div>
   <div class='ocr_carea' id='block_1_92' title="bbox 1154 1990 1197 2021">
    <p class='ocr_par' dir='ltr' id='par_1_92' title="bbox 1154 1990 1197 2021">
     <span class='ocr_line' id='line_1_92' title="bbox 1154 1990 1197 2021; baseline 0 -5"><span class='ocrx_word' id='word_1_548' title='bbox 1154 1990 1197 2021; x_wconf 78' lang='grc' dir='ltr'><strong>ἇς.</strong></span> 
     </span>
    </p>
   </div>
   <div class='ocr_carea' id='block_1_93' title="bbox 1111 1990 1906 2070">
    <p class='ocr_par' dir='ltr' id='par_1_93' title="bbox 1111 1990 1906 2070">
     <span class='ocr_line' id='line_1_93' title="bbox 1111 1990 1906 2070; baseline -0.004 -9"><span class='ocrx_word' id='word_1_549' title='bbox 1111 1990 1198 2066; x_wconf 49' lang='grc' dir='ltr'><strong>ήμέξ</strong></span> <span class='ocrx_word' id='word_1_550' title='bbox 1217 2033 1306 2070; x_wconf 84' lang='grc' dir='ltr'>πύλην</span> <span class='ocrx_word' id='word_1_551' title='bbox 1322 2034 1458 2070; x_wconf 79' lang='grc' dir='ltr'>φέρουσαν</span> <span class='ocrx_word' id='word_1_552' title='bbox 1473 2033 1542 2069; x_wconf 71' lang='grc' dir='ltr'>πρὸς</span> <span class='ocrx_word' id='word_1_553' title='bbox 1559 2032 1636 2060; x_wconf 81' lang='grc' dir='ltr'>θείαν</span> <span class='ocrx_word' id='word_1_554' title='bbox 1658 2032 1772 2065; x_wconf 71' lang='grc' dir='ltr'>εἴσοδον,</span> <span class='ocrx_word' id='word_1_555' title='bbox 1796 2031 1834 2063; x_wconf 84' lang='grc' dir='ltr'><strong>ὡς</strong></span> <span class='ocrx_word' id='word_1_556' title='bbox 1856 2032 1906 2058; x_wconf 85' lang='grc' dir='ltr'><strong>εὗ-</strong></span> 
     </span>
    </p>
   </div>
   <div class='ocr_carea' id='block_1_94' title="bbox 1111 2077 1905 2115">
    <p class='ocr_par' dir='ltr' id='par_1_94' title="bbox 1111 2077 1905 2115">
     <span class='ocr_line' id='line_1_94' title="bbox 1111 2077 1905 2115; baseline -0.003 -9"><span class='ocrx_word' id='word_1_557' title='bbox 1111 2079 1240 2107; x_wconf 81' lang='grc' dir='ltr'>διάσατον</span> <span class='ocrx_word' id='word_1_558' title='bbox 1252 2080 1301 2115; x_wconf 87' lang='grc' dir='ltr'>τὴν</span> <span class='ocrx_word' id='word_1_559' title='bbox 1316 2079 1438 2115; x_wconf 80' lang='grc' dir='ltr'>κλίμακα</span> <span class='ocrx_word' id='word_1_560' title='bbox 1453 2079 1533 2112; x_wconf 83' lang='grc' dir='ltr'>θεοῦ,</span> <span class='ocrx_word' id='word_1_561' title='bbox 1548 2078 1603 2105; x_wconf 85' lang='grc' dir='ltr'>τῶν</span> <span class='ocrx_word' id='word_1_562' title='bbox 1617 2078 1779 2113; x_wconf 75' lang='grc' dir='ltr'>σωζομένων</span> <span class='ocrx_word' id='word_1_563' title='bbox 1793 2077 1905 2112; x_wconf 79' lang='grc' dir='ltr'>ἀπλανῆ</span> 
     </span>
    </p>
   </div>
   <div class='ocr_carea' id='block_1_95' title="bbox 1112 2123 1905 2162">
    <p class='ocr_par' dir='ltr' id='par_1_95' title="bbox 1112 2123 1905 2162">
     <span class='ocr_line' id='line_1_95' title="bbox 1112 2123 1905 2162; baseline -0.001 -9"><span class='ocrx_word' id='word_1_564' title='bbox 1112 2126 1237 2161; x_wconf 82' lang='grc' dir='ltr'>όδηγίαν,</span> <span class='ocrx_word' id='word_1_565' title='bbox 1255 2126 1304 2161; x_wconf 83' lang='grc' dir='ltr'><strong>τὴν</strong></span> <span class='ocrx_word' id='word_1_566' title='bbox 1325 2125 1553 2162; x_wconf 76' lang='grc' dir='ltr'>κεχαριτωμένην</span> <span class='ocrx_word' id='word_1_567' title='bbox 1573 2124 1738 2160; x_wconf 82' lang='grc' dir='ltr'>ὑμνήσωμεν</span> <span class='ocrx_word' id='word_1_568' title='bbox 1751 2123 1905 2160; x_wconf 68' lang='grc' dir='ltr'><strong>Πιρθὲνοῑ.</strong></span> 
     </span>
    </p>
   </div>
   <div class='ocr_carea' id='block_1_96' title="bbox 1149 2262 1908 2300">
    <p class='ocr_par' dir='ltr' id='par_1_96' title="bbox 1149 2262 1908 2300">
     <span class='ocr_line' id='line_1_96' title="bbox 1149 2262 1908 2300; baseline 0 -10"><span class='ocrx_word' id='word_1_569' title='bbox 1149 2263 1354 2300; x_wconf 75' lang='grc' dir='ltr'>Φρενοσλασῶς,</span> <span class='ocrx_word' id='word_1_570' title='bbox 1371 2262 1506 2299; x_wconf 76' lang='grc' dir='ltr'>Παρθένε,</span> <span class='ocrx_word' id='word_1_571' title='bbox 1519 2263 1657 2298; x_wconf 76' lang='grc' dir='ltr'>ἁμαρτίας</span> <span class='ocrx_word' id='word_1_572' title='bbox 1668 2263 1775 2298; x_wconf 78' lang='grc' dir='ltr'>πράξας</span> <span class='ocrx_word' id='word_1_573' title='bbox 1791 2263 1908 2294; x_wconf 73' lang='grc' dir='ltr'>πολλὰς.</span> 
     </span>
    </p>
   </div>
   <div class='ocr_carea' id='block_1_97' title="bbox 1114 2306 1911 2345">
    <p class='ocr_par' dir='ltr' id='par_1_97' title="bbox 1114 2306 1911 2345">
     <span class='ocr_line' id='line_1_97' title="bbox 1114 2306 1911 2345; baseline -0.001 -9"><span class='ocrx_word' id='word_1_574' title='bbox 1114 2311 1164 2345; x_wconf 80' lang='grc' dir='ltr'>τὴν</span> <span class='ocrx_word' id='word_1_575' title='bbox 1182 2310 1293 2337; x_wconf 79' lang='grc' dir='ltr'>κόλασιν</span> <span class='ocrx_word' id='word_1_576' title='bbox 1308 2309 1456 2345; x_wconf 75' lang='grc' dir='ltr'>ἐκδέχομαι</span> <span class='ocrx_word' id='word_1_577' title='bbox 1474 2309 1578 2342; x_wconf 76' lang='grc' dir='ltr'>λοιπὸν,</span> <span class='ocrx_word' id='word_1_578' title='bbox 1595 2309 1642 2344; x_wconf 79' lang='grc' dir='ltr'><strong>ἀφ’</strong></span> <span class='ocrx_word' id='word_1_579' title='bbox 1662 2306 1696 2345; x_wconf 81' lang='grc' dir='ltr'>ἦς</span> <span class='ocrx_word' id='word_1_580' title='bbox 1716 2317 1750 2344; x_wconf 84' lang='grc' dir='ltr'>με</span> <span class='ocrx_word' id='word_1_581' title='bbox 1764 2308 1911 2344; x_wconf 80' lang='grc' dir='ltr'>λύτρωσαι</span> 
     </span>
    </p>
   </div>
   <div class='ocr_carea' id='block_1_98' title="bbox 1114 2354 1912 2391">
    <p class='ocr_par' dir='ltr' id='par_1_98' title="bbox 1114 2354 1912 2391">
     <span class='ocr_line' id='line_1_98' title="bbox 1114 2354 1912 2391; baseline -0.004 -7"><span class='ocrx_word' id='word_1_582' title='bbox 1114 2356 1160 2384; x_wconf 82' lang='grc' dir='ltr'>τὸν</span> <span class='ocrx_word' id='word_1_583' title='bbox 1174 2355 1329 2391; x_wconf 81' lang='grc' dir='ltr'>ἁδιστάχτῳ</span> <span class='ocrx_word' id='word_1_584' title='bbox 1344 2355 1444 2391; x_wconf 75' lang='grc' dir='ltr'>καρδία</span> <span class='ocrx_word' id='word_1_585' title='bbox 1464 2356 1497 2390; x_wconf 82' lang='grc' dir='ltr'>τῇ</span> <span class='ocrx_word' id='word_1_586' title='bbox 1517 2354 1577 2390; x_wconf 78' lang='grc' dir='ltr'>θείᾳ</span> <span class='ocrx_word' id='word_1_587' title='bbox 1597 2355 1688 2390; x_wconf 80' lang='grc' dir='ltr'>σκέπῃ</span> <span class='ocrx_word' id='word_1_588' title='bbox 1706 2362 1752 2381; x_wconf 87' lang='grc' dir='ltr'><strong>σου</strong></span> <span class='ocrx_word' id='word_1_589' title='bbox 1769 2355 1912 2390; x_wconf 79' lang='grc' dir='ltr'>προστρέ-</span> 
     </span>
    </p>
   </div>
   <div class='ocr_carea' id='block_1_99' title="bbox 1119 2399 1765 2437">
    <p class='ocr_par' dir='ltr' id='par_1_99' title="bbox 1119 2399 1765 2437">
     <span class='ocr_line' id='line_1_99' title="bbox 1119 2399 1765 2437; baseline -0.002 -9"><span class='ocrx_word' id='word_1_590' title='bbox 1119 2409 1210 2437; x_wconf 86' lang='grc' dir='ltr'>χοντα,</span> <span class='ocrx_word' id='word_1_591' title='bbox 1228 2401 1278 2436; x_wconf 81' lang='grc' dir='ltr'>τῆς</span> <span class='ocrx_word' id='word_1_592' title='bbox 1294 2401 1377 2436; x_wconf 87' lang='grc' dir='ltr'>μόνης</span> <span class='ocrx_word' id='word_1_593' title='bbox 1397 2399 1564 2435; x_wconf 82' lang='grc' dir='ltr'>προστασίας</span> <span class='ocrx_word' id='word_1_594' title='bbox 1579 2399 1633 2426; x_wconf 84' lang='grc' dir='ltr'>τῶν</span> <span class='ocrx_word' id='word_1_595' title='bbox 1651 2399 1765 2427; x_wconf 87' lang='grc' dir='ltr'>πιστῶν.</span> 
     </span>
    </p>
   </div>
   <div class='ocr_carea' id='block_1_100' title="bbox 1346 2500 1675 2529">
    <p class='ocr_par' dir='ltr' id='par_1_100' title="bbox 1346 2500 1675 2529">
     <span class='ocr_line' id='line_1_100' title="bbox 1346 2500 1675 2529; baseline 0.003 -1"><span class='ocrx_word' id='word_1_596' title='bbox 1346 2501 1439 2528; x_wconf 78' lang='grc' dir='ltr'><strong>ΗΧΟΣ</strong></span> <span class='ocrx_word' id='word_1_597' title='bbox 1464 2500 1613 2528; x_wconf 82' lang='grc' dir='ltr'><strong>ΠΛΑΙΊΟΣ</strong></span> <span class='ocrx_word' id='word_1_598' title='bbox 1637 2501 1675 2529; x_wconf 90' lang='lat' dir='ltr'><strong>B&#39;.</strong></span> 
     </span>
    </p>
   </div>
   <div class='ocr_carea' id='block_1_101' title="bbox 1122 2562 1917 2601">
    <p class='ocr_par' dir='ltr' id='par_1_101' title="bbox 1122 2562 1917 2601">
     <span class='ocr_line' id='line_1_101' title="bbox 1122 2562 1917 2601; baseline -0.003 -8"><span class='ocrx_word' id='word_1_599' title='bbox 1122 2566 1174 2593; x_wconf 77' lang='grc' dir='ltr'><strong>Ἐκ</strong></span> <span class='ocrx_word' id='word_1_600' title='bbox 1190 2564 1244 2592; x_wconf 79' lang='grc' dir='ltr'>τοῦ</span> <span class='ocrx_word' id='word_1_601' title='bbox 1256 2564 1390 2596; x_wconf 82' lang='grc' dir='ltr'>Κανόνος</span> <span class='ocrx_word' id='word_1_602' title='bbox 1406 2562 1462 2598; x_wconf 79' lang='grc' dir='ltr'>τῆς</span> <span class='ocrx_word' id='word_1_603' title='bbox 1475 2562 1631 2597; x_wconf 79' lang='grc' dir='ltr'>δευτέρας,</span> <span class='ocrx_word' id='word_1_604' title='bbox 1646 2564 1690 2597; x_wconf 76' lang='grc' dir='ltr'><strong>εις</strong></span> <span class='ocrx_word' id='word_1_605' title='bbox 1703 2563 1756 2591; x_wconf 80' lang='grc' dir='ltr'><strong>τὸν</strong></span> <span class='ocrx_word' id='word_1_606' title='bbox 1772 2565 1917 2601; x_wconf 78' lang='grc' dir='ltr'>Ὄρθρον,</span> 
     </span>
    </p>
   </div>
   <div class='ocr_carea' id='block_1_102' title="bbox 1152 2627 1921 2665">
    <p class='ocr_par' dir='ltr' id='par_1_102' title="bbox 1152 2627 1921 2665">
     <span class='ocr_line' id='line_1_102' title="bbox 1152 2627 1921 2665; baseline -0.001 -7"><span class='ocrx_word' id='word_1_607' title='bbox 1152 2629 1230 2658; x_wconf 81' lang='grc' dir='ltr'>Μετὰ</span> <span class='ocrx_word' id='word_1_608' title='bbox 1242 2628 1401 2665; x_wconf 82' lang='grc' dir='ltr'>μαρτύρων,</span> <span class='ocrx_word' id='word_1_609' title='bbox 1413 2627 1494 2662; x_wconf 80' lang='grc' dir='ltr'><strong>ἁγνὴ,</strong></span> <span class='ocrx_word' id='word_1_610' title='bbox 1507 2627 1576 2663; x_wconf 89' lang='grc' dir='ltr'>μετὰ</span> <span class='ocrx_word' id='word_1_611' title='bbox 1587 2627 1640 2654; x_wconf 83' lang='grc' dir='ltr'><strong>τῶν</strong></span> <span class='ocrx_word' id='word_1_612' title='bbox 1650 2628 1758 2656; x_wconf 83' lang='grc' dir='ltr'>πάντων</span> <span class='ocrx_word' id='word_1_613' title='bbox 1770 2630 1921 2665; x_wconf 76' lang='grc' dir='ltr'><strong>ἀγγέλων,</strong></span> 
     </span>
    </p>
   </div>
   <div class='ocr_carea' id='block_1_103' title="bbox 1116 2674 1920 2712">
    <p class='ocr_par' dir='ltr' id='par_1_103' title="bbox 1116 2674 1920 2712">
     <span class='ocr_line' id='line_1_103' title="bbox 1116 2674 1920 2712; baseline 0 -7"><span class='ocrx_word' id='word_1_614' title='bbox 1116 2677 1162 2705; x_wconf 75' lang='grc' dir='ltr'>τὸν</span> <span class='ocrx_word' id='word_1_615' title='bbox 1184 2677 1297 2711; x_wconf 82' lang='grc' dir='ltr'>κτίττην</span> <span class='ocrx_word' id='word_1_616' title='bbox 1316 2676 1371 2703; x_wconf 85' lang='grc' dir='ltr'>τῶν</span> <span class='ocrx_word' id='word_1_617' title='bbox 1391 2675 1520 2702; x_wconf 80' lang='grc' dir='ltr'>ἁπάντων</span> <span class='ocrx_word' id='word_1_618' title='bbox 1535 2674 1688 2701; x_wconf 77' lang='grc' dir='ltr'>ὲκδυσώπει</span> <span class='ocrx_word' id='word_1_619' title='bbox 1707 2676 1832 2712; x_wconf 85' lang='grc' dir='ltr'>σωθῆναι</span> <span class='ocrx_word' id='word_1_620' title='bbox 1846 2679 1920 2710; x_wconf 71' lang='grc' dir='ltr'>τοὺς</span> 
     </span>
    </p>
   </div>
   <div class='ocr_carea' id='block_1_104' title="bbox 1118 2720 1453 2753">
    <p class='ocr_par' dir='ltr' id='par_1_104' title="bbox 1118 2720 1453 2753">
     <span class='ocr_line' id='line_1_104' title="bbox 1118 2720 1453 2753; baseline -0.006 -5"><span class='ocrx_word' id='word_1_621' title='bbox 1118 2721 1222 2753; x_wconf 81' lang='grc' dir='ltr'>πιστῶς</span> <span class='ocrx_word' id='word_1_622' title='bbox 1237 2729 1266 2747; x_wconf 88' lang='grc' dir='ltr'><strong>σε</strong></span> <span class='ocrx_word' id='word_1_623' title='bbox 1280 2720 1453 2753; x_wconf 73' lang='grc' dir='ltr'>δοξάζοντας.</span> 
     </span>
    </p>
   </div>
   <div class='ocr_carea' id='block_1_105' title="bbox 1152 2766 1921 2804">
    <p class='ocr_par' dir='ltr' id='par_1_105' title="bbox 1152 2766 1921 2804">
     <span class='ocr_line' id='line_1_105' title="bbox 1152 2766 1921 2804; baseline 0.003 -10"><span class='ocrx_word' id='word_1_624' title='bbox 1152 2768 1222 2800; x_wconf 78' lang='grc' dir='ltr'>Νέος</span> <span class='ocrx_word' id='word_1_625' title='bbox 1243 2768 1309 2803; x_wconf 81' lang='grc' dir='ltr'>ἡμῖν</span> <span class='ocrx_word' id='word_1_626' title='bbox 1333 2767 1498 2803; x_wconf 78' lang='grc' dir='ltr'>παράδεισος</span> <span class='ocrx_word' id='word_1_627' title='bbox 1514 2766 1639 2802; x_wconf 77' lang='grc' dir='ltr'>ὲδείχθης</span> <span class='ocrx_word' id='word_1_628' title='bbox 1659 2766 1745 2802; x_wconf 77' lang='grc' dir='ltr'>ζωῆς,</span> <span class='ocrx_word' id='word_1_629' title='bbox 1770 2767 1852 2804; x_wconf 81' lang='grc' dir='ltr'><strong>ἁγνὴ,</strong></span> <span class='ocrx_word' id='word_1_630' title='bbox 1884 2769 1921 2796; x_wconf 76' lang='grc' dir='ltr'><strong>τὸ</strong></span> 
     </span>
    </p>
   </div>
   <div class='ocr_carea' id='block_1_106' title="bbox 1117 2844 1922 2881">
    <p class='ocr_par' dir='ltr' id='par_1_106' title="bbox 1117 2844 1922 2881">
     <span class='ocr_line' id='line_1_106' title="bbox 1117 2844 1922 2881; baseline 0.004 -8"><span class='ocrx_word' id='word_1_631' title='bbox 1117 2845 1184 2873; x_wconf 82' lang='lat' dir='ltr'><strong>Vide</strong></span> <span class='ocrx_word' id='word_1_632' title='bbox 1211 2844 1240 2872; x_wconf 91' lang='lat' dir='ltr'><strong>S.</strong></span> <span class='ocrx_word' id='word_1_633' title='bbox 1270 2845 1398 2881; x_wconf 68' lang='lat' dir='ltr'><strong>Ambros.</strong></span> <span class='ocrx_word' id='word_1_634' title='bbox 1425 2845 1513 2874; x_wconf 87' lang='lat' dir='ltr'><strong>Serm.</strong></span> <span class='ocrx_word' id='word_1_635' title='bbox 1527 2845 1563 2873; x_wconf 69' lang='lat'><strong>22</strong></span> <span class='ocrx_word' id='word_1_636' title='bbox 1592 2847 1619 2874; x_wconf 89' lang='lat' dir='ltr'><strong>in</strong></span> <span class='ocrx_word' id='word_1_637' title='bbox 1643 2847 1742 2881; x_wconf 86' lang='lat' dir='ltr'><strong>psalm.</strong></span> <span class='ocrx_word' id='word_1_638' title='bbox 1775 2847 1836 2880; x_wconf 81' lang='lat'><strong>&quot;8,</strong></span> <span class='ocrx_word' id='word_1_639' title='bbox 1863 2847 1922 2876; x_wconf 80' lang='lat' dir='ltr'><strong>ubi</strong></span> 
     </span>
    </p>
   </div>
   <div class='ocr_carea' id='block_1_107' title="bbox 1117 2879 1923 2918">
    <p class='ocr_par' dir='ltr' id='par_1_107' title="bbox 1117 2879 1923 2918">
     <span class='ocr_line' id='line_1_107' title="bbox 1117 2879 1923 2918; baseline 0.004 -10"><span class='ocrx_word' id='word_1_640' title='bbox 1117 2881 1282 2918; x_wconf 66' lang='lat' dir='ltr'><strong>deprzedicat</strong></span> <span class='ocrx_word' id='word_1_641' title='bbox 1296 2881 1325 2906; x_wconf 76' lang='grc' dir='ltr'><strong>Β.</strong></span> <span class='ocrx_word' id='word_1_642' title='bbox 1340 2879 1480 2918; x_wconf 73' lang='lat' dir='ltr'><strong>Virginem</strong></span> <span class='ocrx_word' id='word_1_643' title='bbox 1497 2889 1546 2917; x_wconf 85' lang='lat' dir='ltr'><strong>per</strong></span> <span class='ocrx_word' id='word_1_644' title='bbox 1559 2879 1676 2918; x_wconf 61' lang='lat' dir='ltr'><strong>gratiam</strong></span> <span class='ocrx_word' id='word_1_645' title='bbox 1701 2883 1736 2910; x_wconf 89' lang='lat' dir='ltr'><strong>ab</strong></span> <span class='ocrx_word' id='word_1_646' title='bbox 1753 2884 1828 2911; x_wconf 88' lang='lat' dir='ltr'><strong>omni</strong></span> <span class='ocrx_word' id='word_1_647' title='bbox 1842 2884 1923 2911; x_wconf 80' lang='lat' dir='ltr'><strong>inte-</strong></span> 
     </span>
    </p>
   </div>
   <div class='ocr_carea' id='block_1_108' title="bbox 1117 2916 1373 2951">
    <p class='ocr_par' dir='ltr' id='par_1_108' title="bbox 1117 2916 1373 2951">
     <span class='ocr_line' id='line_1_108' title="bbox 1117 2916 1373 2951; baseline 0.004 -9"><span class='ocrx_word' id='word_1_648' title='bbox 1117 2924 1192 2951; x_wconf 71' lang='lat' dir='ltr'><strong>gram</strong></span> <span class='ocrx_word' id='word_1_649' title='bbox 1204 2916 1264 2944; x_wconf 90' lang='lat' dir='ltr'><strong>labe</strong></span> <span class='ocrx_word' id='word_1_650' title='bbox 1276 2916 1373 2951; x_wconf 86' lang='lat' dir='ltr'><strong>pecati.</strong></span> 
     </span>
    </p>
   </div>
  </div>
