2075 3154
198 224 269 257 1325

887 212 1070 247 MARIALE.

1762 204 1830 238 1326

197 282 276 315 ξύλον
293 281 376 317 μέσον
392 279 478 315 ἔχων,
494 278 525 312 EE
549 274 581 305 οὖ
596 276 708 312 φαγὼν,
723 277 843 311 ἀχραντε
853 295 861 307 ,
875 274 926 310 τῆς
943 283 988 300 νε-

1052 279 1067 298 η
1084 269 1175 297 medio
1192 269 1231 297 tui
1247 268 1351 303 lignum
1364 267 1437 300 vitae,
1452 273 1485 294 ex
1506 273 1561 301 qun
1573 265 1717 293 comedens
1732 265 1830 297 Adam.

197 328 327 364 κρὼσεως
345 326 431 361 ’Δδὰμ
445 325 496 359 τῆς
511 324 634 359 πονηρᾶς
647 322 805 350 ἀπολύεται.

238 371 385 408 Ῥᾳθύμως
396 379 448 406 μου
459 370 509 405 τὴν
522 369 595 404 ζωὴν
609 368 815 403 ἐκδαπανήσας,
828 366 907 401 ἁγνὴ,
921 366 990 400 πρὸς

195 417 246 452 τὴν
260 416 311 452 σὴν
324 414 487 451 προστρέχω
502 412 658 448 ἀντίληψιν,
677 413 823 447 οἴκτειρον,
840 410 927 438 σῶσόν
943 418 988 445 με.

236 562 294 597 Τὴν
308 560 436 597 οὐράνιον
450 559 540 594 πύλην
548 559 725 594 ὑμνήσωμεν,
737 558 763 584 δι
772 554 806 593 ἦς
821 557 922 588 πάντες
933 556 990 583 εισ-

199 610 325 646 έρχονται
336 606 495 643 ἁμαρτωλοὶ
511 605 582 642 πρὸς
596 605 673 636 ὀδοὺς
688 604 900 640 συγχωρήσεως.

238 701 319 735 Ἀγία
338 700 426 736 μῆτερ
442 697 521 731 Θεοῦ,
533 697 583 732 τὴν
592 695 793 732 βεὸηλωθεῖσαν
810 693 924 730 καρδίαν
939 701 991 729 μου

199 747 332 784 πράξεσιν
350 745 461 779 ιναγέσι
480 743 641 778 συμπαθείᾳ
664 750 711 769 σου
725 741 850 774 ἁγίασον.

233 793 332 820 Δούλου
347 791 456 827 μορφὴν
468 790 604 817 ὑποδύντα
613 789 764 823 Δεσπότην,
778 787 866 821 Κόρη,
877 786 991 818 τίκτεις,

199 840 231 867 ὃν
248 839 354 866 ἱκέτευε
368 837 424 865 τῶν
439 836 535 864 παθῶν
550 836 600 871 τῆς
621 835 761 868 δουλείας,
777 833 847 869 ἁγνὴ
857 853 866 866 ,
883 832 993 860 ἐλευθε-

200 885 289 922 ρῶσαι
303 893 348 920 με.

239 940 418 976 Ὺπάρχουσα
440 938 564 972 ἀγγέλων
582 936 735 972 τιμιωτέρα
745 955 752 968 ,
768 934 835 961 Θεὸν
848 933 894 960 τδν
914 933 992 966 ἅγιον
1005 948 1030 978 Β

198 987 311 1017 τέτοχας
335 984 561 1020 ὑπερϐαλλόντως
577 982 759 1017 ἁγιασθεῖσα,
780 980 897 1008 Θεοτόκε
914 979 991 1014 Παρ-

198 1033 259 1060 Θένε
270 1041 276 1047 ·
293 1032 335 1059 διό
351 1040 402 1067 μου
414 1030 464 1066 τὴν
474 1029 564 1065 ψυχὴν
581 1027 781 1064 καθοδήτησον.

233 1124 352 1152 Φὼτισόν
373 1131 405 1157 με
431 1120 556 1157 ἁμαρτίᾳ
584 1118 765 1146 σκοτισθέντα
778 1138 786 1151 ,
804 1117 940 1149 ἀπαθείας
962 1117 993 1144 τδ

200 1171 258 1206 φῶς
275 1171 291 1205 ή
307 1169 446 1204 κυήσασα,
458 1167 502 1195 ἵνα
517 1165 596 1202 ὑμνῶ
617 1174 658 1198 σε,
673 1164 744 1201 ἁγνὴ
765 1163 957 1199 ’Δειπάρθενε.

225 1270 276 1298 Ἐκ
292 1269 345 1298 τοῦ
357 1269 492 1302 Κανόνος
507 1267 562 1303 τῆς
575 1268 686 1302 τρίτης,
703 1267 745 1300 εὶς
762 1266 816 1293 τὸν
835 1267 975 1300 ὀρθρον.

239 1345 344 1380 Ὠφοης
358 1344 430 1379 πύλη
447 1343 496 1378 τῆς
510 1342 594 1377 ζωῆς,
607 1340 726 1368 θανάτου
739 1339 827 1372 πύλας
840 1338 880 1374 τῷ
893 1337 996 1374 τοκετῷ

203 1399 250 1417 σου
267 1389 383 1420 λύσασα.
393 1389 463 1423 ἁγνή
473 1396 481 1404 ι
492 1386 586 1422 ὤφθης
596 1386 633 1421 γῆ
645 1384 763 1420 ὲκλεκτὴ
774 1383 808 1411 δι’
821 1381 855 1420 ἧς
866 1383 995 1418 ἀνυψώοη

203 1435 258 1463 ἀπὺ
269 1435 321 1470 γῆς
333 1435 373 1466 εἰς
384 1433 518 1469 οὐρανοὺς
531 1431 562 1459 τὸ
578 1431 632 1458 τῶν
646 1430 798 1466 ἀνθρώπων
815 1429 942 1465 φύραμα.

240 1528 314 1563 Δόλῳ
330 1527 478 1558 ἀπαύστως
490 1527 504 1553 ὁ
521 1525 619 1561 ἐχθρὸς
644 1523 755 1560 θηρεύει
774 1532 807 1559 με
823 1524 837 1550 ὸ
860 1522 995 1559 πονηρὸς,

204 1575 255 1610 τῆς
271 1573 355 1601 αὑτοῦ
372 1582 406 1609 με
425 1571 547 1608 ἐνέδρας,
571 1571 745 1606 πανάμωμε,
761 1569 917 1604 ὲΕάρπασον
928 1588 935 1601 ,
950 1569 998 1595 καὶ

1041 325 1057 344 a
1075 317 1146 344 mala
1164 320 1253 343 morte
1265 315 1406 342 liberatur.

1077 362 1147 390 Cum
1166 368 1228 397 ego,
1242 369 1259 388 ο
1281 365 1355 388 casta
1372 359 1467 394 Virgo,
1484 358 1567 386 vitam
1585 365 1674 385 meam
1695 357 1722 384 in
1738 364 1834 384 soror-

1041 409 1085 436 dia
1100 408 1215 443 otioque
1229 407 1301 434 malo
1315 403 1512 440 absumpserim
1531 411 1564 431 ac
1585 402 1785 438 dissipaverim.
1799 403 1833 430 ad

1043 460 1118 483 tuam
1142 453 1313 490 protectione
1332 459 1464 480 recurro:
1482 450 1612 478 miserere
1633 449 1697 480 mei,
1712 453 1738 476 et
1758 450 1834 476 salva

1041 508 1096 529 me.

1078 555 1224 583 Caelestem
1238 559 1345 591 portam
1362 551 1488 580 laudibus
1502 551 1681 583 celebremus,
1691 557 1740 585 per
1751 556 1833 584 quum

1042 601 1234 637 peccatoribus
1264 600 1403 628 universis
1431 598 1605 634 indulgentiae
1617 597 1779 633 aperiuntur
1803 602 1835 623 ac

1042 652 1137 683 patent
1152 647 1305 683 ingressus.

1079 693 1165 721 Mater
1183 693 1229 720 Dei
1250 697 1357 725 sancta,
1370 699 1419 720 cor
1432 698 1523 718 meum
1539 689 1760 725 coinquinatum,
1771 695 1837 723 ope-

1043 739 1121 767 ribus
1141 739 1229 774 puris,
1243 738 1345 774 pietate
1358 742 1405 765 tua
1418 741 1568 769 commota,
1589 735 1744 765 sanetilica.

1081 785 1229 813 Dominum
1247 784 1320 812 servi
1334 784 1421 811 l'orma
1436 783 1563 810 indutum
1574 781 1716 817 peperisti,
1727 789 1744 807 ο
1756 779 1836 807 Puel-

1044 831 1069 858 la
1082 830 1259 858 castissima:
1283 837 1364 865 quem
1390 836 1502 864 precare
1527 833 1558 856 ut
1587 835 1630 855 me
1647 835 1661 854 ο
1690 826 1836 854 servilibus

1047 876 1226 912 passionibus
1237 875 1345 903 liberet.

1080 930 1192 966 Angelis
1215 929 1404 957 honorabilior
1417 937 1457 962 es,
1475 936 1492 956 ο
1515 928 1598 964 Virgo
1626 927 1753 963 Deipara,
1776 934 1838 962 qua:

1044 977 1129 1005 Deum
1149 981 1274 1004 sanctum
1294 975 1440 1011 peperisti,
1459 974 1487 1001 in
1515 974 1747 1002 excellentissimo
1773 981 1838 1000 san-

1050 1023 1155 1051 ctitatis
1169 1022 1256 1058 gradu
1269 1022 1420 1050 constituto
1435 1031 1441 1049 :
1454 1025 1599 1056 propterea
1614 1020 1668 1048 dux
1682 1024 1741 1048 esto
1754 1027 1786 1047 ac
1797 1019 1839 1047 dl-

1045 1069 1147 1098 rectris
1168 1069 1268 1096 animae
1287 1075 1365 1095 meae.

1079 1114 1102 1143 0
1119 1122 1228 1150 semper
1243 1117 1320 1142 casta
1342 1112 1436 1148 Virgo,
1450 1120 1512 1148 quae
1535 1111 1765 1147 impassibilitatis
1792 1111 1838 1138 Iu-

1045 1167 1104 1188 cem
1119 1160 1258 1195 peperisti,
1272 1159 1396 1187 illumina
1413 1166 1457 1186 me
1473 1158 1577 1193 peccati
1594 1158 1714 1186 tenebris
1730 1158 1839 1186 involu-

1046 1211 1115 1240 tum,
1132 1211 1160 1234 ut
1175 1211 1283 1234 cantem
1297 1206 1391 1233 laudes
1406 1209 1479 1233 tuas.

1111 1271 1153 1298 Ex
1165 1271 1272 1299 Canone
1282 1270 1382 1306 duplici
1398 1270 1473 1305 feriae
1486 1278 1528 1304 ιιι,
1544 1270 1581 1297 ad
1598 1269 1772 1297 Matutinum.

1087 1344 1151 1372 Vitae
1164 1344 1249 1380 janua
1273 1344 1343 1372 facta
1356 1352 1397 1377 es,
1413 1351 1429 1371 ο
1446 1344 1542 1380 Virgo,
1555 1352 1617 1379 quae
1632 1350 1726 1380 portas
1744 1346 1842 1373 mortis

1047 1395 1128 1426 partu
1157 1395 1204 1418 tuo
1231 1390 1376 1425 dejecisti:
1394 1390 1479 1419 Terra
1512 1391 1598 1419 electa
1631 1391 1703 1419 facta
1725 1394 1773 1424 'cs,
1793 1399 1841 1426 per

1047 1444 1130 1471 quam
1149 1437 1262 1464 humani
1279 1436 1388 1471 generis
1403 1444 1517 1465 massaa
1529 1442 1602 1465 terra
1617 1437 1644 1464 in
1660 1437 1761 1465 malum
1772 1437 1838 1465 sub-

1048 1483 1136 1511 levata
1150 1487 1204 1511 est.

1087 1530 1170 1565 282
1184 1529 1276 1558 Hostis
1287 1530 1425 1566 malignus
1437 1530 1548 1559 assidue
1558 1537 1602 1558 me
1613 1530 1682 1559 dolis
1694 1539 1726 1559 ac
1739 1531 1843 1560 fraudi-

1050 1575 1102 1604 bus
1116 1576 1174 1604 suis
1187 1580 1323 1610 venatur;
1340 1581 1380 1610 tu,
1395 1584 1411 1604 ο
1425 1576 1585 1612 purissima,
1597 1577 1630 1604 ab
1646 1576 1754 1606 insidiis
1769 1578 1843 1606 illius

207 1620 293 1646 ποιεῖν
308 1618 355 1645 τοῦ
367 1618 506 1645 Δεσπότου
515 1638 523 1652 ,
536 1617 665 1650 Θεοτόκε,
682 1615 823 1643 εὐόδευσον
835 1614 865 1641 τὸ
880 1614 996 1650 θέλημα.

1051 1622 1126 1657 eripe
1155 1629 1217 1655 me;
1233 1625 1259 1650 et
1287 1629 1419 1657 prospere
1444 1622 1531 1657 dirige
1559 1629 1614 1655 me,
1630 1631 1646 1650 ο
1666 1623 1794 1659 Deipara,
1814 1627 1844 1652 ut

241 1711 406 1744 Συνέλαὸες,
433 1710 568 1746 ἀχραντε,
597 1710 644 1736 τδν
675 1708 793 1744 συνοχέα
823 1708 925 1740 παντὸς
950 1708 996 1735 τοῦ

206 1756 320 1791 κόσμου·
337 1756 381 1783 διὰ
393 1756 489 1788 τοῦτο,
505 1754 621 1782 ἱκετεύω
636 1763 679 1788 σε,
695 1753 834 1790 λύτρωσαί
856 1763 890 1789 με
907 1754 997 1789 πάσης

209 1802 378 1839 συνεχούσης
389 1801 539 1833 κολάσεως.

243 1896 346 1932 Θρόνος
367 1893 436 1922 Θεοῦ
458 1893 594 1929 ὲδείχθης,
607 1891 735 1926 Θεοτόκε,
751 1893 781 1919 ἐν
795 1888 818 1926 ᾧ
832 1892 915 1927 σαρκὶ
933 1891 999 1918 καθ-

208 1942 269 1974 ίσας
281 1941 328 1968 τοῦ
340 1940 456 1977 ἀρχαίου
468 1939 597 1975 ἐξήγειρε
611 1938 759 1974 πτώματος
767 1939 831 1969 τοὺς
839 1937 1000 1973 ἀνθρώπους

208 1989 238 2016 ὲν
251 1989 355 2022 φωναῖς
369 1986 560 2023 χαριστηρίοις
575 1985 728 2021 ὑμνοῦντας
744 1992 786 2011 σε.

248 2043 428 2078 Ἐπτᾶφωτόν
455 2051 485 2069 σε
504 2042 617 2078 λυχνίαν
631 2042 668 2075 ,τὸ
689 2041 747 2076 πῦρ
769 2040 818 2075 τῆς
834 2038 1000 2073 θεογνωσίιις

210 2089 347 2125 φέρουσαν
360 2109 367 2121 ,
389 2089 489 2124 Κόρη,
510 2089 524 2115 ὀ
544 2088 688 2123 προφήτης
712 2085 795 2114 πάλαι
820 2084 999 2121 προεώρακε,

210 2137 315 2172 φαίνων
327 2138 385 2169 τοῖς
401 2137 431 2162 ὲν
449 2136 541 2162 σκότει
554 2135 752 2167 κινδυνεύουσι,
770 2133 936 2168 πανάμωμε,
952 2132 1001 2167 τῆς

210 2182 358 2217 ἀγνωσίας·
373 2180 413 2209 διὸ
429 2181 483 2218 βοὼ
496 2189 549 2214 σοι,
562 2180 681 2216 φώτισόν
691 2188 738 2216 με,
751 2178 859 2215 δέομαι.

1052 1667 1162 1695 Domini
1173 1668 1340 1696 voluntatem
1352 1668 1593 1704 exsequi-valeam.

1087 1713 1254 1749 Concepisti,
1280 1723 1298 1742 ο
1334 1714 1475 1748 inviolata,
1502 1714 1579 1743 illum
1605 1715 1652 1751 qui
1684 1717 1842 1745 universum

1052 1760 1185 1787 mundum
1210 1761 1285 1795 capit
1314 1766 1341 1788 et
1366 1761 1507 1789 continet:
1523 1766 1666 1797 propterea
1692 1767 1717 1790 te
1749 1763 1845 1798 depre-

1053 1812 1110 1838 cor,
1126 1809 1155 1832 ut
1169 1806 1204 1832 ab
1218 1806 1293 1833 omni
1318 1807 1453 1842 supplicio
1478 1807 1579 1835 inferni
1599 1808 1718 1836 carceris
1745 1808 1845 1837 liberes

1053 1858 1107 1878 me.

1089 1896 1219 1924 Thronus
1247 1895 1295 1923 Dei
1324 1896 1395 1924 facta
1410 1905 1449 1930 es,
1467 1905 1484 1924 ο
1514 1897 1640 1933 Deipara,
1664 1897 1692 1925 in
1718 1906 1773 1934 quo
1800 1899 1846 1926 ille

1054 1943 1153 1970 sedens
1166 1942 1336 1975 incarnatus,
1349 1943 1384 1970 ab
1400 1944 1512 1979 antiquo
1527 1951 1592 1972 casu
1610 1945 1696 1972 erexit
1707 1945 1843 1978 homines,

1055 1989 1101 2023 qui
1122 1988 1224 2016 idcirco
1242 1993 1268 2017 te
1284 1990 1370 2025 gratis
1384 1990 1497 2018 vocibus
1513 1990 1682 2018 collaudant.

1089 2042 1219 2071 Praevidit
1245 2047 1270 2071 te
1287 2042 1352 2070 olim
1378 2044 1521 2079 propheta,
1546 2052 1562 2072 ο
1585 2042 1678 2073 Puella
1709 2046 1744 2074 ab
1770 2048 1843 2074 omni

1054 2095 1132 2115 naevo
1145 2087 1231 2116 libera
1257 2088 1327 2124 (29),
1341 2088 1536 2116 candelabrum
1565 2094 1668 2124 septem
1692 2090 1846 2118 luminibus
1867 2086 1871 2089 ’

1054 2138 1194 2168 ornatum,
1210 2134 1315 2162 habens
1328 2134 1418 2170 ignem
1434 2135 1534 2164 divina:
1549 2136 1681 2170 scientiae,
1697 2137 1743 2172 qui
1757 2137 1844 2165 lucem

1055 2181 1155 2216 praebet
1170 2180 1214 2214 iis,
1235 2181 1281 2216 qui
1299 2181 1327 2208 in
1355 2176 1520 2217 ignorantiae
1543 2182 1663 2210 tenebris
1689 2183 1846 2218 periclitan—

1055 2231 1100 2254 tur
1117 2235 1124 2254 :
1141 2227 1202 2255 ideo
1218 2226 1252 2254 ad
1269 2231 1295 2255 te
1314 2235 1395 2256 voces
1408 2227 1520 2261 extollo,
1536 2236 1700 2264 precorque,
1722 2229 1846 2256 illttmitm

1056 2281 1110 2301 me.

247 2321 293 2356 Μὴ
304 2321 401 2357 κρίνῃς
418 2330 464 2356 με,
477 2320 576 2356 Κύριε,
590 2319 661 2347 κατὰ
675 2320 709 2346 τὰ
725 2319 793 2354 ἔργα
809 2328 871 2355 μου,
886 2319 1001 2346 δυσωπῶ

1091 2319 1114 2348 Ο
1133 2318 1256 2353 Domine,
1274 2328 1369 2355 precor
1394 2324 1430 2354 te,
1446 2328 1480 2348 ne
1499 2328 1543 2348 me
1566 2319 1674 2356 judires
1696 2321 1846 2350 secundum

212 2374 263 2398 σε,
285 2365 353 2393 ἀλλὰ
378 2366 457 2397 ἵλεώς
485 2375 530 2401 μοι
556 2366 668 2402 φάνηθι,
691 2366 813 2393 δυσωπεῖ
836 2374 866 2391 σε
888 2367 937 2392 σὺν
963 2365 1002 2400 τῷ

213 2411 356 2448 Βαπτιστῇ
375 2413 391 2448 ἡ
407 2413 527 2439 τεκοῦσά
544 2422 584 2439 σε.

246 2467 322 2501 Πύλη
334 2467 482 2500 ἀδιόδευτε,
491 2467 623 2500 διάνοιξον
634 2466 722 2500 πύλας
734 2477 790 2503 μοι.
803 2468 909 2503 δέομαι,
920 2476 1003 2503 μετα-

212 2513 288 2544 νοίας
304 2512 436 2548 ἀληθοῦς,
452 2513 500 2540 καὶ
514 2513 600 2545 δεῖξόν
617 2521 662 2548 μοι
676 2513 726 2549 τὴν
740 2513 833 2549 τρίϐον
847 2513 898 2547 τῆς
913 2521 1002 2548 σωτη-

213 2559 287 2593 ρίας,
303 2559 386 2594 ἁγνὴ,
403 2559 420 2594 ἡ
437 2559 546 2586 πάντων
560 2559 667 2594 ὁδηγία.

247 2649 452 2685 Πεποικιλμένη
464 2649 551 2681 θείαις
565 2649 613 2684 ἀγ)
619 2649 692 2681 αῖαις
701 2649 746 2675 τὸν
758 2649 858 2684 ὡραῖον
870 2650 898 2676 ὲν
910 2649 1004 2676 κάλλει

212 2694 345 2729 ὲχύησας,
361 2694 496 2731 Παρθένε.
508 2694 596 2722 Αὑτὸν
607 2694 652 2721 οὖν
663 2695 707 2721 ἀεὶ
719 2694 873 2723 ἐκδυσώπει
886 2695 1006 2730 σωθῆναι

249 2785 307 2820 (‘29)
327 2786 367 2813 Ab
379 2787 468 2819 omni,
493 2786 606 2818 scilicet,
622 2794 698 2813 nmvo
714 2791 769 2813 tam
790 2786 906 2813 actualis
925 2793 1009 2820 quam

212 2821 353 2857 originalis
370 2822 489 2857 culpae,a
503 2829 558 2856 quo
570 2830 617 2856 per
628 2822 748 2849 divinam
764 2822 880 2857 gratiam
898 2829 1009 2857 praeser-

212 2860 275 2883 vata
292 2855 354 2884 luit.
380 2856 450 2884 Hinc
471 2855 518 2883 lvo
539 2855 716 2884 Garnntnnsis
745 2855 777 2883 in
807 2855 942 2883 Sermfde
955 2856 1008 2883 Na-

212 2892 284 2918 tivit.
309 2891 416 2919 Domini
444 2892 522 2924 dixit,
541 2892 587 2919 Dei
614 2891 710 2919 Filium
731 2892 757 2919 in
773 2892 858 2919 Matre
881 2899 930 2919 sua
946 2899 1007 2919 om-

213 2933 275 2954 nem
283 2934 390 2955 navum
403 2927 543 2960 originalis
551 2929 637 2962 culpa:
649 2928 792 2961 delevisse,
801 2927 1004 2962 prtescrvaudo,

1056 2371 1138 2399 opera
1151 2372 1222 2397 mea,
1236 2365 1282 2392 sed
1292 2365 1426 2400 propitius
1437 2370 1496 2393 esto
1508 2366 1574 2393 mihi
1586 2375 1593 2399 ;
1609 2368 1642 2394 de
1655 2374 1709 2401 quo
1720 2373 1846 2402 precatur

1057 2417 1083 2440 te
1096 2420 1157 2440 cum
1173 2410 1303 2447 Baptista,
1317 2412 1438 2441 Genitrix
1456 2420 1511 2442 tua.

1093 2465 1116 2494 Ο
1132 2473 1220 2502 porta,
1235 2475 1283 2502 per
1307 2476 1389 2503 quam
1420 2469 1489 2496 nulli
1518 2470 1660 2497 hominum
1689 2472 1847 2500 conceditur

1056 2512 1112 2542 via.
1124 2513 1198 2548 aperi
1219 2514 1297 2545 mihi,
1313 2522 1420 2548 precor,
1437 2522 1506 2542 verae
1522 2516 1689 2550 paenitentia:
1705 2522 1808 2550 portas.
1821 2521 1847 2542 ct

1056 2559 1170 2587 ostende
1201 2559 1268 2586 mihi
1294 2560 1421 2588 semitam
1451 2561 1558 2595 salutis,
1574 2570 1591 2590 ο
1608 2562 1691 2598 Virgo
1723 2563 1845 2590 omnium

1057 2605 1111 2632 dux
1127 2610 1154 2632 et
1171 2605 1298 2633 directio.

1095 2650 1251 2678 Divinorum
1265 2651 1441 2685 splendorum
1464 2652 1635 2694 circumdata
1657 2652 1846 2683 varietatibus,

1061 2697 1216 2732 speciosum
1229 2697 1315 2724 forma
1328 2697 1466 2732 peperisti,
1485 2705 1502 2726 ο
1523 2696 1618 2734 Virgo.
1639 2697 1770 2724 Eumdem
1797 2697 1848 2732 igi—

1062 2786 1176 2822 scilicet.
1187 2794 1240 2822 non
1254 2786 1412 2820 auferendo,
1427 2792 1457 2815 ut
1471 2787 1573 2822 optime
1600 2787 1717 2821 explicat
1728 2783 1847 2822 Joannes

1061 2822 1095 2848 Α.
1121 2821 1150 2848 S.
1172 2821 1205 2848 Μ.
1235 2822 1329 2849 doctor
1345 2823 1488 2857 theologus
1502 2822 1595 2848 Gallus
1612 2822 1638 2848 in
1657 2829 1708 2848 suo
1720 2829 1801 2855 opere
1813 2821 1847 2848 de

1062 2857 1240 2891 conceptione
1253 2858 1326 2885 edito
1346 2856 1450 2884 Tolosae
1468 2865 1540 2885 anno
1553 2856 1632 2890 1649,
1649 2858 1719 2885 sicut
1740 2856 1847 2884 actuale

1061 2892 1168 2926 delevit,
1184 2893 1236 2921 hoc
1249 2898 1302 2926 est,
1318 2893 1500 2928 praeservavit.
