2075 3154
236 222 302 255 1327

802 221 833 252 S.
852 219 1010 251 JOSEPHI
1030 219 1314 250 HYMNOGRAPHI

1795 219 1868 252 132s

236 287 283 308 tur
309 277 427 306 assiduis
448 276 576 312 precibus
596 276 751 311 interpella,
764 279 793 302 ut
817 275 852 302 ab
875 274 986 302 interitu
1001 279 1029 302 et

1085 275 1154 310 ἡμᾶς
1169 275 1202 301 ὲκ
1217 275 1332 311 φθορᾶς,
1352 274 1414 308 τοὺς
1431 275 1460 303 ὲν
1477 275 1570 303 πίστει
1587 276 1634 303 καὶ
1645 276 1724 312 πόθῳ
1745 284 1775 304 σε
1790 276 1869 310 δοξά-

235 327 411 361 corruptioue
438 325 535 352 liberet
554 331 616 357 nos,
628 324 675 359 qui
691 328 716 351 le
734 331 796 351 eum
813 323 865 350 ﬁde
877 327 905 350 et
930 321 1028 349 aﬁ‘cotu

235 374 431 409 gloriﬁcamus.

271 418 414 452 Templum
431 417 478 444 Dei
498 416 569 443 facta
584 423 624 448 es,
637 424 655 444 o
669 424 776 443 summe
793 415 981 447 immaculata,
997 415 1026 442 in

236 473 291 500 quo
302 471 364 492 cum
380 463 424 491 ille
436 469 565 498 tanquam
585 462 714 490 sacerdos
729 462 918 494 iuhabitasset,
936 461 1031 489 huma-

235 517 298 538 nam
317 508 501 536 substantiam
523 507 669 540 deiﬁcavit,
686 512 714 534 et
739 507 833 534 ﬁdeles
858 506 957 542 templa
979 513 1029 533 sua

239 555 402 583 mirabiliter
416 553 518 581 eﬂ‘ecit.
536 588 542 593 .

275 599 411 635 Hymnum
428 600 580 634 gratiarum
600 597 716 626 actionis
729 597 869 626 oﬁ‘erimus
887 597 934 625 tibi
945 604 1030 631 nunc,

234 654 252 673 ο
275 645 358 681 Virgo
385 652 463 680 pura,
482 652 529 679 per
549 649 573 672 te
598 644 631 671 ab
655 644 765 679 antiqua
790 643 984 673 maledictione
998 643 1030 671 li-

235 691 335 724 berati,
356 695 438 725 atque
456 690 546 717 omnis
564 689 761 718 benedictionis
785 688 907 718 fructum
928 696 1028 716 conse-

235 738 302 765 cuti.

272 782 436 810 Germinasti
450 781 526 809 illum
541 782 601 809 sine
614 783 729 814 semine,
742 789 823 816 quem
838 780 918 808 Pater
935 781 1029 809 incor-

237 828 402 863 ruptibiliter
419 827 584 862 germinavit
600 836 606 853 :
622 832 648 854 et
669 831 731 861 post
752 832 858 861 partum
877 826 953 860 virgo
971 833 1032 860 pcr-

237 874 376 905 mansisti,
388 872 470 908 283
479 872 708 907 quemadmodum
722 872 812 901 fueras
831 877 893 899 ante
905 875 1012 906 partum
1024 879 1030 898 :

237 924 379 955 propterea
425 918 636 951 beatitudinem,
675 924 703 946 et
748 918 863 953 gloriam
911 918 1032 944 concede

237 965 303 992 mihi
327 969 494 999 perpetuam,
512 971 528 992 ο
554 963 702 998 Ιιιγὶοιοιιι,
725 964 827 998 quippe
855 970 916 998 qum
929 971 958 991 es
985 962 1032 991 Dei
1048 956 1069 984 Β

238 1011 338 1039 Mater.

272 1056 362 1089 Illum,
382 1055 426 1084 cui
440 1063 503 1084 cum
522 1060 642 1084 tremore
657 1055 790 1084 assistunt
807 1055 934 1083 ctelestes
947 1055 1032 1089 acies,

242 1108 272 1132 tu
297 1103 438 1138 peperisti,
453 1110 469 1130 ο
494 1107 581 1136 easta,
602 1103 759 1131 hominibus
789 1102 896 1130 unitutn
922 1107 1033 1137 propter

241 1156 320 1176 suam
337 1148 485 1179 bonitatem
499 1157 506 1175 z
518 1149 650 1177 Eumdem
661 1149 786 1186 impenso
798 1147 896 1177 aﬂ‘ectu
909 1156 1032 1184 precare,

238 1199 268 1222 υι
278 1194 439 1221 misereatur
455 1201 596 1221 SCl‘VOI‘Uln
611 1199 731 1222 ιιιοῐυιιι.

272 1239 377 1267 Novum
400 1239 480 1267 nobis
500 1239 632 1266 infantem
656 1239 785 1274 peperisti
802 1238 952 1273 Antiquom
976 1238 1033 1265 die-

238 1293 311 1318 rum,
327 1285 376 1320 qui
391 1292 476 1312 noras
493 1285 520 1312 in
544 1285 624 1312 terris
649 1285 761 1312 semitas
780 1284 991 1315 demonstravit.
1006 1290 1033 1311 et

238 1336 375 1359 vetustate
405 1323 559 1359 confectam
588 1335 716 1360 naturam
734 1336 854 1359 nostram
873 1329 1032 1362 renovavit;

238 1385 255 1405 ο
265 1376 347 1412 Virgo
363 1377 518 1405 benedicta.

273 1423 396 1457 Custodi,
412 1431 428 1451 ο
444 1423 537 1451 Puella
560 1422 616 1451 Deo
641 1422 813 1454 charissima,
828 1422 855 1450 in
881 1421 1034 1450 humilitate

239 1469 321 1496 vitam
349 1477 448 1502 meam,
461 1474 489 1496 tu
506 1477 567 1504 quae
580 1469 733 1496 daemonum
753 1468 852 1496 fastum
877 1475 909 1495 ac
936 1475 1033 1502 super-

238 1516 310 1543 biant
327 1521 405 1551 partu
426 1520 472 1544 tuo
493 1515 660 1548 contrivisti,
674 1520 701 1543 et
717 1514 806 1542 cxalta
825 1522 867 1542 me
884 1522 898 1542 a
913 1520 1033 1542 stercore

238 1561 412 1597 passionum,
428 1566 456 1589 et
482 1561 636 1589 fatnelicum
664 1560 757 1597 gratiae
782 1565 834 1588 tuae
862 1564 956 1587 satura
977 1566 1031 1592 me,

239 1609 304 1635 dum
322 1608 438 1635 concino
453 1615 460 1633 :
473 1607 605 1640 Laudate,
622 1613 718 1641 opera,
736 1605 894 1640 Dominum,
912 1611 965 1633 etc.
1046 1626 1068 1656 α

943 1651 959 1668 ι

277 1699 348 1727 Voce
359 1699 447 1734 angeli
471 1704 497 1726 te
517 1700 680 1731 salutamus,
694 1706 712 1726 ο
729 1698 871 1726 benedicta
888 1697 971 1733 Virgo
984 1705 1032 1726 ca-

240 1754 254 1773 s
269 1747 363 1774 issitua
379 1754 386 1772 :
404 1746 472 1777 Ave,
488 1753 548 1781 quae
566 1745 650 1773 Deum
678 1744 980 1780 incomprehensibilem
1004 1745 1032 1772 in

240 1796 267 1819 te
284 1791 463 1818 continuisti!
483 1791 549 1823 Are,
565 1790 763 1818 maledictionis
779 1790 889 1823 solutio,
907 1794 935 1818 et
950 1789 1032 1818 bene-

240 1837 368 1865 dictionis
399 1837 586 1864 introduclioi
606 1837 701 1870 Ave,o
717 1836 809 1870 unica,
828 1844 889 1872 qua:
914 1836 1033 1872 paradisi

240 1885 334 1917 portas
350 1881 492 1916 aperuisti.

276 1926 298 1954 0
313 1926 405 1962 Virgo,
415 1935 475 1963 qua:
489 1926 555 1962 ipsis
569 1926 715 1955 Cherubim
730 1928 851 1956 sanctior
873 1928 1032 1963 apparuisti,

243 1975 344 2009 quippe
357 1981 418 2009 qua:
440 1974 522 2001 Deum
545 1973 619 2000 omni
634 1974 779 2001 sanctitate
794 1974 964 2009 superiorem
987 1981 1034 2009 pc-

242 2021 346 2055 pt-risti,
362 2020 503 2047 sanctiﬁca
520 2027 572 2047 nos
587 2027 693 2051 omnes.
709 2020 756 2055 qui
772 2025 854 2048 noctu
869 2020 972 2056 diuque
989 2028 1035 2047 νο-

241 2067 320 2094 cibus
333 2067 436 2094 sanctis
457 2071 482 2093 te
498 2066 712 2095 sanctiﬁcantus.

359 2111 402 2139 Ea:
418 2111 524 2139 Canam:
545 2111 619 2146 feriae
636 2120 674 2145 tv,
686 2112 719 2139 ad
740 2111 911 2140 Matutiuum.

279 2158 313 2185 Ut
331 2158 459 2186 oumibus
469 2158 531 2185 ﬁliis
556 2158 642 2185 Adam
668 2158 916 2193 impassibilitatem
941 2159 1034 2193 acqui-

242 2211 329 2236 reres,
346 2203 499 2238 passionem
514 2205 635 2232 sustines
646 2225 653 2237 ,
663 2199 786 2236 Domine,
802 2211 885 2239 super
904 2212 1011 2232 crucem
1026 2214 1033 2232 :

242 2255 314 2277 terra
327 2250 418 2277 tremit
431 2254 458 2277 et
470 2250 638 2277 concutitur.
661 2249 702 2277 Tu
723 2257 798 2283 vero,
810 2257 827 2276 0
843 2249 967 2283 Domina,
979 2258 1035 2277 ma-

243 2299 326 2332 ternis
341 2303 462 2334 pertnota
475 2297 637 2330 visceribus,
655 2297 682 2324 in
697 2304 778 2324 voces
794 2297 923 2332 querulas
933 2305 965 2325 ac
985 2297 1032 2324 lle-
1051 2295 1071 2322 D

213 2356 219 2363 ι
243 2344 311 2372 biles
323 2345 455 2380 erumpis.

282 2390 303 2416 0
319 2390 366 2423 ﬁli,
385 2397 447 2418 cum
473 2393 499 2418 te
527 2389 630 2425 peperi,
655 2389 812 2425 speciosum
842 2388 931 2417 iorma
954 2397 1036 2425 super

245 2443 341 2464 Omnes
385 2436 455 2463 ﬁlios
489 2435 630 2463 hominum
666 2436 807 2470 cognovi;
835 2439 862 2462 et
900 2436 1037 2471 quomodo

247 2489 330 2515 nunc,
346 2482 465 2512 Christe,
476 2481 550 2509 cruci
564 2480 648 2517 285
663 2481 760 2509 afﬁxus
775 2482 976 2516 pulchritudine
993 2490 1039 2510 ca-

247 2528 309 2556 res?
328 2527 364 2555 Ita
379 2535 440 2555 cum
458 2528 588 2563 laerymis
606 2526 690 2563 Virgo
705 2528 878 2563 loquebatur.

282 2574 378 2602 Gladio
394 2574 532 2610 passionis
545 2574 591 2601 ﬁlii
607 2574 646 2601 tui
659 2574 802 2601 vulnerata
820 2582 860 2606 es,
883 2582 899 2602 o
913 2574 1037 2607 Domina,

248 2629 309 2650 cum
325 2620 451 2648 eumdem
476 2620 650 2653 cruciﬁxum,
669 2627 700 2647 ac
727 2621 797 2647 latus
820 2620 905 2655 ipsius
925 2620 1040 2655 purissi-

248 2674 324 2694 mum
338 2670 449 2702 propter
461 2673 512 2694 nos
527 2665 622 2694 lancea
634 2665 789 2701 petfossum
808 2665 909 2693 vidisti.

284 2762 353 2789 Cum
371 2760 524 2794 Christum,
538 2760 584 2795 qui
600 2759 675 2787 solus
693 2759 727 2787 ab
746 2758 874 2786 universo
896 2757 956 2793 capi
985 2765 1039 2785 non

249 2812 348 2844 potest,
367 2807 393 2834 in
411 2812 489 2834 utero
502 2814 562 2834 meo
579 2806 723 2840 cepissem,
736 2813 767 2832 ac
784 2804 881 2832 deinde
896 2804 954 2832 sine
964 2803 1040 2832 dolo-

250 2854 327 2882 ribus
357 2852 628 2887 peperissem;nunc
652 2851 762 2879 dolores
782 2854 880 2885 partus
900 2851 1038 2885 experior,

249 2901 314 2926 dum
329 2897 454 2926 eumdem
469 2897 495 2925 in
519 2905 601 2926 cruce
615 2898 752 2926 sublatqu
766 2896 854 2925 video.
868 2896 907 2924 Ita
925 2896 1039 2931 Deipara

251 2945 428 2976 illacrytnatts
449 2943 548 2971 aiebat.

1080 321 1186 353 ζοντας.

1117 415 1191 446 Nai»:
1208 415 1277 442 Θεοῦ
1300 415 1442 451 ἐδείχοης,
1469 416 1644 451 πανάμωμε,
1662 416 1691 443 ὲν
1713 413 1736 450 ᾧ
1759 400 1888 452 οἰκήσαςΙ

1083 461 1164 495 ίερῶς
1190 461 1240 497 τὴν
1266 462 1371 498 βροτῶν
1393 462 1488 489 οὐσίαν
1510 462 1647 497 ὲοέωσεν,
1672 463 1789 499 ποιήσας
1811 465 1873 495 τοὺς

1081 506 1195 538 πιστοὺς
1209 507 1290 538 ναοὺς
1305 507 1406 534 ἑαυτοῦ
1421 507 1594 543 παραδόξως.

1121 598 1225 633 Ὕμνον
1251 607 1293 625 σοι
1305 619 1312 630 ,
1337 599 1462 634 Παροένε
1475 617 1486 631 ,
1503 599 1680 635 εὐχαριστίας
1699 600 1877 636 προσάγομεν

1082 643 1130 670 νῦν
1143 663 1150 676 ,
1168 643 1212 670 διὰ
1226 643 1275 670 σοῦ
1287 664 1294 677 ,
1312 643 1399 680 ἁγνὴ,
1418 645 1442 670 οι
1458 645 1627 679 σεσωσμένοι
1645 646 1677 672 ἐκ
1693 646 1743 681 τῆς
1757 646 1875 682 ἀρχαίας

1082 686 1217 722 κατάρας,
1230 686 1280 714 καὶ
1295 688 1386 714 πᾶσαν
1396 687 1524 723 εὐλογίαν
1538 689 1738 726 καρπούμενοι.

1124 778 1311 815 Ἐὸλάστησας
1324 778 1389 806 ἄνευ
1413 780 1572 815 σπέρματος
1586 781 1616 809 ὃν
1631 781 1763 818 ἐγέννησε
1779 785 1875 819 Πατήρ

1082 822 1261 858 ἀῤῥεύστως,
1279 822 1393 860 ἔμεινας
1416 825 1488 860 μετὰ
1512 826 1590 853 τόκον
1618 827 1753 862 παρθένος
1769 828 1805 859 ὡς
1823 829 1876 864 πρὸ

1082 870 1172 896 τόκου·
1202 869 1243 896 δ.ὸ
1267 871 1458 906 μεμακάρισαι
1479 872 1527 898 καὶ
1552 872 1696 905 δεδόξασαι
1711 892 1719 906 ,
1743 874 1875 910 ἄχραντε,

1083 915 1240 949 ἀπαύστως,
1257 916 1295 948 ὡς
1307 917 1409 954 Μήτηρ
1423 917 1490 944 οὖσα
1506 918 1586 945 Θεοῦ.

1120 1049 1156 1089 ᾯ
1170 1052 1404 1090 παρειστήκεισαν
1418 1055 1513 1091 τρόμῳ
1524 1058 1557 1082 τὰ
1572 1056 1723 1092 ἐπουράνια
1739 1063 1877 1094 τάγματα,

1083 1099 1178 1126 τοῦτον
1199 1100 1313 1133 τίκτεις,
1327 1101 1412 1137 ἁγνὴ,
1427 1102 1563 1130 ἑνωθέντα
1583 1104 1640 1136 τοῖς
1656 1104 1762 1140 βροτοῖς
1775 1106 1876 1139 ἀγαθόν

1083 1154 1156 1181 τητι,
1169 1146 1212 1181 ⁵ὃν
1235 1146 1353 1180 ἐκτενῶς
1376 1147 1481 1176 ἱκέτευε
1497 1150 1669 1185 οίκτειρῆσαι
1686 1151 1749 1183 τοὺς
1764 1151 1876 1184 δούλους

1085 1200 1143 1219 σου.

1119 1237 1188 1264 Νέον
1199 1238 1265 1274 ἡμῖν
1279 1238 1380 1274 βρέφος
1394 1239 1556 1275 ἀπεκύησας
1572 1241 1616 1268 τὸν
1632 1242 1749 1271 Παλαιὸν
1764 1244 1877 1280 ἡμερῶν

1084 1283 1146 1315 νέας
1162 1283 1208 1310 ἐπὶ
1222 1284 1275 1319 γῆς
1287 1284 1399 1320 τρίϐους
1409 1285 1618 1320 ὑποδεικνύντα,
1631 1289 1678 1315 καὶ
1691 1289 1741 1323 τὴν
1753 1290 1875 1317 παλαιωο

1086 1328 1180 1356 Θεῑσαν
1190 1329 1271 1364 φύσιν
1283 1332 1510 1367 καινουργοῦντα,
1523 1333 1680 1369 ἀνύμφευτε
1691 1335 1876 1373 εὐλογημένη.

1120 1422 1294 1457 Συντήρησόν
1308 1431 1361 1458 μου
1380 1422 1430 1459 τὴν
1445 1423 1565 1452 διάνοιαν
1581 1425 1612 1452 ὲν
1625 1425 1800 1460 ταπεινώσει,
1818 1428 1876 1456 K6-

1085 1477 1119 1503 ρη
1130 1467 1350 1504 Θεοχαρίτωτε,ή
1365 1469 1404 1504 τῷ
1415 1470 1488 1505 τόκῳ
1504 1478 1550 1497 σου
1564 1471 1873 1510 συντρίψασαπὶπάρσεις

1083 1511 1138 1538 τῶν
1152 1512 1298 1548 δαιμόνων,
1316 1513 1364 1540 καὶ
1380 1513 1488 1549 ὕψωσόν
1504 1523 1538 1550 με
1555 1515 1609 1542 ἀπὸ
1622 1517 1671 1552 τῆς
1686 1517 1804 1554 κοπρίας
1818 1519 1875 1545 τῶν

1084 1558 1189 1591 παθῶν,
1212 1559 1259 1586 καὶ
1276 1559 1415 1588 πεινῶντα
1434 1560 1485 1596 τὴν
1503 1561 1583 1597 χάριν
1603 1570 1650 1589 σου
1676 1563 1789 1599 κόρεσον
1812 1565 1877 1600 μελ-

1085 1603 1216 1639 ῳδοῦντα·
1237 1604 1290 1631 Τὸν
1304 1605 1408 1641 Κύριον
1424 1606 1545 1643 ὑμνεῖτε,
1569 1608 1604 1635 τὰ
1620 1607 1702 1644 ἔργα,
1719 1609 1767 1638 καὶ
1787 1611 1876 1646 ὑπερ-

1085 1648 1185 1683 υψοῦτε
1200 1649 1239 1680 είς
1254 1649 1359 1681 πάντας
1372 1651 1436 1681 τοὺς
1452 1651 1564 1683 αίῶνας.

1118 1695 1213 1730 Φωνήν
1240 1703 1281 1723 σοι
1298 1696 1474 1732 προσάγομεν
1506 1697 1556 1734 τὴν
1580 1698 1627 1725 τοῦ
1647 1698 1769 1735 Γασριὴλ
1794 1699 1879 1733 ἀγγέ-

1083 1741 1142 1775 λου,
1154 1741 1286 1777 πάναγνε,
1300 1742 1484 1779 εὐλογημένη·
1499 1744 1596 1778 Χαῖρε,
1610 1745 1627 1780 ἡ
1643 1746 1794 1781 χωρήσασα
1808 1745 1877 1772 Θεξιν

1083 1788 1129 1815 τὸν
1144 1788 1285 1824 ἀχώρητον
1298 1796 1305 1804 ·
1322 1790 1412 1824 χαῖρε,
1429 1790 1552 1825 κατάρας
1572 1790 1660 1822 λύσις,
1686 1791 1734 1817 καὶ
1748 1791 1876 1824 εὐλογίας

1084 1835 1241 1871 εἰσαγωγῇ·
1263 1836 1353 1870 χαῖρε,
1382 1835 1452 1872 μόνη
1478 1835 1646 1872 παραδείσου
1672 1837 1690 1872 ἠ
1715 1836 1764 1871 τὴν
1791 1837 1879 1872 θύραν

1084 1880 1239 1916 ἀνεῲξασα.

1118 1928 1235 1954 Φανεῖσα
1258 1927 1312 1955 τῶν
1337 1927 1480 1964 Χερουϐὶμ
1507 1928 1657 1964 ἅγιωτέρα,
1680 1927 1814 1964 Παρθένε,
1840 1928 1880 1960 ὡς

1084 1973 1129 1999 τὴν
1145 1973 1210 2000 Θεὸν
1226 1972 1343 2001 τεκοῦσα
1357 1974 1402 2001 τὸν
1419 1974 1580 2010 ὑπεράγιον,
1596 1974 1700 2005 πάντας
1718 1975 1792 2010 ἡμᾶς
1806 1974 1875 2001 καθ-

1085 2018 1207 2053 αγίασον,
1223 2019 1287 2052 τοὺς
1313 2020 1342 2046 ὲν
1358 2020 1461 2054 φωναῖς
1478 2019 1572 2054 ἁγίαις
1587 2019 1678 2046 πίστει
1691 2020 1721 2046 ἐν
1735 2020 1814 2046 νυκτὶ
1831 2019 1882 2046 καὶ

1085 2063 1177 2099 ἡμέρᾳ
1193 2072 1222 2090 σε
1236 2063 1408 2097 ἁγιάζοντας.

1092 2110 1139 2136 Ἐκ
1152 2109 1205 2136 toﬁ
1214 2111 1350 2144 Κανόνος
1366 2110 1421 2144 τῆς
1438 2110 1592 2145 τετάρτης,
1608 2112 1652 2144 εις
1672 2110 1725 2138 τὸν
1736 2112 1876 2144 Ὀρθρον.

1122 2157 1181 2183 ’Ὶνα
1201 2156 1334 2184 ἀπάθειαν
1359 2157 1426 2183 πᾶσι
1453 2158 1509 2190 τοῖς
1532 2156 1562 2190 ἐξ
1584 2157 1670 2192 Ἀδὰμ
1686 2156 1881 2192 προξενήσῃς,

1086 2203 1219 2236 Δέσποτα,
1235 2203 1321 2234 πάθος
1336 2203 1431 2238 φέρεις
1448 2203 1477 2230 ὲν
1494 2203 1617 2239 σταυρῷ,
1633 2204 1680 2230 καὶ
1705 2203 1797 2239 ὁρῶσα
1811 2204 1883 2229 σείεο

1087 2258 1132 2277 ται
1145 2250 1163 2284 ἡ
1181 2249 1229 2284 γῆ,
1246 2248 1424 2284 θρηνῳδοῦσα
1437 2249 1579 2285 μητρικῶς
1593 2249 1686 2283 ἐϐόας,
1699 2249 1846 2276 Δέσποινα.

1131 2386 1238 2421 Ὠραῖον
1255 2385 1348 2413 κάλλει
1374 2394 1416 2419 σε,
1434 2386 1494 2418 Υίὲ,
1510 2386 1581 2421 ὑπὲρ
1596 2385 1702 2418 πάντας
1719 2385 1886 2421 ἀνθρώπους

1090 2433 1118 2460 ὲν
1133 2432 1171 2467 τῷ
1193 2434 1298 2459 τίκτειν
1323 2432 1457 2466 ἐπέγνων,
1475 2433 1523 2459 καὶ
1539 2432 1597 2464 πῶς
1617 2432 1820 2467 σταυρούμενος
1836 2431 1886 2458 νῦν

1089 2478 1187 2510 κάλλος
1204 2478 1254 2505 οὐκ
1273 2477 1356 2514 ἔχεις,
1382 2478 1505 2513 Χριστέ;
1524 2479 1541 2514 ἠ
1566 2478 1706 2513 Παρθένος
1734 2477 1812 2511 ἔλεγε
1837 2477 1888 2504 δα-

1089 2524 1221 2560 κρύουσα.

1132 2570 1268 2606 Ῥομφαίᾳ
1283 2571 1417 2606 τέτρωσαι
1427 2569 1476 2597 τοῦ
1493 2570 1608 2602 πάθους,
1623 2571 1769 2602 Δέσποινα,
1785 2570 1833 2597 τοῦ
1851 2572 1886 2597 ὲκ

1092 2617 1138 2643 σοῦ
1160 2617 1359 2652 σαρκωθέντος,
1374 2617 1438 2644 ὅταν
1455 2617 1536 2644 αὐτὴν
1548 2617 1664 2651 ἐσλεψας
1680 2618 1888 2652 σταυρούμενον

1090 2663 1139 2689 καὶ
1162 2663 1247 2699 λόγχῃ
1274 2662 1408 2700 ἄχραντον
1430 2662 1551 2698 πλευρὰν
1574 2662 1608 2689 δι’
1637 2663 1712 2698 ἡμᾶς
1740 2662 1886 2697 ἐξορυττὸ-

1093 2716 1184 2742 μενον.

1127 2754 1215 2790 lla-cpi.
1243 2754 1392 2790 χωρήσασα
1417 2754 1536 2789 Χριστὸν
1562 2755 1642 2790 μόνον
1665 2754 1713 2780 τὸν
1740 2753 1888 2789 ἀχώρητον

1092 2801 1176 2828 παντὶ
1193 2800 1296 2827 ὠδίνων
1314 2800 1426 2828 ἄνευθεν
1447 2801 1571 2834 τέτοκας,
1588 2800 1635 2827 νῦν
1653 2800 1682 2827 δὲ
1697 2799 1834 2834 ὀδυνῶμαι
1853 2799 1887 2825 ἐν

1090 2847 1128 2882 τῷ
1145 2847 1328 2883 σταυροῦσθαί
1358 2856 1399 2881 σε,
1415 2847 1527 2883 Χριστὲ,
1551 2848 1569 2883 ἡ
1590 2846 1723 2878 Θεοτόκος
1750 2845 1887 2874 κλαίουσα

1091 2894 1195 2928 ἔλεγεν.
