2075 3154
223 170 293 202 1333

936 169 1119 199 MARIALE.

1792 169 1864 200 1334

221 222 378 259 ἁνεδείχθης
401 220 519 249 τεκοῦσα
541 221 587 248 τὸν
610 220 732 257 Ποιητὴν
756 221 806 256 τῆς
827 221 960 254 κτίσεως,
985 221 1015 248 ὂν

1076 223 1155 256 "nisti,
1169 231 1185 251 ο
1212 222 1305 259 Virgo,
1321 223 1524 259 qundoquidem
1538 228 1727 251 creaturarum
1740 225 1865 251 omnium

221 269 404 301 ἀναπαύστως
418 267 540 296 δυσώπει
553 267 726 304 οίκτειρῆσαι
746 269 810 300 τοὺς
828 267 939 300 δούλους
959 276 1018 302 σου,

221 318 285 350 τούς
302 326 330 344 σε
343 315 516 350 δοξάζοντας.

1071 268 1214 297 Factorem
1229 270 1378 305 peperisti;
1397 277 1478 304 quem
1491 269 1608 296 assiduis
1624 269 1867 297 obsecrationibus

1071 323 1119 343 ora
1143 320 1173 343 ut
1187 315 1351 344 misereatur
1358 315 1442 351 287
1451 322 1595 343 servorum
1610 319 1729 346 tuorum.
1746 314 1794 350 qui
1811 315 1870 349 glo-

1072 363 1141 390 riam
1160 366 1236 390 tuam
1253 363 1411 390 det-autaut.

258 411 292 438 Al
305 411 350 438 τὸν
369 411 488 447 Χριστὸν
505 411 662 447 ποθήσασαι
674 411 805 445 γυναῖκές
823 419 853 437 σε
874 409 925 446 τὴν
937 409 1020 438 αὑτὸν

223 457 388 492 ἀπορρήτοις
405 458 560 489 τετοκυῖαν,
581 457 758 492 πανάχραντε
770 456 917 490 Δέσποινα,
934 464 1020 491 γεγη-

223 502 282 529 θότι
298 502 419 538 λογισμῷ
432 502 618 538 περιεστῶσαι
634 502 805 539 χορεύουσιν.

266 594 296 621 '0
320 594 434 630 Κύριος,
453 594 582 630 ἄχραντε,
601 594 634 621 ὲκ
653 593 701 621 σοῦ
721 594 851 630 ἀρρήτως
865 593 956 630 σάρκα
971 602 1022 629 φο-

227 640 320 675 ρέσας,
333 641 387 667 τῶν
400 640 520 674 γυναίων
537 640 582 667 τὸν
593 641 745 674 κατάλογον
758 641 787 668 ὲν
795 640 906 676 ἀνδρείᾳ
919 640 1022 675 διηγω-

225 687 352 721 νισμένον
365 687 536 722 προσήκατο.

268 742 401 777 Ῥυομὲνη
415 743 489 778 ἡμᾶς
503 742 593 778 πάσης
606 742 706 778 φάνηθι
721 742 769 770 τοῦ
790 741 889 778 ἐχθροῦ
906 742 1022 777 βλάϐης,

225 787 370 821 Δέσποινα,
395 787 557 821 δυσωπρῦσα
578 788 696 824 Χριστὸν
719 789 766 815 τὸν
790 789 871 824 μόνον
883 788 1023 823 εὔσπλαγ-

226 842 300 868 χνον.

259 879 347 915 Σαρκὶ
359 879 479 906 τεκοῦσα
498 879 616 915 Χριστὸν
637 881 687 915 τῆς
703 879 806 916 σαρκός
821 889 873 916 μου
887 880 922 907 τὰ
945 880 1020 915 πάθη

225 923 392 956 θανάτωσον,
412 924 459 951 καὶ
480 924 602 957 ζώωσον,
627 924 763 960 Παρθένε,
783 925 833 961 τὴν
855 926 946 961 ψυχήν
969 933 1021 960 μου

227 970 354 1006 μεσιτείᾳ
374 979 433 998 σου.

266 1013 297 1040 '0
315 1015 345 1041 σὲ
363 1014 498 1050 παρθένον
517 1014 607 1047 δείξας
619 1015 704 1050 ἁγνὴν
716 1016 763 1042 καὶ
774 1016 846 1051 μετὰ
864 1017 955 1050 τόκον,
970 1018 1024 1045 τῶν

225 1060 312 1094 ἁγίων
348 1069 379 1087 τε
412 1060 552 1095 γυναικῶν
583 1061 633 1094 τὰς
664 1061 778 1097 χορείας
821 1062 1024 1096 ἁκολουθούσας

228 1106 364 1141 ἔσχηκας.

269 1152 356 1187 Ὅλην
369 1161 400 1179 σε
412 1151 527 1188 πλησίον
539 1153 619 1186 Θεοῦ,
639 1153 774 1189 Παρθένσ,
790 1155 870 1191 χορὸς
884 1155 1024 1190 γυναικῶν

228 1197 384 1233 ἠγάπησεν,
408 1199 457 1225 καὶ
470 1198 517 1225 σοῦ
539 1199 628 1226 ὀπίσω
648 1201 823 1236 προσηνέχθη
849 1202 888 1237 τῷ
899 1202 1025 1238 Δεσπότῃ

227 1244 282 1271 τῶν
295 1244 363 1271 ὅλων
381 1245 536 1280 συμφώνως
553 1245 717 1281 μακαρίζων
731 1255 772 1280 σε,
789 1246 920 1282 ἄχραντε.

267 1338 329 1370 Φῶς
347 1338 468 1366 τεκοῦσα
482 1338 699 1376 φωταγὼγησον,
716 1340 852 1375 Παρθένε.
866 1341 916 1377 τῆς
936 1341 1026 1377 ψυχῆς

229 1394 282 1421 μου
300 1385 331 1412 τὸ
355 1385 463 1420 σκότος,
485 1385 622 1414 διώκουσα
646 1386 695 1421 τῆς
718 1386 869 1423 ἁμαρτίας,
885 1387 967 1424 ἁγνὴ,
995 1388 1025 1415 τὸ

230 1432 263 1468 pa
268 1432 395 1468 ρύτατον.

507 1504 601 1532 ΗΧΟΣ
620 1504 742 1533 ΒΑΡΥΣ.

237 1566 288 1594 Ἐκ
307 1566 360 1595 τοῦ
371 1567 508 1602 Κανόνος
519 1567 575 1603 τῆς
589 1568 743 1603 δευτέρας,
758 1569 802 1602 εις
816 1568 871 1596 τὸν
887 1569 1019 1603 ὀρθρον.
1034 1572 1058 1605 C

277 1638 311 1668 Ἦ
329 1642 481 1677 προστασία
498 1642 555 1670 τῶν
569 1641 684 1674 πιστῶν,
705 1642 724 1678 ἠ
743 1642 798 1669 τῶν
810 1641 1027 1678 ἁμαρτανόντων

229 1688 384 1724 ἐπιστροφὴ
405 1688 473 1724 πρὸς
490 1688 568 1722 Θεὸν,
587 1688 712 1725 Παρθένε
728 1688 894 1724 πανάμωμε,
907 1689 940 1724 τῇ
961 1695 1028 1723 πρε-

231 1732 311 1769 σϐείᾳ
325 1741 385 1766 σου,
404 1733 492 1760 σῶσόν
515 1738 560 1769 με.

266 1779 342 1813 Μόνη
362 1778 481 1806 τεκοῦσα
498 1779 544 1805 τδν
561 1779 688 1814 οὐράνιον
704 1779 830 1814 βασιλέα,
847 1780 981 1815 Παρθένε,
996 1780 1026 1806 ὲν

231 1824 294 1859 ἐμοὶ
322 1824 372 1859 τὴν
404 1824 603 1860 βασιλεύουσαν
629 1825 768 1860 ἁμαρτίαν
796 1825 946 1858 κατάὸαλε,
978 1825 1041 1861 καὶη

230 1869 391 1905 οἰκτείρασα
409 1869 497 1896 σῶσόν
512 1878 558 1904 με.
577 1896 582 1901 ,

267 1915 389 1951 Παρθένε
403 1916 483 1951 ἁγνὴ,
501 1915 693 1951 θεοχαριτωτε,
709 1916 888 1952 χαριτώσασα
901 1916 946 1943 τὸν
962 1916 1025 1943 νοῦν

233 1970 286 1997 μου
312 1962 359 1989 τοῦ
384 1964 541 1998 σκοτασμοῡ
565 1963 614 1998 τῆς
638 1961 750 1997 ἀγνοίας
775 1962 886 1994 τελείως
916 1962 1025 1989 ἐλευθέ-

234 2015 331 2042 ρωσον.

268 2056 318 2082 Διὰ
334 2055 392 2088 σοῦ,
410 2054 541 2089 παναγία,
559 2054 601 2080 σοὶ
621 2053 736 2089 ποιήσας
758 2053 891 2088 μεγαλεῖα
917 2054 931 2079 ὁ
956 2053 1024 2086 Θεδς

233 2101 303 2136 ὑπὲρ
320 2101 399 2135 λόγον
421 2102 454 2127 ὲκ
474 2099 521 2127 σοῦ
539 2099 720 2135 ὲσωματώθη.
746 2099 833 2126 Αὐτὸν
852 2097 899 2127 οὖν
918 2100 1025 2128 ἱκέτευε

233 2146 352 2177 ἐκτενῶς
365 2146 435 2182 ὑπὲρ
452 2145 573 2172 πάντων.

273 2190 429 2226 ’Υμνοῦμὲν
439 2199 479 2223 σε,
491 2190 669 2226 ὑπερύμνητε
679 2191 767 2226 Κόρη,
783 2191 924 2226 κυήσασαν
939 2191 1026 2227 ὕπερ-

1106 408 1247 441 Mulieres,
1259 416 1321 444 quae
1334 407 1435 436 Christi
1453 414 1549 435 amore
1566 414 1599 435 ac
1615 407 1752 434 desiderio
1769 407 1869 442 ﬂagra-

1070 455 1152 489 bant;
1168 455 1241 482 circa
1270 459 1307 486 te,
1330 462 1347 481 ο
1374 453 1490 482 Domina
1520 453 1869 488 immaculatissima,qum

1071 501 1199 529 eumdem
1213 500 1386 528 inetl'abiliter
1397 507 1554 536 pepereras,
1573 499 1637 527 laeto
1656 500 1748 527 animo
1760 500 1872 528 stabant

1073 555 1106 575 ac
1123 547 1321 582 tripudiabant.
1717 582 1726 585 _

1107 592 1240 620 Dominus
1253 592 1309 625 ille,
1329 592 1376 628 qui
1396 599 1428 620 ex
1444 596 1481 625 te,
1500 599 1516 620 ο
1532 591 1679 622 inviolata.
1695 591 1871 619 inct‘t‘abiliter

1073 645 1156 666 carne
1172 639 1290 667 amictus
1305 645 1357 671 est,
1377 639 1517 671 mulieres,
1531 646 1592 673 qua;
1608 642 1721 665 strenue
1742 638 1868 665 decerta—

1072 689 1182 720 verunt,
1196 686 1318 713 virorum
1334 685 1446 713 fortium
1473 685 1599 720 catalogo
1615 684 1754 720 ascripsit.

1108 740 1206 769 Libera
1225 748 1287 774 nos,
1305 741 1433 773 Domina,
1447 740 1483 767 ab
1511 740 1587 767 omni
1612 740 1717 768 inimici
1746 739 1878 772 laesione,

1074 786 1128 814 tuis
1137 786 1266 821 precibus
1276 786 1349 821 apud
1357 785 1517 819 Christum,
1528 786 1576 821 qui
1587 785 1662 814 solus
1673 785 1754 813 habet
1765 785 1879 812 viscera~

1074 832 1281 860 misericordiae.

1108 877 1150 905 Tu
1169 877 1261 914 Virgo,
1276 885 1338 913 quae
1356 877 1496 905 Christum
1515 876 1542 904 in
1559 884 1643 905 carne
1653 877 1794 912 peperisti,
1809 885 1871 904 car-

1076 924 1120 951 nis
1134 931 1201 951 meae
1209 923 1350 959 passiones
1367 922 1512 956 tnortiiica,
1528 927 1555 950 et
1569 922 1688 950 animam
1705 931 1792 950 meam
1806 923 1874 951 vivi—

1076 970 1127 998 ﬁca
1143 969 1340 998 intercessione
1353 973 1411 998 tua.

1110 1016 1166 1049 Ille,
1178 1016 1227 1051 qui
1239 1021 1264 1043 te
1275 1016 1407 1051 virginem
1420 1016 1503 1043 etiam
1525 1020 1597 1051 post.
1608 1020 1717 1051 partum
1738 1016 1878 1050 servavitr

1076 1062 1139 1090 fecit
1155 1067 1184 1090 ut
1202 1066 1361 1090 sanctarum
1377 1063 1525 1091 mulierum
1543 1063 1621 1091 chori
1650 1062 1834 1098 tripudiantes
1847 1067 1878 1091 ω

1075 1113 1267 1142 εοιιιιοτειιιιιν.

1113 1155 1153 1183 Te
1185 1161 1272 1183 totam
1301 1155 1455 1191 proximam
1488 1154 1579 1187 Dei,o
1605 1154 1698 1189 Virgo,
1725 1155 1880 1182 mulierum

1076 1201 1178 1229 chorus
1201 1201 1351 1234 dilexil;et
1374 1205 1436 1236 post
1453 1205 1478 1228 te
1491 1201 1600 1228 oblatus
1620 1205 1661 1228 est
1680 1201 1804 1228 omnium
1820 1200 1874 1228 Do-

1077 1247 1163 1279 mino,
1179 1246 1310 1274 concordi
1332 1253 1401 1274 voce
1418 1250 1444 1274 te
1466 1245 1573 1274 beatam
1599 1246 1753 1281 appellans.
1769 1254 1786 1274 ο
1798 1245 1871 1274 inte-

1076 1296 1192 1320 morata.

1111 1337 1134 1365 0
1155 1337 1240 1373 Virgo
1259 1341 1358 1369 casta,
1383 1344 1444 1373 quae
1472 1337 1561 1365 lucem
1586 1336 1727 1372 peperisti,
1749 1336 1882 1365 illumina

1077 1383 1204 1412 tenebras
1218 1383 1317 1411 animae
1335 1391 1412 1415 meae,
1427 1383 1619 1419 gravissimam
1631 1390 1665 1411 ac
1679 1382 1875 1411 densissimam

1077 1430 1182 1465 peccati
1197 1430 1341 1465 caliginem
1359 1430 1516 1458 eliminans.

1342 1502 1459 1531 TONUS
1476 1502 1616 1531 GBAVIS.

1191 1568 1235 1596 Ea:
1251 1569 1358 1597 Canane
1374 1568 1448 1603 feria:
1465 1577 1495 1601 ll,
1513 1569 1553 1596 ad,
1569 1567 1747 1596 Matutitmm.

1119 1640 1141 1669 Ο
1157 1641 1240 1677 Virgo
1256 1645 1312 1670 tota
1329 1649 1410 1677 pura,
1425 1641 1610 1677 patrocinium
1633 1641 1766 1674 ﬁdelium,
1779 1649 1878 1677 pecca-

1078 1693 1167 1716 torum
1185 1688 1330 1716 conversio
1343 1687 1377 1715 ad
1391 1687 1496 1722 Deum;
1509 1687 1620 1716 salvum
1637 1695 1680 1716 me
1691 1687 1734 1716 l‘ac
1747 1688 1883 1717 intercrs‘

1078 1735 1155 1763 sione
1173 1740 1230 1762 tua.

1113 1780 1136 1808 Ο
1152 1780 1244 1815 Virgo,
1256 1788 1317 1815 qua:
1330 1779 1463 1815 singulari
1479 1780 1623 1816 privilegio
1637 1781 1775 1809 cmlestem
1786 1789 1881 1816 regem

1077 1826 1225 1861 peperisti;
1245 1831 1386 1860 peccatum
1405 1827 1479 1861 quod
1500 1827 1527 1853 in
1542 1834 1586 1854 me
1597 1827 1765 1860 dominatur,
1777 1827 1876 1862 dejice.

1077 1877 1103 1899 et
1122 1872 1253 1898 miserata
1266 1871 1373 1898 salvum
1389 1871 1433 1898 l'ac
1452 1879 1507 1899 me.

1112 1916 1135 1944 Ο
1160 1916 1243 1951 Virgo
1269 1923 1358 1949 casta,
1375 1917 1467 1944 divina
1494 1917 1582 1951 gratia
1609 1917 1778 1952 plenissima,
1795 1919 1876 1953 imple

1077 1962 1164 1998 gratia
1192 1966 1311 1990 mentem
1339 1971 1439 1995 meam,
1452 1967 1480 1990 et
1501 1963 1536 1990 ab
1565 1963 1728 1998 ignorantiae
1753 1965 1877 1992 tenebris

1077 2008 1199 2043 perfecte
1214 2008 1301 2036 libera
1316 2016 1370 2036 me.

1113 2054 1164 2082 Per
1178 2059 1213 2087 te,
1224 2061 1243 2081 ο
1257 2055 1441 2088 sanctissima,
1459 2054 1601 2089 Dominus,
1613 2056 1659 2091 qui
1673 2055 1738 2083 fecit
1753 2055 1800 2083 tibi
1816 2063 1876 2083 ma-

1077 2100 1176 2135 gnalia,
1189 2099 1274 2135 288
1286 2108 1369 2135 supra
1382 2101 1496 2129 rationis
1506 2106 1615 2136 captum
1628 2109 1660 2129 ex
1674 2106 1699 2129 te
1710 2107 1876 2137 corporatus

1077 2148 1128 2171 est.
1151 2143 1281 2171 Eumdem
1297 2152 1362 2179 ergo
1389 2153 1438 2180 pro
1458 2145 1596 2173 universis
1621 2145 1722 2174 obnixe
1750 2153 1876 2181 precare.

1112 2189 1271 2227 Laudamus
1286 2195 1322 2223 te,
1338 2198 1354 2218 ο
1368 2190 1463 2219 Puella
1479 2192 1554 2219 omni
1568 2191 1650 2219 laude
1663 2193 1801 2227 superior,
1814 2200 1875 2226 qua:

238 2224 359 2273 eme»
374 2224 473 2272 Λόγον,
491 2237 521 2264 ὃν
535 2224 676 2264 narrantia!
705 2224 836 2272 δυνάμεις
862 2224 1027 2274 ἁνυμνοῦσιν

1081 2224 1202 2263 verbum
1233 2236 1454 2271 superlandahile
1483 2237 1623 2272 peperisti,
1640 2224 1714 2272 quod
1744 2224 1875 2265 universa!

234 2283 360 2319 οὐρανῶν
376 2284 520 2320 ἀσιγήτοις
536 2284 651 2318 φωναῖς.

271 2376 356 2408 Bai-ro;
373 2385 403 2403 σε
417 2376 616 2412 προεικόνιζεν,
640 2376 721 2413 ἁγνὴ,
741 2377 779 2413 μὴ
803 2376 972 2412 φλεγομένηι
997 2376 1029 2404 τὸ

234 2422 292 2458 πῦρ
308 2423 363 2458 γὰρ
377 2422 538 2457 ἀπεκύησας
553 2423 585 2449 τὸ
601 2423 744 2457 ᾶστεκτον,
762 2422 897 2458 Παρθένε,
914 2422 955 2450 διδ
973 2422 1028 2458 βοῶ

236 2477 288 2495 σοι·
305 2467 481 2503 Κατάφλεξόν
497 2476 548 2503 μου
564 2468 599 2495 τὰ
613 2467 702 2504 ὑλώδη
718 2468 880 2504 παθήματα.

276 2559 374 2595 Ἐλύθη
398 2559 449 2595 τῆς
468 2559 593 2595 κατάρας
612 2559 651 2595 τῷ
664 2559 738 2595 τόκῳ
755 2567 814 2591 σου,
839 2558 975 2594 Παρθένε,
997 2558 1029 2586 τὸ

234 2606 409 2643 ἀνθρώπινον
425 2607 550 2643 φύραμα-
566 2606 613 2634 τδν
636 2607 692 2643 γὰρ
714 2606 934 2642 παντευλόγητον
950 2606 1030 2634 εὐλο-

234 2653 308 2686 γίαις
320 2652 355 2680 τὰ
369 2653 458 2680 πάντα
469 2652 626 2688 κοσμοῦντα
637 2653 769 2689 ἑκύησας.

272 2747 452 2779 Φωτιστικαῖς
470 2746 663 2783 φρυκτωρίαις
674 2746 721 2774 τοῦ
736 2746 929 2778 ἀνατείλαντος
941 2745 1029 2780 Λόγου

237 2794 270 2819 ἐκ
283 2792 342 2825 σοῦ,
356 2794 478 2829 Παρθένε
489 2793 570 2829 ἁγνὴ,
586 2792 760 2827 καταύγασόν
778 2802 812 2829 με
825 2792 968 2829 ἁμαρτιῶν
983 2792 1030 2819 καὶ

239 2838 333 2867 παθῶν
348 2840 377 2867 ὲν
390 2839 430 2875 τῷ
446 2839 537 2867 σκότει
554 2839 770 2876 καλυπτόμενον.

1079 2282 1211 2310 ctelorum
1244 2287 1396 2318 potestates
1421 2284 1536 2312 vocibus
1563 2291 1705 2320 nunquam
1730 2285 1875 2313 silentibus

1079 2328 1248 2356 collaudant.

1116 2374 1305 2410 Prwtiguravit
1315 2379 1352 2408 te,
1367 2383 1384 2403 o
1397 2380 1474 2403 casta
1486 2397 1493 2409 ,
1512 2377 1610 2409 rubus,
1627 2377 1673 2412 qui
1692 2385 1745 2406 non
1760 2379 1874 2406 combu-

1080 2420 1312 2456 rebatur;ignem
1345 2421 1446 2456 quippe
1473 2422 1674 2450 intolerabilem
1699 2424 1838 2458 peperisti,
1859 2433 1875 2451 ο

1080 2465 1175 2502 Virgo,
1188 2472 1330 2502 propterea
1341 2468 1430 2496 clamo
1444 2468 1479 2495 ad
1498 2473 1524 2496 te
1539 2477 1547 2496 :
1564 2468 1721 2497 Materiales
1731 2469 1875 2504 passiones

1080 2520 1156 2540 meas
1177 2513 1320 2540 combure.

1116 2558 1167 2585 Per
1179 2563 1287 2594 partum
1303 2563 1389 2590 tuum,
1406 2567 1423 2586 o
1441 2558 1532 2595 Virgo,
1549 2559 1669 2588 humana
1684 2568 1775 2588 massa
1789 2567 1804 2587 a
1818 2567 1874 2587 ma-

1082 2605 1228 2633 ledictione
1250 2605 1339 2633 soluta
1372 2610 1432 2633 est:
1449 2606 1548 2633 etenim
1575 2607 1651 2633 illum
1678 2611 1762 2633 totum
1792 2606 1874 2633 bene-

1082 2652 1184 2680 dictum
1197 2652 1334 2687 peperisti,
1347 2652 1397 2688 qui
1409 2653 1541 2681 universa
1548 2652 1782 2680 benedictionibus
1795 2659 1873 2680 exorv

1083 2703 1140 2726 nat.

1118 2744 1309 2773 llluminativis
1337 2745 1529 2780 splendoribus
1563 2744 1645 2772 Verbi
1677 2746 1749 2779 quod
1778 2753 1810 2772 ex
1848 2750 1874 2774 te

1083 2791 1155 2818 velut
1183 2791 1225 2818 sol
1251 2797 1376 2819 exortum
1405 2797 1456 2824 est,
1483 2799 1499 2818 ο
1527 2791 1610 2825 Virgo
1637 2795 1724 2822 casta,
1750 2791 1879 2818 illumina

1084 2846 1136 2869 me,
1162 2842 1337 2872 peccatorum
1368 2846 1400 2866 ac
1428 2837 1586 2873 passionum
1618 2837 1738 2865 tenebris
1767 2837 1872 2865 ἰυγοιυτ

1084 2889 1140 2910 tum
1145 2902 1150 2909 .
