2075 3154
192 170 261 201 1335

251 225 293 253 Ex
308 225 414 254 Conone
433 227 531 261 duplici
547 227 620 262 ferite
637 229 732 262 ut,-ad
753 228 926 257 Matutinum.

225 301 353 329 Animam
370 310 458 330 meam
472 304 599 338 plurimis
615 305 736 340 peccatis
763 306 885 333 vitiatam
901 306 986 334 ntale—

191 355 245 382 que
259 347 395 382 aﬂ'ectam,
406 349 512 377 medica
527 357 608 377 manu
620 358 698 383 cura,
708 350 790 387 Virgo
802 351 848 378 Dei
859 351 984 387 genitrix,

193 400 221 421 ιιι
234 396 262 422 in
284 395 399 423 vocibus
411 396 561 430 gratiarum
577 397 694 426 actionis
717 406 780 426 cum
805 399 929 434 impenso
944 398 985 426 af-

151 447 160 467 ;
194 440 265 468 fectu
287 449 396 477 semper
411 442 559 477 gloriﬁcent
576 448 612 471 te.

229 486 373 521 Peperisti,
388 495 405 514 0
420 489 609 522 sanctissima,
628 489 904 524 incomprehensibile
919 488 986 516 Ver-

191 531 255 558 bum
291 532 318 559 in
347 540 430 560 carne
463 534 614 562 secundum
644 535 804 571 hypostasin
839 535 984 563 nobiscum

193 583 406 605 conversalnm:
423 580 496 614 quod
515 584 543 608 tu
559 581 687 616 precibus
710 581 764 609 tuis
785 581 906 610 assiduis
924 589 986 617 pre-

193 631 255 650 care
269 631 318 658 pro
334 624 424 652 salute
447 633 541 653 eorum
558 627 605 661 qui
633 632 658 654 te
678 634 788 663 semper
806 628 913 655 beatam
937 635 987 662 ap-

193 671 305 705 pellant.

230 717 277 744 Dei
294 722 400 752 portam
420 719 543 753 praevidit
556 723 582 746 te
601 720 742 755 propheta,
761 728 778 748 o
793 719 875 755 Virgo
890 719 982 747 invio-

193 763 258 794 lata,
275 771 324 798 per
338 772 420 799 qttam
436 764 503 799 ipse,
518 765 600 793 modo
615 766 667 793 sibi
688 770 793 793 tantum
809 772 884 799 uoto,
897 771 989 794 trans-

194 807 253 837 iuit.
269 810 331 837 Ideo
356 810 404 838 tibi
420 811 554 846 supplico,
577 816 607 839 ut
632 812 689 847 ipsa
705 812 871 848 paenitentiae
896 816 990 847 portas

194 856 303 890 aperias
323 857 401 884 mihi.

747 173 776 203 S.
798 174 956 204 JOSEPIII
980 176 1004 205 Η
1011 175 1138 206 YMNOG
1145 177 1263 206 RAPHI

1758 180 1826 212 1336

996 238 1019 265 Α
1057 233 1108 259 Ἑλι
1126 232 1179 260 τοῦ
1191 233 1331 267 Κανόνος
1343 231 1398 267 τῆς
1410 233 1522 268 τρίτης,
1546 234 1591 267 εις
1606 234 1661 261 τὸν
1677 235 1810 270 Ὃρθρον.

1073 310 1129 345 Τὴν
1144 309 1255 342 πολλαῖς
1270 309 1469 345 κεκακωμένην
1491 310 1641 346 ἁμαρτίαις
1656 309 1708 348 τὴν
1726 310 1827 346 ψυχὴν,

1037 356 1220 391 Θεογεννῆτορ
1238 355 1371 391 Παρθένε,
1389 355 1573 391 θεράπευσον,
1591 356 1666 388 ὅπως
1679 357 1708 383 ὲν
1728 359 1829 391 φωναῖς

1038 401 1213 438 εὐχαριστίας
1228 401 1345 434 ἐκτενῶς
1359 402 1403 429 ἀεὶ
1421 400 1525 436 δοξάζω
1539 411 1578 430 σε.

1051 482 1053 484 ’
1077 494 1208 527 Τέτοκας,
1221 494 1353 529 παναγία,
1374 494 1419 522 τὸν
1442 494 1629 530 ἀπερίληπτον
1644 495 1731 529 Δόγον
1749 496 1831 531 σαρκὶ

1039 540 1100 568 καθ’
1121 541 1270 568 ὑπόστασιν
1289 541 1358 576 ἡμῖν
1381 541 1634 576 προσομιλήσαντα”
1650 541 1746 568 τοῦτον
1760 542 1830 569 πάν-

1038 595 1100 614 τοτε
1118 586 1238 614 δυσώπει
1263 587 1350 614 σῶσαι
1372 588 1436 619 τοὺς
1457 587 1561 619 πιστῶς
1586 595 1617 614 σι
1642 587 1687 614 ἀεὶ
1712 588 1831 623 μακαρίο

1040 633 1149 669 ζοντας.

1076 726 1167 760 nam;
1193 725 1261 753 Θεοῦ
1287 725 1410 762 προεῖδεν
1425 726 1439 753 ὁ
1466 726 1619 763 προφήτης,
1645 724 1678 752 δι’
1700 722 1733 762 ᾖς
1749 725 1830 757 αὐτὸς

1040 773 1132 809 διῆλθε
1147 772 1237 804 καθὼς
1256 770 1321 805 οἶδε,
1333 771 1454 806 Παρθενί
1486 771 1614 807 ἄχραντε·
1625 770 1666 798 διό
1683 780 1714 798 σε
1733 771 1830 798 ἐκδυσ-

1042 818 1120 851 ωπῶ,
1140 817 1284 854 μετανοίας
1300 817 1387 849 πύλας
1402 817 1471 852 αὐτή
1486 825 1532 852 μοι
1548 816 1666 849 ἄνοιξον.
1681 810 1685 815 ’

231 911 254 940 0
272 912 387 940 Domina
404 921 472 948 pura
499 922 531 942 ac
548 915 702 947 benedicta,
720 923 780 951 quae
796 915 878 942 Deum
910 916 984 941 inex-

1074 921 1290 956 Εὑλογημὲνη,ή
1310 920 1378 948 Θεὸν
1398 919 1607 956 ἁνερμηνεύτως
1629 918 1758 951 τεκοῦσα,
1781 919 1829 947 σὺν

198 958 317 991 plieabili
331 958 413 986 modo
430 960 577 994 peperisti;
592 961 730 992 eumdem.
749 968 801 987 una
819 968 879 987 cum
897 959 989 987 divino

196 1004 256 1037 ejus
271 1003 404 1038 Baptista,
418 1013 529 1039 precare
554 1006 723 1035 incessanter
738 1014 788 1041 pro
812 1005 890 1032 nobis
908 1005 989 1040 hujus

197 1046 260 1074 vitae
276 1047 405 1080 miseriis,
417 1049 442 1075 iu
456 1057 525 1084 quas
547 1050 708 1084 incidimus,
723 1050 913 1083 circumdatis,
926 1057 990 1084 pec—

198 1096 378 1128 catorumque
394 1095 509 1122 nexibus
524 1095 652 1123 detentis.

232 1139 315 1175 289
330 1139 369 1167 Ex
382 1141 459 1175 puris
484 1142 666 1176 sanguinibus
695 1142 749 1169 tuis
774 1142 933 1169 incarnatus
949 1144 991 1169 est

198 1183 342 1218 Dominus,
370 1186 416 1220 qui
449 1186 638 1221 ptenitentiam
669 1187 797 1214 omttibus
832 1187 990 1214 hominibus

200 1230 326 1258 concedit
342 1231 586 1260 intercessionibus
605 1233 670 1260 tuis.

237 1275 318 1312 Legis
341 1277 446 1305 umbrae
461 1286 509 1311 per
525 1279 627 1306 multas
656 1279 758 1313 ﬁguras
785 1279 991 1307 demonstrave-

201 1327 266 1350 runt
283 1327 320 1356 te,
335 1331 351 1351 o
367 1324 526 1359 purissima,
545 1324 631 1352 Deum
647 1332 709 1352 esse
725 1326 893 1360 parituram:
910 1334 991 1361 quem

201 1376 284 1396 exora
299 1373 329 1396 ut
344 1377 388 1397 me
412 1371 446 1398 ab
459 1371 534 1399 omni
546 1371 711 1407 ,iniquitate,
735 1373 914 1407 corporisque
931 1379 992 1407 pas-

201 1415 325 1443 sionibus
337 1415 445 1444 liberet.

239 1461 262 1488 0
276 1462 344 1489 solis
359 1462 446 1490 nubes
464 1462 566 1496 lucida,
584 1463 680 1490 emitte
698 1464 764 1490 mihi
781 1464 863 1498 jubar
882 1464 994 1491 luminis

203 1507 335 1542 spiritalis
348 1516 418 1536 verae
434 1510 612 1544 poenitentiae,
627 1514 653 1538 et
668 1510 780 1545 dispelle
792 1511 918 1538 tenebras
932 1517 994 1544 pra-

203 1561 297 1581 varum
308 1554 502 1590 cogitationum
517 1565 523 1583 :
539 1561 568 1583 ut
581 1564 643 1583 cum
656 1555 708 1584 lide
719 1561 744 1583 te
758 1556 867 1584 laudem
879 1556 991 1583 salutem

205 1599 338 1628 ﬁdelium.

242 1655 342 1685 Occide
358 1660 493 1685 terrenam
512 1656 681 1684 earuismete
697 1656 881 1692 prudentiam,
895 1664 912 1683 o
931 1656 996 1683 Dei-

205 1709 271 1737 para
300 1707 376 1733 casta
409 1707 438 1730 et
468 1702 609 1735 inviolata,
640 1711 702 1738 quae
735 1703 820 1730 vitam
855 1704 995 1738 peperisti,

206 1756 268 1782 quae
294 1753 410 1775 mortem
433 1753 521 1776 morte
540 1749 631 1776 divina
654 1749 777 1785 potentia
797 1749 908 1785 penitus
932 1750 998 1777 abo-

208 1795 285 1823 levit.

246 1842 286 1872 Ex
306 1842 443 1877 profundo
459 1841 631 1877 negligentiae
647 1846 674 1869 et
698 1840 890 1869 etfrenatarum
906 1840 998 1868 libidi-

211 1896 276 1915 num
300 1888 370 1915 edle
394 1895 448 1920 me,
474 1896 491 1916 ο
515 1886 722 1923 benignissima,
746 1895 808 1921 qua:
833 1886 999 1921 profundum

212 1933 342 1968 piissime:
354 1933 551 1962 misericordiae
565 1934 693 1968 abyssum
707 1932 850 1968 peperisti;
867 1937 894 1960 et
914 1932 1001 1968 lacry-

212 1987 320 2007 marum
334 1979 438 2009 fontem
455 1980 557 2015 largire
567 1979 645 2006 mihi.

250 2036 436 2071 Velutpluvia
451 2037 477 2063 in
495 2040 602 2063 uterum
623 2041 700 2063 tuum
716 2035 834 2062 Verbum
851 2035 1000 2067 descendit,

212 2082 287 2117 quod
318 2083 474 2117 deprecare,
497 2086 522 2109 te
557 2089 617 2113 oro,
649 2089 666 2109 ο
701 2080 784 2115 Virgo
812 2079 998 2111 sanctissima,

213 2134 246 2156 ut
266 2128 401 2156 malorum
419 2135 554 2160 meorum,
567 2134 685 2163 quorum
706 2127 780 2154 nulla
795 2130 838 2154 est
858 2133 1000 2158 mensura,

214 2175 306 2203 ﬂuxus
318 2174 445 2202 exsiccet.

250 2221 384 2249 Volumen
407 2223 512 2248 novum
537 2219 605 2247 vidit
624 2224 649 2247 te
667 2219 807 2254 propheta,
825 2220 851 2246 in
866 2226 919 2254 quo
936 2218 1004 2245 Ver-

1040 969 1079 1004 τῷ
1099 968 1161 1003 θείῳ
1180 967 1275 994 τούτου
1288 967 1422 1002 βαπτιστῇ
1437 966 1566 999 δυσώπει,
1579 965 1659 1001 ἁγνὴ,
1672 965 1831 997 ἀπαύστως,

1041 1014 1184 1046 Δέσποινα,
1199 1013 1269 1049 ὑπὲρ
1281 1013 1360 1048 ήμῶν
1373 1012 1428 1040 τῶν
1443 1013 1597 1047 συμφοραῖς
1612 1011 1831 1046 περιπιπτόντων

1040 1060 1088 1088 τοῦ
1106 1061 1163 1096 βίου
1184 1059 1232 1088 καὶ
1247 1059 1434 1094 συνεχομένων
1446 1059 1655 1094 ἁμαρτήμασιν.

1077 1155 1255 1190 Σεσάρκωται
1267 1153 1298 1186 ὲξ
1310 1152 1436 1188 αἱμάτων
1450 1160 1497 1178 σου
1521 1150 1611 1185 ἁγνῶν
1627 1150 1642 1177 ὸ
1657 1149 1760 1185 Κύριος
1782 1148 1832 1185 τὴν

1043 1201 1190 1237 μετάνοιαν
1204 1199 1310 1236 βροτοῖς
1324 1198 1497 1234 δωρούμενος
1511 1198 1578 1224 πᾶσι
1595 1195 1748 1232 μισιτείαις
1763 1203 1820 1223 σου.

1079 1293 1173 1328 Νόμου
1197 1290 1275 1319 σκιαὶ
1291 1290 1440 1321 πολυειδῶς
1461 1289 1511 1324 τὴν
1530 1286 1684 1323 τεξαμένην
1702 1286 1748 1313 τὸν
1767 1285 1833 1312 Θεὸν

1044 1337 1190 1372 ἐδήλωσαν,
1201 1335 1231 1362 δν
1251 1335 1368 1367 ίκέτευι,
1386 1333 1553 1368 πανάμωμε,
1566 1333 1657 1367 πάσης
1671 1331 1784 1366 ἀνομίας
1799 1338 1833 1365 με

1044 1383 1091 1410 καὶ
1104 1381 1200 1410 παθῶν
1216 1381 1346 1417 ῥυσοῆναι
1360 1379 1408 1407 τοῦ
1424 1378 1559 1414 σώματος,

1086 1476 1119 1502 Ἠ
1142 1474 1190 1501 τοῦ
1213 1474 1291 1515 ᾐλίου
1305 1471 1404 1507 νεφέλη
1424 1470 1553 1506 φωτεινὴ,
1576 1469 1684 1504 λάμψον
1702 1477 1749 1504 μοι
1772 1468 1831 1502 φῶς

1046 1521 1138 1557 νοερὸν
1151 1521 1200 1555 τῆς
1215 1513 1334 1554 ἆληθοῦς
1350 1516 1505 1553 μετανοίας,
1526 1515 1575 1543 και
1588 1515 1724 1542 ἁπέλασον
1740 1513 1834 1545 σκότος

1047 1567 1100 1594 τῶν
1117 1566 1244 1602 πονηρῶν
1261 1563 1412 1600 λογισμῶν,
1430 1563 1474 1591 ἵνα
1486 1561 1577 1589 πίστει
1593 1560 1716 1596 ὑμνῶισε
1729 1559 1773 1593 ὡς¹
1783 1567 1835 1586 σω-

1047 1612 1145 1648 τηρίαν
1161 1611 1278 1638 πιστῶν.

1082 1668 1227 1704 Νέκρωσον
1242 1667 1291 1702 τῆς
1317 1665 1418 1701 σαρκός
1443 1674 1494 1701 μου
1520 1664 1551 1691 τὸ
1569 1662 1672 1698 γεῶδες
1694 1661 1834 1697 φρόνημα,

1047 1714 1170 1745 Geo-idus,
1187 1712 1258 1747 ζωὴν
1277 1712 1292 1747 ή
1308 1712 1443 1747 κυήσασα,
1455 1710 1563 1745 θανάτῳ
1578 1708 1624 1735 τὸν
1638 1707 1753 1735 θάνατον
1768 1713 1838 1733 πανο

1047 1758 1131 1790 τελῶς
1148 1758 1207 1794 θείᾳ
1220 1757 1374 1793 δυναστείᾳ,
1391 1756 1509 1792 ἄχραντε
1523 1753 1621 1791 σεμνὴ,
1640 1751 1804 1788 ἁφανίσασα.

1085 1850 1170 1878 Βυθοῢ
1188 1859 1221 1886 με
1240 1848 1375 1885 ῥᾳθυμίας
1389 1845 1622 1882 τῶνάμετρήτων
1641 1842 1775 1877 πανθῶν,ή
1792 1840 1839 1886 τὸν

1052 1898 1131 1933 βυθὸν
1149 1894 1352 1930 εὐσπλαγχνίας
1367 1893 1496 1926 τεκοῦσα,
1517 1890 1652 1924 ἀνάγαγε,
1671 1886 1770 1922 ἀγαθὴ,
1790 1885 1840 1912 καὶ

1051 1943 1176 1979 δακρύων
1192 1941 1282 1978 πηγήν
1298 1948 1348 1976 μου
1359 1939 1492 1974 δώρησαι.

1093 2043 1136 2075 Ὠς
1152 2041 1230 2074 ὑετὸς
1243 2041 1271 2067 ὲν
1289 2037 1388 2074 γαστρί
1404 2044 1451 2064 σου
1466 2036 1480 2062 ὁ
1491 2033 1577 2068 Λόγος
1591 2032 1705 2067 κατέὃη,
1719 2030 1749 2057 ὃν
1764 2029 1841 2064 αττη-

1055 2099 1111 2124 σαι,
1136 2086 1258 2120 παναγία
1282 2083 1414 2120 Παρθένε,
1437 2082 1471 2109 τὰ
1497 2081 1621 2117 ῥεύματα
1643 2077 1760 2114 ξηρᾶναι
1787 2075 1842 2102 τῶν

1055 2136 1182 2171 ἀμέτρων
1195 2141 1245 2168 μου
1261 2130 1363 2163 κακῶν,
1379 2127 1492 2156 ἱκετεύω
1505 2135 1545 2154 σε.

1091 2221 1180 2256 Τόμον
1200 2218 1292 2247 καινόν
1310 2226 1341 2245 σε
1360 2216 1503 2252 προφήτης
1521 2213 1645 2248 ἔϐλεψεν,
1659 2212 1687 2238 ὲν
1711 2208 1733 2245 ᾧ
1757 2209 1845 2256 Λόγος

215 2266 282 2294 bum
295 2265 386 2294 Patris
402 2265 532 2300 scriptum
551 2264 613 2291 fuit.
631 2263 707 2292 Unde
726 2268 751 2291 te
764 2263 924 2299 suppliciter
942 2270 992 2290 oro

1057 2254 1213 2304 γέγραπται
1237 2264 1352 2299 Πατρός·
1371 2262 1442 2294 ὅθεν,
1470 2259 1552 2296 ἁγνὴ,
1576 2254 1845 2304 amomum-ﬁtﬁt?

219 2320 238 2340 ο
260 2317 356 2345 casta,
383 2311 566 2347 ut3-precibus
600 2310 654 2338 tuis
690 2309 783 2338 Iesum
817 2315 1006 2337 reuovatorem

219 2359 339 2387 universi
360 2366 442 2394 roges
469 2362 498 2386 ut
513 2357 615 2386 scribat
642 2364 685 2384 me
701 2356 729 2384 in
757 2356 826 2383 libro
844 2355 1004 2383 viventium.

253 2416 381 2443 Animam
431 2415 535 2443 habens
580 2414 807 2450 gravissimarum
849 2413 1007 2448 passionum

220 2461 503 2497 nmrbo‘peremptam,
521 2461 634 2496 supplex
654 2465 679 2488 te
694 2467 792 2495 rogo,o
806 2458 931 2490 Domina,
949 2466 1010 2493 qua:

220 2513 299 2546 partu
312 2513 359 2536 tuo
369 2507 506 2535 infernum
517 2507 668 2542 peremisti,
684 2514 732 2541 per
746 2505 910 2541 pmnitentia:
932 2509 1009 2532 actus

221 2554 327 2582 vivilica
339 2561 394 2581 me.

256 2611 278 2640 0
293 2612 408 2647 Deipara
418 2609 607 2639 ﬁrmissimum
622 2608 780 2644 prmsidium
792 2612 819 2634 et
849 2613 913 2642 spes
928 2606 1010 2634 Citri-

223 2659 391 2690 stianorum,
407 2657 437 2686 in
459 2657 527 2685 hora
551 2654 684 2684 tremendi
695 2653 791 2690 judicii
806 2658 867 2682 esto
880 2653 1011 2681 advocata

223 2705 361 2740 mihi,qui
376 2705 454 2740 plura
483 2708 593 2739 peccata
620 2701 786 2737 perpetravi,
797 2705 825 2728 et
847 2707 862 2727 a
888 2700 1012 2735 gehenua

223 2751 390 2780 formidabili
405 2751 492 2779 libera
506 2757 558 2782 me,
575 2749 647 2776 inter
667 2755 732 2775 oves
744 2754 805 2782 quae
820 2746 854 2774 ad
871 2746 1012 2774 dexteram

225 2797 443 2830 collocabuntur,
456 2801 653 2823 annumeraus.

264 2844 327 2878 Igne
343 2843 525 2872 intolerabilis
535 2841 643 2869 ardoris
659 2840 685 2867 in
703 2838 855 2866 visceribus
873 2844 1011 2872 suscepto,

229 2890 340 2923 nullam,
355 2897 372 2918 o
394 2889 485 2926 Virgo,
500 2892 610 2924 experta
637 2893 666 2913 es
691 2884 929 2913 combustiouem.
951 2884 1013 2913 Ideo

1060 2299 1230 2349 penam-raw
1252 2309 1392 2345 γραφῆναι
1412 2307 1517 2333 ἱκέτευε
1543 2306 1589 2332 τὸν
1613 2301 1776 2337 καινουργὸν
1798 2299 1846 2327 τοῦ

1059 2359 1158 2390 παντὸς
1173 2355 1338 2385 ὲκδυσωπῶν
1359 2353 1473 2390 Ἰησοῦν.

1095 2411 1312 2448 Νενεκρωμενην
1335 2409 1423 2445 ψυχὴν
1447 2405 1616 2443 κεκτημένος
1638 2405 1698 2437 ταῖς
1715 2403 1849 2440 χαλεπαῖς

1061 2459 1242 2495 παραϐάσεσι,
1261 2457 1291 2484 σὲ
1307 2456 1356 2491 τὴν
1369 2453 1549 2489 νεκρώσασαν
1568 2451 1638 2488 ᾅδην
1651 2450 1691 2486 τῷ
1710 2450 1784 2483 τόκῳ
1801 2457 1849 2476 σου

1063 2505 1187 2536 ἱκετεύω,
1196 2504 1339 2536 Δέσποινα,
1351 2499 1497 2537 μετανοίας
1511 2497 1625 2534 τρόποις
1640 2505 1674 2532 με
1690 2495 1811 2528 ζὼωσον.

1098 2605 1214 2634 Θεοτόκε
1227 2605 1244 2640 ή
1264 2602 1360 2639 βεϐαία
1383 2599 1536 2638 προστασία
1558 2599 1607 2626 καὶ
1623 2597 1701 2629 ἐλπὶς
1719 2596 1853 2632 Χριστια-

1063 2653 1127 2685 νῶν,
1141 2653 1170 2679 ἐν
1182 2652 1216 2686 τῇ
1234 2649 1327 2686 ήμέρᾳ
1340 2650 1373 2684 τῇ
1387 2648 1488 2683 φρικτῇ
1503 2644 1637 2682 πρόπηθί
1653 2652 1698 2679 μοι
1709 2643 1852 2670 ὲπταικότι

1063 2698 1161 2730 πολλὰ,
1179 2697 1225 2724 καὶ
1241 2695 1322 2732 pom
1336 2694 1386 2729 τῆς
1400 2692 1513 2728 γεέννης
1526 2692 1576 2728 τῆς
1594 2689 1713 2726 φοϐερᾶς
1724 2709 1732 2723 ,
1750 2688 1854 2725 προὸἁ-

1063 2754 1120 2777 τοις
1138 2753 1171 2780 με
1187 2742 1282 2776 δεξιοῖς
1295 2741 1485 2778 ἀριθμήσασα.

1107 2835 1247 2871 ’Υπῆρξας
1270 2833 1403 2868 ᾶφλεκτος
1426 2831 1560 2867 δεξαμένη
1583 2830 1613 2858 ἐν
1637 2828 1801 2863 σπλάγχνοις
1824 2826 1856 2853 τὸ

1067 2883 1123 2919 πῦρ
1137 2882 1167 2909 τὸ
1181 2882 1322 2915 ἄπεκτον,
1338 2876 1360 2908 ὦ
1374 2878 1506 2913 Παρθένε·
1521 2877 1562 2905 διό
1579 2885 1614 2910 με
1632 2875 1787 2909 ὲξάρπασον
1806 2871 1854 2899 τοῦ
