2075 3154
283 155 352 187 1339

280 256 381 292 phetis,
398 256 550 291 discipulis,
565 261 647 290 atque
672 256 801 283 omnibus
824 256 992 291 martyribus
1015 265 1077 291 gra-

281 302 346 328 tiam
362 301 475 336 largitus
485 304 575 333 es,tu,
587 300 847 332 Deus,eorumdem,
858 305 885 327 et
896 301 1076 329 immaculata:

281 345 376 373 matris
391 349 446 372 tua:
472 336 727 379 intercessionibus,
741 345 879 372 universis
896 346 1025 380 salutem,
1045 351 1074 374 et

282 390 512 423 misericordiam,
529 395 624 426 utpote
648 391 862 426 benignissimus
877 398 909 418 ac
933 391 1075 426 piissimus

281 436 412 464 concede.

317 481 476 517 Oforceps,
503 490 564 517 qua:
597 482 720 510 divinum
753 483 898 510 carbonem
929 483 956 511 in
986 483 1073 511 sacris

279 526 434 554 visceribus
456 527 511 554 tuis
538 527 641 563 absque
664 528 718 555 ulla
745 535 857 563 prorsus
882 528 1074 556 combustione

280 573 440 608 suscepisti,
464 574 607 607 combure,
632 581 649 601 ο
687 574 854 607 castissima,
881 579 993 609 peccata
1020 582 1074 602 nu-

281 623 350 646 stra.

831 155 859 184 ς.
878 154 1039 185 JOSEPHI
1059 153 1343 186 HYMNOGRAPHI

316 211 370 245 Qui
389 211 514 239 celestes
530 214 679 246 potestates
705 210 789 238 verbo
809 211 908 238 creasti
921 220 928 244 ;
940 211 986 246 qui
1016 219 1079 246 pro-
1094 216 1115 243 Α

1850 159 1919 186 1340

1174 212 1204 239 ’0
1237 213 1287 244 τὰς
1311 212 1440 248 δυνάμεις
1471 212 1596 247 οὐρανῶν
1625 213 1843 248 καθυποστήσας
1883 212 1941 248 τῷ⁴

1130 258 1213 293 λόγῳ,
1230 260 1244 285 ὁ
1257 258 1412 294 προφήταις
1426 258 1507 294 χάριν
1525 259 1685 294 παρασχὼν,
1701 260 1748 286 καὶ
1765 261 1820 291 τοῖς
1837 261 1925 295 μαθη-

1130 306 1201 336 ταῖς,
1214 304 1261 330 καὶ
1275 305 1341 330 πᾶσι
1355 304 1503 339 μάρτυρσι,
1513 304 1618 331 τούτων
1631 305 1802 340 πρεσϐείαις,
1817 307 1830 332 ὁ
1844 305 1921 338 Θεὸς,

1130 351 1176 378 καὶ
1190 351 1240 385 τῆς
1254 350 1389 386 ἀχράντου
1399 350 1510 386 Μητρός
1524 359 1582 383 σου,
1595 350 1682 378 σῶσον
1696 351 1813 384 πάντας,
1822 351 1924 378 οἴκτει-

1131 405 1178 433 ρον
1192 396 1230 428 ὡς
1244 396 1443 431 εὖσπλαγχνος.

1169 487 1202 514 Ἦ
1217 486 1296 519 λαως
1313 487 1329 521 ὴ
1356 486 1402 513 τὸν
1418 485 1488 513 θεῖον
1505 486 1630 520 ἄνθρακα
1651 486 1789 522 δεξαμένη
1815 488 1846 514 ὲν
1867 488 1925 519 τοῖς

1128 531 1211 563 θείοις
1224 540 1271 558 σου
1294 531 1469 566 σπλάγχνοις,
1487 531 1549 566 μηδ’
1564 531 1631 562 ὅλως
1658 531 1818 566 φλεχθείσα,
1838 532 1926 559 κατά-

1129 577 1226 613 φλεξον
1240 579 1256 613 ἠ
1262 577 1331 613 μῶν,
1346 577 1479 612 πάναγνε,
1492 577 1526 604 τὰ
1542 577 1715 613 πταίσματα.

314 664 336 692 0
361 665 407 692 Dei
430 664 516 692 Mater
531 665 699 701 electa(3‘2),
720 673 775 693 una
799 674 863 694 cum
893 667 982 695 sacris
1008 667 1154 702 apostolis,
1171 666 1337 703 martyribus
1358 671 1385 694 et
1414 666 1554 702 prophetis
1580 666 1739 702 deprecare,
1771 671 1829 694 uta
1849 667 1925 702 peri-

279 711 359 744 culis,
377 712 612 745 tribulationibus,
629 712 710 747 292
730 717 757 740 et
779 713 898 748 peccatis
921 714 991 741 liber
1010 721 1073 741 esse
1087 714 1203 749 possim.

317 758 339 786 O
358 758 625 791 immaculatissima,
642 767 703 794 qua:
733 763 871 787 carentem
898 765 1019 795 tempore
1045 760 1072 788 in

280 813 365 832 carne
393 804 533 840 peperisti,
555 805 681 832 eumdem
706 813 771 840 roga
787 810 816 833 ut
837 814 852 833 a
876 806 1074 841 temporalibus

1169 760 1307 795 Ἐκύησας
1331 760 1361 786 ἐν
1378 759 1462 794 σαρκὶ
1481 758 1528 785 τὸν
1540 759 1666 794 ἄχρονον,
1681 758 1712 786 ὃν
1735 758 1857 785 δυσώπει
1869 759 1925 786 τῶν

1128 807 1245 842 χρονίων
1268 805 1364 832 παθῶν
1382 805 1455 841 ἡμᾶς
1480 804 1671 841 λυτρώσασθαι
1697 804 1852 839 ὑμνοῦντάς
1871 813 1901 831 σε
1914 823 1924 838 ,

280 850 456 885 passionibus
488 850 583 878 liberet
604 857 665 884 nos,
681 851 728 886 qui
755 851 850 879 laudes
877 856 938 879 tuas
966 852 1075 887 hymnis
1093 870 1115 900 Β
1132 851 1299 886 πανάμωμε.

281 896 466 924 celebramus.

321 942 435 969 Domine
452 941 524 970 Deus
540 950 628 975 meus,
643 942 692 978 qui
709 950 742 970 ex
766 942 879 978 innupta
894 943 982 978 puella
998 948 1078 972 natus

279 995 320 1020 es,
338 988 460 1023 ejusdem
479 993 506 1016 et
530 989 717 1024 apostolorum
737 994 846 1016 tuorum
867 989 1078 1018 intercessioni-

282 1034 344 1066 buzz,
361 1034 511 1070 propitiare
527 1036 647 1071 peccatis
661 1035 746 1070 meis;
761 1040 789 1063 et
807 1043 822 1063 a
836 1035 929 1063 futuro
943 1037 1077 1072 supplicio

280 1079 364 1108 libera
380 1088 436 1109 me.

319 1126 341 1153 0
357 1126 441 1154 Maria
453 1125 566 1154 Domina
578 1127 702 1155 omnium
714 1133 916 1162 creaturarum,
932 1133 959 1157 et
976 1129 1021 1156 Dei
1033 1137 1078 1165 ge-

279 1173 374 1206 nitrix,
405 1173 489 1201 libera
520 1174 652 1201 miserum
683 1182 731 1202 cor
756 1183 846 1202 meum
879 1176 914 1204 ab
947 1176 1071 1209 inimico,

280 1219 328 1254 qui
341 1219 517 1254 impudenter
531 1220 628 1255 quaerit
640 1220 668 1248 in
691 1221 757 1249 illud
768 1229 896 1249 exercere
911 1221 1073 1250 dominium.

319 1312 453 1345 lllumina,
468 1320 485 1340 ο
502 1313 573 1341 lucis
589 1313 718 1349 genitrix,
736 1314 855 1341 animam
868 1322 956 1341 meam
969 1315 1076 1349 passio-

282 1366 350 1385 num
365 1358 486 1386 tcnebris
501 1358 665 1393 obductam;
679 1363 706 1386 et
720 1367 782 1386 cum
798 1359 939 1394 apostolis,
957 1359 1076 1394 prophe-

283 1405 331 1436 tis,
351 1408 433 1439 atque
455 1405 622 1440 martyribus
646 1405 804 1440 deprecare.
823 1409 853 1432 ut
864 1405 940 1432 omni
955 1409 1076 1440 peccato,

279 1450 314 1477 ab
326 1449 400 1477 omni
425 1449 535 1478 laasioue
548 1455 630 1486 atque
645 1450 821 1486 improbitate
848 1450 950 1478 inimici
977 1458 1071 1479 server

280 1496 436 1524 incolumis.

314 1541 431 1576 Medere,
449 1550 466 1570 ο
482 1543 638 1578 purissima,
656 1543 756 1571 infelici
781 1544 879 1572 anima:
902 1552 969 1572 mea}
990 1544 1066 1573 incu-
1082 1542 1104 1572 C

280 1588 402 1616 rabiliter
417 1589 569 1624 aegrotanti,
583 1597 616 1616 ex
637 1590 782 1618 mundanae
804 1590 886 1625 hujus
901 1591 962 1618 vitae
974 1590 1077 1619 fraudi-

281 1634 344 1667 bus,
364 1638 391 1661 et
406 1635 555 1662 multorum
573 1640 748 1670 peccatorum
770 1636 915 1670 proﬂuvio.

317 1680 387 1707 Cum
413 1681 526 1716 angelis,
554 1681 697 1716 apostolis,
718 1685 745 1708 et
775 1682 952 1717 martyribus,
977 1681 1074 1710 Filium

284 1729 362 1752 tuum
379 1732 411 1752 ac
427 1725 573 1753 Dominum
594 1732 667 1761 roga,
687 1733 703 1753 ο
726 1727 919 1760 mundissima,
942 1731 1000 1754 uta
1018 1731 1076 1754 ten-

281 1770 443 1804 lationibus,
464 1771 602 1806 periculis,
626 1777 653 1799 et
677 1772 812 1807 angustiis
837 1776 971 1800 eruantur
998 1772 1072 1800 servi

281 1816 331 1844 tui.

317 1861 429 1890 Ocasta
460 1862 574 1898 Deipara
602 1863 784 1899 undequaque
812 1863 966 1897 laudabilis,
981 1864 1072 1892 omnis

279 1908 370 1944 lingua
385 1916 448 1936 eum
467 1910 518 1937 lide
532 1910 713 1945 gloriﬁcatte,
725 1918 786 1945 qum
803 1918 832 1938 es
851 1910 936 1945 gloria
952 1915 979 1938 et
990 1911 1075 1939 decus

278 1955 386 1990 generis
401 1955 498 1988 nostri,
509 1960 642 1984 eteorum
657 1956 704 1992 qui
718 1961 820 1989 errant,
839 1956 965 1984 directio.

319 2001 410 2036 ignem
423 2001 563 2037 peperisti,
578 2007 605 2029 et
621 2002 793 2030 iucombusta
807 2002 944 2034 mansisti,
957 2009 974 2030 ο
993 2001 1074 2038 Virgo

281 2048 415 2075 maritalis
439 2048 491 2074 tori
507 2048 600 2075 nescia
615 2055 622 2074 ι
641 2053 783 2083 propterea
798 2048 874 2075 illum
892 2055 974 2076 exora
992 2055 1074 2083 quem

279 2094 420 2130 peperisti,
437 2102 491 2122 una
519 2102 581 2122 cum
603 2096 763 2130 angelorum
787 2095 891 2127 choris,
905 2100 988 2131 atque
1011 2103 1076 2131 apo-

278 2140 356 2169 stolis
367 2161 374 2173 ,
395 2146 425 2169 ut
441 2141 532 2169 salvos
545 2140 628 2169 iaciat
644 2149 702 2175 eos,
719 2141 839 2176 psallunt
857 2142 971 2170 ﬁdeliter
988 2151 994 2168 :
1009 2142 1075 2170 Om-

277 2187 322 2214 nia
340 2194 422 2222 opera
440 2187 558 2221 Domini,
578 2188 687 2216 laudate
703 2188 860 2221 Dominum,
876 2194 929 2216 etc.

1165 938 1253 976 Κύριε
1277 938 1291 965 ό
1310 937 1377 969 Θεός
1395 946 1458 972 μου,
1479 937 1493 963 ὸ
1519 936 1626 972 τεχθεὶς
1653 936 1685 962 ὲκ
1703 935 1788 971 κόρης
1811 936 1926 970 ἀπειρο-

1129 985 1220 1020 γάμου
1237 1005 1244 1017 ,
1267 983 1371 1017 ταύτης
1397 982 1589 1019 παρακλήσεσι
1617 982 1666 1009 καλ⁹
1687 982 1742 1008 τῶν
1765 982 1926 1008 ἀποστόλων

1129 1040 1187 1064 σου,
1206 1030 1321 1065 ἱλασμὸν
1338 1029 1519 1064 πταισμάτων
1535 1036 1581 1064 μοι
1606 1027 1689 1061 δίδου,
1708 1027 1755 1054 καὶ
1773 1027 1925 1062 μελλούσης

1129 1077 1210 1112 ῥῦσαι
1223 1075 1374 1107 κολάσεως.

1162 1121 1257 1156 Μαρία
1282 1121 1374 1156 Κυρία
1406 1121 1498 1156 πάσης
1523 1119 1651 1152 κτίσεως,
1682 1119 1781 1155 ἐχθροῦ
1807 1118 1925 1150 ἀναιδῶς

1128 1167 1268 1203 κυριεύειν
1292 1166 1440 1202 ζητοῦντος
1469 1167 1518 1203 τὴν
1547 1166 1678 1201 ταπεινὴν
1712 1165 1828 1201 καρδίαν
1856 1173 1923 1199 μου,

1127 1215 1323 1251 Θεογεννῆτορ,
1339 1214 1488 1250 λύτρωσαι.

1169 1311 1201 1337 ΊΙ
1227 1311 1258 1337 τὸ
1284 1310 1342 1345 φῶς
1363 1309 1495 1343 τεκοῦσα,
1522 1309 1640 1344 φώτισον
1653 1308 1702 1342 τὴν
1725 1309 1925 1344 ὲσκοτισμένην

1128 1356 1218 1391 ψυχήν
1231 1364 1282 1391 μου
1297 1356 1353 1387 τοῖς
1367 1355 1476 1388 πάθεσι,
1490 1355 1537 1382 καὶ
1550 1355 1671 1381 δυσὼπει
1683 1356 1732 1382 σὺν
1747 1354 1922 1386 ἀποστόλοις,

1129 1403 1298 1438 προφήταις,
1317 1401 1367 1428 καὶ
1384 1402 1535 1436 μάρτυρσι,
1551 1400 1643 1436 πάσης
1663 1401 1813 1436 ἁμαρτίας,
1831 1401 1925 1436 πάσης

1130 1447 1244 1484 βλάϐης,
1259 1447 1351 1483 πάσης
1363 1447 1414 1482 τῆς
1429 1446 1529 1479 κακίας
1544 1445 1592 1473 τοῦ
1607 1445 1706 1481 ἐχθροῦ
1722 1445 1856 1481 ρυσθῆναί
1873 1454 1922 1481 με.

1162 1539 1318 1576 *ἰάτρευσον
1345 1538 1464 1571 ἀνιάτως
1497 1537 1641 1571 νοσοῦσαν,
1667 1537 1841 1573 πανᾶμωμε,
1872 1538 1925 1573 τὴν

1130 1586 1226 1614 ἀθλίαν
1239 1586 1329 1622 ψυχήν
1354 1594 1405 1621 μου
1430 1585 1477 1612 τοῦ
1495 1585 1553 1620 βίου
1567 1585 1626 1616 ταῖς
1643 1583 1772 1616 ἀπάταις,
1791 1584 1839 1611 καὶ
1856 1583 1925 1610 πολ-

1129 1633 1184 1660 λῶν
1199 1632 1343 1668 ἁμαρτιῶν
1358 1631 1547 1659 ἑπικλύσεσιν.

1165 1678 1245 1706 Μετὰ
1267 1677 1416 1713 μαρτύρων
1441 1676 1576 1711 ἀγγέλων,
1590 1675 1638 1703 καὶ
1657 1675 1827 1707 ἀποστόλων,
1856 1683 1926 1701 παν-

1130 1724 1241 1760 άμωμε,
1253 1724 1299 1750 τὸν
1312 1724 1357 1750 σὺν
1371 1723 1435 1750 Υίδν
1447 1722 1665 1755 ὲκδυσώπει,καὶ
1679 1721 1793 1757 Κύριον,
1803 1720 1925 1755 σωθῆναι

1129 1771 1192 1803 τοὺς
1218 1770 1329 1802 δούλους
1358 1778 1405 1796 σου
1433 1769 1607 1805 πειρασμῶν,
1640 1768 1770 1795 κινδύνων
1797 1768 1844 1794 καὶ
1867 1766 1925 1792 θλί-

1128 1817 1213 1852 ψεων.

1166 1863 1278 1890 Ἅπασα
1302 1861 1413 1897 γλῶσσα
1441 1861 1533 1889 πίστει
1554 1859 1662 1894 δοξάζει
1680 1869 1720 1893 σε,
1744 1860 1826 1895 ἁγνὴ,
1842 1859 1925 1891 δόξαν

1129 1909 1353 1947 χρηματίζουσαν
1381 1908 1429 1935 καὶ
1447 1907 1579 1943 καύχημα
1594 1906 1642 1934 τοῦ
1658 1907 1754 1942 γένους
1770 1906 1859 1942 ἡμῶν,
1873 1905 1926 1932 καὶ

1128 1955 1241 1990 ὸδηγίαν
1253 1954 1309 1981 τῶν
1324 1954 1522 1989 πλανωμένων,
1539 1953 1654 1980 Θεοτόκε
1672 1952 1844 1988 πανύμνητε.

1165 2000 1317 2035 Ἀφλεκτος
1342 1999 1459 2026 τεκοῦσα
1483 1999 1513 2026 τὺ
1535 1998 1590 2034 πῦρ
1616 1998 1818 2033 διεφυλάχθης,
1848 1998 1924 2033 Παρ-

1130 2048 1190 2075 θένε
1207 2047 1398 2082 ἁπειρόγαμεο
1421 2046 1461 2073 διδ
1482 2046 1589 2073 ἱκέτευε
1607 2045 1637 2072 ὃν
1660 2045 1764 2078 ἔτεκες,
1779 2045 1828 2071 σὺν
1845 2045 1924 2071 ἀσω-

1130 2094 1222 2130 μάτων
1237 2095 1338 2130 χοροϊς,
1355 2094 1403 2120 σὺν
1416 2093 1587 2126 ἀποστόλοις,
1600 2092 1664 2124 τοὺς
1679 2092 1784 2124 πιστῶς
1799 2091 1923 2125 σωθῆναι

1128 2141 1294 2176 ψάλλονταςν
1326 2140 1420 2167 Πάντα
1448 2140 1482 2166 τά
1511 2139 1580 2175 ἔργα
1607 2139 1723 2175 Κυρίου,
1740 2138 1787 2165 τὸν
1816 2137 1923 2173 Κύριον

1129 2187 1239 2222 ὑμνεῖτε
1266 2185 1314 2212 καὶ
1331 2185 1504 2220 ὑπερυψοῦτε
1516 2186 1556 2216 είς
1571 2185 1676 2216 πάντας
1689 2183 1754 2216 τοὺς
1769 2183 1883 2215 αἰῶνας.

312 2232 407 2261 Omnis
418 2233 512 2268 lingua
528 2234 621 2262 laudat
637 2238 664 2262 et
680 2234 815 2269 glorilicat
831 2237 874 2268 te;
891 2241 907 2261 o
919 2233 1003 2270 Virgo
1020 2234 1066 2263 Dei

1167 2232 1263 2267 ’Υμνεϊ
1281 2239 1310 2257 σε
1323 2231 1398 2258 πᾶσα
1412 2229 1522 2266 γλῶσσα
1533 2229 1692 2264 δοξάζουσα,
1705 2230 1771 2256 Θεὸν
1783 2229 1828 2256 τὸν
1835 2228 1923 2264 ὑπερ-

312 2307 379 2343 (52).
395 2306 554 2342 Opportune
580 2307 608 2335 in
625 2307 676 2335 hoc
687 2307 717 2336 S.
736 2307 848 2341 Iosephi
878 2308 997 2343 elogium
1029 2309 1060 2337 Β.

276 2342 379 2378 Yiirgini
392 2343 524 2370 tributum
552 2343 768 2371 Bartholomaaus
789 2343 908 2372 Pisanus
925 2342 962 2371 De
986 2344 1060 2372 laud.

281 2377 353 2413 Virg.
369 2378 416 2405 lib.
450 2386 467 2414 ιγ
483 2378 565 2406 l'ruct.
581 2378 613 2414 7,7
640 2379 704 2405 dum
734 2378 772 2406 ait
786 2387 792 2405 :
810 2388 819 2404 ι
854 2379 969 2414 Sapiens
981 2379 1063 2407 debet

275 2413 375 2446 eligere
395 2413 468 2446 quod
484 2417 526 2440 est
552 2413 700 2447 perfectius
723 2419 750 2441 et
768 2414 865 2441 melius
880 2413 899 2441 ί
912 2414 960 2442 sed
982 2414 1063 2442 Chri-

275 2453 334 2476 stus
348 2452 390 2475 est
405 2447 541 2482 Sapientia
554 2449 685 2480 increata,
695 2453 723 2476 et
733 2457 794 2476 curn
812 2449 908 2477 melitts
922 2449 968 2481 sit,
979 2455 1006 2477 et
1013 2450 1064 2478 eli-

274 2483 385 2518 giliilius
403 2483 504 2519 habere
526 2482 639 2510 Matrem
667 2483 726 2511 sine
747 2484 822 2511 otnni
845 2485 1061 2519 macula,quam

274 2526 336 2545 cum
359 2518 520 2553 macula,et
531 2518 620 2553 potuit
640 2526 700 2545 eam
727 2519 767 2546 sic
791 2519 900 2547 habere.
932 2518 1026 2553 Igitur,
1047 2529 1056 2546 ι

272 2559 326 2580 cte.
351 2552 509 2586 Opportune
532 2552 619 2580 etiam
650 2553 834 2582 Bernardinus
864 2555 898 2582 de
926 2554 1008 2582 Busto
1029 2555 1056 2582 in

273 2587 385 2624 Moriali
392 2595 482 2624 serui.
502 2588 528 2620 l,
538 2588 571 2624 de
584 2593 708 2622 concept.
730 2594 856 2623 partem,
868 2590 932 2617 dum
947 2590 1036 2624 inquit
1051 2599 1057 2617 :

275 2631 284 2659 ι
303 2623 371 2650 Cum
386 2622 513 2651 Christus
530 2623 564 2649 ab
579 2628 680 2651 aeterno
702 2622 814 2659 elegerit
828 2625 857 2651 Β.
879 2622 1015 2659 Virginem
1031 2625 1058 2652 in

273 2658 398 2694 Matrem,
426 2659 505 2693 juxta
539 2659 605 2685 illud
642 2659 715 2694 quod
746 2658 862 2692 eanitur,
890 2658 977 2693 Elegit
1002 2667 1061 2687 eam

274 2693 355 2726 Deus,
376 2702 409 2720 ac
431 2694 565 2729 prmelegit
578 2693 658 2725 eam:
677 2694 895 2722 concludentiqu
911 2699 953 2722 est
988 2694 1061 2729 quod

274 2729 342 2764 ipse,
357 2729 400 2756 cui
417 2730 508 2756 omnia
526 2729 617 2756 futura
641 2733 720 2756 erant
749 2731 904 2764 praesentia,
921 2737 936 2756 a
955 2730 1064 2756 cunctis

274 2764 369 2796 malis,
386 2769 413 2792 et
432 2765 540 2792 damnis
550 2765 651 2799 peccati
667 2765 807 2800 originalis
825 2772 886 2792 eam
900 2765 982 2791 voluit
997 2772 1066 2799 prte-

273 2806 393 2830 servare,
403 2804 433 2828 ut
444 2800 562 2827 bonitilii
575 2800 695 2826 debitum
713 2800 883 2834 adimpleret.
903 2809 912 2825 ι
926 2800 1065 2827 Etibidem

265 2841 360 2870 ,serm.
376 2835 404 2866 2,
423 2841 498 2870 parte
515 2843 543 2862 Ill
559 2843 566 2868 ;
584 2845 593 2860 ι
618 2835 692 2867 Quos
711 2835 782 2862 Deus
799 2836 832 2862 ad
846 2835 957 2869 aliquod
971 2835 1064 2870 elegit,

276 2868 311 2897 ita
329 2868 473 2903 praeparat,
487 2875 512 2898 ct
531 2871 660 2905 disponit,
677 2875 704 2897 ut
721 2871 753 2898 ad
771 2870 837 2898 illud
855 2868 976 2905 Apestoii
992 2868 1063 2898 ll’ad

1115 2309 1240 2337 Corinth.
1258 2310 1288 2335 iit
1305 2316 1312 2335 :
1329 2307 1442 2336 Idonea:
1460 2315 1507 2335 nos
1535 2307 1597 2342 fecit
1625 2307 1760 2334 ministros
1781 2307 1850 2334 Novi
1871 2307 1922 2335 Te-

1116 2345 1252 2372 stamenti.
1275 2343 1396 2378 Sapiens
1416 2343 1491 2370 enim
1509 2344 1648 2377 regulator
1662 2350 1705 2375 ea,
1721 2350 1783 2377 qua
1799 2347 1866 2369 sunt
1883 2343 1919 2370 ad

1115 2380 1234 2413 aliquem
1250 2377 1331 2406 linem
1356 2377 1436 2405 debet
1457 2378 1581 2413 regulare
1607 2378 1770 2413 secundum;
1792 2378 1920 2413 ordinem

1116 2412 1202 2450 ipsius
1218 2414 1292 2446 linis,
1312 2413 1389 2450 juxta
1407 2413 1683 2450 di‘ctungphilosophi
1705 2420 1729 2450 _tt
1751 2412 1872 2447 Metaph.
1887 2412 1921 2440 Et

1115 2447 1247 2485 probatur
1260 2447 1348 2484 peric.
1366 2448 1531 2485 Ρῖοάίεινῖὅ.
1548 2455 1576 2482 q.
1594 2447 1822 2485 quiarprincepst
1835 2455 1919 2485 assu-

1115 2482 1214 2512 iuendo
1230 2482 1348 2519 aliquem
1364 2482 1398 2510 ad
1414 2483 1531 2511 ollicium
1547 2491 1640 2513 suum,
1655 2482 1757 2510 dicitur
1772 2483 1841 2519 velle
1854 2483 1919 2510 dis-

1113 2527 1229 2552 pensare
1242 2517 1304 2546 cum
1329 2526 1362 2546 eo
1387 2518 1493 2546 meliori
1513 2518 1604 2548 modo.
1622 2525 1678 2552 quo
1702 2521 1801 2552 potest.
1825 2517 1892 2544 ltetn
1910 2525 1918 2544 :

1112 2554 1163 2588 Qui
1193 2555 1250 2581 vult
1272 2561 1444 2588 consequens
1459 2553 1516 2581 vult
1531 2553 1612 2581 etiam
1627 2560 1708 2579 omne
1729 2552 1918 2580 necessarium

1113 2590 1284 2617 antecedens
1299 2597 1306 2616 :
1328 2593 1356 2616 et
1384 2589 1488 2616 crimen
1515 2592 1557 2615 est
1574 2588 1711 2621 sacrilegii
1725 2588 1864 2618 dubitare,
1882 2595 1919 2615 an

1114 2626 1137 2652 is
1148 2625 1251 2659 dignus
1266 2624 1302 2651 sit
1318 2631 1399 2658 quem
1412 2623 1564 2658 imperator
1576 2623 1709 2657 elegerit!
1724 2622 1776 2649 Sed
1795 2623 1918 2657 gloriosa

1116 2658 1198 2694 Virgo
1213 2658 1297 2685 Maria
1315 2659 1366 2685 fuit
1379 2659 1464 2694 electa
1477 2658 1609 2694 divinitus
1623 2659 1657 2694 ab
1682 2662 1786 2684 aeterno
1806 2661 1919 2694 utesset

1118 2692 1202 2722 Mater
1215 2694 1273 2726 Dei,
1291 2694 1350 2728 ipsa
1374 2693 1482 2721 dicente
1496 2693 1667 2728 illudrEccli.
1688 2700 1763 2724 χειν,
1779 2692 1819 2728 Ali
1839 2693 1917 2718 initio

1114 2735 1138 2758 et
1151 2735 1212 2756 ante
1231 2727 1330 2755 srecula
1344 2733 1434 2756 creata
1444 2737 1514 2756 sum.
1526 2729 1557 2755 Et
1568 2727 1700 2755 Proverb.
1716 2735 1777 2754 Vttt.
1787 2727 1825 2754 Ab
1837 2733 1917 2754 Mer-

1118 2773 1151 2791 uo
1164 2765 1289 2791 ordinata
1305 2772 1372 2797 sunt,
1389 2769 1414 2790 et
1429 2771 1462 2790 ex
1481 2764 1598 2798 antiquis
1615 2768 1758 2798 antequam
1773 2767 1844 2789 terra
1859 2764 1916 2798 (u-

1118 2801 1164 2833 rit,
1186 2807 1246 2834 qua:
1258 2799 1350 2827 omnia
1368 2799 1493 2826 attribuit
1515 2797 1638 2826 Ecclesia
1659 2798 1689 2826 ll.
1706 2797 1821 2832 Virgini.
1844 2797 1915 2834 Ergo

1119 2817 1164 2833 ιη,
1186 2817 1246 2834 ,ιι-α.
1258 2817 1350 2827 υ........
1368 2817 1493 2826 ...υ-νυ..
1515 2817 1638 2826 ..ιι-ιη...
1659 2817 1689 2826 ν.
1844 2817 1874 2824 υ.
1899 2817 1915 2824 ν

1118 2835 1190 2862 Deus
1217 2843 1264 2869 per
1293 2835 1408 2869 gratiam
1438 2841 1517 2862 suam
1551 2841 1611 2869 eam
1636 2834 1668 2860 ad
1705 2838 1759 2861 tatu
1792 2817 1915 2861 mirabiie

1118 2878 1187 2906 opus
1216 2868 1340 2898 idoneam
1354 2869 1560 2905 pne-servavit.)
1582 2868 1626 2897 Sic
1638 2869 1690 2896 ille.
