2075 3154
201 146 269 181 1341

911 149 1097 180 MARIALE.

1765 146 1835 179 1342

200 205 322 240 ὑμνητον
339 204 470 237 τέξασαν,
495 204 620 240 Παρθένε
643 203 794 240 θεόνυμφε,
821 205 852 232 ὃν
870 205 992 233 δυσώπει

1048 213 1145 241 sponsa
1167 205 1236 242 (53),
1248 213 1310 241 qua:
1329 205 1414 233 Deum
1429 205 1678 240 superlaudabilem
1690 205 1838 239 peperisti;

199 251 348 283 ἀπαύστως
362 251 449 278 σῶσαι
460 251 510 283 τὰς
520 251 610 286 ψυχὰς
624 251 713 287 ἡμῶν.

235 340 440 376 Φωτεινοτάτην
465 340 596 376 λαμπάδα
622 341 704 376 μέσον
721 349 751 368 σε
777 340 889 376 ἔχουσαι
912 350 994 377 χορο-

201 389 310 416 στασίαι
343 387 509 423 μαρτύρων,
539 387 587 414 καὶ
617 387 789 420 ἀποστόλων,
822 387 903 423 ἁγνὴ,
936 387 994 422 φῶς

200 434 454 470 ἁπαστράπτουσαν
482 433 582 460 ἐνθέων
617 434 798 469 χαρισμάτων
831 434 995 468 φωτίζονται

201 480 301 514 ἀΰλως,
317 479 365 507 καὶ
379 479 484 511 πάντας
503 480 565 511 τοὺς
584 479 614 507 ἐν
630 480 720 507 πίστει
738 479 945 515 μεγαλύνοντας
963 488 994 506 σε

201 526 377 561 φωτίζουσιν.

236 571 332 607 Φέρεις
353 571 400 598 τὸν
423 571 541 606 φέροντα
566 571 655 598 πάντα
680 571 708 598 ἐν
722 572 783 603 ταῖς
798 571 892 606 ἁγίαις
916 571 995 607 χερσί

203 625 262 650 σου,
277 617 307 644 ὃν
319 617 484 650 ὲκδυσώπει,
499 617 581 653 ἁγνὴ,
597 617 644 644 τοῦ
660 618 801 653 ἀλλοτρίου
816 618 866 654 τῆς
878 626 996 652 κακουρ-

202 663 263 698 γίας
275 663 350 699 ἡμᾶς
362 663 530 699 ἁχειρώτους
544 663 759 699 περισώζεσθαι.

210 772 258 799 Ἕκ
276 772 329 799 τοῦ
348 772 477 805 κανόνος
493 769 549 806 τῆς
556 771 768 835 ἐζταρσισκευῆς,
791 773 837 806 εις
854 773 909 801 τὸν
928 773 996 808 ’ορ-

571 816 638 835 ρον.

569 816 638 842 per.

1045 258 1126 286 quem
1141 256 1170 279 tu
1188 252 1303 286 supplex
1317 259 1382 287 roga
1396 250 1598 278 incessabiliter
1612 258 1660 286 pro
1674 251 1762 278 salute
1779 251 1839 277 ani-

1046 305 1153 324 marum
1175 301 1345 324 nostrarum.
1685 320 1687 322 τ

1080 343 1229 380 Martyrum
1255 349 1338 378 atque
1356 343 1540 378 apostolorum
1565 342 1643 369 chori
1658 341 1788 370 habentes
1801 347 1838 374 te,

1044 398 1062 418 ο
1077 390 1171 426 Virgo,
1188 391 1215 418 in
1241 391 1342 423 medio,
1358 394 1488 424 tanquam
1517 388 1745 423 fulgentissimam
1770 388 1839 415 lam—

1045 437 1154 472 padem,
1171 437 1327 464 divinorum
1346 436 1427 471 293
1450 436 1654 470 charysmatum
1680 435 1772 462 radios
1800 435 1841 462 el-

1046 483 1219 514 t‘undentem,
1250 481 1430 517 spiritualiter
1461 480 1669 512 illuminantur;
1691 480 1742 514 ipsi
1775 487 1841 507 vero

1045 537 1095 558 eos
1110 536 1218 560 omnes,
1239 535 1254 555 a
1275 528 1376 563 quibus
1399 532 1426 554 tu
1456 526 1651 560 niagniticaris.
1672 525 1838 552 illuminant-

1081 575 1179 603 Portas
1196 583 1271 607 eum,
1288 575 1335 610 qni
1358 578 1448 609 portat
1464 573 1605 605 universa,
1625 573 1651 599 in
1668 572 1724 600 tuis
1751 573 1841 599 mani-

1046 621 1098 649 bus
1125 620 1235 654 divinis,
1259 628 1276 648 ο
1306 620 1398 655 Virgo.
1417 620 1507 654 Ipsum
1542 627 1617 652 roga,
1635 623 1665 646 ut
1694 619 1729 646 ab
1758 619 1841 654 alieni

1047 667 1218 703 malignitate
1248 674 1299 695 nos
1327 666 1439 694 inutiles
1464 671 1490 693 et.
1521 665 1590 692 nihil
1615 665 1737 693 valentes
1764 671 1842 692 tuea-

1048 718 1104 741 ll".

1173 775 1215 812 Ea:
1229 774 1334 803 Conone
1354 775 1428 810 feria:
1446 782 1471 802 \‘t
1487 774 1522 801 ad
1539 773 1716 801 Matutinum.

240 880 292 908 Τὸν
315 880 498 908 ἀνατείλαντα
525 881 558 908 ὲκ
580 881 628 908 σοῦ
642 881 778 917 ὑπερϐολῇ
794 880 996 917 εὐσπλαγχνίας

1083 883 1152 911 Cum
1172 884 1290 915 videres,
1306 891 1322 911 ο
1338 883 1465 915 Domina,
1486 883 1576 914 illum,
1593 882 1640 917 qui
1658 889 1689 909 ex
1707 886 1732 909 te
1761 889 1841 910 exor-

205 927 234 953 ὲν
252 926 361 962 σταυρῷ
382 926 529 962 καθορῶσα
553 927 712 963 ορηνῳδείς,
735 928 880 961 Δέσποινα,
900 926 996 954 τοῦτον

203 971 361 1004 δοξάζουσα.

241 1064 323 1092 Λύσιν
353 1064 420 1099 ἡμῖν
444 1062 622 1099 ὀφλημάτων,
657 1061 726 1099 ἁγνὴ
747 1062 885 1098 Παρθένε,
912 1061 995 1096 δίδου,

203 1111 264 1142 ταῖς
285 1111 435 1146 μητρικαῖς
460 1119 507 1137 σου
531 1109 701 1145 πρεσϐείαις,
722 1110 739 1145 ἡ
754 1109 799 1135 τὸν
815 1108 926 1145 σταυρῷ
942 1116 997 1136 πα-

206 1156 300 1190 γέντα,
311 1155 454 1192 ἄνθρωπον
467 1156 624 1191 γενόμενον,
637 1154 703 1182 Θεὸν
716 1155 802 1190 Λόγον
817 1154 955 1190 κυήσασα.

246 1246 420 1284 Ἀπεκύησας
441 1247 507 1275 ἄνευ
533 1247 647 1282 σπορᾶς,
672 1246 808 1282 Παρθένε,
837 1245 882 1273 τὸν
899 1245 997 1279 Λόγον,

203 1293 250 1320 τὸν
266 1293 375 1329 σταυρῷ
390 1292 590 1327 ὲξαφανίσαντα
605 1292 655 1328 τὴν
670 1291 776 1328 φθορὰν
789 1291 950 1327 ἀγαθότητι.

246 1385 376 1421 Ἦγίασεν
394 1387 408 1413 ό
423 1385 490 1417 Θεὸς
509 1385 558 1422 τὴν
583 1385 691 1422 μήτραν
715 1393 772 1417 σου,
800 1383 865 1418 ἁγία
892 1383 998 1419 σεμνὴ,

205 1433 373 1468 κατοικήσας
391 1432 420 1459 ἐν
435 1432 515 1468 αὐτῇ,
531 1431 579 1458 καὶ
593 1433 623 1458 ὲν
641 1430 750 1467 σταυρῷ
774 1429 925 1466 ὑψοὺμενος
948 1428 998 1465 τὴν

205 1477 295 1505 κτίσιν
311 1477 514 1512 συνανύψωσεν.

1050 934 1092 957 tus
1104 929 1204 961 fuerat.
1221 930 1257 957 ob
1274 937 1420 957 excessum
1436 928 1632 956 misericordiae
1647 936 1702 955 suae
1717 928 1744 954 in
1759 935 1842 955 cruce

1048 976 1224 1012 pendentem,
1241 975 1268 1002 in
1287 975 1406 1002 lamenta
1422 982 1580 1010 erumpens,
1597 974 1722 1001 ennidem
1739 973 1842 1008 gloriﬁ-

1047 1023 1142 1050 cabas.
1798 1028 1801 1030 ‘

1084 1066 1215 1095 Maternis
1244 1066 1300 1094 tuis
1329 1065 1576 1094 intercessionibus
1612 1064 1731 1092 concede
1763 1064 1843 1091 nobis

1049 1113 1205 1140 debitorum
1241 1112 1442 1144 remissionem,
1466 1119 1483 1138 ο
1521 1110 1615 1145 Virgo,
1652 1119 1712 1145 quae
1757 1110 1842 1137 Deum

1048 1157 1169 1186 Verbum
1195 1157 1335 1186 hominem
1361 1157 1462 1185 factum
1477 1162 1504 1184 et
1518 1157 1592 1184 cruci
1622 1155 1730 1183 allixum
1763 1163 1844 1190 pepe-

1049 1204 1123 1232 risti.

1085 1249 1150 1277 Sine
1180 1248 1285 1276 semine
1315 1247 1437 1276 Verbum
1467 1247 1595 1282 genuisti,
1624 1254 1641 1274 ο
1672 1246 1767 1281 Virgo,
1796 1246 1843 1281 qui

1049 1302 1098 1330 per
1118 1301 1228 1322 crucem
1248 1301 1281 1321 ex
1302 1292 1352 1321 sua
1367 1292 1534 1328 benignitate
1547 1291 1752 1326 corruptionem
1775 1291 1844 1319 abo-

1049 1341 1114 1369 levit

1085 1385 1269 1414 Sanctiﬁcavit
1285 1385 1357 1412 Deus
1372 1384 1481 1411 vulvam
1508 1387 1582 1411 tuam
1598 1384 1725 1411 habitans
1744 1383 1770 1410 in
1787 1383 1844 1416 illa,

1049 1440 1066 1460 ο
1099 1431 1179 1468 Virgo
1211 1431 1385 1464 veneranda;
1405 1431 1476 1459 etin
1500 1438 1581 1459 cruce
1603 1431 1748 1464 exaltatus,
1762 1430 1845 1457 simul

1050 1483 1191 1507 creaturas
1206 1477 1346 1506 exaltavit.

248 1531 420 1566 Ὑμνολογεϊς
443 1531 489 1558 τὸν
521 1531 553 1558 ἐκ
579 1530 626 1557 σοῦ
650 1529 836 1565 σαρκωθὲντα.
854 1529 901 1555 καὶ
916 1528 996 1565 lian-

1086 1534 1201 1570 Hymnis
1227 1534 1366 1562 collaudas
1395 1534 1472 1561 illum
1499 1533 1545 1568 qui
1573 1541 1606 1561 ex
1630 1537 1657 1560 te
1685 1534 1845 1561 incarnatus

206 1576 285 1613 ῳδεῖς
314 1576 344 1604 ὲν
370 1577 481 1612 σταυρῷ
513 1576 672 1612 ὑψωθέντα,
703 1575 783 1602 αὑτὸν
810 1573 997 1610 καίανοοῦσα⁷

204 1621 421 1659 Μητροπάρθενε
432 1621 513 1658 ἁγνὴ,
529 1621 733 1657 παναμώμητε.

247 1713 279 1739 Ἦ
296 1712 420 1747 παναγία
436 1712 569 1748 πανὰγιον
584 1713 672 1748 Λόγον
686 1713 732 1740 τὸν
749 1712 779 1746 ἐξ
794 1713 879 1750 αὐτῆς
893 1712 1001 1742 ἀνατεί-

207 1757 303 1792 λαντα,
318 1760 347 1786 ὲν
361 1758 399 1793 τῷ
420 1758 492 1794 ἁγίῳ
516 1758 625 1794 σταυρῷ
645 1758 843 1794 ἀνυψούμενον,
870 1761 917 1787 καὶ
933 1759 1000 1787 καθ-

204 1806 353 1840 αγιάζοντα
369 1805 433 1838 τοὺς
448 1804 561 1841 βροτοὺς
576 1806 678 1841 ὁρῶσα,
697 1805 827 1842 ὠδύρετο.

248 1899 348 1933 ’Δγίων
370 1899 499 1935 τάγματα
517 1899 705 1933 λιτανεύουσι,
720 1899 816 1935 Κόρη,
837 1898 883 1925 τὸν
897 1899 930 1925 ὲκ
949 1906 1000 1932 γα-

208 1946 290 1981 στρός
311 1954 358 1974 σου
382 1946 548 1982 προελθόντα
572 1946 722 1982 Δεσπότην,
746 1945 791 1972 τὸν
816 1944 942 1978 δείξαντα
967 1945 997 1970 ἐν

207 1991 315 2026 σταυρῷ
335 1990 443 2024 τούτοις
463 1991 556 2029 τρίϐον
571 1991 722 2028 ἀθλήσεως,
738 1990 818 2027 ἁγνὴ,
835 1990 883 2017 καὶ
897 1989 1001 2025 δοξολο-

205 2038 301 2073 γοῦσιν
314 2037 352 2071 ὥς
364 2038 474 2071 πάντων
491 2038 627 2074 βασιλίδα.

240 2130 376 2166 armas;
402 2131 458 2158 τῶν
475 2131 615 2166 Χερουϐὶμ
633 2130 781 2166 ἀγιωτέρα,
806 2131 823 2166 ἡ
850 2129 917 2156 Θεοῦ
933 2129 1001 2156 Θεὸν

206 2178 293 2212 Λόγον
319 2178 401 2214 σαρκὶ
429 2177 613 2210 ἀποτεκοῦσα,
644 2177 689 2204 τὸν
713 2176 890 2212 ἀνυψωθεντα
918 2166 1002 2211 σαρκι

1051 1585 1109 1614 est;
1123 1585 1150 1608 et
1178 1581 1205 1607 in
1225 1588 1307 1607 cruce
1331 1580 1427 1608 videns
1447 1580 1608 1612 exaltatum,
1628 1579 1756 1607 intuentis
1783 1587 1846 1613 pro-

1050 1627 1191 1663 sequeris;
1206 1634 1223 1654 ο
1238 1631 1324 1654 mater
1351 1624 1436 1661 Virgo
1458 1630 1545 1658 casta,
1563 1626 1638 1653 omni
1664 1625 1744 1653 laude
1765 1626 1846 1653 deco-

1050 1673 1149 1701 randa.

1087 1720 1155 1747 Cum
1170 1718 1344 1747 sanctissima
1369 1718 1474 1746 videret
1491 1717 1696 1746 sanctissimum
1710 1716 1843 1748 Verbum,

1050 1765 1124 1801 quod
1139 1773 1172 1793 ex
1189 1766 1247 1800 ipsa
1265 1765 1330 1793 solis
1344 1765 1431 1793 instar
1441 1769 1567 1792 exortum
1585 1763 1685 1796 fuerat,
1703 1763 1730 1790 in
1748 1767 1844 1791 sancta

1051 1820 1133 1841 cruce
1160 1813 1322 1845 exaltatum,
1343 1816 1426 1846 atque
1452 1812 1578 1840 homines
1605 1811 1844 1842 sanetilicanlem;

1051 1857 1078 1885 in
1090 1858 1207 1884 lamenta
1223 1856 1359 1891 ﬂetusque
1380 1857 1552 1892 erumpebat.

1086 1901 1251 1929 Sanctorum
1274 1901 1412 1928 exercitus
1437 1901 1630 1934 deprecantur,
1651 1909 1667 1928 ο
1684 1900 1843 1928 castissima

1051 1945 1152 1981 puella,
1168 1944 1313 1972 Dominum
1330 1944 1471 1979 illum,qui
1484 1952 1516 1971 ex
1537 1949 1615 1972 utero
1632 1948 1679 1971 tuo
1692 1945 1844 1978 processit;

1051 1996 1078 2020 et
1092 1991 1139 2027 qui
1168 1991 1195 2018 itt
1228 1998 1310 2019 cruce
1336 1991 1457 2018 ostendit
1482 1991 1536 2018 illis
1564 1991 1635 2017 viam
1659 1996 1777 2018 strenuae
1797 1991 1845 2018 de-

1052 2037 1228 2072 certationis;
1254 2041 1335 2073 teque
1362 2041 1393 2065 ut
1424 2037 1549 2065 omnium
1580 2035 1714 2072 Reginam
1742 2035 1848 2072 gloriﬁ-

1052 2089 1127 2113 cant.

1088 2130 1113 2158 Ο
1123 2131 1254 2159 bonorum
1268 2130 1366 2163 amica,
1381 2130 1501 2158 sanctior
1515 2129 1673 2162 Cherubim,
1685 2137 1744 2164 quae
1760 2128 1844 2155 Deum

1054 2175 1102 2203 Dei
1116 2176 1234 2204 Verbum
1264 2177 1291 2202 in
1308 2183 1390 2203 carne
1405 2175 1588 2210 progenuisti,
1603 2175 1650 2209 qui
1666 2179 1692 2201 et
1720 2174 1748 2201 in
1765 2181 1845 2201 cruce

205 2223 316 2259 σταυρῷ
343 2223 514 2257 ἐθελουσίως,
537 2223 607 2259 ὑπὲρ
630 2224 739 2251 πάντων
764 2222 882 2254 ἐκτενῶς
902 2222 996 2249 τοῦτον

1051 2221 1203 2249 voluntarie
1244 2221 1327 2257 294
1366 2221 1520 2249 secundum
1559 2227 1670 2247 carnem
1711 2218 1845 2245 exaltatus

205 2270 352 2305 πρέσὸευε.

210 2383 260 2411 Ἐκ
271 2381 324 2410 τοῦ
339 2383 468 2417 κανόνος
482 2384 536 2411 τοῦ
550 2383 712 2417 Σασδάτου,
725 2384 769 2417 εις
783 2383 838 2411 τὸν
854 2384 992 2418 ὀρθρον.

244 2445 395 2482 ’Υπεραγια
410 2445 427 2481 ἡ
447 2445 514 2472 Θεὸν
534 2446 684 2481 ὑπεράγων
700 2446 785 2480 Λόγον
801 2447 994 2484 ἀποκυήσασα,

200 2491 316 2526 ἁγίασον
331 2490 453 2524 ἅπαντας
464 2491 527 2524 τοὺς
543 2492 633 2518 πίστει
648 2500 678 2518 σε
693 2491 867 2524 δοξάζοντας.

235 2631 282 2666 Μὴ
295 2630 418 2663 κενώσας
430 2631 494 2663 τοὺς
505 2631 621 2662 κόλπους
632 2631 695 2662 τοὺς
708 2631 857 2666 πατρικοὺς
869 2632 882 2658 ό
895 2631 995 2666 Λόγος,

236 2720 293 2755 ('55)
314 2720 383 2748 Huic
399 2720 429 2747 Β.
456 2720 576 2756 Virginis
596 2720 684 2756 elogio
713 2719 884 2755 splendorem
909 2719 992 2747 affert

200 2755 386 2782 Bernardinus
402 2757 435 2783 de
453 2755 538 2784 Busio
554 2756 580 2782 in
606 2755 717 2783 Mariali
729 2764 813 2783 scrin.
825 2756 851 2786 2,
869 2756 902 2783 de
916 2756 991 2783 Con-

200 2794 273 2823 cept.
301 2795 378 2825 parte
399 2799 438 2822 Ill,
463 2792 527 2818 dum
558 2791 657 2818 ibidem
675 2791 712 2818 ait
730 2799 737 2818 :
772 2800 781 2817 ι
801 2791 991 2818 lndubitanter

201 2825 346 2861 tenendum
381 2826 453 2860 quod
479 2826 551 2854 Deus
588 2826 713 2854 dilectam
744 2826 878 2861 Sponsam
911 2834 988 2854 suam

202 2859 408 2897 (B.Virginent)
434 2867 497 2890 ante
522 2863 687 2890 creationem
709 2859 803 2890 mundi
820 2862 931 2890 electam
956 2862 989 2889 ab
1010 2868 1014 2870 ‘

1046 2274 1110 2297 est:
1129 2270 1199 2305 apud
1227 2269 1354 2297 eumdem
1383 2276 1432 2304 pro
1458 2267 1595 2295 universis
1627 2270 1739 2294 strenue
1761 2266 1846 2293 inter-

1047 2316 1124 2344 cede.

1170 2377 1212 2405 Ea:
1228 2377 1333 2407 Canam:
1346 2378 1467 2412 Subbati,
1485 2378 1518 2405 ad
1537 2376 1712 2405 Matutiuum.

1085 2442 1244 2470 Oomnium
1279 2447 1440 2470 sanctorum
1469 2441 1655 2474 sanctissima,
1670 2448 1732 2475 qua:
1758 2440 1843 2467 Deum

1050 2489 1169 2517 Verbum
1201 2489 1277 2517 ornni
1314 2490 1458 2517 sanctitate
1499 2488 1664 2516 sanctiorem
1704 2487 1842 2522 peperisti,

1048 2536 1189 2564 sanctitica
1206 2543 1303 2564 omnes
1316 2536 1364 2570 qui
1387 2535 1488 2571 glorias
1513 2540 1574 2562 tuas
1588 2542 1650 2562 cum
1668 2533 1720 2561 lide
1743 2534 1843 2560 decan-

1049 2586 1118 2609 tant.

1084 2627 1203 2656 Verbum
1237 2635 1253 2655 e
1295 2627 1356 2655 sinu
1393 2627 1482 2654 Patris
1523 2633 1663 2661 nunquam
1697 2624 1841 2652 discedens

1045 2718 1256 2753 omnis‘peccati
1273 2718 1441 2754 turpitudine
1470 2719 1655 2753 prmservavit.
1681 2719 1750 2752 Quis
1764 2719 1838 2747 enim

1044 2759 1087 2781 est
1100 2754 1251 2786 hominum,
1263 2754 1321 2788 qui,
1336 2754 1358 2782 si
1381 2760 1474 2789 posset
1491 2763 1620 2789 sponsam
1640 2762 1717 2782 suam
1737 2755 1837 2787 facere,

1044 2790 1118 2852 iiiam
1146 2797 1199 2817 non
1228 2790 1332 2826 absque
1356 2790 1431 2817 omni
1454 2791 1560 2818 macula
1593 2790 1762 2824 procrearet?
1790 2790 1836 2818 Sic

1044 2833 1050 2853 ι
1075 2833 1099 2853 c.
