2075 3154
253 154 322 186 1343

800 155 830 184 S.
850 153 1010 184 JOSEPBI‘
1027 153 1309 184 HYMNOGRAPIII

1809 147 1880 183 1344'

253 211 281 238 in
303 210 365 238 sinu
394 213 442 236 tuo
467 212 498 236 ut
512 207 602 236 infans
625 212 764 244 receptum
784 213 836 240 est,
860 217 877 236 0
908 209 1041 236 immacu-

1098 209 1125 234 ιν
1139 209 1196 239 τοῖς
1211 208 1321 239 κόλποις
1338 216 1385 234 σου
1401 207 1439 239 ὡς
1459 207 1560 242 βρέφος
1579 206 1766 242 κρατούμενος
1781 206 1887 242 ὡράοη.

253 257 308 283 lata
325 263 333 282 :
350 259 378 283 et
394 262 426 282 ex
452 260 478 282 te
505 254 669 290 principium
696 254 888 289 sumpsitgqui
913 260 955 282 est
982 256 1041 283 sine

254 301 401 337 principio.

290 347 418 378 Precare,
435 354 451 374 ο
479 346 676 379 laudatissima,
694 346 778 374 Deum
794 354 874 381 quem
902 347 1042 382 peperisti,

255 396 285 418 ut
298 398 405 426 gregem
421 395 498 418 tuum
519 391 553 418 ab
583 391 658 418 omni
684 391 863 419 tentutionum
881 399 912 420 ac
929 393 1044 420 tributa-

256 438 361 464 tionum
380 444 479 472 genere
495 436 605 464 liberet.

290 482 313 510 Ο
331 481 414 516 Virgo
428 482 613 515 sanctissima.
628 491 688 518 qua
709 483 756 511 Dei
774 483 911 511 thalamus
925 483 1044 511 indisso-

256 528 348 555 lubilis
360 527 432 556 Facta
444 535 473 556 es
487 537 497 556 ε
510 529 599 555 eidem
616 529 750 564 supplica,
764 535 793 557 ut
809 538 851 558 me
864 530 973 557 thalami
989 530 1045 564 spi-

256 573 342 601 ritalis
358 572 442 601 iaciat
455 573 651 601 habitatorem.

291 620 313 647 0
328 619 411 655 Virgo
427 621 613 653 sanctissima,
626 628 686 656 quae
703 620 824 649 Verbum
840 622 1045 650 sanctissimum

256 667 428 694 incarnatum
452 667 592 701 peperisti,
608 668 680 701 quod
703 668 793 695 omnis
815 668 928 702 spiritus
953 668 1046 695 laudat

255 718 283 740 et
300 713 461 744 sanctiﬁcat,
478 713 621 740 sanetilica
636 721 731 741 servos
743 718 815 741 tuos.

293 759 434 794 Tanquam
452 759 555 795 angelis
569 759 799 788 honorabiliorem
816 760 957 796 Deiparam
968 760 1047 796 hym-

255 805 299 833 nis
314 813 484 832 veneremur.

292 860 434 888 Mulierum
459 861 581 888 omnium
604 865 701 894 rmtus,
722 869 783 897 qua:
806 869 867 889 sese
893 862 919 889 in
946 862 1046 889 virtute

256 906 409 934 exercendo
432 914 464 933 ac
486 906 661 939 decertando,
677 907 820 934 Dominum
845 908 1042 942 qumsirerunt,

256 951 362 979 vultum
377 957 453 979 tuum
464 952 598 985 divinum,
615 960 631 979 0
650 952 808 987 purissima,
825 952 934 980 assidue
948 953 1046 988 depre-

256 1002 364 1025 cantur.

285 1043 361 1071 vCum
383 1044 512 1078 peccandi
530 1044 580 1072 sim
597 1045 723 1080 cupidus,
739 1046 857 1073 tribunal
879 1045 1046 1075 horrendum

258 1091 441 1118 contremisco
467 1090 568 1126 judicis
584 1092 631 1127 qui
659 1100 691 1119 ex
708 1097 733 1119 te
746 1097 822 1120 ortus
839 1097 891 1125 est,
909 1101 925 1120 ο
938 1092 1021 1128 Virgo
1038 1100 1045 1118 :

259 1134 287 1161 iu
312 1142 367 1170 quo
390 1140 418 1163 tu
445 1143 498 1168 mc,
519 1140 613 1171 utpote
635 1136 841 1172 benignissima,
860 1137 1046 1164 indemnatum

259 1187 404 1208 conserva.

480 1242 596 1271 TONUS
611 1243 762 1273 PLAGIUS
779 1243 825 1273 IV.

384 1305 426 1333 E1:
438 1305 544 1335 Canone
560 1307 633 1342 ferite
645 1314 676 1341 tt,
691 1309 726 1335 ad
744 1307 916 1337 Mammium.

297 1369 430 1398 Medicam
453 1379 564 1398 manum
579 1376 653 1399 tuam
679 1372 780 1400 adhibe
797 1373 876 1406 mihi,
893 1373 1048 1401 mortifera-

260 1425 322 1444 rum
334 1417 458 1452 corporis
473 1421 555 1452 atque
572 1418 656 1445 animi
670 1419 827 1453 passionum
843 1419 938 1447 morbo
959 1420 1049 1455 gravi-

261 1467 302 1490 ter
318 1465 478 1497 aegrotanti;
499 1463 579 1499 295
597 1469 626 1492 ut
639 1469 676 1499 te,
693 1472 710 1492 ο
722 1470 808 1499 casta,
825 1472 885 1492 cum
900 1465 952 1493 tide
976 1473 1049 1493 scm-

260 1516 309 1544 pcr
320 1509 426 1536 beatam
438 1510 581 1544 appellem.

296 1554 346 1587 Te,
368 1562 384 1582 ο
410 1555 593 1589 sanctissima,
622 1556 762 1583 custodem
794 1556 820 1583 in
850 1555 1083 1607 tentationibusc

260 1600 362 1627 habeo:
373 1606 401 1628 tu
418 1608 458 1633 es,
476 1606 536 1635 post
551 1601 647 1635 Deum,
661 1602 816 1637 praesidium
833 1609 923 1630 meum
940 1609 1047 1637 semper

260 1646 511 1680 vigilantis-simum.
531 1647 579 1678 Te.
602 1655 619 1675 ο
646 1648 811 1680 castissima,
826 1648 853 1675 in
881 1648 924 1675 die
949 1647 1047 1682 judicii

261 1692 442 1720 liberatricem
462 1692 496 1720 ab
515 1694 603 1721 omnis
619 1693 803 1721 damnationis
818 1694 951 1722 sententia
971 1695 1048 1722 inve-

261 1737 345 1764 niam.

298 1782 336 1810 Te
351 1783 527 1817 purissimum
551 1783 660 1812 Domini
677 1785 889 1819 receptaculum.
905 1793 967 1813 cum
997 1785 1049 1814 [ide

261 1835 370 1862 precor,
404 1836 420 1856 ο
453 1828 499 1856 Dei
516 1829 648 1864 genitrix;
678 1830 712 1857 ab
726 1830 799 1857 omni
832 1831 938 1857 macula
972 1832 1048 1866 puri-

262 1873 312 1899 lica
328 1881 381 1906 me,
393 1879 420 1901 et
439 1875 581 1909 purissimi
599 1874 719 1910 Spiritus
742 1875 827 1904 divini
843 1877 954 1904 domum
974 1876 1049 1904 ellicc

261 1926 315 1946 me.

299 1966 390 1994 Puella
407 1971 495 2000 casta,
513 1967 607 1995 occide
624 1968 782 2003 passionum
805 1976 927 1996 mearum
945 1973 1047 2001 motus.

262 2018 290 2040 tu
304 2020 364 2048 quae
380 2018 458 2048 partu
476 2019 522 2041 tuo
536 2019 676 2048 peccatum
705 2015 799 2043 vivens
819 2015 901 2050 primi
929 2015 1049 2050 parentis

261 2061 397 2089 occidisti.

299 2116 334 2144 Ut
347 2120 383 2149 te,
398 2124 414 2144 ο
426 2116 459 2144 ab
480 2116 555 2144 omni
573 2116 634 2144 labe
646 2117 794 2152 purissima
815 2117 882 2152 (5i),
899 2117 1048 2152 gratiarum

262 2163 379 2190 actionis
403 2162 516 2190 vocibus
539 2170 646 2197 semper
671 2163 838 2198 gloriticetn;
857 2163 955 2190 animae
982 2171 1050 2191 mea:

262 2209 387 2236 tenebras
414 2208 542 2243 elimina;
560 2213 587 2236 et
602 2209 662 2237 luce
686 2209 853 2244 poenitentia:
877 2217 920 2237 me
944 2209 1050 2237 delictis

261 2256 439 2282 obscuratum
460 2255 593 2283 illumina.

297 2309 368 2337 Deus
388 2309 434 2336 Dei
452 2308 580 2342 Verbum,
602 2317 663 2336 cum
680 2310 707 2336 in
724 2311 791 2337 uteri
811 2310 848 2338 tui
872 2310 1046 2339 tabernacula

263 2354 423 2388 habitasset,
436 2362 452 2382 ο
467 2355 557 2382 divina
573 2355 660 2391 gratia
679 2355 853 2390 plenissima;
873 2355 936 2384 fecit
953 2361 978 2383 te
991 2364 1050 2383 om-

264 2401 338 2426 nium
361 2400 406 2434 qui
428 2400 455 2427 in
473 2401 622 2428 certamine
645 2401 854 2436 superabantur,
869 2401 1023 2436 praesidium
1040 2409 1048 2427 :

262 2446 441 2480 quamobrem
456 2446 575 2474 clamant
593 2455 599 2472 :
615 2447 759 2475 Beneditus
776 2455 816 2480 es,
831 2447 901 2475 Deus
928 2452 1047 2482 patrum,

261 2500 315 2520 ciC.

299 2538 350 2573 Tu,
371 2538 494 2574 oVirgo,
509 2546 604 2566 eorum
627 2540 673 2574 qui
698 2545 780 2573 stant,
796 2547 826 2568 es
853 2539 1047 2573 ﬁrmitas;eo-

303 2618 358 2653 (34)
373 2616 474 2645 Favere
487 2617 594 2644 videtur
607 2617 636 2644 S.
648 2617 766 2645 Thomas
781 2618 901 2652 Aquinas
922 2618 986 2645 dum
998 2617 1025 2644 in
1039 2625 1047 2644 I

265 2653 341 2681 Sent.
355 2654 381 2680 d.
397 2653 479 2685 ΗΑ.
493 2653 520 2685 5,
534 2653 559 2679 in
577 2653 649 2680 hunc
675 2653 784 2680 modum
801 2654 900 2681 scribit
915 2663 922 2680 :
940 2653 1048 2680 Puritus

265 2689 416 2716 intenditur
426 2696 472 2722 per
487 2695 624 2715 recessum
639 2696 653 2714 a
672 2689 819 2720 contrario,
842 2693 868 2714 ct
884 2689 944 2715 ideo
960 2691 1049 2722 potest

265 2724 369 2758 aliquid
397 2727 520 2751 creatum
552 2723 678 2754 inveniri,
695 2731 750 2758 quo
774 2723 842 2750 nihil
871 2724 967 2758 purius
989 2730 1051 2758 esse

266 2757 355 2793 potest
372 2759 398 2785 in
419 2759 501 2786 rebus
518 2759 626 2788 creatis.
643 2759 664 2785 si
679 2759 752 2785 multa
768 2757 1051 2793 contagionerpt'ccati

266 2792 437 2828 inquinatum
451 2795 496 2823 sit,
521 2798 548 2820 et
565 2794 626 2820 talis
649 2793 700 2820 fuit
726 2792 834 2828 puritas
857 2793 887 2819 ts.
920 2792 1052 2828 Virginis,

265 2826 326 2860 quIe
342 2836 357 2855 a
386 2828 630 2863 peccatopriginaii
656 2826 855 2863 inununisrl‘uit.
888 2838 897 2853 ι
927 2826 981 2855 516
1000 2827 1053 2854 illc.

644 2853 753 2891 amVilla
764 2853 854 2896 Nora,
874 2853 968 2890 senti:
980 2863 1006 2896 5,
1022 2853 1055 2889 de

1092 253 1179 289 ἀρχὴν
1192 255 1224 280 ἐκ
1241 253 1288 279 σοῦ
1298 253 1398 286 λαϐὼν,
1414 252 1542 289 ἄχραντε,
1554 253 1568 278 ὁ
1582 252 1712 287 ἄναρχος.

1133 343 1250 370 ’ἱκέτευε
1267 343 1296 370 ὃν
1311 343 1432 379 ὲκύησας
1447 343 1523 377 Θεὸν,
1537 343 1707 378 πανύμνητε,
1723 343 1886 378 πειρασμῶν

1093 386 1271 413 παντοδαπῶν
1298 387 1345 414 καὶ
1383 386 1500 422 θλίψεων
1527 387 1662 423 ῥύσασθαι
1689 386 1740 422 τὴν
1767 388 1886 423 ποίμνην

1093 441 1155 460 σου.

1129 479 1253 514 Νυμφὼν
1270 480 1439 512 ἀκατάλυτος
1457 480 1571 516 ὀφθεῖσα
1594 481 1674 514 Θεοῦ,
1690 482 1813 509 δυσὼπει
1835 483 1886 509 αὗ-

1093 526 1150 559 τδν,
1165 526 1285 560 παναγία
1301 526 1435 561 Παρθένε,
1457 527 1603 562 νυμφῶνός
1628 536 1662 563 με
1688 529 1821 563 οἰκήτορα
1837 529 1886 556 τοῦ

1096 571 1195 607 νοητοῦ
1211 572 1386 607 γενήσεσθαι.

1136 618 1273 652 ’Δγίασοιῃ
1299 618 1421 652 παναγία
1447 619 1583 654 Παρθένε,
1606 620 1670 651 τοὺς
1688 620 1798 652 δούλους
1825 629 1884 651 σου,

1094 663 1140 690 τὸν
1163 663 1296 698 πανάγιον
1321 663 1408 698 Δόγον
1431 664 1514 700 σαρκὶ
1540 664 1722 698 ἀποτεκοῦσα,
1747 665 1778 692 ὃν
1806 666 1888 701 ὑμνεί

1098 709 1173 736 πᾶσα
1189 709 1258 744 πνοὴ
1272 709 1434 744 ἁγιάζουσα.

1136 754 1182 787 Ὠς
1199 754 1254 782 τῶν
1266 756 1390 790 ἀγγέλων
1407 756 1573 792 τιμιωτέραν
1591 756 1641 792 τὴν
1657 756 1787 784 Θεοτόκον
1803 757 1886 792 ὑμνο-

1097 801 1176 836 λογοῦ
1181 810 1241 836 μεν.

1139 857 1169 883 Ὀ
1188 856 1242 884 τῶν
1257 856 1377 892 γυναίων
1400 856 1528 884 ἁπάντων
1549 857 1710 891 κατάλογος,
1730 857 1745 883 ὁ
1770 857 1886 892 ἀσκήσει

1060 892 1082 921 Β
1096 903 1141 930 καὶ
1163 903 1296 939 ἀθλήσει,
1317 903 1482 938 πανάμωμε,
1502 903 1623 938 ζητήσας
1641 903 1686 929 τὸν
1705 903 1814 939 Κύριον,
1831 903 1888 930 λιτ-

1096 949 1188 977 ἆνεύει
1201 949 1348 982 ἀπαύστως
1362 949 1394 977 τὸ
1407 949 1478 976 θεῖόν
1491 957 1537 977 σου
1555 949 1710 985 πρόσωπον.

1131 1038 1354 1074 Φιλαμαρτήμων
1372 1038 1550 1074 ὑπάρχων,τδ
1564 1039 1738 1075 δικαστήριον
1750 1038 1843 1074 τρέμω
1857 1038 1888 1065 τὸ

1097 1085 1212 1120 φοϐερὸν
1223 1085 1269 1111 τοῦ
1281 1085 1313 1112 ὲκ
1324 1084 1381 1116 σοῦ,
1394 1085 1474 1120 ἁγνὴ,
1486 1085 1639 1120 τεχθέντος,
1650 1085 1679 1111 ὲν
1692 1081 1713 1119 ᾧ
1728 1093 1772 1120 με,
1786 1084 1886 1119 ἀγαθὴ,

1098 1130 1282 1167 ἀκατάκριτον
1295 1131 1473 1166 συντήρησον.

1334 1243 1427 1270 ΗΧΟΣ
1446 1243 1593 1270 ΠΔΛΠΟΣ
1611 1246 1648 1271 Δ’.

1105 1307 1152 1334 Ἐκ
1173 1306 1227 1334 τοῦ
1242 1307 1372 1339 κανόνος
1387 1304 1441 1340 τῆς
1456 1306 1608 1341 δευτέρας,
1623 1308 1666 1341 είς
1679 1308 1733 1335 τὸν
1749 1309 1887 1343 ὀρθρον.

1136 1370 1226 1396 Ἰασαι
1252 1368 1383 1395 νοσοῦντά
1412 1377 1444 1404 με
1470 1368 1596 1403 χαλεπῶς
1614 1369 1665 1404 τῆς
1693 1369 1888 1406 θανατηφόρου

1099 1415 1240 1446 ἀσθενείας
1257 1414 1310 1441 τῶν
1331 1413 1479 1449 σαρκικῶν,
1494 1413 1575 1449 ἁγνὴ,
1601 1414 1725 1449 ψυχικῶν
1748 1423 1778 1442 τε
1800 1415 1889 1450 παθη-

1100 1461 1205 1495 μάτων,
1219 1461 1292 1493 ὅπως
1305 1460 1333 1488 ὲν
1353 1460 1443 1488 πίστει
1461 1461 1505 1487 ἀεὶ
1522 1460 1667 1496 μακαρίζω
1681 1469 1722 1488 σε.

1134 1551 1167 1578 Σὲ
1181 1552 1310 1588 φρουρὸν,
1326 1552 1462 1586 παναγία,
1478 1553 1507 1580 ἐν
1518 1555 1681 1588 πειρασμοῖς
1696 1553 1844 1589 κέκτημαι,
1857 1554 1887 1580 σὲ

1101 1599 1170 1634 μετὰ
1183 1598 1249 1625 Θεὸν
1264 1599 1432 1634 προστασίαν
1448 1598 1501 1634 ἔχω
1518 1599 1678 1635 ἀκοίμητον,
1695 1601 1726 1627 σὲ
1753 1600 1888 1635 ρυομένην

1099 1653 1133 1680 με
1144 1645 1173 1671 ἐν
1188 1646 1220 1680 τῇ
1231 1645 1323 1681 ἡμέρᾳ
1337 1644 1386 1680 τῆς
1403 1645 1480 1680 δίκης
1492 1646 1582 1681 πάσης
1595 1645 1784 1682 κατακρίσεως
1798 1646 1888 1681 εὔροι-

1100 1699 1156 1726 μοι,
1172 1691 1303 1725 πάναγνε.

1134 1783 1208 1812 Σὲίτὺ
1217 1783 1337 1819 καθαρὸν
1345 1783 1445 1819 δοχεῖον
1455 1784 1502 1810 τοῦ
1512 1783 1646 1810 Δεσπότου
1658 1784 1747 1810 πίστει
1757 1783 1886 1818 δυσωπῶ,

1099 1829 1248 1864 καθάρισόν
1273 1839 1306 1864 με
1330 1830 1435 1867 πάσης,
1462 1831 1656 1867 Θεογεννῆτορ,
1685 1831 1807 1866 κηλῖδος,
1841 1832 1888 1858 καὶ

1100 1873 1174 1903 οἷκον
1188 1875 1274 1908 δεῖξον
1287 1875 1333 1902 τοῦ
1348 1876 1469 1912 καθαροῦ
1481 1877 1528 1904 καὶ
1541 1877 1613 1904 θείου
1630 1877 1797 1912 Πνεύματος.

1137 1969 1295 2004 Νέκρωσον,
1312 1968 1393 2004 ἁγνὴ,
1410 1969 1464 1996 τῶν
1482 1969 1576 1996 παθῶν
1594 1978 1643 2005 μου
1659 1969 1692 1996 τὰ
1706 1970 1855 2005 κινήματα,
1869 1971 1887 2006 ἡ

1100 2015 1261 2050 νεκρώσασα
1276 2015 1314 2051 τῷ
1329 2016 1401 2052 τόκῳ
1416 2025 1463 2043 σου
1480 2017 1527 2050 τὴν
1539 2015 1735 2052 ζῶσαν,Κόρη,
1752 2017 1890 2052 ἁμαρτίαν

1100 2062 1147 2088 τοῦ
1160 2062 1344 2097 προπάτορος.

1136 2116 1195 2142 Ἵνα
1221 2117 1323 2150 φωναῖς
1349 2116 1518 2152 εὐχαρίστως
1548 2117 1686 2150 πάντοτε,
1712 2120 1888 2155 πανάμωμε,

1100 2160 1204 2194 δοξάζω
1227 2170 1272 2194 σε,
1288 2161 1377 2197 ψυχῆς
1392 2171 1442 2198 μου
1459 2163 1553 2195 δίωξον
1568 2164 1599 2190 τὸ
1615 2165 1722 2196 σκότος,
1739 2165 1785 2191 καὶ
1806 2174 1890 2201 μετα-

1101 2206 1173 2238 νοίας
1188 2208 1256 2241 φωτὶ
1268 2207 1303 2234 τὰ
1320 2207 1423 2243 ζοφερὰ
1437 2207 1516 2235 λῦσόν
1533 2217 1584 2244 μου
1597 2209 1770 2245 ἐγκλήματα,

1140 2310 1169 2337 '0
1193 2309 1261 2336 Θεοῦ
1286 2309 1352 2341 Θεὺς
1377 2309 1464 2343 Λόγος
1490 2309 1519 2336 ὲν
1543 2310 1642 2345 γαστρί
1661 2319 1709 2336 σου
1728 2310 1889 2345 σκηνώσας,

1099 2357 1295 2391 θεοχαρίτωτε,
1315 2355 1443 2382 ἁπάντων
1460 2355 1629 2390 προστασίαν
1649 2356 1703 2382 τῶν
1718 2364 1891 2383 καταπονου-

1101 2400 1190 2436 μένων
1213 2400 1260 2427 καὶ
1277 2399 1400 2435 βοώντων
1427 2399 1545 2427 δεικνύει
1569 2408 1613 2427 σε’
1639 2400 1667 2427 '0
1689 2399 1744 2427 τῶν
1763 2401 1891 2436 πατέρων

1100 2447 1179 2482 ἡμῶν
1193 2446 1270 2480 Θεὸς,
1287 2446 1434 2481 εὐλογητὸς
1449 2443 1484 2473 εἴ.

1142 2539 1305 2575 Ἰτταμένων
1329 2539 1474 2574 βεὸαίωσις
1499 2539 1642 2574 ὑπάρχεις,
1672 2539 1720 2566 καὶ
1751 2539 1890 2566 πεσόντων

1100 2617 1212 2644 Nntivit.
1230 2616 1336 2644 Domini
1352 2625 1436 2652 prope
1450 2617 1539 2648 linem.
1549 2616 1613 2644 dum
1634 2616 1736 2644 ibidem
1749 2617 1791 2644 his
1805 2617 1892 2643 utitur

1103 2652 1194 2679 verbis
1214 2660 1220 2679 :
1236 2661 1244 2678 ι
1263 2652 1358 2679 Docuit
1371 2652 1484 2679 Matrem
1502 2652 1546 2679 Dei
1565 2659 1625 2679 esse
1641 2652 1816 2686 purissimam
1833 2652 1891 2678 sine

1101 2688 1171 2720 labe,
1187 2688 1246 2714 sine
1263 2693 1385 2722 peccato.
1396 2688 1468 2714 unde
1482 2695 1534 2714 non
1550 2688 1640 2714 solum
1664 2687 1774 2721 quando
1789 2687 1890 2721 puella,

1103 2723 1148 2750 sed
1165 2723 1274 2756 quando
1289 2722 1411 2757 parvula,
1424 2722 1608 2754 sanctissima,
1629 2726 1657 2748 et
1682 2723 1708 2749 in
1722 2728 1801 2757 utero
1825 2729 1891 2747 san-

1103 2757 1235 2789 ctissima,
1252 2762 1278 2784 et
1289 2756 1327 2784 fin
1341 2757 1525 2791 Conceptionc
1543 2757 1725 2784 sanctissima.
1744 2756 1802 2784 Non
1817 2757 1889 2783 enim

1103 2794 1217 2821 decebat
1239 2793 1429 2820 sanctuarium
1448 2792 1506 2823 Dei,
1524 2792 1635 2818 domum
1650 2792 1807 2826 Sapientiae,
1828 2791 1893 2818 reli—

1105 2828 1240 2863 quiarium
1263 2827 1383 2862 Spiritus
1415 2828 1512 2859 sancti,
1528 2834 1624 2854 urnam
1650 2835 1756 2855 tuauna:
1771 2827 1891 2854 cmlcstis

1108 2863 1224 2898 aliquant
1242 2864 1267 2890 in
1285 2872 1312 2890 se
1331 2863 1428 2890 habch
1447 2863 1544 2890 labcm.
1563 2872 1573 2889 ι
1857 2867 1859 2869 ’
