  <div class='ocr_page' id='page_1' title='image "/cluster/home/n/w/nwhite01/storage/ocr_20150623/105/njp.32101077772893/744.png"; bbox 0 0 2075 3154; ppageno 0'>
   <div class='ocr_carea' id='block_1_1' title="bbox 172 192 242 225">
    <p class='ocr_par' dir='ltr' id='par_1_1' title="bbox 172 192 242 225">
     <span class='ocr_line' id='line_1_1' title="bbox 172 192 242 225; baseline -0.029 0"><span class='ocrx_word' id='word_1_1' title='bbox 172 192 242 225; x_wconf 77' lang='grc'><strong>1345</strong></span> 
     </span>
    </p>
   </div>
   <div class='ocr_carea' id='block_1_2' title="bbox 884 195 1068 227">
    <p class='ocr_par' dir='ltr' id='par_1_2' title="bbox 884 195 1068 227">
     <span class='ocr_line' id='line_1_2' title="bbox 884 195 1068 227; baseline 0.011 -2"><span class='ocrx_word' id='word_1_2' title='bbox 884 195 1068 227; x_wconf 81' lang='lat' dir='ltr'><strong>MARIALE.</strong></span> 
     </span>
    </p>
   </div>
   <div class='ocr_carea' id='block_1_3' title="bbox 1737 196 1806 232">
    <p class='ocr_par' dir='ltr' id='par_1_3' title="bbox 1737 196 1806 232">
     <span class='ocr_line' id='line_1_3' title="bbox 1737 196 1806 232; baseline 0.014 -1"><span class='ocrx_word' id='word_1_3' title='bbox 1737 196 1806 232; x_wconf 72' lang='grc'><strong>1346</strong></span> 
     </span>
    </p>
   </div>
   <div class='ocr_carea' id='block_1_4' title="bbox 174 246 970 289">
    <p class='ocr_par' dir='ltr' id='par_1_4' title="bbox 174 246 966 285">
     <span class='ocr_line' id='line_1_4' title="bbox 174 246 966 285; baseline 0.004 -12"><span class='ocrx_word' id='word_1_4' title='bbox 174 246 334 283; x_wconf 80' lang='grc' dir='ltr'>ἁνόρῦωσις,</span> <span class='ocrx_word' id='word_1_5' title='bbox 350 246 472 282; x_wconf 79' lang='grc' dir='ltr'>Παρθένε</span> <span class='ocrx_word' id='word_1_6' title='bbox 486 254 492 261; x_wconf 83' lang='lat'>&#39;</span> <span class='ocrx_word' id='word_1_7' title='bbox 508 246 549 274; x_wconf 78' lang='grc' dir='ltr'><strong>διδ</strong></span> <span class='ocrx_word' id='word_1_8' title='bbox 565 247 779 275; x_wconf 80' lang='grc' dir='ltr'>καταπτωθέντα</span> <span class='ocrx_word' id='word_1_9' title='bbox 796 256 831 283; x_wconf 86' lang='grc' dir='ltr'><strong>με</strong></span> <span class='ocrx_word' id='word_1_10' title='bbox 846 249 966 285; x_wconf 82' lang='grc' dir='ltr'>ἀνάστη-</span> 
     </span>
    </p>
   </div>
   <div class='ocr_carea' id='block_1_5' title="bbox 1020 246 1810 289">
    <p class='ocr_par' dir='ltr' id='par_1_5' title="bbox 1020 251 1810 289">
     <span class='ocr_line' id='line_1_5' title="bbox 1020 251 1810 289; baseline 0.005 -12"><span class='ocrx_word' id='word_1_11' title='bbox 1020 259 1079 278; x_wconf 91' lang='lat' dir='ltr'><strong>rum</strong></span> <span class='ocrx_word' id='word_1_12' title='bbox 1098 252 1144 286; x_wconf 82' lang='lat' dir='ltr'><strong>qui</strong></span> <span class='ocrx_word' id='word_1_13' title='bbox 1162 251 1264 280; x_wconf 79' lang='lat' dir='ltr'><strong>cadunt</strong></span> <span class='ocrx_word' id='word_1_14' title='bbox 1280 253 1382 281; x_wconf 90' lang='lat' dir='ltr'><strong>erectio</strong></span> <span class='ocrx_word' id='word_1_15' title='bbox 1398 255 1595 288; x_wconf 74' lang='lat' dir='ltr'><strong>:quamobrem</strong></span> <span class='ocrx_word' id='word_1_16' title='bbox 1612 261 1656 281; x_wconf 89' lang='lat' dir='ltr'><strong>me</strong></span> <span class='ocrx_word' id='word_1_17' title='bbox 1671 254 1727 289; x_wconf 83' lang='lat' dir='ltr'><strong>jam</strong></span> <span class='ocrx_word' id='word_1_18' title='bbox 1750 255 1810 283; x_wconf 89' lang='lat' dir='ltr'><strong>col-</strong></span> 
     </span>
    </p>
   </div>
   <div class='ocr_carea' id='block_1_6' title="bbox 174 292 761 328">
    <p class='ocr_par' dir='ltr' id='par_1_6' title="bbox 174 292 761 328">
     <span class='ocr_line' id='line_1_6' title="bbox 174 292 761 328; baseline 0.003 -9"><span class='ocrx_word' id='word_1_19' title='bbox 174 301 231 324; x_wconf 85' lang='grc' dir='ltr'>σον,</span> <span class='ocrx_word' id='word_1_20' title='bbox 243 293 286 319; x_wconf 79' lang='grc' dir='ltr'><strong>ἵνα</strong></span> <span class='ocrx_word' id='word_1_21' title='bbox 302 301 331 319; x_wconf 91' lang='grc' dir='ltr'><strong>σε</strong></span> <span class='ocrx_word' id='word_1_22' title='bbox 342 292 450 325; x_wconf 76' lang='grc' dir='ltr'>δοξάζω</span> <span class='ocrx_word' id='word_1_23' title='bbox 460 293 510 328; x_wconf 80' lang='grc' dir='ltr'>τὴν</span> <span class='ocrx_word' id='word_1_24' title='bbox 524 294 761 328; x_wconf 81' lang='grc' dir='ltr'>κεχαριτωμένην.</span> 
     </span>
    </p>
   </div>
   <div class='ocr_carea' id='block_1_7' title="bbox 208 339 966 376">
    <p class='ocr_par' dir='ltr' id='par_1_7' title="bbox 208 339 966 376">
     <span class='ocr_line' id='line_1_7' title="bbox 208 339 966 376; baseline 0.004 -11"><span class='ocrx_word' id='word_1_25' title='bbox 208 339 338 370; x_wconf 81' lang='grc' dir='ltr'>Φώτισον,</span> <span class='ocrx_word' id='word_1_26' title='bbox 365 339 437 374; x_wconf 78' lang='grc' dir='ltr'>πύλη</span> <span class='ocrx_word' id='word_1_27' title='bbox 464 339 512 366; x_wconf 79' lang='grc' dir='ltr'>τοῦ</span> <span class='ocrx_word' id='word_1_28' title='bbox 531 339 632 374; x_wconf 79' lang='grc' dir='ltr'>φωτὸς.</span> <span class='ocrx_word' id='word_1_29' title='bbox 661 340 712 375; x_wconf 82' lang='grc' dir='ltr'>τῆς</span> <span class='ocrx_word' id='word_1_30' title='bbox 735 341 849 376; x_wconf 80' lang='grc' dir='ltr'><strong>καρδίας</strong></span> <span class='ocrx_word' id='word_1_31' title='bbox 867 350 917 376; x_wconf 88' lang='grc' dir='ltr'><strong>μου</strong></span> <span class='ocrx_word' id='word_1_32' title='bbox 932 341 966 369; x_wconf 77' lang='grc' dir='ltr'><strong>τὰ</strong></span> 
     </span>
    </p>
   </div>
   <div class='ocr_carea' id='block_1_8' title="bbox 172 385 965 423">
    <p class='ocr_par' dir='ltr' id='par_1_8' title="bbox 172 385 965 423">
     <span class='ocr_line' id='line_1_8' title="bbox 172 385 965 423; baseline 0.004 -12"><span class='ocrx_word' id='word_1_33' title='bbox 172 386 296 421; x_wconf 70' lang='grc' dir='ltr'>ὄμματα.</span> <span class='ocrx_word' id='word_1_34' title='bbox 321 385 429 420; x_wconf 76' lang='grc' dir='ltr'>δέομαι,</span> <span class='ocrx_word' id='word_1_35' title='bbox 453 385 500 413; x_wconf 76' lang='grc' dir='ltr'>καὶ</span> <span class='ocrx_word' id='word_1_36' title='bbox 527 386 722 422; x_wconf 85' lang='grc' dir='ltr'>ἀπημαύρωσε</span> <span class='ocrx_word' id='word_1_37' title='bbox 746 387 796 422; x_wconf 74' lang='grc' dir='ltr'>τῆς</span> <span class='ocrx_word' id='word_1_38' title='bbox 828 388 965 423; x_wconf 82' lang='grc' dir='ltr'>ἁμαρτίας</span> 
     </span>
    </p>
   </div>
   <div class='ocr_carea' id='block_1_9' title="bbox 174 430 965 467">
    <p class='ocr_par' dir='ltr' id='par_1_9' title="bbox 174 430 965 467">
     <span class='ocr_line' id='line_1_9' title="bbox 174 430 965 467; baseline 0.005 -11"><span class='ocrx_word' id='word_1_39' title='bbox 174 431 270 462; x_wconf 77' lang='grc' dir='ltr'><strong>σκότος</strong></span> <span class='ocrx_word' id='word_1_40' title='bbox 293 430 454 465; x_wconf 77' lang='grc' dir='ltr'><strong>βαθύτατον,</strong></span> <span class='ocrx_word' id='word_1_41' title='bbox 471 430 518 457; x_wconf 70' lang='grc' dir='ltr'><strong>καὶ</strong></span> <span class='ocrx_word' id='word_1_42' title='bbox 543 431 688 466; x_wconf 79' lang='grc' dir='ltr'><strong>μετανοίας</strong></span> <span class='ocrx_word' id='word_1_43' title='bbox 706 441 757 467; x_wconf 83' lang='grc' dir='ltr'><strong>μου</strong></span> <span class='ocrx_word' id='word_1_44' title='bbox 775 433 862 467; x_wconf 75' lang='grc' dir='ltr'>αὐγὴν</span> <span class='ocrx_word' id='word_1_45' title='bbox 879 434 965 460; x_wconf 77' lang='grc' dir='ltr'>κατά-</span> 
     </span>
    </p>
   </div>
   <div class='ocr_carea' id='block_1_10' title="bbox 175 475 966 514">
    <p class='ocr_par' dir='ltr' id='par_1_10' title="bbox 175 475 966 514">
     <span class='ocr_line' id='line_1_10' title="bbox 175 475 966 514; baseline 0.005 -13"><span class='ocrx_word' id='word_1_46' title='bbox 175 475 300 511; x_wconf 73' lang='grc' dir='ltr'>πεμψον,</span> <span class='ocrx_word' id='word_1_47' title='bbox 327 476 472 508; x_wconf 76' lang='grc' dir='ltr'><strong>Δέσποινα,</strong></span> <span class='ocrx_word' id='word_1_48' title='bbox 502 476 550 502; x_wconf 68' lang='grc' dir='ltr'><strong>καὶ</strong></span> <span class='ocrx_word' id='word_1_49' title='bbox 574 478 683 504; x_wconf 82' lang='grc' dir='ltr'><strong>αἰωνίου</strong></span> <span class='ocrx_word' id='word_1_50' title='bbox 711 478 796 513; x_wconf 80' lang='grc' dir='ltr'>πυρὸς</span> <span class='ocrx_word' id='word_1_51' title='bbox 817 479 966 514; x_wconf 81' lang='grc' dir='ltr'>μεσιτείαις</span> 
     </span>
    </p>
   </div>
   <div class='ocr_carea' id='block_1_11' title="bbox 175 521 539 556">
    <p class='ocr_par' dir='ltr' id='par_1_11' title="bbox 175 521 539 556">
     <span class='ocr_line' id='line_1_11' title="bbox 175 521 539 556; baseline 0.003 -8"><span class='ocrx_word' id='word_1_52' title='bbox 175 529 234 552; x_wconf 88' lang='grc' dir='ltr'>σου,</span> <span class='ocrx_word' id='word_1_53' title='bbox 249 521 329 556; x_wconf 75' lang='grc' dir='ltr'>ἁγνὴ,</span> <span class='ocrx_word' id='word_1_54' title='bbox 345 521 539 556; x_wconf 78' lang='grc' dir='ltr'>ὲλευθέρωσον.</span> 
     </span>
    </p>
   </div>
   <div class='ocr_carea' id='block_1_12' title="bbox 206 575 945 614">
    <p class='ocr_par' dir='ltr' id='par_1_12' title="bbox 206 575 945 614">
     <span class='ocr_line' id='line_1_12' title="bbox 206 575 945 614; baseline 0.008 -12"><span class='ocrx_word' id='word_1_55' title='bbox 206 576 256 602; x_wconf 84' lang='grc' dir='ltr'>Ἐκ</span> <span class='ocrx_word' id='word_1_56' title='bbox 271 575 325 602; x_wconf 79' lang='grc' dir='ltr'>τοῦ</span> <span class='ocrx_word' id='word_1_57' title='bbox 340 577 477 610; x_wconf 79' lang='grc' dir='ltr'>Κανόνος</span> <span class='ocrx_word' id='word_1_58' title='bbox 491 576 546 611; x_wconf 79' lang='grc' dir='ltr'>τῆς</span> <span class='ocrx_word' id='word_1_59' title='bbox 556 578 670 612; x_wconf 78' lang='grc' dir='ltr'>τρίτης,</span> <span class='ocrx_word' id='word_1_60' title='bbox 681 579 724 612; x_wconf 77' lang='grc' dir='ltr'><strong>εις</strong></span> <span class='ocrx_word' id='word_1_61' title='bbox 741 579 795 606; x_wconf 74' lang='grc' dir='ltr'><strong>τὸν</strong></span> <span class='ocrx_word' id='word_1_62' title='bbox 808 580 945 614; x_wconf 79' lang='grc' dir='ltr'>Ὀρθρον.</span> 
     </span>
    </p>
   </div>
   <div class='ocr_carea' id='block_1_13' title="bbox 210 630 965 668">
    <p class='ocr_par' dir='ltr' id='par_1_13' title="bbox 210 630 965 668">
     <span class='ocr_line' id='line_1_13' title="bbox 210 630 965 668; baseline 0.008 -12"><span class='ocrx_word' id='word_1_63' title='bbox 210 630 364 661; x_wconf 83' lang='grc' dir='ltr'>Μετανοίας</span> <span class='ocrx_word' id='word_1_64' title='bbox 380 639 436 665; x_wconf 89' lang='grc' dir='ltr'>μοι,</span> <span class='ocrx_word' id='word_1_65' title='bbox 454 631 587 667; x_wconf 80' lang='grc' dir='ltr'>Παρθένε,</span> <span class='ocrx_word' id='word_1_66' title='bbox 604 633 800 666; x_wconf 79' lang='grc' dir='ltr'>καθυπόδειξον</span> <span class='ocrx_word' id='word_1_67' title='bbox 815 634 900 668; x_wconf 70' lang='grc' dir='ltr'>ὀδοὺς,</span> <span class='ocrx_word' id='word_1_68' title='bbox 917 635 965 662; x_wconf 76' lang='grc' dir='ltr'>καὶ</span> 
     </span>
    </p>
   </div>
   <div class='ocr_carea' id='block_1_14' title="bbox 175 675 965 717">
    <p class='ocr_par' dir='ltr' id='par_1_14' title="bbox 175 675 965 717">
     <span class='ocr_line' id='line_1_14' title="bbox 175 675 965 717; baseline 0.008 -15"><span class='ocrx_word' id='word_1_69' title='bbox 175 677 224 712; x_wconf 80' lang='grc' dir='ltr'>τῆς</span> <span class='ocrx_word' id='word_1_70' title='bbox 247 675 411 711; x_wconf 83' lang='grc' dir='ltr'>ἀπαγούσης</span> <span class='ocrx_word' id='word_1_71' title='bbox 433 686 467 713; x_wconf 83' lang='grc' dir='ltr'><strong>με</strong></span> <span class='ocrx_word' id='word_1_72' title='bbox 485 678 554 714; x_wconf 76' lang='grc' dir='ltr'>πρὸς</span> <span class='ocrx_word' id='word_1_73' title='bbox 575 679 713 714; x_wconf 79' lang='grc' dir='ltr'><strong>ἁμαρτίαν</strong></span> <span class='ocrx_word' id='word_1_74' title='bbox 729 680 893 716; x_wconf 80' lang='grc' dir='ltr'>ὲπίστρεψον</span> <span class='ocrx_word' id='word_1_75' title='bbox 907 681 965 717; x_wconf 83' lang='grc' dir='ltr'>τρί-</span> 
     </span>
    </p>
   </div>
   <div class='ocr_carea' id='block_1_15' title="bbox 176 723 966 763">
    <p class='ocr_par' dir='ltr' id='par_1_15' title="bbox 176 723 966 763">
     <span class='ocr_line' id='line_1_15' title="bbox 176 723 966 763; baseline 0.005 -13"><span class='ocrx_word' id='word_1_76' title='bbox 176 723 233 756; x_wconf 77' lang='lat' dir='ltr'><strong>60v,</strong></span> <span class='ocrx_word' id='word_1_77' title='bbox 251 724 294 751; x_wconf 84' lang='grc' dir='ltr'><strong>ἴνα</strong></span> <span class='ocrx_word' id='word_1_78' title='bbox 315 733 345 751; x_wconf 88' lang='grc' dir='ltr'><strong>σε</strong></span> <span class='ocrx_word' id='word_1_79' title='bbox 370 725 448 760; x_wconf 82' lang='grc' dir='ltr'>ὑμνῶ</span> <span class='ocrx_word' id='word_1_80' title='bbox 468 725 518 760; x_wconf 82' lang='grc' dir='ltr'>τὴν</span> <span class='ocrx_word' id='word_1_81' title='bbox 535 725 724 761; x_wconf 84' lang='grc' dir='ltr'>πολυύμνητον</span> <span class='ocrx_word' id='word_1_82' title='bbox 747 727 794 754; x_wconf 77' lang='grc' dir='ltr'>καὶ</span> <span class='ocrx_word' id='word_1_83' title='bbox 811 728 966 763; x_wconf 83' lang='grc' dir='ltr'>παμμακά-</span> 
     </span>
    </p>
   </div>
   <div class='ocr_carea' id='block_1_16' title="bbox 176 778 280 804">
    <p class='ocr_par' dir='ltr' id='par_1_16' title="bbox 176 778 280 804">
     <span class='ocr_line' id='line_1_16' title="bbox 176 778 280 804; baseline 0.01 -8"><span class='ocrx_word' id='word_1_84' title='bbox 176 779 192 804; x_wconf 89' lang='grc' dir='ltr'>ρ</span> <span class='ocrx_word' id='word_1_85' title='bbox 197 778 280 800; x_wconf 76' lang='grc' dir='ltr'>ιστον.</span> 
     </span>
    </p>
   </div>
   <div class='ocr_carea' id='block_1_17' title="bbox 212 817 966 853">
    <p class='ocr_par' dir='ltr' id='par_1_17' title="bbox 212 817 966 853">
     <span class='ocr_line' id='line_1_17' title="bbox 212 817 966 853; baseline 0.004 -10"><span class='ocrx_word' id='word_1_86' title='bbox 212 817 453 853; x_wconf 77' lang='grc' dir='ltr'>Κατερῤαγμένων</span> <span class='ocrx_word' id='word_1_87' title='bbox 469 817 667 853; x_wconf 75' lang='grc' dir='ltr'>ἐπανόρθωσις.</span> <span class='ocrx_word' id='word_1_88' title='bbox 681 818 808 851; x_wconf 82' lang='grc' dir='ltr'>Θεοτόκε,</span> <span class='ocrx_word' id='word_1_89' title='bbox 825 819 966 846; x_wconf 79' lang='grc' dir='ltr'>πτωθέντα</span> 
     </span>
    </p>
   </div>
   <div class='ocr_carea' id='block_1_18' title="bbox 176 863 964 900">
    <p class='ocr_par' dir='ltr' id='par_1_18' title="bbox 176 863 964 900">
     <span class='ocr_line' id='line_1_18' title="bbox 176 863 964 900; baseline 0.004 -11"><span class='ocrx_word' id='word_1_90' title='bbox 176 863 281 898; x_wconf 65' lang='grc' dir='ltr'>ἔγειρον</span> <span class='ocrx_word' id='word_1_91' title='bbox 305 863 338 890; x_wconf 75' lang='grc' dir='ltr'>ὲκ</span> <span class='ocrx_word' id='word_1_92' title='bbox 354 863 452 899; x_wconf 78' lang='grc' dir='ltr'><strong>βόθρου</strong></span> <span class='ocrx_word' id='word_1_93' title='bbox 468 863 524 890; x_wconf 83' lang='grc' dir='ltr'>τῶν</span> <span class='ocrx_word' id='word_1_94' title='bbox 549 864 643 891; x_wconf 81' lang='grc' dir='ltr'>κακῶν</span> <span class='ocrx_word' id='word_1_95' title='bbox 660 872 723 899; x_wconf 82' lang='grc' dir='ltr'>μου,</span> <span class='ocrx_word' id='word_1_96' title='bbox 738 865 785 891; x_wconf 68' lang='grc' dir='ltr'>καὶ</span> <span class='ocrx_word' id='word_1_97' title='bbox 807 865 964 900; x_wconf 78' lang='grc' dir='ltr'>ὲδραίωσον,</span> 
     </span>
    </p>
   </div>
   <div class='ocr_carea' id='block_1_19' title="bbox 176 908 823 945">
    <p class='ocr_par' dir='ltr' id='par_1_19' title="bbox 176 908 823 945">
     <span class='ocr_line' id='line_1_19' title="bbox 176 908 823 945; baseline 0.003 -10"><span class='ocrx_word' id='word_1_98' title='bbox 176 908 319 942; x_wconf 77' lang='grc' dir='ltr'>Δέσποινα,</span> <span class='ocrx_word' id='word_1_99' title='bbox 336 910 366 936; x_wconf 81' lang='grc' dir='ltr'>ὲν</span> <span class='ocrx_word' id='word_1_100' title='bbox 380 909 469 945; x_wconf 80' lang='grc' dir='ltr'>πέτρᾳ</span> <span class='ocrx_word' id='word_1_101' title='bbox 482 909 537 936; x_wconf 81' lang='grc' dir='ltr'>τῶν</span> <span class='ocrx_word' id='word_1_102' title='bbox 550 909 598 936; x_wconf 76' lang='grc' dir='ltr'>τοῦ</span> <span class='ocrx_word' id='word_1_103' title='bbox 615 910 683 936; x_wconf 85' lang='grc' dir='ltr'><strong>Θεοῦ</strong></span> <span class='ocrx_word' id='word_1_104' title='bbox 695 910 823 937; x_wconf 64' lang='grc' dir='ltr'>ἐντολῶν.</span> 
     </span>
    </p>
   </div>
   <div class='ocr_carea' id='block_1_20' title="bbox 213 1001 966 1037">
    <p class='ocr_par' dir='ltr' id='par_1_20' title="bbox 213 1001 966 1037">
     <span class='ocr_line' id='line_1_20' title="bbox 213 1001 966 1037; baseline 0 -9"><span class='ocrx_word' id='word_1_105' title='bbox 213 1001 385 1037; x_wconf 83' lang='grc' dir='ltr'>Πανύμνητε,</span> <span class='ocrx_word' id='word_1_106' title='bbox 404 1001 548 1034; x_wconf 84' lang='grc' dir='ltr'>Δέσποινα,</span> <span class='ocrx_word' id='word_1_107' title='bbox 565 1001 768 1036; x_wconf 77' lang='grc' dir='ltr'>μεγαλοφώνως</span> <span class='ocrx_word' id='word_1_108' title='bbox 783 1009 813 1028; x_wconf 88' lang='grc' dir='ltr'><strong>σε</strong></span> <span class='ocrx_word' id='word_1_109' title='bbox 827 1001 966 1037; x_wconf 79' lang='grc' dir='ltr'>ἀνυμνοΰ-</span> 
     </span>
    </p>
   </div>
   <div class='ocr_carea' id='block_1_21' title="bbox 179 1047 965 1083">
    <p class='ocr_par' dir='ltr' id='par_1_21' title="bbox 179 1047 965 1083">
     <span class='ocr_line' id='line_1_21' title="bbox 179 1047 965 1083; baseline 0.001 -9"><span class='ocrx_word' id='word_1_110' title='bbox 179 1056 240 1083; x_wconf 72' lang='grc' dir='ltr'>μιν.</span> <span class='ocrx_word' id='word_1_111' title='bbox 264 1047 409 1083; x_wconf 82' lang='grc' dir='ltr'>πλήρωσον</span> <span class='ocrx_word' id='word_1_112' title='bbox 436 1049 527 1082; x_wconf 83' lang='grc' dir='ltr'>πάσης</span> <span class='ocrx_word' id='word_1_113' title='bbox 551 1048 638 1082; x_wconf 81' lang='grc' dir='ltr'>χαρᾶς</span> <span class='ocrx_word' id='word_1_114' title='bbox 658 1047 707 1083; x_wconf 81' lang='grc' dir='ltr'>τὴν</span> <span class='ocrx_word' id='word_1_115' title='bbox 736 1048 807 1083; x_wconf 74' lang='grc' dir='ltr'>ἐμὴν</span> <span class='ocrx_word' id='word_1_116' title='bbox 835 1048 965 1081; x_wconf 77' lang='grc' dir='ltr'>διάνοιαν,</span> 
     </span>
    </p>
   </div>
   <div class='ocr_carea' id='block_1_22' title="bbox 177 1093 965 1130">
    <p class='ocr_par' dir='ltr' id='par_1_22' title="bbox 177 1093 965 1130">
     <span class='ocr_line' id='line_1_22' title="bbox 177 1093 965 1130; baseline -0.001 -9"><span class='ocrx_word' id='word_1_117' title='bbox 177 1093 351 1130; x_wconf 76' lang='grc' dir='ltr'>παρεχομένη</span> <span class='ocrx_word' id='word_1_118' title='bbox 365 1102 410 1128; x_wconf 89' lang='grc' dir='ltr'><strong>μοι</strong></span> <span class='ocrx_word' id='word_1_119' title='bbox 424 1093 523 1124; x_wconf 77' lang='grc' dir='ltr'>πένθος</span> <span class='ocrx_word' id='word_1_120' title='bbox 535 1093 649 1128; x_wconf 79' lang='grc' dir='ltr'>ἀγαθὸν,</span> <span class='ocrx_word' id='word_1_121' title='bbox 662 1094 709 1120; x_wconf 87' lang='grc' dir='ltr'>καὶ</span> <span class='ocrx_word' id='word_1_122' title='bbox 722 1093 867 1130; x_wconf 80' lang='grc' dir='ltr'>μετανοίας</span> <span class='ocrx_word' id='word_1_123' title='bbox 880 1094 965 1129; x_wconf 82' lang='grc' dir='ltr'>ἀφορ-</span> 
     </span>
    </p>
   </div>
   <div class='ocr_carea' id='block_1_23' title="bbox 178 1139 578 1175">
    <p class='ocr_par' dir='ltr' id='par_1_23' title="bbox 178 1139 578 1175">
     <span class='ocr_line' id='line_1_23' title="bbox 178 1139 578 1175; baseline 0 -9"><span class='ocrx_word' id='word_1_124' title='bbox 178 1140 243 1175; x_wconf 73' lang='grc' dir='ltr'>μὰς,</span> <span class='ocrx_word' id='word_1_125' title='bbox 256 1140 304 1167; x_wconf 72' lang='grc' dir='ltr'>καὶ</span> <span class='ocrx_word' id='word_1_126' title='bbox 317 1139 418 1174; x_wconf 85' lang='grc' dir='ltr'>γνῶσιν</span> <span class='ocrx_word' id='word_1_127' title='bbox 434 1140 578 1174; x_wconf 86' lang='grc' dir='ltr'>σωτήριον.</span> 
     </span>
    </p>
   </div>
   <div class='ocr_carea' id='block_1_24' title="bbox 220 1185 966 1221">
    <p class='ocr_par' dir='ltr' id='par_1_24' title="bbox 220 1185 966 1221">
     <span class='ocr_line' id='line_1_24' title="bbox 220 1185 966 1221; baseline 0 -9"><span class='ocrx_word' id='word_1_128' title='bbox 220 1186 298 1220; x_wconf 78' lang='grc' dir='ltr'>’Δγία</span> <span class='ocrx_word' id='word_1_129' title='bbox 322 1186 447 1220; x_wconf 70' lang='grc' dir='ltr'>Θεοτόκε,</span> <span class='ocrx_word' id='word_1_130' title='bbox 473 1186 490 1221; x_wconf 82' lang='grc' dir='ltr'><strong>ή</strong></span> <span class='ocrx_word' id='word_1_131' title='bbox 515 1185 652 1220; x_wconf 51' lang='grc' dir='ltr'>τδνβγιον</span> <span class='ocrx_word' id='word_1_132' title='bbox 675 1186 761 1221; x_wconf 86' lang='grc' dir='ltr'>Λόγον</span> <span class='ocrx_word' id='word_1_133' title='bbox 782 1185 966 1219; x_wconf 81' lang='grc' dir='ltr'><strong>ἀποτεκοῦσα,</strong></span> 
     </span>
    </p>
   </div>
   <div class='ocr_carea' id='block_1_25' title="bbox 178 1231 962 1268">
    <p class='ocr_par' dir='ltr' id='par_1_25' title="bbox 178 1231 962 1268">
     <span class='ocr_line' id='line_1_25' title="bbox 178 1231 962 1268; baseline 0 -8"><span class='ocrx_word' id='word_1_134' title='bbox 178 1232 262 1268; x_wconf 75' lang='grc' dir='ltr'>σαρκὶ</span> <span class='ocrx_word' id='word_1_135' title='bbox 274 1232 480 1268; x_wconf 82' lang='grc' dir='ltr'>ἀναπαυόμενον</span> <span class='ocrx_word' id='word_1_136' title='bbox 496 1231 575 1268; x_wconf 87' lang='grc' dir='ltr'>μόνον</span> <span class='ocrx_word' id='word_1_137' title='bbox 583 1233 612 1258; x_wconf 87' lang='grc' dir='ltr'>ὲν</span> <span class='ocrx_word' id='word_1_138' title='bbox 622 1233 688 1260; x_wconf 82' lang='grc' dir='ltr'>πᾶσι</span> <span class='ocrx_word' id='word_1_139' title='bbox 698 1233 754 1264; x_wconf 86' lang='grc' dir='ltr'>τοϊς</span> <span class='ocrx_word' id='word_1_140' title='bbox 766 1233 865 1267; x_wconf 80' lang='grc' dir='ltr'>ἁγίοις,</span> <span class='ocrx_word' id='word_1_141' title='bbox 879 1232 962 1267; x_wconf 78' lang='grc' dir='ltr'>ἁγία-</span> 
     </span>
    </p>
   </div>
   <div class='ocr_carea' id='block_1_26' title="bbox 178 1278 967 1315">
    <p class='ocr_par' dir='ltr' id='par_1_26' title="bbox 178 1278 967 1315">
     <span class='ocr_line' id='line_1_26' title="bbox 178 1278 967 1315; baseline 0 -10"><span class='ocrx_word' id='word_1_142' title='bbox 178 1279 225 1305; x_wconf 86' lang='grc' dir='ltr'><strong>σόν</strong></span> <span class='ocrx_word' id='word_1_143' title='bbox 243 1287 295 1314; x_wconf 88' lang='grc' dir='ltr'><strong>μου</strong></span> <span class='ocrx_word' id='word_1_144' title='bbox 312 1278 357 1305; x_wconf 82' lang='grc' dir='ltr'>τὸν</span> <span class='ocrx_word' id='word_1_145' title='bbox 371 1278 434 1305; x_wconf 84' lang='grc' dir='ltr'>νοῦν</span> <span class='ocrx_word' id='word_1_146' title='bbox 454 1279 516 1310; x_wconf 77' lang='grc' dir='ltr'>ταῖς</span> <span class='ocrx_word' id='word_1_147' title='bbox 533 1279 666 1315; x_wconf 81' lang='grc' dir='ltr'>πονηραῖς</span> <span class='ocrx_word' id='word_1_148' title='bbox 685 1278 831 1315; x_wconf 80' lang='grc' dir='ltr'>ἐργασίαις</span> <span class='ocrx_word' id='word_1_149' title='bbox 848 1279 892 1305; x_wconf 83' lang='grc' dir='ltr'><strong>ἀεὶ</strong></span> <span class='ocrx_word' id='word_1_150' title='bbox 905 1280 967 1306; x_wconf 85' lang='grc' dir='ltr'>ὲπι-</span> 
     </span>
    </p>
   </div>
   <div class='ocr_carea' id='block_1_27' title="bbox 179 1325 304 1360">
    <p class='ocr_par' dir='ltr' id='par_1_27' title="bbox 179 1325 304 1360">
     <span class='ocr_line' id='line_1_27' title="bbox 179 1325 304 1360; baseline 0.016 -9"><span class='ocrx_word' id='word_1_151' title='bbox 179 1325 304 1360; x_wconf 77' lang='grc' dir='ltr'>μένοντα.</span> 
     </span>
    </p>
   </div>
   <div class='ocr_carea' id='block_1_28' title="bbox 221 1371 968 1410">
    <p class='ocr_par' dir='ltr' id='par_1_28' title="bbox 221 1371 968 1410">
     <span class='ocr_line' id='line_1_28' title="bbox 221 1371 968 1410; baseline 0.003 -12"><span class='ocrx_word' id='word_1_152' title='bbox 221 1371 253 1398; x_wconf 81' lang='grc' dir='ltr'><strong>Ἦ</strong></span> <span class='ocrx_word' id='word_1_153' title='bbox 271 1372 436 1408; x_wconf 67' lang='grc' dir='ltr'>μανναδόχος</span> <span class='ocrx_word' id='word_1_154' title='bbox 459 1381 488 1399; x_wconf 90' lang='grc' dir='ltr'><strong>σε</strong></span> <span class='ocrx_word' id='word_1_155' title='bbox 506 1373 635 1408; x_wconf 84' lang='grc' dir='ltr'>στάμνος,</span> <span class='ocrx_word' id='word_1_156' title='bbox 652 1372 778 1405; x_wconf 76' lang='grc' dir='ltr'>Θεατόκε,</span> <span class='ocrx_word' id='word_1_157' title='bbox 797 1373 861 1399; x_wconf 77' lang='grc' dir='ltr'>ποτὲ</span> <span class='ocrx_word' id='word_1_158' title='bbox 879 1382 968 1410; x_wconf 85' lang='grc' dir='ltr'>προει-</span> 
     </span>
    </p>
   </div>
   <div class='ocr_carea' id='block_1_29' title="bbox 179 1417 967 1455">
    <p class='ocr_par' dir='ltr' id='par_1_29' title="bbox 179 1417 967 1455">
     <span class='ocr_line' id='line_1_29' title="bbox 179 1417 967 1455; baseline 0.004 -12"><span class='ocrx_word' id='word_1_159' title='bbox 179 1417 278 1449; x_wconf 79' lang='grc' dir='ltr'>κόνιζε·</span> <span class='ocrx_word' id='word_1_160' title='bbox 307 1418 424 1452; x_wconf 73' lang='grc' dir='ltr'>Χριστὸν</span> <span class='ocrx_word' id='word_1_161' title='bbox 453 1417 508 1453; x_wconf 78' lang='grc' dir='ltr'><strong>γὰρ</strong></span> <span class='ocrx_word' id='word_1_162' title='bbox 542 1417 713 1453; x_wconf 72' lang='grc' dir='ltr'>ὲδλάστησας</span> <span class='ocrx_word' id='word_1_163' title='bbox 742 1418 773 1445; x_wconf 81' lang='grc' dir='ltr'><strong>τὸ</strong></span> <span class='ocrx_word' id='word_1_164' title='bbox 799 1419 892 1455; x_wconf 80' lang='grc' dir='ltr'>μάννα</span> <span class='ocrx_word' id='word_1_165' title='bbox 918 1420 967 1455; x_wconf 77' lang='grc' dir='ltr'>τῆς</span> 
     </span>
    </p>
   </div>
   <div class='ocr_carea' id='block_1_30' title="bbox 179 1461 844 1499">
    <p class='ocr_par' dir='ltr' id='par_1_30' title="bbox 179 1461 844 1499">
     <span class='ocr_line' id='line_1_30' title="bbox 179 1461 844 1499; baseline 0.005 -11"><span class='ocrx_word' id='word_1_166' title='bbox 179 1461 305 1496; x_wconf 80' lang='grc' dir='ltr'>γνώσεως</span> <span class='ocrx_word' id='word_1_167' title='bbox 319 1462 522 1498; x_wconf 75' lang='grc' dir='ltr'>ὲπομὸρίζοντα</span> <span class='ocrx_word' id='word_1_168' title='bbox 538 1465 605 1490; x_wconf 82' lang='grc' dir='ltr'>πᾶσι</span> <span class='ocrx_word' id='word_1_169' title='bbox 616 1464 673 1496; x_wconf 82' lang='grc' dir='ltr'>τοῖς</span> <span class='ocrx_word' id='word_1_170' title='bbox 689 1464 790 1499; x_wconf 83' lang='grc' dir='ltr'>τιμῶσί</span> <span class='ocrx_word' id='word_1_171' title='bbox 804 1473 844 1492; x_wconf 87' lang='grc' dir='ltr'><strong>σε,</strong></span> 
     </span>
    </p>
   </div>
   <div class='ocr_carea' id='block_1_31' title="bbox 222 1553 968 1594">
    <p class='ocr_par' dir='ltr' id='par_1_31' title="bbox 222 1553 968 1594">
     <span class='ocr_line' id='line_1_31' title="bbox 222 1553 968 1594; baseline 0.007 -14"><span class='ocrx_word' id='word_1_172' title='bbox 222 1553 308 1589; x_wconf 76' lang='grc' dir='ltr'>’Υπὲρ</span> <span class='ocrx_word' id='word_1_173' title='bbox 323 1554 412 1582; x_wconf 71' lang='grc' dir='ltr'>αἰτίαν</span> <span class='ocrx_word' id='word_1_174' title='bbox 426 1555 528 1588; x_wconf 85' lang='grc' dir='ltr'>τίκτεις</span> <span class='ocrx_word' id='word_1_175' title='bbox 541 1555 589 1583; x_wconf 73' lang='grc' dir='ltr'>τοῦ</span> <span class='ocrx_word' id='word_1_176' title='bbox 603 1557 704 1589; x_wconf 75' lang='grc' dir='ltr'>παντὸς</span> <span class='ocrx_word' id='word_1_177' title='bbox 718 1557 764 1585; x_wconf 82' lang='grc' dir='ltr'><strong>τὸν</strong></span> <span class='ocrx_word' id='word_1_178' title='bbox 777 1558 873 1590; x_wconf 81' lang='grc' dir='ltr'>αττιον,</span> <span class='ocrx_word' id='word_1_179' title='bbox 886 1558 968 1594; x_wconf 81' lang='grc' dir='ltr'>ὑπερ-</span> 
     </span>
    </p>
   </div>
   <div class='ocr_carea' id='block_1_32' title="bbox 180 1596 1006 1640">
    <p class='ocr_par' dir='ltr' id='par_1_32' title="bbox 180 1596 1006 1640">
     <span class='ocr_line' id='line_1_32' title="bbox 180 1596 1006 1640; baseline 0.007 -15"><span class='ocrx_word' id='word_1_180' title='bbox 180 1599 245 1634; x_wconf 70' lang='grc' dir='ltr'>ϐολῇ</span> <span class='ocrx_word' id='word_1_181' title='bbox 269 1600 451 1636; x_wconf 76' lang='grc' dir='ltr'>χρηστότητος</span> <span class='ocrx_word' id='word_1_182' title='bbox 476 1601 572 1638; x_wconf 81' lang='grc' dir='ltr'>βροτὸν</span> <span class='ocrx_word' id='word_1_183' title='bbox 598 1603 800 1639; x_wconf 80' lang='grc' dir='ltr'>γεγενημένον·</span> <span class='ocrx_word' id='word_1_184' title='bbox 815 1603 877 1631; x_wconf 71' lang='grc' dir='ltr'>ὅθεν</span> <span class='ocrx_word' id='word_1_185' title='bbox 899 1612 970 1640; x_wconf 82' lang='grc' dir='ltr'>συμ-</span> <span class='ocrx_word' id='word_1_186' title='bbox 984 1596 1006 1625; x_wconf 78' lang='lat' dir='ltr'><strong>C</strong></span> 
     </span>
    </p>
   </div>
   <div class='ocr_carea' id='block_1_33' title="bbox 180 1647 651 1690">
    <p class='ocr_par' dir='ltr' id='par_1_33' title="bbox 180 1647 651 1690">
     <span class='ocr_line' id='line_1_33' title="bbox 180 1647 651 1690; baseline 0.011 -18"><span class='ocrx_word' id='word_1_187' title='bbox 180 1647 278 1690; x_wconf 82' lang='grc' dir='ltr'>φώνως</span> <span class='ocrx_word' id='word_1_188' title='bbox 293 1655 334 1681; x_wconf 85' lang='grc' dir='ltr'><strong>σε,</strong></span> <span class='ocrx_word' id='word_1_189' title='bbox 351 1647 431 1684; x_wconf 81' lang='grc' dir='ltr'>ἁγνὴ,</span> <span class='ocrx_word' id='word_1_190' title='bbox 448 1648 651 1685; x_wconf 78' lang='grc' dir='ltr'>μακαρίζομεν.</span> 
     </span>
    </p>
   </div>
   <div class='ocr_carea' id='block_1_34' title="bbox 215 1738 968 1779">
    <p class='ocr_par' dir='ltr' id='par_1_34' title="bbox 215 1738 968 1779">
     <span class='ocr_line' id='line_1_34' title="bbox 215 1738 968 1779; baseline 0.007 -15"><span class='ocrx_word' id='word_1_191' title='bbox 215 1738 431 1774; x_wconf 74' lang='grc' dir='ltr'>Κυματοὺμενον</span> <span class='ocrx_word' id='word_1_192' title='bbox 447 1739 521 1775; x_wconf 76' lang='grc' dir='ltr'>σάλῳ</span> <span class='ocrx_word' id='word_1_193' title='bbox 545 1749 579 1776; x_wconf 85' lang='grc' dir='ltr'><strong>με</strong></span> <span class='ocrx_word' id='word_1_194' title='bbox 597 1741 646 1775; x_wconf 78' lang='grc' dir='ltr'><strong>τῆς</strong></span> <span class='ocrx_word' id='word_1_195' title='bbox 661 1741 810 1777; x_wconf 82' lang='grc' dir='ltr'>ἁμαρτίας,</span> <span class='ocrx_word' id='word_1_196' title='bbox 836 1742 917 1778; x_wconf 80' lang='grc' dir='ltr'>ἁγνὴ,</span> <span class='ocrx_word' id='word_1_197' title='bbox 934 1744 968 1779; x_wconf 78' lang='grc' dir='ltr'>τῇ</span> 
     </span>
    </p>
   </div>
   <div class='ocr_carea' id='block_1_35' title="bbox 182 1783 969 1820">
    <p class='ocr_par' dir='ltr' id='par_1_35' title="bbox 182 1783 969 1820">
     <span class='ocr_line' id='line_1_35' title="bbox 182 1783 969 1820; baseline 0.004 -10"><span class='ocrx_word' id='word_1_198' title='bbox 182 1785 215 1819; x_wconf 82' lang='grc' dir='ltr'><strong>σῇ</strong></span> <span class='ocrx_word' id='word_1_199' title='bbox 235 1783 359 1820; x_wconf 74' lang='grc' dir='ltr'>μεσιτεία</span> <span class='ocrx_word' id='word_1_200' title='bbox 374 1785 441 1820; x_wconf 78' lang='grc' dir='ltr'>πρὸς</span> <span class='ocrx_word' id='word_1_201' title='bbox 468 1785 604 1820; x_wconf 84' lang='grc' dir='ltr'>σωτηρίαν</span> <span class='ocrx_word' id='word_1_202' title='bbox 616 1786 772 1819; x_wconf 81' lang='grc' dir='ltr'>μετανοίας,</span> <span class='ocrx_word' id='word_1_203' title='bbox 789 1785 852 1820; x_wconf 84' lang='grc' dir='ltr'>βοῶ,</span> <span class='ocrx_word' id='word_1_204' title='bbox 868 1786 969 1819; x_wconf 71' lang='grc' dir='ltr'>ἴθυνον,</span> 
     </span>
    </p>
   </div>
   <div class='ocr_carea' id='block_1_36' title="bbox 182 1829 970 1869">
    <p class='ocr_par' dir='ltr' id='par_1_36' title="bbox 182 1829 970 1869">
     <span class='ocr_line' id='line_1_36' title="bbox 182 1829 970 1869; baseline 0.004 -13"><span class='ocrx_word' id='word_1_205' title='bbox 182 1829 327 1863; x_wconf 83' lang='grc' dir='ltr'>Δέσποινα,</span> <span class='ocrx_word' id='word_1_206' title='bbox 348 1829 540 1865; x_wconf 85' lang='grc' dir='ltr'>παγγαλήνους</span> <span class='ocrx_word' id='word_1_207' title='bbox 564 1830 687 1865; x_wconf 78' lang='grc' dir='ltr'>λιμένας,</span> <span class='ocrx_word' id='word_1_208' title='bbox 703 1831 778 1862; x_wconf 81' lang='grc' dir='ltr'>ὅπως</span> <span class='ocrx_word' id='word_1_209' title='bbox 802 1831 890 1867; x_wconf 80' lang='grc' dir='ltr'>βλέψω</span> <span class='ocrx_word' id='word_1_210' title='bbox 910 1832 970 1869; x_wconf 83' lang='grc' dir='ltr'><strong>φῶς</strong></span> 
     </span>
    </p>
   </div>
   <div class='ocr_carea' id='block_1_37' title="bbox 151 1876 878 1912">
    <p class='ocr_par' dir='ltr' id='par_1_37' title="bbox 151 1876 878 1912">
     <span class='ocr_line' id='line_1_37' title="bbox 151 1876 878 1912; baseline 0.001 -9"><span class='ocrx_word' id='word_1_211' title='bbox 151 1884 156 1888; x_wconf 88' lang='grc'><strong>·</strong></span> <span class='ocrx_word' id='word_1_212' title='bbox 183 1876 236 1912; x_wconf 84' lang='grc' dir='ltr'>τῆς</span> <span class='ocrx_word' id='word_1_213' title='bbox 255 1876 392 1912; x_wconf 80' lang='grc' dir='ltr'>σωτηρίας</span> <span class='ocrx_word' id='word_1_214' title='bbox 405 1876 621 1912; x_wconf 75' lang='grc' dir='ltr'>ὀέσκοτισμένος</span> <span class='ocrx_word' id='word_1_215' title='bbox 636 1876 679 1904; x_wconf 77' lang='grc' dir='ltr'><strong>ἀεὶ</strong></span> <span class='ocrx_word' id='word_1_216' title='bbox 695 1878 728 1912; x_wconf 82' lang='grc' dir='ltr'><strong>τῇ</strong></span> <span class='ocrx_word' id='word_1_217' title='bbox 745 1877 878 1912; x_wconf 79' lang='grc' dir='ltr'>ῥᾳθυμίᾳ.</span> 
     </span>
    </p>
   </div>
   <div class='ocr_carea' id='block_1_38' title="bbox 219 1970 971 2007">
    <p class='ocr_par' dir='ltr' id='par_1_38' title="bbox 219 1970 971 2007">
     <span class='ocr_line' id='line_1_38' title="bbox 219 1970 971 2007; baseline 0 -9"><span class='ocrx_word' id='word_1_218' title='bbox 219 1972 411 2004; x_wconf 81' lang='grc' dir='ltr'>Φωτιστικαῖς,</span> <span class='ocrx_word' id='word_1_219' title='bbox 431 1970 597 2006; x_wconf 81' lang='grc' dir='ltr'>πανάμωμε,</span> <span class='ocrx_word' id='word_1_220' title='bbox 622 1970 777 2006; x_wconf 76' lang='grc' dir='ltr'>ἀστραπαῖς</span> <span class='ocrx_word' id='word_1_221' title='bbox 802 1971 851 1997; x_wconf 76' lang='grc' dir='ltr'>τοῦ</span> <span class='ocrx_word' id='word_1_222' title='bbox 865 1972 896 1998; x_wconf 79' lang='grc' dir='ltr'>ὲκ</span> <span class='ocrx_word' id='word_1_223' title='bbox 920 1971 971 2007; x_wconf 85' lang='grc' dir='ltr'>τῆς</span> 
     </span>
    </p>
   </div>
   <div class='ocr_carea' id='block_1_39' title="bbox 184 2016 970 2052">
    <p class='ocr_par' dir='ltr' id='par_1_39' title="bbox 184 2016 970 2052">
     <span class='ocr_line' id='line_1_39' title="bbox 184 2016 970 2052; baseline 0.001 -9"><span class='ocrx_word' id='word_1_224' title='bbox 184 2017 235 2052; x_wconf 84' lang='grc' dir='ltr'>σῆς</span> <span class='ocrx_word' id='word_1_225' title='bbox 248 2017 428 2052; x_wconf 80' lang='grc' dir='ltr'>προελθόντος</span> <span class='ocrx_word' id='word_1_226' title='bbox 443 2018 550 2052; x_wconf 81' lang='grc' dir='ltr'>μήτρας</span> <span class='ocrx_word' id='word_1_227' title='bbox 564 2016 628 2043; x_wconf 84' lang='grc' dir='ltr'><strong>Υἱοῦ</strong></span> <span class='ocrx_word' id='word_1_228' title='bbox 645 2018 691 2044; x_wconf 80' lang='grc' dir='ltr'>καὶ</span> <span class='ocrx_word' id='word_1_229' title='bbox 703 2016 782 2050; x_wconf 76' lang='grc' dir='ltr'>Θεοῦ,</span> <span class='ocrx_word' id='word_1_230' title='bbox 799 2018 861 2049; x_wconf 84' lang='grc' dir='ltr'>τοὺς</span> <span class='ocrx_word' id='word_1_231' title='bbox 880 2017 970 2044; x_wconf 78' lang='grc' dir='ltr'>πίστει</span> 
     </span>
    </p>
   </div>
   <div class='ocr_carea' id='block_1_40' title="bbox 183 2063 970 2099">
    <p class='ocr_par' dir='ltr' id='par_1_40' title="bbox 183 2063 970 2099">
     <span class='ocr_line' id='line_1_40' title="bbox 183 2063 970 2099; baseline 0 -9"><span class='ocrx_word' id='word_1_232' title='bbox 183 2063 336 2099; x_wconf 72' lang='grc' dir='ltr'>ὑμνοῦντάς</span> <span class='ocrx_word' id='word_1_233' title='bbox 367 2071 396 2089; x_wconf 83' lang='grc' dir='ltr'><strong>σε</strong></span> <span class='ocrx_word' id='word_1_234' title='bbox 425 2063 582 2098; x_wconf 86' lang='grc' dir='ltr'>φαίδρυνον,</span> <span class='ocrx_word' id='word_1_235' title='bbox 615 2063 664 2090; x_wconf 80' lang='grc' dir='ltr'>καὶ</span> <span class='ocrx_word' id='word_1_236' title='bbox 689 2063 803 2095; x_wconf 83' lang='grc' dir='ltr'>σκότους</span> <span class='ocrx_word' id='word_1_237' title='bbox 825 2063 899 2098; x_wconf 80' lang='grc' dir='ltr'>ἡμᾶς</span> <span class='ocrx_word' id='word_1_238' title='bbox 923 2063 970 2090; x_wconf 75' lang='grc' dir='ltr'>τοῦ</span> 
     </span>
    </p>
   </div>
   <div class='ocr_carea' id='block_1_41' title="bbox 183 2108 970 2145">
    <p class='ocr_par' dir='ltr' id='par_1_41' title="bbox 183 2108 970 2145">
     <span class='ocr_line' id='line_1_41' title="bbox 183 2108 970 2145; baseline 0 -9"><span class='ocrx_word' id='word_1_239' title='bbox 183 2109 322 2144; x_wconf 78' lang='grc' dir='ltr'>ἀφεγγοῦς</span> <span class='ocrx_word' id='word_1_240' title='bbox 342 2109 388 2136; x_wconf 74' lang='grc' dir='ltr'>καὶ</span> <span class='ocrx_word' id='word_1_241' title='bbox 409 2110 458 2144; x_wconf 77' lang='grc' dir='ltr'>τῆς</span> <span class='ocrx_word' id='word_1_242' title='bbox 475 2108 656 2145; x_wconf 79' lang='grc' dir='ltr'>αἰωνιζούσης</span> <span class='ocrx_word' id='word_1_243' title='bbox 677 2108 922 2145; x_wconf 41' lang='grc' dir='ltr'>ἐξελοῦ-κολάσεως</span> <span class='ocrx_word' id='word_1_244' title='bbox 937 2111 970 2145; x_wconf 83' lang='grc' dir='ltr'>τῇ</span> 
     </span>
    </p>
   </div>
   <div class='ocr_carea' id='block_1_42' title="bbox 184 2156 410 2193">
    <p class='ocr_par' dir='ltr' id='par_1_42' title="bbox 184 2156 410 2193">
     <span class='ocr_line' id='line_1_42' title="bbox 184 2156 410 2193; baseline 0.009 -10"><span class='ocrx_word' id='word_1_245' title='bbox 184 2157 218 2193; x_wconf 70' lang='grc' dir='ltr'>σῇ</span> <span class='ocrx_word' id='word_1_246' title='bbox 235 2156 370 2193; x_wconf 83' lang='grc' dir='ltr'>μεσιτείᾳ.</span> <span class='ocrx_word' id='word_1_247' title='bbox 407 2159 410 2162; x_wconf 86' lang='grc'><strong>’</strong></span> 
     </span>
    </p>
   </div>
   <div class='ocr_carea' id='block_1_43' title="bbox 189 2209 971 2244">
    <p class='ocr_par' dir='ltr' id='par_1_43' title="bbox 189 2209 971 2244">
     <span class='ocr_line' id='line_1_43' title="bbox 189 2209 971 2244; baseline -0.001 -6"><span class='ocrx_word' id='word_1_248' title='bbox 189 2211 241 2238; x_wconf 80' lang='grc' dir='ltr'>Ἐκ</span> <span class='ocrx_word' id='word_1_249' title='bbox 256 2211 309 2238; x_wconf 81' lang='grc' dir='ltr'>τοῦ</span> <span class='ocrx_word' id='word_1_250' title='bbox 326 2210 461 2243; x_wconf 75' lang='grc' dir='ltr'>Κανόνας</span> <span class='ocrx_word' id='word_1_251' title='bbox 473 2209 526 2244; x_wconf 83' lang='grc' dir='ltr'>τῆς</span> <span class='ocrx_word' id='word_1_252' title='bbox 540 2209 692 2244; x_wconf 74' lang='grc' dir='ltr'>τετάρτης,</span> <span class='ocrx_word' id='word_1_253' title='bbox 706 2211 750 2243; x_wconf 80' lang='grc' dir='ltr'>εις</span> <span class='ocrx_word' id='word_1_254' title='bbox 760 2210 815 2238; x_wconf 80' lang='grc' dir='ltr'><strong>τὸν</strong></span> <span class='ocrx_word' id='word_1_255' title='bbox 833 2211 971 2244; x_wconf 76' lang='grc' dir='ltr'>ὀρθρον.</span> 
     </span>
    </p>
   </div>
   <div class='ocr_carea' id='block_1_44' title="bbox 1019 299 1708 334">
    <p class='ocr_par' dir='ltr' id='par_1_44' title="bbox 1019 299 1708 334">
     <span class='ocr_line' id='line_1_44' title="bbox 1019 299 1708 334; baseline 0.003 -9"><span class='ocrx_word' id='word_1_256' title='bbox 1019 299 1126 333; x_wconf 86' lang='lat' dir='ltr'><strong>lapsum</strong></span> <span class='ocrx_word' id='word_1_257' title='bbox 1143 299 1226 334; x_wconf 79' lang='lat' dir='ltr'><strong>erige,</strong></span> <span class='ocrx_word' id='word_1_258' title='bbox 1240 303 1269 326; x_wconf 89' lang='lat' dir='ltr'><strong>ut</strong></span> <span class='ocrx_word' id='word_1_259' title='bbox 1284 304 1310 326; x_wconf 88' lang='lat' dir='ltr'><strong>te</strong></span> <span class='ocrx_word' id='word_1_260' title='bbox 1322 300 1410 334; x_wconf 74' lang='lat' dir='ltr'><strong>gratia</strong></span> <span class='ocrx_word' id='word_1_261' title='bbox 1425 299 1532 334; x_wconf 80' lang='lat' dir='ltr'><strong>plenam</strong></span> <span class='ocrx_word' id='word_1_262' title='bbox 1549 300 1708 334; x_wconf 67' lang='lat' dir='ltr'><strong>gloriﬁeem.</strong></span> 
     </span>
    </p>
   </div>
   <div class='ocr_carea' id='block_1_45' title="bbox 1055 344 1809 380">
    <p class='ocr_par' dir='ltr' id='par_1_45' title="bbox 1055 344 1809 380">
     <span class='ocr_line' id='line_1_45' title="bbox 1055 344 1809 380; baseline 0.005 -10"><span class='ocrx_word' id='word_1_263' title='bbox 1055 344 1193 375; x_wconf 84' lang='lat' dir='ltr'><strong>lllumina,</strong></span> <span class='ocrx_word' id='word_1_264' title='bbox 1214 351 1321 379; x_wconf 81' lang='lat' dir='ltr'><strong>precor,</strong></span> <span class='ocrx_word' id='word_1_265' title='bbox 1343 351 1359 372; x_wconf 94' lang='lat' dir='ltr'><strong>o</strong></span> <span class='ocrx_word' id='word_1_266' title='bbox 1385 349 1462 380; x_wconf 84' lang='lat' dir='ltr'><strong>porta</strong></span> <span class='ocrx_word' id='word_1_267' title='bbox 1494 344 1575 377; x_wconf 88' lang='lat' dir='ltr'><strong>lucis,</strong></span> <span class='ocrx_word' id='word_1_268' title='bbox 1597 345 1694 373; x_wconf 83' lang='lat' dir='ltr'><strong>oculos</strong></span> <span class='ocrx_word' id='word_1_269' title='bbox 1718 346 1809 374; x_wconf 79' lang='lat' dir='ltr'><strong>cordis</strong></span> 
     </span>
    </p>
   </div>
   <div class='ocr_carea' id='block_1_46' title="bbox 1018 390 1809 426">
    <p class='ocr_par' dir='ltr' id='par_1_46' title="bbox 1018 390 1809 426">
     <span class='ocr_line' id='line_1_46' title="bbox 1018 390 1809 426; baseline 0.003 -9"><span class='ocrx_word' id='word_1_270' title='bbox 1018 391 1083 422; x_wconf 88' lang='lat' dir='ltr'><strong>mei,</strong></span> <span class='ocrx_word' id='word_1_271' title='bbox 1109 398 1181 425; x_wconf 87' lang='lat' dir='ltr'><strong>quos</strong></span> <span class='ocrx_word' id='word_1_272' title='bbox 1205 390 1379 418; x_wconf 62' lang='lat' dir='ltr'><strong>densissima!-</strong></span> <span class='ocrx_word' id='word_1_273' title='bbox 1404 391 1507 426; x_wconf 87' lang='lat' dir='ltr'><strong>peccali</strong></span> <span class='ocrx_word' id='word_1_274' title='bbox 1532 391 1651 418; x_wconf 62' lang='lat' dir='ltr'><strong>tenebrat</strong></span> <span class='ocrx_word' id='word_1_275' title='bbox 1676 391 1809 419; x_wconf 75' lang='lat' dir='ltr'><strong>obsrura-</strong></span> 
     </span>
    </p>
   </div>
   <div class='ocr_carea' id='block_1_47' title="bbox 1016 438 1808 474">
    <p class='ocr_par' dir='ltr' id='par_1_47' title="bbox 1016 438 1808 474">
     <span class='ocr_line' id='line_1_47' title="bbox 1016 438 1808 474; baseline 0 -9"><span class='ocrx_word' id='word_1_276' title='bbox 1016 446 1099 471; x_wconf 75' lang='lat' dir='ltr'><strong>vere;</strong></span> <span class='ocrx_word' id='word_1_277' title='bbox 1114 444 1142 466; x_wconf 86' lang='lat' dir='ltr'><strong>et</strong></span> <span class='ocrx_word' id='word_1_278' title='bbox 1153 439 1248 466; x_wconf 89' lang='lat' dir='ltr'><strong>emitte</strong></span> <span class='ocrx_word' id='word_1_279' title='bbox 1258 438 1338 472; x_wconf 85' lang='lat' dir='ltr'><strong>mihi,</strong></span> <span class='ocrx_word' id='word_1_280' title='bbox 1359 439 1485 471; x_wconf 85' lang='lat' dir='ltr'><strong>Domina,</strong></span> <span class='ocrx_word' id='word_1_281' title='bbox 1502 439 1668 474; x_wconf 75' lang='lat' dir='ltr'><strong>poenitentiae</strong></span> <span class='ocrx_word' id='word_1_282' title='bbox 1685 439 1808 471; x_wconf 86' lang='lat' dir='ltr'><strong>radium;</strong></span> 
     </span>
    </p>
   </div>
   <div class='ocr_carea' id='block_1_48' title="bbox 1016 484 1809 520">
    <p class='ocr_par' dir='ltr' id='par_1_48' title="bbox 1016 484 1809 520">
     <span class='ocr_line' id='line_1_48' title="bbox 1016 484 1809 520; baseline 0.003 -10"><span class='ocrx_word' id='word_1_283' title='bbox 1016 489 1043 510; x_wconf 85' lang='lat' dir='ltr'><strong>et</strong></span> <span class='ocrx_word' id='word_1_284' title='bbox 1056 484 1300 512; x_wconf 56' lang='lat' dir='ltr'><strong>intercessionibus</strong></span> <span class='ocrx_word' id='word_1_285' title='bbox 1315 485 1380 518; x_wconf 86' lang='lat' dir='ltr'><strong>luis,</strong></span> <span class='ocrx_word' id='word_1_286' title='bbox 1396 492 1413 512; x_wconf 88' lang='grc' dir='ltr'><strong>ο</strong></span> <span class='ocrx_word' id='word_1_287' title='bbox 1425 484 1508 520; x_wconf 75' lang='lat' dir='ltr'><strong>Virgo</strong></span> <span class='ocrx_word' id='word_1_288' title='bbox 1523 491 1609 518; x_wconf 90' lang='lat' dir='ltr'><strong>casta,</strong></span> <span class='ocrx_word' id='word_1_289' title='bbox 1623 485 1657 512; x_wconf 86' lang='lat' dir='ltr'><strong>ab</strong></span> <span class='ocrx_word' id='word_1_290' title='bbox 1672 485 1733 520; x_wconf 78' lang='lat' dir='ltr'><strong>igne</strong></span> <span class='ocrx_word' id='word_1_291' title='bbox 1746 492 1809 520; x_wconf 90' lang='lat' dir='ltr'><strong>per-</strong></span> 
     </span>
    </p>
   </div>
   <div class='ocr_carea' id='block_1_49' title="bbox 1016 529 1246 557">
    <p class='ocr_par' dir='ltr' id='par_1_49' title="bbox 1016 529 1246 557">
     <span class='ocr_line' id='line_1_49' title="bbox 1016 529 1246 557; baseline 0.004 -1"><span class='ocrx_word' id='word_1_292' title='bbox 1016 529 1080 557; x_wconf 87' lang='lat' dir='ltr'><strong>enni</strong></span> <span class='ocrx_word' id='word_1_293' title='bbox 1096 530 1181 557; x_wconf 87' lang='lat' dir='ltr'><strong>libera</strong></span> <span class='ocrx_word' id='word_1_294' title='bbox 1192 538 1246 557; x_wconf 90' lang='lat' dir='ltr'><strong>me.</strong></span> 
     </span>
    </p>
   </div>
   <div class='ocr_carea' id='block_1_50' title="bbox 1140 583 1685 619">
    <p class='ocr_par' dir='ltr' id='par_1_50' title="bbox 1140 583 1685 619">
     <span class='ocr_line' id='line_1_50' title="bbox 1140 583 1685 619; baseline 0 -8"><span class='ocrx_word' id='word_1_295' title='bbox 1140 583 1183 611; x_wconf 74' lang='lat' dir='ltr'><strong>Ex</strong></span> <span class='ocrx_word' id='word_1_296' title='bbox 1195 584 1302 612; x_wconf 80' lang='lat' dir='ltr'><strong>Canonc</strong></span> <span class='ocrx_word' id='word_1_297' title='bbox 1322 585 1395 619; x_wconf 67' lang='lat' dir='ltr'><strong>feriae</strong></span> <span class='ocrx_word' id='word_1_298' title='bbox 1411 592 1452 617; x_wconf 81' lang='grc' dir='ltr'>ιιι,</span> <span class='ocrx_word' id='word_1_299' title='bbox 1471 585 1505 612; x_wconf 82' lang='lat' dir='ltr'><strong>ad</strong></span> <span class='ocrx_word' id='word_1_300' title='bbox 1523 583 1685 612; x_wconf 75' lang='lat' dir='ltr'><strong>Matutinum</strong></span> 
     </span>
    </p>
   </div>
   <div class='ocr_carea' id='block_1_51' title="bbox 1054 637 1810 674">
    <p class='ocr_par' dir='ltr' id='par_1_51' title="bbox 1054 637 1810 674">
     <span class='ocr_line' id='line_1_51' title="bbox 1054 637 1810 674; baseline -0.001 -7"><span class='ocrx_word' id='word_1_301' title='bbox 1054 639 1225 667; x_wconf 70' lang='lat' dir='ltr'><strong>Pmnilentize</strong></span> <span class='ocrx_word' id='word_1_302' title='bbox 1246 640 1305 667; x_wconf 92' lang='lat' dir='ltr'><strong>vias</strong></span> <span class='ocrx_word' id='word_1_303' title='bbox 1330 640 1489 667; x_wconf 86' lang='lat' dir='ltr'><strong>demonstra</strong></span> <span class='ocrx_word' id='word_1_304' title='bbox 1514 639 1592 672; x_wconf 90' lang='lat' dir='ltr'><strong>mihi,</strong></span> <span class='ocrx_word' id='word_1_305' title='bbox 1606 647 1623 666; x_wconf 94' lang='lat' dir='ltr'><strong>o</strong></span> <span class='ocrx_word' id='word_1_306' title='bbox 1636 637 1731 674; x_wconf 74' lang='lat' dir='ltr'><strong>Virgo,</strong></span> <span class='ocrx_word' id='word_1_307' title='bbox 1747 643 1774 666; x_wconf 92' lang='lat' dir='ltr'><strong>et</strong></span> <span class='ocrx_word' id='word_1_308' title='bbox 1794 647 1810 666; x_wconf 84' lang='lat' dir='ltr'><strong>a</strong></span> 
     </span>
    </p>
   </div>
   <div class='ocr_carea' id='block_1_52' title="bbox 1017 684 1811 720">
    <p class='ocr_par' dir='ltr' id='par_1_52' title="bbox 1017 684 1811 720">
     <span class='ocr_line' id='line_1_52' title="bbox 1017 684 1811 720; baseline -0.001 -8"><span class='ocrx_word' id='word_1_309' title='bbox 1017 686 1114 713; x_wconf 86' lang='lat' dir='ltr'><strong>semita</strong></span> <span class='ocrx_word' id='word_1_310' title='bbox 1128 694 1189 720; x_wconf 77' lang='lat' dir='ltr'><strong>qua:</strong></span> <span class='ocrx_word' id='word_1_311' title='bbox 1211 693 1254 712; x_wconf 87' lang='lat' dir='ltr'><strong>me</strong></span> <span class='ocrx_word' id='word_1_312' title='bbox 1269 686 1300 712; x_wconf 88' lang='lat' dir='ltr'><strong>ad</strong></span> <span class='ocrx_word' id='word_1_313' title='bbox 1317 690 1459 720; x_wconf 80' lang='lat' dir='ltr'><strong>peccatum</strong></span> <span class='ocrx_word' id='word_1_314' title='bbox 1474 684 1594 716; x_wconf 89' lang='lat' dir='ltr'><strong>deducit,</strong></span> <span class='ocrx_word' id='word_1_315' title='bbox 1609 689 1700 712; x_wconf 88' lang='lat' dir='ltr'><strong>averte</strong></span> <span class='ocrx_word' id='word_1_316' title='bbox 1716 692 1767 717; x_wconf 78' lang='lat' dir='ltr'><strong>me,</strong></span> <span class='ocrx_word' id='word_1_317' title='bbox 1781 689 1811 711; x_wconf 91' lang='lat' dir='ltr'><strong>nt</strong></span> 
     </span>
    </p>
   </div>
   <div class='ocr_carea' id='block_1_53' title="bbox 1018 730 1810 765">
    <p class='ocr_par' dir='ltr' id='par_1_53' title="bbox 1018 730 1810 765">
     <span class='ocr_line' id='line_1_53' title="bbox 1018 730 1810 765; baseline -0.001 -7"><span class='ocrx_word' id='word_1_318' title='bbox 1018 732 1126 758; x_wconf 86' lang='lat' dir='ltr'><strong>laudem</strong></span> <span class='ocrx_word' id='word_1_319' title='bbox 1144 736 1168 757; x_wconf 87' lang='lat' dir='ltr'><strong>le</strong></span> <span class='ocrx_word' id='word_1_320' title='bbox 1185 731 1258 758; x_wconf 89' lang='lat' dir='ltr'><strong>omni</strong></span> <span class='ocrx_word' id='word_1_321' title='bbox 1281 731 1360 758; x_wconf 83' lang='lat' dir='ltr'><strong>laude</strong></span> <span class='ocrx_word' id='word_1_322' title='bbox 1373 731 1563 765; x_wconf 70' lang='lat' dir='ltr'><strong>dignissimam</strong></span> <span class='ocrx_word' id='word_1_323' title='bbox 1579 734 1606 757; x_wconf 86' lang='lat' dir='ltr'><strong>et</strong></span> <span class='ocrx_word' id='word_1_324' title='bbox 1620 730 1694 757; x_wconf 90' lang='lat' dir='ltr'><strong>omni</strong></span> <span class='ocrx_word' id='word_1_325' title='bbox 1721 730 1810 757; x_wconf 83' lang='lat' dir='ltr'><strong>beati-</strong></span> 
     </span>
    </p>
   </div>
   <div class='ocr_carea' id='block_1_54' title="bbox 1017 777 1390 805">
    <p class='ocr_par' dir='ltr' id='par_1_54' title="bbox 1017 777 1390 805">
     <span class='ocr_line' id='line_1_54' title="bbox 1017 777 1390 805; baseline -0.003 0"><span class='ocrx_word' id='word_1_326' title='bbox 1017 778 1112 805; x_wconf 84' lang='lat' dir='ltr'><strong>tudine</strong></span> <span class='ocrx_word' id='word_1_327' title='bbox 1131 777 1390 804; x_wconf 88' lang='lat' dir='ltr'><strong>cumulatissimam.</strong></span> 
     </span>
    </p>
   </div>
   <div class='ocr_carea' id='block_1_55' title="bbox 1055 823 1811 859">
    <p class='ocr_par' dir='ltr' id='par_1_55' title="bbox 1055 823 1811 859">
     <span class='ocr_line' id='line_1_55' title="bbox 1055 823 1811 859; baseline 0 -9"><span class='ocrx_word' id='word_1_328' title='bbox 1055 823 1258 851; x_wconf 74' lang='lat' dir='ltr'><strong>Prostratorum</strong></span> <span class='ocrx_word' id='word_1_329' title='bbox 1275 824 1389 856; x_wconf 87' lang='lat' dir='ltr'><strong>erectio,</strong></span> <span class='ocrx_word' id='word_1_330' title='bbox 1405 831 1420 850; x_wconf 94' lang='grc' dir='ltr'><strong>ο</strong></span> <span class='ocrx_word' id='word_1_331' title='bbox 1436 823 1562 859; x_wconf 85' lang='lat' dir='ltr'><strong>Deipara,</strong></span> <span class='ocrx_word' id='word_1_332' title='bbox 1579 831 1593 851; x_wconf 90' lang='lat' dir='ltr'><strong>e</strong></span> <span class='ocrx_word' id='word_1_333' title='bbox 1605 823 1737 851; x_wconf 78' lang='lat' dir='ltr'><strong>barathro</strong></span> <span class='ocrx_word' id='word_1_334' title='bbox 1752 829 1811 850; x_wconf 84' lang='lat' dir='ltr'><strong>Ina-</strong></span> 
     </span>
    </p>
   </div>
   <div class='ocr_carea' id='block_1_56' title="bbox 1018 869 1809 904">
    <p class='ocr_par' dir='ltr' id='par_1_56' title="bbox 1018 869 1809 904">
     <span class='ocr_line' id='line_1_56' title="bbox 1018 869 1809 904; baseline 0 -9"><span class='ocrx_word' id='word_1_335' title='bbox 1018 869 1106 896; x_wconf 87' lang='lat' dir='ltr'><strong>lorum</strong></span> <span class='ocrx_word' id='word_1_336' title='bbox 1120 877 1241 896; x_wconf 88' lang='lat' dir='ltr'><strong>meorum</strong></span> <span class='ocrx_word' id='word_1_337' title='bbox 1266 877 1310 896; x_wconf 90' lang='lat' dir='ltr'><strong>me</strong></span> <span class='ocrx_word' id='word_1_338' title='bbox 1322 869 1472 904; x_wconf 83' lang='lat' dir='ltr'><strong>collapsum</strong></span> <span class='ocrx_word' id='word_1_339' title='bbox 1486 869 1577 903; x_wconf 79' lang='lat' dir='ltr'><strong>erige;</strong></span> <span class='ocrx_word' id='word_1_340' title='bbox 1592 874 1619 896; x_wconf 85' lang='lat' dir='ltr'><strong>et</strong></span> <span class='ocrx_word' id='word_1_341' title='bbox 1632 869 1658 895; x_wconf 90' lang='lat' dir='ltr'><strong>in</strong></span> <span class='ocrx_word' id='word_1_342' title='bbox 1678 873 1753 903; x_wconf 82' lang='lat' dir='ltr'><strong>petra</strong></span> <span class='ocrx_word' id='word_1_343' title='bbox 1767 869 1809 895; x_wconf 88' lang='lat' dir='ltr'><strong>di-</strong></span> 
     </span>
    </p>
   </div>
   <div class='ocr_carea' id='block_1_57' title="bbox 978 915 1809 950">
    <p class='ocr_par' dir='ltr' id='par_1_57' title="bbox 978 915 1809 950">
     <span class='ocr_line' id='line_1_57' title="bbox 978 915 1809 950; baseline 0 -8"><span class='ocrx_word' id='word_1_344' title='bbox 978 919 1003 949; x_wconf 79' lang='grc' dir='ltr'>Β</span> <span class='ocrx_word' id='word_1_345' title='bbox 1018 917 1142 942; x_wconf 87' lang='lat' dir='ltr'><strong>vinorum</strong></span> <span class='ocrx_word' id='word_1_346' title='bbox 1164 915 1246 950; x_wconf 78' lang='lat'><strong>296</strong></span> <span class='ocrx_word' id='word_1_347' title='bbox 1261 915 1451 942; x_wconf 82' lang='lat' dir='ltr'><strong>mandatorqu</strong></span> <span class='ocrx_word' id='word_1_348' title='bbox 1479 915 1605 942; x_wconf 78' lang='lat' dir='ltr'><strong>stabilem</strong></span> <span class='ocrx_word' id='word_1_349' title='bbox 1631 916 1710 942; x_wconf 84' lang='lat' dir='ltr'><strong>ilrma</strong></span> <span class='ocrx_word' id='word_1_350' title='bbox 1723 922 1775 947; x_wconf 83' lang='lat' dir='ltr'><strong>me.</strong></span> <span class='ocrx_word' id='word_1_351' title='bbox 1793 924 1809 942; x_wconf 83' lang='grc' dir='ltr'><strong>ο</strong></span> 
     </span>
    </p>
   </div>
   <div class='ocr_carea' id='block_1_58' title="bbox 1021 962 1147 989">
    <p class='ocr_par' dir='ltr' id='par_1_58' title="bbox 1021 962 1147 989">
     <span class='ocr_line' id='line_1_58' title="bbox 1021 962 1147 989; baseline -0.008 0"><span class='ocrx_word' id='word_1_352' title='bbox 1021 962 1147 989; x_wconf 78' lang='lat' dir='ltr'><strong>DOinina.</strong></span> 
     </span>
    </p>
   </div>
   <div class='ocr_carea' id='block_1_59' title="bbox 1055 1006 1810 1041">
    <p class='ocr_par' dir='ltr' id='par_1_59' title="bbox 1055 1006 1810 1041">
     <span class='ocr_line' id='line_1_59' title="bbox 1055 1006 1810 1041; baseline -0.003 -7"><span class='ocrx_word' id='word_1_353' title='bbox 1055 1006 1283 1035; x_wconf 79' lang='lat' dir='ltr'><strong>Laudabilissima</strong></span> <span class='ocrx_word' id='word_1_354' title='bbox 1314 1006 1440 1039; x_wconf 82' lang='lat' dir='ltr'><strong>Domina,</strong></span> <span class='ocrx_word' id='word_1_355' title='bbox 1455 1007 1560 1041; x_wconf 80' lang='lat' dir='ltr'><strong>magnis</strong></span> <span class='ocrx_word' id='word_1_356' title='bbox 1577 1010 1636 1034; x_wconf 86' lang='lat' dir='ltr'><strong>luas</strong></span> <span class='ocrx_word' id='word_1_357' title='bbox 1649 1006 1744 1034; x_wconf 85' lang='lat' dir='ltr'><strong>laudes</strong></span> <span class='ocrx_word' id='word_1_358' title='bbox 1759 1013 1810 1032; x_wconf 63' lang='lat' dir='ltr'><strong>voc</strong></span> 
     </span>
    </p>
   </div>
   <div class='ocr_carea' id='block_1_60' title="bbox 1020 1053 1808 1088">
    <p class='ocr_par' dir='ltr' id='par_1_60' title="bbox 1020 1053 1808 1088">
     <span class='ocr_line' id='line_1_60' title="bbox 1020 1053 1808 1088; baseline -0.004 -6"><span class='ocrx_word' id='word_1_359' title='bbox 1020 1055 1097 1082; x_wconf 89' lang='lat' dir='ltr'><strong>cibus</strong></span> <span class='ocrx_word' id='word_1_360' title='bbox 1131 1054 1289 1082; x_wconf 79' lang='lat' dir='ltr'><strong>extollimus</strong></span> <span class='ocrx_word' id='word_1_361' title='bbox 1311 1061 1319 1081; x_wconf 87' lang='lat'><strong>:</strong></span> <span class='ocrx_word' id='word_1_362' title='bbox 1347 1053 1429 1088; x_wconf 89' lang='lat' dir='ltr'><strong>imple</strong></span> <span class='ocrx_word' id='word_1_363' title='bbox 1456 1054 1532 1080; x_wconf 87' lang='lat' dir='ltr'><strong>omni</strong></span> <span class='ocrx_word' id='word_1_364' title='bbox 1558 1053 1656 1088; x_wconf 73' lang='lat' dir='ltr'><strong>gaudio</strong></span> <span class='ocrx_word' id='word_1_365' title='bbox 1690 1057 1808 1080; x_wconf 80' lang='lat' dir='ltr'><strong>mentem</strong></span> 
     </span>
    </p>
   </div>
   <div class='ocr_carea' id='block_1_61' title="bbox 1020 1099 1810 1136">
    <p class='ocr_par' dir='ltr' id='par_1_61' title="bbox 1020 1099 1810 1136">
     <span class='ocr_line' id='line_1_61' title="bbox 1020 1099 1810 1136; baseline -0.003 -8"><span class='ocrx_word' id='word_1_366' title='bbox 1020 1109 1126 1136; x_wconf 78' lang='lat' dir='ltr'><strong>meam;</strong></span> <span class='ocrx_word' id='word_1_367' title='bbox 1143 1101 1244 1129; x_wconf 87' lang='lat' dir='ltr'><strong>luctum</strong></span> <span class='ocrx_word' id='word_1_368' title='bbox 1277 1101 1380 1132; x_wconf 79' lang='lat' dir='ltr'><strong>utilem,</strong></span> <span class='ocrx_word' id='word_1_369' title='bbox 1401 1099 1588 1135; x_wconf 69' lang='lat' dir='ltr'><strong>paenitentiam</strong></span> <span class='ocrx_word' id='word_1_370' title='bbox 1615 1103 1810 1135; x_wconf 83' lang='lat' dir='ltr'><strong>opportunam,</strong></span> 
     </span>
    </p>
   </div>
   <div class='ocr_carea' id='block_1_62' title="bbox 1020 1145 1649 1174">
    <p class='ocr_par' dir='ltr' id='par_1_62' title="bbox 1020 1145 1649 1174">
     <span class='ocr_line' id='line_1_62' title="bbox 1020 1145 1649 1174; baseline -0.005 0"><span class='ocrx_word' id='word_1_371' title='bbox 1020 1151 1045 1174; x_wconf 90' lang='lat' dir='ltr'><strong>et</strong></span> <span class='ocrx_word' id='word_1_372' title='bbox 1057 1147 1199 1174; x_wconf 77' lang='lat' dir='ltr'><strong>scientiam</strong></span> <span class='ocrx_word' id='word_1_373' title='bbox 1211 1145 1384 1174; x_wconf 85' lang='lat' dir='ltr'><strong>salutiferam</strong></span> <span class='ocrx_word' id='word_1_374' title='bbox 1402 1145 1556 1172; x_wconf 81' lang='lat' dir='ltr'><strong>concedens</strong></span> <span class='ocrx_word' id='word_1_375' title='bbox 1571 1145 1649 1172; x_wconf 90' lang='lat' dir='ltr'><strong>mihi.</strong></span> 
     </span>
    </p>
   </div>
   <div class='ocr_carea' id='block_1_63' title="bbox 1058 1189 1811 1228">
    <p class='ocr_par' dir='ltr' id='par_1_63' title="bbox 1058 1189 1811 1228">
     <span class='ocr_line' id='line_1_63' title="bbox 1058 1189 1811 1228; baseline -0.001 -9"><span class='ocrx_word' id='word_1_376' title='bbox 1058 1193 1172 1228; x_wconf 86' lang='lat' dir='ltr'><strong>Deipara</strong></span> <span class='ocrx_word' id='word_1_377' title='bbox 1188 1196 1293 1222; x_wconf 85' lang='lat' dir='ltr'><strong>saneta,</strong></span> <span class='ocrx_word' id='word_1_378' title='bbox 1308 1199 1369 1226; x_wconf 69' lang='lat' dir='ltr'><strong>qua:</strong></span> <span class='ocrx_word' id='word_1_379' title='bbox 1387 1189 1504 1217; x_wconf 85' lang='lat' dir='ltr'><strong>Verbum</strong></span> <span class='ocrx_word' id='word_1_380' title='bbox 1523 1195 1660 1223; x_wconf 86' lang='lat' dir='ltr'><strong>sanctum,</strong></span> <span class='ocrx_word' id='word_1_381' title='bbox 1677 1191 1748 1225; x_wconf 87' lang='lat' dir='ltr'><strong>quod</strong></span> <span class='ocrx_word' id='word_1_382' title='bbox 1765 1198 1811 1218; x_wconf 82' lang='lat' dir='ltr'><strong>so-</strong></span> 
     </span>
    </p>
   </div>
   <div class='ocr_carea' id='block_1_64' title="bbox 1020 1236 1809 1271">
    <p class='ocr_par' dir='ltr' id='par_1_64' title="bbox 1020 1236 1809 1271">
     <span class='ocr_line' id='line_1_64' title="bbox 1020 1236 1809 1271; baseline -0.003 -6"><span class='ocrx_word' id='word_1_383' title='bbox 1020 1239 1076 1266; x_wconf 94' lang='lat' dir='ltr'><strong>lum</strong></span> <span class='ocrx_word' id='word_1_384' title='bbox 1089 1237 1218 1265; x_wconf 91' lang='lat' dir='ltr'><strong>omnibus</strong></span> <span class='ocrx_word' id='word_1_385' title='bbox 1240 1238 1343 1265; x_wconf 86' lang='lat' dir='ltr'><strong>sanctis</strong></span> <span class='ocrx_word' id='word_1_386' title='bbox 1357 1236 1516 1271; x_wconf 81' lang='lat' dir='ltr'><strong>requiescit,</strong></span> <span class='ocrx_word' id='word_1_387' title='bbox 1533 1236 1704 1264; x_wconf 85' lang='lat' dir='ltr'><strong>iucarnalum</strong></span> <span class='ocrx_word' id='word_1_388' title='bbox 1726 1244 1809 1271; x_wconf 85' lang='lat' dir='ltr'><strong>pepe-</strong></span> 
     </span>
    </p>
   </div>
   <div class='ocr_carea' id='block_1_65' title="bbox 1020 1283 1810 1319">
    <p class='ocr_par' dir='ltr' id='par_1_65' title="bbox 1020 1283 1810 1319">
     <span class='ocr_line' id='line_1_65' title="bbox 1020 1283 1810 1319; baseline 0 -8"><span class='ocrx_word' id='word_1_389' title='bbox 1020 1285 1080 1312; x_wconf 88' lang='lat' dir='ltr'><strong>risti</strong></span> <span class='ocrx_word' id='word_1_390' title='bbox 1094 1293 1100 1310; x_wconf 93' lang='lat'><strong>:</strong></span> <span class='ocrx_word' id='word_1_391' title='bbox 1116 1285 1255 1312; x_wconf 82' lang='lat' dir='ltr'><strong>sanctiiica</strong></span> <span class='ocrx_word' id='word_1_392' title='bbox 1271 1289 1388 1311; x_wconf 77' lang='lat' dir='ltr'><strong>mentem</strong></span> <span class='ocrx_word' id='word_1_393' title='bbox 1404 1291 1503 1318; x_wconf 86' lang='lat' dir='ltr'><strong>meam,</strong></span> <span class='ocrx_word' id='word_1_394' title='bbox 1522 1283 1549 1310; x_wconf 89' lang='lat' dir='ltr'><strong>in</strong></span> <span class='ocrx_word' id='word_1_395' title='bbox 1565 1284 1657 1319; x_wconf 83' lang='lat' dir='ltr'><strong>pravis</strong></span> <span class='ocrx_word' id='word_1_396' title='bbox 1683 1284 1810 1319; x_wconf 73' lang='lat' dir='ltr'><strong>operibus</strong></span> 
     </span>
    </p>
   </div>
   <div class='ocr_carea' id='block_1_66' title="bbox 1019 1330 1346 1364">
    <p class='ocr_par' dir='ltr' id='par_1_66' title="bbox 1019 1330 1346 1364">
     <span class='ocr_line' id='line_1_66' title="bbox 1019 1330 1346 1364; baseline 0 -8"><span class='ocrx_word' id='word_1_397' title='bbox 1019 1337 1126 1364; x_wconf 84' lang='lat' dir='ltr'><strong>semper</strong></span> <span class='ocrx_word' id='word_1_398' title='bbox 1141 1330 1331 1357; x_wconf 88' lang='lat' dir='ltr'><strong>immorantem</strong></span> <span class='ocrx_word' id='word_1_399' title='bbox 1338 1348 1346 1356; x_wconf 92' lang='lat'><strong>.</strong></span> 
     </span>
    </p>
   </div>
   <div class='ocr_carea' id='block_1_67' title="bbox 1056 1375 1810 1411">
    <p class='ocr_par' dir='ltr' id='par_1_67' title="bbox 1056 1375 1810 1411">
     <span class='ocr_line' id='line_1_67' title="bbox 1056 1375 1810 1411; baseline -0.001 -9"><span class='ocrx_word' id='word_1_400' title='bbox 1056 1375 1130 1403; x_wconf 86' lang='lat' dir='ltr'><strong>Urna</strong></span> <span class='ocrx_word' id='word_1_401' title='bbox 1158 1376 1214 1408; x_wconf 86' lang='lat' dir='ltr'><strong>illa,</strong></span> <span class='ocrx_word' id='word_1_402' title='bbox 1227 1376 1253 1402; x_wconf 91' lang='lat' dir='ltr'><strong>in</strong></span> <span class='ocrx_word' id='word_1_403' title='bbox 1267 1383 1321 1411; x_wconf 90' lang='lat' dir='ltr'><strong>qua</strong></span> <span class='ocrx_word' id='word_1_404' title='bbox 1344 1383 1448 1402; x_wconf 87' lang='lat' dir='ltr'><strong>manna</strong></span> <span class='ocrx_word' id='word_1_405' title='bbox 1470 1375 1671 1408; x_wconf 84' lang='lat' dir='ltr'><strong>continebatur,</strong></span> <span class='ocrx_word' id='word_1_406' title='bbox 1684 1376 1749 1403; x_wconf 90' lang='lat' dir='ltr'><strong>olim</strong></span> <span class='ocrx_word' id='word_1_407' title='bbox 1774 1380 1810 1407; x_wconf 82' lang='lat' dir='ltr'><strong>le,</strong></span> 
     </span>
    </p>
   </div>
   <div class='ocr_carea' id='block_1_68' title="bbox 1021 1421 1810 1457">
    <p class='ocr_par' dir='ltr' id='par_1_68' title="bbox 1021 1421 1810 1457">
     <span class='ocr_line' id='line_1_68' title="bbox 1021 1421 1810 1457; baseline 0 -9"><span class='ocrx_word' id='word_1_408' title='bbox 1021 1421 1147 1457; x_wconf 85' lang='lat' dir='ltr'><strong>Deipara,</strong></span> <span class='ocrx_word' id='word_1_409' title='bbox 1166 1422 1369 1457; x_wconf 66' lang='lat' dir='ltr'><strong>praeﬁguravit:</strong></span> <span class='ocrx_word' id='word_1_410' title='bbox 1388 1421 1527 1450; x_wconf 86' lang='lat' dir='ltr'><strong>Christum</strong></span> <span class='ocrx_word' id='word_1_411' title='bbox 1552 1422 1623 1449; x_wconf 88' lang='lat' dir='ltr'><strong>enim</strong></span> <span class='ocrx_word' id='word_1_412' title='bbox 1640 1422 1810 1457; x_wconf 76' lang='lat' dir='ltr'><strong>germinasli,</strong></span> 
     </span>
    </p>
   </div>
   <div class='ocr_carea' id='block_1_69' title="bbox 1020 1459 1811 1502">
    <p class='ocr_par' dir='ltr' id='par_1_69' title="bbox 1020 1459 1811 1502">
     <span class='ocr_line' id='line_1_69' title="bbox 1020 1459 1811 1502; baseline 0 -9"><span class='ocrx_word' id='word_1_413' title='bbox 1020 1467 1068 1502; x_wconf 88' lang='lat' dir='ltr'><strong>qni</strong></span> <span class='ocrx_word' id='word_1_414' title='bbox 1081 1467 1209 1495; x_wconf 89' lang='lat' dir='ltr'><strong>omnibus</strong></span> <span class='ocrx_word' id='word_1_415' title='bbox 1225 1459 1424 1494; x_wconf 74' lang='lat' dir='ltr'><strong>honorantibus</strong></span> <span class='ocrx_word' id='word_1_416' title='bbox 1436 1471 1462 1495; x_wconf 87' lang='lat' dir='ltr'><strong>te</strong></span> <span class='ocrx_word' id='word_1_417' title='bbox 1474 1467 1596 1494; x_wconf 73' lang='lat' dir='ltr'><strong>scientia:</strong></span> <span class='ocrx_word' id='word_1_418' title='bbox 1623 1474 1724 1494; x_wconf 88' lang='lat' dir='ltr'><strong>manna</strong></span> <span class='ocrx_word' id='word_1_419' title='bbox 1738 1468 1811 1494; x_wconf 82' lang='lat' dir='ltr'><strong>velut</strong></span> 
     </span>
    </p>
   </div>
   <div class='ocr_carea' id='block_1_70' title="bbox 1021 1512 1284 1540">
    <p class='ocr_par' dir='ltr' id='par_1_70' title="bbox 1021 1512 1284 1540">
     <span class='ocr_line' id='line_1_70' title="bbox 1021 1512 1284 1540; baseline 0 -1"><span class='ocrx_word' id='word_1_420' title='bbox 1021 1513 1136 1540; x_wconf 90' lang='lat' dir='ltr'><strong>imbrem</strong></span> <span class='ocrx_word' id='word_1_421' title='bbox 1154 1512 1284 1540; x_wconf 89' lang='lat' dir='ltr'><strong>demittit.</strong></span> 
     </span>
    </p>
   </div>
   <div class='ocr_carea' id='block_1_71' title="bbox 1057 1557 1810 1593">
    <p class='ocr_par' dir='ltr' id='par_1_71' title="bbox 1057 1557 1810 1593">
     <span class='ocr_line' id='line_1_71' title="bbox 1057 1557 1810 1593; baseline -0.001 -7"><span class='ocrx_word' id='word_1_422' title='bbox 1057 1559 1144 1593; x_wconf 89' lang='lat' dir='ltr'><strong>Supra</strong></span> <span class='ocrx_word' id='word_1_423' title='bbox 1166 1566 1261 1586; x_wconf 87' lang='lat' dir='ltr'><strong>omnes</strong></span> <span class='ocrx_word' id='word_1_424' title='bbox 1282 1565 1381 1586; x_wconf 81' lang='lat' dir='ltr'><strong>causas</strong></span> <span class='ocrx_word' id='word_1_425' title='bbox 1403 1565 1435 1585; x_wconf 91' lang='lat' dir='ltr'><strong>ac</strong></span> <span class='ocrx_word' id='word_1_426' title='bbox 1452 1557 1581 1590; x_wconf 82' lang='lat' dir='ltr'><strong>rationes,</strong></span> <span class='ocrx_word' id='word_1_427' title='bbox 1598 1565 1709 1586; x_wconf 92' lang='lat' dir='ltr'><strong>causam</strong></span> <span class='ocrx_word' id='word_1_428' title='bbox 1729 1562 1810 1592; x_wconf 83' lang='lat' dir='ltr'><strong>atque</strong></span> 
     </span>
    </p>
   </div>
   <div class='ocr_carea' id='block_1_72' title="bbox 1022 1603 1809 1639">
    <p class='ocr_par' dir='ltr' id='par_1_72' title="bbox 1022 1603 1809 1639">
     <span class='ocr_line' id='line_1_72' title="bbox 1022 1603 1809 1639; baseline -0.003 -7"><span class='ocrx_word' id='word_1_429' title='bbox 1022 1610 1163 1632; x_wconf 88' lang='lat' dir='ltr'><strong>auctorem</strong></span> <span class='ocrx_word' id='word_1_430' title='bbox 1182 1604 1302 1632; x_wconf 82' lang='lat' dir='ltr'><strong>universi</strong></span> <span class='ocrx_word' id='word_1_431' title='bbox 1329 1604 1467 1639; x_wconf 82' lang='lat' dir='ltr'><strong>peperisti,</strong></span> <span class='ocrx_word' id='word_1_432' title='bbox 1480 1608 1591 1639; x_wconf 86' lang='lat' dir='ltr'><strong>propter</strong></span> <span class='ocrx_word' id='word_1_433' title='bbox 1607 1603 1719 1631; x_wconf 82' lang='lat' dir='ltr'><strong>nimiam</strong></span> <span class='ocrx_word' id='word_1_434' title='bbox 1731 1610 1809 1631; x_wconf 80' lang='lat' dir='ltr'><strong>suam</strong></span> 
     </span>
    </p>
   </div>
   <div class='ocr_carea' id='block_1_73' title="bbox 1020 1647 1807 1686">
    <p class='ocr_par' dir='ltr' id='par_1_73' title="bbox 1020 1647 1807 1686">
     <span class='ocr_line' id='line_1_73' title="bbox 1020 1647 1807 1686; baseline -0.003 -9"><span class='ocrx_word' id='word_1_435' title='bbox 1020 1650 1227 1686; x_wconf 72' lang='lat' dir='ltr'><strong>benignitatem,</strong></span> <span class='ocrx_word' id='word_1_436' title='bbox 1239 1649 1377 1676; x_wconf 89' lang='lat' dir='ltr'><strong>hominem</strong></span> <span class='ocrx_word' id='word_1_437' title='bbox 1396 1649 1508 1676; x_wconf 80' lang='lat' dir='ltr'><strong>factum.</strong></span> <span class='ocrx_word' id='word_1_438' title='bbox 1541 1647 1619 1676; x_wconf 82' lang='lat' dir='ltr'><strong>Unde</strong></span> <span class='ocrx_word' id='word_1_439' title='bbox 1638 1653 1674 1681; x_wconf 86' lang='lat' dir='ltr'><strong>te,</strong></span> <span class='ocrx_word' id='word_1_440' title='bbox 1687 1656 1704 1676; x_wconf 94' lang='lat' dir='ltr'><strong>o</strong></span> <span class='ocrx_word' id='word_1_441' title='bbox 1728 1656 1807 1684; x_wconf 83' lang='lat' dir='ltr'><strong>pura,</strong></span> 
     </span>
    </p>
   </div>
   <div class='ocr_carea' id='block_1_74' title="bbox 1021 1695 1557 1730">
    <p class='ocr_par' dir='ltr' id='par_1_74' title="bbox 1021 1695 1557 1730">
     <span class='ocr_line' id='line_1_74' title="bbox 1021 1695 1557 1730; baseline -0.004 -7"><span class='ocrx_word' id='word_1_442' title='bbox 1021 1703 1140 1724; x_wconf 75' lang='lat' dir='ltr'><strong>C(lllSOl‘lil</strong></span> <span class='ocrx_word' id='word_1_443' title='bbox 1157 1703 1221 1723; x_wconf 76' lang='lat' dir='ltr'><strong>V008</strong></span> <span class='ocrx_word' id='word_1_444' title='bbox 1235 1695 1342 1722; x_wconf 86' lang='lat' dir='ltr'><strong>beatam</strong></span> <span class='ocrx_word' id='word_1_445' title='bbox 1355 1702 1557 1730; x_wconf 81' lang='lat' dir='ltr'><strong>nuncupamus.</strong></span> 
     </span>
    </p>
   </div>
   <div class='ocr_carea' id='block_1_75' title="bbox 1057 1738 1810 1778">
    <p class='ocr_par' dir='ltr' id='par_1_75' title="bbox 1057 1738 1810 1778">
     <span class='ocr_line' id='line_1_75' title="bbox 1057 1738 1810 1778; baseline -0.004 -9"><span class='ocrx_word' id='word_1_446' title='bbox 1057 1742 1098 1769; x_wconf 85' lang='lat' dir='ltr'><strong>Me</strong></span> <span class='ocrx_word' id='word_1_447' title='bbox 1112 1742 1138 1769; x_wconf 91' lang='lat' dir='ltr'><strong>in</strong></span> <span class='ocrx_word' id='word_1_448' title='bbox 1151 1741 1254 1778; x_wconf 79' lang='lat' dir='ltr'><strong>peccati</strong></span> <span class='ocrx_word' id='word_1_449' title='bbox 1269 1741 1326 1769; x_wconf 88' lang='lat' dir='ltr'><strong>salo</strong></span> <span class='ocrx_word' id='word_1_450' title='bbox 1339 1740 1526 1774; x_wconf 82' lang='lat' dir='ltr'><strong>ﬂuctuantem,</strong></span> <span class='ocrx_word' id='word_1_451' title='bbox 1541 1738 1737 1767; x_wconf 79' lang='lat' dir='ltr'><strong>intercessione</strong></span> <span class='ocrx_word' id='word_1_452' title='bbox 1751 1744 1810 1773; x_wconf 82' lang='lat' dir='ltr'><strong>tua,</strong></span> 
     </span>
    </p>
   </div>
   <div class='ocr_carea' id='block_1_76' title="bbox 1021 1785 1810 1822">
    <p class='ocr_par' dir='ltr' id='par_1_76' title="bbox 1021 1785 1810 1822">
     <span class='ocr_line' id='line_1_76' title="bbox 1021 1785 1810 1822; baseline -0.005 -6"><span class='ocrx_word' id='word_1_453' title='bbox 1021 1797 1038 1816; x_wconf 87' lang='grc' dir='ltr'><strong>ο</strong></span> <span class='ocrx_word' id='word_1_454' title='bbox 1054 1793 1140 1821; x_wconf 79' lang='lat' dir='ltr'><strong>casta,</strong></span> <span class='ocrx_word' id='word_1_455' title='bbox 1156 1789 1189 1815; x_wconf 85' lang='lat' dir='ltr'><strong>ad</strong></span> <span class='ocrx_word' id='word_1_456' title='bbox 1216 1787 1456 1822; x_wconf 78' lang='lat' dir='ltr'><strong>lranquillissimos</strong></span> <span class='ocrx_word' id='word_1_457' title='bbox 1480 1786 1609 1814; x_wconf 76' lang='lat' dir='ltr'><strong>salutaris</strong></span> <span class='ocrx_word' id='word_1_458' title='bbox 1642 1785 1810 1820; x_wconf 70' lang='lat' dir='ltr'><strong>pmnitentia:</strong></span> 
     </span>
    </p>
   </div>
   <div class='ocr_carea' id='block_1_77' title="bbox 1021 1831 1812 1870">
    <p class='ocr_par' dir='ltr' id='par_1_77' title="bbox 1021 1831 1812 1870">
     <span class='ocr_line' id='line_1_77' title="bbox 1021 1831 1812 1870; baseline -0.003 -9"><span class='ocrx_word' id='word_1_459' title='bbox 1021 1839 1128 1870; x_wconf 88' lang='lat' dir='ltr'><strong>portus,</strong></span> <span class='ocrx_word' id='word_1_460' title='bbox 1143 1841 1253 1869; x_wconf 88' lang='lat' dir='ltr'><strong>precor,</strong></span> <span class='ocrx_word' id='word_1_461' title='bbox 1275 1834 1402 1865; x_wconf 80' lang='lat' dir='ltr'><strong>Domina,</strong></span> <span class='ocrx_word' id='word_1_462' title='bbox 1413 1833 1559 1866; x_wconf 87' lang='lat' dir='ltr'><strong>deducito;</strong></span> <span class='ocrx_word' id='word_1_463' title='bbox 1575 1837 1604 1860; x_wconf 90' lang='lat' dir='ltr'><strong>ut</strong></span> <span class='ocrx_word' id='word_1_464' title='bbox 1614 1831 1752 1868; x_wconf 86' lang='lat' dir='ltr'><strong>perpetuis</strong></span> <span class='ocrx_word' id='word_1_465' title='bbox 1765 1839 1812 1860; x_wconf 82' lang='lat' dir='ltr'><strong>so—</strong></span> 
     </span>
    </p>
   </div>
   <div class='ocr_carea' id='block_1_78' title="bbox 1022 1879 1812 1914">
    <p class='ocr_par' dir='ltr' id='par_1_78' title="bbox 1022 1879 1812 1914">
     <span class='ocr_line' id='line_1_78' title="bbox 1022 1879 1812 1914; baseline -0.004 -6"><span class='ocrx_word' id='word_1_466' title='bbox 1022 1881 1121 1908; x_wconf 73' lang='lat' dir='ltr'><strong>cordia:</strong></span> <span class='ocrx_word' id='word_1_467' title='bbox 1137 1880 1255 1907; x_wconf 85' lang='lat' dir='ltr'><strong>tenebris</strong></span> <span class='ocrx_word' id='word_1_468' title='bbox 1269 1880 1417 1914; x_wconf 86' lang='lat' dir='ltr'><strong>involutus,</strong></span> <span class='ocrx_word' id='word_1_469' title='bbox 1432 1879 1540 1907; x_wconf 77' lang='lat' dir='ltr'><strong>tandem</strong></span> <span class='ocrx_word' id='word_1_470' title='bbox 1556 1879 1704 1913; x_wconf 89' lang='lat' dir='ltr'><strong>aliquando</strong></span> <span class='ocrx_word' id='word_1_471' title='bbox 1715 1879 1812 1906; x_wconf 85' lang='lat' dir='ltr'><strong>salutis</strong></span> 
     </span>
    </p>
   </div>
   <div class='ocr_carea' id='block_1_79' title="bbox 1022 1925 1276 1960">
    <p class='ocr_par' dir='ltr' id='par_1_79' title="bbox 1022 1925 1276 1960">
     <span class='ocr_line' id='line_1_79' title="bbox 1022 1925 1276 1960; baseline -0.008 -6"><span class='ocrx_word' id='word_1_472' title='bbox 1022 1927 1113 1954; x_wconf 87' lang='lat' dir='ltr'><strong>lumen</strong></span> <span class='ocrx_word' id='word_1_473' title='bbox 1131 1925 1276 1960; x_wconf 87' lang='lat' dir='ltr'><strong>aspiciam.</strong></span> 
     </span>
    </p>
   </div>
   <div class='ocr_carea' id='block_1_80' title="bbox 1056 1970 1813 2008">
    <p class='ocr_par' dir='ltr' id='par_1_80' title="bbox 1056 1970 1813 2008">
     <span class='ocr_line' id='line_1_80' title="bbox 1056 1970 1813 2008; baseline -0.004 -9"><span class='ocrx_word' id='word_1_474' title='bbox 1056 1971 1271 2008; x_wconf 80' lang='lat' dir='ltr'><strong>Fulgurantibus</strong></span> <span class='ocrx_word' id='word_1_475' title='bbox 1286 1971 1372 1998; x_wconf 84' lang='lat' dir='ltr'><strong>radiis</strong></span> <span class='ocrx_word' id='word_1_476' title='bbox 1384 1970 1444 1998; x_wconf 85' lang='lat' dir='ltr'><strong>Filii</strong></span> <span class='ocrx_word' id='word_1_477' title='bbox 1460 1975 1487 1999; x_wconf 87' lang='lat' dir='ltr'><strong>et</strong></span> <span class='ocrx_word' id='word_1_478' title='bbox 1503 1971 1549 1998; x_wconf 89' lang='lat' dir='ltr'><strong>Dei</strong></span> <span class='ocrx_word' id='word_1_479' title='bbox 1564 1970 1615 2003; x_wconf 84' lang='lat' dir='ltr'><strong>tui,</strong></span> <span class='ocrx_word' id='word_1_480' title='bbox 1627 1970 1674 2005; x_wconf 85' lang='lat' dir='ltr'><strong>qui</strong></span> <span class='ocrx_word' id='word_1_481' title='bbox 1685 1977 1719 1997; x_wconf 76' lang='lat' dir='ltr'><strong>ex</strong></span> <span class='ocrx_word' id='word_1_482' title='bbox 1734 1974 1813 1997; x_wconf 85' lang='lat' dir='ltr'><strong>utero</strong></span> 
     </span>
    </p>
   </div>
   <div class='ocr_carea' id='block_1_81' title="bbox 1023 2013 1813 2052">
    <p class='ocr_par' dir='ltr' id='par_1_81' title="bbox 1023 2013 1813 2052">
     <span class='ocr_line' id='line_1_81' title="bbox 1023 2013 1813 2052; baseline -0.004 -7"><span class='ocrx_word' id='word_1_483' title='bbox 1023 2021 1070 2045; x_wconf 87' lang='lat' dir='ltr'><strong>tuo</strong></span> <span class='ocrx_word' id='word_1_484' title='bbox 1086 2016 1222 2052; x_wconf 86' lang='lat' dir='ltr'><strong>processit</strong></span> <span class='ocrx_word' id='word_1_485' title='bbox 1248 2016 1373 2044; x_wconf 82' lang='lat' dir='ltr'><strong>illuniina</strong></span> <span class='ocrx_word' id='word_1_486' title='bbox 1390 2021 1417 2044; x_wconf 91' lang='lat' dir='ltr'><strong>et</strong></span> <span class='ocrx_word' id='word_1_487' title='bbox 1430 2015 1565 2047; x_wconf 74' lang='lat' dir='ltr'><strong>exhilara.</strong></span> <span class='ocrx_word' id='word_1_488' title='bbox 1582 2022 1599 2043; x_wconf 95' lang='lat' dir='ltr'><strong>o</strong></span> <span class='ocrx_word' id='word_1_489' title='bbox 1625 2013 1813 2042; x_wconf 86' lang='lat' dir='ltr'><strong>intemeratis-</strong></span> 
     </span>
    </p>
   </div>
   <div class='ocr_carea' id='block_1_82' title="bbox 1022 2060 1813 2097">
    <p class='ocr_par' dir='ltr' id='par_1_82' title="bbox 1022 2060 1813 2097">
     <span class='ocr_line' id='line_1_82' title="bbox 1022 2060 1813 2097; baseline -0.006 -6"><span class='ocrx_word' id='word_1_490' title='bbox 1022 2064 1102 2096; x_wconf 86' lang='lat' dir='ltr'><strong>sima,</strong></span> <span class='ocrx_word' id='word_1_491' title='bbox 1118 2070 1165 2090; x_wconf 89' lang='lat' dir='ltr'><strong>eos</strong></span> <span class='ocrx_word' id='word_1_492' title='bbox 1181 2064 1226 2097; x_wconf 86' lang='lat' dir='ltr'><strong>qui</strong></span> <span class='ocrx_word' id='word_1_493' title='bbox 1246 2067 1271 2089; x_wconf 91' lang='lat' dir='ltr'><strong>te</strong></span> <span class='ocrx_word' id='word_1_494' title='bbox 1287 2070 1349 2089; x_wconf 92' lang='lat' dir='ltr'><strong>eum</strong></span> <span class='ocrx_word' id='word_1_495' title='bbox 1369 2062 1420 2089; x_wconf 87' lang='lat' dir='ltr'><strong>ﬁde</strong></span> <span class='ocrx_word' id='word_1_496' title='bbox 1437 2062 1612 2092; x_wconf 82' lang='lat' dir='ltr'><strong>collaudant;</strong></span> <span class='ocrx_word' id='word_1_497' title='bbox 1633 2064 1660 2088; x_wconf 86' lang='lat' dir='ltr'><strong>et</strong></span> <span class='ocrx_word' id='word_1_498' title='bbox 1683 2060 1813 2087; x_wconf 85' lang='lat' dir='ltr'><strong>interces-</strong></span> 
     </span>
    </p>
   </div>
   <div class='ocr_carea' id='block_1_83' title="bbox 1023 2105 1812 2141">
    <p class='ocr_par' dir='ltr' id='par_1_83' title="bbox 1023 2105 1812 2141">
     <span class='ocr_line' id='line_1_83' title="bbox 1023 2105 1812 2141; baseline -0.005 -4"><span class='ocrx_word' id='word_1_499' title='bbox 1023 2110 1101 2138; x_wconf 82' lang='lat' dir='ltr'><strong>sione</strong></span> <span class='ocrx_word' id='word_1_500' title='bbox 1117 2114 1162 2136; x_wconf 86' lang='lat' dir='ltr'><strong>tua</strong></span> <span class='ocrx_word' id='word_1_501' title='bbox 1180 2117 1195 2136; x_wconf 90' lang='lat' dir='ltr'><strong>a</strong></span> <span class='ocrx_word' id='word_1_502' title='bbox 1207 2108 1327 2136; x_wconf 82' lang='lat' dir='ltr'><strong>tenebris</strong></span> <span class='ocrx_word' id='word_1_503' title='bbox 1343 2107 1548 2136; x_wconf 84' lang='lat' dir='ltr'><strong>obscurissimis</strong></span> <span class='ocrx_word' id='word_1_504' title='bbox 1561 2105 1673 2139; x_wconf 79' lang='lat' dir='ltr'><strong>Averni,</strong></span> <span class='ocrx_word' id='word_1_505' title='bbox 1688 2109 1716 2133; x_wconf 84' lang='lat' dir='ltr'><strong>et</strong></span> <span class='ocrx_word' id='word_1_506' title='bbox 1734 2113 1748 2133; x_wconf 91' lang='lat' dir='ltr'><strong>a</strong></span> <span class='ocrx_word' id='word_1_507' title='bbox 1763 2112 1812 2141; x_wconf 88' lang='lat' dir='ltr'><strong>pe-</strong></span> 
     </span>
    </p>
   </div>
   <div class='ocr_carea' id='block_1_84' title="bbox 1024 2153 1422 2189">
    <p class='ocr_par' dir='ltr' id='par_1_84' title="bbox 1024 2153 1422 2189">
     <span class='ocr_line' id='line_1_84' title="bbox 1024 2153 1422 2189; baseline -0.005 -7"><span class='ocrx_word' id='word_1_508' title='bbox 1024 2154 1101 2182; x_wconf 83' lang='lat' dir='ltr'><strong>renni</strong></span> <span class='ocrx_word' id='word_1_509' title='bbox 1123 2158 1257 2181; x_wconf 85' lang='lat' dir='ltr'><strong>tormento</strong></span> <span class='ocrx_word' id='word_1_510' title='bbox 1271 2153 1345 2189; x_wconf 90' lang='lat' dir='ltr'><strong>eripe</strong></span> <span class='ocrx_word' id='word_1_511' title='bbox 1362 2161 1422 2181; x_wconf 90' lang='lat' dir='ltr'><strong>nos.</strong></span> 
     </span>
    </p>
   </div>
   <div class='ocr_carea' id='block_1_85' title="bbox 1148 2207 1690 2243">
    <p class='ocr_par' dir='ltr' id='par_1_85' title="bbox 1148 2207 1690 2243">
     <span class='ocr_line' id='line_1_85' title="bbox 1148 2207 1690 2243; baseline -0.006 -7"><span class='ocrx_word' id='word_1_512' title='bbox 1148 2208 1190 2236; x_wconf 74' lang='lat' dir='ltr'><strong>Ex</strong></span> <span class='ocrx_word' id='word_1_513' title='bbox 1204 2209 1310 2236; x_wconf 74' lang='lat' dir='ltr'><strong>Conone</strong></span> <span class='ocrx_word' id='word_1_514' title='bbox 1326 2209 1400 2243; x_wconf 66' lang='lat' dir='ltr'><strong>feria</strong></span> <span class='ocrx_word' id='word_1_515' title='bbox 1416 2216 1442 2236; x_wconf 86' lang='lat' dir='ltr'><strong>tv</strong></span> <span class='ocrx_word' id='word_1_516' title='bbox 1463 2208 1499 2235; x_wconf 80' lang='lat' dir='ltr'><strong>ad</strong></span> <span class='ocrx_word' id='word_1_517' title='bbox 1515 2207 1690 2235; x_wconf 78' lang='lat' dir='ltr'><strong>Matutinum.</strong></span> 
     </span>
    </p>
   </div>
   <div class='ocr_carea' id='block_1_86' title="bbox 220 2261 970 2301">
    <p class='ocr_par' dir='ltr' id='par_1_86' title="bbox 220 2264 970 2301">
     <span class='ocr_line' id='line_1_86' title="bbox 220 2264 970 2301; baseline -0.001 -9"><span class='ocrx_word' id='word_1_518' title='bbox 220 2266 416 2301; x_wconf 83' lang='grc' dir='ltr'>Παρισταμένη</span> <span class='ocrx_word' id='word_1_519' title='bbox 434 2265 473 2300; x_wconf 84' lang='grc' dir='ltr'>τῷ</span> <span class='ocrx_word' id='word_1_520' title='bbox 496 2264 606 2300; x_wconf 83' lang='grc' dir='ltr'>σταυρῷ</span> <span class='ocrx_word' id='word_1_521' title='bbox 629 2273 688 2297; x_wconf 87' lang='grc' dir='ltr'>σου,</span> <span class='ocrx_word' id='word_1_522' title='bbox 704 2265 801 2299; x_wconf 76' lang='grc' dir='ltr'>Κύριε,</span> <span class='ocrx_word' id='word_1_523' title='bbox 827 2265 843 2301; x_wconf 76' lang='grc' dir='ltr'><strong>ἠ</strong></span> <span class='ocrx_word' id='word_1_524' title='bbox 861 2265 970 2300; x_wconf 76' lang='grc' dir='ltr'>ἀπειρό-</span> 
     </span>
    </p>
   </div>
   <div class='ocr_carea' id='block_1_87' title="bbox 1020 2261 1812 2301">
    <p class='ocr_par' dir='ltr' id='par_1_87' title="bbox 1059 2261 1812 2299">
     <span class='ocr_line' id='line_1_87' title="bbox 1059 2261 1812 2299; baseline -0.007 -7"><span class='ocrx_word' id='word_1_525' title='bbox 1059 2264 1200 2292; x_wconf 76' lang='lat' dir='ltr'><strong>Assislens</strong></span> <span class='ocrx_word' id='word_1_526' title='bbox 1220 2263 1304 2299; x_wconf 76' lang='lat' dir='ltr'><strong>Virgo</strong></span> <span class='ocrx_word' id='word_1_527' title='bbox 1329 2264 1442 2299; x_wconf 85' lang='lat' dir='ltr'><strong>innupta</strong></span> <span class='ocrx_word' id='word_1_528' title='bbox 1467 2262 1540 2290; x_wconf 84' lang='lat' dir='ltr'><strong>cruci</strong></span> <span class='ocrx_word' id='word_1_529' title='bbox 1570 2267 1633 2295; x_wconf 67' lang='lat' dir='ltr'><strong>tum,</strong></span> <span class='ocrx_word' id='word_1_530' title='bbox 1653 2261 1812 2289; x_wconf 85' lang='lat' dir='ltr'><strong>Dominator</strong></span> 
     </span>
    </p>
   </div>
   <div class='ocr_carea' id='block_1_88' title="bbox 185 2310 972 2347">
    <p class='ocr_par' dir='ltr' id='par_1_88' title="bbox 185 2310 972 2347">
     <span class='ocr_line' id='line_1_88' title="bbox 185 2310 972 2347; baseline -0.001 -9"><span class='ocrx_word' id='word_1_531' title='bbox 185 2320 286 2347; x_wconf 83' lang='grc' dir='ltr'>γαμος,</span> <span class='ocrx_word' id='word_1_532' title='bbox 300 2311 348 2338; x_wconf 76' lang='grc' dir='ltr'>καὶ</span> <span class='ocrx_word' id='word_1_533' title='bbox 361 2311 410 2342; x_wconf 83' lang='grc' dir='ltr'><strong>τὰς</strong></span> <span class='ocrx_word' id='word_1_534' title='bbox 423 2311 453 2338; x_wconf 78' lang='grc' dir='ltr'>ὲν</span> <span class='ocrx_word' id='word_1_535' title='bbox 469 2311 511 2338; x_wconf 79' lang='grc' dir='ltr'>σοὶ</span> <span class='ocrx_word' id='word_1_536' title='bbox 524 2311 641 2346; x_wconf 73' lang='grc' dir='ltr'>τρώσεις</span> <span class='ocrx_word' id='word_1_537' title='bbox 659 2310 815 2346; x_wconf 82' lang='grc' dir='ltr'>καθορῶσα.</span> <span class='ocrx_word' id='word_1_538' title='bbox 833 2311 955 2337; x_wconf 75' lang='grc' dir='ltr'>Δέσποτα</span> <span class='ocrx_word' id='word_1_539' title='bbox 964 2330 972 2343; x_wconf 85' lang='grc'><strong>,</strong></span> 
     </span>
    </p>
   </div>
   <div class='ocr_carea' id='block_1_89' title="bbox 185 2356 974 2392">
    <p class='ocr_par' dir='ltr' id='par_1_89' title="bbox 185 2356 974 2392">
     <span class='ocr_line' id='line_1_89' title="bbox 185 2356 974 2392; baseline -0.001 -8"><span class='ocrx_word' id='word_1_540' title='bbox 185 2357 393 2392; x_wconf 79' lang='grc' dir='ltr'>τιτρωσκομὲνη</span> <span class='ocrx_word' id='word_1_541' title='bbox 417 2356 510 2391; x_wconf 71' lang='grc' dir='ltr'>ἔλεγεν</span> <span class='ocrx_word' id='word_1_542' title='bbox 521 2364 529 2372; x_wconf 93' lang='grc'><strong>·</strong></span> <span class='ocrx_word' id='word_1_543' title='bbox 548 2357 639 2392; x_wconf 83' lang='grc' dir='ltr'>Οίμοι,</span> <span class='ocrx_word' id='word_1_544' title='bbox 657 2357 750 2384; x_wconf 82' lang='grc' dir='ltr'>τέκνον</span> <span class='ocrx_word' id='word_1_545' title='bbox 765 2358 771 2384; x_wconf 87' lang='lat' dir='ltr'><strong>l</strong></span> <span class='ocrx_word' id='word_1_546' title='bbox 788 2356 887 2389; x_wconf 74' lang='grc' dir='ltr'>ὠδῖνας</span> <span class='ocrx_word' id='word_1_547' title='bbox 905 2357 974 2384; x_wconf 83' lang='grc' dir='ltr'>ἁπο-</span> 
     </span>
    </p>
   </div>
   <div class='ocr_carea' id='block_1_90' title="bbox 186 2402 975 2439">
    <p class='ocr_par' dir='ltr' id='par_1_90' title="bbox 186 2402 975 2439">
     <span class='ocr_line' id='line_1_90' title="bbox 186 2402 975 2439; baseline -0.001 -9"><span class='ocrx_word' id='word_1_548' title='bbox 186 2403 310 2439; x_wconf 83' lang='grc' dir='ltr'>φυγοῦσα</span> <span class='ocrx_word' id='word_1_549' title='bbox 331 2403 370 2439; x_wconf 78' lang='grc' dir='ltr'>τῷ</span> <span class='ocrx_word' id='word_1_550' title='bbox 394 2403 466 2438; x_wconf 82' lang='grc' dir='ltr'>τόκῳ</span> <span class='ocrx_word' id='word_1_551' title='bbox 489 2411 549 2436; x_wconf 80' lang='grc' dir='ltr'>σου,</span> <span class='ocrx_word' id='word_1_552' title='bbox 574 2402 623 2430; x_wconf 80' lang='grc' dir='ltr'>νῦν</span> <span class='ocrx_word' id='word_1_553' title='bbox 646 2403 785 2439; x_wconf 71' lang='grc' dir='ltr'>ὀδυνηρῶς</span> <span class='ocrx_word' id='word_1_554' title='bbox 804 2403 975 2439; x_wconf 73' lang='grc' dir='ltr'><strong>’κιιιτατρὺχο⁴</strong></span> 
     </span>
    </p>
   </div>
   <div class='ocr_carea' id='block_1_91' title="bbox 187 2459 236 2486">
    <p class='ocr_par' dir='ltr' id='par_1_91' title="bbox 187 2459 236 2486">
     <span class='ocr_line' id='line_1_91' title="bbox 187 2459 236 2486; baseline 0 -9"><span class='ocrx_word' id='word_1_555' title='bbox 187 2459 236 2486; x_wconf 87' lang='grc' dir='ltr'><strong>μαι</strong></span> 
     </span>
    </p>
   </div>
   <div class='ocr_carea' id='block_1_92' title="bbox 227 2495 975 2531">
    <p class='ocr_par' dir='ltr' id='par_1_92' title="bbox 227 2495 975 2531">
     <span class='ocr_line' id='line_1_92' title="bbox 227 2495 975 2531; baseline -0.001 -8"><span class='ocrx_word' id='word_1_556' title='bbox 227 2495 257 2523; x_wconf 90' lang='lat' dir='ltr'><strong>&#39;Il</strong></span> <span class='ocrx_word' id='word_1_557' title='bbox 282 2495 453 2531; x_wconf 79' lang='grc' dir='ltr'>πολύμνητος</span> <span class='ocrx_word' id='word_1_558' title='bbox 473 2495 563 2531; x_wconf 76' lang='grc' dir='ltr'>ἀμνὰς</span> <span class='ocrx_word' id='word_1_559' title='bbox 583 2495 629 2522; x_wconf 84' lang='grc' dir='ltr'>τδν</span> <span class='ocrx_word' id='word_1_560' title='bbox 649 2496 719 2530; x_wconf 63' lang='grc' dir='ltr'>ἄρνα</span> <span class='ocrx_word' id='word_1_561' title='bbox 733 2496 889 2531; x_wconf 76' lang='grc' dir='ltr'>Θεασαμένη</span> <span class='ocrx_word' id='word_1_562' title='bbox 906 2495 975 2530; x_wconf 71' lang='grc' dir='ltr'>πρὸς</span> 
     </span>
    </p>
   </div>
   <div class='ocr_carea' id='block_1_93' title="bbox 185 2541 974 2578">
    <p class='ocr_par' dir='ltr' id='par_1_93' title="bbox 185 2541 974 2578">
     <span class='ocr_line' id='line_1_93' title="bbox 185 2541 974 2578; baseline -0.003 -9"><span class='ocrx_word' id='word_1_563' title='bbox 185 2542 309 2570; x_wconf 78' lang='grc' dir='ltr'>ἑκούσιον</span> <span class='ocrx_word' id='word_1_564' title='bbox 326 2543 472 2578; x_wconf 79' lang='grc' dir='ltr'>ἑλκόμενον</span> <span class='ocrx_word' id='word_1_565' title='bbox 487 2542 584 2573; x_wconf 82' lang='grc' dir='ltr'>πάθος,</span> <span class='ocrx_word' id='word_1_566' title='bbox 602 2541 651 2569; x_wconf 78' lang='grc' dir='ltr'>καὶ</span> <span class='ocrx_word' id='word_1_567' title='bbox 667 2541 867 2577; x_wconf 79' lang='grc' dir='ltr'>σταυρούμενον</span> <span class='ocrx_word' id='word_1_568' title='bbox 881 2543 974 2577; x_wconf 82' lang='grc' dir='ltr'>σαρκὶ,</span> 
     </span>
    </p>
   </div>
   <div class='ocr_carea' id='block_1_94' title="bbox 185 2587 976 2624">
    <p class='ocr_par' dir='ltr' id='par_1_94' title="bbox 185 2587 976 2624">
     <span class='ocr_line' id='line_1_94' title="bbox 185 2587 976 2624; baseline -0.004 -8"><span class='ocrx_word' id='word_1_569' title='bbox 185 2588 302 2624; x_wconf 78' lang='grc' dir='ltr'>ἠλάλαζε</span> <span class='ocrx_word' id='word_1_570' title='bbox 316 2589 480 2624; x_wconf 79' lang='grc' dir='ltr'>δακρύουσα,</span> <span class='ocrx_word' id='word_1_571' title='bbox 495 2590 543 2616; x_wconf 82' lang='grc' dir='ltr'>καὶ</span> <span class='ocrx_word' id='word_1_572' title='bbox 558 2589 607 2624; x_wconf 78' lang='grc' dir='ltr'>τὴν</span> <span class='ocrx_word' id='word_1_573' title='bbox 623 2588 814 2624; x_wconf 79' lang='grc' dir='ltr'>μακροθυμίαν</span> <span class='ocrx_word' id='word_1_574' title='bbox 830 2587 911 2624; x_wconf 83' lang='grc' dir='ltr'>ὕμνει</span> <span class='ocrx_word' id='word_1_575' title='bbox 925 2587 976 2623; x_wconf 78' lang='grc' dir='ltr'>τὴν</span> 
     </span>
    </p>
   </div>
   <div class='ocr_carea' id='block_1_95' title="bbox 185 2635 453 2669">
    <p class='ocr_par' dir='ltr' id='par_1_95' title="bbox 185 2635 453 2669">
     <span class='ocr_line' id='line_1_95' title="bbox 185 2635 453 2669; baseline -0.004 -6"><span class='ocrx_word' id='word_1_576' title='bbox 185 2635 280 2664; x_wconf 80' lang='grc' dir='ltr'>τούτου</span> <span class='ocrx_word' id='word_1_577' title='bbox 293 2635 453 2669; x_wconf 70' lang='grc' dir='ltr'>δοξάζουσι.</span> 
     </span>
    </p>
   </div>
   <div class='ocr_carea' id='block_1_96' title="bbox 222 2725 977 2762">
    <p class='ocr_par' dir='ltr' id='par_1_96' title="bbox 222 2725 977 2762">
     <span class='ocr_line' id='line_1_96' title="bbox 222 2725 977 2762; baseline 0.001 -9"><span class='ocrx_word' id='word_1_578' title='bbox 222 2726 275 2754; x_wconf 83' lang='grc' dir='ltr'><strong>Τὸν</strong></span> <span class='ocrx_word' id='word_1_579' title='bbox 288 2727 387 2762; x_wconf 76' lang='grc' dir='ltr'>ἑαυτῆς</span> <span class='ocrx_word' id='word_1_580' title='bbox 401 2727 502 2762; x_wconf 83' lang='grc' dir='ltr'>μόσχον</span> <span class='ocrx_word' id='word_1_581' title='bbox 513 2727 530 2762; x_wconf 77' lang='grc' dir='ltr'>ἡ</span> <span class='ocrx_word' id='word_1_582' title='bbox 545 2725 690 2761; x_wconf 82' lang='grc' dir='ltr'>ἄμεμπτος</span> <span class='ocrx_word' id='word_1_583' title='bbox 701 2725 817 2761; x_wconf 77' lang='grc' dir='ltr'>δάμαλις</span> <span class='ocrx_word' id='word_1_584' title='bbox 831 2726 977 2754; x_wconf 83' lang='grc' dir='ltr'>κατιδοῦσα</span> 
     </span>
    </p>
   </div>
   <div class='ocr_carea' id='block_1_97' title="bbox 189 2772 977 2809">
    <p class='ocr_par' dir='ltr' id='par_1_97' title="bbox 189 2772 977 2809">
     <span class='ocr_line' id='line_1_97' title="bbox 189 2772 977 2809; baseline 0.003 -11"><span class='ocrx_word' id='word_1_585' title='bbox 189 2772 260 2807; x_wconf 76' lang='grc' dir='ltr'><strong>ξύλῳ</strong></span> <span class='ocrx_word' id='word_1_586' title='bbox 268 2773 472 2809; x_wconf 73' lang='grc' dir='ltr'>ἀναρτώμενον,</span> <span class='ocrx_word' id='word_1_587' title='bbox 487 2773 600 2805; x_wconf 70' lang='grc' dir='ltr'>Τέκνον,</span> <span class='ocrx_word' id='word_1_588' title='bbox 615 2772 681 2799; x_wconf 71' lang='grc' dir='ltr'>ἰῦόα</span> <span class='ocrx_word' id='word_1_589' title='bbox 694 2772 855 2808; x_wconf 80' lang='grc' dir='ltr'>ἀλαλαγμῷ,</span> <span class='ocrx_word' id='word_1_590' title='bbox 872 2773 930 2805; x_wconf 80' lang='grc' dir='ltr'><strong>πῶς</strong></span> <span class='ocrx_word' id='word_1_591' title='bbox 947 2782 977 2800; x_wconf 91' lang='grc' dir='ltr'><strong>σε</strong></span> 
     </span>
    </p>
   </div>
   <div class='ocr_carea' id='block_1_98' title="bbox 187 2817 977 2854">
    <p class='ocr_par' dir='ltr' id='par_1_98' title="bbox 187 2817 977 2854">
     <span class='ocr_line' id='line_1_98' title="bbox 187 2817 977 2854; baseline 0.001 -9"><span class='ocrx_word' id='word_1_592' title='bbox 187 2818 359 2854; x_wconf 80' lang='grc' dir='ltr'>πανάμωμον</span> <span class='ocrx_word' id='word_1_593' title='bbox 382 2819 468 2853; x_wconf 83' lang='grc' dir='ltr'>δῆμος</span> <span class='ocrx_word' id='word_1_594' title='bbox 482 2818 538 2845; x_wconf 80' lang='grc' dir='ltr'><strong>οὐδ’</strong></span> <span class='ocrx_word' id='word_1_595' title='bbox 559 2818 629 2850; x_wconf 81' lang='grc' dir='ltr'>ὅλως</span> <span class='ocrx_word' id='word_1_596' title='bbox 651 2818 820 2854; x_wconf 77' lang='grc' dir='ltr'>ᾠκτείρησεν</span> <span class='ocrx_word' id='word_1_597' title='bbox 842 2817 923 2845; x_wconf 75' lang='grc' dir='ltr'>αὐτὸν</span> <span class='ocrx_word' id='word_1_598' title='bbox 936 2819 977 2846; x_wconf 86' lang='lat' dir='ltr'><strong>ol-</strong></span> 
     </span>
    </p>
   </div>
   <div class='ocr_carea' id='block_1_99' title="bbox 188 2864 977 2900">
    <p class='ocr_par' dir='ltr' id='par_1_99' title="bbox 188 2864 977 2900">
     <span class='ocr_line' id='line_1_99' title="bbox 188 2864 977 2900; baseline 0 -9"><span class='ocrx_word' id='word_1_599' title='bbox 188 2864 364 2900; x_wconf 82' lang='grc' dir='ltr'>κτειρηκότα,</span> <span class='ocrx_word' id='word_1_600' title='bbox 379 2865 449 2892; x_wconf 77' lang='grc' dir='ltr'>ἀλλὰ</span> <span class='ocrx_word' id='word_1_601' title='bbox 472 2864 568 2900; x_wconf 71' lang='grc' dir='ltr'>σκέψει</span> <span class='ocrx_word' id='word_1_602' title='bbox 591 2864 667 2900; x_wconf 67' lang='grc' dir='ltr'>δολία</span> <span class='ocrx_word' id='word_1_603' title='bbox 696 2864 848 2893; x_wconf 78' lang='grc' dir='ltr'>θανατῶσαι</span> <span class='ocrx_word' id='word_1_604' title='bbox 876 2864 977 2897; x_wconf 77' lang='grc' dir='ltr'>ἀδίκως</span> 
     </span>
    </p>
   </div>
   <div class='ocr_carea' id='block_1_100' title="bbox 188 2910 348 2947">
    <p class='ocr_par' dir='ltr' id='par_1_100' title="bbox 188 2910 348 2947">
     <span class='ocr_line' id='line_1_100' title="bbox 188 2910 348 2947; baseline 0.006 -10"><span class='ocrx_word' id='word_1_605' title='bbox 188 2910 330 2947; x_wconf 81' lang='grc' dir='ltr'>προείλετο</span> <span class='ocrx_word' id='word_1_606' title='bbox 340 2919 348 2945; x_wconf 85' lang='grc'><strong>;</strong></span> 
     </span>
    </p>
   </div>
   <div class='ocr_carea' id='block_1_101' title="bbox 1025 2307 1812 2345">
    <p class='ocr_par' dir='ltr' id='par_1_101' title="bbox 1025 2307 1812 2345">
     <span class='ocr_line' id='line_1_101' title="bbox 1025 2307 1812 2345; baseline -0.005 -7"><span class='ocrx_word' id='word_1_607' title='bbox 1025 2310 1150 2342; x_wconf 90' lang='lat' dir='ltr'><strong>Domine,</strong></span> <span class='ocrx_word' id='word_1_608' title='bbox 1167 2315 1248 2345; x_wconf 76' lang='lat' dir='ltr'><strong>atque</strong></span> <span class='ocrx_word' id='word_1_609' title='bbox 1277 2311 1386 2337; x_wconf 87' lang='lat' dir='ltr'><strong>intuens</strong></span> <span class='ocrx_word' id='word_1_610' title='bbox 1417 2310 1530 2337; x_wconf 87' lang='lat' dir='ltr'><strong>vulnera</strong></span> <span class='ocrx_word' id='word_1_611' title='bbox 1559 2314 1615 2340; x_wconf 89' lang='lat' dir='ltr'><strong>tua,</strong></span> <span class='ocrx_word' id='word_1_612' title='bbox 1646 2309 1704 2342; x_wconf 86' lang='lat' dir='ltr'><strong>ipsa</strong></span> <span class='ocrx_word' id='word_1_613' title='bbox 1728 2307 1812 2334; x_wconf 82' lang='lat' dir='ltr'><strong>etiam</strong></span> 
     </span>
    </p>
   </div>
   <div class='ocr_carea' id='block_1_102' title="bbox 1024 2354 1815 2388">
    <p class='ocr_par' dir='ltr' id='par_1_102' title="bbox 1024 2354 1815 2388">
     <span class='ocr_line' id='line_1_102' title="bbox 1024 2354 1815 2388; baseline -0.004 -4"><span class='ocrx_word' id='word_1_614' title='bbox 1024 2357 1231 2388; x_wconf 81' lang='lat' dir='ltr'><strong>vulnerabatur,</strong></span> <span class='ocrx_word' id='word_1_615' title='bbox 1256 2364 1289 2384; x_wconf 89' lang='lat' dir='ltr'><strong>ac</strong></span> <span class='ocrx_word' id='word_1_616' title='bbox 1313 2356 1442 2384; x_wconf 87' lang='lat' dir='ltr'><strong>dicebat:</strong></span> <span class='ocrx_word' id='word_1_617' title='bbox 1464 2355 1512 2383; x_wconf 91' lang='lat' dir='ltr'><strong>llei</strong></span> <span class='ocrx_word' id='word_1_618' title='bbox 1536 2355 1614 2386; x_wconf 88' lang='lat' dir='ltr'><strong>mihi,</strong></span> <span class='ocrx_word' id='word_1_619' title='bbox 1633 2355 1686 2382; x_wconf 74' lang='lat' dir='ltr'><strong>(ili!</strong></span> <span class='ocrx_word' id='word_1_620' title='bbox 1707 2354 1815 2382; x_wconf 85' lang='lat' dir='ltr'><strong>dolores</strong></span> 
     </span>
    </p>
   </div>
   <div class='ocr_carea' id='block_1_103' title="bbox 1025 2401 1817 2439">
    <p class='ocr_par' dir='ltr' id='par_1_103' title="bbox 1025 2401 1817 2439">
     <span class='ocr_line' id='line_1_103' title="bbox 1025 2401 1817 2439; baseline -0.003 -9"><span class='ocrx_word' id='word_1_621' title='bbox 1025 2407 1130 2439; x_wconf 84' lang='lat' dir='ltr'><strong>partus,</strong></span> <span class='ocrx_word' id='word_1_622' title='bbox 1144 2411 1206 2430; x_wconf 91' lang='lat' dir='ltr'><strong>cum</strong></span> <span class='ocrx_word' id='word_1_623' title='bbox 1225 2407 1252 2430; x_wconf 87' lang='lat' dir='ltr'><strong>tn</strong></span> <span class='ocrx_word' id='word_1_624' title='bbox 1279 2402 1442 2436; x_wconf 84' lang='lat' dir='ltr'><strong>nascereris,</strong></span> <span class='ocrx_word' id='word_1_625' title='bbox 1462 2402 1603 2437; x_wconf 77' lang='lat' dir='ltr'><strong>eil&#39;ugi;et</strong></span> <span class='ocrx_word' id='word_1_626' title='bbox 1625 2409 1698 2429; x_wconf 87' lang='lat' dir='ltr'><strong>nunc</strong></span> <span class='ocrx_word' id='word_1_627' title='bbox 1714 2401 1817 2429; x_wconf 80' lang='lat' dir='ltr'><strong>dolori-</strong></span> 
     </span>
    </p>
   </div>
   <div class='ocr_carea' id='block_1_104' title="bbox 1025 2449 1426 2485">
    <p class='ocr_par' dir='ltr' id='par_1_104' title="bbox 1025 2449 1426 2485">
     <span class='ocr_line' id='line_1_104' title="bbox 1025 2449 1426 2485; baseline -0.002 -8"><span class='ocrx_word' id='word_1_628' title='bbox 1025 2449 1078 2477; x_wconf 86' lang='lat' dir='ltr'><strong>bus</strong></span> <span class='ocrx_word' id='word_1_629' title='bbox 1096 2456 1204 2485; x_wconf 86' lang='lat' dir='ltr'><strong>premor</strong></span> <span class='ocrx_word' id='word_1_630' title='bbox 1217 2456 1248 2476; x_wconf 83' lang='lat' dir='ltr'><strong>ac</strong></span> <span class='ocrx_word' id='word_1_631' title='bbox 1263 2449 1426 2476; x_wconf 84' lang='lat' dir='ltr'><strong>discrucior.</strong></span> 
     </span>
    </p>
   </div>
   <div class='ocr_carea' id='block_1_105' title="bbox 1060 2493 1813 2530">
    <p class='ocr_par' dir='ltr' id='par_1_105' title="bbox 1060 2493 1813 2530">
     <span class='ocr_line' id='line_1_105' title="bbox 1060 2493 1813 2530; baseline -0.004 -8"><span class='ocrx_word' id='word_1_632' title='bbox 1060 2496 1136 2530; x_wconf 79' lang='lat' dir='ltr'><strong>Agna</strong></span> <span class='ocrx_word' id='word_1_633' title='bbox 1151 2495 1208 2528; x_wconf 88' lang='lat' dir='ltr'><strong>illa,</strong></span> <span class='ocrx_word' id='word_1_634' title='bbox 1220 2503 1284 2530; x_wconf 66' lang='lat' dir='ltr'><strong>qua:</strong></span> <span class='ocrx_word' id='word_1_635' title='bbox 1306 2495 1432 2529; x_wconf 88' lang='lat' dir='ltr'><strong>plurimis</strong></span> <span class='ocrx_word' id='word_1_636' title='bbox 1444 2494 1545 2529; x_wconf 88' lang='lat' dir='ltr'><strong>ubique</strong></span> <span class='ocrx_word' id='word_1_637' title='bbox 1556 2493 1682 2521; x_wconf 80' lang='lat' dir='ltr'><strong>laudibus</strong></span> <span class='ocrx_word' id='word_1_638' title='bbox 1693 2493 1813 2521; x_wconf 86' lang='lat' dir='ltr'><strong>celebra-</strong></span> 
     </span>
    </p>
   </div>
   <div class='ocr_carea' id='block_1_106' title="bbox 1027 2540 1812 2576">
    <p class='ocr_par' dir='ltr' id='par_1_106' title="bbox 1027 2540 1812 2576">
     <span class='ocr_line' id='line_1_106' title="bbox 1027 2540 1812 2576; baseline -0.005 -7"><span class='ocrx_word' id='word_1_639' title='bbox 1027 2546 1082 2574; x_wconf 85' lang='lat' dir='ltr'><strong>tur,</strong></span> <span class='ocrx_word' id='word_1_640' title='bbox 1095 2541 1176 2576; x_wconf 74' lang='lat'><strong>297</strong></span> <span class='ocrx_word' id='word_1_641' title='bbox 1190 2542 1285 2569; x_wconf 82' lang='lat' dir='ltr'><strong>videns</strong></span> <span class='ocrx_word' id='word_1_642' title='bbox 1298 2542 1404 2576; x_wconf 78' lang='lat' dir='ltr'><strong>Agnum</strong></span> <span class='ocrx_word' id='word_1_643' title='bbox 1419 2541 1451 2568; x_wconf 92' lang='lat' dir='ltr'><strong>ad</strong></span> <span class='ocrx_word' id='word_1_644' title='bbox 1465 2542 1644 2568; x_wconf 75' lang='lat' dir='ltr'><strong>voluntariam</strong></span> <span class='ocrx_word' id='word_1_645' title='bbox 1658 2540 1812 2575; x_wconf 84' lang='lat' dir='ltr'><strong>passionem</strong></span> 
     </span>
    </p>
   </div>
   <div class='ocr_carea' id='block_1_107' title="bbox 1028 2583 1814 2619">
    <p class='ocr_par' dir='ltr' id='par_1_107' title="bbox 1028 2583 1814 2619">
     <span class='ocr_line' id='line_1_107' title="bbox 1028 2583 1814 2619; baseline -0.006 -5"><span class='ocrx_word' id='word_1_646' title='bbox 1028 2591 1186 2619; x_wconf 70' lang='lat' dir='ltr'><strong>attractum,</strong></span> <span class='ocrx_word' id='word_1_647' title='bbox 1203 2594 1234 2614; x_wconf 77' lang='lat' dir='ltr'><strong>ac</strong></span> <span class='ocrx_word' id='word_1_648' title='bbox 1248 2586 1399 2614; x_wconf 85' lang='lat' dir='ltr'><strong>secundum</strong></span> <span class='ocrx_word' id='word_1_649' title='bbox 1413 2593 1523 2613; x_wconf 84' lang='lat' dir='ltr'><strong>carnem</strong></span> <span class='ocrx_word' id='word_1_650' title='bbox 1539 2585 1710 2616; x_wconf 82' lang='lat' dir='ltr'><strong>cruciﬁxum,</strong></span> <span class='ocrx_word' id='word_1_651' title='bbox 1727 2583 1814 2618; x_wconf 78' lang='lat' dir='ltr'><strong>ejula—</strong></span> 
     </span>
    </p>
   </div>
   <div class='ocr_carea' id='block_1_108' title="bbox 1028 2630 1813 2669">
    <p class='ocr_par' dir='ltr' id='par_1_108' title="bbox 1028 2630 1813 2669">
     <span class='ocr_line' id='line_1_108' title="bbox 1028 2630 1813 2669; baseline -0.006 -8"><span class='ocrx_word' id='word_1_652' title='bbox 1028 2634 1075 2662; x_wconf 82' lang='lat' dir='ltr'><strong>bat</strong></span> <span class='ocrx_word' id='word_1_653' title='bbox 1088 2641 1150 2662; x_wconf 87' lang='lat' dir='ltr'><strong>cum</strong></span> <span class='ocrx_word' id='word_1_654' title='bbox 1162 2634 1299 2669; x_wconf 84' lang='lat' dir='ltr'><strong>lacrymis,</strong></span> <span class='ocrx_word' id='word_1_655' title='bbox 1313 2637 1341 2660; x_wconf 93' lang='lat' dir='ltr'><strong>et</strong></span> <span class='ocrx_word' id='word_1_656' title='bbox 1353 2633 1425 2660; x_wconf 81' lang='lat' dir='ltr'><strong>illius</strong></span> <span class='ocrx_word' id='word_1_657' title='bbox 1436 2632 1669 2668; x_wconf 73' lang='lat' dir='ltr'><strong>longanimitatem</strong></span> <span class='ocrx_word' id='word_1_658' title='bbox 1682 2638 1744 2658; x_wconf 90' lang='lat' dir='ltr'><strong>cum</strong></span> <span class='ocrx_word' id='word_1_659' title='bbox 1757 2630 1813 2657; x_wconf 83' lang='lat' dir='ltr'><strong>latt-</strong></span> 
     </span>
    </p>
   </div>
   <div class='ocr_carea' id='block_1_109' title="bbox 1028 2679 1305 2715">
    <p class='ocr_par' dir='ltr' id='par_1_109' title="bbox 1028 2679 1305 2715">
     <span class='ocr_line' id='line_1_109' title="bbox 1028 2679 1305 2715; baseline -0.004 -8"><span class='ocrx_word' id='word_1_660' title='bbox 1028 2680 1108 2708; x_wconf 82' lang='lat' dir='ltr'><strong>dib-is</strong></span> <span class='ocrx_word' id='word_1_661' title='bbox 1127 2679 1305 2715; x_wconf 74' lang='lat' dir='ltr'><strong>gloriﬁcabat.</strong></span> 
     </span>
    </p>
   </div>
   <div class='ocr_carea' id='block_1_110' title="bbox 1062 2722 1814 2754">
    <p class='ocr_par' dir='ltr' id='par_1_110' title="bbox 1062 2722 1814 2754">
     <span class='ocr_line' id='line_1_110' title="bbox 1062 2722 1814 2754; baseline -0.005 0"><span class='ocrx_word' id='word_1_662' title='bbox 1062 2726 1182 2754; x_wconf 85' lang='lat' dir='ltr'><strong>Jnvenca</strong></span> <span class='ocrx_word' id='word_1_663' title='bbox 1207 2726 1382 2754; x_wconf 88' lang='lat' dir='ltr'><strong>immaculata</strong></span> <span class='ocrx_word' id='word_1_664' title='bbox 1409 2726 1503 2753; x_wconf 85' lang='lat' dir='ltr'><strong>videns</strong></span> <span class='ocrx_word' id='word_1_665' title='bbox 1527 2724 1642 2752; x_wconf 87' lang='lat' dir='ltr'><strong>vitulum</strong></span> <span class='ocrx_word' id='word_1_666' title='bbox 1674 2729 1754 2751; x_wconf 89' lang='lat' dir='ltr'><strong>suum</strong></span> <span class='ocrx_word' id='word_1_667' title='bbox 1786 2722 1814 2750; x_wconf 90' lang='lat' dir='ltr'><strong>in</strong></span> 
     </span>
    </p>
   </div>
   <div class='ocr_carea' id='block_1_111' title="bbox 1028 2768 1812 2807">
    <p class='ocr_par' dir='ltr' id='par_1_111' title="bbox 1028 2768 1812 2807">
     <span class='ocr_line' id='line_1_111' title="bbox 1028 2768 1812 2807; baseline -0.008 -7"><span class='ocrx_word' id='word_1_668' title='bbox 1028 2781 1110 2801; x_wconf 88' lang='lat' dir='ltr'><strong>cruce</strong></span> <span class='ocrx_word' id='word_1_669' title='bbox 1124 2780 1303 2807; x_wconf 83' lang='lat' dir='ltr'><strong>suspensum,</strong></span> <span class='ocrx_word' id='word_1_670' title='bbox 1319 2779 1380 2800; x_wconf 90' lang='lat' dir='ltr'><strong>cum</strong></span> <span class='ocrx_word' id='word_1_671' title='bbox 1405 2771 1505 2807; x_wconf 74' lang='lat' dir='ltr'><strong>gemitu</strong></span> <span class='ocrx_word' id='word_1_672' title='bbox 1521 2770 1656 2797; x_wconf 81' lang='lat' dir='ltr'><strong>clamabat</strong></span> <span class='ocrx_word' id='word_1_673' title='bbox 1672 2776 1680 2795; x_wconf 89' lang='lat'><strong>:</strong></span> <span class='ocrx_word' id='word_1_674' title='bbox 1701 2768 1723 2796; x_wconf 90' lang='lat'><strong>0</strong></span> <span class='ocrx_word' id='word_1_675' title='bbox 1742 2768 1812 2802; x_wconf 83' lang='lat' dir='ltr'><strong>Fili;</strong></span> 
     </span>
    </p>
   </div>
   <div class='ocr_carea' id='block_1_112' title="bbox 1028 2816 1814 2856">
    <p class='ocr_par' dir='ltr' id='par_1_112' title="bbox 1028 2816 1814 2856">
     <span class='ocr_line' id='line_1_112' title="bbox 1028 2816 1814 2856; baseline -0.006 -9"><span class='ocrx_word' id='word_1_676' title='bbox 1028 2820 1166 2856; x_wconf 84' lang='lat' dir='ltr'><strong>quomodo</strong></span> <span class='ocrx_word' id='word_1_677' title='bbox 1183 2819 1300 2856; x_wconf 87' lang='lat' dir='ltr'><strong>populus</strong></span> <span class='ocrx_word' id='word_1_678' title='bbox 1315 2819 1508 2855; x_wconf 70' lang='lat' dir='ltr'><strong>praevaricator</strong></span> <span class='ocrx_word' id='word_1_679' title='bbox 1523 2817 1625 2844; x_wconf 86' lang='lat' dir='ltr'><strong>nullam</strong></span> <span class='ocrx_word' id='word_1_680' title='bbox 1643 2816 1681 2844; x_wconf 92' lang='lat' dir='ltr'><strong>tui</strong></span> <span class='ocrx_word' id='word_1_681' title='bbox 1697 2816 1814 2843; x_wconf 85' lang='lat' dir='ltr'><strong>misera-</strong></span> 
     </span>
    </p>
   </div>
   <div class='ocr_carea' id='block_1_113' title="bbox 1028 2862 1814 2902">
    <p class='ocr_par' dir='ltr' id='par_1_113' title="bbox 1028 2862 1814 2902">
     <span class='ocr_line' id='line_1_113' title="bbox 1028 2862 1814 2902; baseline -0.006 -8"><span class='ocrx_word' id='word_1_682' title='bbox 1028 2867 1131 2894; x_wconf 88' lang='lat' dir='ltr'><strong>tionem</strong></span> <span class='ocrx_word' id='word_1_683' title='bbox 1147 2867 1252 2900; x_wconf 86' lang='lat' dir='ltr'><strong>habuit,</strong></span> <span class='ocrx_word' id='word_1_684' title='bbox 1265 2866 1312 2902; x_wconf 92' lang='lat' dir='ltr'><strong>qui</strong></span> <span class='ocrx_word' id='word_1_685' title='bbox 1330 2866 1404 2893; x_wconf 85' lang='lat' dir='ltr'><strong>illius</strong></span> <span class='ocrx_word' id='word_1_686' title='bbox 1417 2865 1546 2892; x_wconf 86' lang='lat' dir='ltr'><strong>misertus</strong></span> <span class='ocrx_word' id='word_1_687' title='bbox 1562 2864 1612 2891; x_wconf 83' lang='lat' dir='ltr'><strong>es?</strong></span> <span class='ocrx_word' id='word_1_688' title='bbox 1631 2863 1678 2891; x_wconf 89' lang='lat' dir='ltr'><strong>sed</strong></span> <span class='ocrx_word' id='word_1_689' title='bbox 1698 2862 1814 2890; x_wconf 79' lang='lat' dir='ltr'><strong>fraudu-</strong></span> 
     </span>
    </p>
   </div>
   <div class='ocr_carea' id='block_1_114' title="bbox 1029 2910 1704 2948">
    <p class='ocr_par' dir='ltr' id='par_1_114' title="bbox 1029 2910 1704 2948">
     <span class='ocr_line' id='line_1_114' title="bbox 1029 2910 1704 2948; baseline -0.004 -8"><span class='ocrx_word' id='word_1_690' title='bbox 1029 2913 1102 2941; x_wconf 79' lang='lat' dir='ltr'><strong>lento</strong></span> <span class='ocrx_word' id='word_1_691' title='bbox 1116 2913 1231 2942; x_wconf 89' lang='lat' dir='ltr'><strong>consilio</strong></span> <span class='ocrx_word' id='word_1_692' title='bbox 1248 2917 1273 2942; x_wconf 84' lang='lat' dir='ltr'><strong>te</strong></span> <span class='ocrx_word' id='word_1_693' title='bbox 1283 2912 1384 2948; x_wconf 86' lang='lat' dir='ltr'><strong>injuste</strong></span> <span class='ocrx_word' id='word_1_694' title='bbox 1403 2910 1556 2939; x_wconf 83' lang='lat' dir='ltr'><strong>interﬁcere</strong></span> <span class='ocrx_word' id='word_1_695' title='bbox 1570 2910 1704 2939; x_wconf 81' lang='lat' dir='ltr'><strong>decrevit.</strong></span> 
     </span>
    </p>
   </div>
  </div>
