2075 3154
253 184 321 216 1347

820 178 850 207 8.
870 177 1028 208 JOSEPIH
1050 174 1329 205 HYMNOGRAPHI

1815 172 1885 205 1348

287 239 390 265 Novum
408 235 595 271 spectaculum
609 234 716 261 intueor
730 231 925 267 (cxclamabas,
935 239 951 258 ο
966 230 1040 258 οιιιιιί

1132 229 1212 255 Ξένον
1229 228 1319 263 Θέσμα
1338 227 1440 262 βλέπω,
1456 226 1583 263 ἔκραζες,
1597 227 1771 262 πανύμνητε,
1791 227 1849 259 πῶς
1872 228 1886 253 ὁ

249 283 329 311 laude
348 281 519 317 dignissima)
535 289 541 306 :
561 279 703 312 Quomodo
732 283 772 310 tu,
790 279 835 311 qui
849 281 961 312 aspectu
977 277 1041 304 uni-

251 336 357 356 versam
385 326 510 354 concutis
533 330 645 356 terram,
668 323 695 350 in
721 330 804 350 cruce
827 323 964 349 exaltatus
991 321 1042 348 ob-

249 375 462 404 dormistizcum
490 377 580 399 tamen
604 378 652 398 eos
678 371 724 405 qui
752 369 922 396 dormierunt
948 376 964 395 a
994 375 1043 395 sa:-

249 422 311 448 culo
338 421 525 448 suscitaturus
547 417 606 445 sis?
629 417 731 449 Adoro,
751 423 767 443 ο
798 414 860 448 Fili,
884 415 1041 450 patientiam

251 471 337 494 lllalll.

284 511 322 538 Te
333 511 478 537 Dominum
491 509 563 541 vine,
581 514 608 537 et
620 508 775 544 speciosum
792 508 881 535 forma
897 515 981 542 super
1011 507 1044 534 li-

251 558 302 584 Iios
320 557 463 584 hominum
478 556 543 583 olim
572 554 663 590 peperi
686 554 868 588 (exclamabat
889 553 994 588 Virgo),
1017 557 1044 580 ct

250 602 388 637 quomodo
408 600 523 627 moreris
542 607 625 631 nttnc,
643 607 660 626 ο
672 599 719 632 (ili,
738 606 792 626 non
803 599 910 626 habens
923 599 1042 633 speciem

250 654 340 682 neque
357 647 485 673 decorem
497 645 523 672 in
538 652 620 672 cruce
633 651 796 679 suspensus,
812 644 859 679 qui
872 648 940 671 nutu
952 643 1045 670 omnia

251 694 457 730 pulchritudine
470 700 599 720 exornas.

284 740 307 767 0
326 739 456 772 Verbum,
474 739 515 766 sol
532 739 657 766 nesciens
675 745 803 765 occasum
820 737 920 772 (aiebat
936 737 1043 773 Virgo),

251 783 391 820 quomodo
409 791 481 810 nunc
499 783 525 809 in
547 783 622 818 ligno
644 787 788 810 extensum
809 782 949 814 occidisti;
965 786 992 809 et
1005 782 1045 809 sol

251 831 358 861 videns,
373 830 478 857 destitit
491 837 505 855 a
519 837 601 856 cursu
617 836 679 861 suo,
693 836 748 856 non
763 828 854 856 ferens
879 836 937 856 sese
960 836 1045 863 appa-

253 885 311 905 rere
327 884 360 903 ac
382 875 473 903 lucere
493 874 557 901 dum
582 879 610 900 tu
639 874 752 909 pateris,
767 881 783 901 ο
808 873 942 907 Domine;
962 872 1044 900 laudo

252 927 279 950 et
292 923 378 950 adoro
398 921 518 948 divinam
534 921 684 955 potentiam
705 925 791 948 tuam.

288 967 355 994 Cum
371 967 467 994 dolore
482 965 637 1000 suspirans,
649 973 711 992 cum
730 970 853 992 materno
872 964 971 993 allecto
984 965 1044 1000 eju-

251 1015 323 1046 lans,
335 1019 360 1041 ct
374 1012 587 1041 coarctationem
612 1016 696 1046 atque
714 1011 868 1047 angustiam
891 1011 981 1039 cordis
999 1018 1043 1038 re-

252 1059 372 1096 primere
388 1067 443 1086 non
460 1059 566 1092 valens,
583 1058 671 1086 oculis
683 1058 710 1085 in
722 1065 804 1086 cruce
821 1058 919 1085 deﬁxis
934 1058 967 1085 ad
981 1065 1043 1084 eutn

253 1105 299 1140 qui
315 1113 348 1133 ex
366 1109 444 1132 utero
473 1108 520 1131 tuo
535 1108 616 1131 natus
638 1108 708 1136 erat,
723 1103 915 1132 exclamabas:
930 1103 953 1131 Ο
980 1102 1042 1135 Fili,

253 1151 392 1186 quodnam
409 1149 596 1185 spectaculum
617 1153 660 1177 est
691 1149 763 1177 hoc?
780 1149 920 1184 quomodo
942 1149 1044 1184 pateris

253 1200 294 1228 tu,
319 1196 366 1231 qui
394 1200 491 1222 natura
517 1202 546 1222 es
570 1194 771 1230 impassibilis,
792 1200 874 1230 atque
901 1194 1044 1222 hominum

252 1249 339 1278 genus
349 1241 462 1269 omnino
480 1241 520 1269 vis
533 1249 547 1268 a
560 1242 737 1277 corruptione
749 1242 887 1271 liberare?

290 1288 359 1316 Cum
379 1289 495 1324 fugerim
513 1288 622 1316 dolores
637 1294 756 1316 matrum
770 1297 803 1316 eo
815 1293 936 1325 tempore
950 1298 1005 1325 quo
1020 1294 1047 1317 te

255 1334 358 1369 peperi,
369 1341 386 1361 o
407 1334 552 1361 mitissime
567 1333 636 1367 Fili;
653 1341 728 1362 nunc
754 1334 831 1369 dum_
846 1339 873 1362 te
887 1335 1043 1362 voluntarie

254 1380 409 1415 passionem
422 1380 561 1415 amplecti,
573 1385 600 1408 et
612 1380 721 1408 dolores
736 1381 829 1408 subire
841 1381 930 1413 video,
941 1381 1046 1408 viscera

257 1434 317 1453 mea
343 1426 560 1458 discruciantur,
572 1431 599 1453 et
614 1426 706 1453 anima
727 1434 787 1454 mea
806 1426 926 1461 repletur
943 1427 1047 1455 dolori-

255 1472 317 1500 bus.
335 1472 374 1500 lta
392 1472 566 1499 exclamabat
582 1473 735 1500 castissima
752 1472 809 1505 illa,
825 1480 908 1508 quam
923 1481 973 1500 nos
999 1479 1048 1507 pro

256 1518 353 1546 merito
370 1518 585 1553 tnagnitieamus.

343 1582 426 1616 298
442 1581 482 1608 Ex
497 1581 602 1610 Canone
613 1581 688 1616 ferite
700 1589 727 1614 v,
741 1581 776 1608 ad
788 1581 962 1609 Matutiuum.

292 1644 393 1672 Praeter
405 1649 510 1672 naturae
521 1645 605 1680 leges,
618 1644 759 1679 peperisti,
769 1652 785 1671 ο
797 1645 1047 1678 intemeratissima,

256 1692 438 1726 lcgislatorem
467 1699 499 1718 ac
523 1691 622 1722 Deum,
644 1691 782 1718 hominem
807 1690 909 1718 factum
929 1701 935 1718 :
957 1699 1048 1726 quem,

257 1742 351 1771 utpote
367 1737 526 1771 benignum,
543 1736 698 1771 deprecare,
717 1741 746 1763 ut
772 1737 896 1772 ignoscat
916 1738 995 1765 nobis
1018 1746 1049 1765 ea

257 1790 318 1817 quae
331 1786 426 1809 contra
441 1782 526 1816 legem
539 1781 716 1816 deliquimus,
733 1781 799 1808 dum
813 1782 922 1810 assidue
947 1783 1050 1810 clama-

258 1835 320 1855 mus
336 1837 342 1854 :
359 1827 508 1855 Cantemus
524 1827 652 1860 Domino,
669 1827 789 1863 gloriose
804 1828 876 1855 enim
892 1829 1050 1864 magniﬁca-

259 1878 303 1902 tus
313 1878 364 1902 est.

267 1954 270 1957 Α
296 1921 457 1956 Deprecare,
469 1928 485 1949 ο
497 1920 591 1956 Virgo,
605 1921 681 1948 illum
698 1921 746 1957 qui
762 1921 851 1949 bonus
866 1925 918 1954 est,
933 1927 962 1949 ut
986 1930 1050 1958 pec-

258 1970 383 1993 catorum
417 1966 644 2000 absolutionem,
671 1970 698 1993 et
734 1973 750 1993 ιι
782 1967 952 2002 gravissimis
988 1968 1051 1995 vitae

259 2013 342 2047 hujus
385 2012 600 2040 adversitatibus
637 2013 847 2048 liberationem,
885 2014 953 2042 mihi
998 2014 1052 2042 lar-

258 2058 359 2093 giatur.

295 2104 334 2132 Da
362 2104 428 2131 mihi
457 2104 539 2138 vires,
556 2112 572 2132 ο
588 2105 729 2139 inviolata,
748 2109 779 2133 ut
790 2105 916 2133 caelestes
945 2106 1050 2141 cogita-

260 2151 348 2177 tiones
361 2150 388 2177 in
405 2151 497 2178 auitna
517 2158 576 2178 mea
591 2151 716 2179 excolere
737 2152 852 2187 possim,
863 2156 890 2179 et
905 2152 978 2180 illitis
992 2161 1051 2181 mo-

260 2200 303 2222 tus
315 2195 348 2222 ad
365 2195 424 2223 vitae
444 2196 584 2231 ingressus
595 2197 692 2232 dirige.

1092 274 1132 309 τῴ
1157 274 1296 309 βλέμματι
1318 274 1410 299 πᾶσαν
1431 273 1483 306 γῆν
1500 273 1633 306 σαλεύων,
1649 272 1696 298 ἐπὶ
1708 271 1787 305 ξύλου
1802 272 1886 306 ὑψοῦ-

1095 329 1174 355 μενος
1200 319 1340 350 ὖτινωσας,
1371 319 1435 349 τοὺς
1465 318 1617 349 ὑπνοῦντας
1646 317 1752 352 μέλλων
1781 318 1813 344 ὲκ
1837 318 1885 344 τοῦ

1093 366 1191 397 αἰῶνος
1213 365 1386 399 ἀνυπνίζειν;
1412 365 1558 401 προσκυνῶ
1579 373 1638 398 σου,
1653 364 1712 397 Υἱὲ,
1735 364 1766 390 τδ
1781 363 1886 399 μακρό-

1094 411 1125 439 θυ
1130 421 1189 447 μον.

1131 504 1234 540 Κύριόν
1250 512 1280 530 σε
1294 503 1344 538 τῆς
1357 503 1430 538 ζωῆς
1446 502 1493 530 καὶ
1508 503 1608 538 ὡραῖον
1629 502 1774 537 ἀπεκύησα
1791 501 1884 529 κάλλει

1096 550 1167 586 ὑπὲρ
1183 551 1259 581 υἱοὺς
1274 549 1439 585 ἀνθρώπων,
1457 549 1474 584 ἡ
1499 549 1639 584 Παρθένος
1653 549 1822 584 ἑκραύγαζε,
1837 549 1885 575 καὶ

1095 595 1155 627 πῶς
1180 595 1310 630 θνήσκεις
1335 593 1394 626 νῦν,
1417 594 1477 626 Υἱὲ,
1501 594 1599 625 κάλλος
1627 595 1679 621 οὐκ
1708 594 1777 630 ἔχων
1792 595 1822 621 ὲν
1845 595 1884 629 τῷ

1099 641 1318 678 σταυροῦσθαι,’ὀ
1329 640 1509 673 καλλωπίζων
1527 641 1616 669 πάντα
1629 641 1759 677 νεύματι;

1137 734 1167 761 '0
1177 733 1274 765 ἄδυτος
1283 733 1370 768 ἥλιος,
1383 733 1442 764 πῶς
1453 732 1514 765 tau;
1525 732 1697 768 ξύλῳ,Λόγε,
1712 733 1886 769 τεινόμενος;

1096 780 1113 814 ή
1125 779 1264 815 Παρθένος
1275 779 1340 805 ὲὸόα
1349 786 1356 793 ’
1372 779 1420 805 καὶ
1433 778 1541 814 βλέπων
1553 778 1618 814 ἔστη
1627 778 1675 805 τοῦ
1686 778 1786 813 δρόμου
1799 778 1887 812 ἥλιος,

1097 825 1202 860 φαίνειν
1215 825 1253 861 μὴ
1268 825 1381 858 σθένων,
1397 824 1444 851 σοῦ
1456 825 1618 860 πάσχοντος,
1631 825 1773 858 Δέσποτα;
1788 824 1888 860 Ὕμνο-

1096 871 1180 906 λογῶ,
1200 872 1347 907 προσκυνῶ
1359 873 1390 899 τὸ
1407 873 1480 899 θεῖον
1492 871 1593 906 κράτος
1610 879 1669 898 σου.

1138 965 1294 1001 Ὀδυνηρῶς
1325 964 1504 997 στενάζουσα,
1533 963 1677 1000 μητρικῶς
1700 962 1886 995 ἀλαλάζουσα,

1096 1012 1146 1039 καὶ
1162 1012 1210 1047 τὴν
1234 1013 1265 1039 ἐκ
1291 1013 1346 1040 τῶν
1376 1012 1538 1047 σπλάγχνων
1565 1011 1680 1046 συνοχὴν
1692 1010 1729 1046 μὴ
1756 1010 1889 1046 φέρουσα,

1097 1057 1207 1093 σταυρῷ
1223 1053 1377 1093 ὲνητένιζες
1390 1058 1429 1094 τῷ
1446 1058 1478 1084 ὲκ
1497 1058 1546 1093 τῆς
1556 1057 1605 1092 σῆς
1620 1056 1742 1092 τεχθέντι
1758 1056 1888 1090 γαστρὸς,

1096 1104 1210 1136 Τέκνον,
1227 1104 1364 1137 ὲκσοῶσα,
1380 1104 1407 1130 τί
1421 1104 1452 1131 τὸ
1474 1104 1566 1139 ὅραμα
1578 1102 1657 1129 τοῦτο
1669 1111 1677 1136 ;
1689 1102 1747 1134 πῶς
1758 1102 1885 1137 πάσχεις,

1096 1150 1110 1176 ὁ
1132 1152 1165 1184 τῇ
1192 1150 1272 1184 φύσει
1304 1149 1424 1185 ἀπαθὴς,
1443 1150 1498 1176 πᾶν
1512 1152 1556 1184 ,τε
1585 1148 1671 1176 θέλων
1695 1148 1814 1183 τὸγένος
1833 1148 1888 1175 τῶν

1098 1195 1252 1230 ἀνθρώπων
1271 1195 1374 1231 φθορᾶς
1391 1195 1595 1231 ὲλευΘερῶσαι;

1129 1286 1257 1322 Φυγοῦσα
1273 1287 1323 1319 τὰς
1337 1288 1435 1320 ὠδῖνας
1450 1288 1499 1321 τὰς
1514 1288 1653 1324 μητρικὰς
1673 1287 1712 1323 τῷ
1728 1288 1816 1324 καιρῷ
1838 1288 1888 1324 τῆς

1099 1333 1220 1368 λοχείας,
1238 1333 1411 1369 μακρόθυμε,
1428 1335 1457 1362 ἐν
1480 1334 1519 1369 τῷ
1534 1335 1563 1362 δὲ
1588 1335 1637 1362 νῦν
1659 1335 1741 1362 πάθει
1755 1336 1888 1368 ἑκουσίως

1099 1378 1289 1414 προσομιλεῖν,
1314 1379 1362 1405 καὶ
1381 1379 1463 1414 ἄλγος
1479 1379 1828 1417 καθυφίστασθαι,ἥλγησα
1850 1381 1887 1408 τὰ

1099 1424 1254 1459 σπλάγχνα,
1268 1424 1316 1451 καὶ
1327 1425 1377 1460 τὴν
1390 1425 1480 1461 ψυχὴν
1492 1425 1588 1462 ὀδύνης
1601 1427 1776 1464 ἐπληρώθην,
1792 1431 1809 1462 ἡ
1820 1428 1890 1456 πάν-

1099 1479 1180 1505 αγνος
1196 1471 1268 1505 ὲὸὁα,
1283 1471 1316 1507 ἠν
1333 1471 1454 1505 ἐπαξίως
1473 1473 1673 1509 μεγαλύνομεν.

1065 1579 1089 1609 C
1104 1579 1170 1615 ιἝκ
1182 1580 1236 1607 τοῦ
1249 1580 1385 1613 Κανόνος
1396 1579 1451 1615 τῆς
1460 1579 1607 1615 πέμπτης,
1622 1581 1666 1614 είς
1677 1580 1730 1608 τὸν
1745 1581 1892 1615 '0p0por.‘

1132 1643 1266 1679 Νομίμων
1281 1643 1344 1678 δίχα
1359 1643 1408 1679 τῆς
1425 1643 1534 1679 φύσεως
1548 1644 1663 1675 τέτοκας
1678 1644 1724 1671 τὸν
1742 1645 1891 1680 νομοδότην

1101 1691 1149 1716 καὶ
1176 1689 1243 1716 Θεὸν
1265 1689 1410 1724 ἄνθρωπον
1433 1690 1579 1724 γενόμενον
1593 1698 1599 1705 ·
1621 1689 1703 1716 αὑτὸν
1724 1689 1762 1721 ὡς
1788 1690 1892 1724 ἀγαθὸν

1101 1736 1222 1768 ἱκέτευε,
1236 1735 1404 1770 πανάμωμε,
1419 1734 1498 1770 ἡμῶν
1509 1735 1558 1766 τὰς
1570 1734 1686 1770 ἀνομίας
1701 1734 1824 1771 παριδεῖν
1837 1735 1892 1762 τῶν

1102 1781 1226 1817 βοώντων
1245 1781 1360 1808 πάντοτε
1373 1788 1380 1796 ·
1397 1781 1443 1817 Τῷ
1459 1781 1555 1818 Κυρίῳ
1567 1781 1678 1818 ᾄσωμεν
1688 1790 1694 1797 ·
1711 1781 1823 1815 ἐνδόξως
1836 1781 1892 1817 γὰρ

1101 1827 1270 1861 δεδόξασται.

1137 1922 1221 1948 Λύσιν
1238 1921 1393 1957 δωρηοῆναί
1416 1931 1478 1958 μοι,
1504 1921 1633 1958 ἄχραντε,
1650 1921 1794 1957 ἁμαρτιῶν
1810 1920 1892 1954 αἴτη-

1102 1977 1147 1995 σαι
1173 1968 1219 1995 τδν
1245 1968 1361 2002 ἀγαθὸν,
1379 1969 1427 1995 κα)¹
1447 1968 1504 1995 τῶν
1520 1969 1549 1994 ὲν
1565 1967 1604 2003 τῷ
1627 1967 1678 2003 βίῳ
1692 1966 1833 2002 χαλεπῶν,
1842 1975 1893 1994 πε-

1103 2015 1264 2050 ριστάσεων.

1135 2109 1274 2144 Γεωργεῖν
1295 2117 1329 2144 με
1344 2108 1481 2144 νοήματα,
1498 2108 1628 2143 ἄχραντε,
1649 2107 1765 2143 οὐράνια
1779 2107 1890 2134 ὲνδυνά-

1103 2161 1206 2188 μωσον,
1224 2155 1272 2180 καὶ
1298 2154 1348 2187 τῆς
1362 2153 1451 2188 ψυχῆς
1469 2161 1520 2188 μου
1547 2152 1715 2179 κατεύθυνον
1732 2152 1801 2187 πρὸς
1816 2153 1892 2187 ζωῆς

1103 2199 1224 2231 εἰσόδους
1235 2200 1271 2225 τὰ
1286 2201 1436 2234 κινήματα.

291 2243 431 2277 Aquarum
458 2243 519 2270 vita:
540 2242 650 2270 ﬂuentis
671 2243 750 2278 plena
765 2251 825 2271 cum
839 2243 888 2276 sis,
903 2252 920 2272 ο
945 2243 1046 2277 Puellal

1138 2245 1277 2280 Ναμάτων
1294 2245 1461 2280 ζωηρῤύτων
1474 2244 1608 2276 ἀνάπλεος
1623 2242 1702 2278 οὖσα,
1717 2245 1806 2280 Κόρη,
1824 2245 1893 2272 πάν-

260 2293 352 2322 potutn
382 2289 461 2316 nobis
476 2289 604 2316 omnibus
627 2289 728 2324 praebe,
743 2290 809 2318 dum
827 2295 852 2318 te
871 2291 914 2326 pia
936 2298 967 2319 ac
985 2291 1049 2319 reli-

260 2335 335 2369 giosa
349 2339 439 2362 mente
451 2335 606 2363 laudamus.

295 2380 430 2408 P..latium
448 2381 530 2416 Regis
554 2381 693 2415 altissimi,
708 2386 736 2409 et
753 2382 867 2410 thronus
896 2382 1049 2417 igniformis

261 2426 331 2453 facta
358 2434 399 2459 es,
426 2434 442 2453 ο
471 2425 564 2461 Virgo,
583 2427 731 2455 Cherubim
757 2432 784 2456 et
798 2428 940 2463 Seraphitn
968 2429 1050 2455 modo

261 2472 392 2498 iuetl'abili
428 2472 788 2508 sublimiorzquamobrcm
822 2473 912 2501 omnis
938 2474 1050 2508 spiritus

261 2523 286 2544 te
303 2523 430 2552 tanquam
445 2517 583 2546 Creatoris
604 2524 719 2546 matrem
735 2513 861 2548 laudibus
880 2519 996 2547 extollit.

295 2564 427 2598 Impetum
460 2565 558 2592 mortis
582 2566 738 2600 reprcssisti
767 2565 832 2593 dum
869 2566 1050 2594 immortalem

262 2609 346 2637 Deum
372 2610 517 2645 peperisti;
532 2617 613 2645 quem
630 2618 707 2646 roga,
722 2619 737 2639 ο
751 2616 839 2646 casta,
855 2616 885 2639 ut
909 2612 1052 2647 passiones

262 2656 428 2684 miserabilis
445 2657 571 2691 corporis
584 2657 637 2684 mei
651 2657 807 2691 mortiticet,
824 2662 852 2685 et
872 2658 927 2685 vita
939 2658 1050 2693 dignum

261 2710 304 2730 me
323 2703 414 2731 faciat.

293 2748 367 2776 Oﬂ‘er
387 2749 502 2777 Domino
519 2750 759 2785 supplicationem,
777 2755 806 2777 ut
835 2751 1010 2784 misereatur,
1025 2755 1053 2778 et

261 2794 375 2822 salutem
393 2795 496 2822 tribuat
520 2796 554 2823 iis
567 2796 612 2831 qui
628 2796 661 2823 ad
678 2801 704 2823 te
723 2795 896 2831 confugiunt,
909 2796 1053 2824 osanctis—

262 2838 330 2866 sima
346 2839 472 2874 Deipara,
495 2841 635 2869 hominum
652 2841 797 2868 auxilium.

297 2884 364 2917 Cum
379 2885 417 2914 sis
429 2887 498 2915 lucis
512 2888 692 2921 domicilium,
703 2888 836 2921 illutnina,
855 2896 869 2916 ο
882 2887 974 2924 Virgo,
991 2889 1051 2916 aui—

1100 2299 1149 2322 τας
1163 2291 1237 2325 ἡμᾶς
1255 2292 1367 2317 πότισον
1380 2290 1586 2326 εὐσεὸοφρόνως
1599 2290 1753 2325 ὑμνοῦντας
1765 2299 1805 2318 σε.

1138 2383 1272 2410 Παλάτιον
1288 2382 1392 2419 ὑψηλοῦ
1413 2383 1556 2419 βασιλέως,
1581 2383 1629 2410 καὶ
1649 2382 1823 2419 πυρίμορφος
1843 2392 1893 2417 γε·

1101 2428 1216 2464 γένησαι
1235 2429 1340 2464 θρόνος,
1359 2430 1412 2456 τῶν
1428 2430 1570 2464 Χερουϐὶμ
1593 2429 1731 2465 ἀνωτὲρα,
1759 2430 1894 2465 Παρθένε,

1102 2475 1149 2501 καὶ
1176 2475 1301 2511 Σεραφὶμ
1315 2476 1385 2511 ὑπὲρ
1406 2476 1469 2503 νοῦν
1496 2475 1693 2512 χρηματίσασα
1704 2484 1711 2491 '
1725 2475 1853 2502 ἐντεῦθέν
1864 2485 1894 2502 σε

1102 2520 1179 2546 πᾶσα
1192 2520 1260 2555 πνοὴ
1269 2520 1306 2550 ὼς
1323 2521 1439 2556 Μητέρα
1453 2521 1562 2553 δοξάζει
1578 2520 1625 2547 τοῦ
1643 2520 1804 2552 κτίσαντος.

1139 2566 1278 2600 Ἐστησας
1298 2566 1389 2602 ῥύμην
1411 2567 1460 2594 τοῦ
1473 2567 1601 2600 θανάτου,
1615 2567 1661 2594 τὸν
1680 2567 1814 2594 ἀθάνατον
1827 2567 1895 2593 Θεὺν

1101 2610 1299 2644 ἀποκυήσασα·
1314 2611 1344 2637 ὃν
1356 2611 1488 2644 δυσώπει,
1503 2612 1585 2647 ἁγνὴ,
1600 2613 1635 2639 τὰ
1648 2612 1723 2646 πάθη
1737 2611 1896 2638 θανατῶσαι

1101 2656 1149 2683 τοῦ
1163 2656 1292 2684 ταπεινοῦ
1308 2665 1359 2692 μου
1372 2657 1509 2693 σώματος,
1528 2659 1575 2684 καὶ
1592 2657 1665 2693 ζωῆς
1679 2666 1713 2693 με
1729 2657 1857 2691 ἀξιῶσαι.

1142 2751 1297 2786 Ἱκετηριαν
1316 2751 1478 2786 προσάγαγε
1494 2751 1590 2787 Κυρίῳ
1602 2751 1834 2787 Ικατοικτειρῆσαι
1848 2752 1895 2778 καὶ

1104 2796 1191 2823 σῶσαι
1200 2797 1263 2828 τοὺς
1271 2797 1318 2823 ἐπὶ
1330 2797 1371 2824 σοὶ
1381 2788 1616 2832 καταφεύγοντας,
1628 2797 1750 2832 παναγία
1758 2797 1890 2834 Παρθένε,

1103 2842 1256 2878 ἀνθρώπων
1274 2843 1397 2879 βοήθεια.

1137 2890 1226 2921 Φωτὸς
1243 2889 1309 2917 οὖσα
1322 2891 1435 2926 δοχεῖον,
1453 2890 1580 2926 φώτισον,
1604 2891 1736 2926 Παρθένε,
1763 2892 1813 2926 τὴν
1833 2900 1894 2917 σκο-
