2075 3154
208 174 276 206 1349

933 180 1115 211 MARIALE.

1770 190 1838 223 1350

205 232 344 259 τισθείσαν
365 231 455 268 ψυχήν
473 241 524 268 μου
549 234 605 266 τοῖς
623 234 747 268 πάθεσιν,
764 235 837 268 ὅπως
854 236 883 263 ἐν
906 236 998 263 πίστει

1051 245 1122 265 utam
1143 247 1231 266 meam
1247 247 1391 274 pravarum
1416 240 1590 269 aﬁectionum
1607 242 1843 270 tenebrisinvolu-

206 277 254 303 καὶ
268 276 344 312 πόθῳ
357 277 401 304 ἀεὶ
417 277 521 311 δοξάζω
535 287 576 308 σε,

211 387 260 414 Ἐκ
293 387 347 414 τοῦ
371 387 501 422 κανόνος
530 388 584 425 τῆς
617 389 827 425 Παρασκευῆς,
865 391 908 424 είς
945 391 1000 418 τὸν

531 424 666 459 Ὄρθρον.

243 486 288 518 Ὧς
311 486 408 521 ἐϐλεψέ
432 495 462 513 σε
486 488 596 524 σταυρῷ
620 488 665 515 τὸν
694 488 729 514 τὰ
755 489 846 516 πάντα
865 489 999 522 βλέποντα

207 531 358 567 ήλούμενον
371 532 388 567 ὴ
408 532 565 567 ἄμεμπτος,
583 533 733 569 ὀδυρομένη
751 533 844 568 ἔλεγε·
862 534 895 560 Τί
909 534 999 567 τοῦτο,

209 578 306 604 τέκνον
321 578 405 613 ὲμόνς
419 578 453 604 Τί
473 587 515 605 σοι
531 579 727 606 ἁνταπέδωκαν
750 581 775 606 οἱ
796 580 1000 613 ἀπολαύσαντες

211 622 320 649 πολλῶν
345 631 393 649 σου
418 623 608 659 δωρημάτων;
628 624 687 656 πῶς
714 625 819 652 ὐποίσω
837 626 883 652 τὸν
899 627 999 659 πόνον;

207 668 278 700 Δόξα
299 670 332 704 τῇ
350 670 394 705 σῇ,
412 668 583 705 εὖσπλαγχνε
604 671 650 697 καὶ
671 672 843 708 μακρόθυμε,
858 672 1000 708 οἰκονομίᾳ

209 716 324 750 φρικτῇ.

244 761 380 795 Νομίμων
399 761 460 797 δίχα
476 762 532 789 τῶν
549 763 731 799 ἀνθρωπίνων
743 773 772 791 σε
786 764 882 791 τέκνον
896 764 1000 798 ἔτεκον,

209 804 256 830 καὶ
279 805 338 837 πῶς
362 806 459 841 ἄνομοι
475 807 574 842 ὑψοῦοί
593 817 622 834 σε
636 808 708 845 ξύλῳ
725 809 808 844 μέσον
820 810 940 845 ἀνόμων,
955 809 1001 836 τὸν

209 849 290 884 μόνον
315 851 414 885 νόμους
434 851 508 887 ζωῆς
523 846 718 890 ὲκὲιθέμενοη
735 855 752 889 ή
765 855 897 886 Θεοτόκος
916 855 1001 891 θρην-

205 895 312 930 ῳδοῦσα
325 897 530 933 ἀπεφθέγγετο.

241 987 311 1014 Νέον
329 987 429 1022 βρέφος
449 987 572 1023 ἑκύησας
592 988 638 1015 τὸν
656 987 710 1025 πρὸ
731 988 785 1016 τῶν
813 989 920 1016 αἰωνων
936 989 1001 1017 ivra

206 1033 377 1065 παντέλειον,
388 1033 436 1060 καὶ
445 1034 568 1070 σταυρῷ,
580 1034 658 1070 Κόρη
667 1035 834 1071 πανάμωμε,
845 1035 1001 1064 τελειοῦντα

206 1078 297 1106 πάντα
311 1079 472 1114 ἀγαθότητι.

242 1133 446 1169 Νενοσηκότας,
462 1134 598 1170 Παρθένε,
613 1136 646 1171 τῇ
660 1135 786 1171 ἁμαρτίᾳ
801 1135 875 1171 ἡμᾶς
893 1135 1001 1172 ἰάτρευ-

208 1188 268 1212 σας,
288 1180 415 1215 κυήσασα
439 1179 486 1206 τὸν
509 1180 625 1217 Σωτῆρα
642 1181 734 1216 ίατρόν
749 1189 778 1207 τε
803 1181 858 1207 τῶν
874 1181 953 1213 ὅλων,
972 1183 1001 1208 ὲν

207 1226 280 1261 ξύλῳ
302 1225 350 1253 τοῦ
376 1225 495 1261 σταυροῦ
522 1227 774 1261 τραυματισθέντα,
799 1226 928 1262 ᾶχραντε,
954 1227 1000 1254 τὸν

207 1272 364 1308 παρέχοντα
379 1271 537 1307 ἀφθαρσίαν
551 1273 611 1304 ταῖς
629 1272 730 1307 ψυχαῖς
746 1273 835 1308 ήμῶν.

248 1319 385 1354 Ῥομφαία
400 1319 451 1354 τήν
464 1318 514 1354 σὴν
528 1318 621 1354 διῆλθε
635 1319 761 1354 καρδίαν,
777 1318 938 1354 καθορώσης
953 1319 1000 1347 σὺν

207 1364 283 1398 Υῑὸν,
302 1364 420 1400 ἄχραντε
442 1364 530 1400 Κόρη,
553 1363 694 1400 ήλωμένον
709 1365 739 1392 έν
764 1365 846 1401 ξύλῳ,
861 1367 908 1393 καὶ
926 1366 999 1402 πάθη

208 1410 340 1446 φέροντα,
365 1410 414 1437 καὶ
438 1410 524 1446 λόγχῃ
545 1410 623 1437 θείαν
644 1409 767 1446 πλευρὰν
789 1411 1000 1447 ἑξορυττόμενον

206 1458 351 1493 θελήματι,
367 1459 416 1485 καὶ
429 1458 656 1493 κατασφάττοντα
675 1459 705 1485 ὲν
722 1458 792 1494 αὐτῇ
809 1459 854 1485 τὸν
871 1459 1001 1494 πολέμιον

206 1504 343 1540 δράκοντα
357 1512 364 1519 ⁸
381 1503 442 1531 ὅθεν
457 1503 634 1540 θρηνῳδοῦσα
661 1504 804 1539 μητρικῶς
820 1504 915 1532 τοῦτον
937 1505 1000 1541 ὲμε-

207 1550 334 1584 γάλυνες.

1050 288 1117 316 tam,
1134 289 1163 311 ut
1174 291 1237 312 cum
1262 284 1314 312 ﬁde
1332 284 1429 313 aﬁectu
1460 293 1567 321 semper
1591 291 1698 315 cantem
1726 288 1841 323 gloriam

1051 333 1138 357 tuam.

1138 393 1221 428 299
1232 392 1274 420 Ex
1285 393 1389 422 Canone
1399 394 1473 429 ferite
1486 403 1523 427 vt,
1535 395 1570 422 ad
1582 394 1753 424 Matutinum.

1087 491 1140 520 Uhi
1167 493 1340 521 itnmaculata
1361 494 1429 530 (55),
1445 495 1512 523 vidit
1536 496 1671 523 videntem
1697 498 1786 524 omnia
1817 499 1843 525 in

1051 547 1132 566 cruce
1153 540 1304 573 sublatum,
1321 541 1416 568 dolore
1435 541 1560 576 perculsa
1575 561 1582 573 ,
1602 542 1639 569 ita
1663 543 1752 570 locuta
1777 551 1840 572 est:

1051 584 1122 618 Quid
1138 590 1179 613 est
1197 586 1259 618 hoc,
1272 586 1309 613 ﬁli
1326 586 1382 613 mi?
1402 587 1465 621 quid
1489 588 1536 614 tibi
1550 588 1745 621 relribuerunt,
1762 591 1808 625 qui
1826 600 1840 618 u

1052 635 1079 658 te
1107 635 1146 659 tot
1176 631 1308 660 beneﬁcia
1338 634 1522 668 acceperunt?
1550 635 1685 669 quomodo
1720 635 1842 664 dolorem

1052 677 1211 705 sustinebo!
1232 677 1324 706 Gloria
1350 679 1386 706 sit
1412 681 1573 707 veneranda:
1586 681 1759 716 dispositioni
1780 688 1843 716 tua‘,

1052 731 1069 749 ο
1086 724 1344 751 ntisericordissitne
1355 733 1386 752 ac
1402 725 1615 760 patientissime.

1089 767 1127 796 Te
1144 775 1244 804 praeter
1258 769 1332 804 leges
1347 770 1481 798 humanas
1496 772 1598 806 peperi,
1616 780 1632 799 0
1646 772 1715 806 Fili;
1730 779 1757 801 et
1772 783 1844 810 quo-

1053 813 1134 842 modo
1158 815 1225 850 legis
1245 816 1392 843 violatores
1419 817 1446 844 in
1476 817 1579 852 lignum
1621 823 1646 846 le
1673 821 1843 848 sustulerunt

1053 861 1081 888 in
1107 861 1199 889 ntedio
1230 866 1466 897 transgressorum
1483 863 1561 899 legis,
1589 864 1636 898 qui
1669 866 1744 893 solus
1782 867 1843 894 vita:

1054 906 1127 941 leges
1157 907 1323 936 condidisti?
1342 908 1381 936 lta
1405 909 1575 944 gemebunda
1607 910 1721 945 Deipara
1746 913 1844 948 loque-

1052 952 1144 980 batur.
1371 954 1374 958 '

1088 997 1193 1026 Novum
1212 998 1342 1028 infamem
1364 1000 1504 1035 peperisti,
1521 1001 1567 1037 qui
1584 1007 1644 1030 erat
1663 1007 1726 1031 ante
1751 1004 1844 1031 omnia

1052 1045 1152 1073 saecula
1184 1045 1411 1080 perfectissimus,
1428 1056 1444 1075 ο
1468 1048 1561 1075 Puella
1591 1053 1646 1076 tota
1663 1057 1749 1085 pura;
1764 1054 1792 1078 et
1817 1051 1844 1078 iu

1051 1091 1132 1126 signo
1148 1092 1239 1120 crucis
1252 1092 1344 1120 omnia
1355 1093 1459 1127 perlicit
1474 1094 1595 1121 bonitate
1607 1103 1667 1122 sua.

1060 1174 1074 1184 _
1087 1145 1143 1174 Nos
1158 1147 1261 1181 peccati
1283 1147 1380 1174 morbo
1399 1151 1574 1182 aegrotantes,
1590 1149 1704 1182 curasti,
1721 1156 1737 1176 ο
1763 1148 1843 1185 Virgo

1051 1192 1193 1225 inviolata,
1220 1192 1284 1219 dum
1315 1193 1438 1220 omnium
1459 1193 1631 1221 Salvatorem
1656 1200 1683 1222 et
1709 1196 1842 1223 medicum

1051 1238 1180 1273 peperisti
1201 1247 1208 1265 :
1222 1238 1268 1273 qui
1282 1238 1308 1265 in
1326 1238 1399 1273 ligno
1413 1239 1503 1266 crucis
1516 1239 1688 1274 vulneratus,
1701 1241 1793 1268 immo:
1803 1246 1840 1269 la-

1051 1284 1155 1311 litatem
1175 1284 1320 1312 animabus
1337 1284 1440 1312 nostris
1454 1285 1596 1319 elargitur.

1087 1329 1201 1357 Gladius
1230 1337 1279 1357 cor
1308 1335 1384 1357 tuum
1418 1331 1607 1365 pertransivit,
1635 1338 1652 1359 ο
1684 1331 1843 1360 intemerata

1053 1371 1159 1404 Puella,
1177 1380 1239 1401 cuin
1266 1372 1364 1400 Filium
1389 1378 1465 1401 tuum
1491 1374 1517 1401 in
1546 1374 1619 1410 ligno
1642 1381 1785 1405 extensum
1805 1377 1843 1404 vi-

1051 1419 1132 1451 disti;
1155 1419 1298 1454 passiones
1321 1425 1418 1453 sponte
1437 1420 1571 1454 tolerare;
1595 1425 1623 1449 et
1645 1422 1738 1449 divino
1759 1423 1844 1450 latere

1051 1463 1145 1491 lancea
1175 1463 1312 1498 perfosso,
1337 1463 1365 1491 in
1395 1465 1490 1491 eodem
1529 1465 1670 1494 inimicum
1697 1467 1842 1494 draconem

1052 1516 1178 1538 mactare
1195 1518 1227 1538 ac
1239 1511 1366 1546 jugulare
1382 1519 1387 1536 :
1406 1511 1479 1538 unde
1494 1512 1623 1539 maternis
1637 1513 1757 1547 querelis
1767 1513 1840 1540 dolo-

1051 1564 1108 1583 rem
1122 1561 1198 1583 tuum
1211 1556 1367 1592 divulgaus.
1382 1556 1458 1583 illum
1474 1557 1681 1592 magniﬁcabas.

243 1605 324 1642 Λύπῃ
339 1606 537 1642 πεπλήρωμαι,
561 1605 654 1641 ὁρῶσά
677 1614 717 1640 σε,
737 1605 797 1638 Υἱὲ,
821 1605 923 1637 ἀδίκως
944 1605 999 1632 πά-

1086 1609 1208 1637 Tristitia
1227 1610 1306 1645 plena
1324 1618 1397 1642 sum,
1415 1617 1477 1637 cum
1490 1610 1570 1638 video
1586 1615 1621 1643 te,
1633 1618 1650 1638 ο
1666 1610 1729 1645 Fili,
1742 1611 1841 1646 injuste

209 1660 319 1687 σχοντα,
335 1651 479 1688 τέτρωμαι
493 1652 593 1688 ψυχὴν,
608 1652 695 1688 λόγχῃ
717 1652 869 1688 τρωθέντος
887 1660 934 1678 σου
949 1652 999 1686 τήν

206 1698 338 1734 πλευρὰν,
353 1699 370 1734 ὴ
395 1698 524 1730 Θεοτόκος
546 1698 612 1725 ἐϐόα
628 1699 760 1726 κλαίουσα
776 1699 822 1725 καὶ
836 1697 998 1734 ὀδυρομένη,

209 1743 279 1779 μόνη
296 1744 432 1770 Δέσποινα
448 1752 456 1760 ·
473 1744 507 1779 ἢν
522 1744 641 1777 ἐπαξίως
668 1745 769 1776 πάντες
796 1744 998 1780 μακαρίζομεν,

207 1791 255 1818 καὶ
278 1790 400 1822 εὐσεϐῶς
435 1789 647 1825 κραυγάζομεν*
675 1790 706 1817 'O
725 1789 919 1825 ὑπερύμνητος
943 1789 999 1815 τῶν

208 1837 336 1872 πατέρων
350 1835 398 1862 καὶ
413 1837 429 1872 ἡ
434 1836 492 1871 μῶν
504 1835 580 1870 Θεὸς,
592 1835 738 1872 εὐλογητὸς
754 1834 790 1863 εἷ.

243 1883 353 1918 Νοητὴν
367 1883 493 1918 νεφέλην,
510 1883 559 1910 καὶ
581 1882 685 1918 σκηνὴν
700 1881 884 1917 ἁγιασματος,
905 1881 999 1916 θρόνον

208 1929 276 1956 θεοῦ
292 1930 339 1956 καὶ
356 1929 456 1965 πύλην,
472 1929 560 1965 φωτὸς
577 1929 700 1964 λυχνίαν,
729 1928 777 1955 καὶ
799 1927 933 1962 ἀνατολὴν
950 1926 998 1953 τοῦ

210 1975 299 2009 Λόγου
316 1976 341 2003 οῑ
358 1976 448 2003 πιστοί
464 1985 493 2002 σε
511 1976 611 2007 πάντες
626 1974 858 2010 κατονομάζομεν,
876 1974 998 2008 πάναγνε

213 2020 348 2056 Παρθένε,
374 2021 423 2048 τοῦ
448 2023 538 2049 πάντα
562 2020 767 2057 τεκτηναμένου
792 2020 893 2055 Μήτηρ
909 2019 998 2054 ὑπάρ-

209 2074 259 2100 χου
264 2074 298 2092 σα
317 2066 490 2102 εὐλογημένη
496 2086 503 2093 .

243 2112 396 2148 Φωτοειδὴς
412 2112 518 2144 παστὰς
533 2112 655 2148 ώράθης,
666 2110 800 2147 Παρθένε,
813 2109 860 2137 τοῦ
871 2110 999 2146 οἰκήσαν-

209 2159 255 2191 τός
276 2168 323 2186 σου
340 2159 391 2196 τὴν
415 2159 534 2196 ἄφθορον
561 2159 654 2194 νηδὺν,
687 2157 736 2184 κα)⁸
754 2157 840 2189 πάθος
866 2157 1000 2193 μακάρι.ν

211 2205 468 2241 καθυπομειναντος
482 2205 615 2237 ἐθέλοντι,
633 2205 682 2231 καὶ
707 2204 774 2230 πᾶσι
787 2204 837 2238 τὴν
865 2203 999 2230 ἀπάθειαν

209 2252 400 2286 παρασχόντος
425 2252 459 2279 δι’
476 2253 579 2287 ἄφατον
601 2251 685 2283 ἔλεος,
700 2250 730 2278 ὃν
762 2249 852 2277 πίστει
876 2258 999 2285 προσκυ-

209 2295 318 2329 νοῦντές
331 2306 361 2324 σε
374 2297 492 2330 εὐσεϐῶς
511 2297 711 2334 μεγαλύνομεν.

246 2433 303 2469 ('55)
341 2432 397 2460 Vox
414 2433 587 2460 immaculata
611 2440 674 2469 cum
695 2433 822 2469 absolute
834 2432 998 2469 omnisrma-

209 2469 277 2496 culte
288 2469 437 2496 carentiant
451 2469 588 2504 importet,
601 2468 703 2496 nullam
718 2468 906 2495 limitationem
921 2468 997 2500 dicit,

209 2510 237 2531 et
249 2504 282 2531 ad
298 2504 390 2531 omnia
414 2504 477 2531 vitae
491 2509 613 2539 tempora
626 2508 709 2538 atque
733 2507 872 2539 momenta
887 2509 999 2537 proten-

210 2539 295 2571 ditur,
311 2539 382 2566 sicut
400 2539 537 2566 ittﬁnitutn
568 2539 740 2573 simpliciter,
755 2543 783 2566 et
799 2538 923 2565 absolute
939 2545 1000 2572 pro-

209 2574 296 2601 latum
313 2582 346 2601 ex
375 2579 472 2601 neutro
501 2579 623 2601 extremo
656 2574 736 2601 ﬁnem
757 2573 897 2606 admittit;
913 2580 1001 2607 neque

211 2610 376 2636 immensum
391 2609 501 2644 proprie
524 2610 634 2636 vocabis
654 2609 727 2644 quod
756 2609 836 2636 alicui
865 2615 1003 2644 mensura:

210 2644 324 2672 subesse
335 2643 432 2679 potest.
442 2643 519 2677 ’Quin
531 2645 622 2679 potius
641 2643 670 2672 si’
683 2644 740 2672 haec
755 2644 867 2671 nomina
881 2643 998 2671 efferan-

210 2683 255 2705 tur
271 2679 304 2706 de
312 2686 351 2712 re,
361 2686 422 2714 qua:
433 2687 526 2707 secum
541 2679 660 2706 admittit
674 2679 765 2714 aliquo
778 2679 860 2706 modo
870 2679 998 2708 formam.

210 2721 272 2749 quae
299 2721 345 2748 per
374 2715 434 2741 illas
452 2722 534 2742 voces
563 2719 686 2749 negatur,
716 2714 831 2749 quilibet
851 2714 999 2749 afﬁrmabit

210 2748 374 2790 locutionem
388 2757 450 2790 esse
477 2748 685 2790 hyperbolicatn;
701 2748 741 2790 et"
753 2750 942 2785 impropriam.
958 2748 999 2790 Ad

210 2783 336 2810 eumdem
360 2785 472 2812 modum
496 2783 583 2812 dictio
614 2783 800 2816 immaculata,
816 2792 879 2812 cum
910 2784 1000 2811 omnis

210 2819 325 2845 maculae
338 2821 486 2846 carentiam
512 2821 585 2847 dicat
600 2827 651 2854 pro
672 2820 746 2846 otnui
768 2820 897 2854 temporis
922 2819 1000 2846 dilfe-

210 2854 310 2885 rentia,
334 2858 360 2880 et
386 2860 538 2889 apponatur
554 2854 583 2881 B.
601 2854 708 2889 Virgilii
722 2855 748 2882 iu
771 2862 852 2882 sensu
879 2855 1000 2889 proprio,

211 2896 266 2916 non
285 2889 474 2925 hyperbolico,
498 2895 528 2918 ut
544 2890 663 2919 admittit
678 2891 833 2918 communis
856 2890 1001 2918 doctorum

1052 1657 1219 1691 patientem:
1236 1655 1395 1683 vulneratur
1409 1656 1499 1683 anima
1515 1664 1584 1688 mea,
1598 1656 1662 1684 dum
1673 1657 1745 1684 latus
1764 1661 1840 1684 tuum

1054 1701 1147 1730 lancea
1174 1701 1336 1737 perfoditur.
1368 1701 1405 1729 lla
1433 1709 1496 1729 eum
1527 1701 1664 1737 lacrymis,
1693 1706 1720 1730 et
1751 1702 1842 1730 dolore

1053 1746 1258 1774 vociferabalur
1272 1746 1387 1782 Deipara
1401 1747 1522 1775 Domina
1543 1748 1635 1779 unica,
1652 1755 1734 1783 quam
1746 1750 1843 1776 merito

1052 1799 1148 1820 omnes
1177 1793 1284 1820 beatam
1312 1793 1440 1825 dicimus,
1461 1799 1487 1821 et
1513 1793 1609 1821 devote
1634 1794 1842 1822 exclamamus.

1053 1835 1214 1864 Benedictus
1228 1845 1267 1869 es,
1279 1837 1361 1870 Deus,
1373 1843 1426 1865 t-tc.

1087 1881 1191 1909 Nubem
1218 1882 1440 1915 intellectualem,
1455 1883 1659 1911 tabernaculum
1690 1885 1839 1912 sanctiﬁca-

1053 1927 1148 1961 tionis,
1168 1927 1295 1955 throuum
1311 1928 1357 1954 Dei
1374 1933 1401 1955 et
1419 1934 1536 1963 portam,
1554 1929 1624 1956 lucis
1637 1929 1842 1963 candelabrum,

1052 1979 1079 2001 et
1091 1972 1229 2001 Orientem
1245 1973 1326 2008 300
1334 1972 1426 2006 Verbi,
1442 1974 1560 2001 universi
1573 1979 1599 2002 te
1612 1975 1704 2002 ﬁdeles
1720 1976 1842 2003 nomina-

1053 2027 1126 2053 mus,
1142 2028 1159 2047 ο
1174 2019 1257 2055 Virgo
1269 2021 1436 2052 castissima,
1452 2025 1479 2048 et
1501 2020 1586 2048 Mater
1608 2020 1751 2049 benedicta
1770 2021 1842 2049 illius

1053 2068 1099 2102 qui
1116 2067 1245 2094 universa
1266 2067 1421 2094 fabricat-it.

1089 2113 1238 2141 Thalamus
1262 2113 1324 2141 luce
1352 2113 1448 2148 plenus
1478 2113 1550 2142 facta
1564 2121 1606 2147 es,
1625 2112 1748 2149 oVirgo,
1770 2114 1843 2142 illius

1053 2159 1098 2194 qui
1117 2159 1324 2186 immaculatum
1340 2163 1447 2186 uterum
1475 2164 1549 2187 tuutn
1563 2159 1707 2193 habitavit,
1728 2167 1760 2187 ac
1777 2160 1843 2187 bea-

1054 2210 1108 2233 tam
1126 2205 1281 2240 passioncm
1295 2205 1448 2232 voluntarie
1464 2205 1605 2237 sustinuit,
1618 2209 1701 2240 atque
1715 2206 1843 2233 omnibus

1053 2250 1302 2286 impassibilitatem
1321 2251 1460 2278 concessit
1477 2255 1587 2286 propter
1596 2251 1765 2286 ,ineﬁabilem
1793 2253 1830 2278 mi

1012 2296 1231 2334 Dsericordiam
1257 2304 1347 2330 suam,
1362 2303 1443 2331 quem
1474 2302 1536 2323 cum
1567 2295 1620 2324 ﬁde
1642 2295 1800 2330 adorantes,
1819 2301 1843 2323 te

1054 2343 1150 2370 devote
1164 2342 1383 2377 magtiiﬁt'amus.

1051 2439 1214 2464 consensus,
1228 2431 1301 2458 haud
1315 2431 1396 2459 dubie
1410 2431 1470 2466 eius
1484 2432 1669 2460 innocentiam
1686 2439 1736 2467 pro
1751 2433 1843 2459 omni-

1052 2467 1104 2495 bus
1122 2468 1269 2503 vitteisuaa‘.
1288 2467 1455 2495 instantibus
1471 2469 1532 2495 sinu
1553 2473 1610 2495 suae
1636 2468 1843 2503 signiﬁcationis

1053 2507 1171 2529 coercet.
1185 2502 1272 2535 Quam
1302 2503 1415 2529 macula:
1433 2503 1581 2530 carentiam
1601 2510 1651 2537 pro
1665 2502 1742 2530 omni
1762 2503 1843 2529 diffe-

1054 2539 1141 2565 rentia
1160 2537 1292 2571 temporis
1305 2541 1393 2573 acute,
1408 2538 1628 2573 sapientissimus
1655 2537 1841 2573 attigitldiota

1055 2573 1117 2601 libr.
1134 2573 1172 2600 De
1184 2572 1353 2606 contemplat.
1381 2572 1411 2600 Β.
1432 2572 1508 2607 Virg.
1523 2574 1614 2600 locum
1635 2573 1711 2600 illum
1735 2572 1841 2599 Cantie.

1055 2615 1116 2645 cap,
1133 2615 1171 2641 ιν,
1189 2607 1432 2645 ΤοιανριιίεΙιγα-ςε,
1448 2609 1535 2645 amicti
1547 2616 1616 2640 mea,
1632 2612 1656 2635 et
1669 2607 1842 2645 (naculghnon

1051 2641 1096 2671 est?
1107 2644 1135 2670 in
1153 2648 1187 2674 te,
1202 2644 1366 2678 explanatis:
1384 2643 1451 2670 Τοια
1462 2643 1573 2677 pulchra
1590 2651 1616 2670 es
1627 2662 1635 2675 ,
1653 2643 1690 2669 ait
1713 2650 1720 2668 :
1735 2650 1744 2667 t
1760 2641 1842 2675 Virgo

1052 2677 1261 2716 gloriosissima,
1279 2686 1333 2705 non
1347 2679 1373 2716 in
1401 2683 1489 2716 parte,
1506 2679 1551 2716 sed
1569 2678 1596 2716 i_t_t
1611 2683 1679 2716 toto,
1693 2681 1721 2705 et
1734 2677 1840 2716 peccati

1049 2711 1167 2747 macula,
1193 2713 1250 2741 site
1267 2711 1470 2745 mortalisfsire
1491 2713 1607 2740 venialis
1621 2713 1678 2740 sive
1700 2711 1842 2746 originalis

1048 2757 1105 2776 non
1120 2754 1162 2776 est
1190 2749 1217 2775 in
1235 2754 1261 2776 te
1279 2756 1329 2777 nec
1357 2756 1477 2783 unquam
1505 2747 1567 2780 fuit,
1582 2755 1631 2774 nec
1647 2748 1708 2775 erit.
1725 2747 1764 2774 Ex
1786 2755 1842 2781 quo

1051 2789 1136 2819 patet,
1150 2784 1222 2819 quod
1237 2784 1472 2811 voximmacutata
1488 2783 1685 2819 innocentiam,
1702 2786 1730 2810 et
1758 2789 1840 2819 exce-

1051 2817 1171 2855 ptionem
1183 2819 1217 2846 ab
1230 2820 1304 2847 omni
1326 2825 1516 2855 peccatolpro
1523 2817 1604 2855 _omni
1621 2818 1750 2855 temporis
1763 2818 1842 2855 diﬁ'e-

1051 2851 1137 2891 :retttia
1149 2862 1242 2891 secum
1265 2851 1405 2891 apportet;
1416 2864 1425 2880 ι
1439 2851 1508 2891 Vide
1523 2851 1624 2891 chatu
1641 2851 1843 2891 iit_:Theolu»gia

1051 2889 1185 2924 Mariana,
1203 2888 1332 2919 Palmstra
1344 2890 1372 2924 ι,
1386 2889 1542 2918 Certamine
1561 2890 1589 2923 5,
1605 2897 1632 2916 n.
1648 2888 1709 2916 5l0.
