2075 3154
252 187 320 220 1355

817 183 846 212 S.
867 182 1025 213 IOSEPHI
1045 181 1326 214 HYMNOGRAPHI

1810 183 1878 216 1356

283 239 502 269 llluminantibus
515 239 757 266 intercessionibus
775 238 840 269 tuis.
855 246 872 266 ο
887 238 981 273 Virgo,
996 238 1038 264 in—

1124 240 1306 272 Φωτιστικαῖς
1321 239 1480 275 πρεσϐείαις
1497 247 1556 274 σου,
1574 239 1709 276 Παρθένε,
1728 241 1791 271 τοὺς
1820 249 1879 266 νοε-

248 286 417 315 tellectuales
444 286 540 313 oculos
566 292 660 315 meos.
689 285 792 311 malitia
823 284 1035 316 obtenehratos,

247 334 382 365 illumiua,
397 339 494 368 precor
509 341 515 359 :
530 335 558 358 et
575 332 608 358 ad
625 331 792 366 paenitentia
806 331 863 358 vias
877 330 967 357 adduc
982 337 1035 362 me,

236 386 277 410 ,ιιι
292 380 390 407 debitis
403 378 530 406 laudibus
541 385 691 412 prosequar
704 382 739 409 te,
750 384 811 412 qua:
832 375 951 403 Verbum
967 374 1037 402 inef-

246 426 329 454 labile
341 431 457 459 corpore
473 423 597 451 induisti.

299 480 341 507 Ex
355 487 455 507 canone
468 480 494 506 in
510 478 649 505 Dominica
665 476 850 511 Carnisprieii,
861 476 981 510 Vespere.

279 561 363 589 Nocte
379 562 552 595 peccatorum
569 557 745 588 obscuratus,
757 554 791 582 ad
812 560 847 588 te,
863 562 925 589 quae
942 553 1032 581 Solem

243 606 357 641 justitix
371 605 523 636 Christum,
543 603 577 630 iis
591 603 638 636 qui
659 602 686 629 in
709 601 827 628 tenebris
843 601 1032 632 versabantur,

244 651 384 688 peperisti,
397 657 469 677 nunc
480 650 605 684 impenso
615 647 712 675 aﬁ‘ectu
721 646 850 681 confugio
861 654 868 678 ;
881 654 897 674 ο
908 645 1032 678 Domina,

244 697 319 725 salva
332 704 384 724 me.
921 721 930 735 .

278 741 348 768 Victi
363 745 428 767 sunt
448 739 474 765 in
489 743 526 771 te,
541 745 557 764 0
578 736 731 764 castissima
752 736 845 771 Virgo,
860 740 966 763 naturae
979 738 1033 762 ter-

242 787 310 815 mini
327 797 332 813 :
350 787 431 813 enixa
457 785 529 812 enim
548 784 651 818 absque
669 783 740 810 virili
756 782 852 817 copula
865 781 964 815 Deum,
981 781 1034 808 im-

244 833 380 862 maculata
397 835 458 867 post
475 835 584 866 partum
601 829 683 856 veluti
698 833 761 856 ante
777 835 898 863 partum,
912 835 928 855 ο
943 833 1030 859 casta,

244 877 430 915 permansisti.

1089 285 1154 319 ρούς
1171 295 1222 320 μου
1247 285 1404 320 ὀφθαλμοὺς
1422 285 1633 320 ἑσκοτισμένους
1649 286 1734 321 κακίᾳ.
1750 285 1878 320 φώτισον,

1086 330 1192 365 δέομαι,
1212 330 1341 365 καὶπρὸς
1366 329 1448 360 ὁδοὺς
1462 330 1605 363 μετανοίας
1631 330 1773 364 εἰσάγαγε,
1804 330 1879 360 ὅπως

1089 376 1265 410 χρεωστικᾶις
1279 384 1310 402 σε
1326 373 1468 410 ὑμνολογῶ
1487 374 1537 409 τὴν
1555 375 1625 410 ὑπὲρ
1637 375 1717 408 λόγον
1731 374 1777 401 τὸν
1791 373 1879 406 Λόγον

1088 420 1308 455 σωματώσασαν.

1095 474 1144 500 Ἐκ
1160 474 1213 501 τοῦ
1229 475 1364 507 Κανόνος
1385 475 1441 510 τῆς
1458 474 1610 510 Κιῳιακῆς
1629 474 1682 508 τῆς
1721 473 1877 507 Ἂποκρέω,

1410 511 1553 544 ἑσπέρας.

1122 562 1212 590 Νυκτὶ
1233 563 1441 599 παραπτώσεων
1456 563 1669 599 ἠμαυρωμένος,
1698 564 1768 599 πρὸς
1781 563 1811 589 σὲ
1828 563 1880 596 τὴν

1085 610 1227 645 κυήσασαν
1236 611 1293 642 τοῖς
1308 611 1336 637 ὲν
1353 611 1442 637 σκότει
1458 611 1554 638 Ἥλιον
1563 611 1737 644 δικαιοσύνης
1747 610 1877 645 Χριστὸν.

1086 655 1136 685 νῦν
1150 657 1317 691 καταφεύγω
1332 657 1460 688 ἐκτενῶς,
1476 657 1622 690 Δέσποινα,
1641 656 1729 683 σῶσόν
1747 664 1791 691 με.

1121 749 1296 784 Νενίκηνται,
1310 749 1446 783 Πάναγνε,
1464 748 1493 775 ὲν
1506 749 1548 775 σοὶ
1562 748 1663 784 οἱὸροι,
1679 747 1813 782 Παρθένε,
1825 747 1878 781 τῆς

1086 795 1196 830 φύσεως
1206 803 1215 811 ·
1241 795 1332 830 μένεις
1355 794 1410 829 γὰρ
1424 793 1525 826 τέξασα
1549 795 1613 820 ἄνευ
1628 793 1723 828 ἀνδρὸς
1737 793 1782 820 τὸν
1799 793 1877 825 Θεὸν,

1084 841 1124 872 ὡς
1143 841 1196 877 πρὸ
1209 840 1256 867 τοῦ
1271 840 1362 872 τόκου,
1377 842 1475 875 σεμνὴ,
1493 839 1572 866 πάλιν
1594 839 1767 874 ἀπήμαντος.

277 925 299 952 Ο
314 923 394 958 Virgo
413 921 487 950 omni
515 920 595 947 laude
614 919 787 955 dignissima,
802 927 864 954 qua:
887 918 946 946 sola
969 918 1036 946 ﬁde-

1125 931 1246 965 Παρθένε
1276 929 1448 965 πανύμνητε.
1465 930 1482 965 ή
1508 929 1574 965 μόνη
1592 929 1661 965 πρὸς
1683 929 1749 956 Θεδν
1774 928 1877 956 πιστῶν

243 971 310 997 lium
329 969 463 997 auxilium
482 975 512 995 es
525 966 607 1001 .apud
624 965 709 993 Deum
730 965 932 998 ﬁrmissimum,
950 965 1036 992 libera

245 1024 288 1044 me
299 1024 313 1043 a
328 1015 459 1046 tenebris,
476 1018 504 1041 et
519 1021 534 1040 a
547 1012 684 1048 supplicio
708 1011 781 1046 quod
795 1011 866 1038 male
882 1009 1037 1038 viventibus

244 1067 286 1089 cst
300 1065 493 1096 pra-paratum.

277 1107 317 1134 Ne
341 1113 433 1133 cesses
453 1113 503 1140 pro
519 1104 599 1132 nobis
623 1110 738 1131 exorare
763 1103 858 1133 Deum,
880 1101 926 1136 qni
949 1101 1037 1128 borius

244 1159 297 1185 cst,
321 1157 348 1179 et
372 1151 448 1179 solus
477 1149 607 1177 conscius
634 1147 803 1175 inﬁrmitatis
827 1150 930 1174 nostra:
953 1149 1003 1172 :ut
1021 1152 1036 1172 a

245 1205 330 1235 peste,
349 1198 430 1228 fatue,
442 1199 609 1227 terrazmotu,
622 1194 752 1228 omnique
764 1192 928 1220 adversitate
938 1191 1036 1219 libere-

247 1251 291 1272 tur
307 1244 416 1275 civitas,
433 1249 495 1277 qum
516 1245 543 1268 te
555 1241 684 1274 honorat,
697 1247 713 1266 ο
738 1239 865 1274 Deipara,
880 1245 942 1273 spes
957 1237 1036 1264 terri-

245 1297 388 1326 genarum.

376 1331 419 1359 Ea:
434 1338 533 1358 canone
548 1329 576 1356 in
592 1329 634 1356 die
650 1327 727 1354 tertia
748 1327 910 1362 Tyroplmgi.

282 1376 304 1404 Ο
321 1376 412 1411 Virgo,
427 1374 501 1402 omni
524 1373 605 1400 laude
619 1372 792 1404 celebranda,
811 1375 870 1398 esto
890 1370 970 1398 nobis
991 1369 1035 1397 via

247 1422 426 1459 pa-nitcntiaa,
439 1419 577 1447 deducens
593 1425 642 1445 nos
653 1417 686 1444 ad
700 1421 791 1452 portas
805 1415 911 1444 salutis.

282 1471 303 1496 Ο
318 1468 420 1499 Puella,
435 1474 495 1501 qua:
518 1472 636 1492 massam
652 1468 772 1490 nostram
788 1467 935 1494 terrenam,
952 1460 1035 1488 caele-

246 1521 316 1543 stem
331 1513 441 1541 cil‘ecisti
454 1520 460 1538 :
474 1511 570 1538 animae
586 1517 653 1536 mem
667 1509 774 1536 sulcum
787 1514 924 1535 terrenum
935 1512 962 1534 et
973 1514 1035 1534 cor-

247 1567 369 1597 ruptum,
399 1566 507 1586 tuarum
530 1556 610 1592 303
641 1555 847 1583 miserationum
877 1554 964 1581 imbre
983 1553 1035 1580 fte-

249 1592 339 1635 euiidu
370 1605 539 1636 virtutibus,
566 1604 630 1630 dum
662 1603 771 1635 clamat,
799 1605 826 1628 ct
851 1592 1072 1636 supercxaltatc

247 1654 386 1683 Christum
399 1652 427 1679 in
440 1650 550 1678 sarcula.

285 1701 324 1728 Te
344 1700 413 1726 forte
441 1695 690 1732 propugnaculum,
715 1699 741 1721 ct
759 1700 834 1728 spem
860 1692 977 1723 ﬁrmam,
994 1691 1037 1725 pie

247 1747 428 1781 religioseque
454 1742 641 1769 collaudantcs
673 1740 861 1774 deprecamur.
894 1738 993 1770 Exora,
1020 1743 1037 1763 ο

249 1793 342 1827 Virgo,
359 1790 443 1817 ﬁlium
459 1793 535 1815 tuum
554 1795 602 1822 pro
615 1790 708 1813 ucstra
724 1785 821 1812 salute.

357 1835 399 1862 Ea:
416 1842 516 1861 canone
532 1833 560 1859 in
576 1832 618 1858 die
631 1836 741 1866 quarta,
759 1828 893 1856 Dilucula.

282 1882 431 1916 Compesce
442 1878 589 1906 tumultum
607 1877 768 1911 passionum
784 1881 917 1906 mearum;
929 1873 1037 1900 medere

249 1927 406 1955 vulneribus
425 1925 522 1952 animae
548 1930 615 1950 meae
634 1929 640 1949 :
658 1929 672 1948 ει
691 1927 788 1948 somno
811 1919 929 1954 torporis
949 1918 1036 1945 excita

249 1982 302 2008 mc,
318 1970 513 2000 intercessione
529 1977 562 1996 ac
576 1967 745 2003 protectione
761 1970 817 1998 tua,
833 1973 849 1993 ο
864 1965 1037 1993 sanctissima

248 2020 352 2056 regine,
370 2018 455 2044 Mater
465 2020 492 2043 et
504 2015 596 2049 Virgo.

283 2065 365 2100 Aperi
384 2063 473 2094 nobis,
490 2070 506 2089 ο
525 2060 618 2096 Virgo,
635 2059 820 2095 pulsantibus,
835 2062 862 2085 ct
882 2057 1037 2085 misericor-

250 2114 322 2142 diam
337 2118 412 2139 tuam
431 2107 634 2139 invocantibus,
649 2113 665 2132 ο
678 2103 882 2140 paratissimum
897 2103 1037 2130 hominum

250 2158 395 2193 refugium.
409 2160 437 2183 et
447 2155 554 2182 ﬁrmum
567 2153 594 2180 in
610 2152 692 2179 rebus
712 2151 838 2178 omnibus
851 2149 994 2182 auxilium,
1011 2153 1039 2176 et

250 2202 433 2232 fortissimum
450 2201 476 2227 in
495 2197 702 2226 necessitatibus
718 2195 884 2231 praesidium.

285 2247 462 2276 Vclocissima
475 2244 669 2272 intercessione
686 2247 741 2274 tua,
754 2240 960 2275 vigilantissima
973 2247 1036 2274 pro-

250 2297 366 2325 tectione
377 2299 434 2325 tua,
449 2291 598 2320 fortissimo
610 2288 712 2316 auxilio
724 2293 781 2319 tuo,
794 2295 810 2313 ο
823 2286 935 2313 Domina
949 2289 1035 2318 casta,
1053 2278 1075 2305 ο

249 2349 381 2370 conserva
399 2347 471 2367 nunc
486 2337 577 2364 ﬁdeles
593 2336 710 2363 famulos
721 2339 782 2361 tuos
799 2333 833 2360 ab
847 2333 921 2360 omni
934 2333 1035 2367 impetu

249 2387 357 2420 hostili;
372 2389 398 2413 et
412 2393 427 2412 a
447 2382 617 2419 passionibus
636 2384 662 2408 ct
677 2379 808 2415 peccatis,
824 2383 905 2413 atque
918 2386 933 2405 a
949 2383 1037 2405 tenta-

251 2433 371 2461 tionibus
385 2431 459 2458 salva
477 2437 537 2457 nos.

393 2484 433 2511 E1
447 2491 545 2511 canone
560 2483 586 2509 in
599 2483 640 2509 die
653 2486 758 2517 quarta,
776 2480 895 2516 Vespere.

282 2531 436 2566 Cunecpisti
459 2529 642 2562 incll'abilitcr,
659 2533 685 2556 et
713 2528 840 2563 peperisti
870 2531 1035 2561 supernatu-

249 2580 354 2611 raliter,
372 2586 388 2604 ο
399 2577 444 2604 Dei
461 2575 588 2610 genitrix.
608 2574 814 2601 Dominatorem
830 2578 1035 2604 creaturarum;

248 2635 329 2663 quem
349 2625 517 2652 incessanter
538 2622 683 2655 deprecare
697 2624 726 2647 ut
742 2627 803 2653 nos,
820 2619 866 2654 qui
881 2624 907 2646 te
927 2619 1034 2646 beatam

249 2678 449 2706 nuncupatnus,
466 2669 499 2695 ab
515 2667 587 2694 omni
604 2667 643 2694 ira
654 2666 807 2693 liberemur.

283 2720 336 2752 Tu,
354 2725 415 2753 qua:
427 2716 551 2743 omnium
565 2722 595 2741 es
612 2713 736 2744 Domina,
748 2711 962 2747 supplicationes
976 2718 1035 2738 ser-

250 2772 343 2793 vorum
363 2769 469 2790 tuorum
486 2760 648 2795 suscipiens,
662 2767 678 2785 ο
692 2759 783 2792 regina
800 2761 892 2784 sancta
907 2756 1034 2791 Deipara,

247 2811 321 2844 eripe
339 2817 382 2836 me
398 2817 412 2835 a
432 2807 561 2838 tenebris,
581 2810 661 2840 atque
675 2805 710 2831 ab
734 2805 794 2837 igne
811 2803 1009 2837 iuextinguibili
1028 2813 1034 2830 :

248 2854 326 2881 abole
349 2851 552 2880 multitudinem
571 2849 707 2876 malorum
723 2856 847 2874 meorum
870 2848 1036 2875 nicdiatioue

248 2904 303 2933 tua,
319 2903 400 2933 atque
417 2898 497 2925 unica
515 2894 715 2924 intercessione
730 2899 784 2921 tua.

1088 976 1281 1012 ἐνυπάρχουσα
1296 975 1407 1011 βοήθεια
1429 976 1543 1010 στερρὰ,
1559 974 1606 1001 τοῦ
1623 976 1736 1007 σκότους
1752 983 1784 1010 με
1797 975 1878 1010 ῥῦσαι

1089 1022 1136 1062 καὶ
1175 1021 1315 1051 κολάσεως
1352 1020 1403 1054 τῆς
1440 1019 1626 1055 ἀποκειμένης
1661 1021 1717 1051 τοῖς
1752 1019 1878 1054 πονηρῶς

1089 1066 1204 1102 βιοῦσιν.

1129 1111 1216 1147 ’Υπὲρ
1233 1111 1311 1147 ἡμῶν
1325 1111 1488 1138 δυσωποῦσα
1500 1110 1546 1138 τδν
1572 1110 1686 1145 Ἀγαθὸν
1703 1110 1740 1145 μὴ
1766 1111 1878 1145 ἐλλίπῃς

1088 1157 1133 1184 τὸν
1146 1156 1195 1192 τὴν
1207 1156 1352 1184 ἀσθένειαν
1373 1156 1452 1191 ἡμῶν
1468 1156 1650 1190 ἐπιστάμενον
1662 1155 1753 1190 μόνον,
1770 1155 1878 1190 λοιμοῦ.

1088 1202 1168 1238 λιμοῦ
1183 1211 1224 1235 τε,
1243 1202 1291 1229 καὶ
1302 1203 1427 1238 σεισμοῦ,
1441 1202 1488 1229 καὶ
1501 1201 1592 1237 πάσης
1611 1201 1757 1233 κακώσεως
1772 1201 1877 1236 λυτρώ-

1089 1248 1187 1275 σασθαι
1203 1248 1253 1284 τὴν
1268 1247 1395 1283 τιμῶσαν
1411 1257 1441 1274 σε
1458 1248 1546 1279 πόλιν,
1564 1248 1690 1281 Θεοτόκε,
1702 1248 1719 1282 ή
1735 1248 1811 1279 ἐλπὶς
1824 1248 1877 1274 τῶν

1087 1302 1222 1329 γηγενων.

1131 1338 1179 1364 Ἐκ
1191 1337 1244 1364 τοῦ
1256 1337 1394 1370 Κανὸνος
1409 1337 1464 1371 τῆς
1474 1337 1577 1371 τρίτης
1587 1336 1643 1371 τῆς
1656 1337 1840 1372 Τυροράτου.

1123 1381 1247 1415 Παρθένε
1268 1379 1440 1416 πανύμνητε,
1462 1380 1522 1412 ὁδὸς
1544 1381 1610 1415 ἡμῖν
1623 1380 1702 1414 γενοῦ
1721 1381 1770 1416 τῆς
1794 1389 1877 1416 μετα-

1087 1426 1173 1459 νοίας,
1191 1426 1330 1462 σωτηρίας
1345 1426 1481 1461 ὀδηγοῦσα
1496 1426 1565 1461 πρὸς
1579 1425 1627 1457 τὰς
1645 1425 1742 1458 πύλας.

1128 1472 1161 1499 Ἦ
1168 1472 1345 1509 οὐρανώσασα
1353 1472 1431 1507 ἡμῶν
1445 1472 1475 1498 τὺ
1487 1471 1598 1506 γεῶδες,
1614 1472 1701 1507 Κόρη,
1711 1471 1740 1498 τὸ
1750 1471 1876 1507 φύραμα,

1087 1517 1137 1553 τὴν
1161 1518 1312 1552 γεωθεϊσαν
1329 1517 1376 1544 καὶ
1405 1517 1627 1553 καταφθαρείσαν
1644 1517 1694 1552 τῆς
1718 1517 1806 1553 ψυχῆς
1823 1526 1875 1552 μου

1089 1563 1197 1590 αῠλακα
1212 1563 1250 1597 τῷ
1271 1563 1369 1598 ὕμϐρῳ
1390 1562 1443 1590 σῶν
1455 1562 1606 1598 οἰκτιρμῶν
1622 1562 1797 1598 καρποφόρον
1812 1564 1875 1598 ἁρε-

1089 1608 1149 1639 τατς
1172 1607 1323 1641 ἀνάδειξον,
1348 1608 1453 1643 βοῶσαν
1478 1608 1526 1634 καὶ
1551 1607 1743 1642 ὑπερυψοῦσαν
1758 1607 1878 1643 Χριστὸν

1088 1654 1128 1685 είς
1143 1655 1206 1685 τοὺς
1217 1654 1329 1685 αἰῶνας.

1124 1701 1157 1737 Σὲ
1173 1701 1222 1736 τὴν
1238 1702 1375 1735 κραταιὰν
1391 1700 1561 1735 προστασίαν
1588 1701 1636 1727 καὶ⁸
1654 1699 1766 1736 βεϐαίαν
1780 1700 1877 1728 ἐλπίδα

1087 1747 1272 1782 ἁνυμνοῦντες
1291 1746 1413 1778 εὐσεϐῶς
1428 1746 1657 1781 ὲκδυσωποῦμεν·
1676 1745 1728 1774 Τδν
1742 1746 1805 1773 Υίόν
1828 1754 1877 1772 σου

1088 1793 1222 1826 δυσώπει,
1238 1793 1370 1829 Παρθένε,
1390 1793 1437 1819 τοῦ
1453 1793 1573 1825 σωθῆναι
1587 1794 1671 1828 ἡμᾶς.

1094 1838 1145 1864 Ἐκ
1159 1837 1212 1864 τοῦ
1233 1838 1369 1870 Κανόνος
1382 1836 1437 1870 τῆς
1456 1836 1610 1870 τετάρτης,
1622 1837 1664 1869 εις
1673 1836 1728 1863 τὸν
1739 1835 1876 1870 Ὀρθρον.

1124 1879 1299 1906 Κατεὺνασον
1324 1880 1370 1906 τὸν
1395 1881 1514 1915 τάραχον
1533 1879 1587 1906 τῶν
1600 1879 1693 1906 παθῶν
1708 1888 1773 1915 μου,
1794 1880 1878 1915 θερά-

1091 1934 1194 1953 πευσον
1209 1925 1243 1952 τὰ
1265 1925 1410 1960 τραύματα
1431 1926 1481 1960 τῆς
1500 1925 1589 1961 ψυχῆς
1608 1933 1669 1960 μου,
1694 1926 1832 1960 ἐξέγειρον
1847 1926 1877 1958 ἐξ

1089 1972 1175 1999 ὕπνου
1193 1980 1226 2007 με
1241 1971 1377 2007 ῥᾳθυμίας
1392 1973 1425 2007 τῇ
1444 1972 1568 2007 μεσιτείᾳ
1587 1980 1645 2009 σου,
1670 1973 1704 2006 τῇ
1723 1972 1878 2007 προστασία

1090 2027 1148 2051 σου,
1162 2018 1284 2052 παναγία
1298 2018 1442 2050 Δέσποινα,
1457 2017 1682 2052 Μητροπάρθενε.

1127 2063 1251 2096 Ἀνοιξον
1274 2062 1421 2098 κρούουσιν
1449 2063 1525 2097 ἡμῖν,
1550 2062 1599 2088 καὶ
1625 2061 1655 2087 τὸ
1682 2061 1757 2092 ἔλεος
1772 2061 1803 2087 τὸ
1832 2061 1879 2088 σὺν

1090 2108 1351 2145 προσκαλουμένοις,
1367 2108 1465 2143 ταχινή
1487 2108 1541 2148 τῷν
1555 2107 1707 2142 ἀνθρώπων
1720 2107 1877 2141 καταφυγὴ,

1089 2156 1136 2182 καὶ
1152 2155 1253 2191 στερρὰ
1272 2155 1300 2181 ὲν
1323 2155 1391 2180 πᾶσι
1411 2153 1535 2189 βοήθεια,
1560 2153 1693 2189 Παρθένε,
1714 2154 1829 2179 καὶτῶν
1849 2155 1879 2179 ὲν

1089 2202 1222 2234 ἀνάγκαις
1236 2199 1334 2235 βεϐαία
1345 2200 1507 2235 προστασία.

1123 2248 1162 2282 Τῇ
1177 2247 1294 2281 ὀξυτάτῃ
1311 2254 1359 2272 σου
1379 2246 1521 2281 πρεσϐείᾳ,
1534 2247 1566 2282 τῇ
1576 2245 1707 2281 ἀγρύπνῳ
1719 2254 1764 2272 σου
1777 2245 1878 2282 σκέπῃ,

1091 2295 1125 2329 τῇ
1138 2293 1259 2328 κριταιᾷ
1279 2301 1337 2324 σου,
1356 2293 1490 2320 Δέσποινα
1514 2292 1595 2328 ἁγνὴ,
1620 2292 1667 2318 νῦν
1691 2292 1803 2327 βοηθείᾳ
1817 2300 1879 2318 συν-

1092 2341 1210 2375 τήρησον
1221 2339 1283 2370 τοὺς
1310 2339 1423 2370 πιστούς
1445 2347 1491 2365 σου
1516 2338 1624 2370 οἰκέτας
1640 2339 1672 2364 ὲκ
1698 2338 1787 2372 πάσης
1803 2338 1880 2364 ἐναν-

1089 2385 1149 2416 τίας
1165 2384 1330 2420 προσϐολῆς,
1352 2386 1398 2410 καὶ
1415 2384 1521 2416 παθῶν,
1539 2383 1586 2411 καὶ
1615 2384 1805 2418 πταισμάτων,
1832 2383 1879 2410 καὶ

1090 2431 1252 2466 πειρασμῶν
1263 2430 1406 2457 διάσωσον.

1161 2486 1188 2511 Ἐ
1191 2495 1208 2512 κ
1229 2485 1284 2512 τοῦ
1298 2486 1434 2516 Κανόνας
1449 2484 1504 2518 τῆς
1520 2484 1670 2520 τετάρτης,
1684 2483 1825 2517 ἑσπέρας.

1123 2529 1272 2561 Συνέλαϐες
1300 2529 1369 2564 ὑπὲρ
1396 2528 1475 2562 λόγον
1500 2529 1547 2554 καὶ
1568 2527 1661 2559 ἔτεκες
1691 2527 1760 2562 ὑπὲρ
1786 2526 1877 2561 φύσιν,

1086 2575 1280 2611 Θεογενὶιῆἐνιρ.
1308 2576 1354 2602 τὸν
1369 2575 1507 2610 Δεσπότην
1532 2574 1580 2609 τῆς
1602 2574 1728 2605 κτίσεως,
1743 2574 1772 2600 ὃν
1789 2573 1880 2600 dna-3-

1089 2631 1159 2654 στως
1179 2622 1312 2657 πρέσϐευε
1331 2622 1465 2657 ρυσῦἧναι
1483 2621 1555 2656 ἡμᾶς
1567 2621 1600 2647 ὲκ
1613 2621 1703 2655 πάσης
1720 2620 1804 2655 ὀργῆς
1817 2618 1881 2650 τούς

1088 2676 1118 2694 σε
1135 2668 1178 2694 ἀεὶ
1210 2669 1420 2703 μακαρίζοντας.

1128 2713 1159 2740 Ἦ
1170 2715 1277 2741 πάντων
1288 2715 1456 2746 δεσπόζουσα
1471 2713 1521 2744 τὰς
1537 2714 1643 2743 ἱκεσίας
1657 2712 1802 2748 δεχομένη,
1829 2711 1879 2738 Δέ-

1088 2769 1196 2792 σποινα,
1212 2760 1266 2786 τῶν
1281 2760 1383 2787 δούλων
1400 2769 1457 2792 σου,
1473 2760 1538 2793 ἁγία
1550 2760 1680 2791 Θεοτόκε,
1696 2759 1743 2786 τοῦ
1768 2759 1881 2790 σκότους

1090 2815 1123 2841 με
1137 2807 1289 2841 λύτρωσαι,
1309 2807 1355 2833 καὶ
1372 2807 1459 2842 πυρὸς
1479 2806 1527 2832 τοῦ
1545 2806 1690 2838 ἀσϐέστου,
1711 2805 1766 2831 τῶν
1786 2805 1880 2831 κακῶν

1089 2861 1139 2887 μου
1153 2853 1185 2878 τὰ
1196 2852 1285 2888 πλήθη
1298 2852 1462 2887 ὲξαλείψασα
1473 2855 1505 2889 τῇ
1517 2855 1545 2880 ἐν
1556 2854 1588 2889 σῇ
1606 2852 1741 2888 μεσιτείᾳ,
1752 2852 1799 2879 καὶ
1814 2851 1881 2886 μόνῃ

1088 2900 1121 2934 τῇ
1142 2898 1202 2934 Θείᾳ
1216 2908 1262 2925 σου
1277 2899 1421 2935 πρεσϐείᾳ.
