2075 3154
235 175 301 207 1357

957 168 1140 200 MARIALE.

1790 168 1856 199 13.38

256 234 320 259 Ὅτι
335 229 452 263 ἀνέδειξέ
469 238 498 256 σε
513 229 590 261 Θεὸς,
604 227 727 264 Παρθένε
739 226 818 262 ἁγνὴ,
831 226 959 261 βοήθειαν
967 225 1014 251 τοῦ

1103 222 1331 258 Quandoquidem
1348 222 1420 250 Deus
1432 222 1576 250 constituit
1588 227 1612 249 Ic
1627 222 1739 250 immani
1751 231 1826 257 gener
1836 225 1858 249 is

189 266 196 271 .
225 281 322 314 γένους
345 279 400 305 τῶν
425 277 541 313 βροτῶν,
569 275 606 311 μὴ
623 275 735 309 ἐλλίπῃς
760 274 878 304 ἐκτενῶς
902 272 1015 299 καθικε-

225 325 342 351 τεύουσα
357 324 438 350 αὐτὸν
452 321 523 357 ὑπὲρ
537 321 616 357 ἡμῶν
629 320 683 347 τῶν
700 319 816 346 πιστῶν.

295 387 345 414 Ἐκ
360 386 413 413 τοῦ
426 385 556 417 κανόνος
567 383 621 418 τῆς
637 382 785 418 πέμπτης,
802 380 943 415 ἑσπέρας.

268 439 346 472 ’Ᾱγία
363 438 496 473 Παρθένε,
522 436 608 471 ἡτῶν
635 435 738 462 πιστῶν
768 434 910 469 ἀντίληψις
936 434 1015 468 μόνη,

227 485 276 519 τὴν
293 483 442 518 πρεσϐείαν
473 491 520 508 σου
554 481 685 517 συνεργὸν
712 480 801 516 καιρῷ
819 481 869 516 τῆς
891 480 1017 516 νηστείας

228 532 294 557 πᾶσι
308 530 379 556 δίδου
396 530 451 561 τοῖς
462 528 593 554 Θεοτόκον
620 528 707 563 ἁγνήν
723 535 752 553 σε
770 525 945 562 γινώσκουσι.

269 621 314 653 Ὦς
329 620 422 647 αἰτίαν
448 628 478 646 σε
510 619 620 646 πάντων
635 618 690 645 τῶν
719 618 842 652 ἀγαθῶν,
872 619 1016 651 Δέσποινα,

227 668 326 699 πάντες
355 665 471 696 ἐκτενῶς
493 665 672 700 δυσωποῦμεν
692 664 871 691 συνεισελθεῖν
897 665 971 699 ἡμᾶς
985 665 1017 699 τῇ

229 713 355 747 μεσιτείᾳ
380 721 427 738 σου
455 711 494 746 τῷ
506 711 556 745 τῆς
583 711 711 746 νηστείας
736 710 833 745 ἀγῶνι,
860 711 908 737 καὶ
930 711 1018 746 πέρας

227 758 405 794 δωρήσασθαι
427 757 523 784 τούτου
539 758 683 792 σωτήριον.

266 804 395 839 Καθαρὸν
420 803 575 837 ἱλαστήριον
615 802 671 828 τῶν
704 801 927 837 ἁμαρτανόντων,
953 800 1018 834 ἁγία

227 851 372 883 Δέσποινα,
402 849 526 884 μεσιτείᾳ
542 857 589 874 σου
621 848 767 884 διάρρηξον
792 847 847 874 τῶν
874 847 1017 882 ἁμαρτιῶν

228 903 280 929 μου
295 894 326 920 τὸ
346 893 538 929 χειρόγραφον.

260 939 318 973 Τῆς
331 938 458 974 νηστείας
479 937 566 968 πύλας
581 937 726 972 μέλλοντες
742 935 924 971 είσέρχεσθαι,
939 935 1017 962 ὲκόυ‹

227 984 373 1020 σωποῦμέν
388 992 430 1016 σε,
458 984 506 1010 τοῦ
532 982 600 1010 Θεοῦ
614 982 664 1017 τὴν
681 981 779 1016 πύλην,
799 980 937 1007 συνελθεῖν
960 981 1017 1012 τοῖς

226 1030 346 1061 οἰκέταις
362 1038 421 1061 σου,
434 1028 580 1060 Δέσποινα,
603 1027 651 1054 καὶ
665 1027 799 1054 πλατῦναι
823 1026 933 1057 πάντως
953 1026 1017 1057 τοὺς

226 1075 384 1110 λογισμοὺς,
406 1074 454 1101 καὶ
479 1073 600 1105 διανοίας
625 1073 660 1100 τὰ
675 1073 798 1107 σωτήρια
827 1071 957 1107 πράττειν
983 1071 1018 1098 τὰ

227 1121 380 1155 θελήματα.

266 1166 333 1197 Ταῖς
357 1165 521 1200 φωτοὸόλοις
550 1173 598 1191 σου
619 1164 785 1198 ἀστραπαῖς,
816 1162 950 1189 Δέσποινα
969 1162 1016 1189 τοῦ

229 1212 331 1247 κόσμου
346 1212 447 1246 ἀγαθὴ,
465 1211 496 1238 τὺ
507 1211 557 1246 τῆς
578 1211 667 1246 ψυχῆς
683 1219 734 1246 μου
750 1209 887 1236 ἀπέλασον
911 1209 1017 1240 σκότος,

229 1259 275 1285 καὶ
289 1258 339 1293 τὴν
361 1257 447 1285 νύκτα
469 1258 519 1292 τῆς
541 1257 681 1292 ἁμαρτίας
713 1265 777 1291 μου,
807 1254 956 1290 προθύμως
974 1255 1018 1281 ἵνα

227 1304 321 1339 ψάλλω
336 1304 383 1330 καὶ
399 1303 546 1338 μακαρίζω
560 1311 602 1329 σε.

262 1350 295 1376 Ἦ
314 1349 384 1384 μόνη
407 1349 438 1375 τὸ
468 1348 582 1380 ἀσθενὲς
606 1349 654 1383 τῆς
679 1347 853 1383 ἀνθρωπίνης
875 1347 1018 1383 ὑπάρξεως

228 1394 266 1430 τῷ
280 1394 346 1430 θείῳ
364 1403 412 1421 σου
428 1394 543 1429 τοκετῷ,
572 1394 654 1429 ἁγνὴ,
676 1393 863 1429 ἐπιρῤὼσασα,
889 1392 1018 1426 συνεργός

230 1450 275 1477 μοι
301 1441 401 1476 φάνηθι
425 1441 495 1476 πρὸς
523 1441 555 1468 τὸ
577 1442 627 1476 τῆς
652 1441 779 1475 νηστείας
810 1440 921 1467 εἰσιόντι
947 1439 1018 1466 θεῖον

230 1488 347 1515 στάδιον.

269 1535 346 1570 Μόνη
360 1534 473 1570 βοήθεια
485 1533 649 1569 ἀνθρώπων,
665 1532 762 1568 βοηθὸς
777 1533 843 1568 ἡμῖν
860 1532 950 1568 καιρῷ
969 1532 1018 1567 τῆς

1069 270 1217 302 auxilium;
1234 277 1267 296 ne
1280 269 1403 299 omittas.
1417 276 1433 295 ο
1448 268 1529 303 Virgo
1541 273 1630 300 casta,
1647 269 1772 303 impense
1782 277 1859 295 etnn-

1068 316 1129 343 dem
1147 323 1196 350 pro
1212 315 1290 342 nobis
1307 315 1433 342 ﬁdelibus
1447 315 1599 349 depreCari.

1210 375 1250 403 Ea:
1267 384 1368 403 canone
1381 377 1407 402 in
1422 375 1464 402 die
1478 375 1580 410 quituu,
1600 375 1720 409 Vespere.

1105 431 1188 467 304
1202 431 1224 459 Ο
1241 432 1321 466 Virgo
1335 436 1441 463 sancta.
1452 431 1563 459 unicum
1576 432 1696 459 ﬁdelium
1710 432 1857 464 auxilium.

1069 480 1188 507 concede
1209 479 1370 514 adiutricem
1391 479 1616 505 intercessionem
1643 483 1717 506 tuam
1738 485 1859 514 tempore

1067 525 1176 560 ieiunii,
1198 526 1326 552 omnibus
1340 529 1366 552 te
1390 524 1533 560 Deiparant
1557 529 1660 552 castam
1686 528 1859 561 agnoscenti—

1069 571 1132 599 bus.

1105 615 1153 648 Te,
1166 621 1196 643 ut
1208 616 1331 643 omnium
1355 616 1491 643 bonorum
1512 624 1636 650 causam,
1652 617 1777 651 Domina,
1796 621 1858 646 uni-

1070 662 1142 689 versi
1157 662 1258 689 obnixe
1271 662 1463 696 deprecamur,
1480 667 1510 689 ιιι
1525 668 1551 690 te
1567 663 1736 696 mediatrice,
1749 665 1775 691 in
1790 665 1862 699 jeju-

1070 707 1107 734 nii
1129 715 1244 742 agonem
1265 709 1347 736 simul
1367 709 1579 740 descendamus,
1606 714 1632 737 et
1655 710 1688 737 ad
1705 711 1858 745 salutarem

1076 754 1200 788 ejusdem
1214 755 1294 781 linem
1308 755 1496 782 deveniamus.

1105 800 1205 827 Parum
1234 800 1407 835 peccantium
1443 801 1675 836 propitiatoﬁum,
1698 810 1716 828 ο
1746 802 1860 830 Domina

1071 852 1179 878 sancta,
1195 846 1394 873 intercessione
1409 851 1453 873 tua
1469 845 1581 882 cﬂ‘ringe
1596 851 1769 882 peccatorttm
1788 856 1862 875 meo-

1032 894 1054 924 Β
1069 899 1128 918 runt
1141 891 1364 925 chirographum.

1107 935 1208 971 Jejunii
1221 941 1327 970 portam
1340 936 1500 971 ingressuri,
1514 941 1540 964 te
1553 936 1599 964 Dei
1614 943 1719 972 portam
1732 940 1861 974 depreca-

1069 989 1141 1012 mur,
1163 990 1179 1008 o
1196 981 1322 1013 Domina,
1339 986 1368 1008 ut
1379 982 1492 1016 adjuves
1505 983 1622 1011 famulos
1635 989 1706 1016 tuos,
1720 991 1802 1019 atque
1817 994 1862 1020 pe—

1070 1027 1147 1054 nitus
1180 1027 1277 1054 dilates
1297 1031 1403 1055 mentes
1430 1032 1458 1055 et
1476 1027 1656 1063 cogitationes
1676 1031 1711 1057 ad
1728 1033 1860 1058 salutaria

1069 1072 1204 1099 desideria
1222 1072 1399 1107 perﬁcienda.

1098 1163 1287 1191 Lucilissimis
1313 1163 1505 1198 splendoribus
1532 1165 1604 1200 tuis;|
1628 1173 1645 1193 θ
1673 1165 1744 1193 bona
1761 1167 1858 1194 mundi

1071 1208 1197 1240 Domina,
1220 1208 1327 1236 discute
1347 1208 1474 1235 tenebras
1497 1208 1595 1236 animm
1613 1217 1689 1242 mcaz,
1705 1214 1732 1237 et
1752 1215 1859 1238 noctem

1070 1253 1173 1287 peccati
1200 1253 1265 1284 mei.
1291 1257 1320 1279 ut
1342 1252 1470 1280 alacriter
1494 1253 1619 1287 psallam,
1644 1258 1728 1290 teque
1753 1255 1859 1282 beatiﬁ-

1069 1306 1140 1326 cem.
1282 1327 1285 1331 _

1105 1345 1128 1372 0
1143 1349 1229 1378 casta,
1247 1352 1307 1380 qua:
1322 1345 1378 1373 stula
1395 1346 1489 1373 divino
1505 1351 1582 1381 partu
1599 1351 1646 1375 tuo
1663 1348 1791 1376 humana
1809 1357 1860 1376 na-

1069 1395 1138 1417 tura:
1155 1391 1368 1418 imbecillitatem
1382 1393 1586 1425 corroborasti;
1601 1398 1660 1421 esto
1682 1394 1749 1421 mihi
1777 1397 1857 1422 ausi-

1069 1436 1171 1468 liatrix,
1187 1437 1251 1464 dum
1267 1437 1390 1467 di\inum
1405 1438 1505 1473 jejunii
1524 1439 1642 1467 stadium
1658 1440 1807 1474 ingredior.

1106 1530 1223 1558 Unicum
1249 1530 1392 1558 hominum
1416 1531 1562 1564 auxilium,
1586 1536 1646 1559 esto
1672 1532 1752 1560 nobis
1774 1533 1861 1560 servis

230 1580 395 1615 ἐγκρατείας
408 1581 465 1611 τοῖς
484 1581 541 1611 σοῖς
559 1579 668 1610 δούλοις
685 1579 776 1613 γενοῦ,
797 1579 872 1610 ὅπως
880 1579 911 1605 ὲν
936 1587 1018 1613 μετα-

1073 1578 1127 1604 tuis
1143 1575 1261 1609 adiutrix
1286 1581 1407 1611 tempore
1422 1577 1610 1611 abstinentiae;
1630 1583 1657 1605 nt
1675 1579 1701 1605 in
1724 1580 1862 1614 paeniten-

229 1626 290 1662 νοῖᾳ
301 1626 510 1662 εὐαρεστοῦντες
525 1625 656 1661 λάϐωμεν
673 1623 796 1660 οὐρανῶν
805 1624 856 1660 τὴν
867 1624 1017 1660 βασιλειαν.

266 1717 421 1753 Θεοκυῆτορ
433 1718 565 1751 πάναγνε,
577 1717 624 1743 ἐπὶ
636 1717 667 1744 σὲ
681 1717 902 1753 καταφεύγομεν,
916 1716 1018 1744 οἴκτει-

231 1769 277 1796 ρον
288 1761 362 1796 ἡμᾶς
376 1763 410 1796 τῇ
426 1761 516 1796 ἀγαθῇ
530 1761 664 1796 πρεσὸείᾳ
676 1770 735 1793 σου,
748 1761 795 1787 καὶ
805 1761 876 1787 δίδου
895 1761 1019 1788 εὖῐλατον

230 1807 274 1833 τὸν
290 1807 353 1832 Υῐόν
367 1815 413 1833 σου
428 1807 474 1833 καὶ
488 1807 591 1842 Κύριον
603 1806 705 1833 ἅπασιν
729 1807 796 1841 ἡμῖν
825 1807 854 1833 ἐν
869 1807 908 1841 τῷ
930 1807 1019 1842 καιρῷ

230 1853 280 1888 τῆς
299 1853 437 1888 νηστείας,
451 1853 500 1887 τῆς
515 1852 563 1879 νῦν
591 1853 773 1888 εἰσαγομένης
786 1854 826 1884 εἰς
847 1853 952 1879 πιστῶν
965 1862 1019 1879 σω-

229 1907 261 1932 τη
265 1898 327 1932 ρίαν
337 1898 390 1924 τῶν
400 1906 429 1924 σε
439 1898 660 1933 ὑμνολογούντων
668 1899 708 1929 είς
719 1898 823 1930 πάντας
834 1898 896 1930 τοὺς
906 1898 1018 1930 αἰῶνας.

265 1944 499 1971 Καταπιπτόντων
534 1944 732 1979 ἐπανόρθωσις,
774 1944 946 1980 ἁμαρτωλῶν
970 1951 1018 1979 με-

232 1990 311 2021 σῖτις,
345 1990 428 2023 ξένων
458 1989 600 2026 ἀνάφυξις,
629 1989 806 2025 λυπουμένων
833 1990 1017 2024 παράκλησις,

232 2027 354 2070 παναγία
373 2035 508 2071 Παρθένε,
530 2036 579 2070 τὴν
594 2035 644 2070 τῆς
662 2034 750 2070 ψυχῆς
783 2043 834 2070 μου
858 2035 946 2071 λύπην
962 2035 1018 2062 δια-

232 2082 374 2114 σκέδασον,
400 2081 481 2117 ἁγνὴ,
511 2082 559 2108 καὶ
583 2081 758 2116 παράκλησιν
785 2081 887 2108 ἀνωθεν
903 2082 934 2108 ὲκ
949 2080 1018 2107 Θεοῦ

232 2138 278 2162 μοι
304 2129 416 2163 δοθῆναι
443 2128 575 2160 δυσώπει,
600 2128 766 2164 μελῳδοῦντι
791 2128 951 2164 προθύμως,
971 2127 1018 2155 καὶ

232 2174 416 2210 ὑπεροψοῦντί
431 2183 460 2201 σε
476 2175 516 2206 εἰς
536 2175 639 2207 πάντας
654 2175 717 2206 τοὺς
729 2174 841 2205 αἰῶνας.

1071 1623 1120 1654 tia,
1138 1622 1194 1649 Deo
1208 1622 1307 1657 placite
1330 1622 1510 1658 hilariter-que
1523 1624 1684 1656 servientes,
1698 1625 1861 1660 recipiamus

1071 1676 1183 1701 regnum
1199 1668 1342 1697 caelorum.

1104 1713 1126 1740 Ο
1143 1706 1296 1741 castissiina
1319 1713 1365 1741 Dei
1395 1713 1530 1747 Genitrix,
1551 1716 1583 1740 ad
1605 1718 1633 1742 te
1655 1714 1830 1750 confugimus
1852 1727 1858 1744 :

1071 1762 1201 1789 miserere
1213 1761 1301 1788 nostri
1319 1762 1435 1797 benigna
1454 1762 1652 1790 intercessione
1665 1768 1723 1796 tua,
1738 1768 1766 1791 et
1778 1765 1860 1791 redde

1071 1808 1217 1842 propitium
1233 1808 1332 1835 Filium
1345 1811 1420 1834 tuum
1439 1815 1469 1836 ac
1482 1808 1627 1836 Dominum
1643 1809 1721 1837 nobis
1732 1811 1861 1838 omnibus

1071 1857 1192 1886 tempore
1210 1852 1308 1887 jejunii
1327 1860 1399 1880 nunc
1415 1852 1581 1886 incipientis,
1604 1853 1632 1880 in
1654 1854 1771 1882 salutent
1791 1855 1859 1883 ﬁde-

1071 1898 1136 1925 lium
1151 1907 1158 1924 :
1174 1897 1221 1932 qni
1235 1902 1260 1925 te
1276 1898 1386 1932 hymnis
1397 1898 1535 1925 celebrant
1551 1907 1597 1933 per
1610 1901 1701 1927 omnia
1714 1902 1823 1929 saecula.

1106 1943 1266 1972 Labeatium
1289 1944 1412 1977 erectio;
1429 1945 1603 1979 peccantium
1627 1947 1788 1980 mediatrix;
1812 1956 1860 1982 po-

1071 1991 1244 2025 regrinorum
1258 1990 1449 2027 refrigerium;
1466 1992 1583 2018 tristium
1603 1993 1769 2026 consolatio,
1779 1993 1861 2029 Virgo

1071 2037 1263 2070 sanctissima;
1280 2037 1365 2064 animi
1381 2037 1434 2065 mei
1449 2045 1594 2065 maerorem
1608 2038 1758 2074 dispelle,o
1774 2045 1860 2072 casta.

1071 2086 1098 2110 et.
1121 2083 1233 2118 impetra
1245 2083 1326 2118 305
1350 2083 1416 2110 mihi
1433 2084 1560 2118 precibus
1577 2085 1631 2112 tuis
1644 2093 1659 2112 a
1675 2085 1730 2113 Deo
1743 2086 1861 2121 desuper

1071 2129 1303 2163 consolationem;
1337 2130 1403 2157 dum
1435 2130 1558 2158 hilariter
1592 2139 1674 2165 cano,
1700 2137 1783 2167 teque
1807 2142 1856 2160 su-

1071 2175 1209 2209 perexalto
1228 2183 1276 2210 per
1292 2176 1385 2203 omnia
1400 2177 1512 2204 smcula.

265 2221 401 2254 Φιλάγαθε
411 2221 544 2257 Παρθένε,
555 2221 601 2247 τὸν
613 2221 716 2254 ἀγαθὸν
729 2221 746 2256 ἡ
755 2220 873 2247 τεκοῦσα
887 2219 964 2246 Σωτῆ
970 2228 1015 2254 ρα,

1106 2222 1200 2249 Amica
1216 2222 1351 2249 bonorutn
1373 2222 1468 2258 Virgo,
1487 2231 1547 2258 qua:
1570 2224 1671 2251 bonum
1690 2224 1860 2252 Salvatorem

231 2265 366 2297 ἀγάθυνον
381 2265 484 2296 πάντας
497 2266 582 2301 ἡμᾶς,
604 2265 718 2292 πάθεσιν
733 2265 864 2300 ἀμέτροις
878 2264 927 2291 καὶ
942 2265 1017 2298 λογι-

233 2312 312 2343 σμοῖς
331 2312 553 2347 κεκακωμένους,
577 2312 723 2343 Δέσποινα,
742 2312 789 2338 καὶ
812 2311 1017 2346 βεὸαρνμένους

231 2357 372 2392 ἁμαρτιῶν
388 2358 508 2393 φορτίοις
518 2358 743 2391 δυσϐαστάκτοις,
757 2359 799 2385 ἵνα
812 2367 841 2385 σε
858 2357 1020 2392 καταχρέως

231 2402 269 2434 ὡς
296 2403 429 2429 Θεοτόκον
456 2404 667 2439 μεγαλύνωμεν.

264 2497 297 2524 'll
314 2497 471 2533 προστασία
489 2496 600 2524 πάντων
619 2497 675 2524 τῶν
698 2498 738 2529 εις
751 2497 782 2524 σὲ
807 2497 988 2530 πεποιθότων,
1003 2498 1020 2533 ἡ

230 2543 259 2568 ἐν
274 2542 408 2576 ἀνάγκαις
426 2541 565 2577 ἄγρυπνος
587 2542 748 2577 ὑπάρχουσα
772 2543 931 2579 προστάτις,
958 2543 1020 2587 Θεο-

230 2588 303 2618 τόκε,
319 2587 370 2622 τῆς
389 2586 569 2622 αἰωνιζούσης
589 2587 724 2623 λύτρωσαι
740 2589 814 2624 ἡμᾶς
838 2588 961 2624 γεέννη·,
971 2586 1019 2615 καὶ

230 2632 285 2659 τῶν
301 2633 493 2667 ἀποκειμένων
510 2633 648 2660 κολάσεων
667 2634 786 2669 πικρῶν,
799 2635 874 2664 ὃπως
890 2643 1021 2669 χρεωστι-

231 2680 285 2711 κῶς
302 2679 492 2715 ὑμνοῦμενριὰ
514 2680 647 2715 μεγαλεῖα
659 2689 717 2706 σου.

250 2757 252 2759 .
556 2733 648 2770 Ἦχος
660 2736 700 2768 β’.

237 2780 288 2806 Ἐκ
302 2779 355 2806 τοῦ
367 2781 498 2814 κανόνος
514 2780 570 2814 τῆς
585 2780 728 2815 δευτέρας
745 2779 800 2814 τῆς
810 2780 972 2815 ἑϐδομάδος
983 2785 1019 2808 a'.

264 2837 296 2863 'H
326 2838 376 2873 τὴν
406 2839 500 2873 πηγὴν
523 2838 574 2873 τῆς
609 2838 744 2869 ἀπαθείας
778 2837 907 2873 κυήσασα
937 2846 1022 2872 τραυ‹

231 2885 396 2919 μιτισθέντα
422 2885 531 2919 πάθεσι,
570 2885 657 2921 Κόρη,
685 2884 865 2920 θεράπευσον,
894 2885 941 2910 καὶ
972 2893 1022 2909 πυ-

1072 2268 1214 2303 pepcristi,
1233 2268 1321 2295 bonos
1342 2267 1417 2296 ciiice
1445 2277 1494 2296 nos
1515 2269 1670 2302 universos,
1692 2279 1708 2297 ο
1734 2271 1860 2302 Domina.

1072 2314 1261 2342 immoderatis
1282 2315 1367 2342 animi
1390 2316 1643 2349 perturbationibus
1660 2322 1688 2344 et
1714 2319 1860 2352 cogitatio-

1072 2358 1153 2386 nibus
1169 2359 1254 2386 malos
1272 2360 1395 2392 effectos,
1413 2366 1439 2388 et
1451 2361 1673 2395 importabilibus
1686 2367 1860 2397 peccatorum

1072 2405 1189 2432 sarcinis
1204 2411 1342 2439 gravatos,
1361 2411 1391 2432 ut
1402 2411 1438 2438 te,
1455 2411 1534 2440 prout
1544 2414 1653 2441 aequum
1665 2412 1717 2440 est,
1731 2412 1860 2443 tanquam

1072 2451 1216 2486 Deiparam
1227 2452 1423 2487 gloriﬁcentns.

1105 2496 1127 2524 0
1141 2497 1331 2532 omnium,qui
1345 2497 1371 2524 in
1385 2503 1409 2524 te
1424 2497 1573 2530 c0nﬁdunl,
1588 2499 1780 2532 patrocinium,
1800 2506 1862 2534 qua

1073 2543 1281 2579 vigilantissima
1296 2543 1323 2570 in
1334 2544 1545 2571 tmeessitatibus
1557 2551 1586 2571 es
1599 2545 1763 2579 protectrix;
1777 2544 1860 2571 libera

1074 2598 1134 2622 nos,
1149 2597 1166 2616 o
1183 2590 1308 2624 Deipara,
1323 2598 1337 2616 a
1353 2591 1476 2625 gehenna
1492 2591 1617 2626 perenni,
1631 2596 1657 2618 ct
1667 2591 1701 2618 ab
1716 2591 1860 2618 amarissi-

1074 2636 1127 2663 tnis
1139 2635 1279 2670 suppliciis
1293 2636 1350 2670 jam
1369 2637 1537 2671 praeparatis,
1558 2641 1588 2664 ut
1606 2637 1696 2664 debite
1718 2636 1862 2663 laudemus

1074 2682 1208 2717 magnalia
1220 2688 1277 2710 tua.

1076 2782 1222 2809 Eteonon
1230 2782 1303 2816 ferire
1315 2789 1334 2808 II
1349 2735 1624 2816 ργῖπῗᾚῗάῖοιαάω
1634 2779 1860 2815 Quadrageaimw.

1111 2837 1340 2872 lmpassihilitatis
1353 2837 1454 2864 fontem
1467 2835 1559 2868 enixa,
1577 2843 1620 2863 me
1634 2836 1792 2871 passionum
1807 2838 1863 2864 vul-

1076 2883 1187 2910 aeribus
1195 2882 1352 2911 confectum
1368 2882 1474 2910 medica
1489 2889 1570 2909 manu
1587 2889 1664 2918 cura,
1677 2890 1694 2910 ο
1708 2882 1798 2910 Puella
1815 2892 1821 2911 :
1837 2888 1865 2912 et
