  <div class='ocr_page' id='page_1' title='image "/cluster/home/n/w/nwhite01/storage/ocr_20150623/105/njp.32101077772893/754.png"; bbox 0 0 2075 3154; ppageno 0'>
   <div class='ocr_carea' id='block_1_1' title="bbox 226 158 295 192">
    <p class='ocr_par' dir='ltr' id='par_1_1' title="bbox 226 158 295 192">
     <span class='ocr_line' id='line_1_1' title="bbox 226 158 295 192; baseline 0.014 -1"><span class='ocrx_word' id='word_1_1' title='bbox 226 158 295 192; x_wconf 76' lang='grc'><strong>1365</strong></span> 
     </span>
    </p>
   </div>
   <div class='ocr_carea' id='block_1_2' title="bbox 258 278 1013 314">
    <p class='ocr_par' dir='ltr' id='par_1_2' title="bbox 258 278 1013 314">
     <span class='ocr_line' id='line_1_2' title="bbox 258 278 1013 314; baseline 0.001 -11"><span class='ocrx_word' id='word_1_2' title='bbox 258 278 409 313; x_wconf 86' lang='grc' dir='ltr'>Νηστεύειν</span> <span class='ocrx_word' id='word_1_3' title='bbox 439 287 474 313; x_wconf 89' lang='grc' dir='ltr'><strong>με</strong></span> <span class='ocrx_word' id='word_1_4' title='bbox 501 279 548 306; x_wconf 67' lang='grc' dir='ltr'>καὶ</span> <span class='ocrx_word' id='word_1_5' title='bbox 572 279 727 314; x_wconf 83' lang='grc' dir='ltr'>ἀπέχεσθαι</span> <span class='ocrx_word' id='word_1_6' title='bbox 754 279 847 313; x_wconf 79' lang='grc' dir='ltr'>πάσης</span> <span class='ocrx_word' id='word_1_7' title='bbox 873 279 1013 314; x_wconf 82' lang='grc' dir='ltr'>ἁμαρτίας</span> 
     </span>
    </p>
   </div>
   <div class='ocr_carea' id='block_1_3' title="bbox 222 323 1015 360">
    <p class='ocr_par' dir='ltr' id='par_1_3' title="bbox 222 323 1015 360">
     <span class='ocr_line' id='line_1_3' title="bbox 222 323 1015 360; baseline 0.003 -12"><span class='ocrx_word' id='word_1_8' title='bbox 222 323 420 359; x_wconf 79' lang='grc' dir='ltr'>ὲνδυνάμωσον,</span> <span class='ocrx_word' id='word_1_9' title='bbox 436 325 524 360; x_wconf 79' lang='grc' dir='ltr'>Κόρη,</span> <span class='ocrx_word' id='word_1_10' title='bbox 539 325 585 352; x_wconf 74' lang='grc' dir='ltr'><strong>τὸν</strong></span> <span class='ocrx_word' id='word_1_11' title='bbox 610 325 733 357; x_wconf 73' lang='grc' dir='ltr'>δυνατὸν,</span> <span class='ocrx_word' id='word_1_12' title='bbox 758 325 950 360; x_wconf 78' lang='grc' dir='ltr'><strong>ἀναμάρτητον</strong></span> <span class='ocrx_word' id='word_1_13' title='bbox 964 324 1015 351; x_wconf 81' lang='grc' dir='ltr'><strong>Λό-</strong></span> 
     </span>
    </p>
   </div>
   <div class='ocr_carea' id='block_1_4' title="bbox 224 370 1014 406">
    <p class='ocr_par' dir='ltr' id='par_1_4' title="bbox 224 370 1014 406">
     <span class='ocr_line' id='line_1_4' title="bbox 224 370 1014 406; baseline 0.003 -11"><span class='ocrx_word' id='word_1_14' title='bbox 224 377 272 402; x_wconf 87' lang='grc' dir='ltr'><strong>γον</strong></span> <span class='ocrx_word' id='word_1_15' title='bbox 288 370 492 404; x_wconf 83' lang='grc' dir='ltr'>σωματωθέντα</span> <span class='ocrx_word' id='word_1_16' title='bbox 511 371 639 406; x_wconf 70' lang='grc' dir='ltr'>ἀρρήτως</span> <span class='ocrx_word' id='word_1_17' title='bbox 655 372 793 406; x_wconf 81' lang='grc' dir='ltr'><strong>κυήσασα,</strong></span> <span class='ocrx_word' id='word_1_18' title='bbox 808 372 856 398; x_wconf 76' lang='grc' dir='ltr'>καὶ</span> <span class='ocrx_word' id='word_1_19' title='bbox 879 371 950 398; x_wconf 81' lang='grc' dir='ltr'><strong>δίδου</strong></span> <span class='ocrx_word' id='word_1_20' title='bbox 969 379 1014 406; x_wconf 90' lang='grc' dir='ltr'><strong>μοι</strong></span> 
     </span>
    </p>
   </div>
   <div class='ocr_carea' id='block_1_5' title="bbox 223 414 922 451">
    <p class='ocr_par' dir='ltr' id='par_1_5' title="bbox 223 414 922 451">
     <span class='ocr_line' id='line_1_5' title="bbox 223 414 922 451; baseline 0.001 -10"><span class='ocrx_word' id='word_1_21' title='bbox 223 414 388 450; x_wconf 75' lang='grc' dir='ltr'>καθαρτικὸν</span> <span class='ocrx_word' id='word_1_22' title='bbox 403 415 594 451; x_wconf 81' lang='grc' dir='ltr'>μολυσμάτων,</span> <span class='ocrx_word' id='word_1_23' title='bbox 609 416 779 451; x_wconf 84' lang='grc' dir='ltr'>Πανάμωμε,</span> <span class='ocrx_word' id='word_1_24' title='bbox 795 416 922 451; x_wconf 80' lang='grc' dir='ltr'>δάκρυον.</span> 
     </span>
    </p>
   </div>
   <div class='ocr_carea' id='block_1_6' title="bbox 198 540 1013 589">
    <p class='ocr_par' dir='ltr' id='par_1_6' title="bbox 198 540 1013 589">
     <span class='ocr_line' id='line_1_6' title="bbox 198 540 1013 589; baseline -0.001 -10"><span class='ocrx_word' id='word_1_25' title='bbox 198 570 206 580; x_wconf 64' lang='grc' dir='ltr'><em>ι</em></span> <span class='ocrx_word' id='word_1_26' title='bbox 258 552 363 588; x_wconf 79' lang='grc' dir='ltr'>Ὕμνον</span> <span class='ocrx_word' id='word_1_27' title='bbox 386 553 518 588; x_wconf 79' lang='grc' dir='ltr'><strong>προσάγω</strong></span> <span class='ocrx_word' id='word_1_28' title='bbox 547 561 599 586; x_wconf 87' lang='grc' dir='ltr'>σοι,</span> <span class='ocrx_word' id='word_1_29' title='bbox 618 553 766 589; x_wconf 75' lang='grc' dir='ltr'>Παρθένε,’</span> <span class='ocrx_word' id='word_1_30' title='bbox 780 540 817 588; x_wconf 81' lang='grc' dir='ltr'><strong>μὴ</strong></span> <span class='ocrx_word' id='word_1_31' title='bbox 835 552 952 588; x_wconf 81' lang='grc' dir='ltr'>παρίδῃς</span> <span class='ocrx_word' id='word_1_32' title='bbox 974 559 1013 586; x_wconf 84' lang='grc' dir='ltr'><strong>με</strong></span> 
     </span>
    </p>
   </div>
   <div class='ocr_carea' id='block_1_7' title="bbox 223 598 1014 634">
    <p class='ocr_par' dir='ltr' id='par_1_7' title="bbox 223 598 1014 634">
     <span class='ocr_line' id='line_1_7' title="bbox 223 598 1014 634; baseline -0.003 -8"><span class='ocrx_word' id='word_1_33' title='bbox 223 601 320 631; x_wconf 82' lang='grc' dir='ltr'><strong>κακοῖς</strong></span> <span class='ocrx_word' id='word_1_34' title='bbox 343 600 561 634; x_wconf 76' lang='grc' dir='ltr'><strong>κεκρατημένον,</strong></span> <span class='ocrx_word' id='word_1_35' title='bbox 592 600 659 626; x_wconf 82' lang='grc' dir='ltr'>ἀλλὰ</span> <span class='ocrx_word' id='word_1_36' title='bbox 675 599 758 633; x_wconf 81' lang='grc' dir='ltr'><strong>δίδου,</strong></span> <span class='ocrx_word' id='word_1_37' title='bbox 775 599 855 633; x_wconf 78' lang='grc' dir='ltr'>ἁγνὴ,</span> <span class='ocrx_word' id='word_1_38' title='bbox 871 598 1014 632; x_wconf 78' lang='grc' dir='ltr'><strong>διόρθωσιν</strong></span> 
     </span>
    </p>
   </div>
   <div class='ocr_carea' id='block_1_8' title="bbox 223 644 1013 680">
    <p class='ocr_par' dir='ltr' id='par_1_8' title="bbox 223 644 1013 680">
     <span class='ocr_line' id='line_1_8' title="bbox 223 644 1013 680; baseline -0.003 -8"><span class='ocrx_word' id='word_1_39' title='bbox 223 646 328 672; x_wconf 83' lang='grc' dir='ltr'>τελείαν</span> <span class='ocrx_word' id='word_1_40' title='bbox 336 645 380 672; x_wconf 75' lang='grc' dir='ltr'><strong>διὰ</strong></span> <span class='ocrx_word' id='word_1_41' title='bbox 392 645 518 680; x_wconf 78' lang='grc' dir='ltr'><strong>νηστείας</strong></span> <span class='ocrx_word' id='word_1_42' title='bbox 536 646 627 680; x_wconf 82' lang='grc' dir='ltr'>πάσης</span> <span class='ocrx_word' id='word_1_43' title='bbox 643 654 673 672; x_wconf 89' lang='grc' dir='ltr'><strong>τε</strong></span> <span class='ocrx_word' id='word_1_44' title='bbox 688 645 802 680; x_wconf 82' lang='grc' dir='ltr'><strong>ἀγωγῆς</strong></span> <span class='ocrx_word' id='word_1_45' title='bbox 813 644 1013 680; x_wconf 79' lang='grc' dir='ltr'>ἁγαθοτρόπον.</span> 
     </span>
    </p>
   </div>
   <div class='ocr_carea' id='block_1_9' title="bbox 267 735 1012 772">
    <p class='ocr_par' dir='ltr' id='par_1_9' title="bbox 267 735 1012 772">
     <span class='ocr_line' id='line_1_9' title="bbox 267 735 1012 772; baseline -0.004 -9"><span class='ocrx_word' id='word_1_46' title='bbox 267 736 395 772; x_wconf 78' lang='grc' dir='ltr'>’Ῑεζεκιήλ</span> <span class='ocrx_word' id='word_1_47' title='bbox 426 745 456 762; x_wconf 89' lang='grc' dir='ltr'><strong>σε</strong></span> <span class='ocrx_word' id='word_1_48' title='bbox 482 735 569 771; x_wconf 84' lang='grc' dir='ltr'>πύλην</span> <span class='ocrx_word' id='word_1_49' title='bbox 598 736 760 768; x_wconf 83' lang='grc' dir='ltr'>ὰδιόδευτον,</span> <span class='ocrx_word' id='word_1_50' title='bbox 786 735 868 770; x_wconf 81' lang='grc' dir='ltr'>ἁγνὴ,</span> <span class='ocrx_word' id='word_1_51' title='bbox 893 735 1012 769; x_wconf 78' lang='grc' dir='ltr'><strong>προεῖδε,</strong></span> 
     </span>
    </p>
   </div>
   <div class='ocr_carea' id='block_1_10' title="bbox 225 780 1012 817">
    <p class='ocr_par' dir='ltr' id='par_1_10' title="bbox 225 780 1012 817">
     <span class='ocr_line' id='line_1_10' title="bbox 225 780 1012 817; baseline -0.004 -8"><span class='ocrx_word' id='word_1_52' title='bbox 225 782 371 817; x_wconf 78' lang='grc' dir='ltr'>μετανοίας</span> <span class='ocrx_word' id='word_1_53' title='bbox 400 781 487 813; x_wconf 81' lang='grc' dir='ltr'>πύλας</span> <span class='ocrx_word' id='word_1_54' title='bbox 509 783 594 809; x_wconf 79' lang='grc' dir='ltr'>πᾶσιν</span> <span class='ocrx_word' id='word_1_55' title='bbox 611 782 812 816; x_wconf 82' lang='grc' dir='ltr'>ὑπανοεγουσαν</span> <span class='ocrx_word' id='word_1_56' title='bbox 828 780 1012 815; x_wconf 83' lang='grc' dir='ltr'>ἀπεγνωσμέ-</span> 
     </span>
    </p>
   </div>
   <div class='ocr_carea' id='block_1_11' title="bbox 225 826 1012 863">
    <p class='ocr_par' dir='ltr' id='par_1_11' title="bbox 225 826 1012 863">
     <span class='ocr_line' id='line_1_11' title="bbox 225 826 1012 863; baseline -0.004 -8"><span class='ocrx_word' id='word_1_57' title='bbox 225 838 279 860; x_wconf 69' lang='grc' dir='ltr'>νοις</span> <span class='ocrx_word' id='word_1_58' title='bbox 293 836 301 844; x_wconf 82' lang='lat'><strong>&#39;</strong></span> <span class='ocrx_word' id='word_1_59' title='bbox 319 828 382 855; x_wconf 82' lang='grc' dir='ltr'>ὅθεν</span> <span class='ocrx_word' id='word_1_60' title='bbox 400 828 518 854; x_wconf 79' lang='grc' dir='ltr'>δυσωπῶ</span> <span class='ocrx_word' id='word_1_61' title='bbox 536 836 566 854; x_wconf 82' lang='grc' dir='ltr'><strong>σε</strong></span> <span class='ocrx_word' id='word_1_62' title='bbox 594 827 705 863; x_wconf 75' lang='grc' dir='ltr'>τρίϐους</span> <span class='ocrx_word' id='word_1_63' title='bbox 730 835 775 863; x_wconf 86' lang='grc' dir='ltr'><strong>μοι</strong></span> <span class='ocrx_word' id='word_1_64' title='bbox 795 826 938 858; x_wconf 78' lang='grc' dir='ltr'>ὐπάνοιξον</span> <span class='ocrx_word' id='word_1_65' title='bbox 963 826 1012 857; x_wconf 79' lang='grc' dir='ltr'>τὰς</span> 
     </span>
    </p>
   </div>
   <div class='ocr_carea' id='block_1_12' title="bbox 225 873 842 910">
    <p class='ocr_par' dir='ltr' id='par_1_12' title="bbox 225 873 842 910">
     <span class='ocr_line' id='line_1_12' title="bbox 225 873 842 910; baseline -0.003 -9"><span class='ocrx_word' id='word_1_66' title='bbox 225 875 293 910; x_wconf 73' lang='grc' dir='ltr'>πρὸς</span> <span class='ocrx_word' id='word_1_67' title='bbox 307 874 356 905; x_wconf 69' lang='lat' dir='ltr'><strong>edi,-</strong></span> <span class='ocrx_word' id='word_1_68' title='bbox 373 873 477 901; x_wconf 70' lang='grc' dir='ltr'>ἐκεῖθεν</span> <span class='ocrx_word' id='word_1_69' title='bbox 490 874 627 910; x_wconf 77' lang='grc' dir='ltr'>φερούσας</span> <span class='ocrx_word' id='word_1_70' title='bbox 643 873 842 904; x_wconf 84' lang='grc' dir='ltr'>καταπαύσεις.</span> 
     </span>
    </p>
   </div>
   <div class='ocr_carea' id='block_1_13' title="bbox 259 961 1015 1000">
    <p class='ocr_par' dir='ltr' id='par_1_13' title="bbox 259 961 1015 1000">
     <span class='ocr_line' id='line_1_13' title="bbox 259 961 1015 1000; baseline -0.005 -10"><span class='ocrx_word' id='word_1_71' title='bbox 259 964 371 998; x_wconf 60' lang='lat' dir='ltr'><strong>eamut,</strong></span> <span class='ocrx_word' id='word_1_72' title='bbox 400 964 518 1000; x_wconf 81' lang='grc' dir='ltr'>ἄχραντε</span> <span class='ocrx_word' id='word_1_73' title='bbox 544 963 689 996; x_wconf 83' lang='grc' dir='ltr'>Δέσποινα,</span> <span class='ocrx_word' id='word_1_74' title='bbox 707 963 779 994; x_wconf 84' lang='grc' dir='ltr'>θεῖος</span> <span class='ocrx_word' id='word_1_75' title='bbox 806 961 936 997; x_wconf 75' lang='grc' dir='ltr'>συνεργὸς</span> <span class='ocrx_word' id='word_1_76' title='bbox 957 962 1015 992; x_wconf 83' lang='grc' dir='ltr'>τοῖς</span> 
     </span>
    </p>
   </div>
   <div class='ocr_carea' id='block_1_14' title="bbox 223 1007 1015 1045">
    <p class='ocr_par' dir='ltr' id='par_1_14' title="bbox 223 1007 1015 1045">
     <span class='ocr_line' id='line_1_14' title="bbox 223 1007 1015 1045; baseline -0.004 -9"><span class='ocrx_word' id='word_1_77' title='bbox 223 1010 345 1045; x_wconf 85' lang='grc' dir='ltr'>ἀχρείοις</span> <span class='ocrx_word' id='word_1_78' title='bbox 360 1009 482 1042; x_wconf 83' lang='grc' dir='ltr'>οίκέταις</span> <span class='ocrx_word' id='word_1_79' title='bbox 511 1017 570 1043; x_wconf 89' lang='grc' dir='ltr'>σου,</span> <span class='ocrx_word' id='word_1_80' title='bbox 590 1009 680 1045; x_wconf 80' lang='grc' dir='ltr'>καιρῷ</span> <span class='ocrx_word' id='word_1_81' title='bbox 699 1010 749 1044; x_wconf 85' lang='grc' dir='ltr'><strong>τῆς</strong></span> <span class='ocrx_word' id='word_1_82' title='bbox 774 1007 940 1044; x_wconf 71' lang='grc' dir='ltr'>ἐγκρατείας</span> <span class='ocrx_word' id='word_1_83' title='bbox 965 1007 1015 1038; x_wconf 80' lang='grc' dir='ltr'><strong>τὰς</strong></span> 
     </span>
    </p>
   </div>
   <div class='ocr_carea' id='block_1_15' title="bbox 225 1053 1016 1091">
    <p class='ocr_par' dir='ltr' id='par_1_15' title="bbox 225 1053 1016 1091">
     <span class='ocr_line' id='line_1_15' title="bbox 225 1053 1016 1091; baseline -0.003 -10"><span class='ocrx_word' id='word_1_84' title='bbox 225 1055 379 1091; x_wconf 79' lang='grc' dir='ltr'>προσευχὰς</span> <span class='ocrx_word' id='word_1_85' title='bbox 395 1055 475 1090; x_wconf 87' lang='grc' dir='ltr'>ἡμῶν</span> <span class='ocrx_word' id='word_1_86' title='bbox 502 1055 680 1090; x_wconf 83' lang='grc' dir='ltr'>προσάγουσα</span> <span class='ocrx_word' id='word_1_87' title='bbox 701 1055 798 1090; x_wconf 80' lang='grc' dir='ltr'>Κυρίῳ</span> <span class='ocrx_word' id='word_1_88' title='bbox 824 1054 864 1089; x_wconf 83' lang='grc' dir='ltr'>τῷ</span> <span class='ocrx_word' id='word_1_89' title='bbox 879 1053 935 1080; x_wconf 89' lang='grc' dir='ltr'><strong>τῶν</strong></span> <span class='ocrx_word' id='word_1_90' title='bbox 949 1053 1016 1080; x_wconf 81' lang='grc' dir='ltr'>αίώ-</span> 
     </span>
    </p>
   </div>
   <div class='ocr_carea' id='block_1_16' title="bbox 224 1101 475 1136">
    <p class='ocr_par' dir='ltr' id='par_1_16' title="bbox 224 1101 475 1136">
     <span class='ocr_line' id='line_1_16' title="bbox 224 1101 475 1136; baseline -0.004 -8"><span class='ocrx_word' id='word_1_91' title='bbox 224 1110 277 1128; x_wconf 89' lang='grc' dir='ltr'><strong>νων</strong></span> <span class='ocrx_word' id='word_1_92' title='bbox 295 1101 344 1136; x_wconf 81' lang='grc' dir='ltr'><strong>βαο</strong></span> <span class='ocrx_word' id='word_1_93' title='bbox 350 1101 475 1128; x_wconf 80' lang='grc' dir='ltr'>ιλεύοντι.</span> 
     </span>
    </p>
   </div>
   <div class='ocr_carea' id='block_1_17' title="bbox 231 1161 1009 1197">
    <p class='ocr_par' dir='ltr' id='par_1_17' title="bbox 231 1161 1009 1197">
     <span class='ocr_line' id='line_1_17' title="bbox 231 1161 1009 1197; baseline -0.001 -7"><span class='ocrx_word' id='word_1_94' title='bbox 231 1163 279 1190; x_wconf 77' lang='grc' dir='ltr'>Ἐκ</span> <span class='ocrx_word' id='word_1_95' title='bbox 291 1163 345 1190; x_wconf 84' lang='grc' dir='ltr'>τοῦ</span> <span class='ocrx_word' id='word_1_96' title='bbox 357 1164 491 1196; x_wconf 74' lang='grc' dir='ltr'>Κανόνος</span> <span class='ocrx_word' id='word_1_97' title='bbox 504 1163 560 1197; x_wconf 83' lang='grc' dir='ltr'>τῆς</span> <span class='ocrx_word' id='word_1_98' title='bbox 578 1163 719 1197; x_wconf 73' lang='grc' dir='ltr'>δευτέρας</span> <span class='ocrx_word' id='word_1_99' title='bbox 727 1162 782 1196; x_wconf 82' lang='grc' dir='ltr'>τῆς</span> <span class='ocrx_word' id='word_1_100' title='bbox 797 1161 960 1196; x_wconf 75' lang='grc' dir='ltr'>ἑϐδομάδος</span> <span class='ocrx_word' id='word_1_101' title='bbox 974 1162 1009 1197; x_wconf 82' lang='grc' dir='ltr'>γ’,</span> 
     </span>
    </p>
   </div>
   <div class='ocr_carea' id='block_1_18' title="bbox 478 1198 752 1233">
    <p class='ocr_par' dir='ltr' id='par_1_18' title="bbox 478 1198 752 1233">
     <span class='ocr_line' id='line_1_18' title="bbox 478 1198 752 1233; baseline 0.004 -9"><span class='ocrx_word' id='word_1_102' title='bbox 478 1199 523 1230; x_wconf 71' lang='grc' dir='ltr'>εὶς</span> <span class='ocrx_word' id='word_1_103' title='bbox 536 1198 591 1225; x_wconf 83' lang='grc' dir='ltr'><strong>τὸν</strong></span> <span class='ocrx_word' id='word_1_104' title='bbox 612 1200 752 1233; x_wconf 79' lang='grc' dir='ltr'>Ὀρθρον.</span> 
     </span>
    </p>
   </div>
   <div class='ocr_carea' id='block_1_19' title="bbox 259 1260 1014 1296">
    <p class='ocr_par' dir='ltr' id='par_1_19' title="bbox 259 1260 1014 1296">
     <span class='ocr_line' id='line_1_19' title="bbox 259 1260 1014 1296; baseline -0.001 -9"><span class='ocrx_word' id='word_1_105' title='bbox 259 1260 373 1296; x_wconf 80' lang='grc' dir='ltr'>Χαίροις</span> <span class='ocrx_word' id='word_1_106' title='bbox 405 1261 419 1287; x_wconf 80' lang='grc' dir='ltr'>ὁ</span> <span class='ocrx_word' id='word_1_107' title='bbox 439 1260 573 1293; x_wconf 82' lang='grc' dir='ltr'>πανάγισς</span> <span class='ocrx_word' id='word_1_108' title='bbox 590 1261 664 1293; x_wconf 73' lang='grc' dir='ltr'>ναὸς,</span> <span class='ocrx_word' id='word_1_109' title='bbox 688 1261 702 1286; x_wconf 80' lang='grc' dir='ltr'><strong><em>ὁ</em></strong></span> <span class='ocrx_word' id='word_1_110' title='bbox 727 1261 810 1291; x_wconf 84' lang='grc' dir='ltr'>πόκος</span> <span class='ocrx_word' id='word_1_111' title='bbox 824 1261 838 1287; x_wconf 77' lang='grc'>6</span> <span class='ocrx_word' id='word_1_112' title='bbox 863 1260 1014 1295; x_wconf 79' lang='grc' dir='ltr'>θεόδροσος,</span> 
     </span>
    </p>
   </div>
   <div class='ocr_carea' id='block_1_20' title="bbox 225 1305 1016 1343">
    <p class='ocr_par' dir='ltr' id='par_1_20' title="bbox 225 1305 1016 1343">
     <span class='ocr_line' id='line_1_20' title="bbox 225 1305 1016 1343; baseline -0.004 -9"><span class='ocrx_word' id='word_1_113' title='bbox 225 1307 433 1343; x_wconf 78' lang='grc' dir='ltr'>ὲσφραγισμένη</span> <span class='ocrx_word' id='word_1_114' title='bbox 448 1307 524 1342; x_wconf 81' lang='grc' dir='ltr'>πηγὴ</span> <span class='ocrx_word' id='word_1_115' title='bbox 534 1307 580 1333; x_wconf 80' lang='grc' dir='ltr'>τοῦ</span> <span class='ocrx_word' id='word_1_116' title='bbox 596 1307 735 1333; x_wconf 81' lang='grc' dir='ltr'>ἀθανάτου</span> <span class='ocrx_word' id='word_1_117' title='bbox 751 1306 934 1342; x_wconf 75' lang='grc' dir='ltr'>ῥείθρου,τὴν</span> <span class='ocrx_word' id='word_1_118' title='bbox 957 1305 1016 1332; x_wconf 82' lang='grc' dir='ltr'>ποί-</span> 
     </span>
    </p>
   </div>
   <div class='ocr_carea' id='block_1_21' title="bbox 228 1351 1015 1389">
    <p class='ocr_par' dir='ltr' id='par_1_21' title="bbox 228 1351 1015 1389">
     <span class='ocr_line' id='line_1_21' title="bbox 228 1351 1015 1389; baseline -0.004 -9"><span class='ocrx_word' id='word_1_119' title='bbox 228 1363 299 1389; x_wconf 88' lang='grc' dir='ltr'>μνην</span> <span class='ocrx_word' id='word_1_120' title='bbox 316 1362 377 1386; x_wconf 91' lang='grc' dir='ltr'>σου,</span> <span class='ocrx_word' id='word_1_121' title='bbox 401 1353 545 1384; x_wconf 82' lang='grc' dir='ltr'>Δέσποινα,</span> <span class='ocrx_word' id='word_1_122' title='bbox 576 1352 694 1387; x_wconf 84' lang='grc' dir='ltr'>φύλαττε</span> <span class='ocrx_word' id='word_1_123' title='bbox 713 1354 744 1379; x_wconf 84' lang='grc' dir='ltr'>ὲκ</span> <span class='ocrx_word' id='word_1_124' title='bbox 770 1351 905 1379; x_wconf 81' lang='grc' dir='ltr'>παντοίων</span> <span class='ocrx_word' id='word_1_125' title='bbox 936 1351 1015 1378; x_wconf 87' lang='grc' dir='ltr'>πολε-</span> 
     </span>
    </p>
   </div>
   <div class='ocr_carea' id='block_1_22' title="bbox 226 1399 530 1434">
    <p class='ocr_par' dir='ltr' id='par_1_22' title="bbox 226 1399 530 1434">
     <span class='ocr_line' id='line_1_22' title="bbox 226 1399 530 1434; baseline 0 -9"><span class='ocrx_word' id='word_1_126' title='bbox 226 1399 295 1434; x_wconf 84' lang='grc' dir='ltr'>μίων</span> <span class='ocrx_word' id='word_1_127' title='bbox 311 1399 518 1434; x_wconf 83' lang='grc' dir='ltr'>ἀπολιορκήτως</span> <span class='ocrx_word' id='word_1_128' title='bbox 524 1419 530 1425; x_wconf 93' lang='grc'><strong>.</strong></span> 
     </span>
    </p>
   </div>
   <div class='ocr_carea' id='block_1_23' title="bbox 261 1441 1015 1479">
    <p class='ocr_par' dir='ltr' id='par_1_23' title="bbox 261 1441 1015 1479">
     <span class='ocr_line' id='line_1_23' title="bbox 261 1441 1015 1479; baseline 0 -10"><span class='ocrx_word' id='word_1_129' title='bbox 261 1443 313 1470; x_wconf 86' lang='grc' dir='ltr'>Τδν</span> <span class='ocrx_word' id='word_1_130' title='bbox 325 1443 501 1479; x_wconf 74' lang='grc' dir='ltr'>ἀγεώργητον</span> <span class='ocrx_word' id='word_1_131' title='bbox 515 1443 612 1479; x_wconf 80' lang='grc' dir='ltr'>βότρυν</span> <span class='ocrx_word' id='word_1_132' title='bbox 632 1442 803 1470; x_wconf 76' lang='grc' dir='ltr'>συλλαϐοῦσα</span> <span class='ocrx_word' id='word_1_133' title='bbox 821 1441 1015 1477; x_wconf 81' lang='grc' dir='ltr'>ὲσκοτισμένον</span> 
     </span>
    </p>
   </div>
   <div class='ocr_carea' id='block_1_24' title="bbox 227 1488 1014 1525">
    <p class='ocr_par' dir='ltr' id='par_1_24' title="bbox 227 1488 1014 1525">
     <span class='ocr_line' id='line_1_24' title="bbox 227 1488 1014 1525; baseline -0.001 -9"><span class='ocrx_word' id='word_1_134' title='bbox 227 1497 262 1524; x_wconf 81' lang='grc' dir='ltr'><strong>με</strong></span> <span class='ocrx_word' id='word_1_135' title='bbox 289 1490 359 1525; x_wconf 82' lang='grc' dir='ltr'>μέθῃ</span> <span class='ocrx_word' id='word_1_136' title='bbox 375 1490 425 1525; x_wconf 85' lang='grc' dir='ltr'>τῆς</span> <span class='ocrx_word' id='word_1_137' title='bbox 435 1490 574 1525; x_wconf 73' lang='grc' dir='ltr'>ἁμαρτίας</span> <span class='ocrx_word' id='word_1_138' title='bbox 594 1489 774 1524; x_wconf 69' lang='grc' dir='ltr'>σωφρόνισον,</span> <span class='ocrx_word' id='word_1_139' title='bbox 795 1488 913 1515; x_wconf 83' lang='grc' dir='ltr'>Θεοτόκε</span> <span class='ocrx_word' id='word_1_140' title='bbox 937 1489 1014 1523; x_wconf 83' lang='grc' dir='ltr'>Παρ-</span> 
     </span>
    </p>
   </div>
   <div class='ocr_carea' id='block_1_25' title="bbox 225 1535 676 1571">
    <p class='ocr_par' dir='ltr' id='par_1_25' title="bbox 225 1535 676 1571">
     <span class='ocr_line' id='line_1_25' title="bbox 225 1535 676 1571; baseline 0 -9"><span class='ocrx_word' id='word_1_141' title='bbox 225 1535 297 1568; x_wconf 78' lang='grc' dir='ltr'>θένε,</span> <span class='ocrx_word' id='word_1_142' title='bbox 312 1536 389 1567; x_wconf 73' lang='grc' dir='ltr'>ἐλπὶς</span> <span class='ocrx_word' id='word_1_143' title='bbox 405 1536 460 1562; x_wconf 81' lang='grc' dir='ltr'><strong>τῶν</strong></span> <span class='ocrx_word' id='word_1_144' title='bbox 471 1535 566 1571; x_wconf 87' lang='grc' dir='ltr'>ψυχῶν</span> <span class='ocrx_word' id='word_1_145' title='bbox 584 1536 601 1570; x_wconf 85' lang='grc' dir='ltr'>ἡ</span> <span class='ocrx_word' id='word_1_146' title='bbox 607 1535 676 1570; x_wconf 85' lang='grc' dir='ltr'>μῶν.</span> 
     </span>
    </p>
   </div>
   <div class='ocr_carea' id='block_1_26' title="bbox 262 1624 1012 1664">
    <p class='ocr_par' dir='ltr' id='par_1_26' title="bbox 262 1624 1012 1664">
     <span class='ocr_line' id='line_1_26' title="bbox 262 1624 1012 1664; baseline -0.004 -9"><span class='ocrx_word' id='word_1_147' title='bbox 262 1629 298 1655; x_wconf 83' lang='grc' dir='ltr'>Σὺ</span> <span class='ocrx_word' id='word_1_148' title='bbox 308 1627 343 1660; x_wconf 76' lang='grc' dir='ltr'>εἴ,</span> <span class='ocrx_word' id='word_1_149' title='bbox 359 1628 485 1661; x_wconf 82' lang='grc' dir='ltr'>Θεοτόκε,</span> <span class='ocrx_word' id='word_1_150' title='bbox 497 1627 532 1655; x_wconf 73' lang='grc' dir='ltr'>τὰ</span> <span class='ocrx_word' id='word_1_151' title='bbox 548 1628 618 1655; x_wconf 80' lang='grc' dir='ltr'>ὅπλα</span> <span class='ocrx_word' id='word_1_152' title='bbox 631 1627 711 1664; x_wconf 81' lang='grc' dir='ltr'>ἡμῶν</span> <span class='ocrx_word' id='word_1_153' title='bbox 727 1629 775 1654; x_wconf 82' lang='grc' dir='ltr'>καὶ</span> <span class='ocrx_word' id='word_1_154' title='bbox 788 1627 888 1662; x_wconf 77' lang='grc' dir='ltr'>τεῖχος,</span> <span class='ocrx_word' id='word_1_155' title='bbox 901 1627 934 1653; x_wconf 85' lang='grc' dir='ltr'>σὺ</span> <span class='ocrx_word' id='word_1_156' title='bbox 949 1624 976 1653; x_wconf 72' lang='grc' dir='ltr'>εἴ</span> <span class='ocrx_word' id='word_1_157' title='bbox 995 1627 1012 1661; x_wconf 85' lang='grc' dir='ltr'>ἡ</span> 
     </span>
    </p>
   </div>
   <div class='ocr_carea' id='block_1_27' title="bbox 226 1672 1015 1709">
    <p class='ocr_par' dir='ltr' id='par_1_27' title="bbox 226 1672 1015 1709">
     <span class='ocr_line' id='line_1_27' title="bbox 226 1672 1015 1709; baseline -0.004 -8"><span class='ocrx_word' id='word_1_158' title='bbox 226 1674 367 1709; x_wconf 78' lang='grc' dir='ltr'>ἀντίληψις</span> <span class='ocrx_word' id='word_1_159' title='bbox 381 1674 436 1701; x_wconf 88' lang='grc' dir='ltr'><strong>τῶν</strong></span> <span class='ocrx_word' id='word_1_160' title='bbox 447 1675 487 1706; x_wconf 78' lang='grc' dir='ltr'>εἰς</span> <span class='ocrx_word' id='word_1_161' title='bbox 511 1673 541 1701; x_wconf 77' lang='grc' dir='ltr'>σὲ</span> <span class='ocrx_word' id='word_1_162' title='bbox 561 1673 792 1709; x_wconf 82' lang='grc' dir='ltr'>προσερχομένων</span> <span class='ocrx_word' id='word_1_163' title='bbox 806 1680 814 1688; x_wconf 82' lang='grc'><em>”</em></span> <span class='ocrx_word' id='word_1_164' title='bbox 845 1672 875 1699; x_wconf 81' lang='grc' dir='ltr'>σὲ</span> <span class='ocrx_word' id='word_1_165' title='bbox 891 1673 939 1699; x_wconf 76' lang='grc' dir='ltr'>καὶ</span> <span class='ocrx_word' id='word_1_166' title='bbox 967 1672 1015 1699; x_wconf 85' lang='grc' dir='ltr'>νῦν</span> 
     </span>
    </p>
   </div>
   <div class='ocr_carea' id='block_1_28' title="bbox 226 1713 1014 1756">
    <p class='ocr_par' dir='ltr' id='par_1_28' title="bbox 226 1713 1014 1756">
     <span class='ocr_line' id='line_1_28' title="bbox 226 1713 1014 1756; baseline -0.003 -9"><span class='ocrx_word' id='word_1_167' title='bbox 226 1722 266 1753; x_wconf 78' lang='grc' dir='ltr'><strong>εἰς</strong></span> <span class='ocrx_word' id='word_1_168' title='bbox 285 1720 434 1756; x_wconf 76' lang='grc' dir='ltr'>πρεσϐείαν</span> <span class='ocrx_word' id='word_1_169' title='bbox 451 1719 593 1756; x_wconf 80' lang='grc' dir='ltr'>κινοῦμεν,</span> <span class='ocrx_word' id='word_1_170' title='bbox 611 1713 655 1747; x_wconf 70' lang='grc' dir='ltr'><strong>ἵνα</strong></span> <span class='ocrx_word' id='word_1_171' title='bbox 685 1718 869 1754; x_wconf 86' lang='grc' dir='ltr'>λυτρωθῶμεν</span> <span class='ocrx_word' id='word_1_172' title='bbox 888 1718 942 1746; x_wconf 89' lang='grc' dir='ltr'><strong>τῶν</strong></span> <span class='ocrx_word' id='word_1_173' title='bbox 970 1719 1014 1755; x_wconf 74' lang='grc' dir='ltr'><strong>ἑχ-</strong></span> 
     </span>
    </p>
   </div>
   <div class='ocr_carea' id='block_1_29' title="bbox 226 1765 401 1801">
    <p class='ocr_par' dir='ltr' id='par_1_29' title="bbox 226 1765 401 1801">
     <span class='ocr_line' id='line_1_29' title="bbox 226 1765 401 1801; baseline 0 -8"><span class='ocrx_word' id='word_1_174' title='bbox 226 1766 299 1801; x_wconf 85' lang='grc' dir='ltr'>θρῶν</span> <span class='ocrx_word' id='word_1_175' title='bbox 312 1765 401 1801; x_wconf 81' lang='grc' dir='ltr'>ἡμῶν.</span> 
     </span>
    </p>
   </div>
   <div class='ocr_carea' id='block_1_30' title="bbox 260 1819 1014 1857">
    <p class='ocr_par' dir='ltr' id='par_1_30' title="bbox 260 1819 1014 1857">
     <span class='ocr_line' id='line_1_30' title="bbox 260 1819 1014 1857; baseline -0.005 -8"><span class='ocrx_word' id='word_1_176' title='bbox 260 1822 447 1857; x_wconf 82' lang='grc' dir='ltr'>Θεοχαρίτωτε</span> <span class='ocrx_word' id='word_1_177' title='bbox 461 1821 531 1855; x_wconf 81' lang='grc' dir='ltr'>ἁγνὴ</span> <span class='ocrx_word' id='word_1_178' title='bbox 543 1821 591 1847; x_wconf 68' lang='grc' dir='ltr'>καὶ</span> <span class='ocrx_word' id='word_1_179' title='bbox 605 1820 788 1855; x_wconf 83' lang='grc' dir='ltr'>εὐλογημένη,</span> <span class='ocrx_word' id='word_1_180' title='bbox 806 1820 876 1855; x_wconf 81' lang='grc' dir='ltr'>μετὰ</span> <span class='ocrx_word' id='word_1_181' title='bbox 890 1819 944 1845; x_wconf 86' lang='grc' dir='ltr'><strong>τῶν</strong></span> <span class='ocrx_word' id='word_1_182' title='bbox 957 1819 1014 1846; x_wconf 79' lang='grc' dir='ltr'>ἄνω</span> 
     </span>
    </p>
   </div>
   <div class='ocr_carea' id='block_1_31' title="bbox 225 1865 1015 1902">
    <p class='ocr_par' dir='ltr' id='par_1_31' title="bbox 225 1865 1015 1902">
     <span class='ocr_line' id='line_1_31' title="bbox 225 1865 1015 1902; baseline -0.004 -8"><span class='ocrx_word' id='word_1_183' title='bbox 225 1868 367 1902; x_wconf 78' lang='grc' dir='ltr'>δυνάμεων</span> <span class='ocrx_word' id='word_1_184' title='bbox 376 1867 422 1894; x_wconf 81' lang='grc' dir='ltr'>καὶ</span> <span class='ocrx_word' id='word_1_185' title='bbox 439 1866 628 1902; x_wconf 81' lang='grc' dir='ltr'>ἁρχαγγέλων,</span> <span class='ocrx_word' id='word_1_186' title='bbox 656 1866 704 1892; x_wconf 77' lang='grc' dir='ltr'>καὶ</span> <span class='ocrx_word' id='word_1_187' title='bbox 730 1866 785 1892; x_wconf 86' lang='grc' dir='ltr'><strong>τῶν</strong></span> <span class='ocrx_word' id='word_1_188' title='bbox 810 1865 919 1892; x_wconf 83' lang='grc' dir='ltr'>πάντων</span> <span class='ocrx_word' id='word_1_189' title='bbox 946 1865 1015 1891; x_wconf 75' lang='grc' dir='ltr'>ἀσω-</span> 
     </span>
    </p>
   </div>
   <div class='ocr_carea' id='block_1_32' title="bbox 227 1909 1013 1948">
    <p class='ocr_par' dir='ltr' id='par_1_32' title="bbox 227 1909 1013 1948">
     <span class='ocr_line' id='line_1_32' title="bbox 227 1909 1013 1948; baseline -0.006 -8"><span class='ocrx_word' id='word_1_190' title='bbox 227 1913 331 1948; x_wconf 80' lang='grc' dir='ltr'>μάτων,</span> <span class='ocrx_word' id='word_1_191' title='bbox 352 1912 488 1948; x_wconf 74' lang='grc' dir='ltr'>πρέσϐευε</span> <span class='ocrx_word' id='word_1_192' title='bbox 499 1912 684 1946; x_wconf 76' lang='grc' dir='ltr'>ἅτελευτήτως</span> <span class='ocrx_word' id='word_1_193' title='bbox 698 1911 769 1945; x_wconf 74' lang='grc' dir='ltr'>ὑπὲρ</span> <span class='ocrx_word' id='word_1_194' title='bbox 786 1910 896 1937; x_wconf 71' lang='grc' dir='ltr'>πάντων</span> <span class='ocrx_word' id='word_1_195' title='bbox 924 1909 1013 1944; x_wconf 80' lang='grc' dir='ltr'>ἡμῶν,</span> 
     </span>
    </p>
   </div>
   <div class='ocr_carea' id='block_1_33' title="bbox 225 1954 1014 1992">
    <p class='ocr_par' dir='ltr' id='par_1_33' title="bbox 225 1954 1014 1992">
     <span class='ocr_line' id='line_1_33' title="bbox 225 1954 1014 1992; baseline -0.006 -7"><span class='ocrx_word' id='word_1_196' title='bbox 225 1959 271 1985; x_wconf 75' lang='grc' dir='ltr'>τὸν</span> <span class='ocrx_word' id='word_1_197' title='bbox 283 1959 316 1985; x_wconf 83' lang='grc' dir='ltr'>ὲκ</span> <span class='ocrx_word' id='word_1_198' title='bbox 327 1958 372 1986; x_wconf 87' lang='grc' dir='ltr'>σοῦ</span> <span class='ocrx_word' id='word_1_199' title='bbox 387 1957 552 1992; x_wconf 70' lang='grc' dir='ltr'>γεννηθέντα</span> <span class='ocrx_word' id='word_1_200' title='bbox 565 1956 599 1984; x_wconf 81' lang='grc' dir='ltr'>δι’</span> <span class='ocrx_word' id='word_1_201' title='bbox 613 1956 828 1991; x_wconf 79' lang='grc' dir='ltr'>εὐσπλαγχνίας,</span> <span class='ocrx_word' id='word_1_202' title='bbox 850 1955 893 1982; x_wconf 84' lang='grc' dir='ltr'><strong>ἴνα</strong></span> <span class='ocrx_word' id='word_1_203' title='bbox 915 1954 1014 1981; x_wconf 83' lang='grc' dir='ltr'>δίδοται</span> 
     </span>
    </p>
   </div>
   <div class='ocr_carea' id='block_1_34' title="bbox 225 1998 1012 2038">
    <p class='ocr_par' dir='ltr' id='par_1_34' title="bbox 225 1998 1012 2038">
     <span class='ocr_line' id='line_1_34' title="bbox 225 1998 1012 2038; baseline -0.006 -8"><span class='ocrx_word' id='word_1_204' title='bbox 225 2003 302 2038; x_wconf 79' lang='grc' dir='ltr'>ἡμῖν,</span> <span class='ocrx_word' id='word_1_205' title='bbox 318 2003 382 2037; x_wconf 79' lang='grc' dir='ltr'>πρὶν</span> <span class='ocrx_word' id='word_1_206' title='bbox 396 2003 413 2038; x_wconf 84' lang='grc' dir='ltr'>ἦ</span> <span class='ocrx_word' id='word_1_207' title='bbox 430 2002 505 2034; x_wconf 82' lang='grc' dir='ltr'>τέλος</span> <span class='ocrx_word' id='word_1_208' title='bbox 532 2001 608 2036; x_wconf 75' lang='grc' dir='ltr'>ἔλθῃ,</span> <span class='ocrx_word' id='word_1_209' title='bbox 632 2001 806 2036; x_wconf 82' lang='grc' dir='ltr'>συγχώρησιν</span> <span class='ocrx_word' id='word_1_210' title='bbox 822 2000 868 2026; x_wconf 72' lang='grc' dir='ltr'>καὶ</span> <span class='ocrx_word' id='word_1_211' title='bbox 893 1998 1012 2034; x_wconf 74' lang='grc' dir='ltr'>ἱλασμὸν</span> 
     </span>
    </p>
   </div>
   <div class='ocr_carea' id='block_1_35' title="bbox 225 2044 1013 2083">
    <p class='ocr_par' dir='ltr' id='par_1_35' title="bbox 225 2044 1013 2083">
     <span class='ocr_line' id='line_1_35' title="bbox 225 2044 1013 2083; baseline -0.005 -8"><span class='ocrx_word' id='word_1_212' title='bbox 225 2048 279 2075; x_wconf 87' lang='grc' dir='ltr'><strong>τῶν</strong></span> <span class='ocrx_word' id='word_1_213' title='bbox 295 2046 514 2083; x_wconf 80' lang='grc' dir='ltr'>ἁμαρτημάτων,</span> <span class='ocrx_word' id='word_1_214' title='bbox 530 2046 578 2073; x_wconf 71' lang='grc' dir='ltr'>καὶ</span> <span class='ocrx_word' id='word_1_215' title='bbox 593 2046 780 2082; x_wconf 75' lang='grc' dir='ltr'>ἐπανόρθωσιν</span> <span class='ocrx_word' id='word_1_216' title='bbox 793 2044 840 2072; x_wconf 81' lang='grc' dir='ltr'><strong>τοῦ</strong></span> <span class='ocrx_word' id='word_1_217' title='bbox 857 2044 926 2080; x_wconf 87' lang='grc' dir='ltr'>βίου,</span> <span class='ocrx_word' id='word_1_218' title='bbox 940 2045 1013 2078; x_wconf 80' lang='grc' dir='ltr'>ὅπως</span> 
     </span>
    </p>
   </div>
   <div class='ocr_carea' id='block_1_36' title="bbox 224 2092 666 2130">
    <p class='ocr_par' dir='ltr' id='par_1_36' title="bbox 224 2092 666 2130">
     <span class='ocr_line' id='line_1_36' title="bbox 224 2092 666 2130; baseline -0.007 -9"><span class='ocrx_word' id='word_1_219' title='bbox 224 2094 382 2130; x_wconf 82' lang='grc' dir='ltr'>οίκτειρμὺν</span> <span class='ocrx_word' id='word_1_220' title='bbox 397 2093 487 2129; x_wconf 80' lang='grc' dir='ltr'>εὑρεῖν</span> <span class='ocrx_word' id='word_1_221' title='bbox 496 2092 666 2128; x_wconf 82' lang='grc' dir='ltr'>δυνηθῶμεν.</span> 
     </span>
    </p>
   </div>
   <div class='ocr_carea' id='block_1_37' title="bbox 236 2191 1011 2228">
    <p class='ocr_par' dir='ltr' id='par_1_37' title="bbox 236 2191 1011 2228">
     <span class='ocr_line' id='line_1_37' title="bbox 236 2191 1011 2228; baseline -0.003 -6"><span class='ocrx_word' id='word_1_222' title='bbox 236 2195 287 2222; x_wconf 76' lang='grc' dir='ltr'>Ἐκ</span> <span class='ocrx_word' id='word_1_223' title='bbox 301 2193 354 2222; x_wconf 84' lang='grc' dir='ltr'>τοῦ</span> <span class='ocrx_word' id='word_1_224' title='bbox 365 2193 498 2227; x_wconf 83' lang='grc' dir='ltr'>Κανόνος</span> <span class='ocrx_word' id='word_1_225' title='bbox 515 2193 570 2228; x_wconf 81' lang='grc' dir='ltr'>τῆς</span> <span class='ocrx_word' id='word_1_226' title='bbox 592 2193 694 2228; x_wconf 80' lang='grc' dir='ltr'>τρίτης</span> <span class='ocrx_word' id='word_1_227' title='bbox 719 2191 774 2226; x_wconf 80' lang='grc' dir='ltr'>τῆς</span> <span class='ocrx_word' id='word_1_228' title='bbox 793 2191 957 2226; x_wconf 77' lang='grc' dir='ltr'>ἑϐδομάδος</span> <span class='ocrx_word' id='word_1_229' title='bbox 976 2191 1011 2226; x_wconf 76' lang='grc' dir='ltr'><strong>γ’.</strong></span> 
     </span>
    </p>
   </div>
   <div class='ocr_carea' id='block_1_38' title="bbox 263 2254 1013 2294">
    <p class='ocr_par' dir='ltr' id='par_1_38' title="bbox 263 2254 1013 2294">
     <span class='ocr_line' id='line_1_38' title="bbox 263 2254 1013 2294; baseline -0.001 -9"><span class='ocrx_word' id='word_1_230' title='bbox 263 2259 317 2289; x_wconf 82' lang='grc' dir='ltr'><strong>Τὰς</strong></span> <span class='ocrx_word' id='word_1_231' title='bbox 327 2259 423 2294; x_wconf 85' lang='grc' dir='ltr'>χεῖράς</span> <span class='ocrx_word' id='word_1_232' title='bbox 436 2266 482 2285; x_wconf 89' lang='grc' dir='ltr'><strong>σου</strong></span> <span class='ocrx_word' id='word_1_233' title='bbox 496 2258 545 2290; x_wconf 82' lang='grc' dir='ltr'><strong>τὰς</strong></span> <span class='ocrx_word' id='word_1_234' title='bbox 567 2258 654 2291; x_wconf 82' lang='grc' dir='ltr'>θείας,</span> <span class='ocrx_word' id='word_1_235' title='bbox 673 2254 717 2289; x_wconf 76' lang='grc' dir='ltr'><strong>αἷς</strong></span> <span class='ocrx_word' id='word_1_236' title='bbox 737 2258 783 2285; x_wconf 73' lang='grc' dir='ltr'>τὸν</span> <span class='ocrx_word' id='word_1_237' title='bbox 809 2256 932 2293; x_wconf 82' lang='grc' dir='ltr'>Κτίστην</span> <span class='ocrx_word' id='word_1_238' title='bbox 949 2257 1013 2285; x_wconf 75' lang='grc' dir='ltr'><strong>ἐσά-</strong></span> 
     </span>
    </p>
   </div>
   <div class='ocr_carea' id='block_1_39' title="bbox 225 2303 1012 2340">
    <p class='ocr_par' dir='ltr' id='par_1_39' title="bbox 225 2303 1012 2340">
     <span class='ocr_line' id='line_1_39' title="bbox 225 2303 1012 2340; baseline 0 -9"><span class='ocrx_word' id='word_1_239' title='bbox 225 2312 339 2336; x_wconf 83' lang='grc' dir='ltr'>στασας,</span> <span class='ocrx_word' id='word_1_240' title='bbox 350 2305 475 2340; x_wconf 73' lang='grc' dir='ltr'>Παρθένε</span> <span class='ocrx_word' id='word_1_241' title='bbox 487 2304 622 2338; x_wconf 87' lang='grc' dir='ltr'>παναγία,</span> <span class='ocrx_word' id='word_1_242' title='bbox 641 2303 819 2338; x_wconf 82' lang='grc' dir='ltr'>σαρκωθέντα</span> <span class='ocrx_word' id='word_1_243' title='bbox 835 2304 1012 2339; x_wconf 83' lang='grc' dir='ltr'>χρηστότητι,</span> 
     </span>
    </p>
   </div>
   <div class='ocr_carea' id='block_1_40' title="bbox 225 2349 1014 2386">
    <p class='ocr_par' dir='ltr' id='par_1_40' title="bbox 225 2349 1014 2386">
     <span class='ocr_line' id='line_1_40' title="bbox 225 2349 1014 2386; baseline 0.001 -9"><span class='ocrx_word' id='word_1_244' title='bbox 225 2350 390 2385; x_wconf 84' lang='grc' dir='ltr'>προτείνασα</span> <span class='ocrx_word' id='word_1_245' title='bbox 402 2350 565 2386; x_wconf 83' lang='grc' dir='ltr'>δυσώπησον</span> <span class='ocrx_word' id='word_1_246' title='bbox 580 2350 662 2376; x_wconf 83' lang='grc' dir='ltr'>αὐτὸν</span> <span class='ocrx_word' id='word_1_247' title='bbox 677 2349 868 2384; x_wconf 80' lang='grc' dir='ltr'>λυτρώσασθαι</span> <span class='ocrx_word' id='word_1_248' title='bbox 883 2351 958 2385; x_wconf 82' lang='grc' dir='ltr'>ἡμᾶς</span> <span class='ocrx_word' id='word_1_249' title='bbox 980 2351 1014 2378; x_wconf 79' lang='grc' dir='ltr'>ὲκ</span> 
     </span>
    </p>
   </div>
   <div class='ocr_carea' id='block_1_41' title="bbox 225 2394 1013 2431">
    <p class='ocr_par' dir='ltr' id='par_1_41' title="bbox 225 2394 1013 2431">
     <span class='ocr_line' id='line_1_41' title="bbox 225 2394 1013 2431; baseline 0.001 -9"><span class='ocrx_word' id='word_1_250' title='bbox 225 2394 397 2430; x_wconf 71' lang='grc' dir='ltr'>πειρασμῶν,</span> <span class='ocrx_word' id='word_1_251' title='bbox 414 2395 462 2422; x_wconf 76' lang='grc' dir='ltr'>καὶ</span> <span class='ocrx_word' id='word_1_252' title='bbox 478 2395 585 2426; x_wconf 87' lang='grc' dir='ltr'>παθῶν.</span> <span class='ocrx_word' id='word_1_253' title='bbox 611 2395 659 2422; x_wconf 65' lang='grc' dir='ltr'><strong>κα)⁴</strong></span> <span class='ocrx_word' id='word_1_254' title='bbox 677 2395 819 2428; x_wconf 86' lang='grc' dir='ltr'>κινδύνων,</span> <span class='ocrx_word' id='word_1_255' title='bbox 849 2397 912 2427; x_wconf 83' lang='grc' dir='ltr'>τοὺς</span> <span class='ocrx_word' id='word_1_256' title='bbox 936 2395 1013 2431; x_wconf 77' lang='grc' dir='ltr'>πόθῳ</span> 
     </span>
    </p>
   </div>
   <div class='ocr_carea' id='block_1_42' title="bbox 224 2440 1012 2478">
    <p class='ocr_par' dir='ltr' id='par_1_42' title="bbox 224 2440 1012 2478">
     <span class='ocr_line' id='line_1_42' title="bbox 224 2440 1012 2478; baseline 0.004 -11"><span class='ocrx_word' id='word_1_257' title='bbox 224 2440 448 2477; x_wconf 81' lang='grc' dir='ltr'>ἁνευφημοῦντὰς</span> <span class='ocrx_word' id='word_1_258' title='bbox 462 2450 502 2474; x_wconf 86' lang='grc' dir='ltr'><strong>σε,</strong></span> <span class='ocrx_word' id='word_1_259' title='bbox 516 2441 563 2468; x_wconf 81' lang='grc' dir='ltr'>καὶ</span> <span class='ocrx_word' id='word_1_260' title='bbox 580 2441 700 2476; x_wconf 82' lang='grc' dir='ltr'>βοῶντάς</span> <span class='ocrx_word' id='word_1_261' title='bbox 715 2451 758 2469; x_wconf 75' lang='grc' dir='ltr'><strong>σοι</strong></span> <span class='ocrx_word' id='word_1_262' title='bbox 772 2451 779 2458; x_wconf 94' lang='grc'><strong>·</strong></span> <span class='ocrx_word' id='word_1_263' title='bbox 794 2441 863 2475; x_wconf 74' lang='grc' dir='ltr'>Δόξα</span> <span class='ocrx_word' id='word_1_264' title='bbox 883 2442 923 2478; x_wconf 81' lang='grc' dir='ltr'><strong>τῷ</strong></span> <span class='ocrx_word' id='word_1_265' title='bbox 941 2443 1012 2470; x_wconf 74' lang='grc' dir='ltr'>ἐνοι-</span> 
     </span>
    </p>
   </div>
   <div class='ocr_carea' id='block_1_43' title="bbox 224 2486 1013 2522">
    <p class='ocr_par' dir='ltr' id='par_1_43' title="bbox 224 2486 1013 2522">
     <span class='ocr_line' id='line_1_43' title="bbox 224 2486 1013 2522; baseline 0.004 -10"><span class='ocrx_word' id='word_1_266' title='bbox 224 2487 339 2521; x_wconf 84' lang='grc' dir='ltr'>κήσαντι</span> <span class='ocrx_word' id='word_1_267' title='bbox 355 2487 385 2513; x_wconf 77' lang='grc' dir='ltr'>ὲν</span> <span class='ocrx_word' id='word_1_268' title='bbox 403 2487 456 2518; x_wconf 80' lang='grc' dir='ltr'>σοὶ,</span> <span class='ocrx_word' id='word_1_269' title='bbox 477 2486 540 2519; x_wconf 75' lang='grc' dir='ltr'>δόξα</span> <span class='ocrx_word' id='word_1_270' title='bbox 554 2486 593 2522; x_wconf 86' lang='grc' dir='ltr'>τῷ</span> <span class='ocrx_word' id='word_1_271' title='bbox 613 2487 770 2522; x_wconf 71' lang='grc' dir='ltr'>προελθόντι</span> <span class='ocrx_word' id='word_1_272' title='bbox 803 2489 835 2514; x_wconf 85' lang='grc' dir='ltr'>ἑκ</span> <span class='ocrx_word' id='word_1_273' title='bbox 866 2488 925 2521; x_wconf 80' lang='grc' dir='ltr'>σοῦ,</span> <span class='ocrx_word' id='word_1_274' title='bbox 949 2488 1013 2521; x_wconf 82' lang='grc' dir='ltr'>δόξα</span> 
     </span>
    </p>
   </div>
   <div class='ocr_carea' id='block_1_44' title="bbox 222 2531 862 2569">
    <p class='ocr_par' dir='ltr' id='par_1_44' title="bbox 222 2531 862 2569">
     <span class='ocr_line' id='line_1_44' title="bbox 222 2531 862 2569; baseline 0.005 -11"><span class='ocrx_word' id='word_1_275' title='bbox 222 2532 262 2567; x_wconf 82' lang='grc' dir='ltr'>τῷ</span> <span class='ocrx_word' id='word_1_276' title='bbox 271 2531 487 2569; x_wconf 65' lang='grc' dir='ltr'>ἐλευθερώσαντι</span> <span class='ocrx_word' id='word_1_277' title='bbox 496 2533 570 2568; x_wconf 81' lang='grc' dir='ltr'>ἡμᾶς</span> <span class='ocrx_word' id='word_1_278' title='bbox 583 2533 627 2560; x_wconf 84' lang='grc' dir='ltr'>διὰ</span> <span class='ocrx_word' id='word_1_279' title='bbox 639 2533 687 2560; x_wconf 83' lang='grc' dir='ltr'>τοῦ</span> <span class='ocrx_word' id='word_1_280' title='bbox 704 2534 786 2560; x_wconf 87' lang='grc' dir='ltr'>τόκου</span> <span class='ocrx_word' id='word_1_281' title='bbox 803 2543 862 2562; x_wconf 88' lang='grc' dir='ltr'>σου.</span> 
     </span>
    </p>
   </div>
   <div class='ocr_carea' id='block_1_45' title="bbox 258 2623 1013 2660">
    <p class='ocr_par' dir='ltr' id='par_1_45' title="bbox 258 2623 1013 2660">
     <span class='ocr_line' id='line_1_45' title="bbox 258 2623 1013 2660; baseline 0.007 -11"><span class='ocrx_word' id='word_1_282' title='bbox 258 2623 349 2650; x_wconf 81' lang='grc' dir='ltr'>Σῶσόν</span> <span class='ocrx_word' id='word_1_283' title='bbox 362 2631 407 2659; x_wconf 79' lang='grc' dir='ltr'><strong>με,</strong></span> <span class='ocrx_word' id='word_1_284' title='bbox 427 2623 513 2650; x_wconf 85' lang='grc' dir='ltr'>σῶσόν</span> <span class='ocrx_word' id='word_1_285' title='bbox 530 2632 575 2659; x_wconf 85' lang='grc' dir='ltr'>με.</span> <span class='ocrx_word' id='word_1_286' title='bbox 599 2625 616 2659; x_wconf 85' lang='grc' dir='ltr'>ἠ</span> <span class='ocrx_word' id='word_1_287' title='bbox 640 2624 685 2651; x_wconf 84' lang='grc' dir='ltr'>τὸν</span> <span class='ocrx_word' id='word_1_288' title='bbox 705 2625 818 2660; x_wconf 86' lang='grc' dir='ltr'>Σωτῆρα</span> <span class='ocrx_word' id='word_1_289' title='bbox 835 2626 952 2659; x_wconf 80' lang='grc' dir='ltr'>τέξασα·</span> <span class='ocrx_word' id='word_1_290' title='bbox 973 2628 1013 2654; x_wconf 83' lang='grc' dir='ltr'><strong>ίδε</strong></span> 
     </span>
    </p>
   </div>
   <div class='ocr_carea' id='block_1_46' title="bbox 222 2670 1013 2709">
    <p class='ocr_par' dir='ltr' id='par_1_46' title="bbox 222 2670 1013 2709">
     <span class='ocr_line' id='line_1_46' title="bbox 222 2670 1013 2709; baseline 0.006 -13"><span class='ocrx_word' id='word_1_291' title='bbox 222 2671 271 2705; x_wconf 79' lang='grc' dir='ltr'>τὴν</span> <span class='ocrx_word' id='word_1_292' title='bbox 288 2670 377 2705; x_wconf 79' lang='grc' dir='ltr'>θλίψιν</span> <span class='ocrx_word' id='word_1_293' title='bbox 391 2679 454 2706; x_wconf 85' lang='grc' dir='ltr'>μου,</span> <span class='ocrx_word' id='word_1_294' title='bbox 472 2671 552 2705; x_wconf 82' lang='grc' dir='ltr'>ἁγνὴ.</span> <span class='ocrx_word' id='word_1_295' title='bbox 565 2671 628 2706; x_wconf 85' lang='grc' dir='ltr'><strong>ἣνὴ</strong></span> <span class='ocrx_word' id='word_1_296' title='bbox 649 2671 754 2707; x_wconf 78' lang='grc' dir='ltr'>πληθὺς</span> <span class='ocrx_word' id='word_1_297' title='bbox 773 2672 828 2699; x_wconf 85' lang='grc' dir='ltr'><strong>τῶν</strong></span> <span class='ocrx_word' id='word_1_298' title='bbox 847 2674 1013 2709; x_wconf 83' lang='grc' dir='ltr'>ἀμετρήτων</span> 
     </span>
    </p>
   </div>
   <div class='ocr_carea' id='block_1_47' title="bbox 226 2717 1011 2755">
    <p class='ocr_par' dir='ltr' id='par_1_47' title="bbox 226 2717 1011 2755">
     <span class='ocr_line' id='line_1_47' title="bbox 226 2717 1011 2755; baseline 0.004 -12"><span class='ocrx_word' id='word_1_299' title='bbox 226 2725 277 2751; x_wconf 87' lang='grc' dir='ltr'><strong>μου</strong></span> <span class='ocrx_word' id='word_1_300' title='bbox 291 2717 385 2743; x_wconf 82' lang='grc' dir='ltr'>κακῶν</span> <span class='ocrx_word' id='word_1_301' title='bbox 402 2719 512 2752; x_wconf 76' lang='grc' dir='ltr'>ἐμποιεῖ</span> <span class='ocrx_word' id='word_1_302' title='bbox 531 2717 591 2744; x_wconf 86' lang='grc' dir='ltr'>καθ’</span> <span class='ocrx_word' id='word_1_303' title='bbox 604 2717 712 2753; x_wconf 82' lang='grc' dir='ltr'>ἡμέραν</span> <span class='ocrx_word' id='word_1_304' title='bbox 725 2720 759 2754; x_wconf 80' lang='grc' dir='ltr'>τῇ</span> <span class='ocrx_word' id='word_1_305' title='bbox 769 2719 848 2755; x_wconf 72' lang='grc' dir='ltr'>ἀθλία</span> <span class='ocrx_word' id='word_1_306' title='bbox 864 2728 914 2754; x_wconf 88' lang='grc' dir='ltr'><strong>μου</strong></span> <span class='ocrx_word' id='word_1_307' title='bbox 926 2720 1011 2755; x_wconf 78' lang='grc' dir='ltr'>ψυχῇ,</span> 
     </span>
    </p>
   </div>
   <div class='ocr_carea' id='block_1_48' title="bbox 223 2761 456 2795">
    <p class='ocr_par' dir='ltr' id='par_1_48' title="bbox 223 2761 456 2795">
     <span class='ocr_line' id='line_1_48' title="bbox 223 2761 456 2795; baseline 0.013 -8"><span class='ocrx_word' id='word_1_308' title='bbox 223 2761 253 2794; x_wconf 80' lang='grc' dir='ltr'><strong>ἐξ</strong></span> <span class='ocrx_word' id='word_1_309' title='bbox 263 2763 456 2795; x_wconf 76' lang='grc' dir='ltr'>ἀπογνώσεως.</span> 
     </span>
    </p>
   </div>
   <div class='ocr_carea' id='block_1_49' title="bbox 258 2807 1012 2845">
    <p class='ocr_par' dir='ltr' id='par_1_49' title="bbox 258 2807 1012 2845">
     <span class='ocr_line' id='line_1_49' title="bbox 258 2807 1012 2845; baseline 0.005 -11"><span class='ocrx_word' id='word_1_310' title='bbox 258 2807 363 2843; x_wconf 81' lang='grc' dir='ltr'>Κριτὴν</span> <span class='ocrx_word' id='word_1_311' title='bbox 377 2808 408 2835; x_wconf 76' lang='grc' dir='ltr'><strong>δν</strong></span> <span class='ocrx_word' id='word_1_312' title='bbox 423 2808 586 2845; x_wconf 75' lang='grc' dir='ltr'>ἐγέννησας,</span> <span class='ocrx_word' id='word_1_313' title='bbox 613 2810 735 2845; x_wconf 83' lang='grc' dir='ltr'>Παρθὲνι</span> <span class='ocrx_word' id='word_1_314' title='bbox 762 2811 867 2845; x_wconf 77' lang='grc' dir='ltr'>Μαρία,</span> <span class='ocrx_word' id='word_1_315' title='bbox 892 2811 1012 2839; x_wconf 83' lang='grc' dir='ltr'>δυσώπει</span> 
     </span>
    </p>
   </div>
   <div class='ocr_carea' id='block_1_50' title="bbox 223 2853 1012 2893">
    <p class='ocr_par' dir='ltr' id='par_1_50' title="bbox 223 2853 1012 2893">
     <span class='ocr_line' id='line_1_50' title="bbox 223 2853 1012 2893; baseline 0.006 -13"><span class='ocrx_word' id='word_1_316' title='bbox 223 2854 252 2880; x_wconf 69' lang='grc' dir='ltr'>ἐν</span> <span class='ocrx_word' id='word_1_317' title='bbox 266 2853 326 2889; x_wconf 75' lang='grc' dir='ltr'><strong>ὥρᾳ</strong></span> <span class='ocrx_word' id='word_1_318' title='bbox 344 2855 395 2890; x_wconf 69' lang='grc' dir='ltr'><strong>τῆξ</strong></span> <span class='ocrx_word' id='word_1_319' title='bbox 410 2856 527 2891; x_wconf 78' lang='grc' dir='ltr'>κρίσεως</span> <span class='ocrx_word' id='word_1_320' title='bbox 549 2865 593 2891; x_wconf 86' lang='grc' dir='ltr'><strong>με,</strong></span> <span class='ocrx_word' id='word_1_321' title='bbox 609 2857 689 2893; x_wconf 81' lang='grc' dir='ltr'>ἁγνὴ,</span> <span class='ocrx_word' id='word_1_322' title='bbox 704 2857 839 2893; x_wconf 74' lang='grc' dir='ltr'>οἰκτεῖραι</span> <span class='ocrx_word' id='word_1_323' title='bbox 856 2858 902 2885; x_wconf 77' lang='grc' dir='ltr'>καὶ</span> <span class='ocrx_word' id='word_1_324' title='bbox 926 2858 1012 2885; x_wconf 80' lang='grc' dir='ltr'>σῶσαι</span> 
     </span>
    </p>
   </div>
   <div class='ocr_carea' id='block_1_51' title="bbox 949 158 1132 190">
    <p class='ocr_par' dir='ltr' id='par_1_51' title="bbox 949 158 1132 190">
     <span class='ocr_line' id='line_1_51' title="bbox 949 158 1132 190; baseline -0.011 0"><span class='ocrx_word' id='word_1_325' title='bbox 949 158 1132 190; x_wconf 75' lang='lat' dir='ltr'><strong>MARIALE.</strong></span> 
     </span>
    </p>
   </div>
   <div class='ocr_carea' id='block_1_52' title="bbox 229 215 1046 252">
    <p class='ocr_par' dir='ltr' id='par_1_52' title="bbox 229 215 1046 252">
     <span class='ocr_line' id='line_1_52' title="bbox 229 215 1046 252; baseline 0.002 -10"><span class='ocrx_word' id='word_1_326' title='bbox 229 216 279 243; x_wconf 82' lang='grc' dir='ltr'>Ἐκ</span> <span class='ocrx_word' id='word_1_327' title='bbox 294 216 346 244; x_wconf 84' lang='grc' dir='ltr'>τοῦ</span> <span class='ocrx_word' id='word_1_328' title='bbox 355 217 487 250; x_wconf 77' lang='grc' dir='ltr'>Κανόνος</span> <span class='ocrx_word' id='word_1_329' title='bbox 498 216 550 244; x_wconf 85' lang='grc' dir='ltr'>τοῦ</span> <span class='ocrx_word' id='word_1_330' title='bbox 563 217 716 244; x_wconf 75' lang='grc' dir='ltr'>Σαϐϐἀτου</span> <span class='ocrx_word' id='word_1_331' title='bbox 725 217 779 252; x_wconf 80' lang='grc' dir='ltr'>τῆς</span> <span class='ocrx_word' id='word_1_332' title='bbox 792 215 957 251; x_wconf 76' lang='grc' dir='ltr'>ἑϐδομάδος</span> <span class='ocrx_word' id='word_1_333' title='bbox 965 216 1006 247; x_wconf 81' lang='grc' dir='ltr'><strong>β’.</strong></span> <span class='ocrx_word' id='word_1_334' title='bbox 1024 215 1046 244; x_wconf 75' lang='grc' dir='ltr'><strong>Α</strong></span> 
     </span>
    </p>
   </div>
   <div class='ocr_carea' id='block_1_53' title="bbox 1782 156 1850 190">
    <p class='ocr_par' dir='ltr' id='par_1_53' title="bbox 1782 156 1850 190">
     <span class='ocr_line' id='line_1_53' title="bbox 1782 156 1850 190; baseline 0.029 -2"><span class='ocrx_word' id='word_1_335' title='bbox 1782 156 1850 190; x_wconf 77' lang='grc'><strong>1366</strong></span> 
     </span>
    </p>
   </div>
   <div class='ocr_carea' id='block_1_54' title="bbox 1168 211 1746 242">
    <p class='ocr_par' dir='ltr' id='par_1_54' title="bbox 1168 211 1746 242">
     <span class='ocr_line' id='line_1_54' title="bbox 1168 211 1746 242; baseline -0.007 -1"><span class='ocrx_word' id='word_1_336' title='bbox 1168 214 1211 241; x_wconf 75' lang='lat' dir='ltr'><strong>Ex</strong></span> <span class='ocrx_word' id='word_1_337' title='bbox 1225 221 1326 242; x_wconf 78' lang='lat' dir='ltr'><strong><em>canone</em></strong></span> <span class='ocrx_word' id='word_1_338' title='bbox 1343 214 1369 240; x_wconf 84' lang='lat' dir='ltr'><strong>in</strong></span> <span class='ocrx_word' id='word_1_339' title='bbox 1386 212 1503 241; x_wconf 81' lang='lat' dir='ltr'><strong>Sabbato</strong></span> <span class='ocrx_word' id='word_1_340' title='bbox 1527 221 1546 240; x_wconf 87' lang='grc' dir='ltr'><strong>ιι</strong></span> <span class='ocrx_word' id='word_1_341' title='bbox 1564 211 1746 239; x_wconf 77' lang='lat' dir='ltr'><strong>hebdomadis.</strong></span> 
     </span>
    </p>
   </div>
   <div class='ocr_carea' id='block_1_55' title="bbox 1100 274 1856 310">
    <p class='ocr_par' dir='ltr' id='par_1_55' title="bbox 1100 274 1856 310">
     <span class='ocr_line' id='line_1_55' title="bbox 1100 274 1856 310; baseline -0.005 -5"><span class='ocrx_word' id='word_1_342' title='bbox 1100 277 1122 305; x_wconf 92' lang='lat'><strong>0</strong></span> <span class='ocrx_word' id='word_1_343' title='bbox 1138 277 1245 310; x_wconf 85' lang='lat' dir='ltr'><strong>Puella,</strong></span> <span class='ocrx_word' id='word_1_344' title='bbox 1260 277 1294 305; x_wconf 85' lang='lat' dir='ltr'><strong>da</strong></span> <span class='ocrx_word' id='word_1_345' title='bbox 1311 277 1376 304; x_wconf 87' lang='lat' dir='ltr'><strong>mihi</strong></span> <span class='ocrx_word' id='word_1_346' title='bbox 1400 276 1484 310; x_wconf 86' lang='lat' dir='ltr'><strong>vires,</strong></span> <span class='ocrx_word' id='word_1_347' title='bbox 1498 280 1528 303; x_wconf 91' lang='lat' dir='ltr'><strong>ut</strong></span> <span class='ocrx_word' id='word_1_348' title='bbox 1542 275 1677 310; x_wconf 85' lang='lat' dir='ltr'><strong>jejunare,</strong></span> <span class='ocrx_word' id='word_1_349' title='bbox 1691 279 1717 302; x_wconf 90' lang='lat' dir='ltr'><strong>et</strong></span> <span class='ocrx_word' id='word_1_350' title='bbox 1731 274 1765 302; x_wconf 79' lang='lat' dir='ltr'><strong>ab</strong></span> <span class='ocrx_word' id='word_1_351' title='bbox 1780 274 1856 302; x_wconf 85' lang='lat' dir='ltr'><strong>omni</strong></span> 
     </span>
    </p>
   </div>
   <div class='ocr_carea' id='block_1_56' title="bbox 1065 320 1855 359">
    <p class='ocr_par' dir='ltr' id='par_1_56' title="bbox 1065 320 1855 359">
     <span class='ocr_line' id='line_1_56' title="bbox 1065 320 1855 359; baseline -0.008 -7"><span class='ocrx_word' id='word_1_352' title='bbox 1065 328 1179 359; x_wconf 89' lang='lat' dir='ltr'><strong>peccato</strong></span> <span class='ocrx_word' id='word_1_353' title='bbox 1213 323 1352 351; x_wconf 86' lang='lat' dir='ltr'><strong>abstinere</strong></span> <span class='ocrx_word' id='word_1_354' title='bbox 1385 322 1500 358; x_wconf 86' lang='lat' dir='ltr'><strong>possim,</strong></span> <span class='ocrx_word' id='word_1_355' title='bbox 1534 329 1595 356; x_wconf 83' lang='lat' dir='ltr'><strong>quae</strong></span> <span class='ocrx_word' id='word_1_356' title='bbox 1635 320 1855 355; x_wconf 78' lang='lat' dir='ltr'><strong>potentissimum</strong></span> 
     </span>
    </p>
   </div>
   <div class='ocr_carea' id='block_1_57' title="bbox 1065 368 1856 404">
    <p class='ocr_par' dir='ltr' id='par_1_57' title="bbox 1065 368 1856 404">
     <span class='ocr_line' id='line_1_57' title="bbox 1065 368 1856 404; baseline -0.008 -6"><span class='ocrx_word' id='word_1_357' title='bbox 1065 370 1184 398; x_wconf 83' lang='lat' dir='ltr'><strong>Verbum</strong></span> <span class='ocrx_word' id='word_1_358' title='bbox 1205 370 1240 397; x_wconf 87' lang='lat' dir='ltr'><strong>ab</strong></span> <span class='ocrx_word' id='word_1_359' title='bbox 1266 370 1340 397; x_wconf 86' lang='lat' dir='ltr'><strong>omni</strong></span> <span class='ocrx_word' id='word_1_360' title='bbox 1370 368 1475 404; x_wconf 85' lang='lat' dir='ltr'><strong>peccati</strong></span> <span class='ocrx_word' id='word_1_361' title='bbox 1502 368 1561 395; x_wconf 84' lang='lat' dir='ltr'><strong>labe</strong></span> <span class='ocrx_word' id='word_1_362' title='bbox 1581 368 1713 399; x_wconf 83' lang='lat' dir='ltr'><strong>immune,</strong></span> <span class='ocrx_word' id='word_1_363' title='bbox 1740 373 1856 400; x_wconf 87' lang='lat' dir='ltr'><strong>corpore</strong></span> 
     </span>
    </p>
   </div>
   <div class='ocr_carea' id='block_1_58' title="bbox 1063 411 1856 449">
    <p class='ocr_par' dir='ltr' id='par_1_58' title="bbox 1063 411 1856 449">
     <span class='ocr_line' id='line_1_58' title="bbox 1063 411 1856 449; baseline -0.008 -5"><span class='ocrx_word' id='word_1_364' title='bbox 1063 417 1192 444; x_wconf 87' lang='lat' dir='ltr'><strong>vestitum</strong></span> <span class='ocrx_word' id='word_1_365' title='bbox 1220 415 1396 443; x_wconf 79' lang='lat' dir='ltr'><strong>ineﬂ‘abiliter</strong></span> <span class='ocrx_word' id='word_1_366' title='bbox 1420 413 1568 449; x_wconf 73' lang='lat' dir='ltr'><strong>peperisti;</strong></span> <span class='ocrx_word' id='word_1_367' title='bbox 1595 416 1622 440; x_wconf 86' lang='lat' dir='ltr'><strong>et</strong></span> <span class='ocrx_word' id='word_1_368' title='bbox 1647 412 1766 441; x_wconf 85' lang='lat' dir='ltr'><strong>concede</strong></span> <span class='ocrx_word' id='word_1_369' title='bbox 1789 411 1856 438; x_wconf 87' lang='lat' dir='ltr'><strong>mibi</strong></span> 
     </span>
    </p>
   </div>
   <div class='ocr_carea' id='block_1_59' title="bbox 1064 457 1857 498">
    <p class='ocr_par' dir='ltr' id='par_1_59' title="bbox 1064 457 1857 498">
     <span class='ocr_line' id='line_1_59' title="bbox 1064 457 1857 498; baseline -0.008 -8"><span class='ocrx_word' id='word_1_370' title='bbox 1064 463 1210 498; x_wconf 80' lang='lat' dir='ltr'><strong>lacrymas,</strong></span> <span class='ocrx_word' id='word_1_371' title='bbox 1232 469 1249 489; x_wconf 89' lang='grc' dir='ltr'><strong>ο</strong></span> <span class='ocrx_word' id='word_1_372' title='bbox 1263 461 1419 496; x_wconf 84' lang='lat' dir='ltr'><strong>purissima,</strong></span> <span class='ocrx_word' id='word_1_373' title='bbox 1437 459 1519 494; x_wconf 81' lang='lat'><strong>310</strong></span> <span class='ocrx_word' id='word_1_374' title='bbox 1536 458 1636 494; x_wconf 87' lang='lat' dir='ltr'><strong>quibus</strong></span> <span class='ocrx_word' id='word_1_375' title='bbox 1653 457 1857 485; x_wconf 82' lang='lat' dir='ltr'><strong>maculasmeas</strong></span> 
     </span>
    </p>
   </div>
   <div class='ocr_carea' id='block_1_60' title="bbox 1064 508 1626 536">
    <p class='ocr_par' dir='ltr' id='par_1_60' title="bbox 1064 508 1626 536">
     <span class='ocr_line' id='line_1_60' title="bbox 1064 508 1626 536; baseline -0.002 0"><span class='ocrx_word' id='word_1_376' title='bbox 1064 508 1219 536; x_wconf 85' lang='lat' dir='ltr'><strong>emundem.</strong></span> <span class='ocrx_word' id='word_1_377' title='bbox 1621 530 1626 535; x_wconf 92' lang='lat'><em>.</em></span> 
     </span>
    </p>
   </div>
   <div class='ocr_carea' id='block_1_61' title="bbox 1100 548 1857 589">
    <p class='ocr_par' dir='ltr' id='par_1_61' title="bbox 1100 548 1857 589">
     <span class='ocr_line' id='line_1_61' title="bbox 1100 548 1857 589; baseline -0.008 -8"><span class='ocrx_word' id='word_1_378' title='bbox 1100 553 1235 589; x_wconf 89' lang='lat' dir='ltr'><strong>llymnnm</strong></span> <span class='ocrx_word' id='word_1_379' title='bbox 1251 553 1336 580; x_wconf 66' lang='lat' dir='ltr'><strong>odero</strong></span> <span class='ocrx_word' id='word_1_380' title='bbox 1362 552 1423 584; x_wconf 86' lang='lat' dir='ltr'><strong>tibi,</strong></span> <span class='ocrx_word' id='word_1_381' title='bbox 1436 558 1453 579; x_wconf 90' lang='grc' dir='ltr'><strong>ο</strong></span> <span class='ocrx_word' id='word_1_382' title='bbox 1466 550 1547 587; x_wconf 75' lang='lat' dir='ltr'><strong>Virgo</strong></span> <span class='ocrx_word' id='word_1_383' title='bbox 1566 559 1574 578; x_wconf 86' lang='lat'><strong>:</strong></span> <span class='ocrx_word' id='word_1_384' title='bbox 1593 557 1627 577; x_wconf 89' lang='lat' dir='ltr'><strong>ne</strong></span> <span class='ocrx_word' id='word_1_385' title='bbox 1650 548 1788 584; x_wconf 86' lang='lat' dir='ltr'><strong>despicias</strong></span> <span class='ocrx_word' id='word_1_386' title='bbox 1812 554 1857 576; x_wconf 79' lang='lat' dir='ltr'><strong>me</strong></span> 
     </span>
    </p>
   </div>
   <div class='ocr_carea' id='block_1_62' title="bbox 1064 596 1857 629">
    <p class='ocr_par' dir='ltr' id='par_1_62' title="bbox 1064 596 1857 629">
     <span class='ocr_line' id='line_1_62' title="bbox 1064 596 1857 629; baseline -0.009 -2"><span class='ocrx_word' id='word_1_387' title='bbox 1064 600 1144 627; x_wconf 88' lang='lat' dir='ltr'><strong>malis</strong></span> <span class='ocrx_word' id='word_1_388' title='bbox 1162 600 1306 627; x_wconf 86' lang='lat' dir='ltr'><strong>obsessum</strong></span> <span class='ocrx_word' id='word_1_389' title='bbox 1328 607 1335 626; x_wconf 90' lang='lat'><strong>:</strong></span> <span class='ocrx_word' id='word_1_390' title='bbox 1352 598 1397 626; x_wconf 89' lang='lat' dir='ltr'><strong>sed</strong></span> <span class='ocrx_word' id='word_1_391' title='bbox 1411 596 1532 625; x_wconf 84' lang='lat' dir='ltr'><strong>concede</strong></span> <span class='ocrx_word' id='word_1_392' title='bbox 1552 596 1631 628; x_wconf 88' lang='lat' dir='ltr'><strong>mihi,</strong></span> <span class='ocrx_word' id='word_1_393' title='bbox 1652 605 1669 622; x_wconf 86' lang='grc' dir='ltr'><strong>υ</strong></span> <span class='ocrx_word' id='word_1_394' title='bbox 1689 601 1777 626; x_wconf 87' lang='lat' dir='ltr'><strong>casta,</strong></span> <span class='ocrx_word' id='word_1_395' title='bbox 1795 602 1857 629; x_wconf 82' lang='lat' dir='ltr'><strong>per-</strong></span> 
     </span>
    </p>
   </div>
   <div class='ocr_carea' id='block_1_63' title="bbox 1065 639 1856 678">
    <p class='ocr_par' dir='ltr' id='par_1_63' title="bbox 1065 639 1856 678">
     <span class='ocr_line' id='line_1_63' title="bbox 1065 639 1856 678; baseline -0.009 -5"><span class='ocrx_word' id='word_1_396' title='bbox 1065 646 1164 673; x_wconf 75' lang='lat' dir='ltr'><strong>fectam</strong></span> <span class='ocrx_word' id='word_1_397' title='bbox 1178 644 1377 672; x_wconf 89' lang='lat' dir='ltr'><strong>correctionem</strong></span> <span class='ocrx_word' id='word_1_398' title='bbox 1395 650 1444 678; x_wconf 86' lang='lat' dir='ltr'><strong>per</strong></span> <span class='ocrx_word' id='word_1_399' title='bbox 1466 642 1614 678; x_wconf 86' lang='lat' dir='ltr'><strong>jejunium,</strong></span> <span class='ocrx_word' id='word_1_400' title='bbox 1632 648 1664 669; x_wconf 86' lang='lat' dir='ltr'><strong>ac</strong></span> <span class='ocrx_word' id='word_1_401' title='bbox 1691 640 1750 668; x_wconf 77' lang='lat' dir='ltr'><strong>vita:</strong></span> <span class='ocrx_word' id='word_1_402' title='bbox 1765 639 1856 667; x_wconf 86' lang='lat' dir='ltr'><strong>omnis</strong></span> 
     </span>
    </p>
   </div>
   <div class='ocr_carea' id='block_1_64' title="bbox 1064 690 1439 727">
    <p class='ocr_par' dir='ltr' id='par_1_64' title="bbox 1064 690 1439 727">
     <span class='ocr_line' id='line_1_64' title="bbox 1064 690 1439 727; baseline -0.008 -8"><span class='ocrx_word' id='word_1_403' title='bbox 1064 692 1149 727; x_wconf 90' lang='lat' dir='ltr'><strong>probe</strong></span> <span class='ocrx_word' id='word_1_404' title='bbox 1160 696 1278 726; x_wconf 64' lang='lat' dir='ltr'><strong>peracta:</strong></span> <span class='ocrx_word' id='word_1_405' title='bbox 1295 690 1439 717; x_wconf 88' lang='lat' dir='ltr'><strong>rationem.</strong></span> 
     </span>
    </p>
   </div>
   <div class='ocr_carea' id='block_1_65' title="bbox 1099 735 1857 769">
    <p class='ocr_par' dir='ltr' id='par_1_65' title="bbox 1099 735 1857 769">
     <span class='ocr_line' id='line_1_65' title="bbox 1099 735 1857 769; baseline -0.008 -5"><span class='ocrx_word' id='word_1_406' title='bbox 1099 737 1226 764; x_wconf 74' lang='lat' dir='ltr'><strong>Praevidit</strong></span> <span class='ocrx_word' id='word_1_407' title='bbox 1245 741 1271 764; x_wconf 90' lang='lat' dir='ltr'><strong>te</strong></span> <span class='ocrx_word' id='word_1_408' title='bbox 1290 735 1428 768; x_wconf 78' lang='lat' dir='ltr'><strong>Ezechiel,</strong></span> <span class='ocrx_word' id='word_1_409' title='bbox 1451 742 1467 762; x_wconf 91' lang='grc' dir='ltr'><strong>ο</strong></span> <span class='ocrx_word' id='word_1_410' title='bbox 1485 738 1571 766; x_wconf 87' lang='lat' dir='ltr'><strong>casta,</strong></span> <span class='ocrx_word' id='word_1_411' title='bbox 1587 738 1692 769; x_wconf 80' lang='lat' dir='ltr'><strong>portam</strong></span> <span class='ocrx_word' id='word_1_412' title='bbox 1715 739 1763 767; x_wconf 84' lang='lat' dir='ltr'><strong>per</strong></span> <span class='ocrx_word' id='word_1_413' title='bbox 1774 739 1857 766; x_wconf 89' lang='lat' dir='ltr'><strong>quam</strong></span> 
     </span>
    </p>
   </div>
   <div class='ocr_carea' id='block_1_66' title="bbox 1064 777 1856 818">
    <p class='ocr_par' dir='ltr' id='par_1_66' title="bbox 1064 777 1856 818">
     <span class='ocr_line' id='line_1_66' title="bbox 1064 777 1856 818; baseline -0.01 -7"><span class='ocrx_word' id='word_1_414' title='bbox 1064 783 1133 811; x_wconf 87' lang='lat' dir='ltr'><strong>nulli</strong></span> <span class='ocrx_word' id='word_1_415' title='bbox 1148 783 1259 818; x_wconf 86' lang='lat' dir='ltr'><strong>patebat</strong></span> <span class='ocrx_word' id='word_1_416' title='bbox 1273 782 1331 813; x_wconf 81' lang='lat' dir='ltr'><strong>via;</strong></span> <span class='ocrx_word' id='word_1_417' title='bbox 1352 789 1413 816; x_wconf 74' lang='lat' dir='ltr'><strong>qua:</strong></span> <span class='ocrx_word' id='word_1_418' title='bbox 1442 780 1571 809; x_wconf 87' lang='lat' dir='ltr'><strong>omnibus</strong></span> <span class='ocrx_word' id='word_1_419' title='bbox 1592 779 1743 813; x_wconf 77' lang='lat' dir='ltr'><strong>desperatis</strong></span> <span class='ocrx_word' id='word_1_420' title='bbox 1766 777 1856 812; x_wconf 87' lang='lat' dir='ltr'><strong>aperis</strong></span> 
     </span>
    </p>
   </div>
   <div class='ocr_carea' id='block_1_67' title="bbox 1064 822 1856 865">
    <p class='ocr_par' dir='ltr' id='par_1_67' title="bbox 1064 822 1856 865">
     <span class='ocr_line' id='line_1_67' title="bbox 1064 822 1856 865; baseline -0.009 -9"><span class='ocrx_word' id='word_1_421' title='bbox 1064 834 1157 865; x_wconf 85' lang='lat' dir='ltr'><strong>portas</strong></span> <span class='ocrx_word' id='word_1_422' title='bbox 1177 828 1360 863; x_wconf 65' lang='lat' dir='ltr'><strong>paenitentiae:</strong></span> <span class='ocrx_word' id='word_1_423' title='bbox 1385 827 1457 854; x_wconf 89' lang='lat' dir='ltr'><strong>unde</strong></span> <span class='ocrx_word' id='word_1_424' title='bbox 1487 826 1536 854; x_wconf 85' lang='lat' dir='ltr'><strong>tibi</strong></span> <span class='ocrx_word' id='word_1_425' title='bbox 1566 825 1709 860; x_wconf 86' lang='lat' dir='ltr'><strong>supplico;</strong></span> <span class='ocrx_word' id='word_1_426' title='bbox 1734 827 1765 850; x_wconf 85' lang='grc' dir='ltr'><strong>ιιι</strong></span> <span class='ocrx_word' id='word_1_427' title='bbox 1791 822 1856 850; x_wconf 86' lang='lat' dir='ltr'><strong>Inibi</strong></span> 
     </span>
    </p>
   </div>
   <div class='ocr_carea' id='block_1_68' title="bbox 1066 868 1857 910">
    <p class='ocr_par' dir='ltr' id='par_1_68' title="bbox 1066 868 1857 910">
     <span class='ocr_line' id='line_1_68' title="bbox 1066 868 1857 910; baseline -0.008 -9"><span class='ocrx_word' id='word_1_428' title='bbox 1066 876 1123 902; x_wconf 83' lang='lat' dir='ltr'><strong>vias</strong></span> <span class='ocrx_word' id='word_1_429' title='bbox 1135 874 1253 910; x_wconf 83' lang='lat' dir='ltr'><strong>aperias,</strong></span> <span class='ocrx_word' id='word_1_430' title='bbox 1271 881 1332 908; x_wconf 79' lang='lat' dir='ltr'><strong>quae</strong></span> <span class='ocrx_word' id='word_1_431' title='bbox 1352 873 1386 901; x_wconf 85' lang='lat' dir='ltr'><strong>ad</strong></span> <span class='ocrx_word' id='word_1_432' title='bbox 1401 872 1541 900; x_wconf 73' lang='lat' dir='ltr'><strong>cmlestem</strong></span> <span class='ocrx_word' id='word_1_433' title='bbox 1558 871 1680 906; x_wconf 87' lang='lat' dir='ltr'><strong>requiem</strong></span> <span class='ocrx_word' id='word_1_434' title='bbox 1696 877 1740 897; x_wconf 89' lang='lat' dir='ltr'><strong>me</strong></span> <span class='ocrx_word' id='word_1_435' title='bbox 1757 868 1857 904; x_wconf 78' lang='lat' dir='ltr'><strong>perdu-</strong></span> 
     </span>
    </p>
   </div>
   <div class='ocr_carea' id='block_1_69' title="bbox 1065 926 1139 949">
    <p class='ocr_par' dir='ltr' id='par_1_69' title="bbox 1065 926 1139 949">
     <span class='ocr_line' id='line_1_69' title="bbox 1065 926 1139 949; baseline -0.027 0"><span class='ocrx_word' id='word_1_436' title='bbox 1065 926 1139 949; x_wconf 86' lang='lat' dir='ltr'><strong>cant.</strong></span> 
     </span>
    </p>
   </div>
   <div class='ocr_carea' id='block_1_70' title="bbox 1103 961 1857 997">
    <p class='ocr_par' dir='ltr' id='par_1_70' title="bbox 1103 961 1857 997">
     <span class='ocr_line' id='line_1_70' title="bbox 1103 961 1857 997; baseline -0.007 -5"><span class='ocrx_word' id='word_1_437' title='bbox 1103 965 1177 997; x_wconf 83' lang='lat' dir='ltr'><strong>Esto,</strong></span> <span class='ocrx_word' id='word_1_438' title='bbox 1192 972 1209 993; x_wconf 86' lang='grc' dir='ltr'><strong>ο</strong></span> <span class='ocrx_word' id='word_1_439' title='bbox 1233 964 1347 992; x_wconf 88' lang='lat' dir='ltr'><strong>Domina</strong></span> <span class='ocrx_word' id='word_1_440' title='bbox 1372 963 1557 996; x_wconf 83' lang='lat' dir='ltr'><strong>immaculata,</strong></span> <span class='ocrx_word' id='word_1_441' title='bbox 1582 962 1674 990; x_wconf 86' lang='lat' dir='ltr'><strong>divina</strong></span> <span class='ocrx_word' id='word_1_442' title='bbox 1701 961 1857 995; x_wconf 78' lang='lat' dir='ltr'><strong>eoadjutrix</strong></span> 
     </span>
    </p>
   </div>
   <div class='ocr_carea' id='block_1_71' title="bbox 1066 1008 1846 1044">
    <p class='ocr_par' dir='ltr' id='par_1_71' title="bbox 1066 1008 1846 1044">
     <span class='ocr_line' id='line_1_71' title="bbox 1066 1008 1846 1044; baseline -0.006 -5"><span class='ocrx_word' id='word_1_443' title='bbox 1066 1011 1208 1039; x_wconf 76' lang='lat' dir='ltr'><strong>inutilibus</strong></span> <span class='ocrx_word' id='word_1_444' title='bbox 1220 1011 1307 1039; x_wconf 81' lang='lat' dir='ltr'><strong>servis</strong></span> <span class='ocrx_word' id='word_1_445' title='bbox 1325 1010 1378 1038; x_wconf 84' lang='lat' dir='ltr'><strong>tuis</strong></span> <span class='ocrx_word' id='word_1_446' title='bbox 1403 1014 1524 1044; x_wconf 86' lang='lat' dir='ltr'><strong>tempore</strong></span> <span class='ocrx_word' id='word_1_447' title='bbox 1546 1008 1730 1039; x_wconf 73' lang='lat' dir='ltr'><strong>abstinentitc,</strong></span> <span class='ocrx_word' id='word_1_448' title='bbox 1751 1013 1846 1042; x_wconf 79' lang='lat' dir='ltr'><strong>preces</strong></span> 
     </span>
    </p>
   </div>
   <div class='ocr_carea' id='block_1_72' title="bbox 1066 1055 1698 1091">
    <p class='ocr_par' dir='ltr' id='par_1_72' title="bbox 1066 1055 1698 1091">
     <span class='ocr_line' id='line_1_72' title="bbox 1066 1055 1698 1091; baseline -0.005 -7"><span class='ocrx_word' id='word_1_449' title='bbox 1066 1062 1177 1086; x_wconf 86' lang='lat' dir='ltr'><strong>nostras</strong></span> <span class='ocrx_word' id='word_1_450' title='bbox 1192 1057 1312 1085; x_wconf 56' lang='lat' dir='ltr'><strong>atterens</strong></span> <span class='ocrx_word' id='word_1_451' title='bbox 1326 1056 1441 1084; x_wconf 88' lang='lat' dir='ltr'><strong>Domino</strong></span> <span class='ocrx_word' id='word_1_452' title='bbox 1453 1056 1509 1091; x_wconf 77' lang='lat' dir='ltr'><strong>regi</strong></span> <span class='ocrx_word' id='word_1_453' title='bbox 1524 1055 1698 1083; x_wconf 66' lang='lat' dir='ltr'><strong>saeculorum.</strong></span> 
     </span>
    </p>
   </div>
   <div class='ocr_carea' id='block_1_73' title="bbox 1120 1167 1804 1202">
    <p class='ocr_par' dir='ltr' id='par_1_73' title="bbox 1120 1167 1804 1202">
     <span class='ocr_line' id='line_1_73' title="bbox 1120 1167 1804 1202; baseline -0.004 -7"><span class='ocrx_word' id='word_1_454' title='bbox 1120 1168 1310 1198; x_wconf 58' lang='lat' dir='ltr'><strong>Ezecnonein</strong></span> <span class='ocrx_word' id='word_1_455' title='bbox 1324 1168 1392 1202; x_wconf 73' lang='lat' dir='ltr'><strong>feria</strong></span> <span class='ocrx_word' id='word_1_456' title='bbox 1404 1175 1422 1194; x_wconf 90' lang='grc' dir='ltr'><strong>ιι</strong></span> <span class='ocrx_word' id='word_1_457' title='bbox 1434 1167 1510 1195; x_wconf 79' lang='lat' dir='ltr'><strong>hebd.</strong></span> <span class='ocrx_word' id='word_1_458' title='bbox 1524 1175 1565 1199; x_wconf 86' lang='lat' dir='ltr'><strong>In,</strong></span> <span class='ocrx_word' id='word_1_459' title='bbox 1581 1167 1616 1194; x_wconf 87' lang='lat' dir='ltr'><strong>ad</strong></span> <span class='ocrx_word' id='word_1_460' title='bbox 1629 1167 1804 1194; x_wconf 83' lang='lat' dir='ltr'><strong>Matutinum.</strong></span> 
     </span>
    </p>
   </div>
   <div class='ocr_carea' id='block_1_74' title="bbox 1103 1265 1857 1302">
    <p class='ocr_par' dir='ltr' id='par_1_74' title="bbox 1103 1265 1857 1302">
     <span class='ocr_line' id='line_1_74' title="bbox 1103 1265 1857 1302; baseline -0.004 -7"><span class='ocrx_word' id='word_1_461' title='bbox 1103 1268 1194 1300; x_wconf 88' lang='lat' dir='ltr'><strong>Salve,</strong></span> <span class='ocrx_word' id='word_1_462' title='bbox 1207 1275 1223 1294; x_wconf 96' lang='lat' dir='ltr'><strong>o</strong></span> <span class='ocrx_word' id='word_1_463' title='bbox 1237 1268 1368 1302; x_wconf 85' lang='lat' dir='ltr'><strong>templum</strong></span> <span class='ocrx_word' id='word_1_464' title='bbox 1384 1266 1606 1298; x_wconf 83' lang='lat' dir='ltr'><strong>sanctissimum,</strong></span> <span class='ocrx_word' id='word_1_465' title='bbox 1627 1273 1644 1292; x_wconf 94' lang='grc' dir='ltr'><strong>ο</strong></span> <span class='ocrx_word' id='word_1_466' title='bbox 1660 1265 1747 1293; x_wconf 86' lang='lat' dir='ltr'><strong>vellus</strong></span> <span class='ocrx_word' id='word_1_467' title='bbox 1764 1265 1857 1292; x_wconf 87' lang='lat' dir='ltr'><strong>divino</strong></span> 
     </span>
    </p>
   </div>
   <div class='ocr_carea' id='block_1_75' title="bbox 1067 1311 1854 1347">
    <p class='ocr_par' dir='ltr' id='par_1_75' title="bbox 1067 1311 1854 1347">
     <span class='ocr_line' id='line_1_75' title="bbox 1067 1311 1854 1347; baseline -0.004 -7"><span class='ocrx_word' id='word_1_468' title='bbox 1067 1321 1128 1341; x_wconf 88' lang='lat' dir='ltr'><strong>rore</strong></span> <span class='ocrx_word' id='word_1_469' title='bbox 1143 1313 1275 1344; x_wconf 82' lang='lat' dir='ltr'><strong>infusum.</strong></span> <span class='ocrx_word' id='word_1_470' title='bbox 1295 1321 1311 1340; x_wconf 95' lang='grc' dir='ltr'><strong>ο</strong></span> <span class='ocrx_word' id='word_1_471' title='bbox 1328 1313 1391 1340; x_wconf 81' lang='lat' dir='ltr'><strong>fons</strong></span> <span class='ocrx_word' id='word_1_472' title='bbox 1414 1313 1520 1347; x_wconf 75' lang='lat' dir='ltr'><strong>signate</strong></span> <span class='ocrx_word' id='word_1_473' title='bbox 1537 1311 1646 1339; x_wconf 86' lang='lat' dir='ltr'><strong>ﬂuentis</strong></span> <span class='ocrx_word' id='word_1_474' title='bbox 1667 1311 1829 1338; x_wconf 81' lang='lat' dir='ltr'><strong>immortalis</strong></span> <span class='ocrx_word' id='word_1_475' title='bbox 1847 1320 1854 1337; x_wconf 92' lang='lat'>:</span> 
     </span>
    </p>
   </div>
   <div class='ocr_carea' id='block_1_76' title="bbox 1067 1357 1856 1395">
    <p class='ocr_par' dir='ltr' id='par_1_76' title="bbox 1067 1357 1856 1395">
     <span class='ocr_line' id='line_1_76' title="bbox 1067 1357 1856 1395; baseline -0.003 -9"><span class='ocrx_word' id='word_1_476' title='bbox 1067 1366 1175 1395; x_wconf 73' lang='lat' dir='ltr'><strong>gregem</strong></span> <span class='ocrx_word' id='word_1_477' title='bbox 1193 1364 1269 1386; x_wconf 89' lang='lat' dir='ltr'><strong>tuum</strong></span> <span class='ocrx_word' id='word_1_478' title='bbox 1280 1358 1398 1391; x_wconf 83' lang='lat' dir='ltr'><strong>custodi,</strong></span> <span class='ocrx_word' id='word_1_479' title='bbox 1412 1358 1538 1391; x_wconf 83' lang='lat' dir='ltr'><strong>Domina,</strong></span> <span class='ocrx_word' id='word_1_480' title='bbox 1558 1358 1593 1385; x_wconf 87' lang='lat' dir='ltr'><strong>ab</strong></span> <span class='ocrx_word' id='word_1_481' title='bbox 1610 1357 1728 1385; x_wconf 87' lang='lat' dir='ltr'><strong>hostium</strong></span> <span class='ocrx_word' id='word_1_482' title='bbox 1746 1357 1856 1384; x_wconf 86' lang='lat' dir='ltr'><strong>univcr-</strong></span> 
     </span>
    </p>
   </div>
   <div class='ocr_carea' id='block_1_77' title="bbox 1068 1404 1554 1440">
    <p class='ocr_par' dir='ltr' id='par_1_77' title="bbox 1068 1404 1554 1440">
     <span class='ocr_line' id='line_1_77' title="bbox 1068 1404 1554 1440; baseline 0 -9"><span class='ocrx_word' id='word_1_483' title='bbox 1068 1412 1161 1432; x_wconf 88' lang='lat' dir='ltr'><strong>sorum</strong></span> <span class='ocrx_word' id='word_1_484' title='bbox 1174 1405 1378 1440; x_wconf 78' lang='lat' dir='ltr'><strong>oppugnatione</strong></span> <span class='ocrx_word' id='word_1_485' title='bbox 1391 1404 1554 1431; x_wconf 81' lang='lat' dir='ltr'><strong>immunem.</strong></span> 
     </span>
    </p>
   </div>
   <div class='ocr_carea' id='block_1_78' title="bbox 1103 1448 1856 1485">
    <p class='ocr_par' dir='ltr' id='par_1_78' title="bbox 1103 1448 1856 1485">
     <span class='ocr_line' id='line_1_78' title="bbox 1103 1448 1856 1485; baseline -0.003 -8"><span class='ocrx_word' id='word_1_486' title='bbox 1103 1450 1143 1477; x_wconf 88' lang='lat' dir='ltr'><strong>Tu</strong></span> <span class='ocrx_word' id='word_1_487' title='bbox 1157 1457 1219 1485; x_wconf 74' lang='lat' dir='ltr'><strong>qua:</strong></span> <span class='ocrx_word' id='word_1_488' title='bbox 1236 1457 1374 1477; x_wconf 76' lang='lat' dir='ltr'><strong>racemum</strong></span> <span class='ocrx_word' id='word_1_489' title='bbox 1386 1450 1490 1484; x_wconf 87' lang='lat' dir='ltr'><strong>absque</strong></span> <span class='ocrx_word' id='word_1_490' title='bbox 1504 1449 1587 1477; x_wconf 86' lang='lat' dir='ltr'><strong>ullius</strong></span> <span class='ocrx_word' id='word_1_491' title='bbox 1603 1449 1709 1476; x_wconf 81' lang='lat' dir='ltr'><strong>cultura</strong></span> <span class='ocrx_word' id='word_1_492' title='bbox 1726 1448 1856 1483; x_wconf 72' lang='lat' dir='ltr'><strong>concepi-</strong></span> 
     </span>
    </p>
   </div>
   <div class='ocr_carea' id='block_1_79' title="bbox 1067 1494 1854 1530">
    <p class='ocr_par' dir='ltr' id='par_1_79' title="bbox 1067 1494 1854 1530">
     <span class='ocr_line' id='line_1_79' title="bbox 1067 1494 1854 1530; baseline -0.004 -6"><span class='ocrx_word' id='word_1_493' title='bbox 1067 1496 1112 1528; x_wconf 86' lang='lat' dir='ltr'><strong>sti,</strong></span> <span class='ocrx_word' id='word_1_494' title='bbox 1128 1503 1172 1523; x_wconf 89' lang='lat' dir='ltr'><strong>me</strong></span> <span class='ocrx_word' id='word_1_495' title='bbox 1182 1495 1286 1530; x_wconf 79' lang='lat' dir='ltr'><strong>peccati</strong></span> <span class='ocrx_word' id='word_1_496' title='bbox 1311 1495 1443 1522; x_wconf 86' lang='lat' dir='ltr'><strong>ebrietate</strong></span> <span class='ocrx_word' id='word_1_497' title='bbox 1469 1495 1677 1522; x_wconf 85' lang='lat' dir='ltr'><strong>obtencbratum</strong></span> <span class='ocrx_word' id='word_1_498' title='bbox 1697 1495 1729 1521; x_wconf 86' lang='lat' dir='ltr'><strong>ad</strong></span> <span class='ocrx_word' id='word_1_499' title='bbox 1748 1494 1854 1522; x_wconf 78' lang='lat' dir='ltr'><strong>sobrie—</strong></span> 
     </span>
    </p>
   </div>
   <div class='ocr_carea' id='block_1_80' title="bbox 1068 1538 1854 1574">
    <p class='ocr_par' dir='ltr' id='par_1_80' title="bbox 1068 1538 1854 1574">
     <span class='ocr_line' id='line_1_80' title="bbox 1068 1538 1854 1574; baseline -0.005 -6"><span class='ocrx_word' id='word_1_500' title='bbox 1068 1545 1150 1568; x_wconf 84' lang='lat' dir='ltr'><strong>tatem</strong></span> <span class='ocrx_word' id='word_1_501' title='bbox 1164 1541 1287 1573; x_wconf 75' lang='lat' dir='ltr'><strong>restitue,</strong></span> <span class='ocrx_word' id='word_1_502' title='bbox 1314 1547 1331 1566; x_wconf 85' lang='grc' dir='ltr'><strong>ο</strong></span> <span class='ocrx_word' id='word_1_503' title='bbox 1356 1539 1437 1574; x_wconf 76' lang='lat' dir='ltr'><strong>Virgo</strong></span> <span class='ocrx_word' id='word_1_504' title='bbox 1454 1539 1580 1574; x_wconf 80' lang='lat' dir='ltr'><strong>Dcipara,</strong></span> <span class='ocrx_word' id='word_1_505' title='bbox 1611 1545 1674 1573; x_wconf 88' lang='lat' dir='ltr'><strong>spes</strong></span> <span class='ocrx_word' id='word_1_506' title='bbox 1701 1538 1854 1565; x_wconf 88' lang='lat' dir='ltr'><strong>animarum</strong></span> 
     </span>
    </p>
   </div>
   <div class='ocr_carea' id='block_1_81' title="bbox 1068 1592 1233 1614">
    <p class='ocr_par' dir='ltr' id='par_1_81' title="bbox 1068 1592 1233 1614">
     <span class='ocr_line' id='line_1_81' title="bbox 1068 1592 1233 1614; baseline -0.012 0"><span class='ocrx_word' id='word_1_507' title='bbox 1068 1592 1233 1614; x_wconf 83' lang='lat' dir='ltr'><strong>nostrarum.</strong></span> 
     </span>
    </p>
   </div>
   <div class='ocr_carea' id='block_1_82' title="bbox 1103 1631 1856 1667">
    <p class='ocr_par' dir='ltr' id='par_1_82' title="bbox 1103 1631 1856 1667">
     <span class='ocr_line' id='line_1_82' title="bbox 1103 1631 1856 1667; baseline -0.004 -8"><span class='ocrx_word' id='word_1_508' title='bbox 1103 1631 1143 1659; x_wconf 90' lang='lat' dir='ltr'><strong>Tu</strong></span> <span class='ocrx_word' id='word_1_509' title='bbox 1156 1640 1197 1666; x_wconf 85' lang='lat' dir='ltr'><strong>es,</strong></span> <span class='ocrx_word' id='word_1_510' title='bbox 1211 1639 1227 1660; x_wconf 92' lang='grc' dir='ltr'><strong>ο</strong></span> <span class='ocrx_word' id='word_1_511' title='bbox 1240 1632 1367 1667; x_wconf 83' lang='lat' dir='ltr'><strong>Deipara.</strong></span> <span class='ocrx_word' id='word_1_512' title='bbox 1383 1639 1458 1658; x_wconf 89' lang='lat' dir='ltr'><strong>arma</strong></span> <span class='ocrx_word' id='word_1_513' title='bbox 1475 1636 1579 1663; x_wconf 84' lang='lat' dir='ltr'><strong>nostra.</strong></span> <span class='ocrx_word' id='word_1_514' title='bbox 1596 1636 1622 1659; x_wconf 87' lang='lat' dir='ltr'><strong>ct</strong></span> <span class='ocrx_word' id='word_1_515' title='bbox 1635 1638 1730 1658; x_wconf 89' lang='lat' dir='ltr'><strong>murus</strong></span> <span class='ocrx_word' id='word_1_516' title='bbox 1748 1638 1755 1657; x_wconf 93' lang='lat'>:</span> <span class='ocrx_word' id='word_1_517' title='bbox 1772 1634 1799 1657; x_wconf 88' lang='lat' dir='ltr'><strong>tu</strong></span> <span class='ocrx_word' id='word_1_518' title='bbox 1813 1637 1856 1657; x_wconf 85' lang='lat' dir='ltr'><strong>re-</strong></span> 
     </span>
    </p>
   </div>
   <div class='ocr_carea' id='block_1_83' title="bbox 1067 1675 1854 1712">
    <p class='ocr_par' dir='ltr' id='par_1_83' title="bbox 1067 1675 1854 1712">
     <span class='ocr_line' id='line_1_83' title="bbox 1067 1675 1854 1712; baseline -0.004 -7"><span class='ocrx_word' id='word_1_519' title='bbox 1067 1678 1172 1712; x_wconf 74' lang='lat' dir='ltr'><strong>fugium</strong></span> <span class='ocrx_word' id='word_1_520' title='bbox 1192 1677 1225 1704; x_wconf 88' lang='lat' dir='ltr'><strong>ad</strong></span> <span class='ocrx_word' id='word_1_521' title='bbox 1246 1681 1271 1704; x_wconf 89' lang='lat' dir='ltr'><strong>lc</strong></span> <span class='ocrx_word' id='word_1_522' title='bbox 1286 1675 1514 1712; x_wconf 81' lang='lat' dir='ltr'><strong>conl‘ugieutium.</strong></span> <span class='ocrx_word' id='word_1_523' title='bbox 1532 1675 1609 1703; x_wconf 91' lang='lat' dir='ltr'><strong>Nuuc</strong></span> <span class='ocrx_word' id='word_1_524' title='bbox 1639 1676 1732 1711; x_wconf 87' lang='lat' dir='ltr'><strong>itaque</strong></span> <span class='ocrx_word' id='word_1_525' title='bbox 1747 1682 1773 1703; x_wconf 89' lang='lat' dir='ltr'><strong>te</strong></span> <span class='ocrx_word' id='word_1_526' title='bbox 1791 1683 1854 1702; x_wconf 89' lang='lat' dir='ltr'><strong>ora-</strong></span> 
     </span>
    </p>
   </div>
   <div class='ocr_carea' id='block_1_84' title="bbox 1067 1720 1855 1756">
    <p class='ocr_par' dir='ltr' id='par_1_84' title="bbox 1067 1720 1855 1756">
     <span class='ocr_line' id='line_1_84' title="bbox 1067 1720 1855 1756; baseline -0.004 -6"><span class='ocrx_word' id='word_1_527' title='bbox 1067 1723 1161 1750; x_wconf 85' lang='lat' dir='ltr'><strong>tricem</strong></span> <span class='ocrx_word' id='word_1_528' title='bbox 1177 1726 1297 1750; x_wconf 86' lang='lat' dir='ltr'><strong>nostratn</strong></span> <span class='ocrx_word' id='word_1_529' title='bbox 1313 1721 1515 1756; x_wconf 83' lang='lat' dir='ltr'><strong>constituimus,</strong></span> <span class='ocrx_word' id='word_1_530' title='bbox 1530 1726 1560 1749; x_wconf 89' lang='lat' dir='ltr'><strong>ut</strong></span> <span class='ocrx_word' id='word_1_531' title='bbox 1571 1721 1738 1749; x_wconf 86' lang='lat' dir='ltr'><strong>abbostibus</strong></span> <span class='ocrx_word' id='word_1_532' title='bbox 1753 1720 1855 1748; x_wconf 87' lang='lat' dir='ltr'><strong>nostris</strong></span> 
     </span>
    </p>
   </div>
   <div class='ocr_carea' id='block_1_85' title="bbox 1066 1767 1224 1797">
    <p class='ocr_par' dir='ltr' id='par_1_85' title="bbox 1066 1767 1224 1797">
     <span class='ocr_line' id='line_1_85' title="bbox 1066 1767 1224 1797; baseline 0 -3"><span class='ocrx_word' id='word_1_533' title='bbox 1066 1767 1224 1797; x_wconf 86' lang='lat' dir='ltr'><strong>liberemur.</strong></span> 
     </span>
    </p>
   </div>
   <div class='ocr_carea' id='block_1_86' title="bbox 1101 1819 1855 1855">
    <p class='ocr_par' dir='ltr' id='par_1_86' title="bbox 1101 1819 1855 1855">
     <span class='ocr_line' id='line_1_86' title="bbox 1101 1819 1855 1855; baseline -0.003 -7"><span class='ocrx_word' id='word_1_534' title='bbox 1101 1822 1122 1847; x_wconf 89' lang='lat'><strong>0</strong></span> <span class='ocrx_word' id='word_1_535' title='bbox 1142 1821 1232 1848; x_wconf 80' lang='lat' dir='ltr'><strong>divina</strong></span> <span class='ocrx_word' id='word_1_536' title='bbox 1259 1821 1346 1855; x_wconf 75' lang='lat' dir='ltr'><strong>gratia</strong></span> <span class='ocrx_word' id='word_1_537' title='bbox 1368 1820 1539 1855; x_wconf 88' lang='lat' dir='ltr'><strong>plenissima,</strong></span> <span class='ocrx_word' id='word_1_538' title='bbox 1555 1825 1640 1853; x_wconf 89' lang='lat' dir='ltr'><strong>casta,</strong></span> <span class='ocrx_word' id='word_1_539' title='bbox 1658 1825 1685 1848; x_wconf 90' lang='lat' dir='ltr'><strong>et</strong></span> <span class='ocrx_word' id='word_1_540' title='bbox 1701 1819 1855 1854; x_wconf 79' lang='lat' dir='ltr'><strong>benedicta,</strong></span> 
     </span>
    </p>
   </div>
   <div class='ocr_carea' id='block_1_87' title="bbox 1066 1865 1853 1900">
    <p class='ocr_par' dir='ltr' id='par_1_87' title="bbox 1066 1865 1853 1900">
     <span class='ocr_line' id='line_1_87' title="bbox 1066 1865 1853 1900; baseline -0.001 -8"><span class='ocrx_word' id='word_1_541' title='bbox 1066 1873 1120 1892; x_wconf 91' lang='lat' dir='ltr'><strong>una</strong></span> <span class='ocrx_word' id='word_1_542' title='bbox 1134 1873 1196 1893; x_wconf 93' lang='lat' dir='ltr'><strong>cum</strong></span> <span class='ocrx_word' id='word_1_543' title='bbox 1210 1866 1338 1900; x_wconf 87' lang='lat' dir='ltr'><strong>supernis</strong></span> <span class='ocrx_word' id='word_1_544' title='bbox 1353 1866 1501 1893; x_wconf 81' lang='lat' dir='ltr'><strong>virtutibus</strong></span> <span class='ocrx_word' id='word_1_545' title='bbox 1514 1870 1542 1893; x_wconf 81' lang='lat' dir='ltr'><strong>et</strong></span> <span class='ocrx_word' id='word_1_546' title='bbox 1559 1866 1743 1900; x_wconf 80' lang='lat' dir='ltr'><strong>arebangclis,</strong></span> <span class='ocrx_word' id='word_1_547' title='bbox 1763 1865 1853 1892; x_wconf 85' lang='lat' dir='ltr'><strong>omni-</strong></span> 
     </span>
    </p>
   </div>
   <div class='ocr_carea' id='block_1_88' title="bbox 1066 1909 1855 1945">
    <p class='ocr_par' dir='ltr' id='par_1_88' title="bbox 1066 1909 1855 1945">
     <span class='ocr_line' id='line_1_88' title="bbox 1066 1909 1855 1945; baseline -0.001 -7"><span class='ocrx_word' id='word_1_548' title='bbox 1066 1911 1172 1945; x_wconf 85' lang='lat' dir='ltr'><strong>busque</strong></span> <span class='ocrx_word' id='word_1_549' title='bbox 1188 1910 1355 1945; x_wconf 83' lang='lat' dir='ltr'><strong>incorporeis</strong></span> <span class='ocrx_word' id='word_1_550' title='bbox 1366 1909 1514 1945; x_wconf 84' lang='lat' dir='ltr'><strong>deprecare</strong></span> <span class='ocrx_word' id='word_1_551' title='bbox 1529 1910 1699 1938; x_wconf 91' lang='lat' dir='ltr'><strong>incessanter</strong></span> <span class='ocrx_word' id='word_1_552' title='bbox 1711 1918 1759 1944; x_wconf 91' lang='lat' dir='ltr'><strong>pro</strong></span> <span class='ocrx_word' id='word_1_553' title='bbox 1775 1910 1855 1937; x_wconf 86' lang='lat' dir='ltr'><strong>nobis</strong></span> 
     </span>
    </p>
   </div>
   <div class='ocr_carea' id='block_1_89' title="bbox 1065 1956 1855 1991">
    <p class='ocr_par' dir='ltr' id='par_1_89' title="bbox 1065 1956 1855 1991">
     <span class='ocr_line' id='line_1_89' title="bbox 1065 1956 1855 1991; baseline -0.003 -7"><span class='ocrx_word' id='word_1_554' title='bbox 1065 1957 1193 1984; x_wconf 92' lang='lat' dir='ltr'><strong>omnibus</strong></span> <span class='ocrx_word' id='word_1_555' title='bbox 1208 1956 1284 1983; x_wconf 91' lang='lat' dir='ltr'><strong>illum</strong></span> <span class='ocrx_word' id='word_1_556' title='bbox 1300 1956 1346 1991; x_wconf 87' lang='lat' dir='ltr'><strong>qui</strong></span> <span class='ocrx_word' id='word_1_557' title='bbox 1366 1963 1399 1983; x_wconf 81' lang='lat' dir='ltr'><strong>ex</strong></span> <span class='ocrx_word' id='word_1_558' title='bbox 1418 1961 1443 1984; x_wconf 91' lang='lat' dir='ltr'><strong>te</strong></span> <span class='ocrx_word' id='word_1_559' title='bbox 1458 1961 1539 1984; x_wconf 84' lang='lat' dir='ltr'><strong>natus</strong></span> <span class='ocrx_word' id='word_1_560' title='bbox 1554 1964 1596 1984; x_wconf 88' lang='lat' dir='ltr'><strong>est</strong></span> <span class='ocrx_word' id='word_1_561' title='bbox 1617 1964 1665 1991; x_wconf 76' lang='lat' dir='ltr'><strong>per</strong></span> <span class='ocrx_word' id='word_1_562' title='bbox 1682 1956 1788 1983; x_wconf 86' lang='lat' dir='ltr'><strong>viscera</strong></span> <span class='ocrx_word' id='word_1_563' title='bbox 1805 1956 1855 1982; x_wconf 88' lang='lat' dir='ltr'><strong>mi-</strong></span> 
     </span>
    </p>
   </div>
   <div class='ocr_carea' id='block_1_90' title="bbox 1065 2001 1855 2037">
    <p class='ocr_par' dir='ltr' id='par_1_90' title="bbox 1065 2001 1855 2037">
     <span class='ocr_line' id='line_1_90' title="bbox 1065 2001 1855 2037; baseline -0.003 -7"><span class='ocrx_word' id='word_1_564' title='bbox 1065 2003 1239 2035; x_wconf 71' lang='lat' dir='ltr'><strong>sericordize;</strong></span> <span class='ocrx_word' id='word_1_565' title='bbox 1252 2007 1281 2029; x_wconf 89' lang='lat' dir='ltr'><strong>ut</strong></span> <span class='ocrx_word' id='word_1_566' title='bbox 1293 2001 1424 2030; x_wconf 85' lang='lat' dir='ltr'><strong>concedat</strong></span> <span class='ocrx_word' id='word_1_567' title='bbox 1443 2002 1532 2035; x_wconf 86' lang='lat' dir='ltr'><strong>nobis,</strong></span> <span class='ocrx_word' id='word_1_568' title='bbox 1556 2007 1703 2037; x_wconf 82' lang='lat' dir='ltr'><strong>antequam</strong></span> <span class='ocrx_word' id='word_1_569' title='bbox 1726 2002 1787 2030; x_wconf 84' lang='lat' dir='ltr'><strong>ﬁnis</strong></span> <span class='ocrx_word' id='word_1_570' title='bbox 1804 2001 1855 2029; x_wconf 51' lang='lat' dir='ltr'><strong>ad.</strong></span> 
     </span>
    </p>
   </div>
   <div class='ocr_carea' id='block_1_91' title="bbox 1065 2047 1852 2082">
    <p class='ocr_par' dir='ltr' id='par_1_91' title="bbox 1065 2047 1852 2082">
     <span class='ocr_line' id='line_1_91' title="bbox 1065 2047 1852 2082; baseline -0.003 -8"><span class='ocrx_word' id='word_1_571' title='bbox 1065 2048 1168 2080; x_wconf 83' lang='lat' dir='ltr'><strong>veniat,</strong></span> <span class='ocrx_word' id='word_1_572' title='bbox 1183 2047 1391 2082; x_wconf 78' lang='lat' dir='ltr'><strong>indulgentiam,</strong></span> <span class='ocrx_word' id='word_1_573' title='bbox 1402 2051 1429 2074; x_wconf 91' lang='lat' dir='ltr'><strong>et</strong></span> <span class='ocrx_word' id='word_1_574' title='bbox 1440 2048 1658 2082; x_wconf 82' lang='lat' dir='ltr'><strong>propitiationein</strong></span> <span class='ocrx_word' id='word_1_575' title='bbox 1669 2051 1852 2081; x_wconf 85' lang='lat' dir='ltr'><strong>peccatorum.</strong></span> 
     </span>
    </p>
   </div>
   <div class='ocr_carea' id='block_1_92' title="bbox 1065 2092 1855 2128">
    <p class='ocr_par' dir='ltr' id='par_1_92' title="bbox 1065 2092 1855 2128">
     <span class='ocr_line' id='line_1_92' title="bbox 1065 2092 1855 2128; baseline -0.001 -8"><span class='ocrx_word' id='word_1_576' title='bbox 1065 2093 1181 2128; x_wconf 51' lang='lat' dir='ltr'><strong>vitaeque</strong></span> <span class='ocrx_word' id='word_1_577' title='bbox 1202 2093 1413 2126; x_wconf 85' lang='lat' dir='ltr'><strong>correctionem,</strong></span> <span class='ocrx_word' id='word_1_578' title='bbox 1440 2098 1469 2120; x_wconf 92' lang='lat' dir='ltr'><strong>ut</strong></span> <span class='ocrx_word' id='word_1_579' title='bbox 1488 2093 1705 2121; x_wconf 79' lang='lat' dir='ltr'><strong>miscricordiam</strong></span> <span class='ocrx_word' id='word_1_580' title='bbox 1732 2092 1855 2120; x_wconf 87' lang='lat' dir='ltr'><strong>invenire</strong></span> 
     </span>
    </p>
   </div>
   <div class='ocr_carea' id='block_1_93' title="bbox 1065 2140 1214 2174">
    <p class='ocr_par' dir='ltr' id='par_1_93' title="bbox 1065 2140 1214 2174">
     <span class='ocr_line' id='line_1_93' title="bbox 1065 2140 1214 2174; baseline 0.007 -7"><span class='ocrx_word' id='word_1_581' title='bbox 1065 2140 1214 2174; x_wconf 86' lang='lat' dir='ltr'><strong>possimus.</strong></span> 
     </span>
    </p>
   </div>
   <div class='ocr_carea' id='block_1_94' title="bbox 1116 2195 1796 2233">
    <p class='ocr_par' dir='ltr' id='par_1_94' title="bbox 1116 2195 1796 2233">
     <span class='ocr_line' id='line_1_94' title="bbox 1116 2195 1796 2233; baseline 0 -10"><span class='ocrx_word' id='word_1_582' title='bbox 1116 2196 1195 2233; x_wconf 79' lang='lat'><strong>311</strong></span> <span class='ocrx_word' id='word_1_583' title='bbox 1211 2195 1253 2224; x_wconf 70' lang='lat' dir='ltr'><strong>Ea:</strong></span> <span class='ocrx_word' id='word_1_584' title='bbox 1263 2204 1362 2224; x_wconf 86' lang='lat' dir='ltr'><strong>canone</strong></span> <span class='ocrx_word' id='word_1_585' title='bbox 1386 2197 1414 2223; x_wconf 82' lang='lat' dir='ltr'><strong>in</strong></span> <span class='ocrx_word' id='word_1_586' title='bbox 1435 2196 1501 2231; x_wconf 75' lang='lat' dir='ltr'><strong>feria</strong></span> <span class='ocrx_word' id='word_1_587' title='bbox 1518 2204 1547 2224; x_wconf 93' lang='grc' dir='ltr'><strong>ιιι</strong></span> <span class='ocrx_word' id='word_1_588' title='bbox 1568 2195 1736 2223; x_wconf 73' lang='lat' dir='ltr'><strong>hebdomadis</strong></span> <span class='ocrx_word' id='word_1_589' title='bbox 1755 2203 1796 2223; x_wconf 87' lang='grc' dir='ltr'>ιιι.</span> 
     </span>
    </p>
   </div>
   <div class='ocr_carea' id='block_1_95' title="bbox 1099 2259 1854 2294">
    <p class='ocr_par' dir='ltr' id='par_1_95' title="bbox 1099 2259 1854 2294">
     <span class='ocr_line' id='line_1_95' title="bbox 1099 2259 1854 2294; baseline 0 -6"><span class='ocrx_word' id='word_1_590' title='bbox 1099 2259 1122 2288; x_wconf 93' lang='lat'>0</span> <span class='ocrx_word' id='word_1_591' title='bbox 1146 2259 1228 2294; x_wconf 80' lang='lat' dir='ltr'><strong>Virgo</strong></span> <span class='ocrx_word' id='word_1_592' title='bbox 1259 2259 1445 2292; x_wconf 84' lang='lat' dir='ltr'><strong>sanctissima,</strong></span> <span class='ocrx_word' id='word_1_593' title='bbox 1472 2259 1590 2287; x_wconf 72' lang='lat' dir='ltr'><strong>extende</strong></span> <span class='ocrx_word' id='word_1_594' title='bbox 1618 2259 1727 2287; x_wconf 83' lang='lat' dir='ltr'><strong>divinas</strong></span> <span class='ocrx_word' id='word_1_595' title='bbox 1755 2267 1854 2288; x_wconf 85' lang='lat' dir='ltr'><strong>manus</strong></span> 
     </span>
    </p>
   </div>
   <div class='ocr_carea' id='block_1_96' title="bbox 1064 2304 1853 2340">
    <p class='ocr_par' dir='ltr' id='par_1_96' title="bbox 1064 2304 1853 2340">
     <span class='ocr_line' id='line_1_96' title="bbox 1064 2304 1853 2340; baseline -0.001 -7"><span class='ocrx_word' id='word_1_596' title='bbox 1064 2309 1138 2338; x_wconf 85' lang='lat' dir='ltr'><strong>tuas,</strong></span> <span class='ocrx_word' id='word_1_597' title='bbox 1170 2305 1271 2340; x_wconf 87' lang='lat' dir='ltr'><strong>quibus</strong></span> <span class='ocrx_word' id='word_1_598' title='bbox 1300 2305 1413 2340; x_wconf 85' lang='lat' dir='ltr'><strong>portasti</strong></span> <span class='ocrx_word' id='word_1_599' title='bbox 1441 2304 1612 2337; x_wconf 82' lang='lat' dir='ltr'><strong>Creatorem,</strong></span> <span class='ocrx_word' id='word_1_600' title='bbox 1637 2310 1748 2339; x_wconf 78' lang='lat' dir='ltr'><strong>propter</strong></span> <span class='ocrx_word' id='word_1_601' title='bbox 1775 2311 1853 2334; x_wconf 80' lang='lat' dir='ltr'><strong>suam</strong></span> 
     </span>
    </p>
   </div>
   <div class='ocr_carea' id='block_1_97' title="bbox 1064 2351 1852 2387">
    <p class='ocr_par' dir='ltr' id='par_1_97' title="bbox 1064 2351 1852 2387">
     <span class='ocr_line' id='line_1_97' title="bbox 1064 2351 1852 2387; baseline -0.003 -8"><span class='ocrx_word' id='word_1_602' title='bbox 1064 2351 1260 2387; x_wconf 75' lang='lat' dir='ltr'><strong>benignitatem</strong></span> <span class='ocrx_word' id='word_1_603' title='bbox 1272 2351 1466 2384; x_wconf 86' lang='lat' dir='ltr'><strong>incarnatum;</strong></span> <span class='ocrx_word' id='word_1_604' title='bbox 1481 2358 1600 2385; x_wconf 86' lang='lat' dir='ltr'><strong>eumque</strong></span> <span class='ocrx_word' id='word_1_605' title='bbox 1620 2358 1732 2385; x_wconf 88' lang='lat' dir='ltr'><strong>precare</strong></span> <span class='ocrx_word' id='word_1_606' title='bbox 1745 2351 1852 2386; x_wconf 87' lang='lat' dir='ltr'><strong>suppli-</strong></span> 
     </span>
    </p>
   </div>
   <div class='ocr_carea' id='block_1_98' title="bbox 1064 2395 1852 2431">
    <p class='ocr_par' dir='ltr' id='par_1_98' title="bbox 1064 2395 1852 2431">
     <span class='ocr_line' id='line_1_98' title="bbox 1064 2395 1852 2431; baseline 0.001 -8"><span class='ocrx_word' id='word_1_607' title='bbox 1064 2396 1143 2429; x_wconf 85' lang='lat' dir='ltr'><strong>citer,</strong></span> <span class='ocrx_word' id='word_1_608' title='bbox 1163 2400 1220 2424; x_wconf 87' lang='lat' dir='ltr'><strong>uta</strong></span> <span class='ocrx_word' id='word_1_609' title='bbox 1237 2395 1445 2428; x_wconf 86' lang='lat' dir='ltr'><strong>tentationibus,</strong></span> <span class='ocrx_word' id='word_1_610' title='bbox 1460 2395 1712 2430; x_wconf 86' lang='lat' dir='ltr'><strong>perturbationibus</strong></span> <span class='ocrx_word' id='word_1_611' title='bbox 1738 2401 1766 2423; x_wconf 90' lang='lat' dir='ltr'><strong>et</strong></span> <span class='ocrx_word' id='word_1_612' title='bbox 1779 2397 1852 2431; x_wconf 87' lang='lat' dir='ltr'><strong>peri-</strong></span> 
     </span>
    </p>
   </div>
   <div class='ocr_carea' id='block_1_99' title="bbox 1064 2441 1856 2478">
    <p class='ocr_par' dir='ltr' id='par_1_99' title="bbox 1064 2441 1856 2478">
     <span class='ocr_line' id='line_1_99' title="bbox 1064 2441 1856 2478; baseline -0.001 -7"><span class='ocrx_word' id='word_1_613' title='bbox 1064 2443 1133 2472; x_wconf 88' lang='lat' dir='ltr'><strong>culis</strong></span> <span class='ocrx_word' id='word_1_614' title='bbox 1151 2443 1249 2478; x_wconf 86' lang='lat' dir='ltr'><strong>eripiat</strong></span> <span class='ocrx_word' id='word_1_615' title='bbox 1270 2450 1331 2475; x_wconf 90' lang='lat' dir='ltr'><strong>nos,</strong></span> <span class='ocrx_word' id='word_1_616' title='bbox 1347 2442 1393 2476; x_wconf 91' lang='lat' dir='ltr'><strong>qui</strong></span> <span class='ocrx_word' id='word_1_617' title='bbox 1415 2446 1441 2469; x_wconf 84' lang='lat' dir='ltr'><strong>te</strong></span> <span class='ocrx_word' id='word_1_618' title='bbox 1464 2449 1527 2469; x_wconf 88' lang='lat' dir='ltr'><strong>cum</strong></span> <span class='ocrx_word' id='word_1_619' title='bbox 1549 2441 1646 2469; x_wconf 70' lang='lat' dir='ltr'><strong>adectu</strong></span> <span class='ocrx_word' id='word_1_620' title='bbox 1670 2442 1856 2474; x_wconf 73' lang='lat' dir='ltr'><strong>celebramus.</strong></span> 
     </span>
    </p>
   </div>
   <div class='ocr_carea' id='block_1_100' title="bbox 1063 2484 1852 2523">
    <p class='ocr_par' dir='ltr' id='par_1_100' title="bbox 1063 2484 1852 2523">
     <span class='ocr_line' id='line_1_100' title="bbox 1063 2484 1852 2523; baseline -0.003 -7"><span class='ocrx_word' id='word_1_621' title='bbox 1063 2495 1090 2516; x_wconf 85' lang='lat' dir='ltr'><strong>et</strong></span> <span class='ocrx_word' id='word_1_622' title='bbox 1105 2489 1139 2518; x_wconf 86' lang='lat' dir='ltr'><strong>ad</strong></span> <span class='ocrx_word' id='word_1_623' title='bbox 1154 2494 1179 2517; x_wconf 87' lang='lat' dir='ltr'><strong>te</strong></span> <span class='ocrx_word' id='word_1_624' title='bbox 1202 2489 1369 2517; x_wconf 86' lang='lat' dir='ltr'><strong>clamamus:</strong></span> <span class='ocrx_word' id='word_1_625' title='bbox 1387 2487 1478 2516; x_wconf 84' lang='lat' dir='ltr'><strong>Gloria</strong></span> <span class='ocrx_word' id='word_1_626' title='bbox 1496 2488 1520 2515; x_wconf 92' lang='lat' dir='ltr'><strong>ei</strong></span> <span class='ocrx_word' id='word_1_627' title='bbox 1535 2487 1582 2523; x_wconf 89' lang='lat' dir='ltr'><strong>qui</strong></span> <span class='ocrx_word' id='word_1_628' title='bbox 1606 2488 1632 2514; x_wconf 91' lang='lat' dir='ltr'><strong>in</strong></span> <span class='ocrx_word' id='word_1_629' title='bbox 1650 2492 1676 2515; x_wconf 88' lang='lat' dir='ltr'><strong>te</strong></span> <span class='ocrx_word' id='word_1_630' title='bbox 1696 2484 1852 2516; x_wconf 76' lang='lat' dir='ltr'><strong>habitavit:</strong></span> 
     </span>
    </p>
   </div>
   <div class='ocr_carea' id='block_1_101' title="bbox 1064 2533 1852 2571">
    <p class='ocr_par' dir='ltr' id='par_1_101' title="bbox 1064 2533 1852 2571">
     <span class='ocr_line' id='line_1_101' title="bbox 1064 2533 1852 2571; baseline -0.003 -9"><span class='ocrx_word' id='word_1_631' title='bbox 1064 2536 1150 2571; x_wconf 77' lang='lat' dir='ltr'><strong>gloria</strong></span> <span class='ocrx_word' id='word_1_632' title='bbox 1168 2535 1191 2562; x_wconf 84' lang='lat' dir='ltr'><strong>ei</strong></span> <span class='ocrx_word' id='word_1_633' title='bbox 1207 2534 1253 2569; x_wconf 91' lang='lat' dir='ltr'><strong>qui</strong></span> <span class='ocrx_word' id='word_1_634' title='bbox 1268 2541 1301 2561; x_wconf 81' lang='lat' dir='ltr'><strong>ex</strong></span> <span class='ocrx_word' id='word_1_635' title='bbox 1317 2538 1344 2561; x_wconf 89' lang='lat' dir='ltr'><strong>te</strong></span> <span class='ocrx_word' id='word_1_636' title='bbox 1360 2533 1510 2568; x_wconf 86' lang='lat' dir='ltr'><strong>processit:</strong></span> <span class='ocrx_word' id='word_1_637' title='bbox 1530 2533 1617 2568; x_wconf 75' lang='lat' dir='ltr'><strong>gloria</strong></span> <span class='ocrx_word' id='word_1_638' title='bbox 1640 2533 1665 2561; x_wconf 85' lang='lat' dir='ltr'><strong>ei</strong></span> <span class='ocrx_word' id='word_1_639' title='bbox 1681 2534 1727 2568; x_wconf 82' lang='lat' dir='ltr'><strong>qui</strong></span> <span class='ocrx_word' id='word_1_640' title='bbox 1742 2540 1791 2560; x_wconf 86' lang='lat' dir='ltr'><strong>nos</strong></span> <span class='ocrx_word' id='word_1_641' title='bbox 1804 2540 1852 2568; x_wconf 74' lang='lat' dir='ltr'><strong>per</strong></span> 
     </span>
    </p>
   </div>
   <div class='ocr_carea' id='block_1_102' title="bbox 1063 2579 1656 2617">
    <p class='ocr_par' dir='ltr' id='par_1_102' title="bbox 1063 2579 1656 2617">
     <span class='ocr_line' id='line_1_102' title="bbox 1063 2579 1656 2617; baseline -0.003 -9"><span class='ocrx_word' id='word_1_642' title='bbox 1063 2586 1171 2617; x_wconf 81' lang='lat' dir='ltr'><strong>partum</strong></span> <span class='ocrx_word' id='word_1_643' title='bbox 1190 2585 1266 2607; x_wconf 90' lang='lat' dir='ltr'><strong>tuum</strong></span> <span class='ocrx_word' id='word_1_644' title='bbox 1283 2579 1310 2606; x_wconf 94' lang='lat' dir='ltr'><strong>in</strong></span> <span class='ocrx_word' id='word_1_645' title='bbox 1328 2579 1478 2607; x_wconf 85' lang='lat' dir='ltr'><strong>libertatem</strong></span> <span class='ocrx_word' id='word_1_646' title='bbox 1495 2579 1656 2607; x_wconf 84' lang='lat' dir='ltr'><strong>vindicavit.</strong></span> 
     </span>
    </p>
   </div>
   <div class='ocr_carea' id='block_1_103' title="bbox 1101 2623 1850 2661">
    <p class='ocr_par' dir='ltr' id='par_1_103' title="bbox 1101 2623 1850 2661">
     <span class='ocr_line' id='line_1_103' title="bbox 1101 2623 1850 2661; baseline -0.005 -6"><span class='ocrx_word' id='word_1_647' title='bbox 1101 2628 1180 2655; x_wconf 83' lang='lat' dir='ltr'><strong>Salva</strong></span> <span class='ocrx_word' id='word_1_648' title='bbox 1194 2635 1247 2659; x_wconf 89' lang='lat' dir='ltr'><strong>me,</strong></span> <span class='ocrx_word' id='word_1_649' title='bbox 1259 2626 1334 2654; x_wconf 85' lang='lat' dir='ltr'><strong>salva</strong></span> <span class='ocrx_word' id='word_1_650' title='bbox 1347 2633 1401 2659; x_wconf 88' lang='lat' dir='ltr'><strong>me,</strong></span> <span class='ocrx_word' id='word_1_651' title='bbox 1413 2630 1440 2653; x_wconf 87' lang='lat' dir='ltr'><strong>tu</strong></span> <span class='ocrx_word' id='word_1_652' title='bbox 1451 2633 1511 2661; x_wconf 70' lang='lat' dir='ltr'><strong>qua:</strong></span> <span class='ocrx_word' id='word_1_653' title='bbox 1524 2626 1693 2653; x_wconf 83' lang='lat' dir='ltr'><strong>Salvatorem</strong></span> <span class='ocrx_word' id='word_1_654' title='bbox 1706 2623 1850 2659; x_wconf 86' lang='lat' dir='ltr'><strong>peperisti:</strong></span> 
     </span>
    </p>
   </div>
   <div class='ocr_carea' id='block_1_104' title="bbox 1063 2670 1852 2705">
    <p class='ocr_par' dir='ltr' id='par_1_104' title="bbox 1063 2670 1852 2705">
     <span class='ocr_line' id='line_1_104' title="bbox 1063 2670 1852 2705; baseline -0.008 -3"><span class='ocrx_word' id='word_1_655' title='bbox 1063 2675 1124 2702; x_wconf 89' lang='lat' dir='ltr'><strong>vide</strong></span> <span class='ocrx_word' id='word_1_656' title='bbox 1140 2673 1343 2702; x_wconf 86' lang='lat' dir='ltr'><strong>tribulationem</strong></span> <span class='ocrx_word' id='word_1_657' title='bbox 1365 2679 1464 2704; x_wconf 84' lang='lat' dir='ltr'><strong>meam,</strong></span> <span class='ocrx_word' id='word_1_658' title='bbox 1482 2676 1593 2703; x_wconf 83' lang='lat' dir='ltr'><strong>ocasta.</strong></span> <span class='ocrx_word' id='word_1_659' title='bbox 1609 2678 1690 2705; x_wconf 84' lang='lat' dir='ltr'><strong>quam</strong></span> <span class='ocrx_word' id='word_1_660' title='bbox 1706 2670 1852 2697; x_wconf 86' lang='lat' dir='ltr'><strong>multitudo</strong></span> 
     </span>
    </p>
   </div>
   <div class='ocr_carea' id='block_1_105' title="bbox 1064 2715 1852 2749">
    <p class='ocr_par' dir='ltr' id='par_1_105' title="bbox 1064 2715 1852 2749">
     <span class='ocr_line' id='line_1_105' title="bbox 1064 2715 1852 2749; baseline -0.008 0"><span class='ocrx_word' id='word_1_661' title='bbox 1064 2723 1259 2749; x_wconf 79' lang='lat' dir='ltr'><strong>immensarum</strong></span> <span class='ocrx_word' id='word_1_662' title='bbox 1303 2719 1437 2746; x_wconf 85' lang='lat' dir='ltr'><strong>malorum</strong></span> <span class='ocrx_word' id='word_1_663' title='bbox 1466 2725 1589 2746; x_wconf 89' lang='lat' dir='ltr'><strong>meorum</strong></span> <span class='ocrx_word' id='word_1_664' title='bbox 1618 2716 1701 2744; x_wconf 79' lang='lat' dir='ltr'><strong>infert</strong></span> <span class='ocrx_word' id='word_1_665' title='bbox 1728 2715 1852 2749; x_wconf 83' lang='lat' dir='ltr'><strong>quotidie</strong></span> 
     </span>
    </p>
   </div>
   <div class='ocr_carea' id='block_1_106' title="bbox 1065 2763 1634 2798">
    <p class='ocr_par' dir='ltr' id='par_1_106' title="bbox 1065 2763 1634 2798">
     <span class='ocr_line' id='line_1_106' title="bbox 1065 2763 1634 2798; baseline -0.011 -3"><span class='ocrx_word' id='word_1_666' title='bbox 1065 2769 1171 2795; x_wconf 77' lang='lat' dir='ltr'><strong>misera:</strong></span> <span class='ocrx_word' id='word_1_667' title='bbox 1188 2767 1286 2793; x_wconf 73' lang='lat' dir='ltr'><strong>anima:</strong></span> <span class='ocrx_word' id='word_1_668' title='bbox 1301 2773 1376 2797; x_wconf 71' lang='lat' dir='ltr'><strong>meae,</strong></span> <span class='ocrx_word' id='word_1_669' title='bbox 1389 2773 1422 2792; x_wconf 79' lang='lat' dir='ltr'><strong>ex</strong></span> <span class='ocrx_word' id='word_1_670' title='bbox 1436 2763 1634 2798; x_wconf 88' lang='lat' dir='ltr'><strong>desperatione.</strong></span> 
     </span>
    </p>
   </div>
   <div class='ocr_carea' id='block_1_107' title="bbox 1099 2806 1852 2845">
    <p class='ocr_par' dir='ltr' id='par_1_107' title="bbox 1099 2806 1852 2845">
     <span class='ocr_line' id='line_1_107' title="bbox 1099 2806 1852 2845; baseline -0.007 -7"><span class='ocrx_word' id='word_1_671' title='bbox 1099 2812 1121 2839; x_wconf 84' lang='lat'><strong>0</strong></span> <span class='ocrx_word' id='word_1_672' title='bbox 1136 2816 1209 2838; x_wconf 83' lang='lat' dir='ltr'><strong>casta</strong></span> <span class='ocrx_word' id='word_1_673' title='bbox 1225 2810 1308 2845; x_wconf 76' lang='lat' dir='ltr'><strong>Virgo</strong></span> <span class='ocrx_word' id='word_1_674' title='bbox 1323 2810 1418 2842; x_wconf 83' lang='lat' dir='ltr'><strong>Maria,</strong></span> <span class='ocrx_word' id='word_1_675' title='bbox 1442 2809 1589 2843; x_wconf 85' lang='lat' dir='ltr'><strong>deprecare</strong></span> <span class='ocrx_word' id='word_1_676' title='bbox 1612 2806 1749 2838; x_wconf 84' lang='lat' dir='ltr'><strong>Judieem,</strong></span> <span class='ocrx_word' id='word_1_677' title='bbox 1769 2813 1852 2841; x_wconf 89' lang='lat' dir='ltr'><strong>quem</strong></span> 
     </span>
    </p>
   </div>
   <div class='ocr_carea' id='block_1_108' title="bbox 1065 2852 1853 2893">
    <p class='ocr_par' dir='ltr' id='par_1_108' title="bbox 1065 2852 1853 2893">
     <span class='ocr_line' id='line_1_108' title="bbox 1065 2852 1853 2893; baseline -0.009 -8"><span class='ocrx_word' id='word_1_678' title='bbox 1065 2857 1217 2893; x_wconf 63' lang='lat' dir='ltr'><strong>generasti,</strong></span> <span class='ocrx_word' id='word_1_679' title='bbox 1234 2861 1263 2883; x_wconf 87' lang='lat' dir='ltr'><strong>ut</strong></span> <span class='ocrx_word' id='word_1_680' title='bbox 1286 2857 1312 2882; x_wconf 89' lang='lat' dir='ltr'><strong>in</strong></span> <span class='ocrx_word' id='word_1_681' title='bbox 1340 2855 1406 2882; x_wconf 80' lang='lat' dir='ltr'><strong>liora</strong></span> <span class='ocrx_word' id='word_1_682' title='bbox 1422 2853 1517 2889; x_wconf 84' lang='lat' dir='ltr'><strong>jtulicii</strong></span> <span class='ocrx_word' id='word_1_683' title='bbox 1545 2853 1708 2880; x_wconf 83' lang='lat' dir='ltr'><strong>misereatur</strong></span> <span class='ocrx_word' id='word_1_684' title='bbox 1736 2852 1800 2885; x_wconf 78' lang='lat' dir='ltr'><strong>mei,</strong></span> <span class='ocrx_word' id='word_1_685' title='bbox 1825 2856 1853 2878; x_wconf 84' lang='lat' dir='ltr'><strong>et</strong></span> 
     </span>
    </p>
   </div>
  </div>
