2075 3154
227 179 294 212 1367

791 180 821 208 S.
841 180 998 210 JOSEPIH
1019 180 1300 212 lIYMN’OGRAPHI

1788 183 1853 215 1283

225 238 311 265 salvet
325 245 367 265 me
377 237 547 266 damnationi
566 235 715 265 obnoxium
730 244 736 263 :
753 245 769 264 o
787 237 897 264 unicum
917 238 995 273 praasi

1064 238 1110 264 τὸν
1136 224 1406 273 κατάκριτονίμόνη
1428 237 1582 272 προστασία
1600 236 1648 264 τοῦ
1674 237 1773 271 γένους
1797 238 1852 264 τῶν

223 283 298 310 ilium
315 284 423 319 generis
435 284 558 312 humani.

260 330 380 356 Montem
393 337 408 356 a
421 330 537 364 lapicida
550 332 699 365 intactam;
715 336 820 367 portam
835 330 1009 365 imperviam,

223 378 410 405 sublimiorem
429 379 510 412 caelo,
537 381 729 416 universisque
766 379 849 406 rebus
886 378 1011 411 creatis;

223 425 339 456 speciem
359 423 461 456 Jacoh;
477 433 573 453 urnam
590 432 673 453 totam
691 433 815 458 auream,
835 429 862 452 et
881 428 1009 458 pontem;

221 474 247 495 et
259 469 369 496 Matrem
382 470 532 504 Creatoris,
543 471 683 506 Virginem
697 472 788 499 ﬁdeles
813 471 1009 498 beatiﬁcemus.

270 569 312 597 EI
325 579 423 598 canone
438 572 465 598 in
479 571 547 606 feria
563 580 587 598 IV
602 572 678 599 hebd.
695 581 735 605 ιιι,
752 572 786 599 ad
798 571 973 598 Matutiuum.

250 658 428 686 'lnrarnatum
444 667 475 687 ex
490 664 550 693 te,o
564 660 747 692 immaculata,
767 659 884 687 Verbum
899 667 1008 694 proces-

219 704 265 737 sit,
294 710 323 732 ιιι
346 705 496 740 primorum
524 710 666 740 parentum
685 706 791 740 lapsum
816 706 934 740 erigeret
961 713 1009 740 per

220 749 324 776 viscera
343 749 537 776 misericordiae
551 757 617 776 suae.

256 793 303 820 Dei
320 793 471 828 Sapientia,
481 795 592 821 dommn
601 794 652 821 sibi
664 794 816 825 aediﬁcans,
830 802 863 821 ex
876 798 902 822 te
917 794 1009 821 incar-

220 844 282 866 nala
295 843 338 867 est
363 839 493 866 ineﬂ‘abili
518 839 560 866 sui
584 839 670 874 ipsius
692 840 870 873 demissionc,
892 847 908 866 ο
925 839 1008 874 Virgo

220 884 334 918 innupta
348 892 356 918 ;
375 887 404 911 tu
422 884 494 911 enim
510 885 567 911 sola
583 892 616 912 ex
633 885 763 912 omnibus
782 885 1006 919 generationibus

217 929 302 954 electa
327 937 368 961 es,
393 930 551 964 incorrupta
576 930 604 957 in
630 930 825 959 habitationem
855 931 1005 965 incorrupti

218 973 311 1001 Verbi.

253 1019 292 1046 Ex
319 1023 357 1051 te,
377 1027 394 1047 ο
416 1019 509 1055 Virgo.
536 1026 722 1056 paupertatem
749 1026 871 1050 nostram
901 1022 1007 1057 accepit

217 1069 324 1098 sponte.
341 1065 386 1092 ille
410 1066 456 1100 qui
472 1066 549 1093 dives
566 1072 609 1094 est
630 1073 728 1100 suapte
746 1071 844 1095 natura
858 1077 865 1095 :
887 1068 1006 1095 visibilis

216 1116 308 1139 autem
330 1111 418 1139 factus
434 1112 515 1146 312
535 1118 577 1140 est
600 1113 679 1140 nobis
696 1114 741 1141 ille
755 1114 803 1148 qui
826 1114 972 1141 invisibilis
989 1122 1002 1141 a

215 1157 342 1191 superuis
357 1158 450 1185 choris
479 1158 616 1190 laudatur,
635 1159 784 1194 imaginem
800 1161 944 1187 contritam
962 1169 1004 1188 re-

215 1204 332 1231 stituens
349 1210 461 1239 propter
475 1213 552 1232 suam
572 1206 734 1233 bonitatem.

267 1259 310 1290 Ex
325 1269 423 1288 canone
434 1261 460 1287 in
472 1261 541 1296 feria
551 1270 568 1289 v
578 1261 654 1290 hebd.
667 1270 709 1295 ιιι,
723 1262 757 1289 ad
772 1261 949 1290 Matutinnm.

251 1348 367 1378 Domina
393 1354 498 1381 sancta.
520 1350 623 1378 Chriin
640 1350 687 1378 Dei
705 1351 790 1378 nostri
817 1351 921 1384 Mater;
940 1359 1002 1378 cum

214 1396 336 1422 «nimium
349 1395 481 1422 faetorem
496 1395 625 1423 ineffabili
640 1396 744 1423 ratione
755 1396 909 1431 pepereris;
920 1403 1002 1423 exora

215 1448 268 1473 una
290 1448 352 1468 cum
374 1441 462 1470 sacris
477 1441 608 1476 apostolis
623 1441 733 1468 assidue
749 1441 898 1468 bonitatem
916 1441 1000 1474 illius,

215 1492 244 1519 ut
258 1495 308 1515 nos
321 1486 355 1513 ab
374 1487 458 1516 animi
477 1487 729 1521 perturbationibus
743 1487 847 1520 liberet,
866 1491 892 1514 et
906 1494 1003 1522 pecca-

214 1538 303 1562 torum
316 1534 422 1561 veniant
440 1533 519 1560 nobis
535 1532 676 1568 largiatur.

1063 284 1112 310 ἀνο
1117 284 1226 319 ρώπων.

1098 329 1134 356 Ἰδ
1155 330 1329 365 ἀλατόμητον
1349 330 1424 363 ὅρος,
1447 329 1498 364 τὴν
1512 329 1666 356 ἀδιόδευτον
1683 328 1783 364 πύλην,
1801 329 1851 364 τὴν

1061 375 1203 410 ἀνωτὲραν
1225 375 1355 410 οὐρανοῦ,
1385 375 1434 402 καὶ
1461 375 1511 409 τῆς
1529 375 1646 404 κτίσεως
1675 377 1777 409 πάσης,
1802 375 1852 410 τὴν

1061 421 1191 457 καλλονὴν
1206 422 1252 449 τοῦ
1272 421 1382 454 Ἰακὼ6,
1397 422 1446 457 τὴν
1469 421 1588 456 στάμνον
1605 421 1655 455 τὴν
1683 421 1851 455 πάγχρυσον,

1061 467 1108 494 καὶ
1119 468 1253 503 γέφυραν,
1274 469 1322 494 καὶ
1337 468 1454 502 Μητέρα
1468 467 1516 493 ¹τοῦ
1532 468 1661 500 Κτίστου,
1676 467 1726 502 τὴν
1748 467 1849 502 Παρθέ-

1060 521 1105 540 νον
1118 514 1326 548 μακαρίσωμεν,
1342 513 1444 540 πιστοί.

1067 567 1114 593 Ἐκ
1124 567 1177 594 τοῦ
1194 567 1328 599 Κανόνας
1339 566 1392 599 τῆς
1405 566 1551 599 τετάρτης
1566 565 1622 600 τῆς
1636 564 1801 599 ἑϐδομάδος
1814 569 1850 600 7’,

1322 603 1366 635 εὶς
1385 602 1439 628 τὸν
1454 602 1591 635 Ὀρθρον.

1095 646 1310 691 Σωματούμενοξ
1326 657 1358 683 ἐκ
1373 655 1436 689 σοῦ,
1453 656 1542 691 Κόρη,
1560 656 1725 691 προῆλθεν-ὀ
1754 655 1849 690 Λόγος,

1059 703 1109 736 τὴν
1129 702 1279 734 ἔκπτωσιν,
1298 702 1430 737 ᾶχραντε,
1443 702 1498 728 τῶν
1511 702 1693 737 προπατόρων
1709 701 1753 728 διὰ
1766 702 1852 729 σπλὰ-

1059 756 1129 781 γχνα
1148 747 1300 782 οἰκτιρμῶν
1316 747 1518 782 διορθούμενος.

1099 793 1147 819 Ἐκ
1162 792 1210 819 σοῦ
1221 793 1268 819 τοῦ
1276 793 1343 819 Θεοῦ
1357 794 1374 827 ἠ
1389 793 1475 827 Σοφία
1488 791 1563 820 οἷκον
1574 794 1658 829 ἑαυτῇ
1672 793 1849 828 δομησαμένη

1059 838 1203 874 ὲσαρκώθη
1227 839 1377 875 ἀπορρήτῳ
1405 840 1620 873 συγκαταὸἀσει,
1644 841 1722 875 Κόρη
1737 840 1850 874 ἀπειρό-

1059 893 1131 918 γαμε
1145 892 1152 900 ³
1172 885 1204 911 σὺ
1222 886 1277 919 γὰρ
1301 885 1370 920 μόνη
1394 885 1491 911 πασῶν
1517 886 1620 918 γενεῶν
1638 886 1778 918 ἐκλέλεξαι
1797 885 1851 919 ἀφ-

1023 916 1044 944 B
1059 916 1137 964 ὁορος
1153 916 1351 964 ἀφθάρτου-είς
1364 916 1509 955 οιατοικίαν
1524 916 1621 963 λόγου.

1099 1021 1147 1047 Ἐκ
1175 1021 1222 1048 σοῦ
1249 1021 1300 1056 τὴν
1322 1021 1403 1056 ἡμῶν
1423 1021 1573 1056 πτωχείαν,
1598 1020 1739 1056 Παρθένε.
1764 1020 1850 1047 Θέλων

1056 1067 1188 1102 ὲφόρεσεν
1209 1067 1224 1092 ὁ
1241 1066 1369 1098 πλούσιος
1383 1068 1416 1101 τῇ
1442 1067 1522 1102 φύσει
1536 1075 1543 1083 ο
1561 1067 1657 1102 ὁρατὸς
1682 1067 1713 1092 δὲ
1738 1067 1849 1100 γέγονεν

1057 1114 1123 1147 ἡμῖν
1139 1113 1153 1138 ὁ
1167 1112 1291 1146 ἀοράτως
1317 1113 1373 1143 τοῖς
1401 1112 1458 1139 ἄνω
1478 1114 1567 1148 χοροῖς
1590 1112 1772 1148 ὑμνούμενος,
1799 1113 1850 1148 τὴν

1058 1158 1249 1194 συντριϐεῖσαν
1268 1159 1363 1184 εἰκόνα
1380 1158 1561 1185 ἀναπλάττων
1576 1158 1736 1192 ὰγαθότητι.

1062 1262 1110 1290 Ἐκ
1123 1262 1176 1289 τοῦ
1191 1261 1328 1293 Κανόνος
1344 1262 1399 1295 τῆς
1413 1262 1550 1296 πέμπτης
1567 1262 1623 1296 τῆς
1633 1261 1797 1296 ἑϐδομάδος
1811 1265 1845 1296 γ’,

1317 1298 1361 1329 εις
1375 1298 1428 1324 τὸν
1443 1299 1578 1332 ὀρθρον.

1097 1351 1175 1386 ’Λγία
1188 1352 1331 1384 Δέσποινα,
1348 1352 1466 1387 Χριστοῦ
1492 1352 1540 1379 τοῦ
1555 1352 1622 1378 Θεοῦ
1639 1353 1718 1387 ἡμῶν
1736 1353 1811 1387 Μῆτε
1819 1361 1843 1387 ρ.

1054 1396 1091 1428 ὡς
1103 1397 1150 1424 τὸν
1162 1397 1290 1424 ἀπάντων
1312 1398 1428 1432 ποιητὴν
1444 1398 1610 1433 ἁτιορῤήτως
1634 1397 1763 1431 τεκοῦσα,
1790 1398 1844 1424 ἱκέ-

1054 1451 1128 1476 τευε,
1143 1443 1191 1469 σὺν
1213 1444 1375 1475 ἀποστόλοις
1394 1444 1490 1481 -ίεροῖς
1507 1444 1649 1476 ἑκάστοτε,
1673 1443 1723 1478 τὴν
1741 1443 1842 1477 ἀγαθό-

1055 1497 1124 1523 τητα
1138 1489 1221 1516 αὐτοῦ
1233 1489 1326 1516 παθῶν
1350 1490 1424 1523 ἡμᾶς
1445 1489 1648 1525 λυτρώσασθαι,
1673 1490 1720 1516 καὶ
1748 1490 1844 1524 ἄφεσιν

1053 1534 1121 1569 ἡμῖν
1134 1533 1226 1561 δοῦναι
1244 1535 1462 1569 ἁμαρτημάτων.

248 1578 372 1605 Lucerna
410 1577 637 1612 inextinguibilis,
664 1577 783 1604 thalame
820 1577 1000 1612 undequaque

1089 1580 1193 1615 Λυχνία
1224 1580 1367 1612 ἄσϐεστος,
1397 1579 1512 1615 νυμφὼν
1547 1580 1678 1615 ὁλόφωτε,
1717 1581 1843 1616 Σεραφῖμ

213 1630 374 1655 coruscans,
391 1623 533 1657 Seraphim
556 1622 710 1653 sublimior,
725 1623 881 1650 vehiculum
901 1622 1000 1650 cheru-

214 1670 315 1702 Iricum,
331 1669 367 1696 ab
381 1669 454 1698 omni
470 1667 575 1695 macula
603 1667 734 1694 immunis
746 1668 813 1702 (48),
840 1675 853 1694 a
867 1668 1000 1704 gravissi-

213 1716 265 1746 utis
285 1715 404 1749 peccatis
421 1719 448 1741 et
462 1714 591 1748 periculis
606 1713 690 1740 libera
701 1721 754 1740 me.

246 1760 443 1788 cherationes
459 1759 664 1793 generationum
678 1758 834 1786 beatiﬁcauit
847 1763 884 1791 te.
895 1763 925 1786 ut
935 1759 999 1786 olim

213 1804 374 1838 prwdixisti,
390 1811 406 1830 ο
424 1803 516 1830 divina
537 1803 666 1830 felicitate
683 1803 901 1831 cumulatissima
919 1813 926 1831 :
943 1804 999 1831 sola

211 1849 283 1878 enim
301 1848 457 1878 hominibus
473 1849 580 1875 beatum
597 1848 715 1876 Verbum
733 1849 953 1884 peperisti,quod
965 1857 998 1877 ex

210 1901 246 1926 te.
265 1894 346 1922 modo
363 1893 556 1929 inexplicabili,
572 1901 670 1927 corpus
685 1894 847 1928 assumpsit.

245 1941 318 1974 Luce
333 1940 424 1969 divina
438 1940 562 1967 illumina
579 1947 632 1972 me,
653 1947 669 1966 o
683 1939 767 1974 Virgo
782 1939 909 1974 Deipara,
924 1940 998 1976 geni-

209 1988 260 2019 trix
292 1987 383 2019 lucis;
405 1986 558 2020 animmque
575 1992 643 2012 meae
659 1985 804 2020 caliginem
829 1986 942 2020 dissipa,
968 1991 999 2014 ut

209 2033 361 2066 beatiﬁcem
377 2037 413 2065 te,
430 2039 511 2067 quam
524 2032 657 2059 universa:
676 2032 816 2059 hominum
843 2033 1000 2067 generatio-

209 2087 270 2116 nes,
299 2078 532 2114 quemadmodum
566 2082 647 2106 antea
675 2077 856 2113 prophetasti,
888 2078 997 2106 beatam

208 2125 357 2161 appellant.
402 2127 404 2129 ‘

254 2179 297 2207 E1:
310 2188 410 2207 canone
421 2181 448 2207 in
463 2180 530 2214 feria
547 2187 572 2206 vi
586 2179 661 2206 Itebd.
674 2187 717 2212 tII,
735 2179 770 2206 ad
784 2179 959 2207 Matutinum.

1054 1626 1202 1660 ὑπερτέρα,
1219 1627 1390 1662 Χερουὸικδν
1398 1626 1500 1662 ὖχημα,
1513 1627 1681 1662 πανάμωμε,
1699 1627 1842 1663 ἁμαρτιῶν

1053 1679 1088 1704 με
1108 1671 1235 1706 χαλεπῶν
1249 1673 1297 1700 καὶ
1311 1672 1441 1699 κινδύνων
1459 1672 1655 1707 ἐλευθέρωσον.

1087 1762 1181 1791 Γενεαὶ
1191 1765 1292 1798 γενεῶν
1304 1774 1344 1798 σε,
1362 1765 1576 1800 οεομακάριστε,
1593 1767 1786 1801 μακαρίζουσι,
1804 1767 1841 1798 ὡς

1051 1809 1135 1837 πάλαι
1160 1810 1367 1845 προεφήτευσας
1379 1818 1387 1827 ·
1407 1811 1475 1846 μόνη
1505 1812 1560 1846 γὰρ
1576 1811 1680 1846 βροτοῖς
1692 1811 1739 1839 τὸν
1754 1814 1844 1847 μακά-

1053 1864 1109 1890 ριον
1123 1855 1235 1887 τέτοκας
1248 1855 1336 1890 Λόγον
1346 1857 1510 1892 ἀπορῤήτως
1521 1858 1553 1884 ἐκ
1563 1858 1610 1884 σοῦ
1628 1858 1840 1893 σωματωοέντα.

1086 1946 1158 1972 Φωτὶ
1179 1945 1219 1980 τῷ
1237 1945 1301 1981 θείῳ
1325 1956 1359 1981 με
1382 1947 1599 1984 φωταγώγησον,
1625 1949 1641 1984 ἡ
1669 1949 1716 1975 τοῦ
1740 1949 1840 1983 φωτῆς,

1051 1990 1186 2026 Παρθένε.
1203 1991 1329 2024 Θεοτόκε,
1354 1992 1510 2028 λοχεῦτρια,
1533 1994 1581 2020 καὶ
1603 1993 1693 2028 ψυχῆς
1721 2002 1772 2028 μου
1794 1995 1841 2020 τὸν

1050 2035 1131 2070 ζόφον
1145 2036 1290 2069 ἀπέλαυον,
1305 2038 1380 2070 ὅπως
1391 2047 1420 2064 σε
1437 2038 1594 2074 μακαρίζω,
1613 2040 1646 2075 ἢν
1658 2040 1840 2074 μακαρίζουσι

1050 2082 1199 2110 πᾶσαιτῶν
1213 2083 1367 2119 ἀνθρώπων
1379 2086 1484 2119 γενεαὶ,
1505 2086 1542 2118 ὡς
1559 2088 1779 2122 προεφήτευσας.

1059 2182 1109 2210 Ἐκ
1134 2182 1188 2211 τοῦ
1202 2185 1341 2221 Καγρνος
1369 2184 1424 2219 τῆς
1447 2185 1655 2221 παρασκευῆς,
1685 2186 1740 2221 τῆς
1758 2187 1841 2214 ἑϐδο-

1219 2219 1316 2253 μάδος
1333 2223 1369 2254 γ’,
1386 2222 1431 2253 εἰς
1455 2219 1510 2247 τὸν·
1524 2219 1662 2255 Ὀρθρον.

241 2269 359 2302 Novum,
368 2274 398 2298 ut
411 2270 554 2300 infantem.
565 2270 692 2305 peperisti
704 2278 721 2298 ο
734 2271 901 2304 castissima,
910 2271 978 2300 Crea
986 2287 995 2292 ο

1084 2274 1154 2301 Νέον
1168 2275 1331 2310 ἀπεκύησας
1349 2275 1387 2308 ὼς
1414 2276 1524 2311 βρέφος,
1548 2277 1682 2311 πάναγνε.
1700 2277 1746 2304 τὸν
1769 2279 1841 2306 Πλα-

206 2320 292 2344 torem
311 2324 400 2344 meum
414 2326 421 2349 ;
434 2325 515 2352 quem
532 2317 691 2352 deprecare,
705 2322 731 2344 te
741 2325 801 2350 oro.
815 2323 896 2346 utme
909 2319 994 2346 multa

206 2363 309 2389 malitia
325 2363 517 2395 inveteratum.
533 2371 664 2391 renovare
681 2364 818 2398 dignetur.

242 2409 401 2443 Compesce,
421 2418 437 2435 ο
453 2409 556 2437 Christi
573 2410 620 2437 Dei
641 2410 735 2442 Mater,
753 2410 884 2438 malitiam
901 2411 994 2439 cordis

207 2454 260 2481 mei
273 2455 457 2489 untlequaque
472 2455 653 2489 periclitantis
665 2464 672 2482 :
684 2456 782 2483 eollide
793 2456 884 2490 jacula
898 2458 997 2484 tlzemo'

206 2509 283 2532 num,
312 2505 339 2528 ct
357 2508 439 2528 arcus
468 2502 683 2536 oppugnantium
714 2502 842 2530 miseram
876 2504 994 2531 animam

205 2555 293 2574 meam
298 2567 305 2574 .

241 2593 421 2620 Sauctissima
457 2593 583 2625 Domina,
609 2601 671 2628 spes
711 2601 770 2621 mea
802 2599 829 2621 et
858 2595 993 2629 refugium

205 2647 308 2671 meum,
332 2639 441 2666 medere
463 2639 622 2667 vulneribus
642 2639 742 2667 anima:
762 2648 849 2672 mete;
875 2646 992 2669 mentem

203 2693 292 2712 meam
306 2686 418 2719 paciﬁca
430 2694 437 2718 ;
454 2692 484 2713 ut
497 2690 524 2713 et
539 2693 590 2721 ego
603 2686 725 2721 gaudens
739 2687 892 2715 collaudem
905 2688 991 2715 mira-

204 2732 268 2759 bilia
287 2737 341 2765 tua,
352 2741 369 2759 ο
382 2732 497 2768 Deipara
510 2741 618 2768 semper
635 2734 728 2769 Virgo.

237 2820 305 2857 (ιε).
327 2822 490 2852 Universum
528 2832 614 2858 genus
646 2825 760 2852 macula:
789 2830 844 2852 tam
876 2828 994 2854 actualis

202 2863 286 2893 quam
299 2859 441 2892 originalis
454 2860 495 2889 his
507 2861 596 2890 verbis
605 2867 621 2891 a_
634 2859 662 2886 Β.
676 2860 782 2893 Virgine
791 2864 902 2888 removit
915 2862 992 2890 Just-—

203 2890 285 2928 phus,
305 2890 366 2921 cum
384 2894 440 2926 haec
456 2895 537 2922 verba
555 2890 689 2929 absolute,
705 2890 875 2930 simpliciter,
889 2903 914 2923 rt
933 2900 991 2926 sine

1051 2321 1182 2356 στουργόν
1201 2330 1263 2356 μου,
1280 2322 1311 2348 ὂν
1327 2322 1490 2349 δυσωποῦσα
1507 2323 1741 2359 πεπαλαιωμένον.
1754 2333 1788 2359 με
1810 2326 1841 2350 ἐν

1051 2366 1135 2402 πολλῇ
1153 2367 1238 2402 κακίᾳ
1251 2368 1426 2395 ἀνακαινίσαι
1445 2369 1552 2404 δέομαι.

1085 2413 1194 2439 Παῦσον
1209 2415 1259 2449 τῆς
1274 2415 1343 2449 ἐμῆς
1356 2415 1525 2442 πολυωδύνου
1550 2417 1639 2443 πᾶσαν
1653 2417 1768 2452 καρδίας
1789 2417 1841 2452 τήν

1045 2459 1178 2490 κάκωσιν,
1192 2460 1289 2495 Μήτερ
1303 2461 1421 2496 Χριστοῦ
1439 2461 1486 2487 τοῦ
1504 2461 1573 2489 Θεοῦ
1587 2470 1595 2477 ε
1609 2462 1728 2498 θραῦσον
1741 2463 1840 2496 δαιμό-

1047 2513 1100 2531 νων
1115 2504 1150 2530 τὰ
1162 2504 1227 2540 βέλη
1250 2506 1347 2533 καὶτὰ
1369 2506 1433 2539 τόξα
1456 2507 1511 2534 τῶν
1537 2507 1761 2542 ἑκπολεμούντων
1788 2509 1839 2542 τὴν

1046 2551 1179 2585 ταπεινὴν
1201 2551 1291 2587 ψυχήν
1305 2561 1366 2587 μου.

1083 2597 1207 2630 Παναγία
1218 2598 1362 2631 Δέσποινα,
1372 2600 1388 2634 ἡ
1399 2599 1476 2631 ἐλπίς
1491 2608 1553 2634 μου,
1568 2601 1616 2626 καὶ
1633 2600 1789 2634 καταφυγὴ,
1804 2601 1838 2626 τὰ

1047 2642 1192 2677 τραύματα
1207 2645 1256 2679 τῆς
1270 2645 1341 2680 ἐμῆς
1353 2646 1427 2672 ἴασαι
1443 2646 1543 2681 ψυχῆς,
1560 2647 1605 2673 τὸν
1619 2647 1681 2673 νοῦν
1695 2656 1746 2681 μου
1759 2647 1836 2682 εἰρήη

1047 2697 1153 2721 νευσον,
1166 2690 1209 2716 ἵνα
1221 2690 1297 2724 κάγὼ
1317 2691 1419 2727 χαίρων
1429 2692 1543 2727 ἀνυμνῶ
1555 2694 1590 2720 τὰ
1619 2693 1753 2728 μεγαλεῖά
1777 2701 1836 2724 σου,

1047 2735 1162 2762 Θεοτόκε
1177 2737 1350 2772 ἁειπάρθενε.

1049 2828 1212 2855 lituilatione
1227 2830 1280 2856 ulla
1304 2830 1418 2863 prolata,
1435 2829 1467 2856 ad
1480 2829 1628 2864 cujuslibet
1651 2830 1765 2856 maculae
1782 2830 1835 2857 im-

1048 2866 1210 2896 munitalcm
1226 2866 1435 2901 signiﬁcandam
1453 2865 1508 2894 sint
1527 2873 1560 2894 cx
1578 2872 1607 2893 se
1622 2864 1729 2891 idom-a.
