2075 3154
167 213 238 246 1369

888 218 1072 248 MARIALE.

1729 215 1797 246 1370

173 272 224 298 Ἐκ
241 270 295 298 τοῦ
316 271 528 309 Κανόνοςᾼτοῦ
561 272 713 309 Σαϐϐάτου
745 272 800 307 τῆς
831 273 955 308 ἑϐδομά-

1008 274 1088 309 313
1101 273 1141 301 Ex
1153 282 1252 301 canone
1267 274 1292 300 in
1309 272 1426 300 Subbalo
1443 272 1588 300 Dominij
1605 280 1644 304 ιιι,
1664 271 1698 298 ad
1709 271 1799 298 Malu-

378 306 431 338 ὄος
444 306 478 341 γ’,
497 308 541 340 εἰς
552 308 605 334 τὸν
615 309 752 342 Ὀρθρογ.

202 379 260 405 Ἴνα
273 387 302 405 σε
315 380 418 413 φωναῖς
436 379 606 414 διαπρυσίοις
621 379 845 415 ἀνευφημοῦμεν,
866 380 954 416 Κόρη,

165 423 215 456 τὰς
244 424 336 458 φωνὰς
362 424 441 459 ήμῶν
461 425 564 456 ταύτας
591 425 754 460 προσδέχου,
779 426 826 452 καὶ
841 425 956 461 ἱλασμὸν

164 470 330 505 ὀφλημάτων
345 470 477 505 λήψεσθαι
489 471 535 498 τὸν
550 471 614 497 Υίόν
627 480 674 498 σου
684 472 860 499 καθικέτευε.

200 561 322 592 Τέτοκας
335 561 459 596 νομίμων
478 560 540 596 δίχα
559 561 668 595 φύσεως
695 561 742 588 τὸν
763 561 956 597 Πλαστουργδν

164 607 310 642 γενόμενον
324 606 478 642 ἄνθρωπον,
502 608 620 642 ᾶχραντε
633 616 639 622 ·
659 607 742 634 αὑτὸν
766 605 812 635 οὖν
835 607 955 634 δυσώπει

163 654 274 681 πάντων
290 655 339 686 τὰς
351 654 466 689 ἀνομίας
478 653 526 680 νῦν
538 653 662 689 παριδεῖν
673 654 720 680 καὶ
730 654 765 680 τὰ
782 653 953 689 πταίσματα.

207 747 253 778 Ὠς
266 746 384 776 τεκοῦσα
394 746 461 773 Θεὸν
481 747 688 782 ἀναμάρτητον,
705 747 755 778 τὰς
768 746 848 782 ήμῶν
863 747 965 782 ἁμαρο”

163 792 225 825 τίας
253 793 396 827 ὲξάλειψον
415 794 476 824 ταῖς
504 794 653 828 μητρυιαῖς
693 792 855 827 πρεσϐείαις
890 801 953 826 σου,

164 839 290 872 Θεοτόχε,
304 839 352 866 καὶ
369 839 440 872 σῶζε
454 838 640 871 ἀναϐοῶντας·
658 840 815 874 Εὐλογεῖτε,
834 840 869 867 τὰ
887 839 956 876 ἔργα

166 885 281 920 Κυρίου,
289 885 334 912 τὸν
344 885 458 920 Κύριον.

1371 309 1464 335 tinum.

1044 381 1079 409 Ut
1103 386 1129 410 te
1156 381 1240 409 claris
1274 381 1388 409 vocibus
1426 379 1619 407 concelebrare
1648 379 1798 413 possimus,

1006 427 1110 460 Puella,
1136 428 1244 463 suscipe
1270 428 1319 455 has
1345 427 1497 454 oblationes
1517 431 1638 458 nostras,
1655 429 1682 452 et
1700 424 1798 451 Filium

1007 479 1083 501 tuum
1103 482 1216 508 precare
1247 478 1276 502 ιιι
1298 473 1451 501 debitorum
1470 477 1626 500 nostrorum
1640 471 1798 506 propitiatio

1007 527 1070 546 nent
1090 519 1266 553 recipiamus.

1042 563 1187 598 Peperisti,
1204 569 1302 599 prxter
1316 564 1389 599 leges
1405 567 1520 595 naturas,
1531 562 1689 590 Creatorem
1708 562 1798 588 homi-

1006 618 1069 638 nem
1089 610 1203 643 l‘actum,
1228 618 1244 638 ο
1261 611 1434 637 immaculata
1448 619 1454 636 :
1469 609 1596 637 eumdem
1610 616 1674 643 ergo
1693 609 1799 642 suppli-

1006 656 1075 684 citer
1092 665 1187 689 exora,
1204 661 1233 684 ut
1248 656 1406 692 iniquitates
1433 660 1460 684 et
1474 660 1587 691 peccata
1605 655 1797 682 universorum

1005 703 1136 730 dimittat.

1042 750 1084 777 Tu
1101 758 1161 785 quac
1188 750 1273 777 Deum
1290 749 1324 776 ab
1344 749 1417 776 omni
1441 749 1544 783 peccati
1561 747 1620 774 labe
1647 747 1798 774 immunem

1008 797 1149 831 peperisti,
1165 796 1224 823 delc
1238 800 1347 830 peccata
1364 799 1459 822 nostra
1476 793 1607 821 maternis
1623 793 1800 820 intercessio-

1008 842 1088 868 nibus
1110 841 1175 874 tuis,
1191 849 1207 868 ο
1220 841 1344 876 Dcipara,
1359 846 1385 868 et
1401 841 1475 869 salva
1495 840 1645 867 clamantes
1657 848 1666 865 ί
1682 839 1799 866 Benedi-

1007 889 1069 920 cite,
1082 895 1166 923 opera
1182 887 1302 920 Domini,
1320 887 1476 915 Dominum.

199 938 290 970 Φωτδς
316 939 473 973 οἰκητήριον
492 939 508 974 ή
534 938 567 974 σὴ
585 938 741 973 γεγένηται,
756 938 888 972 παναγία.
904 939 954 973 μή·

1045 942 1127 970 Lucis
1148 943 1336 970 habitaculum
1365 943 1451 970 factus
1468 946 1510 969 est
1531 942 1724 969 sanctissimus
1741 946 1799 968 utc-

163 992 227 1020 τρα,
244 984 366 1018 πάναγνε
376 992 384 1000 ο
403 983 465 1010 ὅθεν
479 983 581 1014 πιστῶς
594 983 702 1010 ἀναϐοῶ
713 992 754 1010 σοι
766 992 773 999 ο
803 984 853 1014 τὰς
870 983 956 1018 κόρας

162 1030 212 1064 τῆς
226 1029 317 1064 ψυχῆς
332 1038 383 1064 μου
398 1028 584 1062 καταύγασον,
602 1029 650 1055 καὶ
663 1028 758 1063 τρίϐον
771 1029 821 1064 τὴν
846 1028 956 1055 εὐθεῖαν

162 1075 302 1109 ὑπόδειξον
314 1074 354 1110 τῷ
368 1083 398 1101 σε
413 1074 534 1110 γνησίως
550 1074 744 1110 μακαρίζοντι.

170 1195 220 1221 Ἐκ
231 1194 285 1221 τοῦ
300 1195 435 1226 Κανόνος
454 1192 584 1225 διπλοῦς
607 1191 663 1226 τῆς
686 1191 788 1225 τρίτης
803 1191 858 1225 τῆς
871 1191 955 1218 ἐσδο-

339 1228 435 1263 μάδος
454 1227 489 1260 δ’,
507 1229 551 1260 εις
574 1227 629 1254 τὸν
646 1228 780 1260 Ὄρθρον.

200 1300 297 1336 Σάρκα
311 1299 459 1334 γενόμενον
473 1297 661 1329 ἀναλλοιὼτως
673 1297 719 1324 τδν
735 1297 864 1332 Χριστὸν,
881 1297 955 1332 Παρ-

165 1347 238 1378 θένε,
273 1348 429 1382 κυοφορεῖς,
454 1346 484 1372 ὃν
517 1344 635 1377 ἐκτενῶς
671 1343 778 1372 ίκέτευε
815 1343 954 1379 σαρκικῶν

166 1392 260 1420 παθῶν
281 1393 436 1425 ἀπαλλάξαι
459 1392 522 1423 τοὺς
550 1390 770 1426 προσκυνοῦντας
793 1389 909 1424 σταυρὸν
924 1388 954 1415 ὃν

166 1439 353 1474 καθυπέμεινε
369 1438 461 1473 σαρκί.

203 1494 342 1530 ’Λρῥητον
360 1493 391 1520 τὸ
408 1493 501 1528 Θαῦμα
528 1493 578 1528 τῆς
610 1491 660 1526 σῆς
690 1490 826 1525 κυήσεως,
844 1490 955 1524 Μητρο-

167 1540 296 1575 πέιροενε·
316 1540 374 1572 πῶς
387 1540 441 1575 γὰρ
455 1538 579 1574 λοχεύεις
593 1538 640 1564 καὶ
655 1537 782 1571 ἁγνεύεις
797 1537 826 1562 ἐν
843 1536 953 1569 ταυτῷ;

167 1586 226 1617 πῶς
242 1585 421 1618 παιδοτοκεῖς,
439 1585 486 1611 καὶ
501 1585 609 1618 ἀγνοεῖς
632 1583 732 1617 πεῖραν
756 1582 824 1613 ὅλως
839 1581 954 1615 ἀνδρὸς

166 1632 180 1658 ὃ
199 1629 268 1658 εἶδεν
283 1632 297 1658 ὀ
321 1631 391 1666 ὑπὲρ
414 1631 496 1666 φύσιν
518 1629 549 1662 ἐξ
569 1629 637 1664 ἐμοῦ
664 1627 855 1663 καινοπρεπῶς
870 1626 955 1660 Λόγος
971 1621 992 1648 (2

167 1676 235 1703 Θεοῦ
251 1676 403 1711 γεννηθείς.

201 1766 305 1800 Νοητδν
329 1766 368 1797 ὡς
395 1766 522 1800 ἁγίασμα
545 1765 592 1792 τὸν
612 1765 641 1791 ὲν
659 1763 748 1797 ἁγίοις
763 1762 830 1789 Θεὸν
847 1762 952 1788 ἀναπε-

169 1811 310 1847 παυμένον
324 1811 438 1842 τίκτιις,
461 1809 528 1844 ἁγία
552 1810 694 1844 Θεομῆτορ
714 1807 795 1842 ἁγνή,
811 1807 902 1833 πάντα
921 1805 956 1831 τὰ

168 1858 274 1893 πέρατα
292 1856 439 1891 ἁγιάζοντα
454 1855 516 1890 Θείᾳ
530 1855 714 1890 προσκυνήσει
729 1854 862 1887 σήμερον,
875 1852 948 1885 Παρ-

168 1904 240 1938 eivs,
257 1903 337 1936 ξύλου
353 1903 499 1937 παναγίου,
519 1901 548 1928 ὲν
561 1897 583 1935 ᾧ
598 1900 680 1936 σαρκὶ
695 1900 796 1933 ἐπάγη.

201 1999 279 2033 Μόνη
302 1997 421 2033 ᾶφθορος
447 1996 535 2028 κύεις,
564 1995 632 2030 μόνη
652 1991 780 2028 Θηλάςεις
794 1990 895 2026 βρέφος
917 1988 955 2024 μὴ

167 2044 329 2080 λοχεύουσα,
346 2043 413 2079 μόνη
431 2043 478 2069 τὸν
493 2041 615 2076 κτίστην
625 2040 738 2070 τίκτεις,
756 2038 803 2065 καὶ
814 2036 957 2071 Δεσπότην

168 2099 227 2122 σου,
244 2087 269 2116 εἰ
291 2088 338 2115 καὶ
355 2087 435 2123 δούλη
467 2087 515 2114 καὶ
531 2087 641 2122 Μήτηρ
669 2086 711 2118 σὲ,
731 2085 955 2121 Παρθενομῆτορ,

166 2134 307 2171 ὕμνοῦμεν
317 2135 357 2166 εις
369 2133 480 2165 αἰῶνας.

204 2191 236 2216 Al.
253 2189 345 2223 γενεαί
372 2197 402 2215 σε
430 2187 534 2215 ἅπασαι
555 2187 761 2222 μακαρίζουσιν,
785 2186 855 2221 ἁγνή
873 2195 880 2201 ·
904 2187 957 2222 Ἰη-

168 2235 231 2267 αοῦς
243 2235 299 2270 γὰρ
316 2235 397 2270 μόνος
411 2235 425 2260 ὁ
444 2234 554 2269 τεχθεὶς
566 2233 598 2259 ὲκ
617 2233 667 2266 τῆς
684 2232 732 2267 σῆς
747 2231 855 2266 νηδύος.
872 2232 956 2262 αὐτὸς

166 2283 204 2312 ὡς
217 2282 372 2314 ἐπίσταται,
393 2280 518 2315 ἐποίησε,
546 2279 635 2314 Κόρη,
652 2279 721 2314 μετὰ
744 2278 804 2310 σοῦ,
820 2277 951 2312 Παρθένε,

168 2329 311 2363 μεγαλεῖα,
327 2328 357 2354 ὃν
369 2327 489 2355 δυσώπει
517 2326 654 2358 σώζεσθαι
673 2325 792 2360 ποίμνην
814 2324 863 2350 καὶ
889 2323 953 2350 λαόν

168 2383 226 2403 σου.

207 2421 251 2447 Ἐν
267 2419 305 2453 τῷ
321 2419 430 2455 σταυρῷ
454 2418 492 2450 ὡς
511 2419 606 2445 ῐστατο
628 2419 644 2453 ή
662 2417 750 2451 ἀμνάς
764 2424 823 2448 σου,
851 2415 950 2450 Ἰησοῦ,

166 2465 211 2491 τὸν
228 2464 346 2500 ποιμένα
361 2464 408 2490 καὶ
429 2464 569 2498 Δεσπότην
592 2463 677 2498 αὐτῆς
694 2471 723 2489 σε
738 2462 831 2498 ὁρῶσα
846 2460 953 2496 πικρῶς

167 2509 332 2545 ὲπωδύρετο,
351 2509 398 2536 καὶ
416 2509 558 2544 σπλάγχνα
577 2508 690 2535 κινοῦσα
705 2509 752 2534 ἐπὶ
766 2506 825 2539 σοῦ,
840 2506 952 2542 Χριστὲ,

167 2555 334 2582 ἀνεκαλεῖτο·
344 2555 376 2581 Τί
390 2555 420 2581 τὸ
433 2554 508 2587 ξένον
519 2554 609 2589 θέαμα
620 2562 627 2588 ;
639 2555 655 2588 ἡ
667 2552 724 2588 ζωὴ
737 2553 794 2584 πῶς
807 2553 952 2588 θνήσκειςς

203 2681 270 2715 (l9),
289 2690 299 2706 ι
323 2680 394 2713 Quid
416 2688 544 2714 magnum
562 2679 667 2715 (inquit
688 2679 716 2706 in
729 2686 779 2706 sua
792 2677 874 2715 Sacra
891 2678 952 2705 Dei-

166 2725 232 2750 para
246 2713 307 2751 pag.
325 2716 388 2748 551,
403 2715 434 2742 Ρ.
447 2713 586 2750 sylvester
598 2715 636 2751 de
651 2713 799 2751 saevedra)
821 2714 844 2741 si
857 2721 872 2740 a
891 2721 953 2751 pec:

167 2748 228 2778 rato
246 2748 375 2785 originali
404 2759 456 2778 non
470 2748 652 2785 'przeservavit
675 2749 823 2783 Virginem,
836 2756 896 2785 qua:
919 2748 957 2775 illi

169 2787 254 2815 Mater
282 2784 374 2813 futura
399 2784 485 2813 erat?’
506 2785 645 2813 Naturalis
686 2790 728 2811 est
754 2784 901 2819 propensio
930 2785 956 2810 in

167 2826 344 2856 cognatorum
383 2821 550 2852 utilitatem,
598 2820 727 2856 honorem
755 2818 793 2846 'ct
831 2818 955 2856 gloriam.

171 2854 248 2883 [Inde
266 2856 427 2890 rogantibus
442 2855 518 2882 Sinai
544 2855 644 2883 montis
668 2855 794 2882 abbatem
824 2854 956 2890 piissimis

170 2889 323 2924 monachis,
358 2899 408 2918 cur
442 2891 513 2919 Deus
561 2895 647 2923 tanta,
677 2894 703 2916 et
729 2894 768 2917 tot
794 2889 956 2916 contulisset

171 2927 274 2958 homini
303 2927 448 2960 benclicia,
490 2925 629 2961 t‘Csthtdit
665 2925 799 2953 referente
828 2924 954 2959 Philippo

1009 995 1056 1015 rus
1071 993 1143 1019 tuus,
1162 996 1178 1015 ο
1195 988 1349 1015 castissima
1364 997 1371 1014 :
1398 988 1468 1015 unde
1483 995 1545 1015 cum
1562 988 1614 1015 lide
1630 988 1663 1014 ad
1681 992 1707 1014 te
1735 995 1800 1022 pro-

1007 1034 1116 1060 clamo:
1142 1033 1268 1060 lllumiua
1300 1033 1416 1068 pupillas
1447 1034 1546 1060 anima:
1576 1038 1695 1065 mete,et
1726 1035 1797 1059 viam

1007 1082 1111 1105 rectam
1133 1078 1246 1106 ostende
1261 1078 1327 1106 mihi
1353 1078 1418 1106 dum
1433 1083 1458 1105 te
1483 1078 1603 1113 legitime
1624 1078 1731 1105 beatam
1751 1086 1799 1113 ap-

1007 1122 1088 1155 pello.

1009 1194 1050 1222 Ex
1061 1203 1160 1223 canone
1171 1196 1271 1230 duplici
1281 1197 1306 1222 in
1315 1196 1381 1230 feria
1395 1204 1437 1229 ιιι,
1452 1196 1529 1223 hebd.
1543 1203 1568 1223 IV
1579 1196 1615 1222 ad
1624 1195 1797 1223 Matutinum.

1042 1305 1184 1332 Christum
1219 1305 1277 1332 sine
1308 1305 1459 1332 mutatione
1494 1312 1604 1332 carnem
1645 1304 1757 1336 factum,
1781 1312 1798 1332 ο

1006 1351 1098 1386 Virgo,
1124 1354 1214 1385 gestas
1234 1350 1260 1377 in
1276 1355 1354 1378 utero
1372 1360 1379 1378 :
1406 1351 1532 1377 entndem
1553 1351 1653 1377 obnixe
1675 1358 1797 1385 precare,

1007 1401 1064 1424 uta
1078 1396 1236 1424 carnalibus
1250 1396 1424 1431 passionibus
1435 1396 1531 1424 liberet
1543 1404 1591 1423 eos
1615 1396 1662 1431 qui
1676 1404 1796 1425 crucem.

1007 1449 1088 1476 quam
1107 1442 1258 1469 secundum
1276 1449 1385 1469 carnem
1402 1441 1546 1474 sustinuit,
1564 1441 1690 1468 adorant.

1041 1495 1179 1522 lnell‘ahile
1204 1500 1247 1523 est
1278 1494 1442 1522 miraculum
1477 1494 1665 1529 conceptionis
1683 1499 1748 1527 tum,
1781 1501 1800 1522 ο

1009 1540 1092 1574 Virgo
1115 1540 1200 1568 Mater
1222 1550 1228 1568 :
1248 1541 1386 1576 quomodo
1410 1541 1484 1569 enim
1513 1541 1646 1575 concipis,
1664 1545 1690 1567 et
1715 1540 1798 1567 simul

1008 1589 1083 1612 casta
1105 1586 1270 1620 permanes?
1292 1586 1430 1620 quomodo
1458 1593 1572 1620 puerum
1598 1586 1682 1620 paris,
1707 1585 1796 1612 ctviri

1007 1631 1201 1665 experientiam
1219 1639 1332 1666 prorsus
1346 1631 1472 1665 ignoras?
1486 1631 1546 1665 Ipse
1561 1631 1638 1658 solus
1653 1631 1739 1661 novit,
1751 1630 1798 1664 qui

1007 1683 1088 1711 Supra
1105 1681 1228 1704 naturam
1241 1685 1272 1704 ex
1291 1684 1345 1710 me,
1360 1685 1421 1704 cum
1440 1682 1514 1704 esset
1526 1677 1642 1703 Verbum
1656 1676 1714 1709 Dei,
1730 1683 1798 1703 nova

1008 1723 1115 1750 ratione
1134 1723 1240 1757 genitus
1257 1727 1309 1750 est.

1043 1768 1184 1804 Tanquam
1213 1768 1336 1803 spiritale
1366 1768 1567 1798 sanctuarium.
1589 1767 1688 1798 Deum,
1701 1766 1749 1800 qui
1771 1767 1798 1793 in

1008 1813 1110 1840 sanctis
1130 1813 1288 1848 requiescit,
1300 1813 1386 1848 paris.
1412 1820 1429 1840 o
1459 1816 1554 1839 saneta
1573 1816 1600 1838 et
1615 1816 1691 1839 casta
1714 1809 1801 1845 Virgo

1007 1858 1055 1885 Dei
1082 1858 1185 1885 Mater:
1203 1858 1289 1891 illum,
1317 1858 1442 1892 inquam,
1471 1857 1518 1892 qui
1549 1856 1629 1884 hodie
1655 1855 1799 1883 universos

1008 1909 1086 1932 terra:
1099 1903 1166 1930 lines
1175 1903 1328 1930 sanctificat
1338 1903 1430 1929 divina
1448 1902 1607 1930 adoratione
1618 1901 1799 1928 sanctissian

1007 1949 1108 1980 crucis,
1123 1949 1150 1976 in
1167 1956 1249 1983 quam
1263 1949 1413 1976 secundum
1428 1955 1538 1975 carnem
1555 1947 1668 1974 adactus
1679 1951 1731 1973 est.

1042 1995 1125 2031 31-4
1140 1995 1203 2022 Sola
1214 1995 1273 2022 sine
1288 1994 1465 2028 corruptione
1485 1993 1618 2027 concipis,
1640 1992 1699 2020 sola
1713 1992 1799 2019 laetas

1008 2041 1152 2074 infantem,
1165 2045 1258 2076 partus
1267 2041 1390 2068 sordium
1404 2040 1494 2067 nescia
1509 2048 1515 2065 :
1529 2038 1586 2066 sola
1598 2038 1657 2065 edis
1670 2037 1697 2065 in
1710 2038 1798 2064 lucem

1007 2088 1175 2119 Creatorem,
1192 2091 1220 2114 et
1235 2086 1378 2114 Dominttm
1395 2092 1489 2116 tuum:
1502 2084 1601 2112 ancilla
1614 2091 1644 2112 es
1658 2087 1686 2111 et
1701 2082 1797 2110 Mater.

1007 2133 1056 2165 Te.
1072 2133 1154 2170 Virgo
1165 2141 1275 2169 parens,
1289 2133 1433 2160 laudamus
1447 2132 1474 2158 in
1491 2131 1602 2159 saecula.

1044 2188 1182 2216 Uuiversa:
1191 2187 1379 2223 generationes
1389 2191 1414 2214 te
1425 2186 1533 2213 beatam
1547 2185 1653 2218 dicunt,
1666 2193 1683 2212 ο
1700 2189 1776 2212 easta
1790 2205 1797 2214 .

1008 2236 1083 2262 solus
1094 2235 1166 2261 enim
1176 2233 1256 2261 Jesus
1266 2241 1299 2260 ex
1309 2238 1386 2260 utero
1396 2237 1442 2259 tuo
1450 2236 1540 2264 natus,
1552 2236 1582 2258 ut
1593 2231 1650 2266 ipse
1662 2231 1748 2263 novit,
1760 2230 1799 2257 l‘e—

970 2295 991 2321 D
1005 2281 1052 2314 cit,
1061 2288 1078 2308 ο
1088 2280 1171 2315 Virgo
1178 2279 1282 2312 Puella,
1293 2279 1426 2314 magnalia
1436 2283 1525 2305 tecum
1535 2277 1591 2313 (49)
1604 2287 1610 2305 2
1622 2278 1710 2312 ipsum
1722 2284 1799 2305 eum-

1008 2327 1069 2355 dem
1081 2327 1229 2362 deprecare
1244 2333 1294 2361 pro
1308 2325 1395 2353 salute
1409 2324 1499 2359 gregis
1510 2327 1537 2351 et
1549 2323 1641 2359 populi
1658 2323 1712 2351 sui.

1043 2416 1079 2444 Ut
1101 2416 1176 2451 Agna
1191 2421 1237 2443 tua
1254 2419 1330 2443 stans
1343 2415 1419 2450 juxta
1437 2422 1558 2447 crucem,
1581 2414 1649 2441 vidit
1667 2418 1692 2441 te
1704 2415 1730 2440 in
1756 2423 1798 2448 ea,

1007 2462 1121 2492 oJesus.
1133 2466 1266 2496 pastorem
1277 2465 1303 2488 ct
1313 2461 1456 2488 Dominum
1465 2468 1544 2487 suum
1553 2466 1561 2493 ς
1571 2459 1684 2487 deﬂebat
1697 2467 1798 2491 amara,

1008 2513 1035 2534 et
1048 2507 1201 2535 visceribus
1225 2511 1362 2534 commota
1401 2514 1484 2540 super
1497 2510 1534 2537 te,
1561 2506 1689 2537 Christe,
1712 2506 1747 2532 ita
1776 2510 1800 2532 te

1007 2553 1207 2588 compellabat:
1233 2552 1311 2585 Quod
1338 2559 1438 2579 novum
1467 2551 1656 2586 spectaculum
1667 2555 1709 2578 cst
1728 2551 1800 2577 hoc?

1008 2599 1147 2632 quomodo
1165 2599 1290 2630 moreris,
1305 2605 1323 2625 ο
1338 2598 1413 2624 vita?

1007 2677 1166 2739 presbytero
1178 2678 1298 2712 Dioptrae
1315 2676 1364 2703 lib.
1379 2685 1446 2718 me.
1463 2677 1479 2704 3
1496 2686 1506 2717 :_
1517 2676 1586 2708 Quia
1601 2678 1734 2714 cognatus
1749 2681 1798 2700 nu-

1029 2721 1052 2739 IS
1081 2717 1109 2739 ct
1132 2713 1255 2739 eiusdem
1286 2711 1456 2739 substanttm.
1484 2711 1604 2739 eiusdem
1635 2715 1742 2739 geiierts
1765 2716 1798 2735 ac

1029 2714 1052 2740 is
1081 2710 1109 2740 et
1132 2710 1255 2744 eiusdem
1286 2711 1456 2744 substantim,
1484 2711 1604 2746 ejusdem
1635 2710 1798 2746 generis__ac

1011 2747 1117 2780 formae,
1127 2743 1208 2775 1ιὸιιιο
1221 2753 1301 2775 natus
1314 2743 1628 2780 \'itlc|icet,ac'proinder
1639 2743 1798 2780 naturaliter

1010 2778 1118 2810 deditus
1132 2787 1175 2809 est
1189 2791 1221 2810 ac
1234 2783 1322 2817 diligit
1341 2778 1482 2816 cognatos.
1498 2778 1525 2808 et
1538 2779 1648 2817 generis
1659 2778 1702 2805 sui
1717 2778 1797 2805 subs-

1009 2818 1163 2851 tantizeque.
1181 2814 1302 2846 Perbelle
1320 2814 1383 2844 lia-c‘
1401 2824 1491 2844 autem
1514 2814 1620 2851 eadunt
1641 2814 1667 2851 in
1690 2821 1795 2851 sacram

1009 2848 1160 2885 Deillarénl.
1185 2861 1266 2887 quam
1286 2853 1416 2880 Dominus
1439 2858 1563 2887 ntaguam
1585 2848 1683 2887 ellccit,
1705 2849 1730 2874 ίιΙ
1755 2853 1797 2887 est

1007 2883 1118 2915 omnino
1133 2883 1254 2920 liberam,
1271 2894 1298 2916 ct
1328 2896 1408 2922 quam
1438 2883 1498 2914 sub
1520 2884 1662 2920 tyrannide
1689 2883 1796 2920 precati

1008 2923 1146 2958 originalis
1167 2932 1305 2959 nunquam
1326 2921 1459 2958 permisit.
