2075 3154
145 217 213 250 1373

870 215 1053 245 MARIALE.

1707 214 1775 246 13’”.

143 281 190 299 σον
216 271 284 307 πρὸς
309 271 470 306 πλατυσμὸν
493 271 540 306 τῆς
565 270 639 304 ζωῆς
665 269 802 304 βαδίζειν,
833 268 933 303 Μῆτερ

996 274 1057 296 :tam
1070 269 1140 296 viam
1156 268 1272 296 feliciter
1293 268 1382 295 deduc
1407 275 1462 300 me,
1488 271 1518 295 ut
1545 267 1577 294 ad
1603 267 1777 295 latitudinem

143 319 224 346 Θεοῦ.

178 365 236 392 Νῦν
254 365 293 397 ὡς
315 364 409 400 ἀρνίον
431 364 536 392 ἄκακον
557 363 668 399 καθορῶ
690 372 721 390 σε
745 362 933 398 κρεμάμενον,

145 412 191 438 καὶ
207 411 260 437 ὑπὸ
280 410 391 445 ἀνόμων
411 409 451 444 τῷ
467 410 578 445 σταυρῷ
604 409 796 444 πηγνύμενον,
813 408 860 434 Υίέ
883 415 935 442 μου

145 457 313 491 προὰναρχε,
345 457 402 487 τοῖς
434 456 562 490 ὀδυρμοῖς
589 455 779 490 συγκόπτομαι
805 453 853 480 καὶ
877 453 936 484 ταῖς

147 503 295 537 μητρυιαῖς
314 500 531 535 περιπατοῦμαι
543 499 662 531 ὀδύναις,
675 500 692 534 ἡ
708 498 845 532 πάναγνος
859 496 936 528 ἐϐόα.

145 548 177 582 ἢν
187 547 286 581 φωναῖς
295 547 436 581 ἀσιγήτοις
448 545 588 581 ὑμνοῦμεν
595 545 766 580 καταχρέως,
778 545 817 576 είς
831 543 938 574 πᾶντας

145 601 209 632 τοὺς
237 601 350 633 αἰῶνας,

179 644 286 679 Φοορᾶς
303 652 333 671 σε
355 643 418 678 δίχα
439 643 539 669 τέτοκα
562 643 594 669 ἐκ
610 641 740 677 γαστρὸς,
763 641 818 676 πρδ
831 639 938 667 αἰώνων

147 688 243 721 Πατὴρ
268 687 298 713 ὃν
333 687 475 722 ἐγέννησε,
501 687 549 714 καὶ
575 687 635 718 πῶς
665 687 776 722 φθορεῖς
797 686 938 721 ἄνθρωποι

148 732 334 767 σπαράττουσί
350 740 390 763 σε,
415 731 474 764 Υἱὲ,
503 731 551 758 καὶ
580 731 629 766 τὴν
648 731 770 767 πλευρὰν
793 730 938 765 ὀρύττουσι

147 778 241 813 λόγχῃ.
254 778 301 804 καὶ
314 778 364 809 τὰς
374 779 469 812 χεῖρας
482 778 531 804 σὺν
541 778 597 809 τοῖς
613 777 693 803 ποσὶν
707 777 819 811 ήλοῦσιν
837 776 940 802 ἀπανθ-

148 823 263 859 ρώπως
279 824 297 858 ἡ
313 823 449 857 πάναγνος
459 823 534 857 ἐϐόα,
550 824 583 856 ἢν
600 823 720 855 ἐπαξίως
733 821 939 858 μεγαλύνωμεν.

153 907 205 935 Ἐκ
220 907 273 934 τοῦ
288 907 424 939 Κανόνος
439 906 493 933 τοῦ
505 906 658 933 Σαόὅὰτου
674 905 729 939 τῆς
739 904 839 939 μέσης
851 903 936 930 ἐϐδοο

338 941 445 976 μάδος,
466 943 509 974 εις
520 942 576 967 τὸν
591 942 730 974 ὀρθρον.

188 985 219 1012 '0
230 985 298 1012 Θεοῦ
313 985 379 1016 Θεὸς
395 985 482 1018 Λόγος
497 984 587 1020 ζητῶν
603 984 705 1010 Θεῶσαι
719 983 766 1009 τὸν
781 982 938 1017 ἄνθρωπον,

147 1031 228 1065 ἁγνὴ,
244 1031 276 1056 ὲκ
290 1030 339 1056 σοῦ
355 1030 504 1064 σαρκοῦται
521 1030 567 1056 καὶ
578 1029 672 1064 βροτὸς
688 1029 796 1064 ὁρᾶται,
809 1028 839 1054 ὃν
850 1028 940 1054 ἀπαύ-

148 1084 217 1107 στως
232 1074 363 1106 δυσώπει,
371 1075 463 1109 εὑρεῖν
474 1076 548 1110 ἡμᾶς
565 1074 640 1106 ἔλεος
661 1075 690 1101 ὲν
705 1074 794 1109 καιρῷ
806 1073 856 1108 τῆς
870 1074 940 1100 ἁπο-

147 1122 251 1157 λογίας.

184 1214 218 1240 Σὲ
242 1214 291 1249 τὴν
317 1213 401 1248 μόνην
426 1211 532 1247 ἀγαθὴν
549 1211 773 1245 ἐκδυσωποῧμεν,
803 1210 939 1245 Παρθένε,

149 1260 360 1294 κεκακωμένους
384 1259 457 1294 ἡμᾶς
484 1259 643 1293 ἀγάθυνον,
667 1258 715 1284 καὶ
750 1257 868 1288 ἐκτενῶς
895 1256 941 1282 τὸν

150 1305 267 1341 Χριστὸν
281 1304 401 1331 δυσώπει
415 1305 494 1339 φύσει
510 1305 576 1331 ὄντα
590 1303 704 1338 ἀγαθὸν,
721 1302 886 1338 ἐγκρατείας
895 1302 942 1328 τὸν

150 1351 247 1386 καιρὸν
271 1350 305 1377 τὰ
321 1350 413 1384 ἀγαθὰ
439 1352 610 1385 πράττοντας
644 1348 844 1384 ἀποπληρῶσαι
868 1348 943 1382 ἡμᾶς

149 1395 368 1432 ὑμνολογοῦντας
383 1396 477 1423 αὐτόν.

185 1451 238 1478 Τὸν
254 1451 370 1486 σταυρὸν
391 1450 512 1485 Χριστοῦ
524 1450 571 1477 τδν
589 1449 692 1485 τίμιον,
720 1449 836 1476 θεοτόκε
861 1449 943 1483 ἁγνὴ,

153 1497 314 1532 βλέψαντας,
332 1497 380 1524 καὶ
397 1497 430 1523 ἐκ
455 1496 570 1531 καρδίας
589 1497 835 1532 προσκυνήσαντας
857 1495 943 1529 ἡμᾶς,

153 1545 214 1575 ταῖς
231 1544 290 1575 σαῖς
320 1543 388 1578 πρὸς
412 1544 458 1569 τὸν
481 1542 621 1577 Δεσπότην
643 1541 761 1574 ἀξίωσον
784 1540 945 1576 πρεσὸείαις

155 1590 220 1617 ἰδεῖν
235 1591 281 1616 καὶ
294 1590 328 1617 τὰ
343 1589 417 1624 πάθη
430 1589 465 1616 τὰ
478 1588 566 1615 σεπτὰ
580 1587 676 1619 αὐτοῦ,
690 1585 786 1613 παθῶν
802 1585 943 1619 κεκαθαρ-
958 1596 980 1626 c

156 1638 264 1672 μένους.

189 1690 295 1726 Σαρκός
316 1699 369 1726 μου
395 1691 446 1720 τὰς
467 1690 590 1724 κινήσεις
616 1688 830 1723 ἀπονέκρωσον,
844 1686 862 1720 ὴ
876 1685 945 1712 Θεὸν

154 1737 237 1771 σαρκὶ
278 1735 453 1763 ἀποτεκοῦσα
490 1736 562 1770 ὑπὲρ
597 1736 660 1762 νοῦν
673 1754 681 1765 ,
713 1733 764 1761 καὶ
800 1732 945 1767 παράσχου

155 1783 296 1817 φωτισμὸν
314 1784 348 1817 τῇ
370 1781 476 1816 διανοίᾳ
492 1789 555 1816 μου,
580 1780 662 1815 ἁγνὴ.
685 1779 786 1814 νεφέλη
808 1776 875 1805 οὖσα
889 1786 947 1812 φω-

154 1829 211 1860 τός.
299 1862 302 1865 ι

162 1893 210 1919 Ἐκ
223 1891 278 1919 τοῦ
291 1891 426 1923 Κανόνος
438 1890 494 1923 τῆς
510 1889 652 1922 δευτέρας
664 1887 720 1921 τῆς
733 1884 902 1920 ἑϐδομάδος
912 1883 946 1916 ε’,

415 1927 459 1959 εις
473 1925 527 1952 τὸν
544 1925 681 1958 Ὄρθρον.

191 1990 248 2026 Τὴν
262 1990 420 2026 ὡραιότητα
433 1988 486 2024 τῆς
508 1986 660 2022 παρθενίας
678 1994 737 2016 σου,
753 1985 800 2012 καὶ
815 1983 847 2010 τὸ
863 1982 948 2016 ὑπέρ-

155 2037 284 2071 λαμπρον
300 2036 331 2062 τὸ
341 2035 392 2070 τῆς
405 2034 516 2068 ἁγνείας
529 2042 576 2059 σου
591 2032 606 2058 ό
619 2032 745 2066 Γαϐριὴλ
760 2028 949 2062 καταπλαγεὶς

157 2082 224 2108 ἐῦόα
239 2091 290 2113 σοι,
308 2081 422 2108 Θεοτόκε
433 2088 442 2096 ·
459 2080 537 2106 Ποῖόν
558 2087 600 2105 σοι
621 2077 761 2112 ἐγκώμιον
781 2074 950 2111 προσαγάγω

157 2127 285 2160 ἑπάξιον;
301 2127 372 2153 τίδὲ
394 2126 521 2160 ὀνομάσω
541 2133 583 2157 σε,
599 2123 696 2159 ἀπορῶ
721 2122 769 2149 καὶ
790 2121 948 2154 ἐξίσταμαι.

160 2175 214 2205 Διδ,
235 2175 272 2206 ὡς
287 2173 471 2209 προσετάγην,
501 2171 554 2206 βοῶ
568 2179 625 2198 σοι·
646 2171 746 2205 Χαῖρε,
765 2170 783 2204 ἠ
797 2175 951 2203 κεχαριτω-

163 2221 243 2256 μένης

195 2264 359 2298 Πολυώνυμε
373 2262 461 2298 Κόρη,
486 2261 605 2297 χαίροις,
632 2259 699 2293 ἁγία
723 2259 857 2295 Παρθένε,
883 2258 991 2299 Θεο-ι)

161 2311 265 2344 κυῆτορ
292 2309 405 2344 Μαρία,
430 2309 486 2336 τῶν
514 2307 619 2334 πιστῶν
654 2305 804 2340 καύχημα,
828 2304 952 2338 κατάρας

162 2356 307 2390 λύτρωσις,
332 2354 434 2390 κλίμαξ
451 2354 608 2389 ὲπουράνιε,
630 2351 819 2387 ἁκατανόητον
844 2349 951 2384 θαῦμα,

163 2402 229 2438 βάτε
242 2399 444 2435 ἀκατάφλεκτε,
459 2399 498 2434 γῆ
508 2398 685 2434 ἀγεώργητε.

205 2494 237 2520 'H
253 2492 323 2528 μετὰ
341 2491 421 2518 τόκον
439 2490 559 2524 ἆφθορος
576 2488 703 2524 μείνασα,
722 2485 890 2520 πανάμωμε,
906 2484 955 2510 λὺ-

164 2548 279 2575 τρωσαι,
293 2537 421 2573 δεόμεθα,
435 2535 515 2570 ἁγνὴ.
531 2533 708 2568 καταφθορᾶς
721 2533 784 2562 τοὺς
794 2531 906 2560 δούλους
923 2537 953 2555 σε

164 2574 268 2616 πιστῶς
281 2583 346 2615 τοὺς
359 2581 547 2618 μελῳδοῦντας
561 2580 590 2606 ἓν
602 2578 716 2614 ὁμονοίᾳ
738 2576 829 2612 ψυχῆς
842 2584 849 2592 ο
870 2574 954 2602 Εὐλο-

164 2632 251 2666 γείτε,
264 2631 299 2656 τὰ
315 2630 396 2665 ἔργα,

199 2686 277 2713 Μετὰ
302 2684 460 2720 μαρτύρων,
487 2682 557 2717 μετὰ
575 2679 726 2716 προφητῶν
746 2677 796 2712 τὴν
821 2675 955 2703 τεκοῦσαν

165 2741 207 2765 σε,
225 2732 295 2766 μετὰ
305 2731 386 2758 ὁσίων
400 2730 522 2761 πάντων,
537 2727 652 2762 Χριστὲ,
667 2724 848 2752 δυσωποῦσαν
866 2721 955 2756 πρόσ-

164 2778 241 2811 δεξαι
255 2776 310 2808 ἀεὶ,
334 2776 404 2812 ὑπὲρ
417 2775 521 2802 δούλων
543 2774 598 2800 τῶν
622 2771 849 2807 παῳργισάντων
864 2777 894 2795 σε
910 2767 956 2794 τὸν

169 2823 250 2858 μόνον
264 2823 457 2856 φιλάνθρωπον
476 2820 626 2855 Δίς-πότην,
642 2818 672 2846 ὃν
689 2817 849 2852 ἐπονράνιαι
866 2814 957 2846 τάξεις

167 2876 309 2903 τρεμουσι.

986 315 1048 342 vita:
1062 314 1231 349 perveniam,
1245 321 1262 340 o
1279 313 1325 340 Dei
1341 318 1440 340 mater.

1019 361 1089 387 Cum
1105 360 1211 387 videam
1226 364 1252 386 te
1267 367 1351 390 nunc,
1369 367 1386 386 o
1399 358 1450 386 Fili
1467 358 1503 386 mi
1517 363 1628 390 aeterne,
1646 363 1776 393 tanquam

986 413 1086 442 agnum
1114 406 1288 432 innocentem
1308 412 1485 439 suspensum.
1502 409 1530 431 et
1548 411 1597 438 pro
1621 404 1724 438 iniquis
1749 405 1777 431 in

986 460 1068 481 cruce
1084 453 1235 484 conﬁxum,
1251 451 1408 479 discrucior
1433 451 1566 486 querelis,
1591 454 1618 478 et
1636 450 1779 478 doloribus

988 499 1120 526 maternis
1133 498 1289 525 circumdor
1307 506 1314 524 :
1337 497 1474 524 clamabat
1504 496 1672 528 castissima,
1690 503 1773 530 quam

988 544 1102 572 vocibus
1123 543 1245 571 assiduis
1258 543 1350 570 debite
1361 542 1507 569 laudamus
1520 542 1546 569 in
1559 541 1671 568 saecula.

1025 638 1092 666 Sine
1105 637 1281 672 corruptione
1294 644 1326 664 ex
1342 640 1419 663 utero
1432 640 1459 663 te
1471 636 1575 670 peperi.
1587 642 1605 662 ο
1621 635 1684 668 Fili,
1695 643 1778 670 quem

989 684 1070 711 Pater
1089 688 1152 710 ante
1169 682 1268 710 sarcula
1281 681 1443 716 generavit:
1457 685 1485 707 et
1497 680 1636 714 quomodo
1654 680 1780 706 homines

989 729 1182 764 corruptibiles
1207 733 1233 755 te
1257 728 1427 759 dilacerant;
1449 732 1477 754 et
1494 727 1588 753 lancea
1613 727 1684 754 latus
1703 731 1779 753 luum

990 775 1157 811 perfodiunt,
1176 779 1203 801 et
1214 781 1314 801 manus
1331 781 1363 800 ac
1378 773 1462 807 pedes
1487 772 1675 799 inhumaniter
1695 772 1781 799 clavis

990 820 1146 856 conligunt?
1167 819 1205 846 Ita
1231 819 1387 846 castissima
1409 818 1582 846 exclamabat
1606 827 1614 845 :
1633 825 1717 852 quam
1731 825 1781 843 nos

991 874 1041 902 pro
1052 867 1150 893 merito
1163 865 1383 899 magniﬁcemus.

992 912 1036 937 Ea:
1048 916 1147 936 canone
1162 909 1189 934 in
1209 907 1325 934 Subbato
1341 906 1433 934 media:
1449 906 1537 939 hebd.,
1557 905 1591 932 ad
1605 905 1780 932 Matutinum.

1024 980 1144 1008 Verbum
1158 979 1204 1007 Dei
1216 979 1340 1006 divinum
1357 978 1452 1005 volens
1477 977 1618 1005 hominem
1641 978 1781 1009 deiﬁcare,

990 1033 1022 1053 ex
1037 1031 1074 1057 te.
1088 1033 1105 1053 0
1121 1029 1209 1056 casta,
1232 1024 1402 1051 incarnatum
1425 1027 1478 1055 est,
1491 1029 1519 1050 et
1537 1024 1618 1050 homo
1634 1023 1758 1057 apparuit
1774 1031 1781 1048 :

991 1079 1072 1107 quem
1091 1072 1151 1099 sine
1178 1070 1336 1097 cessatione
1356 1069 1518 1103 deprecare.
1548 1073 1578 1095 ut
1605 1069 1632 1095 in
1660 1073 1783 1103 tempore

991 1117 1136 1145 reddendae
1164 1116 1292 1149 rationis,
1319 1115 1539 1142 misericordiam
1566 1115 1689 1142 invenire
1718 1122 1784 1149 pos-

992 1164 1089 1191 simus.

1028 1207 1067 1235 Te
1080 1208 1169 1235 solam
1187 1207 1288 1234 bonam
1305 1207 1499 1241 deprecamur.
1513 1204 1607 1238 Virgo,
1620 1208 1649 1231 ut
1660 1211 1710 1231 nos
1725 1211 1783 1230 ma-

993 1255 1052 1282 litia
1072 1253 1200 1286 infectos,
1212 1253 1301 1281 bonos
1325 1253 1446 1284 elﬁcias;
1462 1256 1490 1280 et
1506 1251 1630 1285 impense
1644 1250 1783 1277 Christum

993 1308 1101 1332 exores,
1111 1299 1157 1334 qui
1170 1303 1267 1326 natura
1283 1300 1372 1326 bonus
1387 1303 1444 1331 est;
1460 1302 1598 1332 quatenus
1612 1295 1785 1323 abstinentia;

994 1351 1103 1380 tempus
1126 1345 1154 1372 in
1173 1345 1254 1372 bonis
1269 1345 1402 1380 operibus
1414 1344 1527 1378 explere
1541 1342 1694 1377 possimus,
1706 1348 1785 1368 eum.

995 1391 1056 1418 dem
1068 1389 1207 1417 Christum
1225 1389 1426 1417 collaudantes.

1032 1443 1100 1471 Dum
1114 1443 1263 1478 pretiosam
1284 1444 1386 1472 Christi
1412 1452 1522 1472 crucem
1550 1444 1698 1475 intuemur,
1711 1446 1738 1469 et
1752 1449 1786 1468 ex

996 1489 1078 1517 corde
1092 1489 1254 1520 adoramus;
1274 1490 1402 1524 precibus
1423 1489 1478 1516 tuis
1501 1491 1573 1523 apud
1586 1488 1731 1515 Dominum
1745 1487 1786 1513 di-

997 1543 1065 1570 gnos
1076 1542 1127 1562 nos
1142 1534 1228 1565 elﬁce,
1260 1542 1277 1561 o
1299 1539 1374 1562 casta
1403 1535 1530 1569 Deipara,
1557 1539 1588 1561 ut
1613 1532 1786 1560 venerandas

997 1581 1070 1608 illius
1084 1581 1226 1615 passiones
1239 1588 1255 1607 a
1267 1581 1443 1615 passionibus
1457 1580 1561 1608 n05tris
1575 1578 1723 1614 puriﬁcati,
1745 1577 1787 1604 in-

998 1626 1121 1660 telligere
1136 1626 1289 1660 possimus.

1032 1679 1155 1715 Tu,qu:e
1167 1679 1252 1706 Deum
1272 1679 1299 1706 in
1316 1686 1411 1711 carne,
1428 1678 1592 1713 intelligibili
1610 1678 1716 1704 ratione
1739 1684 1787 1711 pc-

997 1726 1104 1762 peristi,
1129 1726 1221 1753 carnis
1250 1733 1318 1753 meae
1347 1725 1547 1752 commotiones
1583 1722 1735 1754 mortiﬁca;
1761 1725 1790 1748 et

997 1771 1118 1799 concede
1129 1771 1210 1806 317
1225 1771 1311 1798 menti
1326 1778 1393 1798 mea:
1415 1770 1640 1800 illustratiouem.
1655 1775 1719 1796 cum
1737 1767 1787 1799 sis,

998 1824 1016 1844 ο
1036 1821 1124 1848 casta,
1146 1817 1234 1843 nubes
1253 1816 1335 1844 lucis.

1003 1877 1047 1904 Ea:
1059 1885 1161 1905 canone
1180 1878 1207 1904 in
1219 1877 1287 1911 feria
1301 1885 1320 1904 ll
1334 1877 1482 1904 υοηιὶηἰεω
1504 1885 1532 1910 v,
1551 1877 1586 1903 ad
1614 1876 1788 1903 Matutinum.

1035 1977 1208 2013 Virginitatis
1223 1981 1276 2004 tua!
1287 1977 1506 2012 pulchritudine,
1526 1981 1553 2003 et
1565 1976 1700 2003 immenso
1709 1976 1791 2002 casti-

1000 2023 1064 2051 tatis
1073 2028 1125 2050 ture
1134 2021 1282 2057 splendore
1295 2021 1503 2056 obstupefactus
1525 2020 1647 2052 Gabriel,
1657 2021 1793 2047 clamabat

1000 2070 1034 2096 ad
1045 2073 1071 2096 te
1079 2069 1125 2096 Dei
1141 2076 1206 2103 para
1220 2076 1227 2096 :
1240 2068 1300 2101 Quo
1309 2072 1335 2095 te
1345 2067 1472 2095 encomio
1485 2067 1567 2102 digne
1575 2067 1717 2094 celebrare
1730 2074 1790 2100 pos-

1001 2115 1052 2143 sim
1071 2124 1079 2143 ε
1094 2119 1121 2142 et
1135 2122 1191 2149 quo
1206 2119 1232 2141 te
1247 2114 1359 2141 nomine
1384 2114 1518 2148 appellem
1547 2119 1660 2147 prorsus
1684 2113 1792 2145 ignoro,

1001 2164 1029 2188 et
1043 2163 1134 2187 mente
1149 2160 1253 2186 excedo
1269 2167 1277 2185 :
1295 2164 1450 2194 propterea,
1462 2158 1538 2193 juxta
1557 2158 1583 2184 id
1603 2157 1676 2192 quod
1704 2157 1791 2190 impe~

1003 2211 1094 2234 ratum
1109 2210 1153 2234 est
1167 2206 1244 2237 mihi,
1260 2206 1386 2233 exclamo
1403 2205 1437 2232 ad
1453 2209 1480 2232 te
1496 2214 1503 2231 :
1517 2204 1586 2235 Ave,
1598 2204 1686 2238 gratia
1698 2202 1794 2237 plena.

1042 2252 1136 2285 Salve,
1151 2252 1247 2280 multis
1256 2251 1415 2279 nominibus
1425 2251 1564 2278 celebrata
1575 2249 1686 2283 Puella;
1699 2254 1793 2276 sancta

1004 2298 1052 2326 Dei
1068 2298 1192 2326 Genitrix
1214 2297 1313 2330 Maria,
1339 2297 1459 2324 ﬁdelium
1474 2296 1573 2331 gloria,
1595 2293 1796 2322 maledictionis

1004 2343 1168 2378 redemptio,
1187 2343 1261 2370 scala
1282 2343 1414 2373 celestis,
1434 2341 1597 2368 miraculum
1624 2340 1701 2367 omni
1714 2339 1794 2366 intel-

1003 2388 1074 2415 lectu
1089 2387 1229 2422 superius,
1245 2388 1330 2414 rubus
1345 2387 1546 2418 ineombustus,
1563 2391 1635 2413 terra
1653 2391 1795 2419 nunquam

1004 2437 1098 2460 aratro
1110 2433 1263 2467 proscissa.

1040 2479 1063 2506 Ο
1078 2478 1227 2514 purissima
1248 2483 1332 2513 atque
1342 2479 1513 2511 castissima,
1532 2485 1594 2512 quze
1611 2481 1672 2512 post
1688 2480 1796 2511 partum

1005 2525 1166 2559 incorrupta
1179 2524 1364 2560 permansisli,
1399 2523 1512 2556 redime,
1541 2529 1568 2550 te
1596 2530 1753 2558 precamur,
1783 2529 1799 2548 a

1006 2571 1184 2605 corruptione
1213 2577 1308 2598 servos
1339 2574 1411 2601 tuos,
1433 2570 1480 2604 qui
1507 2569 1622 2596 ﬁdeliter
1649 2569 1798 2596 concinunt

1005 2616 1129 2643 unanimi
1139 2623 1292 2644 consensu:
1310 2615 1475 2648 Benedicitc,
1486 2623 1582 2650 opera,
1594 2620 1646 2642 etc.

1043 2671 1211 2700 Genitricem
1227 2675 1301 2698 tuam
1322 2678 1431 2705 semper
1447 2671 1567 2704 suscipe,
1594 2670 1714 2698 Christe.
1733 2674 1797 2694 cum

1008 2719 1188 2755 martyribus,
1211 2717 1362 2752 prophetis,
1385 2721 1467 2752 atque
1489 2717 1619 2743 omnibus
1640 2714 1745 2741 sanctis
1774 2717 1799 2738 te

1008 2766 1201 2800 deprecantem
1218 2771 1267 2798 pro
1286 2763 1373 2790 servis
1400 2763 1465 2794 tuis,
1496 2762 1544 2796 qui
1561 2760 1595 2787 ad
1623 2758 1795 2786 iracundiam

1010 2814 1230 2847 provocaverunt
1247 2814 1273 2836 te
1285 2808 1431 2836 Dominum
1444 2806 1687 2843 placabilissimum
1709 2804 1797 2831 solum

970 2887 972 2889 ι
1011 2862 1163 2892 amatorem
1189 2855 1342 2886 hominum,
1358 2859 1385 2882 ct
1400 2855 1623 2887 omnipotentem,
1647 2859 1726 2887 quem
1741 2858 1799 2878 cu:-

1011 2904 1092 2930 Iestes
1110 2902 1247 2930 exercitus
1264 2902 1488 2929 contremiscunt.
