2075 3154
255 203 325 235 1375

301 257 343 285 Ea:
356 265 456 285 canorae
476 258 504 284 in
522 257 590 292 feria
606 255 723 283 tttlteltd.
744 264 769 289 ν,
785 257 819 283 ad
836 258 1008 285 Matutiuum.

287 356 412 383 Divimtm
442 354 522 382 Verbi
552 355 759 382 tabernaculum
787 355 858 382 facta
873 364 913 388 es,
941 364 958 384 ο
986 357 1044 384 sola

251 401 406 429 castissima
425 400 506 435 Virgo
524 399 620 431 Mater,
639 409 700 434 qua:
728 401 845 435 puritate
869 403 982 437 angi-los
996 411 1044 429 su-

253 446 368 480 perasti;
387 453 431 473 me
452 453 534 480 super
551 453 648 472 omnes
670 446 829 474 carnalibus
853 448 973 482 peccatis
990 447 1043 475 ice-

252 492 346 518 datum
360 491 477 518 etnttnda
494 490 739 518 intercessionibus
757 492 822 523 tuis,
841 500 857 519 ο
874 494 1044 525 veneranda;

253 538 352 565 divinis
373 538 580 573 irrigationibus
595 537 720 572 praebens
739 546 864 573 magnam
888 539 1046 566 misericor-

253 585 339 611 diam.

291 629 435 664 Requievit
452 631 477 657 itt
489 635 514 658 te
527 632 667 665 Christus,
683 640 698 659 0
717 633 773 659 sola
791 631 946 664 benedicta,
963 637 1046 667 atque

253 683 286 702 ex
298 681 323 702 te
338 684 448 703 carnem
465 685 541 704 suam
555 679 687 714 suscepit.

290 720 496 749 Miserationum
513 728 622 751 tuarum
638 724 797 757 stillicidiis,
810 732 827 751 ο
845 731 952 758 semper
966 723 1046 759 Virgo

255 766 398 800 inviolata,
426 769 510 804 318
538 770 696 804 passionum
729 770 821 797 cordis
859 771 910 797 ntei
940 765 1060 803 sordes,

254 812 382 845 emunda,
401 813 508 842 donans
526 815 591 842 mibi
615 816 797 851 lacrymartun
813 817 932 850 canales,
948 816 1048 851 quibus

254 858 345 884 anima
357 867 415 886 mea
432 861 602 894 puriﬁeclur.

807 203 836 232 S.
857 202 1016 232 JOSEPHI
1037 204 1318 236 llYMNOGRAPHI

1817 205 1886 236 1376

1059 263 1081 290 Α
1103 261 1152 288 Ἐκ
1169 261 1222 288 τοῦ
1251 261 1382 292 κανόνος
1407 260 1461 294 τῆς
1480 261 1581 294 τρίτης
1601 260 1656 296 τῆς
1671 259 1835 295 ἑϐδομάδος
1851 265 1884 294 ε’,

1358 297 1401 328 εὶς
1416 296 1470 322 τὸν
1489 297 1626 330 Ὃρθρον.

1129 359 1195 386 Θεία
1219 359 1334 393 γέγονας
1358 357 1445 393 σκηνὴ
1470 357 1517 383 τοῦ
1540 357 1645 391 Λόγου,
1662 356 1731 392 μόνη
1758 356 1881 390 πάναγνε

1095 404 1328 439 Παρθενομῆτορ,
1354 404 1386 438 τῇ
1421 402 1589 437 καθαρότητι
1626 401 1760 436 ἀγγέλους
1800 402 1888 436 ὑπερ-

1094 450 1203 484 άρασα,
1223 449 1268 477 τὸν
1290 449 1360 484 ὑπὲρ
1385 449 1489 479 πάντας
1511 448 1564 482 ἐμὲ
1591 448 1788 483 ρερυπωμένον
1819 457 1889 482 σαρι-

1098 495 1146 526 κδς
1167 495 1400 530 πλημμελήμασιν
1425 494 1602 528 ἁποκάθαρον
1631 493 1792 527 πρεσϐείαις
1818 502 1864 519 σου
1880 513 1888 522 .

1098 542 1155 572 τοῖς
1176 541 1278 572 ἐνθέοις
1301 541 1403 576 νάματι
1429 540 1606 575 παρέχουσα,
1628 540 1735 575 σεμνὴ,
1763 540 1794 566 τὸ
1816 539 1890 574 μέγα

1099 586 1184 617 ἔλεος.

1141 632 1367 659 Ἐπανεπαύσατο
1391 633 1509 666 Χριστὸς
1533 633 1561 659 ὲν
1576 633 1617 659 σοὶ
1632 633 1664 667 τῇ
1683 631 1752 666 μόνῃ
1774 631 1892 666 εὐλογη-

1103 678 1183 714 μένῃ.
1199 678 1246 704 καὶ
1262 678 1355 713 σὰρκα
1371 678 1420 713 τὴν
1437 678 1532 704 ἑαυτοῦ
1549 679 1580 704 ὲκ
1595 677 1642 704 σοῦ
1659 678 1800 711 ἐφόρεσεν.

1134 724 1350 759 Τῶνοίκτιρμῶν
1363 732 1410 750 σου
1419 724 1465 750 καὶ
1476 724 1593 759 ῥανίσιν,
1625 722 1803 758 ’Λειπάρθενε
1818 722 1890 756 ἁ.μὸ-

1099 768 1189 801 λυντε,
1206 769 1269 800 τοὺς
1289 768 1445 804 μολυσμοὺς
1463 769 1525 799 τοὺς
1543 768 1676 803 ἐμπαθεῖς
1702 768 1751 801 τῆς
1774 767 1893 801 καρδίας

1102 824 1152 850 μου
1168 814 1334 847 ἀπόπλυνον,
1357 815 1484 850 δακρύων
1497 815 1607 849 ὀχετούς
1635 823 1680 849 μοι
1707 813 1894 848 παρεκτιχοὺς

1101 861 1263 896 καθάρσεως
1279 860 1398 895 ψυχικῆς
1416 860 1588 895 δωρουμένη.

290 904 418 932 Animam
449 914 537 933 meam
567 908 727 941 passiomuu
753 909 978 942 voluptuosarum
1004 907 1147 943 nigredine
1171 907 1390 938 obtencbt‘atam,
1419 907 1586 938 illumina,o
1621 910 1780 940 casta,quae
1801 903 1893 932 lucem

255 950 395 984 peperisti,
415 955 444 977 ut
458 958 521 978 cum
541 952 592 978 lide
607 961 717 987 semper
735 953 907 988 magniﬁcem
921 958 957 980 te.

288 1012 330 1040 Ea:
345 1022 445 1041 canona
462 1015 489 1041 in
503 1015 570 1049 feria
587 1024 612 1043 tv
629 1017 704 1044 Itebd.
727 1025 754 1049 v,
775 1017 810 1043 ad
828 1017 1001 1044 Matuliuum.

290 1111 359 1139 Cum
375 1112 492 1146 videres,
513 1122 530 1140 υ
553 1115 729 1148 veneranda,
746 1116 824 1143 illum
843 1116 890 1151 qui
917 1124 949 1143 ex
971 1117 1049 1151 puris

256 1157 438 1191 sanguinibus
461 1159 516 1186 tuis
540 1167 641 1194 corptts
674 1166 830 1195 acceperat,
854 1167 936 1196 atque
962 1170 995 1189 ex
1024 1167 1050 1190 te

258 1202 339 1228 modo
360 1202 565 1238 inexcogitabili
591 1210 672 1232 ttattts
702 1205 802 1238 fuct'at,
827 1214 991 1241 suspensum
1020 1207 1047 1234 in

256 1248 329 1281 ligno
347 1248 375 1274 in
395 1249 487 1276 medio
511 1249 733 1284 malefactorutn,
763 1253 917 1280 visceribus
940 1253 1049 1280 discru—

256 1293 387 1325 ciabaris,
402 1299 429 1321 et
451 1299 576 1323 materno
591 1296 689 1323 aﬂectu
707 1297 818 1331 plorans
831 1298 986 1325 clamabas:
1000 1298 1049 1325 Πρί

258 1339 336 1373 Inibi,
355 1340 407 1367 Fili
423 1341 477 1367 mil
493 1349 557 1376 qua:
572 1347 613 1369 est
629 1342 687 1369 ιλιι-ο
700 1343 790 1370 divina
804 1349 886 1378 atque
902 1345 1049 1372 incﬂ‘abilis

257 1387 402 1421 dispositio
417 1392 474 1420 ttta,
490 1396 539 1423 per
558 1397 642 1423 quam
665 1389 770 1424 plasma
794 1397 870 1418 tuum
888 1391 1051 1419 viviﬁcasti?

257 1434 454 1462 misericordiae
465 1438 518 1462 tute
529 1435 633 1463 viscera
645 1436 782 1463 collaudo.

292 1479 375 1507 Porta
387 1480 528 1514 salutaris,
545 1489 612 1516 pons
636 1482 774 1509 deducens
789 1482 823 1510 ad
846 1482 951 1515 Deum;
967 1483 1048 1511 Chri—

258 1525 410 1552 stianorum
433 1534 546 1561 praeses,
574 1527 689 1554 Domina
719 1528 893 1561 castissima;
920 1536 964 1555 mc
988 1530 1051 1556 vitae

258 1571 461 1599 calamitatibus
477 1573 690 1606 circumdatum,
705 1573 889 1609 ﬂuctibusque
900 1574 1048 1609 jactatum,

258 1615 393 1650 guberna,
403 1624 419 1643 ο
435 1617 538 1644 Puella.

294 1667 317 1696 0
333 1669 379 1696 Dei
391 1670 507 1704 genitrix
525 1671 695 1705 castissima,
724 1672 822 1699 anima:
842 1680 909 1700 mea:
925 1673 1047 1705 vulnera,

258 1717 285 1741 et
298 1715 400 1748 peccati
413 1716 555 1743 cicatrices
573 1717 661 1749 abolc,
677 1717 819 1744 exsiccans
834 1722 917 1751 atque
929 1725 1047 1746 exurens
1064 1711 1084 1738 (ἶ

259 1759 381 1787 fontibus
399 1768 414 1788 e
431 1761 516 1788 latere
531 1761 591 1788 Filii
609 1762 646 1789 ttti
663 1763 848 1795 manantibus,
861 1768 888 1791 et
903 1764 1051 1798 puriﬁcans

259 1804 369 1832 ﬂuentis
389 1813 449 1840 qua:
463 1813 495 1833 ex
513 1806 573 1841 ipso
589 1807 742 1841 procedunt
755 1808 806 1835 :ad
826 1813 851 1835 le
866 1809 938 1836 enim
956 1816 1050 1836 vocem

259 1851 365 1884 attollo,
381 1857 408 1879 et
437 1851 471 1879 ad
498 1855 525 1880 te
554 1851 692 1888 confugio,
723 1858 751 1881 et
781 1858 807 1881 te
834 1854 933 1882 invoco
963 1855 1052 1890 gratia

259 1896 379 1931 plenam.

295 1942 463 1977 Concepisti,
480 1951 496 1970 0
508 1942 604 1978 Virgo,
618 1944 677 1971 sine
699 1944 817 1976 semine,
832 1952 895 1972 eum
913 1945 960 1980 qui
988 1945 1052 1972 uni-

259 1994 340 2015 versa
356 1987 470 2019 creavit,
487 1987 606 2015 Verbum
628 1987 686 2021 Dei,
704 1989 806 2023 absque
824 1989 966 2018 voluntate
988 1997 1050 2017 car-

259 2033 303 2060 nis
319 2041 325 2059 :
344 2033 449 2068 absque
465 2034 641 2069 corruptione
657 2035 797 2069 peperisti,
813 2041 840 2063 et
854 2037 959 2070 absque
973 2036 1051 2063 dolo-

260 2078 348 2110 ribus,
364 2078 411 2113 qui
429 2083 540 2106 czeteras
560 2084 662 2106 matres
686 2079 818 2106 invadunt
839 2090 846 2107 :
864 2086 1006 2115 propterea
1028 2085 1054 2120 te

259 2123 403 2159 Deiparam
414 2124 508 2160 lingua
519 2125 635 2153 ctcorde
643 2127 817 2159 conﬁtentes,
830 2127 1051 2161 magnil‘tcatttus.

313 2188 356 2216 Ea;
372 2196 472 2216 canone
485 2189 511 2216 in
524 2190 591 2224 feria
603 2197 627 2216 Vl
643 2189 717 2216 ltebd.
734 2197 749 2217 ν
761 2190 795 2217 ad
812 2189 987 2218 Matutinum.

295 2288 364 2315 Cum
382 2288 488 2316 videret
505 2292 533 2316 te
558 2289 715 2316 castissima
747 2289 773 2316 in
799 2297 881 2317 cruce
894 2290 1047 2324 sublatum,

260 2333 381 2368 cjulabat
411 2334 493 2361 corde
534 2333 689 2366 vulnerata,
719 2342 752 2361 ac
782 2334 907 2363 dicebat:
935 2335 1052 2370 Propter

1058 1023 1082 1052 Β
1103 1018 1153 1045 Ἐκ
1169 1017 1222 1045 τοῦ
1238 1018 1367 1050 κανόνος
1384 1017 1439 1050 τῆς
1452 1017 1592 1050 τετάρτης
1599 1017 1655 1049 τῆς
1666 1016 1830 1050 ἑϐδομάδος
1853 1021 1890 1050 ε’,

1363 1054 1407 1085 εἰς
1420 1053 1474 1079 τὸν
1495 1053 1631 1086 Ὀρθρον.

1138 1116 1189 1142 Τὸν
1209 1115 1239 1148 ἐξ
1263 1115 1388 1150 αἱμάτων
1412 1124 1459 1142 σου
1486 1115 1577 1149 ἁγνῶν
1602 1114 1815 1149 σωματωθέντα,
1845 1116 1896 1141 καὶ

1104 1161 1174 1196 ὑπὲρ
1198 1161 1303 1187 ἔννοιαν
1320 1161 1352 1187 ἐκ
1374 1161 1434 1193 σοῦ,
1453 1160 1550 1194 σεμνὴ,
1576 1160 1718 1194 τεχθέντα,
1742 1160 1789 1185 ὲπὶ
1813 1160 1895 1192 ξύλου

1103 1207 1278 1242 κρεμάμενον
1291 1206 1374 1242 μέσον
1391 1207 1446 1233 τῶν
1458 1206 1622 1241 κακούργων
1634 1206 1737 1241 ὁρῶσα,
1748 1206 1780 1232 τὰ
1788 1206 1896 1239 σπλάγ-

1103 1261 1153 1287 χνα
1169 1253 1272 1287 ἧλγεις,
1288 1253 1335 1278 καὶ
1353 1251 1494 1286 μητρικῶς
1515 1251 1651 1286 θρηνοῦσα
1669 1251 1765 1282 ἐϐόας·
1787 1251 1822 1277 Ol
1836 1259 1895 1286 μοι,

1102 1298 1211 1329 τέκνον,
1235 1298 1276 1330 τίς
1291 1299 1307 1333 ή
1324 1297 1385 1324 θεία
1409 1298 1456 1323 καὶ
1481 1297 1584 1331 ἄφατος
1610 1297 1754 1331 οἰκονομία
1774 1304 1833 1329 σου,
1860 1296 1896 1322 δι’

1103 1343 1135 1378 ἥς
1152 1343 1280 1375 ὲζὼωσας
1298 1343 1329 1370 τὸ
1354 1343 1467 1378 πλάσμα
1492 1351 1556 1375 σου;
1582 1342 1696 1377 ἀνυμνῶ
1724 1350 1769 1368 σου
1800 1342 1831 1368 τὸ
1848 1341 1896 1368 εὖ,

1104 1397 1120 1415 σ
1125 1388 1267 1424 πλαγχνον.

1145 1481 1179 1507 Ἥ
1205 1481 1339 1516 σωτήριος
1361 1480 1445 1514 πύλη.
1468 1481 1484 1515 ἠ
1506 1480 1574 1515 πρὸς
1602 1479 1669 1506 Θεὸν
1696 1480 1814 1514 γέφυρα,
1848 1478 1900 1507 εἰς)

1103 1526 1276 1561 Χριστιανῶν
1291 1526 1308 1560 ἠ
1325 1525 1485 1560 προστάτις,
1502 1525 1636 1559 πάναγνε,
1654 1525 1800 1556 Δέσποινα,
1817 1532 1898 1559 περι-

1104 1571 1290 1606 στατούμενον
1308 1571 1370 1601 ταῖς
1385 1571 1539 1605 συμφοραῖς
1556 1579 1590 1605 με
1608 1570 1656 1596 τοῦ
1685 1569 1744 1604 βίου
1771 1570 1818 1596 καὶ
1832 1569 1900 1595 κλυ-

1102 1616 1291 1652 δωνιζόμενον,
1301 1616 1388 1652 Κόρη,
1403 1616 1580 1650 κυϐέρνησον.
1879 1610 1885 1615 ”

1138 1671 1323 1706 Θεογεννῆτορ
1335 1671 1469 1704 πάναγνε,
1476 1670 1525 1705 τῆς
1535 1669 1622 1704 ψυχῆς
1632 1677 1683 1703 μου
1696 1667 1730 1694 τὰ
1740 1667 1899 1702 τραύματα,

1102 1717 1150 1745 καὶ
1173 1717 1223 1752 τῆς
1247 1716 1386 1751 ἁμαρτίας
1415 1717 1466 1747 τὰς
1492 1715 1573 1746 οὐλὰς
1601 1714 1763 1749 ὲξὰλειψον,
1795 1714 1899 1747 πηγαῖς

1103 1763 1302 1797 ἁποσμήχουσα
1321 1762 1381 1792 ταῖς
1395 1761 1428 1787 ἐκ
1451 1760 1571 1796 πλευρᾶς
1587 1760 1633 1785 τοῦ
1659 1759 1741 1785 τόκου
1767 1766 1826 1789 σου,
1853 1758 1902 1784 καὶ

1103 1809 1159 1839 τοῖς
1175 1807 1204 1839 ἐξ
1219 1807 1303 1842 αὐτῆς
1317 1805 1542 1840 ἀποκαθαίρουσα
1560 1804 1678 1839 ῥείθροις
1689 1811 1696 1819 ·
1713 1802 1781 1837 πρὸς
1800 1801 1828 1827 σὲ
1845 1802 1901 1835 γὰρ

1103 1853 1252 1890 ἀνακράζω
1262 1872 1270 1884 ,
1287 1852 1335 1879 καὶ
1353 1851 1384 1878 σὲ
1399 1851 1579 1886 καταφεύγω,
1595 1850 1642 1877 καὶ
1654 1849 1686 1876 σὲ
1715 1847 1903 1883 ἐπικαλοῦμαι

1104 1901 1154 1934 τὴν
1173 1898 1412 1934 κεχαριτωμένην.

1141 1944 1301 1977 Συνέλαϐες,
1332 1943 1464 1978 Παρθένε,
1491 1942 1553 1977 δίχα
1572 1941 1676 1977 σπορᾶς
1702 1941 1748 1967 τὸν
1765 1939 1801 1967 τὰ
1829 1938 1903 1973 σύμ-

1106 1999 1196 2018 παντα
1212 1989 1458 2025 δημιουργήσαντα
1474 1987 1561 2021 Λόγον
1576 1986 1643 2013 Θεοῦ
1659 1986 1724 2012 ἄνευ
1737 1984 1902 2019 θελημάτων

1104 2036 1159 2062 τῶν
1171 2037 1222 2070 τῆς
1245 2035 1360 2069 σαρκὸς,
1387 2034 1452 2061 ἄνευ
1480 2033 1585 2068 φθορᾶς
1601 2031 1628 2058 δὲ
1643 2031 1767 2062 τέτοκας,
1788 2029 1904 2056 ἄνευθεν

1104 2082 1207 2109 ὠδίνων
1222 2081 1275 2108 τῶν
1293 2080 1436 2116 μητρικῶν
1448 2089 1454 2096 ·
1476 2079 1516 2107 διό
1533 2088 1563 2106 σε
1578 2078 1709 2105 Θεοτόκον
1728 2078 1773 2104 καὶ
1791 2075 1903 2110 γλώσσῃ

1105 2129 1153 2156 καὶ
1171 2128 1271 2164 καρδίᾳ
1286 2127 1483 2161 ὁμολογοῦντες
1503 2125 1705 2162 μεγαλύνομεν.

1111 2193 1162 2219 Ἐκ
1177 2191 1230 2218 τοῦ
1239 2190 1374 2222 Κατ-ὄνος
1387 2189 1443 2224 τῆς
1451 2187 1647 2223 παρασκευῆς
1660 2186 1716 2222 τῆς
1728 2185 1894 2220 ἑϐδομάδος

1335 2229 1368 2258 s’,
1386 2226 1430 2258 εις
1443 2224 1496 2255 τρν
1510 2224 1649 2257 Ὄρθρον.

1146 2290 1256 2326 Ὁρῶσά
1270 2298 1301 2316 σε
1315 2289 1345 2316 ὲν
1359 2288 1468 2324 σταυρῷ
1481 2286 1640 2322 ὴρτημένον
1653 2286 1669 2320 ἠ
1688 2283 1824 2318 παναγία,
1840 2283 1904 2318 ἡλά-

1105 2337 1170 2369 λαζε
1185 2336 1343 2371 τετρωμένη
1351 2335 1386 2362 τὰ
1394 2334 1536 2368 σπλάγχνα
1551 2333 1599 2359 καὶ
1609 2331 1687 2364 ἔλεγε
1700 2338 1708 2346 '
1723 2330 1775 2356 Διὰ
1802 2329 1906 2362 σπλάγ-

259 2379 365 2406 viscera
378 2379 631 2407 miseriam-diarum
650 2384 772 2412 tuarum,
783 2379 909 2413 Domine,
925 2382 980 2415 pati
1002 2389 1050 2408 vo-

1105 2392 1166 2418 χνα,
1195 2382 1292 2416 Κύριε,
1311 2381 1366 2407 σῶν
1389 2379 1542 2416 οἰκτιρμῶν
1559 2378 1658 2405 παθεῖν
1684 2376 1813 2411 ἠνέσχου,
1836 2375 1904 2400 πᾶσι

261 2423 348 2455 luisti.
363 2425 487 2458 prmbens
500 2426 628 2452 omnibtts
648 2426 909 2460 impassibilitatem.

296 2475 380 2510 319
392 2475 493 2503 Urnam
511 2481 548 2509 te,
571 2477 693 2504 divinum
715 2477 830 2505 Deitatis
845 2486 945 2506 manna
965 2480 1054 2507 conli‘

261 2526 370 2548 tteuteut
390 2522 562 2556 agnovimus,
583 2529 600 2549 0
619 2523 730 2555 Puella;
750 2531 853 2553 aream.
870 2528 897 2550 et
917 2532 1052 2558 mensam,

262 2572 290 2594 et
304 2567 511 2599 candelabrum,
522 2569 651 2596 thronutu
670 2568 717 2596 Dei
734 2574 761 2596 et
776 2570 919 2604 palatium,
942 2575 968 2597 ct
981 2578 1052 2605 pon-

264 2618 317 2640 tem
332 2613 367 2640 ad
377 2612 498 2640 divinam
515 2613 598 2640 vitam
626 2615 813 2641 traducentetn
833 2622 881 2642 eos
898 2615 944 2649 qui
960 2615 1055 2642 conci-

263 2664 332 2686 nnnt
349 2667 356 2686 :
373 2659 519 2686 Bcttedicat
536 2660 626 2687 omnis
644 2664 768 2687 creatura
784 2659 941 2692 Dominutn,
961 2664 1014 2688 etc.

297 2714 320 2741 0
338 2714 450 2742 Domina
469 2715 606 2743 universis
622 2715 777 2748 sublimior,
788 2715 831 2743 fac
839 2723 883 2743 me
898 2716 1058 2751 passionum

266 2761 370 2788 malitia
387 2761 569 2796 superiorem,
587 2762 652 2789 dum
678 2767 704 2789 te
723 2762 898 2789 verissimam
915 2762 1058 2798 Deiparam

267 2804 399 2838 gloriﬁco,
414 2811 441 2833 et
453 2810 561 2841 partuttt
575 2811 650 2833 tuum
669 2807 778 2842 hymnis
794 2807 913 2840 celebro,
929 2815 945 2834 ο
960 2808 1060 2836 imma-

267 2849 368 2881 culata,
383 2850 438 2878 Deo
454 2850 629 2885 charissima,
640 2851 958 2886 incotnprebeusibiliter
974 2852 1062 2881 Itono-

272 2900 371 2924 ratum.

1109 2427 1238 2462 παρέχων
1253 2427 1402 2453 ἀπάθειαν.

1143 2480 1266 2515 Στάμνον
1281 2487 1310 2506 σε
1323 2480 1354 2505 τὸ
1370 2478 1443 2505 θετον
1460 2477 1547 2512 μάννα
1573 2474 1748 2509 κεκτημένην
1765 2473 1815 2507 τῆς
1831 2471 1904 2498 Θεό-

1108 2533 1189 2560 τητος
1214 2524 1346 2558 ἔγνωμεν,
1364 2522 1451 2557 Κόρη,
1471 2521 1598 2551 κιὸωτὺν,
1625 2519 1673 2546 καὶ
1688 2518 1839 2553 τράπεζαν,
1857 2516 1906 2543 καὶ

1110 2571 1232 2606 λυχνίαν,
1248 2570 1343 2605 θρόνον
1374 2568 1454 2599 Θεοῦ,
1472 2568 1519 2594 καὶ
1538 2566 1682 2597 παλάτιον,
1696 2565 1823 2598 γέφυραν
1842 2571 1907 2598 μετ-

1113 2617 1235 2649 άγουσαν
1251 2616 1318 2651 πρὸς
1334 2614 1409 2641 θείαν
1420 2613 1493 2648 ζωὴν
1509 2612 1572 2644 τοὺς
1581 2611 1791 2647 ἀναμέλποντας
1802 2616 1809 2623 ·
1821 2608 1906 2635 E619-

1112 2663 1196 2697 γείτω
1209 2664 1226 2698 ἡ
1239 2663 1315 2689 πᾶσα
1326 2661 1415 2692 κτίσις
1430 2660 1476 2688 τὸν
1493 2659 1608 2694 Κύριον.

1149 2713 1263 2746 Πάντων
1288 2717 1444 2752 ὑπερ-τέρα,
1470 2716 1619 2747 Δέσποινα,
1649 2714 1699 2748 τῆς
1726 2712 1781 2738 τῶν
1811 2710 1906 2737 παθῶν

1115 2764 1212 2796 κακίας
1246 2763 1332 2797 δεῖξον
1367 2763 1517 2798 ὑπέρτερον
1552 2761 1598 2787 τὸν
1638 2758 1786 2791 δοξάζοντα
1838 2765 1906 2782 παν-

1115 2811 1203 2846 αληθῆ
1231 2819 1261 2837 σε
1283 2809 1431 2842 Θεοτόκον,
1453 2809 1501 2835 καὶ
1526 2807 1662 2843 ὑμνοῦντα
1677 2805 1722 2832 τὸν
1745 2805 1825 2831 τόκον
1850 2811 1905 2853 σομ,

1116 2857 1254 2892 ἄχραντε,
1281 2856 1326 2883 τὸν
1365 2854 1559 2890 ἀκαταληψίᾳ,
1591 2851 1792 2888 θεοχαρίτωτε,
1821 2851 1906 2882 τιμω-

1121 2911 1210 2938 μενον.
