2075 3154
153 159 220 192 1377

414 249 458 280 εις
471 248 524 274 τὸν
541 248 678 281 Ὀρθρον.

856 158 1038 188 MARIALE.

158 216 209 241 Ἐκ
223 214 275 242 τοῦ
289 214 422 242 Κανόνα·
438 212 489 239 τοῦ
505 211 656 239 Σαϐϐάτου
666 212 720 246 τῆς
730 212 894 246 ἑϐδομάδος
907 211 941 243 ε’,
958 217 980 243 Α

1716 159 1783 191 1378

1051 212 1091 239 El?
1101 221 1199 239 canone
1208 213 1235 240 in
1244 203 1360 240 sabbato
1378 214 1453 241 hcbd.
1469 221 1495 247 ν,
1506 215 1540 241 ad
1556 213 1729 242 Matulitmm.

155 299 156 302 i
189 306 228 333 Tn
243 313 304 340 quae
313 306 372 332 sola
389 312 418 331 es
431 305 506 331 omni
521 304 600 331 laude
613 304 774 339 dignissima
784 325 791 335 .
809 304 843 331 iis
858 304 905 338 qui
920 310 945 331 te
974 304 1090 333 fideliter
1106 306 1226 339 laudant,
1244 314 1356 341 precare
1374 311 1404 333 ut
1430 305 1597 333 concedatur
1610 309 1783 340 peccatorum

154 354 291 383 remissio.
307 358 334 380 et
344 352 497 379 divinorum
513 351 710 378 charismatum
727 351 896 383 distributio,
913 355 940 378 et
955 350 1073 379 Verbum
1094 353 1299 380 sanctissimum
1317 361 1411 380 exora.

196 400 227 426 Ἢ
243 398 291 425 τοῦ
311 398 393 433 νόμου
409 397 455 424 τὸν
468 397 586 431 Δοτῆρα,
611 397 789 432 Ἀειπάρθενε
808 398 946 432 κυήσασα,

155 446 260 473 ἱκέτευε
272 445 322 476 τὰς
333 444 448 478 ἀνομίας
463 444 598 478 ὑπεξᾶραι
607 444 697 475 πάσας
711 445 739 469 ὲν
749 443 837 478 καιρῷ
848 443 887 478 τῷ
899 443 947 470 νῦν

153 492 282 518 ἐνεστῶτι
293 491 348 521 τοῖς
365 489 457 521 καλῶς
470 489 699 526 προαιρουμένοις
719 489 846 521 ὲξασκεῖν
863 488 939 520 θείας

153 537 281 572 νηστείας
299 536 427 570 σπουδήν.

194 582 321 613 Ὶκεσίαις
349 581 500 616 οἰκτίρμων
516 582 565 615 τῆς
580 579 721 615 κυησάσης
734 588 775 611 σε,
790 580 838 607 καὶ
856 580 941 613 ἁγίων

155 628 313 662 μαρτύρων,
339 627 385 653 καὶ
409 627 565 653 ἀποστόλων
583 635 641 658 σου,
660 625 777 659 φώτισον
797 626 876 660 ἡμῶν
893 625 942 657 τὰς

153 673 243 708 ψυχὰς
258 672 305 698 τοῦ
319 672 442 705 δοξάζειν
454 680 485 698 σε
501 673 530 698 ὲν
544 671 703 705 ἀγαλλιάσει
719 671 809 707 ψυχῆς
825 673 865 703 εἰς
880 672 943 703 τοὺς

153 720 265 749 αἰῶνας.

188 765 266 799 Φωνῇ
275 762 391 797 ἀγγέλου
400 762 497 797 βουλῆς
511 762 555 788 τὸν
569 761 701 796 ’Λγγελον
714 762 764 796 τῆς
775 763 822 789 τοῦ
838 762 944 798 Harpe;

154 810 282 845 ἀρρήτως
308 808 385 841 Θεὸνέ
411 808 538 841 Θεοτόκε,
561 808 698 843 ὲκύησας²
723 810 773 840 τὰς
792 809 883 842 φωνὰς
898 807 945 835 οὗν

1035 397 1116 433 Virgo
1140 403 1281 433 perpetua.
1311 406 1372 433 quae
1397 399 1464 433 legis
1494 399 1620 425 Datorem
1655 398 1783 433 gemuisti,

995 445 1120 472 eumdem
1133 453 1256 480 precare,
1281 451 1311 473 ut
1326 454 1341 472 c
1358 445 1448 472 medio
1471 445 1551 472 tollat
1568 452 1665 471 omnes
1681 444 1785 478 iniqui-

996 493 1064 516 tates
1078 497 1185 522 eorum,
1199 490 1245 525 qui
1259 490 1385 525 prmsenti
1400 495 1522 524 tempore
1532 489 1559 515 in
1572 488 1665 515 divino
1677 487 1785 523 jejunio

994 542 1055 561 sese
1068 535 1185 562 sollicite
1200 543 1328 563 exercere
1340 536 1503 563 deliberant.

1033 577 1276 612 Deprecationibns
1297 579 1446 606 Genitricis
1468 583 1557 611 tuaa,o
1573 578 1742 609 misericors,
1757 581 1786 604 et

995 629 1152 651 sanctorum
1169 630 1319 660 martyrum
1339 629 1366 652 et
1385 625 1572 659 apostolorum
1585 628 1706 656 tuorum,
1723 623 1786 650 illu-

997 671 1071 698 mina
1086 671 1193 698 animas
1213 676 1334 701 nostras,
1351 675 1381 697 ιιι
1399 671 1584 706 glorilicemus
1598 675 1623 697 te
1647 670 1673 696 in
1690 669 1786 697 exsul-

998 717 1101 743 tatione
1119 716 1202 742 animi
1220 724 1266 750 per
1284 716 1382 743 smrula
1399 716 1536 742 universa.

1031 762 1072 788 Ad
1084 769 1178 789 vocem
1194 762 1281 797 angcli
1298 761 1431 796 Angelum
1453 761 1560 789 consilii
1585 760 1674 788 Patris
1688 758 1786 786 ineffa-

997 806 1087 833 bilitcr
1100 807 1261 840 concepisti,
1285 813 1302 833 ο
1327 806 1441 840 Deipara
1458 814 1465 832 ι
1483 812 1562 832 voces
1588 811 1654 839 ergo
1677 803 1786 838 suscipe

154 855 209 882 τῶν
232 854 333 881 δούλων
357 863 403 880 σου
428 854 584 889 πρόσδεξαι,
610 854 642 884 ἃς
655 855 684 881 ὲν
700 854 739 889 τῷ
755 855 805 889 τῆς
821 855 945 889 νηστείας

997 859 1138 879 servorttm
1156 856 1277 884 tuorum,
1296 859 1365 886 quas
1380 851 1476 886 jejunii
1493 856 1614 884 tempore
1631 849 1784 882 offerimus,

155 901 243 936 χρῦνῳ
270 887 457 935 προσάγομενξ
485 901 533 927 καὶ
557 899 661 931 ταύτας
689 887 853 935 πρ-οσάναγε
873 900 943 935 Θεῷ,

998 905 1098 932 easque
1113 902 1141 924 tu
1160 897 1216 925 Deo
1233 897 1312 930 offer,
1329 898 1416 924 instar
1431 897 1626 932 thymiamatis.
1751 889 1754 891 ’

155 944 249 979 ὥσπερ
265 944 403 978 Θυμίαμα.

161 999 208 1024 Ἐκ
228 997 281 1024 τοῦ
299 999 433 1030 Κανίνος
449 997 504 1031 τῆς
516 998 615 1030 τρίτης
630 997 689 1023 τῶν
705 997 811 1030 Βαΐων,
827 998 871 1030 εις
891 997 945 1024 τὸν

479 1034 617 1065 Ὀρορον.

197 1095 280 1132 Ἀρχὴ
307 1095 444 1130 σωτηρίας
462 1096 537 1130 ἡτοῦ
554 1096 674 1131 Γαὸριὴλ
688 1097 860 1131 προσηγορία
877 1096 945 1132 πρὸς

155 1140 204 1175 τὴν
229 1141 366 1175 Παρθένον
382 1141 494 1175 γέγονεν
511 1149 519 1156 ·
535 1141 635 1175 ἢκουσε
651 1141 704 1175 γὰρ
720 1142 763 1173 τὸ,
778 1141 875 1176 Χαῖρε,
895 1143 946 1169 οὐκ

157 1185 280 1219 ἀπέφυγε
294 1185 339 1211 τὸν
354 1186 510 1221 ἀσπασμὸν,
527 1187 576 1212 οὐκ
592 1186 718 1213 ἐδίστασε
731 1187 769 1218 ὼς
781 1189 798 1222 ὴ
813 1188 904 1223 Σάρρα
917 1189 945 1215 ὲν

155 1232 189 1266 τῇ
207 1232 302 1266 σκηνῇ,
320 1231 376 1258 ἀλλ’
393 1231 478 1263 οὕτως
493 1231 615 1266 ἐλεγεν·ι
627 1233 692 1259 Ἰδοὺ
708 1233 725 1267 ἡ
737 1232 817 1268 δούλη
831 1233 945 1268 Κυρίου,

157 1277 265 1310 γένοιτό
280 1285 325 1312 μοι
341 1277 413 1304 κατὰ
426 1277 456 1303 τὺ
473 1278 549 1312 ῥῆμά
561 1286 636 1305 σου.»

193 1323 290 1357 Χαῖρε,
318 1323 359 1348 σοὶ
387 1322 503 1358 βοῶμεν,
528 1324 562 1359 τῇ
588 1323 715 1359 κυησάσῃ
740 1323 789 1360 τὴν
815 1325 944 1360 χαρὰν,ή

157 1369 364 1404 κεχαριτωμένη
376 1369 490 1396 Θεοτόκε
502 1369 634 1405 Παρθένε.
650 1370 716 1396 Θεὸν
730 1370 759 1396 ὂν
774 1371 868 1402 ἔτεκες
882 1370 946 1397 δυσ-

156 1415 226 1441 ώπει
252 1415 423 1449 λυτρωῦῆναι
447 1415 577 1442 κινδύνων
598 1415 647 1442 καὶ
673 1415 778 1451 φθορᾶς
806 1416 868 1448 τοὺς
895 1417 945 1442 ἀν-

159 1459 309 1494 υμνοῦντάς
323 1468 352 1486 σε
371 1459 424 1486 ἀεί.

195 1505 318 1538 Παναγία
336 1506 474 1540 Παρθένι,
506 1506 538 1531 σύ
557 1514 590 1540 με
623 1505 776 1538 διᾱσωσον,
803 1506 852 1540 τῆς
875 1506 947 1541 ἐμῆς

1000 997 1042 1024 Ea:
1058 991 1158 1025 canone
1171 998 1199 1025 in
1214 998 1322 1032 feriant
1337 998 1364 1024 in
1381 997 1472 1038 flanti:
1490 997 1659 1030 Palmarum,
1676 999 1710 1024 ad
1726 997 1788 1025 Ma-

1336 1037 1464 1059 tumtum.

1037 1093 1207 1128 Principium
1232 1092 1332 1120 salutis
1357 1091 1410 1118 fuit
1441 1092 1571 1119 allocutio
1592 1091 1728 1119 Gabrielis
1753 1092 1786 1118 atl

1001 1139 1138 1173 Virginem
1156 1148 1162 1166 ε
1179 1139 1284 1165 audivit
1299 1139 1386 1171 enim,
1405 1139 1471 1165 Ave.
1484 1137 1544 1164 Non
1557 1137 1659 1170 refugit
1681 1137 1787 1164 saluta-

1001 1186 1119 1217 tionem;
1140 1192 1194 1212 non
1205 1185 1338 1211 dubitavit
1351 1189 1380 1211 ut
1395 1184 1476 1212 Sarra
1493 1185 1518 1211 in
1536 1184 1786 1218 tabernaculo;seil

1000 1230 1036 1257 ita
1052 1230 1119 1257 dixit
1137 1239 1144 1257 :
1163 1239 1173 1256 ι
1193 1229 1262 1257 Ecce
1283 1230 1366 1265 320
1382 1230 1481 1257 ancilla
1503 1230 1630 1263 Domini,
1651 1229 1698 1257 flat
1719 1230 1786 1257 mihi

1000 1277 1149 1304 secundum
1162 1276 1274 1302 verbum
1288 1280 1376 1304 tuum.
1393 1285 1403 1300 ι

1034 1325 1070 1349 At
1084 1327 1109 1349 te
1119 1322 1279 1354 clamamus,
1291 1321 1394 1353 Gaude,
1410 1329 1470 1356 qut?
1479 1322 1607 1357 gaudium
1623 1323 1786 1358 concepisti.

1000 1376 1017 1395 ο
1029 1369 1115 1403 gratia
1131 1368 1209 1403 plena
1226 1367 1339 1402 Deipara
1366 1366 1448 1401 Virgo
1465 1377 1472 1394 :
1492 1367 1589 1401 Deum,
1605 1376 1686 1403 quem
1704 1377 1786 1404 pepe-

1001 1413 1251 1448 risti,deprecare,
1283 1416 1313 1439 ut
1338 1412 1434 1440 liberet
1459 1420 1474 1439 a
1493 1413 1621 1447 periculis
1635 1418 1662 1441 et
1693 1422 1790 1443 corru-

1000 1462 1093 1496 ptione
1107 1468 1155 1488 eos
1170 1461 1216 1495 qui
1231 1465 1255 1488 te
1269 1460 1380 1488 assidue
1391 1461 1596 1490 concelebrant.

1038 1507 1118 1541 Virgo
1129 1506 1312 1539 sanctissima,
1335 1511 1362 1533 tu
1375 1514 1418 1533 me
1429 1507 1534 1534 salvum
1551 1506 1603 1539 fac,
1621 1511 1649 1534 et
1661 1515 1728 1536 meae
1745 1508 1789 1535 in-

131 1587 134 1590 ν
158 1550 304 1582 ἀσθενείας
331 1550 409 1584 γενοῦ
430 1550 550 1586 βοήθεια,
568 1551 584 1585 ἡ
599 1550 645 1576 τὸν
660 1550 775 1585 Οελητὴν
792 1550 839 1577 τοῦ
854 1551 945 1583 ἐλέους

999 1551 1135 1578 ﬁrmitatis
1145 1558 1203 1579 esto
1214 1551 1356 1584 auxilium,
1364 1560 1425 1586 qua:
1435 1553 1787 1582 misericordia:amatorem

159 1598 294 1632 κυήσασα,
312 1597 341 1623 ὃν
357 1597 551 1632 ὑπερυψοῦμεν
572 1598 612 1628 εἰς
628 1597 731 1628 πάντας
751 1598 814 1628 τοὺς
832 1597 943 1628 αἰῶνας.

202 1643 249 1669 Ἐκ
274 1643 332 1674 σοῦ,
363 1643 484 1678 Παρθένε
515 1643 707 1678 θεοχαρίτωτε,
733 1644 788 1674 τοῖς
812 1644 841 1669 ὲν
868 1644 946 1670 νυκτὶ

158 1689 253 1715 παθῶν
268 1689 484 1724 κεκρατημένοις
508 1689 628 1715 ἀνέτειλε
643 1689 689 1715 τοῦ
703 1689 792 1723 φωτὸς
805 1689 852 1715 καὶ
867 1690 946 1725 εἰρή-

158 1743 206 1769 νης
232 1735 348 1769 Χριστὸς
368 1736 496 1769 χορηγὶς,
520 1735 569 1769 τὴν
583 1734 613 1766 ἐξ
626 1734 791 1770 ἀπροσεξίας
807 1735 878 1761 λύων
893 1744 945 1762 πα-

159 1779 283 1813 ράῦασιν,
304 1779 350 1805 καὶ
370 1779 418 1813 τὴν
435 1779 627 1814 ἀπολύτρωσιν
647 1780 714 1814 ἡμῖν
732 1779 824 1814 σαφῶς
842 1779 946 1815 δωρού-

159 1833 250 1859 μενος.

164 1889 214 1915 Ἐκ
238 1888 292 1915 τοῦ
335 1889 469 1921 Κανόνος
499 1887 608 1914 διπλοῦ
632 1887 688 1921 τῆς
715 1887 858 1922 τετάρτης
887 1887 946 1915 τῶν

351 1924 460 1956 Baiter,
479 1924 522 1956 εὶς
539 1923 593 1950 τὸν
617 1923 750 1956 Ὄμθρον.

192 1987 238 2022 Τῷ
262 1987 347 2021 τιμίῳ
374 1986 484 2021 σταυρῷ
503 1986 551 2013 τοῦ
577 1985 642 2012 Υίοῦ
667 1986 944 2021 σουφυλαττόμενοι,

157 2033 290 2058 Δέσποινα
306 2031 376 2066 ἁγνὴ
393 2031 520 2064 Θεοτόκε,
536 2032 626 2057 πᾶσαν
641 2031 795 2066 προσϐολὴν
809 2031 856 2057 τοῦ
868 2032 946 2057 πολε-

159 2078 274 2112 μὴτορος
289 2077 410 2108 ἅπαντες
423 2068 529 2112 ’ῥᾳδίως
543 2076 745 2112 ἐκτρεπόμεθα·
760 2076 799 2103 διό
815 2085 845 2102 σε
859 2085 945 2103 κατα-

156 2123 243 2157 meo;
269 2122 417 2156 δοξάζομεν
430 2123 468 2153 ὡς
487 2122 602 2157 Μητέρα
620 2121 669 2148 τοῦ
685 2122 773 2156 φωτὸς
794 2122 842 2149 καὶ
861 2122 946 2157 μόνην

156 2169 251 2195 ἐλπίδα
262 2169 315 2194 τῶν
325 2169 419 2203 ψυχῶν
430 2168 518 2203 ήμῶν.

997 1597 1159 1632 concepisti,
1186 1604 1266 1631 quem
1279 1597 1513 1631 snpercxallamtts
1526 1599 1552 1625 in
1570 1599 1661 1626 omnia
1673 1601 1786 1627 saecula.

1032 1642 1071 1670 Ex
1085 1647 1120 1675 te,
1139 1651 1156 1670 ο
1177 1642 1259 1678 Virgo
1271 1643 1326 1671 Deo
1342 1644 1517 1678 charissima,
1536 1644 1569 1672 iis
1587 1645 1634 1680 qui
1651 1646 1678 1672 in
1707 1652 1788 1674 nocte

997 1690 1156 1724 passionum
1175 1690 1377 1722 detinebantur,
1398 1696 1510 1717 exortus
1534 1695 1577 1718 est
1592 1697 1690 1719 auctor
1716 1693 1786 1721 lucis

997 1741 1022 1763 et
1041 1736 1117 1770 pacis
1137 1735 1275 1767 Christus,
1300 1736 1552 1770 transgressionem
1569 1743 1601 1763 ex
1623 1738 1787 1772 negligentia

997 1786 1085 1809 ortam
1109 1782 1226 1814 diluens,
1246 1787 1271 1809 et
1296 1782 1442 1810 manifeste
1467 1783 1546 1811 nobis
1572 1783 1788 1818 redemptionem

996 1827 1154 1861 dilargiens.

997 1889 1039 1916 Ea:
1051 1898 1150 1916 canone
1159 1889 1258 1924 duplici
1270 1890 1296 1916 in
1306 1890 1373 1950 ζῦι-Ῑρ
1386 1897 1413 1950 :y
1425 1891 1452 1916 in
1468 1889 1558 1917 Ramis
1575 1890 1742 1926 Palmarum,
1753 1895 1788 1920 ad

1337 1933 1353 1950 ιι
1368 1933 1383 1950 u
1397 1933 1481 1950 nium.

1337 1929 1481 1952 ululatum.

1034 1987 1159 2014 Pretiosa
1172 1987 1232 2014 Filii
1258 1987 1296 2013 tui
1318 1994 1400 2014 cruce
1419 1987 1559 2020 custoditi,
1577 1987 1694 2016 Domina
1710 1993 1787 2017 casta

998 2033 1124 2068 Dcipara,
1141 2041 1250 2060 omnem
1267 2033 1355 2061 hostis
1373 2034 1506 2067 impetum
1522 2033 1603 2061 facile
1613 2042 1709 2062 omnes
1728 2035 1788 2062 evi-

997 2085 1087 2107 tamus
1105 2084 1268 2114 :proptcrca
1290 2084 1315 2106 te
1333 2087 1383 2114 pro
1404 2079 1496 2106 debito
1522 2079 1707 2114 gloriﬁcamus
1727 2085 1789 2108 tan-

996 2133 1079 2160 quam
1095 2124 1212 2152 Matrem
1228 2124 1309 2158 lucis,
1324 2129 1406 2159 atque
1422 2124 1530 2151 unicam
1543 2132 1619 2160 spem
1632 2126 1788 2153 animarum

996 2175 1162 2198 nostrarum.

190 2215 237 2249 Μὴ
252 2215 401 2249 φλαχθεῖσα
416 2214 455 2249 τῷ
469 2214 535 2249 πυρὶ
548 2213 599 2248 τῆς
613 2214 756 2249 Θεότητος,
770 2214 848 2250 ἁγνὴ,
862 2214 945 2241 κατά-

1034 2215 1056 2244 0
1071 2224 1157 2249 casta,
1171 2224 1232 2251 quae
1251 2224 1266 2243 ιι
1281 2216 1435 2244 Divinitatis
1449 2217 1509 2253 igne
1523 2225 1696 2254 nequaquam
1711 2226 1788 2246 cont-

156 2261 254 2294 φλεξόν
279 2270 329 2296 μου
352 2261 401 2292 τὰς
421 2261 644 2296 ὑλώδεις’ὁρμὰ;
667 2261 722 2287 τῶν
744 2261 848 2294 παοῶν,
873 2261 946 2293 ὅπως

156 2308 271 2339 πιστῶς,
284 2309 364 2342 ἁγνὴ,
379 2307 482 2340 δοξάζω
498 2316 538 2336 σε.

191 2352 404 2389 Παρθενομῆτορ
424 2354 552 2389 ἄχραντε,
572 2355 587 2388 ἡ
604 2354 667 2390 ῥίζα
681 2353 728 2380 τοῦ
749 2354 861 2387 Ἰεσσαὶ,
874 2354 903 2386 ἐξ
913 2349 946 2389 ἧς

154 2398 274 2433 Χριστὺς
293 2397 424 2428 ἀνέτειλε,
440 2398 470 2423 τὸ
483 2399 624 2433 ζωηφόρον
638 2399 718 2430 ἄνθος
729 2399 783 2425 τῶν
810 2400 944 2434 γηγενῶν,

154 2444 187 2470 δι’
196 2442 228 2480 ἦς
236 2443 430 2478 ὲλυτρώΟημεν
442 2443 543 2479 φθορᾶς
554 2446 600 2470 καὶ
613 2444 785 2480 ονητότητος,
801 2445 830 2470 σὲ
845 2444 946 2479 ὑμνοῦ-

157 2498 206 2524 μεν
218 2489 329 2521 πάντες,
347 2490 429 2524 ἁγνή.

196 2537 240 2562 Ἑν
255 2536 307 2569 σοὶ,
326 2536 449 2571 Παρθένε
480 2536 561 2570 ἁγνὴ.
581 2536 775 2571 ὲοεωρήοησαν
790 2538 877 2564 πᾶσαι
897 2538 945 2564 τοῦ

153 2583 221 2608 Θεοῦ
247 2583 275 2608 αἱ
294 2583 413 2617 πορεῖαι,
445 2582 492 2608 τοῦ
513 2582 681 2617 φυλάξαντος
696 2583 745 2618 τὴν
765 2583 814 2618 σὴν
835 2584 945 2616 ἁγνείαν

155 2628 224 2662 μετά
240 2628 319 2655 τόκον
336 2628 561 2664 ὲσφραγισμὲνην
581 2629 675 2662 σαφῶς
702 2629 742 2660 εἰς
758 2629 862 2661 πάντας
881 2630 943 2662 τοὺς

154 2674 269 2706 αἰῶνας.

193 2722 259 2747 Ἰδοὺ
278 2721 364 2747 πᾶσαι
384 2721 477 2755 γενεαὶ
498 2721 689 2757 μακαρίζομεν
701 2730 741 2754 σε,
766 2721 894 2756 ἄχραντε,
909 2721 944 2748 τὰ

153 2768 286 2803 μεγαλεῖα
300 2768 334 2794 τὰ
354 2767 388 2794 σὰ.
403 2767 593 2804 καθορῶντες⁸
611 2769 642 2794 σὺ
659 2767 713 2803 γὰρ
739 2767 843 2799 τίκτεις
856 2768 942 2802 ὑπερ-

151 2814 226 2848 φυῶς
241 2814 288 2840 τὸν
307 2815 354 2841 τοῦ
375 2816 479 2850 κόσμου
505 2815 606 2847 παντὸς
633 2815 763 2851 Ποιητὴν,
788 2815 853 2842 Θεδν
877 2815 941 2842 ὅντα

151 2859 197 2885 καὶ
213 2858 318 2893 βροτόν.

999 2263 1077 2290 busta
1093 2271 1133 2293 es,
1155 2263 1285 2290 combure
1310 2263 1466 2291 materiales
1493 2263 1607 2291 allectus
1627 2265 1788 2299 passionum

999 2316 1132 2341 mearum,
1149 2314 1177 2335 nt
1195 2316 1256 2335 cum
1273 2308 1334 2339 fide,
1356 2316 1372 2335 o
1385 2312 1470 2342 casta,
1488 2313 1514 2335 te
1529 2309 1690 2344 glorificem.

1034 2355 1117 2389 Virgo
1140 2354 1225 2382 Mater
1254 2354 1439 2388 immaculata,
1462 2355 1537 2389 virga
1557 2355 1644 2387 Jessa,
1671 2363 1703 2382 ex
1733 2363 1787 2390 qua

997 2399 1124 2426 Christus
1134 2403 1247 2426 exortus
1258 2398 1379 2431 est,llos,
1392 2398 1438 2432 qui
1451 2398 1534 2425 vitam
1548 2399 1660 2433 protulit
1673 2400 1786 2434 terrige-

997 2445 1056 2478 nis;
1074 2453 1121 2478 per
1137 2453 1220 2480 quam
1236 2445 1368 2479 redempti
1393 2453 1490 2472 sumus
1521 2453 1536 2472 a
1562 2446 1739 2480 corruptione
1761 2450 1788 2473 et

997 2491 1182 2523 mortalitate;
1200 2495 1226 2518 te
1240 2490 1371 2524 universi,
1392 2499 1408 2518 ο
1420 2499 1499 2526 pura.
1515 2491 1718 2519 collaudamus.

1032 2536 1062 2563 In
1076 2540 1113 2569 te,
1134 2535 1218 2571 Virgo
1233 2541 1319 2569 casta,
1334 2542 1487 2571 conspectae
1514 2542 1579 2565 sunt
1607 2545 1705 2565 omnes
1738 2538 1788 2564 via:

998 2582 1056 2615 Dei,
1072 2583 1117 2617 qui
1136 2582 1308 2610 conservavit
1328 2583 1475 2617 puritatem
1499 2589 1572 2610 tuam
1600 2589 1661 2619 post
1679 2589 1786 2619 partum

998 2628 1143 2656 manifeste
1155 2629 1303 2663 sigillatam
1321 2629 1348 2655 in
1363 2629 1456 2655 omnia
1468 2629 1580 2656 saecula.

1031 2719 1103 2748 Ecce
1118 2728 1214 2748 omnes
1232 2720 1423 2755 generationes
1446 2721 1552 2748 beatam
1576 2723 1603 2747 te
1628 2719 1788 2750 dicimus,o

996 2767 1140 2798 inviolata,
1167 2766 1303 2802 magnalia
1322 2771 1369 2794 tua
1394 2767 1635 2801 contemplantes:
1657 2769 1685 2792 tu
1711 2765 1786 2792 enim

995 2814 1241 2848 supernaturalitcr
1257 2816 1330 2849 paris
1344 2814 1481 2842 universis
1505 2812 1680 2841 Conditorem
1700 2812 1784 2840 Deum

995 2865 1022 2887 et
1038 2860 1186 2888 hominem.
