2075 3154
293 171 361 203 1379

292 277 366 303 omni
387 275 521 302 miraculo
543 274 679 308 superior,
701 280 763 306 quae
784 273 1001 307 pulcherrimum
1017 273 1083 300 Ver-

292 322 356 349 bum
371 321 532 355 concepisti.
561 319 640 354 321
666 319 758 353 Ipsum
789 326 857 354 ergo
877 319 1036 353 deprecare,
1055 323 1084 345 ut

293 367 440 395 formosam
460 366 555 394 reddat
566 365 769 393 deformitatem
786 365 878 392 cordis
893 365 958 392 mei.

327 458 494 493 Puerperam
520 458 654 493 virginem
678 459 741 492 quis
765 458 890 490 audivit,
911 462 939 485 et
967 462 1083 484 matrem

294 505 354 532 sine
367 505 442 532 viro?
459 505 499 531 Tu
515 504 601 532 efﬁcis
629 504 818 540 hujuscemodi
842 504 1009 539 prodigium,
1026 503 1084 531 Ma-

293 552 332 577 ria
353 559 360 577 :
381 550 427 577 sed
444 550 528 577 dicito
549 550 628 583 mihi,
648 550 807 585 quomodo?
819 549 858 576 Ne
873 549 1007 576 scrutaris
1022 556 1084 583 pro-

294 595 379 622 funda
393 595 478 622 divini
495 600 591 630 partus
605 596 669 622 mei.
691 594 871 622 Verissimum
892 599 935 622 est
950 595 1018 628 hoc;
1035 594 1083 622 sed

293 641 327 667 ab
344 641 464 667 bumana
478 644 568 667 mente
583 640 780 675 comprehendi
793 648 846 667 non
862 643 964 675 potest.

295 694 336 721 Ea:
353 703 452 722 canone
464 695 491 721 in
513 694 580 729 feria
592 702 617 726 ν,
638 694 772 736 inﬂantis
794 693 962 726 Palmarum,
974 694 1010 720 ad
1023 693 1083 720 Ma-

626 735 753 756 tulmum.
797 744 800 747 ί
928 737 932 741 ”

329 785 432 812 Auimze
448 793 514 811 mea:
528 784 671 819 passiones
686 783 844 811 doloriﬁcas
867 787 893 810 et
910 783 1000 810 carnis
1018 790 1084 809 mea:

293 831 405 858 morbos
429 831 559 857 velociter
574 837 650 862 cura,
670 837 686 856 ο
702 829 850 864 purissima
875 837 882 855 :
900 829 999 856 mentis
1016 836 1084 856 meae

293 878 361 904 siste
391 876 617 907 instabilitatem;
644 879 671 902 et
690 875 734 902 lac
762 882 806 902 me
831 875 943 909 dignum
967 878 997 901 ut
1020 882 1082 901 cum

295 922 493 956 tranquillitate
510 921 595 947 animi
612 919 724 947 oﬁ'eram
738 927 820 954 puras
834 925 930 953 preces
942 918 1008 954 lle-gi
1023 926 1083 945 om-

294 967 381 999 nium,
399 972 426 993 et
441 973 551 993 exorem
570 973 619 1000 pro
633 965 796 992 remissione
806 965 932 999 lapsuum
948 971 1082 1001 meorum,

293 1020 310 1040 ο
323 1013 448 1046 Deipara.

329 1057 410 1085 Exte
436 1056 525 1084 divina
551 1056 696 1083 scaturivit
721 1063 792 1090 aqua
818 1054 1034 1082 immortalitatis
1057 1059 1084 1082 et

293 1103 365 1134 vitae,
383 1110 400 1130 ο
415 1102 462 1130 Dei
478 1102 602 1129 Genitrlx
619 1101 768 1137 purissima
800 1106 828 1128 et
848 1101 1020 1134 castissima;
1037 1108 1085 1136 per

293 1156 387 1183 quam,
404 1148 528 1175 bibentes
546 1147 716 1174 a‘mortilera
727 1148 771 1175 siti
784 1147 943 1174 liberantur.

330 1194 369 1222 Te
388 1194 459 1221 lucis
479 1197 585 1229 portam
604 1193 735 1228 fulgidam
753 1193 820 1220 vidit
842 1193 1016 1228 Proplteta.o
1029 1200 1083 1227 pu-

293 1241 404 1268 rissima
417 1249 423 1266 :
440 1240 510 1267 lucis
524 1240 598 1266 enim
615 1240 741 1266 datorem
756 1239 835 1266 nobis
850 1239 970 1267 similem
980 1237 1083 1265 factum

293 1285 424 1314 iuell‘abili
446 1286 554 1313 ratione
577 1285 717 1321 peperisti,
747 1293 829 1320 quem
849 1285 1084 1320 superexaltamus

293 1333 319 1359 in
336 1333 462 1360 universa
477 1333 588 1360 srecula.

328 1379 356 1406 ln
369 1379 476 1407 duabus
494 1379 682 1406 voluntatibus
700 1383 727 1406 et
743 1379 874 1406 essentiis
888 1378 1019 1413 peperisti
1033 1386 1084 1406 no-

292 1425 335 1452 bis
352 1425 520 1460 unigenitum
537 1424 634 1452 Filium
648 1425 746 1457 Patris,
759 1432 775 1452 o
790 1424 881 1452 Puella
898 1424 1082 1458 immaculata,

293 1471 430 1498 hominem
443 1471 555 1504 factum,
569 1476 599 1498 ut
611 1477 661 1498 nos
674 1470 720 1498 ille
734 1478 883 1506 supremus
894 1469 966 1498 Deus
982 1470 1083 1498 divinae

292 1521 397 1544 natura:
421 1517 568 1551 participes
583 1515 709 1543 ediceret.

845 169 875 199 S.
897 168 1055 200 IOSEPHI
1074 168 1355 199 HYMNOGRAPHI

326 229 400 257 Inter
411 229 540 257 mulieres
554 232 583 255 tu
599 226 657 254 sola
675 225 799 260 speciosa
821 224 893 253 facta
915 233 956 258 es,
974 234 991 252 ο
1007 231 1082 253 casta
1097 228 1122 258 Α

1179 225 1223 252 Ἐν
1235 226 1344 259 γυναιξὶ
1357 226 1389 252 σὺ
1410 226 1478 262 μόνη
1497 227 1654 262 ὡραιώθης,
1672 225 1696 255 ὦ
1712 228 1927 264 ὑπερθαύμαοτε

1136 271 1216 306 ἁγνὴ,
1234 271 1405 306 ὡραιότατον
1417 271 1463 297 τὸν
1477 271 1564 304 Λόγον
1578 272 1774 307 ἀποκυήσασα,
1792 274 1838 301 τὸν
1854 275 1928 310 ὑπὲρ

1135 316 1240 347 πάντας
1254 316 1371 350 φανέντα
1386 315 1500 350 βροτοὺς
1512 316 1624 351 ὡραῖον,
1642 317 1729 343 Αὑτὸν
1744 317 1791 344 οὖν
1808 318 1928 345 ὲκδυσώ-

1135 370 1181 388 πει
1196 362 1226 388 τὸ
1246 361 1365 396 είδεχθὲς
1382 361 1575 397 καθωραῖσαιχ
1589 363 1722 398 Παρθένε,
1737 363 1787 398 τῆς
1810 364 1927 399 καρδίας

1137 417 1198 442 μου.

1171 453 1333 480 Παιδοτόκον
1357 453 1493 488 παρθένον
1518 454 1560 485 τίς
1587 454 1710 489 ἢκουσε,
1740 455 1786 480 καὶ
1818 454 1927 489 μητέρα

1136 499 1206 534 πλὴν
1219 499 1336 534 ἀνδρός;
1361 500 1468 534 Μαρία.
1492 500 1613 531 ἐκτελεῖς
1627 500 1657 526 τὸ
1672 499 1840 536 τεράστειον,
1858 500 1928 527 ἀλλὰ

1135 544 1222 579 φράζε
1240 553 1284 579 μοι
1294 545 1325 571 τὸ
1334 545 1410 577 πῶς;
1425 545 1472 580 Μὴ
1487 545 1587 580 ἐρεύνα
1594 546 1627 572 τὰ
1642 546 1711 581 βάθη
1723 546 1772 581 τῆς
1787 546 1927 577 θιοτοκίας

1136 598 1199 625 μου·
1225 591 1306 617 τοῦτο
1326 591 1494 626 πανάληθες,
1511 592 1583 626 ὑπὲρ
1598 592 1626 618 δὲ
1643 591 1816 627 ἀνθρώπινον
1832 592 1894 618 νοῦν
1908 594 1926 627 ἡ

1135 634 1297 669 κατάληψις.

1141 689 1189 716 ‘En
1207 688 1260 716 τοῦ
1276 689 1410 723 Κανόνας
1436 688 1491 723 τῆς
1515 689 1649 724 πέμπτης
1667 689 1727 716 τῶν
1747 689 1852 723 Βαΐων,
1877 691 1922 723 εις

1422 724 1477 751 τὸν
1497 725 1633 758 Ὀρθρον.

1171 780 1226 815 Τῆς
1240 779 1330 815 ψυχῆς
1346 789 1398 816 μου
1412 780 1445 807 τὰ
1462 780 1537 816 πάθη
1555 781 1588 806 τὰ
1605 779 1774 812 πολυώδυνα,
1795 781 1842 806 καὶ
1857 789 1927 814 σαρ-

1135 826 1182 857 κός
1208 835 1259 860 μου
1282 826 1332 858 τὰς
1352 827 1446 857 νόσους
1466 826 1496 852 ἐν
1519 827 1597 861 τάχει
1624 827 1708 858 ἴασαι,
1730 826 1782 856 τᾶς
1801 825 1847 852 τοῦ
1863 827 1925 858 νοός

1137 881 1188 908 μου
1207 872 1347 908 ἐκτροπὰς
1369 871 1479 907 στῆσον,
1506 872 1673 907 πανάμωμε,
1701 872 1747 898 καὶ
1769 873 1798 898 ὲν
1821 872 1926 907 γαλήνῃ

1135 919 1265 954 λογισμοῦ
1275 919 1356 954 sold;
1373 920 1542 954 προσφέρειν
1558 919 1682 953 καθαρὰς
1695 919 1735 954 τῷ
1751 919 1857 954 βασιλεῖ
1871 919 1927 945 τῶν

1134 964 1263 991 ἁπάντων
1288 964 1415 998 ἀξίωσον,
1432 965 1559 997 Θεοτόκε,
1579 965 1628 991 καὶ
1662 965 1829 997 ἐξαιτεῖσθαι
1845 973 1928 991 πται-

1137 1011 1250 1046 σμάτων
1263 1010 1371 1044 ἄφεσιν.

1177 1056 1225 1083 Ἐκ
1241 1055 1288 1082 σοῦ
1303 1056 1333 1082 τὸ
1356 1056 1427 1082 θεῖον
1442 1055 1514 1091 ὕδωρ
1531 1055 1678 1082 ἀνέϐλυσεν
1699 1055 1853 1087 ἀθανασίας
1876 1056 1927 1082 καὶ

1135 1101 1220 1137 ζωῆς,
1241 1101 1395 1137 Θεοκυῆτορ
1410 1102 1576 1136 πανάμωμε,
1589 1098 1620 1128 οὗ
1634 1102 1659 1128 oi
1672 1101 1827 1136 γευόμενοι,
1844 1101 1927 1136 δίψης

1118 1177 1120 1179 _
1136 1148 1216 1184 ἁγνὴ,
1232 1148 1420 1184 θανατηφόρου
1442 1148 1633 1184 ρυσθήσονται.

1171 1194 1264 1230 Πύλην
1280 1203 1310 1222 σε
1332 1195 1422 1230 φωτὸς
1448 1194 1661 1231 πεφωτισμὲνην
1675 1194 1769 1230 βλέπει
1790 1195 1804 1221 ό
1817 1196 1926 1229 προφή-

1135 1247 1195 1274 της,
1209 1239 1378 1274 πανάμωμε·
1405 1239 1452 1266 τὸν
1473 1239 1629 1275 φωτοδότην
1641 1241 1696 1275 γὰρ
1714 1240 1818 1271 τίκτεις
1836 1241 1927 1274 ἀφρά-

1137 1293 1206 1316 στως
1221 1285 1287 1319 ἡμῖν
1305 1285 1482 1320 ὁμοιωθέντα,
1495 1285 1525 1312 ὃν
1541 1285 1735 1322 ὑπερυψοῦμεν
1750 1287 1790 1318 είς
1820 1286 1926 1317 πάντας

1135 1330 1199 1361 τοὺς
1210 1330 1323 1361 αίῶνας.

1178 1377 1223 1402 Ἐν
1238 1377 1300 1403 δυσὶ
1315 1376 1442 1412 θελήσασι
1465 1377 1512 1404 καὶ
1525 1378 1632 1410 οὐσίαις
1648 1378 1762 1410 τέτοκας
1778 1379 1844 1414 ἡμῖν
1860 1377 1927 1404 Υἱδν

1135 1422 1181 1449 τὸν
1197 1423 1341 1458 μονογενῆ.
1360 1423 1449 1458 Κόρη,
1463 1423 1511 1450 τοῦ
1527 1424 1642 1459 Πατρός,
1658 1424 1802 1459 γενόμενον
1817 1423 1927 1458 ἄνθρω-

1135 1477 1198 1500 πον,
1224 1468 1268 1494 ἵνα
1285 1469 1360 1503 ἡμᾶς
1382 1468 1458 1504 δείξῃ
1491 1469 1637 1502 κοινωνοὺς
1659 1469 1778 1504 φύσεως,
1794 1470 1926 1504 ἄχραντε,

1136 1514 1212 1545 Θείας
1225 1515 1239 1540 ό
1251 1514 1396 1550 ὕπέρθεος.

293 1569 336 1597 Ex
357 1578 457 1598 canone
484 1571 512 1598 in
534 1571 603 1605 {cria
621 1578 659 1601 vt,
691 1571 718 1597 in
738 1570 829 1597 Remis
861 1569 1019 1597 Palmarum
1046 1570 1081 1597 ad

1139 1568 1189 1596 Ἐκ
1209 1568 1261 1595 τοῦ
1273 1569 1407 1602 Κανόνος
1416 1568 1468 1602 τῆς
1485 1569 1681 1603 παρασκευῆς
1692 1569 1750 1596 τῶν
1763 1569 1870 1603 Barmy,
1881 1570 1926 1604 εις
1951 1587 1956 1591 -

596 1605 771 1632 Matutinum.

329 1661 352 1689 Ο
367 1661 451 1695 Virgo
474 1661 634 1695 purissima,
658 1660 744 1687 Mater
769 1660 869 1687 Christi
895 1659 953 1692 Dei,
978 1659 1084 1694 gladius

294 1707 471 1742 pet-transivit
485 1706 688 1732 sanctissimam
708 1705 829 1732 animam
847 1710 1004 1736 tuam.cum
1021 1712 1083 1732 cru-

291 1753 402 1779 ciﬁxum
418 1747 571 1778 voluntarie
587 1751 686 1777 Filium
697 1756 724 1778 et
739 1750 821 1777 Deum
834 1756 911 1778 tuum
927 1751 1082 1785 aspiceres;

291 1803 373 1830 quem
391 1803 426 1823 ne
437 1803 540 1828 cesses,
553 1803 570 1822 ο
589 1795 743 1827 benedicta,
757 1802 865 1830 rogare,
876 1800 906 1822 ut
921 1795 1001 1822 nobis
1014 1800 1084 1823 tem-

291 1841 462 1875 porejejunii
478 1846 654 1874 peccatorum
669 1841 868 1874 indulgentiam
885 1840 1028 1875 largiatur.

329 1887 524 1914 Misericordiae
539 1891 590 1913 tua:
605 1886 754 1925 stillicidiis
779 1886 874 1921 irriga,
893 1893 909 1913 ο
923 1887 1083 1914 immacula-

294 1933 399 1961 tiss‘itna
410 1932 478 1968 (50),
495 1932 576 1967 322
591 1940 639 1959 cor
655 1939 747 1959 meum
766 1931 873 1959 ﬂamma
885 1932 989 1967 peccati
1001 1932 1084 1968 lique-

291 1981 408 2012 factum;
423 1984 449 2006 et
464 1980 626 2006 exstinctam
640 1978 730 2006 cordis
746 1978 797 2006 mei
811 1978 960 2011 lucernam,
977 1983 1004 2006 tu
1022 1986 1083 2013 quae

289 2033 321 2054 es
340 2031 416 2059 porta
430 2026 511 2058 lucis,
526 2025 654 2052 acrende.

325 2070 416 2098 Sacra:
426 2070 622 2106 prophetarum
635 2077 716 2096 voces
731 2073 758 2096 te
768 2068 1081 2104 praedicantsymbolice,

291 2125 309 2144 0
322 2116 416 2152 Virgo,
435 2122 554 2151 portam,
568 2121 595 2144 et
610 2121 742 2148 montem,
759 2121 786 2142 et
796 2115 1000 2142 tabernaculum
1016 2123 1082 2143 san-

287 2168 363 2189 ctum
379 2171 385 2188 ι
403 2161 473 2188 lucis
492 2161 647 2193 nubem,ex
663 2168 716 2196 qua
729 2160 888 2187 sedentibus
906 2161 932 2187 in
960 2161 1080 2189 tenebris

286 2212 315 2235 et
335 2207 430 2234 utnbra
448 2211 559 2234 exortus
576 2211 618 2233 est
633 2206 685 2239 sol,
699 2206 798 2233 unicus
813 2205 882 2232 lueis
892 2206 982 2232 dator.

1423 1605 1476 1631 τὸν
1495 1606 1631 1639 ὀρθρον.
1670 1619 1674 1622 ~

1172 1659 1293 1694 Παρθένε
1315 1660 1483 1694 πανάμωμε,
1498 1660 1594 1695 Μῆτερ
1617 1659 1738 1695 Χριστοῦ
1761 1660 1809 1687 τοῦ
1836 1659 1918 1689 Θεοῦ.

1136 1705 1259 1740 ῥομφαία
1269 1705 1360 1740 διῆλθέ
1375 1714 1422 1732 σου
1432 1706 1482 1741 τὴν
1493 1706 1630 1740 παναγίαν
1640 1707 1739 1741 ψυχὴν,
1754 1707 1834 1741 ἡνίκα
1844 1715 1926 1733 σταυ-

1136 1753 1268 1788 ρούμενον
1285 1753 1404 1788 ἑϐλεψας
1427 1753 1560 1784 ἑκουσίως
1574 1753 1620 1780 τὸν
1636 1753 1700 1779 Υἱὸν
1716 1753 1762 1779 καὶ
1780 1753 1847 1779 Θεόν
1864 1761 1924 1783 σου.

1134 1798 1174 1831 ὃν,
1189 1798 1372 1833 εὐλογημένη,
1392 1798 1556 1825 δυσωποῦσα
1572 1798 1609 1834 μὴ
1627 1798 1730 1834 παύσῃ,
1748 1798 1925 1834 συγχώρησιν

1135 1845 1315 1880 πταισμάτων
1329 1844 1420 1880 καιρῴ
1431 1844 1561 1879 νηστείας
1576 1845 1762 1880 δωρήσασθαι.

1175 1890 1280 1918 Ῥανίσι
1299 1892 1347 1918 τοῦ
1363 1891 1456 1922 ἐλέους
1468 1899 1515 1917 σου
1528 1892 1722 1926 κατάρδευσον,
1738 1892 1923 1927 πανάχραντε,

1133 1936 1183 1971 τὴν
1201 1936 1365 1963 ὲκτακείσάν
1383 1944 1435 1971 μου
1451 1935 1565 1970 καρδίαν
1578 1935 1694 1970 φλογμῷ
1707 1937 1757 1971 τῆς
1771 1937 1923 1972 ἁμαρτίας,

1133 1983 1181 2008 καὶ
1192 1982 1238 2008 τὸν
1251 1982 1417 2017 ὲσὸεσμένον
1431 1991 1482 2017 μου
1495 1982 1545 2016 τῆς
1569 1982 1683 2017 καρδίας
1699 1982 1801 2018 ἂναψον
1813 1983 1922 2018 λύχνον,

1134 2027 1206 2063 πύλη
1218 2028 1266 2055 τοῦ
1279 2029 1380 2063 φωτός.

1173 2074 1258 2109 Ἰεραί
1272 2083 1302 2101 σε
1315 2075 1369 2101 τῶν
1385 2075 1534 2111 προφητῶν
1557 2076 1726 2112 κηρύττουσι
1745 2076 1836 2111 φωναὶ
1850 2085 1922 2112 συμσ

1133 2119 1248 2151 σολικῶς
1259 2119 1348 2154 πύλην
1362 2120 1408 2146 καὶ
1419 2120 1493 2156 ὅρος,
1507 2121 1554 2148 καὶ
1572 2120 1675 2155 σκηνὴν
1687 2119 1736 2154 τὴν
1754 2120 1848 2154 ἁγίαν,
1862 2129 1923 2154 φω-

1131 2166 1177 2197 τὸς
1194 2166 1320 2200 νεφέλην,
1335 2166 1365 2199 ἐξ
1379 2163 1412 2201 ἧς
1425 2167 1482 2198 τοῖς
1495 2167 1523 2193 ὲν
1537 2167 1628 2194 σκότει
1648 2166 1695 2193 καὶ
1719 2167 1784 2202 σκιᾷ
1796 2166 1922 2201 καθημέ-

1132 2219 1196 2242 νους
1210 2211 1348 2238 ἀνέτειλεν
1362 2211 1448 2247 ἥλιος.
1473 2212 1606 2247 Παρθένε,
1620 2213 1635 2239 ὁ
1651 2212 1731 2247 μόνος
1753 2213 1920 2247 φωτοδότης.

326 2252 500 2280 Tremendus
526 2257 568 2279 est
594 2257 688 2286 partus
709 2257 782 2283 tuus,
806 2259 823 2278 o
851 2250 965 2286 Deipara
994 2251 1080 2280 Mater

1167 2257 1270 2292 Φρικτή
1284 2265 1330 2283 σου
1343 2259 1358 2292 ἡ
1373 2257 1478 2292 λοχεία,
1488 2257 1604 2284 Θεοτόκε
1619 2259 1715 2293 Μῆτερ
1726 2257 1846 2294 Χριστοῦ
1861 2266 1868 2273 ·
1881 2257 1923 2284 διό

287 2298 391 2325 Christi
407 2307 413 2325 :
431 2302 576 2333 propterea
592 2297 699 2324 beatam
718 2301 744 2324 te
763 2296 877 2324 lideliter
895 2296 1076 2332 appellamus.

287 2348 315 2370 et
330 2344 522 2371 venerabiliter
531 2343 717 2377 gloriﬁcamus
728 2343 916 2378 generationes
926 2343 1079 2377 generatio-

287 2397 354 2416 oum
370 2390 397 2416 iu
416 2390 527 2418 saecula.
541 2390 641 2425 Amen.

321 2469 378 2504 (50)
399 2468 468 2496 Cum
485 2477 537 2496 vox
563 2468 747 2495 immaCulata:
770 2473 797 2495 et
812 2468 898 2495 multo
922 2468 1009 2504 magis
1027 2469 1080 2496 im-

286 2503 522 2536 maculatissimre,
541 2511 618 2538 asque
643 2511 675 2530 ac
703 2511 753 2530 vox
768 2504 933 2538 vinginitatis
949 2503 1081 2531 innocen-

285 2541 353 2566 tiam
371 2539 518 2573 quamdam
534 2546 673 2573 nunquam
688 2538 749 2565 labe
765 2539 890 2573 opposita
905 2539 1078 2567 contamina-

285 2580 341 2601 tam
359 2572 448 2606 sonet,
466 2572 639 2608 perspicuum
663 2578 705 2600 est
720 2573 749 2600 S.
763 2572 925 2608 Josephum,
938 2575 1002 2601 dum
1019 2573 1080 2600 Vir-

286 2611 376 2644 ginem
395 2609 520 2635 absolute
537 2608 752 2641 immaculatum,
777 2614 859 2643 atque
880 2609 1078 2636 immaculatis-

286 2643 384 2671 simam
401 2645 480 2671 toties
507 2643 669 2674 nominavit,
685 2644 808 2670 voluisse
839 2652 979 2678 nunquam
993 2644 1075 2671 ullam

283 2680 308 2706 ei
323 2680 489 2706 inexstitisse
502 2679 604 2714 peccati
626 2679 772 2711 maculam,
784 2686 816 2706 ac
833 2679 946 2713 proinde
959 2687 1009 2706 nec
1022 2680 1077 2706 ori-

284 2715 403 2748 ginalem
420 2715 541 2749 quidem,
556 2722 615 2748 qua:
631 2714 772 2741 teterrima
788 2719 830 2741 cst
847 2721 927 2748 atque
941 2714 1074 2742 mortalis.

284 2749 362 2776 Unde
381 2758 414 2777 ex
433 2758 492 2777 mea
504 2750 656 2781 sententia,
676 2757 729 2776 non
749 2751 817 2776 bene
839 2750 935 2784 aliqui,
953 2749 1000 2784 qui
1016 2749 1077 2776 Vir-

282 2786 373 2820 ginem
400 2786 509 2820 quidem
528 2790 601 2813 recte
624 2785 677 2812 diei
695 2784 899 2812 immaculatam
918 2785 1075 2817 admittunt,

1134 2309 1164 2326 σε
1182 2301 1373 2337 μακαρίζομεν
1392 2302 1507 2334 πιστῶς.
1523 2303 1571 2329 καὶ
1592 2302 1743 2337 δοξάζομεν
1771 2302 1880 2334 σεπτῶς
1892 2303 1922 2328 al

1132 2345 1224 2378 γενεαὶ
1238 2347 1339 2380 γενεῶν
1358 2347 1398 2378 εὶς
1412 2347 1475 2378 τοὺς
1491 2347 1721 2382 αίῶνας.,“Αμήν.

1131 2470 1337 2507 conceptionem
1354 2475 1443 2507 tamen
1468 2476 1568 2507 negant
1579 2472 1721 2500 dicendam
1734 2481 1797 2502 esse
1824 2476 1922 2502 imma-

1129 2505 1260 2543 culatam.
1277 2505 1344 2543 Nam
1365 2507 1388 2534 si
1403 2506 1485 2543 Virgo
1501 2505 1542 2534 est
1563 2509 1747 2541 immaculata,
1766 2517 1833 2543 ergo
1850 2518 1921 2536 tton-

1129 2547 1211 2574 quam
1228 2541 1369 2578 inquinata
1389 2546 1431 2568 est
1451 2542 1505 2569 ulla
1523 2544 1629 2570 macula
1649 2544 1731 2570 etiarn
1748 2541 1875 2578 originali
1893 2545 1920 2571 iu

1129 2576 1327 2615 εοιιοεριὶοιιςξἸ
1355 2584 1418 2615 cum
1441 2577 1588 2615 conceptio
1614 2586 1670 2615 non
1695 2579 1729 2606 sit
1761 2576 1918 2614 subjectum

1130 2610 1245 2637 maculae
1261 2610 1413 2644 originalis.
1447 2613 1493 2639 sed
1515 2613 1549 2639 sit
1566 2614 1638 2640 actio
1665 2619 1776 2641 nectens
1797 2610 1918 2642 animam

1131 2646 1251 2683 corpori,
1281 2647 1322 2683 vel
1345 2647 1496 2683 utriusque
1527 2648 1603 2679 uuio,
1639 2649 1665 2674 in
1692 2657 1745 2683 qua
1764 2657 1817 2676 non
1847 2651 1920 2675 cadit

1132 2681 1249 2713 macula,
1272 2681 1319 2707 sed
1345 2682 1371 2708 in
1394 2682 1525 2713 animam,
1558 2688 1638 2716 prout
1674 2681 1844 2711 substautcm
1882 2685 1918 2710 illi

1132 2716 1234 2754 actioni
1257 2716 1298 2754 \_'cl
1314 2717 1498 2750 conceptioni.
1511 2717 1582 2754 .\"ide
1600 2717 1629 2744 P.
1646 2718 1828 2754 Theophilum
1850 2719 1921 2754 Rav-

1131 2751 1288 2788 naudum‘in
1297 2758 1378 2788 opere
1389 2757 1551 2788 praenotata:
1562 2752 1657 2788 il’ielas
1670 2751 1850 2788 Lugdunensis
1858 2751 1918 2788 erit:

1132 2786 1334 2813 immaculatum
1353 2785 1395 2813 Β(
1420 2786 1535 2822 Viryinis
1552 2785 1765 2823 Conteptionem.
