2075 3154
185 162 250 195 1381

888 162 1007 192 MARIA
1014 162 1068 192 LE.

1741 167 1810 198 i382

1267 243 1383 250 _—.

626 300 804 330 EIUSDEM
828 301 859 330 S.
880 301 1043 331 JOSEPHI
1066 301 1365 332 HYMNOGRM’HI

780 370 1126 416 THEOTOCIA
1163 362 1224 404 (⁵1)

535 447 609 480 Sive
633 447 856 478 Allocutioues
879 447 918 478 ad
942 448 1064 479 beatam
1079 449 1247 488 Virginem
1274 431 1454 489 Deiparam.

339 531 381 558 Ea:
394 539 493 558 canone
509 530 582 564 feria:
594 538 613 558 ti
630 529 707 557 hebd.
725 537 742 556 ii
756 529 808 564 (α).

215 580 284 607 Cum
297 578 438 606 Christum
454 585 484 604 ex
499 576 618 604 mortuis
639 576 789 604 secundum
801 582 912 602 carnem
926 582 969 602 re-

180 629 336 660 surgentem
358 623 485 654 vidisses,
498 629 514 649 ο
531 622 578 648 Dei
603 621 731 656 genitrix,
747 621 895 656 gaudebas.
916 620 969 647 Sed

180 678 251 698 nunc
269 677 332 697 cum
355 668 453 696 aﬂeetu
478 668 511 694 ad
535 673 562 694 te
584 667 683 698 clamo,
702 675 719 694 υ
739 672 827 699 casta,
849 666 969 701 gratula-

180 717 300 747 bundus,
315 718 345 741 ut
368 713 495 740 eumdem
521 713 677 747 depreceris
701 716 731 739 ut
749 711 815 738 uiilii
837 713 970 739 concedat.

181 761 208 788 in
224 761 316 788 futuro
338 759 439 786 szrculo
463 759 584 785 divinam
607 762 682 785 tuaiu
703 758 912 785 advocationem
936 765 969 785 ac

179 806 364 842 patrocinium
382 805 512 840 reperire.

215 852 244 879 In
258 852 330 879 ulnis
341 852 431 878 ferens
445 850 584 878 Christum
594 857 626 877 ex
637 854 662 877 te
675 853 860 884 corporatum,
875 849 967 884 Virgo,

179 899 268 934 ipsum
285 905 351 933 roga
367 902 396 924 ut
406 897 478 924 ulnis
492 904 534 923 me
554 895 665 930 colligat
677 903 750 922 nunc
769 899 905 921 errantem
922 902 969 929 per

178 944 270 971 omnia
285 943 401 977 abrupta
422 942 494 974 vita},
515 949 547 969 ac
561 941 663 976 passim
678 940 802 975 quotidie
823 948 870 975 per
884 940 970 975 negli-

177 989 297 1024 gentiam
316 988 509 1015 olfeusantem.

210 1033 291 1069 323
314 1032 489 1067 Obstupeseit
507 1031 652 1058 universus
673 1030 759 1063 orbis,
781 1030 907 1061 Domina.
934 1030 967 1057 ad

177 1078 343 1114 cogitatione
360 1077 487 1113 superius
514 1077 676 1113 mysterium
702 1081 798 1111 partus
814 1076 865 1103 tui.
889 1075 967 1103 Paris

176 1124 248 1152 enim
259 1123 462 1150 Emmaniielem
474 1130 535 1150 vere
545 1122 628 1150 Deum
639 1122 966 1156 immaculatissima(52),

177 1168 358 1202 eumdemque
380 1171 489 1202 propter
516 1174 566 1194 uos
582 1167 729 1200 hominem,
747 1167 794 1202 qui
809 1173 891 1194 cruce
916 1173 966 1194 sua

178 1214 259 1242 solvit
281 1213 451 1248 tyrannidem
470 1212 576 1240 mortis.

346 1257 388 1285 Ea:
405 1265 502 1284 canone
518 1257 592 1291 ferit?
608 1264 638 1284 iii
654 1255 730 1285 liebd.
747 1266 777 1285 ιι.

211 1304 233 1331 Ο
255 1303 400 1331 miracula!
416 1310 434 1330 o
461 1307 573 1338 stupore
596 1303 705 1337 plenum
730 1302 873 1330 nuntium!
887 1301 963 1330 Paris

175 1350 248 1378 enim
264 1357 346 1377 carne
359 1349 455 1381 Deum,
468 1349 513 1383 qui
524 1348 605 1376 solvit
617 1349 711 1376 mortis
724 1348 841 1381 vincula,
854 1353 881 1375 et
899 1355 961 1375 cor-

176 1396 302 1431 ruptione
316 1395 441 1423 homines
454 1395 593 1428 liberavit,
611 1394 693 1430 Virgo
708 1395 779 1429 apud
796 1393 880 1422 Deum
901 1402 962 1429 gra-

177 1443 337 1470 tiosissima.

211 1487 278 1516 Viso
293 1495 372 1522 quem
382 1486 511 1522 peperisti
527 1486 582 1514 Deo
596 1494 658 1514 cum
675 1491 828 1520 resurgeret
839 1494 871 1514 ex
887 1494 962 1514 mor-

178 1535 244 1566 tuis,
260 1534 411 1570 apparuisti
434 1533 534 1569 gaudio
549 1532 640 1567 plena,
664 1531 745 1568 Virgo
760 1531 843 1559 Maria
861 1541 867 1559 :
884 1532 961 1559 illum

213 1604 320 1640 (5t).ln
347 1608 503 1640 pet-vetusto
524 1603 623 1640 codice
638 1602 963 1640 pergamenaceoiGrtece

177 1637 228 1668 ms.
241 1637 421 1667 celeberrimae
429 1638 597 1666 bibliothecae
607 1637 760 1665 Bai-bei'i’nae
775 1646 803 1665 n.
819 1639 879 1670 118.
893 1646 963 1672 βικ-

177 1680 217 1702 ter
233 1675 371 1702 'l'riodium
387 1674 432 1709 (de
444 1682 499 1708 quo
510 1681 591 1707 supra
607 1672 737 1709 diximus)
761 1681 853 1709 apag.
862 1673 921 1700 ,217
936 1679 964 1701 et

176 1711 314 1744 deinceps,
339 1707 427 1736 exstat
443 1707 514 1736 aliud
536 1708 691 1744 Triodiuui.
711 1707 790 1744 quod
813 1707 908 1743 incipit
929 1709 962 1737 ab

177 1743 381 1779 Autipa’schate
394 1744 452 1778 (seu
467 1744 500 1770 ab
514 1749 616 1779 octava,
630 1743 761 1779 Pascha;
790 1743 918 1779 nimirum
946 1752 961 1771 a

178 1777 273 1807 feria-2
300 1783 360 1814 post
377 1778 545 1814 Dominicam
563 1778 589 1804 iii
604 1777 691 1808 Albis)
715 1785 807 1814 usque
817 1779 850 1805 ad
867 1778 961 1805 Domi-

981 535 1004 563 Α
1019 530 1102 565 igitur
1118 538 1177 562 ora,
1195 531 1287 566 Virgo.
1309 537 1338 559 ut
1352 540 1385 559 ex
1403 533 1486 561 corde
1507 539 1602 562 nostro
1615 535 1736 563 dolorem
1763 544 1810 571 pe-

1021 576 1094 603 nitus
1111 584 1220 603 omiiem
1238 577 1387 612 abstergat.

1056 621 1160 649 Lumen
1190 623 1364 650 inocciduum
1390 624 1535 658 splendens
1555 633 1588 652 ex
1606 627 1720 654 mortuis
1746 635 1807 655 eum

1022 667 1151 700 vidisses,
1168 669 1267 703 gaudio
1283 670 1384 703 repleta
1398 677 1428 697 es
1445 678 1554 705 magno,
1569 677 1595 698 et
1610 674 1754 706 congavisa
1767 682 1807 705 es,

1024 711 1118 746 Virgo,
1137 714 1321 741 sanctissimis
1340 715 1494 749 discipulis,
1521 725 1583 744 cum
1604 719 1705 753 quibus
1729 721 1808 747 nobis

1020 757 1136 792 impetra
1164 760 1353 787 remissionem
1385 761 1625 791 innumerabilium
1654 765 1807 800 culparum,

1019 803 1133 839 Deipara
1153 805 1235 832 tutela
1253 805 1384 833 ﬁdelium.

1194 849 1235 876 Ea:
1252 858 1351 877 canone
1366 851 1441 885 feria:
1455 859 1481 879 tv
1498 853 1574 880 hebd.
1593 862 1623 881 ii.

1056 893 1184 928 Spectata
1198 902 1228 922 es
1249 896 1376 929 superior
1393 897 1507 930 angelis,
1521 905 1583 924 cum
1609 897 1692 925 Deum
1711 907 1808 935 corpo-

1019 945 1110 965 rasses
1130 939 1292 966 cruciﬁxum
1317 940 1466 974 sepultum,
1488 946 1515 968 et
1542 944 1659 970 mortuis
1680 944 1807 971 incorru-

1018 985 1151 1018 ptionem,
1168 992 1184 1011 ο
1202 985 1293 1019 Virgo,
1313 985 1493 1020 largientem:
1511 986 1596 1020 Quem
1616 989 1762 1024 deprecare
1779 994 1808 1017 ut

1019 1033 1108 1056 servet
1120 1037 1170 1057 nos
1183 1029 1323 1057 laudantes
1334 1035 1370 1059 te.

1054 1074 1217 1102 Mortilicato
1239 1080 1311 1109 tuus,
1332 1084 1349 1103 υ
1372 1075 1465 1112 Virgo,
1490 1076 1574 1106 Filius
1599 1078 1715 1111 inferno,
1733 1081 1806 1107 sient

1018 1121 1190 1155 praedixerat,
1205 1129 1219 1148 c
1235 1122 1350 1149 mortuis
1365 1123 1494 1150 surrexit.
1511 1123 1588 1158 Illum
1602 1131 1660 1158 ora,
1674 1130 1727 1152 uta
1743 1133 1806 1160 pec-

1017 1165 1069 1193 cati
1105 1171 1133 1193 et
1158 1167 1283 1201 supplicii
1306 1168 1425 1202 pernicie
1441 1168 1536 1196 liberet
1557 1177 1652 1197 omnes
1667 1171 1713 1205 qui
1730 1172 1763 1197 ad
1779 1176 1805 1198 te

1017 1211 1044 1238 in
1060 1211 1114 1239 ﬁde
1129 1212 1260 1240 clamant.

1053 1258 1239 1286 Laetissimum
1265 1263 1363 1289 totum.
1388 1258 1475 1286 forma
1501 1259 1752 1295 incomparabilem,
1776 1268 1805 1289 ut

1018 1304 1122 1339 Sponsa
1147 1305 1317 1339 conspicata,
1344 1304 1428 1339 Virgo
1456 1313 1470 1332 e
1502 1307 1598 1333 tumuli
1629 1307 1750 1334 thalamo
1775 1309 1803 1335 iu

1016 1358 1098 1378 carne
1120 1352 1323 1385 procedentem,
1338 1350 1439 1386 gaudio
1458 1352 1560 1386 repleta
1578 1360 1616 1380 rs.
1633 1353 1719 1386 Quem
1736 1363 1803 1389 sup-

1017 1397 1087 1431 pliea
1105 1401 1134 1424 ut
1149 1397 1325 1431 corruptione
1343 1405 1375 1424 ac
1386 1405 1466 1432 paena
1479 1406 1529 1426 nos
1545 1399 1652 1426 liberet.

1138 1442 1220 1478 324
1238 1443 1279 1470 Ea:
1294 1451 1395 1470 canone
1416 1444 1491 1478 ferite
1509 1452 1523 1470 v
1538 1444 1613 1471 hebd.
1632 1453 1662 1472 ιι.

1057 1488 1107 1521 Qui
1126 1493 1151 1516 te
1178 1493 1207 1516 ut
1232 1489 1362 1524 templum
1387 1491 1599 1524 pulcherrimum
1618 1491 1738 1518 condidit
1757 1491 1804 1519 Je-

1017 1542 1065 1562 sus
1082 1535 1149 1570 (55),
1165 1534 1220 1561 liex
1238 1534 1385 1568 maximus,
1396 1536 1562 1564 descendens
1573 1536 1598 1563 in
1611 1535 1713 1564 inferos
1726 1542 1802 1565 tene-

1017 1605 1139 1642 hendat;
1173 1606 1331 1641 frequenter
1354 1611 1444 1634 tamen
1467 1607 1537 1634 idem
1551 1607 1687 1642 Iosephus
1715 1608 1802 1642 ipsam

1017 1641 1046 1677 lt.
1063 1640 1203 1677 ‘Virginem
1221 1640 1303 1669 etiam
1332 1642 1592 1669 immaculatissinun
1609 1640 1687 1669 titulo
1709 1640 1802 1677 appel-

1017 1675 1101 1712 lavit,
1112 1675 1140 1712 ut
1155 1677 1499 1712 perspicue-intelligatur,
1515 1678 1639 1704 eamdem
1658 1677 1687 1703 Β.
1709 1675 1800 1711 Virgi-

1015 1718 1078 1737 nem
1090 1710 1175 1738 luisse
1191 1710 1308 1738 iu'omni
1323 1710 1422 1746 genere
1435 1719 1541 1746 puram,
1556 1719 1586 1739 ac
1601 1719 1709 1739 omnem
1726 1710 1802 1746 puri-

1015 1749 1098 1772 tatem
1131 1746 1288 1780 possibilem
1333 1747 1473 1781 attigisse,
1506 1754 1588 1780 quam
1629 1755 1801 1780 nequaquam

1015 1780 1158 1815 attingere,
1182 1782 1204 1809 si
1235 1780 1420 1815 impuritatém
1448 1781 1608 1815 originalem
1633 1781 1801 1809 admisisset.

178 1815 265 1841 uicani
289 1812 411 1850 omnium
424 1813 599 1841 Sanctorum.
619 1820 679 1845 qua:
698 1814 771 1850 apud
789 1812 897 1850 Griecos
920 1813 1000 1842 estC
1017 1812 1098 1841 Huic'
1106 1814 1249 1843 Mattlucus
1262 1812 1469 1843 Cantacuzeiius
1493 1812 1641 1850 imperator
1668 1817 1695 1842 in
1711 1817 1801 1843 Canti-

177 1850 262 1884 priina
283 1853 343 1883 post
355 1847 555 1879 Peutccostem,
575 1854 638 1884 cum
664 1854 712 1884 sua
729 1846 897 1884 hebdomade
914 1855 963 1884 Ase-

176 1881 268 1919 queuti
281 1881 288 1910 ξ
302 1887 528 1919 ὓῐ,])1·3ὶιι;ι“ιιυὶὶιιι
546 1881 661 1919 quod_iu_
680 1881 836 1919 ips‘o‘titulo
854 1882 963 1919 praefert

176 1915 314 1946 auctorem
338 1915 495 1951 Josepliuin,
510 1924 596 1943 canon
613 1915 687 1951 (cria:
713 1915 729 1941 2
746 1915 920 1951 hebdomadis
935 1917 962 1948 Ξ,

178 1956 249 1980 hanc
260 1953 339 1980 habet
360 1950 570 1980 acrbstichidem
585 1959 592 1978 :
612 1950 690 1977 Caitit
703 1950 762 1986 ista
782 1950 890 1986 Josep/i.
906 1950 963 1979 Hoc

177 1989 316 2016 ’l‘riodiuui
332 1988 413 2023 (quod
441 1994 572 2023 tauquam,
595 1985 829 2023 pretiosissimum,
850 1987 962 2023 thesau-

177 2031 236 2050 rum
253 2023 320 2050 milii
336 2021 437 2050 detexit
454 2024 493 2049 vir
509 2021 688 2052 clarissimus,
706 2028 720 2047 a
735 2027 777 2047 me
793 2021 873 2053 alias,
899 2021 962 2048 licet

178 2066 231 2085 non
249 2065 297 2092 pro
311 2058 426 2089 meritis,
441 2058 572 2092 laudatus
582 2056 640 2092 Leo,
651 2055 767 2092 Allatius
780 2061 808 2092 et
824 2055 859 2092 ι).
875 2054 963 2092 Caro-

178 2094 218 2120 lus
236 2090 376 2124 MDI'OIIUS,
404 2091 612 2119 eminentissimi
625 2090 656 2116 D.
667 2090 806 2118 Francisci
821 2090 960 2118 Barbcriiii

179 2129 209 2156 S.
230 2128 263 2155 ιι.
282 2127 311 2154 Ε.
324 2127 470 2155 cardinalis
484 2127 542 2154 vice
552 2125 707 2153 cancellarii
723 2126 960 2159 bibliotliecarius,

177 2164 218 2189 vir
232 2163 450 2195 eruditissimus,
464 2167 490 2188 et
505 2169 558 2187 non
571 2161 657 2187 solum
673 2161 706 2187 de
720 2168 773 2194 me,
788 2162 835 2188 sed
853 2161 886 2188 de
899 2161 960 2194 plu-

181 2198 235 2225 mis
255 2197 541 2227 liomiiiibuseruditis
555 2196 656 2230 optime
668 2196 793 2228 meritus,
805 2201 831 2223 et
843 2203 960 2228 merens,

178 2233 243 2259 mihi
266 2233 463 2260 humanissime
482 2231 704 2264 communicavit)
722 2237 818 2264 praeter
840 2239 960 2259 cantiues

177 2269 258 2294 trium
282 2268 393 2295 odarum
413 2267 422 2303 (
437 2275 451 2294 a
474 2266 573 2301 quibus
591 2265 732 2303 Tri_odiui_ii_
746 2266 959 2301 denominatur),

177 2304 258 2330 habet
285 2304 366 2329 etiam
389 2300 508 2329 ςείιιοιιιὲε
525 2301 684 2331 tetraodios.
708 2300 734 2327 id
764 2307 805 2336 est
830 2307 958 2336 quatuor,

177 2345 210 2364 ne
225 2345 344 2365 canones
368 2338 497 2372 integros.
518 2344 614 2372 novem
640 2336 765 2363 odarum.
792 2335 825 2372 ιιι
841 2335 905 2363 licet
932 2337 958 2362 in

176 2379 209 2399 co
224 2373 347 2407 quaedam
363 2374 417 2399 siut
431 2371 502 2398 'lolia
532 2371 664 2402 abscissa,
680 2377 762 2404 atque
776 2371 875 2407 alicubi
892 2371 959 2407 cliaf

176 2405 264 2434 racter
281 2407 316 2434 ob
330 2407 519 2441 antiquitatem
540 2407 576 2433 ita
593 2411 780 2439 consumptus.
796 2411 826 2433 ut
848 2406 890 2433 vix
909 2405 958 2441 legi

175 2443 272 2476 possit,
288 2442 443 2469 Tlicotociis
459 2447 560 2472 tamen,
577 2449 637 2476 qua:
649 2445 847 2474 remanserunt,
865 2447 891 2468 et
906 2441 957 2475 legi

175 2475 331 2512 potuerunt,
351 2478 489 2504 Lectoreiu
511 2477 630 2504 lraudari
651 2485 703 2503 uoti
717 2484 776 2503 sum
787 2484 896 2511 passus,
912 2475 957 2503 sed

175 2521 218 2544 ea,
233 2518 261 2539 ut
280 2513 411 2540 Marianis
427 2512 578 2539 cultoribus
601 2513 772 2546 prodessent,
805 2520 837 2538 ex
860 2512 959 2546 praedi-

176 2553 227 2574 ctis
255 2549 407 2575 canonibiis
435 2547 549 2574 lidclitcr
578 2553 714 2581 excerpta,
753 2552 780 2574 et
812 2547 909 2581 partim
945 2553 960 2572 a

176 2581 204 2608 Ρ.
215 2583 295 2610 Petro
311 2582 426 2609 l’ossino
442 2590 500 2609 soc.
511 2581 574 2610 .lesu
592 2582 715 2616 theologo
733 2582 790 2608 viro
801 2581 960 2616 doctissimo

176 2625 207 2644 ac
226 2619 422 2650 cruditiSsimo,
435 2619 532 2652 partim
554 2625 618 2643 vero
632 2625 647 2643 a
664 2615 694 2643 ΡΣ
707 2616 843 2643 Ludovico
855 2615 960 2643 Marac-

136 2661 138 2663 ·
175 2652 219 2679 cio
242 2653 326 2680 fratre
354 2651 475 2685 iueofdc
491 2653 585 2680 (ἧι-ςκρο
603 2661 629 2679 in
655 2651 779 2678 Latinum
805 2658 958 2679 sermonem

176 2690 320 2720 translata,
341 2696 423 2723 supra
436 2688 461 2714 iu
477 2687 529 2715 hoc
543 2695 624 2722 opere
638 2687 748 2714 exhibui
763 2696 770 2714 :

212 2723 280 2757 (52).
313 2720 386 2750 Licet
411 2731 459 2750 vox
486 2720 671 2754 immaculata,
697 2722 845 2756 saepissime
875 2728 889 2747 a
913 2720 960 2747 Jo-

176 2759 261 2792 seplio
278 2764 370 2785 nostro
384 2758 412 2785 B.
431 2758 532 2793 Virgini
550 2758 660 2789 triliuta,
676 2762 703 2785 et
724 2757 794 2791 quod
813 2757 954 2793 sit_uega-

176 2791 240 2824 tiva,
275 2799 301 2820 et
342 2794 419 2827 juxta
460 2791 516 2821 suae
552 2793 759 2828 signiﬁcationis
792 2791 958 2825 amplexum,

177 2829 260 2855 totius
272 2836 303 2856 ac
317 2830 461 2862 cujuslibet
475 2831 588 2856 macula:
619 2828 766 2855 carentium
782 2829 960 2860 comprehen-

1016 1857 1080 1885 cuin
1107 1850 1275 1885 canticorum
1303 1851 1418 1877 ﬁrmiter
1448 1851 1590 1877 atlas-rcus
1620 1850 1649 1878 Β.
1680 1851 1798 1885 Virginis

1018 1883 1092 1910 totali
1119 1885 1230 1916 puritati
1252 1883 1338 1918 Super
1366 1885 1582 1916 immaculatum,
1603 1885 1681 1919 quasi
1710 1883 1802 1913 dicere

1015 1919 1130 1946 voluerit
1150 1919 1304 1946 ascendisse
1333 1927 1414 1952 supra
1430 1927 1538 1946 omnem
1564 1921 1707 1953 puritatem
1723 1928 1801 1946 crea-

1015 1957 1081 1989 tam,
1107 1954 1197 1980 adhuc
1214 1955 1285 1989 ultra
1313 1954 1448 1989 justitiam
1483 1954 1563 1980 etiam
1592 1954 1762 1985 originalem,
1776 1956 1799 1981 si

1014 1987 1070 2022 ﬁeri
1099 1993 1199 2022 posset.
1231 1987 1320 2015 Favet
1340 1989 1368 2015 S.
1384 1988 1549 2016 Eustarliius
1570 1988 1756 2016 Antiochenus
1773 1990 1799 2015 in

1012 2021 1213 2055 Hexaeiiierou,
1230 2024 1293 2050 dum
1316 2024 1352 2050 ibi
1381 2022 1518 2056 Virginem
1534 2024 1652 2057 appellat
1667 2024 1799 2050 Acrantas

1013 2065 1073 2091 quae
1087 2058 1169 2085 dictio
1196 2063 1239 2085 est
1255 2059 1337 2085 totius
1364 2058 1489 2092 puritatis
1512 2066 1545 2085 ac
1572 2058 1661 2085 omnis
1687 2059 1800 2085 inaeulie

1013 2093 1179 2128 exeliisionis
1194 2093 1386 2128 sigiiiﬁcativa.
1411 2093 1582 2127 Quapropter
1606 2093 1646 2119 vir
1671 2093 1800 2120 eruditis-

1013 2129 1102 2163 simus
1120 2127 1173 2155 Lco
1183 2127 1298 2155 Allatius
1312 2129 1371 2163 ejus
1401 2129 1535 2162 interpres
1551 2133 1578 2154 et
1600 2132 1800 2154 commentator

1012 2162 1078 2189 dicit
1092 2163 1163 2197 quod
1190 2162 1334 2197 signiﬁcat,
1349 2165 1420 2198 quod
1449 2163 1515 2189 Tata
1536 2163 1647 2196 pale/ira
1674 2167 1723 2198 est,
1752 2170 1798 2189 nec

1012 2197 1096 2223 ullum
1137 2198 1256 2224 admittit
1293 2197 1399 2224 omnino
1437 2197 1581 2225 maculant.
1614 2197 1646 2224 Et
1681 2197 1798 2223 Lexieon

1012 2233 1206 2266 locupletatum
1222 2242 1236 2259 a
1246 2233 1336 2260 Budeo
1351 2234 1436 2264 ducit,
1452 2236 1523 2267 quod
1542 2234 1675 2267 signiﬁcat
1688 2241 1694 2259 :
1714 2231 1798 2267 Λξιιιιιι

1011 2265 1135 2301 aspersus
1164 2269 1282 2300 macula,
1321 2268 1400 2294 nulla
1429 2265 1551 2294 labecula
1570 2265 1695 2294 notatus.
1733 2265 1799 2294 Vide

1011 2300 1247 2338 Nicreiubergium
1263 2304 1289 2330 in
1302 2302 1515 2338 Exceptionibus
1527 2310 1587 2337 cap.
1600 2302 1616 2330 6
1628 2308 1653 2329 et
1670 2302 1714 2328 15.

1050 2370 1117 2405 (53).
1132 2370 1203 2398 SiB.
1224 2370 1306 2406 Virgo
1331 2375 1360 2398 ut
1393 2371 1522 2405 iemplum
1551 2370 1766 2404 pulcherrimum
1782 2377 1798 2396 τ

1010 2405 1065 2432 Deo
1088 2412 1129 2432 est
1156 2405 1283 2436 condita;
1307 2406 1382 2433 nullo
1405 2407 1485 2440 paeto
1527 2407 1591 2433 dum
1621 2405 1798 2434 conderetur,

1011 2441 1079 2467 idest
1103 2441 1167 2467 dum
1183 2442 1382 2476 conciperetur,
1397 2441 1534 2468 contraxit
1557 2441 1687 2476 eiiginale
1703 2448 1800 2476 pecca-

1012 2481 1081 2506 tum,
1100 2477 1171 2509 quod
1184 2484 1237 2502 non
1272 2477 1360 2503 solum
1389 2483 1498 2503 onmem
1529 2481 1637 2502 amovet
1653 2475 1688 2502 ab
1705 2475 1798 2501 anima

977 2511 998 2538 ὓ
1013 2511 1250 2545 pulchritudinem,
1267 2510 1314 2537 sed
1327 2518 1387 2538 eam
1402 2511 1518 2545 riuacula
1553 2510 1633 2537 inﬁcit
1656 2515 1738 2545 atque
1750 2510 1798 2535 dc—

1014 2544 1113 2579 turpat.
1127 2545 1196 2572 Hinc
1208 2545 1328 2572 Thomas
1339 2545 1372 2572 de
1387 2544 1497 2579 Krmpis
1513 2553 1594 2572 serui.
1606 2545 1642 2572 25
1669 2547 1701 2571 ad
1718 2544 1798 2570 Novi-

1016 2582 1067 2607 tios
1082 2581 1119 2606 ait
1141 2589 1147 2606 :
1170 2591 1178 2606 ι
1213 2581 1358 2614 Spirituale
1382 2580 1428 2606 Dei
1454 2580 1608 2614 Templum,
1649 2580 1720 2612 quod
1756 2583 1798 2614 est

1011 2615 1041 2642 Β.
1062 2614 1142 2650 Virgo
1158 2613 1241 2642 Mariti
1255 2615 1289 2642 ab
1319 2615 1394 2642 omni
1420 2615 1481 2642 labe
1506 2613 1585 2649 pura,
1604 2621 1685 2649 supra
1705 2613 1799 2650 omnia

1013 2647 1283 2683 templa'sanetorum
1300 2651 1432 2684 praanilet.
1454 2660 1462 2675 ι
1483 2647 1535 2677 Séd
1558 2647 1660 2683 optime
1675 2650 1704 2675 5.
1729 2647 1797 2684 Gre-

1012 2682 1106 2719 gorius
1121 2682 1310 2713 Nazianzenus
1333 2685 1359 2712 iii
1375 2685 1460 2720 Epist.
1478 2686 1511 2712 ad
1537 2682 1704 2720 Neinesiuui,
1732 2682 1797 2709 dum

1012 2719 1100 2754 inquit
1118 2729 1125 2747 :
1144 2730 1170 2757 «ῃ
1187 2721 1214 2747 In
1232 2722 1380 2757 multorum
1398 2719 1552 2757 ⁷ιιιιιιιὶιιιιιιι
1579 2727 1626 2757 ore
1651 2719 1695 2744 hic
1707 2724 1798 2757 se‘ruio

1011 2751 1143 2787 versatur,
1157 2755 1242 2782 Deum
1253 2756 1402 2787 hominem,
1419 2756 1444 2782 id
1457 2759 1511 2788 est,
1524 2753 1716 2791 Christuiuziex

1011 2791 1081 2825 ginis
1094 2791 1155 2817 siuu
1169 2795 1259 2817 ortum
1272 2799 1344 2824 esse,
1357 2798 1450 2825 quem,
1464 2791 1490 2817 id
1509 2795 1548 2816 cst
1564 2789 1653 2825 sinuin
1665 2788 1798 2821 Virginis,

1012 2824 1130 2861 Spiritus
1146 2831 1268 2858 sanctus,
1289 2834 1349 2852 cutn
1365 2824 1409 2853 Dei
1422 2825 1512 2860 magni
1524 2824 1628 2865 templo
1650 2829 1797 2856 coagmen-

207 2885 243 2918 (ιι)
262 2884 307 2909 Hic
319 2891 405 2916 canon,
417 2888 444 2911 ut
457 2885 498 2909 alii
511 2885 573 2910 intra
589 2885 712 2916 nonnulli,
725 2884 809 2910 Grece
820 2890 869 2908 non
882 2886 962 2908 exstat
974 2883 998 2908 in
1015 2882 1201 2908 Pentecostario
1212 2884 1360 2908 Graecorum.
