2075 3154
241 186 309 218 1381

801 180 834 211 5.
852 176 1009 210 JOSEPHI
1025 170 1304 205 HYMNOGRAPHI

1794 165 1864 198 1388

241 248 270 270 ut
286 244 411 277 superius
425 239 569 268 ordinibus
587 236 730 266 manifeste
747 235 924 266 sanctiorem,
938 238 966 261 et
981 232 1025 260 di-
1041 236 1064 264 Α
1078 235 1104 258 et
1120 228 1354 277 perturbationum
1376 224 1506 277 procella,
1523 229 1550 252 et
1564 223 1683 253 tenebris
1703 223 1864 259 laqueisque

240 279 332 315 \‘inum
349 293 458 323 pontem
481 284 711 314 transmittentem
725 281 856 310 mortales
877 280 910 308 ad
929 287 1026 315 super-

240 334 394 361 mundanos
406 333 522 364 choros,

272 379 354 406 Lucis
376 377 492 413 genitrix
507 376 600 412 Virgo,
614 375 706 403 divina
722 379 768 402 tua
785 372 846 401 luce
860 371 966 399 illustra
983 377 1029 398 co-

242 425 390 460 gitationes
417 428 525 451 nostras
539 427 566 450 et
587 422 670 450 corda
688 430 695 448 :
713 418 958 447 intercessionibus
974 416 1029 443 tuis

242 470 476 505 perturbationum
498 468 641 502 caliginem
658 467 806 501 dissipans,
821 469 848 491 et
867 470 963 491 omnes
982 469 1030 497 per

243 510 359 551 g'ratiam
375 515 524 550 participes
540 513 645 542 faciens
660 512 713 540 diei
729 518 842 546 vespere
860 508 992 537 carentis.

411 578 454 606 Ea:
469 586 566 606 canone
580 578 654 613 [evita
668 584 711 609 ιιι,
736 575 814 603 hebd.
829 581 870 602 ιιι.

282 634 380 663 Omnia
400 633 586 662 continentem
613 629 771 666 concepisti,
789 627 962 656 immaculata
978 626 1032 654 Do-

243 682 327 710 mina.
339 680 408 707 Eum
420 679 467 715 qui
482 678 610 707 contrivit
625 681 718 712 portas
729 674 821 707 inferi,
837 678 864 702 et
875 673 923 709 qui
937 680 1031 700 resur-

245 728 325 759 rexit,
343 728 415 755 sicut
427 725 543 757 dixerat,
559 725 604 752 die
617 724 710 752 tertio.

279 773 319 800 Tu
337 781 366 800 es
377 771 500 800 omnium
518 771 573 798 vita
590 779 596 798 :
613 775 641 798 tu
653 771 788 802 vivorum,
803 773 830 796 et
849 771 1032 799 mortuorum,

244 819 408 850 consolatio,
422 826 439 845 ο
456 817 584 849 Verbum,
596 816 737 853 gaudium,
750 819 777 842 et
789 813 963 846 illuminatio,
973 821 1034 849 quae

244 865 371 893 eﬂnlsisti
393 872 427 891 ex
444 863 567 898 Virgine,
583 867 611 889 et
628 862 672 889 die
700 861 779 889 tertia
803 860 938 896 gloriosus
955 867 970 887 e
990 867 1034 887 se-

245 912 340 947 pulcro
356 909 540 938 resurrexisli.

282 957 348 985 Viso
362 965 377 984 e
390 956 507 984 mortuis
520 958 689 990 resurgente,
701 953 828 988 Deipara,
845 957 892 980 tuo
909 951 989 984 Filio,
1006 957 1035 980 et

248 1003 315 1035 Deo,
329 1003 432 1038 repleta
454 1009 484 1030 es
508 1001 606 1036 gaudio
630 999 721 1035 gaudii
740 999 892 1034 laetitiaque
910 999 1032 1026 omnium

247 1056 340 1076 causa.
371 1047 519 1082 Propterea
539 1045 620 1081 327
645 1050 671 1073 te
687 1045 808 1072 latenter
833 1044 923 1072 omnis
943 1044 1033 1071 anima

247 1094 379 1126 celebrat,
391 1097 418 1120 et
435 1092 568 1127 gloriﬁcat
583 1098 700 1126 semper,
715 1098 732 1118 ο
749 1090 839 1124 \‘irgo.

416 1146 459 1174 Ea;
476 1153 577 1173 canone
591 1145 666 1180 feriae
685 1152 721 1177 tv,
739 1144 814 1172 hebd.
829 1152 865 1172 Iv.

283 1203 396 1230 Gladius
411 1202 530 1229 animam
550 1206 634 1234 tuam,
658 1199 739 1234 Virgo
766 1199 951 1231 immaculata,
975 1206 1037 1234 per-

249 1249 367 1282 transiit,
397 1247 507 1283 quando
524 1246 664 1274 Christum
686 1246 761 1274 cruci
787 1246 895 1273 aﬂixum
924 1245 1035 1273 vidisti:

251 1295 402 1324 Exsultasti
413 1300 504 1322 autem
518 1293 643 1321 eumdem
659 1300 673 1321 e
685 1293 810 1328 sepulcro
820 1291 977 1327 conspicata
992 1299 1037 1319 re-

252 1343 384 1370 divivum.

287 1386 326 1414 Te
343 1385 514 1422 splendidam
531 1384 631 1412 nubem
644 1383 794 1419 spiritualis
808 1381 884 1414 solis,
902 1381 956 1409 Deo
975 1388 1038 1415 gra-

249 1434 370 1465 tissima.
390 1432 533 1460 laudantes
559 1431 750 1466 pradicamus.
769 1428 858 1456 Corda
872 1431 962 1454 nostra
979 1426 1038 1453 illit-

252 1481 337 1512 mina,
359 1478 486 1507 tenebras
505 1485 520 1505 e
541 1477 648 1504 cunctis
660 1475 797 1511 expellens
818 1473 999 1509 negligentiae,
1011 1474 1039 1499 et

252 1526 500 1562 perturbationum,
513 1531 529 1551 o
544 1523 590 1550 Dei
607 1523 723 1558 Sponsa.

287 1571 311 1600 0
337 1571 453 1599 maculas
471 1570 552 1606 plane
569 1569 660 1597 omnis
678 1575 775 1604 expers
801 1567 869 1603 (58),
891 1573 957 1602 roga
979 1565 1039 1593 sine

252 1617 457 1645 intermissione
469 1615 610 1643 Christum
620 1615 704 1642 Deum
713 1619 847 1646 nostrum,
858 1617 888 1641 ut
901 1620 947 1640 eos
956 1611 1002 1648 qui
1011 1615 1038 1639 te
1051 1605 1073 1635 ο

252 1673 359 1700 semper
379 1665 486 1691 beatam
508 1662 667 1697 praedicant,
684 1661 781 1689 liberet
801 1668 816 1689 e
841 1661 1035 1692 tentationum,

291 1742 348 1777 (58)
368 1740 513 1779 Deiparam
539 1738 675 1779 Virginem
700 1737 831 1779 Mariam,
846 1738 936 1779 omnis
957 1738 1039 1772 plane

254 1772 378 1808 maculae,
398 1772 479 1801 etiam
503 1772 649 1800 levissimae
662 1772 775 1807 lpcecati
791 1773 917 1805 actualis,
933 1780 1040 1807 semper

255 1816 394 1846 expertem
413 1809 515 1846 fuisse,
540 1813 617 1846 extra
643 1808 855 1846 controversiam
877 1813 918 1834 est
931 1808 1040 1846 ivalde

254 1841 328 1874 enim
342 1844 431 1872 decuit
445 1849 474 1871 ut
488 1844 543 1875 illa,
560 1843 603 1869 cui
621 1847 693 1869 tanta
709 1849 771 1869 cum
786 1842 896 1869 Christo
912 1841 1037 1874 aﬂlnitas,

256 1887 284 1910 et
301 1879 464 1915 coniunctio
475 1879 534 1909 fuit,
555 1878 630 1915 nullo
649 1884 767 1915 u_nqu_am
794 1877 908 1915 actualis
934 1877 1038 1911 peccati

257 1911 482 1945 etiam'venialis
520 1913 626 1940 macula
659 1911 740 1938 fuerit
772 1912 978 1944 contaminata,
1011 1917 1041 1940 ut

257 1951 364 1986 optime
382 1951 588 1986 argumentatus
605 1951 659 1986 _est
675 1946 706 1973 D.
722 1946 885 1986 _Tli_0t_nas_53
905 1954 929 1981 p.
945 1954 972 1981 q.
992 1947 1039 1979 27,

257 1981 285 2014 εξ
301 1987 328 2013 4.
346 1981 543 2018 Ergo'Deipara
556 1982 744 2018 multomagis
754 1981 833 2018 debet
849 1981 932 2009 fuisse
943 1989 1041 2018 expers

258 2029 274 2049 a
290 2016 397 2048 macula
418 2016 519 2053 peccati
538 2017 687 2053 originalis,
706 2016 1040 2053 cumlonge_magiside-

258 2057 355 2084 deceat
370 2050 545 2081 Dei-Matrem
564 2050 668 2079 uincula
684 2051 819 2082 mortalis.
836 2050 988 2085 cuiusuiodi
1001 2056 1042 2080 est

259 2095 401 2127 peccatum
419 2088 543 2127 originis,
557 2094 639 2127 quam
656 2086 763 2127 macula
784 2087 987 2127 veiiiali's,|qua
1002 2092 1042 2114 ta-

261 2121 340 2153 inetsi
366 2129 408 2151 est
428 2122 579 2150 voluntaria
600 2122 665 2156 (non
684 2123 747 2156 item
773 2121 941 2156 originalis),
952 2125 1042 2149 tamen

260 2160 376 2189 levicula
395 2163 447 2191 est,
463 2164 512 2184 nec
533 2155 669 2183 hominem
694 2164 708 2182 a
724 2155 779 2183 Deo
798 2156 906 2182 alienat.
930 2155 1044 2183 Praeter-

261 2204 345 2231 quam
359 2193 430 2231 quod
454 2200 487 2231 ex
511 2192 685 2231 immunitate
709 2191 823 2231 maeque
843 2190 963 2231 cujusvis
979 2199 1042 2231 pec-

260 2226 314 2258 cati
328 2226 441 2270 actualis
465 2227 492 2254 in
511 2226 637 2270 beipara,
654 2230 726 2270 recte
748 2226 864 2270 inferltur
883 2226 1044 2266 immunitas
1062 2243 1083 2270 Β

261 2274 278 2294 a
303 2265 408 2292 macula
439 2261 542 2297 peccati
565 2260 715 2297 originalis,
738 2268 771 2288 ex
805 2260 1046 2297 doctrinahniagni

262 2301 351 2328 Patris
378 2295 533 2332 Augustini,
559 2303 620 2330 qua:
644 2296 695 2322 fert
718 2300 826 2332 peccata
851 2295 968 2332 actualia
987 2303 1049 2332 esse

262 2335 381 2363 infelicia
411 2330 532 2367 germina
565 2332 668 2366 peccati
696 2330 854 2367 originalis,
881 2331 918 2357 ita
943 2335 972 2357 ιιι
993 2331 1049 2358 ubi-

263 2378 373 2405 cunque
396 2365 538 2405 peccatum
567 2365 677 2405 'actuale
705 2365 1049 2405 invenitur,praecesserit

263 2400 406 2440 originale,
421 2403 570 2440 ubi__autem
583 2401 664 2440 nulla:
675 2408 803 2440 unquam
811 2400 905 2440 sordes
920 2400 1046 2440 actualis,

264 2434 361 2468 sali'cm
385 2434 517 2469 venialis,
546 2436 728 2470 reperiuntur,
756 2434 874 2462 defuerit
903 2435 1045 2470 originale.

264 2476 303 2503 ita
318 2474 391 2502 enim
408 2472 529 2507 loquitur
542 2469 721 2506 Augustinus,
743 2470 792 2497 lib.
813 2477 828 2496 v
848 2474 939 2497 contra
954 2469 1047 2507 {utia-

265 2518 329 2539 num
344 2517 369 2536 ε.
382 2510 416 2536 9:
435 2505 452 2533 ἱ
468 2506 535 2534 lllud
550 2505 616 2533 sane
632 2513 759 2539 magnum
776 2512 925 2539 verumque
945 2505 1046 2538 dixisti,

266 2554 330 2575 cum
365 2544 503 2579 posuisses
527 2541 712 2579 testimonium
734 2540 864 2579 ‘Apostoli
896 2539 1046 2579 dicentis”:

266 2582 316 2615 Qui
331 2574 467 2615 peccatum
483 2584 534 2615 non
550 2574 788 2615 fecilinotandqm
804 2575 963 2615 essc,_quod
973 2574 1047 2615 judi-

267 2610 370 2645 ἔργει-ιι
399 2613 547 2648 Apostolus
575 2610 698 2638 suﬂicere
726 2610 760 2637 ad
794 2610 997 2648 ostendendum
1019 2610 1047 2637 in

265 2643 376 2681 Christo
391 2643 493 2676 tiu-llum
512 2646 598 2673 fuisse
612 2649 763 2681 peccatum,
782 2645 845 2681 quia
860 2644 928 2681 dixit
942 2643 1046 2681 nullum

267 2679 329 2718 eum
345 2686 441 2713 fecisse
454 2679 657 2717 peccatumJlt
672 2680 791 2718 doceret,
807 2680 908 2718 inquis,
922 2679 986 2718 quia
1001 2679 1047 2713 qui

268 2714 329 2753 non?
344 2722 417 2753 fecit,
435 2714 535 2746 habere
553 2724 606 2744 non
624 2716 722 2751 potuit,
743 2716 856 2753 omnino
867 2714 1046 2753 _veri_ssi_mum

266 2749 322 2788 €51.
334 2749 460 2785 Profecto
473 2753 546 2781 enim
563 2749 703 2788 peccatum
717 2752 798 2778 etiam
820 2750 908 2784 major
926 2749 1045 2788 fecisset,

268 2784 445 2828 girparvulus
461 2784 612 2828 habuisset.
636 2786 716 2827 Nam.
730 2789 872 2828 propterea
893 2784 1048 2828 ιιυίιξῗμεξξ

268 2818 424 2858 geminum,
442 2830 540 2860 praeter
560 2823 659 2857 ipsum,
673 2822 717 2856 qui
730 2818 872 2860 pec—catum
885 2827 938 2860 non
954 2818 1048 2860 fecerit

269 2853 423 2899 Era—itdioi'is'
442 2853 533 2899 lanatis
559 2853 770 2899 access-Iu,'qu_ia
784 2855 939 2899 nullusresLt
960 2853 1047 2899 horrui:

270 2889 347 2931 iiinii,
370 2889 467 2934 prater
490 2895 591 2929 ipsum,
612 2894 658 2928 qui
681 2889 820 2928 peccatum
845 2897 899 2918 non
921 2889 1047 2917 habuerit

1079 276 1210 304 insidiose
1224 272 1359 309 perplexis
1374 271 1486 299 diaboli.

1117 322 1248 348 Sanctum
1264 322 1423 346 sanctorum
1440 323 1522 350 supra
1534 315 1632 343 mentis
1644 318 1754 349 captum
1770 313 1864 348 genui-

1080 366 1126 398 sti,
1143 372 1160 392 ο
1173 365 1297 399 Deipara,
1309 362 1356 397 qui
1370 361 1623 392 sanetilicalionent,
1638 360 1865 394 redemptionem,

1080 416 1106 440 et
1121 410 1310 438 remissionem
1328 412 1501 443 peccatorum
1519 406 1655 436 ﬁdelibus.
1671 404 1709 432 Te
1721 404 1867 437 mediante,

1081 457 1216 490 concedit,
1231 457 1278 491 qui
1297 455 1371 482 illius
1382 452 1611 481 resurrectionem
1626 451 1789 487 gloriﬁcant.

1263 509 1306 537 Ea:
1316 517 1415 536 canone
1425 509 1498 544 ferite
1507 516 1534 538 v,
1548 507 1625 536 hebd.
1641 514 1681 534 ιιι.

1116 556 1220 584 Luctus
1233 556 1293 588 tibi,
1315 554 1490 582 immaculata
1506 553 1601 588 Virgo,
1617 559 1768 579 conversus
1784 555 1827 579 est
1840 551 1868 579 in

1082 602 1225 638 gaudium,
1241 601 1352 636 quando
1368 600 1458 628 vidisti
1475 604 1550 627 tuum
1561 598 1671 631 Filium,
1684 602 1710 626 et
1726 597 1868 625 Dominum

1081 649 1221 676 Christum
1237 655 1253 675 e
1267 646 1382 674 mortuis
1394 645 1438 674 die
1450 645 1529 673 tertia
1542 644 1659 680 gloriose
1670 647 1870 679 resurgentem,

1084 698 1112 722 et
1126 693 1259 720 mundum
1277 692 1487 719 illuminantem.

1118 737 1275 774 Apparuisti
1295 737 1424 772 capacior
1439 735 1527 766 caelis,
1544 742 1561 762 ο
1584 734 1678 769 Virgo.
1697 733 1782 761 Deum
1796 740 1872 761 eom-

1082 785 1172 820 plexa,
1186 784 1232 819 qui
1249 783 1301 811 sub
1318 788 1390 810 terra
1407 781 1487 809 condi
1502 780 1683 812 sustinuerat,
1699 782 1727 806 et
1743 779 1810 806 mira
1822 778 1870 806 bo-

1083 829 1168 858 nitate
1183 833 1268 856 morte
1289 828 1400 864 propria
1418 826 1651 854 immortalitatem
1672 825 1800 852 omnibus
1817 824 1870 851 lar-

1084 875 1156 908 gitus
1173 874 1271 907 luerat,
1291 880 1373 909 quem
1390 872 1434 908 pie
1450 872 1636 908 glorificantes
1655 876 1690 905 te,
1708 876 1738 898 ut
1755 878 1805 906 par
1815 873 1871 903 est,

1049 911 1070 938 Β
1084 921 1192 948 beatam
1209 919 1389 955 appellamus.

1175 965 1259 1001 328
1275 965 1317 992 Ea;
1333 972 1434 992 canone
1452 964 1481 991 in
1496 962 1642 991 Parasceue
1654 962 1730 990 hebd.
1745 969 1788 990 ιιι.

1113 1020 1205 1048 Sancti
1210 1019 1259 1047 lica
1267 1019 1347 1047 corda
1355 1018 1634 1051 nostra,sanctissima
1641 1017 1688 1044 Dei
1697 1024 1795 1052 sponsa
1803 1016 1870 1052 (59),

1085 1074 1147 1101 qua
1165 1065 1257 1093 vidisti
1277 1064 1484 1093 sanctissimum
1507 1064 1590 1092 Deum
1605 1062 1736 1095 Verbum,
1753 1070 1768 1090 e
1786 1066 1873 1089 morte

1086 1116 1285 1147 resurgentem,
1298 1116 1324 1139 et
1336 1111 1363 1138 in
1379 1110 1472 1139 laetitia
1482 1109 1606 1138 claniasti
1617 1108 1730 1137 :Omnis
1743 1109 1873 1136 substan-

1086 1158 1123 1185 tia
1135 1157 1226 1185 laudet
1241 1157 1397 1185 Dominum.

1120 1204 1289 1238 Apparuisti,
1304 1203 1388 1239 Virgo
1406 1203 1500 1235 Mater,
1522 1206 1621 1230 aurora
1639 1202 1712 1230 Solis
1728 1201 1867 1230 Iustitia:

1088 1258 1170 1284 quem
1201 1257 1263 1278 cum
1292 1250 1410 1278 vidisses
1431 1249 1581 1277 excitatum
1605 1256 1621 1277 e
1647 1249 1774 1280 mortuis.
1801 1249 1875 1276 sicut

1087 1296 1205 1327 dixerat,
1219 1300 1246 1322 et
1260 1295 1392 1322 mundum
1408 1300 1495 1322 totum
1518 1295 1713 1328 illustrantem,
1725 1294 1816 1330 gavisa
1831 1301 1872 1327 es,

1089 1348 1106 1368 ο
1117 1346 1222 1374 sancta,
1238 1341 1352 1369 laudans
1362 1341 1438 1368 illum
1452 1346 1481 1369 ut
1495 1341 1653 1376 benignum.

1123 1386 1225 1415 Prazter
1240 1391 1346 1414 natura),
1367 1387 1453 1422 legem
1471 1387 1600 1422 peperisti
1621 1386 1794 1414 inell‘abiliter
1805 1385 1861 1413 Ver

1091 1433 1156 1460 bum
1174 1433 1273 1466 Deum;
1290 1432 1375 1466 Quem
1398 1433 1544 1468 impiorum
1559 1432 1687 1465 consilio,
1702 1432 1815 1460 Domina
1832 1431 1876 1459 in-

1089 1478 1286 1514 culpatissima,
1305 1478 1479 1511 cruciﬁxum,
1498 1478 1646 1513 sepultum,
1669 1482 1696 1505 et
1723 1484 1873 1512 resurgen-

1091 1527 1144 1552 tem
1162 1531 1178 1552 e
1200 1524 1318 1552 mortuis
1335 1528 1366 1551 ut
1392 1523 1496 1555 vidisti,
1517 1523 1619 1558 repleta
1638 1530 1668 1551 es
1685 1522 1796 1558 gaudio,
1812 1528 1876 1550 eum

1091 1577 1141 1605 pro
1157 1569 1235 1598 nobis
1252 1577 1351 1604 rogans
1364 1569 1539 1596 laudantibus
1555 1574 1592 1597 te.

1243 1615 1285 1643 Ea:
1302 1623 1400 1643 canone
1415 1616 1442 1642 in
1455 1614 1571 1643 Sabbata
1587 1615 1663 1643 hebd.
1678 1622 1720 1642 ιιι.

1117 1661 1237 1689 Puerum
1258 1661 1388 1697 peperisti
1404 1665 1434 1689 tu
1449 1655 1571 1696 quidem,
1583 1661 1632 1688 sed
1654 1660 1736 1695 Virgo
1747 1666 1877 1696 perman-

1093 1738 1226 1766 infantilis
1248 1738 1336 1766 aetatis
1364 1745 1472 1766 exortu.
1493 1748 1502 1764 ι
1520 1738 1567 1766 Sic
1588 1738 1646 1767 ille.
1668 1738 1707 1766 Ex
1728 1737 1807 1773 cujus
1827 1737 1879 1773 do-

1091 1774 1180 1801 ctrina
1201 1774 1286 1808 liquet
1312 1779 1452 1808 percatum
1474 1774 1590 1808 originis
1613 1772 1876 1808 subsequentiarha-i

1093 1808 1156 1835 bere
1181 1807 1290 1842 peccata
1312 1807 1449 1841 ’actualia,
1479 1813 1506 1837 et
1519 1807 1549 1836 7e
1573 1807 1713 1836 contrario
1734 1810 1759 1835 in
1779 1807 1877 1834 Adami

1093 1844 1220 1878 posteris,
1238 1844 1283 1870 ubi
1310 1844 1391 1871 nulla:
1415 1844 1589 1878 reperiuntur
1606 1843 1728 1871 actuales
1747 1842 1875 1878 macula,

1093 1877 1148 1905 non
1174 1879 1354 1906 antecessisse
1373 1877 1544 1912 originalem.
1559 1879 1626 1905 Cum
1649 1879 1731 1913 igitur
1746 1877 1775 1904 B.
1796 1877 1877 1913 Virgo

1093 1914 1208 1940 maculae
1230 1914 1351 1947 cujusvis
1378 1911 1482 1948 peccati
1515 1913 1630 1948 actualis
1661 1911 1768 1948 semper
1796 1911 1878 1948 fuerit

1093 1948 1172 1982 plane
1186 1955 1293 1982 expers,
1303 1946 1426 1982 sequitur
1440 1947 1592 1980 manifeste,
1609 1949 1680 1982 quod
1697 1946 1779 1975 fuerit
1794 1946 1877 1974 etiam

1095 1982 1173 2018 plane
1188 1990 1285 2017 expers
1303 1983 1415 2010 maculae
1425 1983 1534 2018 peccati
1552 1983 1706 2018 originalis.

1131 2017 1187 2052 (59)
1199 2019 1288 2052 Atque
1297 2017 1398 2045 idcirco
1410 2017 1468 2045 sine
1479 2017 1726 2053 originali’rpeceato
1734 2021 1875 2053 concepta.

1095 2050 1162 2079 Nam
1179 2050 1212 2079 ἰιι
1231 2050 1320 2087 inquit
1339 2050 1534 2079 Bcrnardinus‘
1549 2052 1583 2080 de
1605 2050 1688 2080 Busto
1714 2052 1745 2087 in
1769 2050 1880 2078 Μαι-ἰαιὶ

1095 2095 1178 2114 serm.
1193 2087 1219 2120 7,
1236 2086 1406 2122 de’Conceprt.
1424 2091 1501 2122 parte
1518 2095 1549 2119 ιι,
1565 2097 1574 2114 ι
1592 2087 1694 2115 Decens
1710 2086 1761 2114 fuit
1775 2091 1799 2113 el
1812 2093 1880 2112 con-

1096 2129 1194 2149 sonum
1206 2122 1317 2154 rationi,
1337 2126 1365 2148 ut
1378 2121 1484 2156 Sponsa
1498 2123 1649 2149 castissima
1665 2122 1722 2153 Dei,
1737 2127 1877 2155 nunquam

1096 2161 1201 2184 careret
1224 2157 1311 2192 gratia
1329 2158 1372 2184 sui
1394 2157 1504 2191 Sponsi,
1527 2159 1574 2185 sed
1591 2163 1698 2191 semper
1719 2156 1880 2191 iungeretur

1096 2192 1135 2219 illi
1160 2192 1265 2224 glutino
1286 2192 1437 2225 charitatis,
1454 2192 1490 2219 ita
1508 2197 1538 2218 ut
1562 2199 1612 2218 nec
1627 2192 1736 2226 quidem
1753 2198 1800 2226 per
1820 2198 1881 2217 mo-

1099 2231 1218 2253 mentum
1238 2228 1310 2254 inter
1326 2228 1425 2261 ipsam,
1441 2232 1468 2254 et
1489 2226 1627 2261 Sponsum
1651 2226 1793 2254 inimicitia
1813 2232 1881 2252 eon—

1099 2261 1262 2293 traheretur,
1280 2269 1330 2289 nec
1350 2261 1498 2289 divortium
1512 2263 1597 2289 lieret.
1614 2262 1642 2288 Si
1661 2266 1754 2288 autem
1774 2261 1801 2287 in
1819 2268 1882 2293 pee-

1099 2302 1160 2324 cato
1186 2296 1311 2331 originali
1336 2296 1434 2324 fuisset
1459 2296 1606 2324 Benedicta
1632 2295 1714 2331 Virgo
1735 2300 1878 2331 concepta,

1098 2339 1148 2365 pro
1169 2331 1216 2358 illo
1227 2330 1291 2358 tunc
1311 2339 1363 2358 non
1382 2331 1479 2358 fuisset
1500 2331 1561 2365 ejus
1576 2330 1738 2362 amicafsed
1757 2330 1880 2362 inimica,

1099 2370 1125 2393 et
1141 2374 1156 2392 a
1172 2366 1278 2401 Sponso
1292 2373 1342 2393 suo
1353 2366 1517 2399 divertisset,
1530 2371 1558 2394 et
1572 2371 1696 2401 separata
1712 2365 1818 2401 fuisset.
1829 2365 1882 2394 Sed

1100 2400 1173 2436 inter
1188 2400 1285 2436 ipsam,
1302 2406 1329 2428 et
1347 2400 1432 2427 Deum
1460 2408 1568 2436 semper
1587 2400 1639 2428 fuit
1658 2400 1821 2436 amicitiaet
1839 2401 1882 2427 di-

1099 2433 1287 2471 lectio.'linde
1315 2436 1373 2471 ipsa
1402 2436 1492 2471 inquit
1517 2433 1596 2463 Cant.
1618 2443 1645 2462 vt
1671 2434 1753 2471 :Ego
1779 2433 1883 2462 Dilecto

1099 2478 1166 2502 meo,
1181 2474 1206 2497 et
1220 2462 1337 2497 Dilecta}
1352 2478 1424 2497 mra:
1440 2462 1634 2503 inihipscilicet
1649 2462 1812 2503 coniunctus
1827 2475 1881 2502 est,
1898 2462 1902 2494 ἱ

1098 2509 1126 2541 et
1140 2513 1247 2541 semper
1264 2505 1315 2541 fuit
1330 2508 1433 2541 uultus.
1452 2505 1524 2538 Ergo
1533 2506 1598 2541 sine
1615 2510 1727 2541 peccato
1749 2510 1882 2541 concepta

1100 2540 1159 2567 fuit.
1179 2539 1257 2567 a'Sic
1273 2540 1383 2567 Bustus.
1395 2539 1463 2567 Hinc
1484 2541 1512 2567 δ.
1530 2539 1628 2568 Petrus
1642 2539 1828 2574 Cbrysologus
1853 2539 1881 2566 in

1100 2547 1159 2567 luit.
1179 2547 1189 2565 ι
1210 2547 1257 2567 me
1273 2547 1463 2567 uustus.ninc
1484 2547 1512 2567 δ.
1530 2547 1628 2568 retrus
1642 2547 1697 2567 Lm-
1718 2547 1828 2574 sotogus
1853 2547 1881 2566 in

1098 2582 1181 2601 εει-ιιι.
1207 2575 1239 2602 de
1267 2576 1372 2602 Annun.
1395 2583 1422 2601 n.
1442 2575 1504 2607 MO,
1529 2575 1599 2602 dixit
1624 2584 1631 2602 :
1660 2584 1669 2599 ι
1697 2547 1822 2601 Ιζεννοιιιι
1847 2574 1883 2601 ad

1099 2609 1232 2643 Sponsam
1256 2609 1372 2636 festinus
1391 2610 1536 2644 interpres,
1559 2615 1588 2637 ut
1605 2617 1619 2636 a
1643 2609 1689 2636 Dei
1706 2608 1813 2644 Sponsa
1829 2608 1883 2644 liu-

1098 2651 1186 2671 manaa
1213 2644 1433 2679 desponsationis
1462 2643 1564 2676 arceat,
1588 2649 1615 2671 et
1641 2644 1792 2679 suspendat
1813 2643 1883 2671 δαὶς-

1097 2684 1171 2706 ctum
1189 2688 1196 2706 :
1213 2678 1300 2713 neque
1324 2679 1430 2706 auferat
1449 2687 1463 2706 a
1483 2679 1512 2706 S.
1527 2679 1646 2714 Josepho
1669 2678 1818 2714 Virginem,
1834 2678 1881 2705 sed

1098 2714 1193 2741 reddat
1223 2714 1344 2749 Christo,
1366 2714 1410 2742 cui
1429 2719 1471 2741 est
1494 2715 1521 2741 in
1548 2719 1626 2741 utero
1655 2714 1797 2749 pignerata
1818 2721 1882 2749 cunt

1098 2748 1184 2775 ﬁeret.
1210 2757 1219 2774 ι
1245 2748 1349 2781 Quibus
1370 2750 1461 2776 verbis
1484 2757 1538 2776 non
1560 2747 1812 2783 solum'supponit,
1834 2747 1882 2775 sed

1097 2784 1179 2819 etiam
1209 2791 1337 2817 expresse
1362 2784 1461 2811 fatetur
1488 2783 1625 2819 Virginem
1665 2784 1711 2810 Dei
1746 2783 1881 2818 Sponsam

1097 2818 1219 2845 caruisse
1235 2824 1343 2852 peccato
1360 2819 1485 2853 originali
1500 2827 1506 2846 :
1527 2818 1589 2846 nam
1605 2819 1627 2847 si
1641 2826 1701 2846 cum
1719 2819 1771 2846 hoc
1787 2825 1884 2845 tonce.

1098 2857 1141 2888 pta
1157 2854 1252 2880 fuisset
1263 2854 1289 2880 in
1301 2858 1379 2881 utero
1395 2861 1455 2880 rum
1471 2855 1558 2886 fieret.
1573 2855 1599 2881 id
1614 2860 1666 2886 est,
1683 2861 1746 2881 cum
1759 2854 1885 2888 concipe-

1097 2893 1181 2922 retur,
1203 2896 1256 2916 non
1272 2889 1368 2917 fuisset
1387 2889 1530 2924 pignorata
1551 2889 1676 2923 Christo,
1696 2889 1743 2917 sed
1753 2889 1880 2916 damoai.
