2075 3154
162 225 232 258 1389

886 221 938 250 MA
943 219 1069 252 RIALE.

1727 218 1794 250 1390

162 282 242 313 sisti,
273 280 346 308 sicut
370 286 432 307 cras
461 282 608 314 antequam
637 283 768 313 pareres,
794 276 953 312 incorrupta
966 276 1078 310 Aenim
1104 275 1164 304 sine
1186 276 1293 310 dolore,
1322 277 1368 306 Dei
1394 277 1528 310 Genitrix,
1548 276 1688 305 Christum
1713 284 1795 311 pepe-

163 328 247 362 Vivgo
271 326 396 361 Dcipara.
419 325 488 353 Nam
518 325 612 358 Deus,
640 331 723 360 quem
745 323 886 359 peperisti,
908 330 955 350 na-

163 376 254 400 turam
270 371 420 399 innovavit.

200 418 262 446 Tibi
276 422 303 445 et
321 418 372 453 soli
388 416 527 450 convenit,
540 422 571 444 ut
588 416 696 450 salutis,
708 420 734 444 et
747 416 839 451 gaudii
853 423 957 452 procu-

166 464 270 501 ratrici',
286 464 353 491 illud
376 463 448 498 quod
467 463 581 498 angelus
600 463 702 496 attulit,
715 462 784 495 Ave,
805 463 879 498 quod
893 469 957 490 cum

166 510 219 538 llde
235 510 282 538 tibi
300 510 460 542 recinimus,
480 509 563 537 Maria
580 517 688 544 semper
704 509 798 544 Virgo.

203 556 330 583 Liberata
348 563 395 590 per
412 560 439 583 te
454 562 497 583 est
514 555 602 591 prima
617 555 720 583 Parens
742 556 854 591 antiqua
873 555 959 584 male-

172 600 306 628 dictione.
323 599 382 627 Non
396 600 449 634 iatn
465 600 584 634 amplius
594 600 639 627 illa
657 601 685 628 in
698 600 793 628 dolore
803 601 901 636 pariet.
917 600 958 628 Tu

167 677 218 704 ἐκ
243 676 298 704 τοῦ
318 675 453 710 Κανόνα*
476 674 547 739 τῇ.
563 674 714 712 Κυριακῆς
727 676 762 712 γ’,
788 675 843 706 τοῦ
868 686 961 713 παρα-

533 720 615 739 υτου.

533 720 615 740 υτου.

205 766 263 801 Τὴν
291 765 416 801 τιμῶσαν
438 765 553 801 ταύτην,
583 765 663 801 ἁγνὴ,
687 765 765 793 πόλιν
793 774 823 793 σε
845 766 961 794 πάντοτε

171 812 276 843 πιστῶς
296 811 433 847 περίσωζε
464 811 595 838 κινδύνων
627 811 757 844 ἁλώσεως
799 812 960 848 Βαρϐάρων,

172 859 293 894 πολέμου
308 858 454 894 ιμφυλίου,
471 859 519 886 καὶ
532 858 681 896 μαχαίρας,
697 860 744 887 καὶ
766 860 858 896 πάσης
879 860 962 896 ἄλλης

173 906 299 942 ἁπιιλῆς.

211 998 352 1032 Ἀσπορον
365 996 445 1033 ἔσχες
459 994 602 1032 σύλληψιν,
626 994 675 1024 καὶ
689 997 760 1033 ὑπὲρ
770 995 832 1024 νοῦν
843 997 964 1030 τοκετδν,

173 1043 388 1079 Παρθεκμῆτορ
422 1043 542 1079 ἄχραντε
556 1050 564 1058 ·
590 1043 671 1079 ἔργον
696 1044 843 1079 φρικῶδες.
871 1043 965 1079 Θαῦμα

176 1089 317 1124 μέγιστον,
334 1088 461 1123 ἀγγέλοις
472 1087 639 1125 τιμώμενον,
651 1088 758 1125 βροτοῖς
771 1089 963 1125 δοξαζόμενον,

176 1135 254 1171 Κόρη
268 1135 412 1164 Meamn-

219 1227 252 1254 Ἦ
268 1227 348 1263 ἁγνὴ,
367 1228 425 1260 πῶς
442 1228 589 1264 Galatae;
605 1228 666 1262 πῶς
683 1229 712 1257 δὲ
730 1229 881 1265 ἐγέννησας
904 1230 967 1266 βρέ-

178 1280 229 1308 φος
244 1273 291 1300 τοῦ
317 1274 405 1310 Ἀδὰμ
430 1275 626 1311 ἀρχαιότερονς
642 1276 700 1308 πῶς
725 1277 755 1303 ἐν
770 1276 904 1311 ἀγκάλαις
917 1276 967 1311 φέ-

179 1329 235 1356 ρεις
252 1320 320 1352 υἱὸν.
334 1321 380 1348 τὸν
392 1321 440 1348 ἐπὶ
450 1318 534 1357 ὤμων
544 1322 722 1358 Χερουσικῶν
735 1323 901 1359 φερόμενον·
924 1323 969 1355 Ὦς

180 1366 336 1400 ἐπίσταται,
352 1367 390 1399 ὡς
401 1364 472 1395 οἶδεν
485 1369 499 1395 ὸ
518 1368 549 1395 τὺ
563 1369 617 1396 πᾶν
625 1369 772 1402 οὒσιὼσας.

214 1461 271 1496 Τὴν
286 1461 406 1497 ἄσπορον
419 1461 527 1497 λοχείαν
537 1470 595 1496 σου,
610 1462 692 1499 ἁγνὴ,
711 1462 762 1498 τὴν
774 1463 969 1500 ἀκατάληπτον

180 1506 320 1543 ὑμνοῦμεν
337 1509 475 1544 γέννησιν,
488 1507 690 1545 μακαρίζοντες
703 1509 741 1542 ὡς
753 1510 869 1546 Μητέρα
882 1519 911 1539 σε
921 1511 969 1538 τοῦ

180 1551 298 1588 Ποιητοῦ
315 1553 424 1580 πάντων
443 1553 490 1579 καὶ
509 1552 657 1581 Δεσπότου.

1007 322 1079 350 risti.
1095 322 1186 356 Quare
1200 328 1226 350 te
1248 323 1347 351 merito
1361 323 1467 351 felicem
1487 323 1681 359 pradicamus,
1697 327 1725 351 et
1741 322 1797 350 Do-

1006 367 1112 395 nrinum
1130 367 1316 403 gloriﬁcantes
1332 369 1487 397 laudamus.

1042 413 1083 441 Ad
1098 419 1125 442 te
1138 415 1228 449 ipsum
1253 415 1380 450 recepisti
1391 420 1503 451 gentem
1523 419 1658 447 sanctam,
1673 422 1734 446 eos,
1749 414 1797 449 qui

1007 464 1085 488 erant
1106 460 1186 496 longe
1204 469 1219 488 a
1237 465 1263 489 te
1283 461 1387 490 faciens
1406 469 1491 497 pr0pe
1514 468 1630 497 corpore
1654 469 1668 488 a
1685 458 1799 496 Virgine

1008 511 1146 542 suscepto,
1164 514 1181 534 o
1198 506 1335 541 Salvator,
1355 511 1383 535 et
1399 515 1452 535 non
1466 507 1597 543 populum
1615 512 1692 535 tuum
1714 515 1798 535 voca-

1009 552 1042 580 sti
1067 553 1197 587 populum
1222 558 1298 581 tuum
1322 553 1466 586 divinum;
1484 558 1628 589 propterea
1652 560 1749 581 omnes
1771 557 1799 580 te

1010 607 1085 627 nunc
1098 600 1257 634 adoramus,
1273 607 1289 628 ο
1306 600 1489 636 omnipotens.

1033 673 1116 710 339
1130 674 1173 702 Ea:
1187 682 1289 703 canone
1305 674 1451 704 Dominiue
1465 683 1508 710 nt,
1525 676 1553 704 in
1568 675 1762 712 Paralytictm.

1051 763 1153 792 Urbem
1176 764 1258 797 hanc,
1273 772 1336 800 quae
1356 769 1392 799 te,
1407 772 1424 793 o
1442 765 1537 802 Virgo,
1553 773 1662 802 semper
1685 767 1802 796 ﬁdeliter

1013 810 1120 844 adorat,
1139 816 1166 839 tu
1193 811 1376 847 undequaque
1397 817 1474 839 tuere
1495 819 1510 839 a
1536 813 1666 847 periculis
1689 814 1803 850 captivi-

1013 856 1078 884 tatis
1105 856 1299 890 Barbarorum,
1322 857 1444 885 civilium
1476 857 1609 886 bellorum
1630 859 1764 893 tenebris.
1787 868 1802 888 a

1014 903 1115 938 gladio,
1141 908 1225 939 atque
1252 903 1381 950 infaustis
1401 905 1525 933 omnium
1553 906 1687 934 malorum
1714 914 1804 942 augu~

977 951 1001 981 Β
1016 949 1075 976 riis.

1053 994 1174 1022 Seminis
1195 1000 1334 1030 expertem
1358 996 1480 1024 habuisti
1500 1001 1675 1032 conceptum,
1694 1003 1804 1034 partum

1015 1047 1081 1068 vero
1095 1041 1260 1076 cogitatione
1278 1043 1460 1077 superiorem,
1476 1043 1635 1079 incorrupta
1647 1043 1694 1072 Dei
1708 1043 1805 1073 Mater.

1014 1084 1090 1122 Opus
1102 1087 1280 1122 stupendum.
1296 1088 1462 1116 miraculum
1478 1089 1642 1123 maximum,
1655 1089 1690 1118 ab
1703 1091 1807 1126 angelis

1015 1132 1193 1167 honoratum,
1210 1133 1246 1162 ab
1262 1133 1422 1163 hominibus
1442 1135 1636 1169 gloriﬁcatum,
1655 1135 1739 1171 Virgo
1753 1137 1807 1165 Do-

1016 1180 1101 1207 mina.

1052 1226 1206 1260 Quomodo,
1222 1226 1317 1262 Virgo,
1334 1226 1437 1255 laetas?
1454 1226 1597 1260 Quomodo
1608 1229 1725 1264 genuisti
1741 1237 1806 1266 par-

1017 1273 1112 1300 vulum
1136 1273 1222 1300 Adam
1243 1273 1403 1301 seniorem?
1417 1272 1563 1306 Quomodo
1580 1274 1606 1301 in
1624 1274 1697 1303 ulnis
1717 1280 1808 1310 gestas

1019 1318 1095 1346 illum
1113 1318 1160 1354 qui
1176 1323 1299 1354 gestetur
1319 1327 1403 1354 supra
1421 1319 1552 1348 humeros
1566 1319 1756 1349 Cherubicos?
1770 1322 1810 1350 Eo

1019 1365 1102 1392 modo
1121 1372 1202 1400 quem
1220 1365 1278 1401 ipse
1291 1365 1344 1393 scit
1365 1371 1393 1393 et
1405 1366 1490 1400 novit,
1505 1366 1554 1402 qui
1573 1367 1659 1398 rebus
1672 1368 1810 1397 universis

1019 1409 1095 1437 dedit
1110 1417 1184 1438 esse.

1055 1454 1270 1490 Conceptionem
1288 1459 1362 1484 tuam
1388 1456 1449 1485 siue
1471 1456 1585 1490 semine,
1605 1465 1623 1485 o
1646 1463 1733 1491 casta,
1747 1467 1810 1495 par-

1020 1505 1078 1529 tum
1096 1505 1172 1528 tttum
1194 1502 1501 1537 incomprehensibilem
1520 1503 1676 1537 laudamus.
1698 1506 1809 1534 Beatam

1021 1547 1060 1575 Te
1075 1554 1276 1582 nuncupantes,
1292 1553 1387 1585 utpote
1405 1549 1518 1578 Matrem
1537 1549 1585 1578 Dei
1602 1550 1727 1580 Factoris
1747 1561 1810 1581 om-

1022 1593 1098 1621 nium
1114 1601 1146 1621 ac
1158 1593 1276 1622 Domini.

223 1647 254 1674 '0
269 1647 359 1674 πάντα
375 1647 439 1683 θιίῳ
452 1647 567 1682 νεύματι
577 1634 669 1683 φέρων
683 1649 836 1684 κρατεῖται,
853 1647 969 1674 Θεοτόκε

1058 1638 1110 1672 Qui
1123 1644 1190 1666 nutu
1201 1640 1293 1668 divino
1308 1644 1407 1668 cuncta
1423 1641 1550 1675 sustinet,
1568 1646 1684 1675 tenetur,
1698 1642 1811 1679 Deipara

182 1693 316 1729 Παρθένε,
331 1693 360 1720 ὲν
372 1695 433 1725 ταῖς
448 1694 583 1727 ἀγκάλαις
599 1702 660 1725 σου,
673 1693 778 1725 πάντας
789 1694 863 1729 ἡμᾶς
880 1693 970 1730 ἁρπά-

182 1737 238 1769 ζων
255 1737 346 1773 χειρὸς
360 1738 484 1770 δουλείας
498 1738 545 1765 τοῦ
562 1738 695 1774 πονηροῦ,
706 1738 744 1771 ὡς
754 1739 916 1774 οἰκτίρμων.

219 1783 402 1818 Παρθενεὺεις
419 1783 538 1810 τεκοῦσα
551 1784 621 1819 ὑπὲρ
633 1784 713 1818 λόγον
730 1784 777 1810 τὸν
791 1785 845 1819 πρὸ
862 1783 972 1811 πάντων

184 1829 290 1856 αἰώνων
301 1828 466 1862 γεννηθέντα
487 1830 519 1855 ὲκ
533 1829 581 1855 τοῦ
594 1829 714 1864 ἁνάρχου
739 1830 848 1865 Πατρδς
870 1830 972 1866 άρῤεύ-

184 1883 266 1906 στως.
282 1875 332 1902 Διὰ
346 1873 436 1906 τοῦτο,
452 1873 534 1910 ἁγνὴ,
549 1873 579 1900 οὶ
595 1874 795 1910 μακαρίζομεν.

219 1968 310 2003 Τόμον
333 1975 363 1994 σε
384 1966 470 1994 πάλαι
494 1966 626 1994 ἐθεάσατο
640 1966 765 1998 Ἡσαΐας,
781 1967 972 2003 Ἀειπάροενεν

185 2015 215 2041 ὲν
231 2011 254 2048 ᾧ
265 2013 390 2048 δακτύλῳ
401 2013 449 2040 τοῦ
464 2013 572 2048 Πατρὺς
582 2013 669 2047 Λόγος
682 2013 796 2048 ἄχρονος
806 2014 974 2048 ἐγέγραπτο,

186 2062 219 2088 ὲκ
233 2060 323 2095 πάσης
338 2059 450 2093 ἀλογίας
465 2058 560 2091 σώζων
570 2059 657 2094 ἡμᾶς,
671 2061 734 2091 τοὺς
750 2059 841 2094 λόγοις
853 2068 883 2086 σε
893 2060 976 2095 ἱεροῖς

186 2108 237 2134 ἀνυ
241 2106 385 2142 μνοῦντας.
831 2103 836 2107 ’

222 2151 383 2186 Ψωτοφὸρου
411 2149 531 2186 προῆλθε
559 2150 656 2185 νηδύος
682 2159 729 2178 σου
750 2151 837 2186 μέγας
853 2151 867 2178 ό
881 2149 976 2183 Ἥλιος

188 2198 318 2233 Χριστὸς,
342 2196 390 2223 καὶ
404 2197 452 2224 τὸν
466 2196 568 2232 κόσμον
595 2196 739 2230 ἐφώτισεν,
759 2197 892 2232 ἄχραντι,
917 2198 978 2225 ὲπι-

188 2244 310 2279 λάμψεαι
323 2243 461 2278 φαιδραίς,
471 2243 519 2269 καὶ
532 2243 563 2269 τὸ
578 2243 672 2274 σκότος
685 2242 766 2278 δξῆρε
779 2243 810 2269 τὸ
824 2244 874 2279 τῆς
888 2252 978 2279 παρα-

1024 1684 1116 1721 Virgo,
1136 1686 1191 1713 tuis
1212 1686 1296 1719 ulnis,
1317 1694 1414 1715 omnes
1435 1694 1485 1716 nos
1503 1687 1622 1723 eripiens
1642 1695 1658 1717 e
1681 1690 1813 1718 servitute

1022 1730 1123 1759 diaboli
1140 1735 1170 1759 ut
1186 1732 1352 1760 misericors.

1060 1776 1144 1812 Virgo
1158 1785 1318 1813 perseveras
1342 1783 1485 1814 postquam
1502 1781 1630 1815 peperisti
1644 1780 1816 1809 ineifabiliter

1023 1823 1145 1858 genitum
1172 1829 1235 1852 ante
1263 1825 1356 1852 omnia
1383 1826 1483 1853 saecula
1505 1827 1565 1854 sine
1582 1828 1760 1855 successione
1779 1836 1814 1856 es

1024 1868 1105 1896 Patre
1122 1869 1258 1904 principio
1274 1876 1388 1899 carente
1404 1880 1411 1898 :
1429 1876 1584 1908 propterea,
1599 1878 1685 1908 casta,
1702 1878 1728 1902 te
1745 1874 1813 1903 beas

1024 1918 1079 1941 tant
1095 1915 1286 1949 pradicamus.

1061 1959 1176 1988 Librum
1193 1966 1220 1989 te
1237 1962 1301 1989 olim
1313 1963 1380 1992 vidit
1400 1964 1496 1998 Isaias,
1513 1973 1530 1993 ο
1544 1974 1654 2002 semper
1682 1968 1771 2003 virgo.
1787 1968 1814 1995 in

1026 2014 1082 2042 quo
1107 2007 1192 2042 digito
1214 2007 1304 2037 Patris
1318 2008 1439 2038 Verbum
1464 2011 1543 2039 initio
1566 2020 1664 2040 carens
1690 2014 1817 2041 conseri-

1026 2058 1102 2088 ptum
1121 2058 1173 2087 est,
1193 2057 1266 2089 quod
1287 2063 1320 2083 ex
1335 2057 1410 2084 omni
1436 2057 1588 2086 irrationali
1613 2063 1676 2087 actu
1699 2064 1726 2087 et
1741 2064 1817 2088 motu

1027 2101 1125 2129 liberat
1143 2109 1194 2130 nos
1208 2103 1295 2131 sacris
1309 2108 1336 2132 te
1353 2105 1443 2133 verbis
1455 2105 1654 2135 collaudanles.

1060 2146 1165 2175 Prodiit
1179 2155 1212 2176 ex
1230 2149 1341 2177 lucifera
1354 2155 1400 2178 tua
1415 2151 1476 2180 alvo
1489 2159 1605 2188 magnus
1620 2153 1665 2181 Sol
1677 2153 1817 2188 Christus,

1028 2201 1057 2222 et
1068 2195 1201 2223 mundum
1224 2196 1401 2230 illuminavit,
1417 2205 1434 2225 ο
1455 2198 1643 2232 immaculata,
1668 2201 1752 2228 radiis
1771 2201 1818 2228 lte-

1029 2241 1154 2274 tissimis,
1173 2242 1355 2277 tenebrasque
1371 2244 1475 2279 expulit
1486 2246 1726 2280 transgressionis.
1741 2245 1819 2274 Unde

190 2290 296 2321 6άσεως
309 2297 316 2305 ·
335 2289 396 2315 ὅθεν
421 2288 564 2325 ὑμνοῦμὲν
579 2296 609 2315 σε
632 2289 743 2316 πάντων
760 2288 798 2321 ὡς
817 2289 906 2317 αἰτίαν
927 2298 972 2317 κα-

1030 2286 1176 2315 laudamus
1191 2292 1217 2315 te
1231 2292 1260 2316 ut
1281 2289 1405 2318 omnium
1428 2298 1540 2319 causam
1562 2292 1710 2335 bonorum,
1729 2301 1746 2322 o
1771 2294 1820 2322 Dei

189 2336 254 2370 λῶν,
267 2334 461 2370 θεονύμφευτι.

1031 2333 1156 2369 Sponsaq

733 2392 813 2428 330
830 2392 872 2420 Ex
885 2401 984 2421 canone
1001 2395 1075 2428 feria:
1096 2401 1126 2428 ιι,
1145 2393 1222 2421 Ιδεὺά.
1239 2401 1277 2421 tv.

229 2454 402 2482 Incarnatum
423 2452 568 2480 Dominum
587 2452 759 2479 incﬂabilitar
770 2461 804 2480 ex
824 2458 870 2481 tuo
888 2455 978 2489 puris-

193 2499 264 2527 simo
283 2498 427 2532 sanguine,
452 2496 578 2531 Deipara,
596 2501 623 2523 et
644 2501 755 2531 propter
774 2505 823 2525 nos
839 2503 926 2526 morte
952 2499 978 2526 in

194 2553 277 2573 carne
301 2548 428 2579 suscena
447 2543 640 2571 resuscitatum
665 2543 775 2571 intuens
798 2551 814 2571 e
839 2545 977 2579 sepulcro.

230 2623 286 2657 (60‘,
304 2622 362 2650 Non
379 2622 459 2650 aliam
481 2621 517 2649 ob
540 2629 651 2649 causam
671 2620 701 2648 Β.
722 2620 804 2656 Virgo
819 2621 922 2650 dicitur
942 2624 983 2650 ἰη-

195 2659 396 2690 culpatissima.
428 2657 479 2684 nisi
504 2657 568 2691 quia
606 2657 656 2683 fuit
699 2665 810 2691 prorsus
843 2658 878 2684 al)
907 2659 981 2684 omni

195 2693 274 2727 culpa
290 2693 430 2720 immunis.
460 2693 488 2719 Si
510 2697 602 2719 autem
625 2691 656 2719 Β.
673 2691 754 2727 Virgo
775 2692 826 2719 fuit
851 2694 886 2720 ab
909 2694 982 2720 omni

195 2729 274 2762 culpa
299 2728 438 2759 immunis,
466 2735 531 2761 ergo
560 2735 614 2754 non
644 2727 733 2754 solum
759 2728 794 2754 ab
815 2729 915 2755 actuali
938 2736 983 2754 ve-

196 2764 272 2794 niali,
298 2767 326 2790 ut
354 2770 449 2790 mones
472 2762 635 2793 concedunt,
662 2763 707 2789 sed
731 2763 825 2794 etiam,
849 2768 877 2789 et
897 2764 983 2790 multo

196 2798 294 2831 magis,
324 2798 358 2824 ab
377 2798 513 2832 originali.
539 2796 567 2824 Si
594 2797 666 2824 enim
694 2797 766 2824 Deus
793 2806 808 2824 a
828 2799 981 2826 venialibus

196 2833 283 2867 culpis
325 2833 355 2860 Β.
401 2832 537 2866 Virginem
576 2839 630 2860 non
665 2833 773 2860 fecisset
811 2833 977 2866 itumunem,

197 2875 335 2902 mniquam
362 2867 386 2895 ei
417 2867 548 2898 inimica,
579 2871 606 2894 et
640 2867 724 2894 invisa
750 2868 865 2900 fuisset.
896 2875 988 2903 utpote

197 2903 300 2930 habens
322 2903 347 2929 in
370 2910 400 2930 se
425 2903 540 2936 gratiam
570 2903 804 2936 sanctiﬁcantem,
827 2905 988 2931 cliaritatetn

197 2939 268 2965 enim
303 2945 357 2965 non
391 2937 529 2972 expellunt
566 2937 638 2966 leves
673 2937 795 2966 defectus
831 2947 837 2967 :
868 2945 895 2967 at
935 2947 989 2967 non

1032 2461 1094 2482 cum
1111 2454 1212 2489 ingenti
1231 2454 1332 2489 gaudio
1341 2455 1501 2490 glorillcasti
1516 2460 1543 2484 et
1559 2459 1750 2494 magnilieasti.

1064 2499 1231 2535 Coneepisti,
1248 2501 1465 2536 inculpatissima
1484 2503 1552 2539 (60),
1569 2504 1636 2532 Eum
1658 2507 1705 2541 qui
1725 2515 1822 2535 cuncta

1036 2547 1168 2580 continet,
1193 2555 1256 2575 eum
1283 2549 1372 2583 ipsum
1395 2556 1476 2577 carne
1501 2558 1638 2586 generans
1654 2553 1701 2588 qui
1725 2553 1824 2581 deinde

1032 2624 1177 2662 reddendo
1207 2625 1358 2653 immunem
1398 2627 1433 2654 ab
1468 2627 1593 2662 originali
1628 2629 1756 2662 martali,
1796 2629 1822 2657 vi

1033 2660 1114 2698 istius
1140 2659 1252 2698 l'uissetA
1266 2661 1402 2698 obiectum
1421 2659 1597 2698 condignum
1629 2664 1692 2690 odio
1718 2659 1776 2696 Dei,
1796 2670 1824 2692 et

1032 2694 1086 2721 lilia
1108 2695 1154 2721 ira!
1176 2700 1203 2722 et
1230 2694 1452 2724 abominationis.
1490 2694 1528 2725 Si'
1553 2706 1569 2725 a
1591 2698 1741 2726 venialibus
1769 2694 1823 2727 non

1033 2730 1195 2767 reddidisset
1220 2731 1389 2763 iunnunem.
1424 2732 1513 2760 adhuc
1533 2732 1578 2767 jus
1604 2733 1761 2761 retinuisset
1787 2735 1821 2762 ad

1033 2765 1216 2802 hereditatem
1240 2772 1380 2799 aeternam,
1394 2775 1454 2802 qua:
1479 2772 1521 2795 est
1533 2765 1617 2794 'clara
1633 2768 1718 2801 Ipsius
1734 2769 1821 2802 visio;

1032 2805 1059 2837 at
1077 2807 1130 2837 non
1154 2800 1290 2837 reddendo
1306 2800 1455 2829 immunem
1477 2810 1492 2829 a
1506 2803 1606 2837 peccati
1624 2800 1762 2837 originalis
1780 2800 1824 2831 in;

1035 2834 1163 2866 lectione.
1177 2836 1368 2863 excluderetur
1378 2838 1412 2864 de
1424 2838 1493 2864 facto
1504 2834 1518 2864 a
1531 2834 1732 2871 consecutione,
1749 2839 1824 2868 illius

1042 2871 1144 2908 gloriae.
1161 2871 1225 2908 Item
1252 2873 1347 2906 positis
1363 2872 1390 2898 in
1417 2872 1447 2908 Β.
1465 2872 1681 2908 νίνείιιογευΙμὶε
1706 2874 1823 2908 levibus,

1045 2905 1157 2932 minimc
1172 2905 1223 2932 dici
1247 2905 1364 2941 poterat,
1389 2905 1550 2934 maledictits
1574 2905 1684 2939 dies,'et
1704 2909 1770 2936 liora
1797 2905 1823 2936 in

1046 2948 1099 2976 qua
1117 2946 1247 2977 concepta
1269 2941 1367 2970 fuisset
1384 2949 1390 2968 :
1408 2946 1435 2970 at
1449 2942 1576 2978 originali
1595 2944 1745 2972 cxsistcnte
1763 2951 1825 2972 vero
