2075 3154
258 198 322 229 1391

812 195 842 226 S.
861 194 1017 225 JOSEl‘IIX
1038 193 1318 224 Hl’MNOGRAPIII

1821 194 1889 226 1302

256 258 373 283 mortem
390 252 515 280 triduana
535 260 583 280 sua
602 256 691 280 morte
714 251 854 286 spoliavit.
874 252 960 284 Quem
983 259 1044 283 ora,
1059 253 1084 283 Α
1100 259 1188 286 neque
1209 252 1342 287 gentium,
1358 255 1388 278 ut
1402 254 1439 283 te,
1460 256 1540 286 prout
1556 250 1644 283 decet,
1665 250 1774 287 hymnis
1799 251 1889 280 hono-

255 306 284 328 ut
304 300 401 328 animae
420 307 488 326 mete
512 299 576 326 vitia
594 298 750 330 mortificet,
768 306 863 333 tneque
883 299 987 326 salvum
1007 298 1047 325 fa-

253 347 318 373 ciat.

291 391 375 418 Serva
387 394 414 418 et
428 390 513 418 libera
535 389 673 417 civitatem
689 397 721 417 ac
738 390 867 425 populum
885 389 1048 425 confugien-

254 443 307 465 tem
324 437 356 464 ad
373 442 410 469 te,
429 436 475 464 Dei
492 435 609 471 genitrix
625 435 719 470 Virgo,
734 443 796 471 quas
809 435 948 463 Christum
965 443 1046 470 pepe-

253 485 326 515 risti.
339 491 373 510 ex
391 483 467 510 omni
481 483 638 510 adversaria
655 483 707 515 ira,
727 486 753 510 et
770 482 889 517 excidio,
910 482 1047 510 incursio-

253 565 390 590 rlicerctur
405 563 548 590 maledicta
568 562 710 597 conceptio
732 563 761 588 Β.
777 561 897 596 Virginis
912 561 1046 597 sicuttet

254 599 313 629 Iob,
328 603 355 625 et
370 599 537 633 reliquorum
556 596 708 625 hominum.
725 597 795 624 Hinc
817 597 918 624 Busiris
934 597 962 633 in
974 596 1046 633 AMa-

253 634 326 665 riali,
341 631 436 661 sei-mf
449 634 474 665 '7,
491 635 522 660 de
544 633 668 667 Concept.
687 637 757 668 part.
776 640 795 665 t,
811 633 851 659 ait
870 640 878 668 ς
899 641 907 657 ι
929 632 957 659 Si
973 631 1046 659 Deus

254 670 439 705 pl'iBSCl‘":tVil,
459 673 486 696 et
506 669 630 696 defendit
646 667 784 702 Virginem
808 667 955 705 gloriosam
971 675 985 694 a
1000 675 1046 693 ve-

254 702 319 732 niali
336 709 460 738 peccato,
481 705 552 738 quod
577 712 628 731 non
645 705 734 738 privat
749 703 836 737 gratia
854 702 912 734 Dei,
925 707 952 729 et
973 708 1046 738 stare

253 737 343 794 potest
373 747 434 766 cum
452 737 596 771 charitate,
616 737 653 766 ut
670 739 764 765 dicunt
779 738 909 772 theologi,
925 738 951 764 in
973 737 1000 770 4,
1014 738 1043 765 d.

253 776 282 794 vl
315 780 338 794 nt
358 774 449 794 lmnnt
472 779 542 794 auem
564 775 657 794 ίιΙιὶιυιεὶ
684 775 772 794 Mnlnr
788 781 835 794 tua
863 778 887 794 at
914 773 949 794 nh
968 780 1043 794 ninn-

253 773 298 807 ΞΙ,
315 780 341 802 et
358 774 409 801 hoc
421 779 450 801 ut
472 779 544 802 esset
563 775 658 802 idonea
684 775 772 800 Mater
788 781 847 804 sua,
863 778 890 800 et
914 773 949 800 ob
967 780 1044 800 amo-

254 818 310 836 rem
329 818 410 844 quem
429 810 479 843 ipsi
503 810 537 836 ab
552 815 653 836 aeterno
670 808 787 844 portavit
802 817 808 834 :
825 808 1044 844 ergoﬂincouve-V

254 843 453 872 niensvidetur
477 845 589 872 credere
610 843 682 879 quod
705 843 869 879 permiserit
891 843 964 870 illam
984 843 1043 879 labi

254 880 432 920 imor-igiuali
461 885 572 914 peccato
594 877 719 920 privante
745 877 1042 920 {pedaminum-Non

254 915 327 942 enim
343 913 416 942 esset
429 913 510 952 verus
523 913 610 952 amor,
629 914 651 952 si
669 915 731 952 quis
748 913 908 952 defenderet
924 915 1042 940 amicum
1060 924 1081 952 Β

254 958 346 980 suum.
365 957 398 977 ne
417 950 457 976 vel
475 950 611 976 niodicutn
630 949 724 976 leviter
743 948 946 981 verberaretur,
961 957 1042 983 quem

256 991 346 1011 tamen
364 992 411 1019 per
430 985 520 1018 gulam
548 984 691 1019 suspendi,
706 984 749 1012 vel
766 987 855 1019 capite
875 984 1046 1018 permitteiet

254 1019 423 1047 detruncari.
443 1029 453 1045 ›
471 1020 517 1047 Sic
532 1020 642 1047 Bustus.

291 1055 346 1090 (61)
365 1055 516 1090 ᾼιιεοιίουδ
543 1055 643 1082 Doctor
669 1055 696 1083 5.
716 1062 742 1089 p.
762 1062 789 1088 τι.
806 1054 899 1090 27,}.
921 1053 950 1086 2,
968 1054 1044 1081 illum

255 1088 345 1116 locum
361 1088 421 1117 lobi
437 1097 478 1118 tit.
496 1090 541 1117 ubi
561 1090 594 1117 dc
606 1088 832 1117 diabolo’dicitnr
848 1088 987 1124 Exspecto!
1005 1089 1045 1115 lu-

253 1133 308 1152 cem
336 1131 360 1151 et
384 1133 434 1152 non
453 1125 551 1157 viderit,
586 1133 632 1152 nec
654 1130 741 1152 ortum
769 1126 900 1158 surgentis
927 1133 1044 1157 auronr,

258 1161 286 1187 in
317 1167 399 1187 sensu
439 1160 550 1187 litterali
570 1161 632 1195 (etsi
661 1159 859 1195 metaphorico)
884 1160 994 1195 exponit
1012 1161 1045 1187 de

254 1199 334 1222 nocte
362 1195 466 1230 peccati
493 1195 634 1230 originalis
654 1195 697 1222 bis
720 1195 810 1222 Verbis
836 1204 843 1222 :
865 1204 873 1221 ‹
903 1194 1044 1230 Exspectat

257 1230 363 1262 Lucem,
379 1231 405 1257 id
430 1234 481 1262 est,
504 1231 656 1262 Christum,
672 1234 698 1257 et
714 1238 766 1256 non
782 1230 881 1262 videat,
898 1231 960 1264 quia
979 1231 1045 1257 nihil

254 1266 428 1300 inquinatum
447 1265 563 1292 incurrit
577 1266 604 1292 iu
625 1265 805 1299 Sapientiam,
824 1273 885 1299 quae
905 1271 947 1292 est
965 1265 1044 1292 Chri-

254 1306 315 1333 tus,
328 1305 358 1327 ut
370 1301 471 1336 dicitur
486 1300 551 1336 Sap.
564 1308 613 1333 Vit;
629 1308 676 1328 nec
685 1305 773 1327 ortum
784 1301 915 1336 surgentis
928 1308 1043 1332 aurora,

255 1336 281 1362 id
294 1340 346 1368 cst,
360 1336 391 1363 Β.
411 1335 544 1371 Virginis,
559 1343 619 1371 qua
632 1336 658 1363 in
671 1344 722 1363 suo
733 1340 794 1371 ortu
809 1343 824 1362 a
840 1340 951 1371 peccato
961 1336 1045 1370 origi-

255 1371 309 1398 nali
339 1371 388 1398 fuit
412 1371 555 1398 immunis.
570 1370 586 1397 ⁷)
609 1371 653 1398 Sic
679 1371 733 1399 ille.
756 1370 825 1397 Cum
845 1375 947 1402 autem,
973 1371 1044 1398 idetn

254 1406 287 1433 1).
302 1405 422 1433 Thomas
437 1407 463 1433 in
487 1414 548 1441 cap.
565 1414 572 1433 t
588 1406 717 1438 Mattliwi,
734 1405 869 1440 duplicem
880 1410 982 1438 ortum,
997 1413 1043 1433 seu

254 1441 423 1468 natiiitatem
445 1446 588 1476 agnoscat,
600 1442 705 1468 scilicet
720 1441 886 1468 nativitatem
911 1441 938 1467 in
953 1446 1043 1473 utero,

254 1484 314 1511 qua:
325 1482 364 1503 est
376 1475 612 1511 primurformatio.
626 1481 653 1504 et
664 1475 833 1503 nativitatem
846 1484 879 1503 ex
890 1480 977 1508 utero,
990 1484 1044 1510 qua

254 1512 316 1545 quis
332 1514 387 1538 exit
399 1512 425 1538 in
439 1513 526 1539 lucem
544 1521 550 1538 :
568 1520 577 1537 ‹
593 1511 674 1539 Nasci
687 1513 719 1539 de
741 1511 836 1541 Matre.
850 1511 948 1546 inquit,
964 1516 1003 1538 cst
1017 1511 1044 1538 in

256 1547 343 1573 lucem
362 1547 482 1580 prodire,
499 1547 525 1573 in
542 1547 627 1574 Matre
644 1547 718 1573 nasci
734 1551 775 1574 est
792 1546 880 1580 ipsum
894 1546 1013 1581 concipi.
1031 1555 1041 1572 ι

255 1582 293 1609 Ex
314 1583 364 1609 hoc
379 1582 439 1609 loco
462 1587 653 1616 argumentum
674 1583 775 1609 bonum
793 1581 854 1608 elici
874 1588 955 1615 posse
969 1582 1045 1608 Vide-

255 1622 302 1643 tur
315 1618 348 1644 ad
364 1618 582 1644 conﬁrmandum
600 1617 686 1644 fuisse
707 1622 840 1646 sanctam,
858 1621 886 1642 et
909 1617 1044 1643 immacu-

255 1652 338 1678 latam
374 1660 428 1679 non
460 1653 541 1679 modo
570 1651 687 1685 Virginis
712 1653 892 1681 nativitatem,
913 1651 945 1678 ad
965 1659 1046 1685 quam

256 1695 319 1713 etim
348 1687 438 1713 locum
466 1687 547 1714 refert
570 1686 598 1713 S.
618 1686 748 1718 Thomas,
766 1687 812 1713 sed
835 1687 916 1712 etiam
941 1685 1047 1713 Conce-

257 1722 397 1754 ptionem?
413 1731 422 1747 ι
443 1721 536 1755 Neque
550 1723 622 1748 enirn
634 1726 721 1755 potest
734 1722 836 1756 negari,
855 1721 941 1756 inquit
953 1721 1049 1749 Valen-

257 1757 294 1782 tia
321 1758 346 1782 iii
372 1764 401 1783 iii
425 1764 450 1790 p.
478 1756 508 1782 D.
527 1756 649 1788 Theium,
672 1761 744 1783 tonio
772 1757 816 1787 ιν,
839 1756 908 1790 disp.
932 1757 959 1787 ‘2,
976 1765 1004 1790 q.
1026 1764 1046 1788 i,

255 1796 357 1825 puncto
373 1791 400 1821 ‘2.
419 1792 483 1826 quin
501 1792 541 1818 vel
558 1793 674 1818 maxime
691 1791 840 1825 Couceptio
854 1792 911 1825 ipsa
926 1790 1046 1826 Virginis

257 1826 340 1853 fuerit
353 1834 462 1861 quoque
470 1826 527 1861 ejus
537 1831 630 1857 ortus;
645 1827 682 1853 rei
700 1834 818 1861 namque
829 1830 918 1853 ortum
930 1827 1048 1854 maxime

256 1862 375 1888 dicimus
398 1869 459 1888 esse
474 1863 562 1896 ipsum
579 1863 617 1888 rei
636 1862 810 1896 principium.
837 1871 846 1887 ι
865 1861 932 1888 llinc
948 1862 1048 1889 (latlic-

257 1904 335 1924 rnius
361 1898 387 1923 in
415 1904 462 1924 sua
490 1899 623 1931 Disputat.
640 1905 688 1931 pro
716 1897 891 1924 immaculata
915 1896 946 1923 Β.
973 1896 1046 1931 Virg.

257 1932 388 1966 Cuncept.
407 1932 453 1958 lib.
475 1939 494 1963 ι,
514 1936 547 1959 ad
565 1933 711 1965 quosdam,
730 1932 776 1966 qui
791 1932 958 1959 adducentes
975 1932 1048 1958 hunc

256 1966 318 1993 Jobi
333 1967 422 1994 locum
438 1977 444 1994 :
463 1967 606 2001 Exspectat
619 1967 703 1994 lucem
719 1972 742 1993 et
757 1976 808 1994 non
825 1968 924 1998 videat,
943 1975 988 1994 nec
1001 1975 1047 1993 or-

259 2008 317 2028 tum
340 2003 471 2037 surgentis
491 2010 605 2035 auram,
627 2007 654 2029 et
675 2004 708 2029 de
733 2007 845 2036 peccato
865 2002 990 2037 originali
1010 2001 1047 2029 ibi

258 2044 413 2073 sermonem
428 2045 490 2065 esse
512 2042 676 2069 aSscrcntes,
691 2038 768 2073 quod
784 2046 836 2064 non
853 2038 921 2064 vidit
933 2036 1046 2069 Lucem,

257 2080 319 2106 quae
340 2077 382 2099 est
396 2072 533 2105 Christus,
546 2081 601 2107 quo
617 2071 817 2107 illuin’penitus
833 2080 886 2099 uou
901 2073 1046 2105 conclusit,

259 2081 319 2106 ιμιιιτ
340 2081 382 2099 est
396 2081 533 2105 bill‘lSluS,
567 2081 601 2099 HO
617 2081 692 2099 lfilllll
709 2081 817 2107 pellllus
833 2081 886 2099 11011
901 2081 1046 2105 ςοιιειιιςιι,

259 2114 310 2133 nec
323 2113 424 2140 ortum,
443 2109 469 2135 id
491 2081 730 2140 est,qi\'ativitatem
755 2109 895 2142 surgentis
921 2108 1046 2138 Aurorae,

258 2150 318 2176 qiue
331 2147 372 2169 est
384 2142 466 2169 Maria
481 2152 486 2169 :
500 2143 563 2170 inde
577 2143 740 2173 inferebant.
750 2146 822 2176 quod
838 2142 895 2169 sola
907 2143 1046 2174 nativitas,

257 2183 285 2203 ct
313 2185 367 2204 non
394 2179 535 2212 conceptio
557 2177 657 2204 'Marize
680 2178 886 2211 excipiebatur,
917 2182 944 2205 et
962 2177 996 2204 ab
1015 2184 1048 2204 eo

259 2218 370 2245 peccato
391 2217 449 2240 erat
464 2213 604 2246 immunis,
621 2214 646 2239 in
663 2213 735 2239 hunc
750 2214 860 2240 modum
879 2212 1046 2247 respondet:

259 2249 404 2282 tixpouuut
430 2254 521 2274 ortum
546 2250 660 2275 Aurora:
689 2255 739 2282 pro
771 2248 917 2274 Nativitate
945 2248 1046 2280 Mariae,

259 2290 320 2316 quae
335 2283 385 2309 fuit
400 2290 434 2310 ex
449 2288 543 2316 utero;
561 2291 609 2310 cur
621 2291 675 2310 non
690 2283 780 2318 potius
795 2291 844 2317 pio
859 2283 904 2309 illa
919 2290 979 2317 quae
995 2282 1047 2310 fuit

259 2326 286 2344 in
303 2319 400 2344 utcio‘.’
414 2318 469 2345 Cur
484 2319 556 2345 enim
572 2319 622 2345 viri
642 2320 697 2351 isti,
715 2324 743 2344 ut
764 2319 924 2352 saepissime,
939 2322 967 2344 et
979 2318 1047 2344 ntul-

260 2357 295 2379 t.s
329 2355 396 2380 locts
429 2359 524 2380 contra
559 2353 680 2380 υοιιιίιι.ιε
711 2354 855 2388 puritatem
885 2357 1044 2388 perpetuam

260 2395 383 2421 agentes,
404 2393 506 2421 ortum,
532 2393 558 2416 et
587 2389 757 2415 nativitatem
786 2395 834 2422 pro
861 2389 919 2423 ipsa
945 2395 1046 2415 conce—

260 2429 352 2456 ptione
369 2424 518 2457 accipiunt,
534 2431 615 2458 atque
638 2427 780 2458 exponunt
803 2425 885 2450 etiam
902 2423 1002 2454 verbis.
1018 2427 1046 2450 et

260 2463 352 2484 mente
374 2465 516 2485 auctorum
536 2459 760 2494 repugnantibus,
779 2463 807 2485 ut
826 2466 876 2486 suo
890 2458 950 2485 loco
969 2466 1045 2485 mon-

259 2493 368 2526 strabo;
386 2501 457 2520 nunc
470 2498 572 2526 autem,
591 2493 636 2521 ubi
652 2495 722 2521 ratio
735 2494 852 2520 maxime
867 2493 1009 2525 suadebat,
1020 2497 1046 2520 ct

259 2528 321 2562 pius
335 2527 411 2554 favor
428 2528 506 2555 Matri
521 2528 578 2560 Dei,
597 2535 686 2556 ortum
703 2537 808 2556 aurorae
826 2537 875 2564 pro
892 2529 1044 2560 nativitate,

259 2571 321 2597 qua:
338 2572 370 2590 ex
387 2568 473 2596 utero,
492 2571 546 2590 non
561 2573 622 2598 quae
646 2564 673 2590 in
696 2570 784 2596 utero,
805 2565 889 2591 velint
905 2571 955 2591 nos
978 2565 1045 2590 reci-

259 2606 333 2632 pere,
353 2602 382 2625 ut
408 2600 458 2626 hoc
478 2598 600 2626 Dominae
626 2600 796 2634 privilegium
821 2599 993 2634 expugnent?
1010 2600 1046 2626 At

259 2642 317 2670 nos,
334 2635 474 2661 discamus
501 2641 593 2669 potius
620 2642 669 2669 pro
696 2636 783 2670 gloria
805 2635 915 2670 ﬂt'giltic
943 2638 1045 2661 nostra:

258 2669 340 2696 simili
375 2671 456 2696 modo
487 2678 635 2704 exponere,
652 2669 722 2698 sicut
747 2670 792 2697 illa
812 2669 916 2697 faciunt
947 2674 1043 2696 contra

258 2705 344 2736 illam,
367 2711 395 2732 ut
412 2710 502 2732 orttim
523 2714 610 2740 ipsum
635 2713 684 2740 pro
710 2706 768 2740 ipso
785 2707 872 2740 primo
891 2709 953 2732 ortu
970 2705 1043 2732 acci-

257 2740 375 2774 piamus,
390 2742 437 2775 qui
457 2741 507 2767 luit
522 2743 548 2767 in
565 2746 642 2768 utero
662 2749 722 2768 etim
743 2747 784 2768 cst
804 2745 946 2774 concepta,
962 2747 1042 2774 quem

258 2779 347 2811 ortum
361 2776 457 2809 procul
477 2776 560 2803 dubio
576 2782 633 2803 atra
650 2777 695 2803 illa
707 2777 813 2811 peccati
827 2784 878 2803 nox
894 2783 950 2802 non
964 2775 1041 2801 vidit.

259 2809 336 2841 Quod
356 2816 448 2838 autem
464 2811 499 2838 ita
520 2819 582 2838 vero
597 2812 695 2846 exponi
708 2809 814 2844 debeat,
834 2812 951 2846 primum
967 2811 1041 2843 facit,

257 2845 329 2881 quod
354 2846 411 2880 ipsa
439 2847 567 2874 decenter
596 2845 646 2881 pro
663 2853 761 2873 aurora
784 2845 965 2881 signiﬁcatur,
982 2853 1043 2879 quae

257 2879 370 2906 Christi
381 2882 434 2909 luci
458 2879 626 2916 adiungitur,
642 2889 703 2916 qua:
718 2886 793 2909 certe
812 2879 896 2908 Simul
913 2889 974 2908 eum
989 2885 1039 2912 est,

257 2920 319 2941 cum
336 2915 397 2943 lucc
414 2918 471 2952 ipsa
492 2915 543 2952 est,
562 2915 700 2952 nunquam
716 2921 758 2946 est
778 2920 852 2946 enim
867 2923 966 2945 aurora
983 2917 1041 2954 sine

1063 2270 1085 2298 D

1102 305 1193 328 rantes
1209 299 1426 334 magniﬁcemus.

1271 345 1314 372 Ea:
1331 353 1429 371 canone
1445 344 1517 378 feria:
1532 352 1574 376 iit,
1590 344 1665 372 liebd.
1683 352 1719 372 tv.

1135 390 1213 418 Sicut
1223 391 1329 417 Aurora
1350 390 1440 417 Solem
1457 390 1484 417 in
1496 390 1568 417 ulnis
1582 390 1682 423 ferens,
1695 389 1778 425 Virgo
1793 395 1888 418 exorta

1098 441 1125 464 et
1145 436 1225 463 nobis
1241 436 1267 463 in
1288 440 1369 463 nocte
1385 436 1545 463 sedentibus
1561 435 1628 471 (6t).

1130 481 1167 509 Ut
1180 481 1323 509 Deilicaret
1343 482 1493 509 humanum
1509 489 1596 516 genus
1611 481 1684 510 Deus
1698 483 1780 510 homo
1800 482 1889 511 factus

1101 561 1173 588 luce.
1191 560 1321 588 Secundo
1337 560 1401 588 facit
1418 564 1444 588 et
1462 561 1591 594 maxime,
1606 562 1678 596 quod
1694 570 1754 589 eum
1773 563 1806 589 de
1821 564 1888 590 stel-

1098 597 1132 624 lis
1155 597 1277 630 loquitur
1292 596 1359 632 .lob,
1368 604 1416 630 per
1432 604 1500 629 quas
1520 597 1614 630 procul
1633 598 1715 624 dubio
1730 599 1818 625 sancti
1835 599 1887 632 ipsi

1098 632 1307 668 signiﬁcantur,
1336 631 1530 668 obtenebratas
1558 632 1618 659 illas
1645 633 1763 668 caligine
1798 631 1888 661 noctis

1098 667 1180 701 hujus
1200 666 1381 701 pronuntiat?
1398 666 1472 700 quod
1498 671 1573 694 certe
1600 675 1653 694 non
1678 666 1815 695 videretur
1841 676 1889 697 ve-

1098 710 1171 734 rum,
1190 703 1213 729 si
1231 706 1321 729 ortum
1342 709 1375 728 ex
1393 706 1470 728 utero
1486 702 1567 728 etiam
1587 702 1612 728 in
1629 703 1794 736 quibusdam
1810 704 1886 736 ipso-

1098 745 1158 764 rum
1183 741 1427 772 spectaremus,7ut
1447 737 1481 764 de
1494 736 1599 764 Joanne
1616 737 1749 771 Baptista,
1765 743 1793 765 et
1809 736 1887 766 Iere-

1099 772 1153 799 mia
1169 771 1266 799 omnes
1282 771 1467 803 concedimus,
1486 772 1558 799 sicut
1572 772 1704 807 scriptum
1720 778 1782 800 est:
1799 783 1809 799 ι
1828 774 1886 801 Δη-

1099 811 1208 843 tequam
1222 808 1310 843 exires
1330 808 1362 834 de
1377 806 1647 843 vulva,lsauctiﬁeavi
1664 813 1698 835 te.
1712 818 1721 834 ‹
1742 808 1850 843 (Jerem.
1865 817 1886 841 i,

1098 842 1138 877 5.)
1154 842 1211 869 Non
1229 842 1312 877 igitur
1334 847 1408 869 recte
1422 847 1532 876 excepta
1559 842 1655 870 fuisset
1668 844 1726 870 sola
1744 851 1842 871 aurora
1856 846 1884 871 in

1099 883 1172 909 ortu,
1193 883 1322 914 tanquam
1346 881 1459 914 peccato
1480 877 1553 904 illius
1571 878 1658 905 noctis
1685 879 1782 912 libera,
1798 880 1820 906 si
1837 887 1886 914 per

1097 917 1187 940 ortum
1204 913 1338 947 posterior
1349 912 1549 946 significaretur
1562 913 1702 945 nativitas,
1717 921 1779 941 cum
1790 919 1816 941 et
1833 912 1885 942 hoc

1098 948 1132 975 de
1145 946 1283 981 aliquibus
1296 946 1382 974 stellis
1396 954 1490 974 verum
1504 952 1587 975 esset.
1611 947 1644 974 Et
1662 953 1751 976 tamen
1768 950 1886 977 sanctis-

1099 983 1188 1010 simus
1201 982 1264 1014 Job,
1280 987 1310 1009 ut
1323 982 1397 1008 illam
1422 982 1486 1019 luci,
1505 982 1530 1009 id
1551 987 1603 1019 est,
1617 983 1728 1011 Christo
1752 984 1885 1019 adjungc-

1101 1023 1155 1049 ret.
1171 1022 1198 1045 et
1207 1025 1295 1054 super
1305 1025 1403 1054 omnes
1414 1017 1520 1054 stellas,
1537 1018 1563 1054 id
1581 1023 1634 1050 est,
1650 1025 1772 1051 sanctos,
1787 1017 1885 1054 singu-

1097 1053 1190 1080 laritcr
1207 1052 1511 1088 magnificarctusolum
1537 1053 1597 1088 ejus
1615 1058 1706 1081 ortum
1725 1052 1845 1088 excipit:
1855 1060 1886 1083 ut

1097 1088 1189 1116 stellas
1217 1095 1312 1115 omnes
1328 1095 1383 1121 pra:
1397 1087 1440 1114 illa
1463 1088 1627 1115 obseuratas
1642 1089 1753 1116 faceret.
1774 1089 1818 1116 Sic
1832 1090 1885 1118 Ca-

1098 1123 1233 1150 therinus.
1257 1123 1389 1149 Praedicta
1407 1122 1489 1149 etiam
1506 1121 1566 1149 .lobi
1585 1124 1666 1151 verba
1690 1132 1704 1150 a
1724 1124 1752 1151 S.
1777 1124 1883 1153 Thoma
1908 1151 1917 1154 -

1096 1159 1177 1186 allata
1192 1158 1350 1192 expendens
1376 1158 1500 1192 Andreas
1521 1156 1617 1185 Plutus
1634 1159 1761 1186 Ramirel
1784 1160 1810 1186 in
1833 1169 1884 1188 suo

1097 1201 1179 1228 opere
1195 1191 1235 1220 De
1243 1197 1360 1227 coucept.
1381 1191 1413 1219 Β.
1431 1191 1503 1228 Virg.
1519 1201 1546 1220 n.
1559 1193 1622 1224 567,
1639 1194 1664 1220 in
1683 1194 1756 1221 hunc
1772 1196 1883 1223 modum

1097 1229 1193 1256 scribit
1210 1237 1216 1255 :
1236 1237 1244 1254 ι
1269 1228 1356 1265 Quam
1382 1228 1467 1255 libere
1482 1232 1560 1265 ortus
1582 1230 1719 1265 abrutero
1735 1230 1779 1258 hic
1797 1231 1885 1265 expli-

1098 1269 1186 1296 catur,
1203 1268 1255 1290 tain
1272 1264 1357 1290 libere
1373 1268 1463 1290 ortum
1481 1263 1509 1290 in
1522 1268 1610 1295 utero,
1625 1264 1650 1290 id
1667 1269 1708 1292 est
1725 1263 1884 1299 conceptio-

1097 1306 1158 1326 nem
1179 1299 1328 1334 passivam,
1359 1305 1508 1332 possumus
1534 1299 1683 1333 explicare,
1713 1304 1740 1326 et
1766 1300 1885 1329 fortasse

1097 1334 1184 1368 magis
1202 1341 1323 1368 congrue
1341 1334 1477 1369 vulgatam
1494 1335 1695 1369 nostrain'tqui
1711 1337 1883 1369 estoptimus

1096 1370 1249 1404 explicandi
1263 1368 1373 1404 modus)
1392 1368 1453 1396 aliis
1469 1369 1641 1397 versionibus
1662 1368 1850 1398 concilianles.
1870 1381 1880 1397 ι

1099 1403 1214 1431 saucies
1229 1404 1301 1432 enim
1326 1404 1465 1438 Pagninus
1483 1404 1627 1432 Themista
1648 1405 1764 1432 fideliter
1779 1414 1811 1433 ex
1827 1407 1883 1433 He-

1097 1440 1171 1467 braeo
1198 1440 1238 1466 sic
1256 1441 1338 1466 vertit
1358 1448 1363 1465 :
1389 1448 1399 1465 r
1418 1439 1563 1474 Exspectet
1586 1439 1686 1475 lucem,
1710 1445 1738 1467 et
1756 1449 1809 1468 non
1834 1442 1882 1475 sit,

1097 1482 1148 1502 nec
1162 1475 1441 1512 videatsplendorem
1460 1482 1577 1512 aurorae.
1601 1484 1610 1500 ι
1628 1474 1711 1512 Ortus
1727 1483 1793 1512 ergo
1809 1478 1883 1512 apud

1097 1515 1221 1537 nostrum
1259 1509 1434 1543 interpretem
1461 1509 1635 1545 splendorem
1666 1509 1802 1545 signiﬁiat
1819 1509 1836 1544 ,⁷
1856 1516 1886 1539 et

1097 1545 1226 1580 splendor
1240 1544 1364 1580 absolute
1385 1545 1419 1571 de
1434 1547 1531 1579 quovis
1555 1544 1647 1572 Maria:
1668 1544 1780 1573 instanti
1809 1547 1884 1574 venit

1098 1580 1283 1614 usurpandus.
1302 1579 1433 1606 Vatablus
1447 1579 1511 1614 legit
1526 1589 1532 1607 :
1551 1589 1559 1606 ‹
1577 1580 1723 1614 Exspectet
1741 1581 1841 1615 lucem,
1856 1587 1885 1609 et

1099 1622 1151 1642 non
1168 1615 1248 1651 adsit,
1262 1622 1311 1642 nec
1321 1614 1410 1641 videat
1425 1615 1567 1649 palpebras
1584 1623 1731 1651 aurorae.)
1754 1616 1808 1644 Has
1824 1618 1883 1651 pal-

1098 1651 1197 1687 pebras
1210 1650 1310 1687 frustra
1327 1650 1360 1676 ad
1376 1650 1546 1687 nativitatem
1565 1651 1651 1687 magis
1669 1650 1786 1685 deferas,
1801 1650 1884 1687 quam

1099 1683 1132 1711 ad
1147 1684 1370 1722 conceptioircm.
1389 1683 1416 1722 In
1432 1693 1461 1722 re
1472 1691 1541 1722 ergo
1557 1683 1638 1722 dubia
1659 1687 1746 1720 magis
1760 1683 1883 1722 congrue

1098 1721 1132 1746 ad
1147 1720 1276 1746 honorem
1295 1719 1416 1754 Virginis
1432 1720 1508 1746 locus
1526 1720 1647 1753 ducitur,
1661 1719 1742 1754 quam
1765 1719 1884 1749 trahitur

1098 1755 1131 1782 ad
1148 1755 1275 1790 impium.
1292 1754 1345 1782 Sed
1361 1754 1424 1782 audi
1443 1755 1508 1788 quid
1531 1763 1580 1789 pro
1601 1755 1689 1782 littera
1705 1756 1805 1784 Pineda
1824 1758 1860 1784 ibi
1875 1767 1882 1786 :

1101 1799 1110 1816 ι
1130 1790 1204 1826 Inter
1228 1790 1347 1824 reliquas
1377 1790 1570 1817 translationes
1601 1790 1660 1818 [nec
1691 1792 1884 1826 palpebrarum

1099 1825 1233 1853 illustrior
1243 1831 1294 1862 est,
1311 1825 1382 1862 quod
1396 1826 1504 1862 oculum
1521 1825 1583 1852 creti
1595 1826 1723 1860 respiciat
1738 1825 1746 1854 Ξ
1764 1835 1884 1862 namque

1099 1862 1184 1889 sulem
1205 1861 1268 1887 cmli
1291 1860 1401 1887 oculum
1418 1861 1527 1897 videtur
1544 1868 1642 1897 aurora
1660 1862 1737 1896 quasi
1755 1868 1816 1897 post
1833 1860 1883 1890 no-

1099 1901 1227 1924 cturttuni
1245 1903 1383 1929 soporem,
1403 1900 1430 1922 et
1443 1896 1534 1922 clausa
1557 1895 1674 1928 lumina,
1690 1895 1788 1924 itertfm
1805 1898 1885 1925 didu-

1099 1932 1161 1962 ctis.
1176 1936 1203 1958 ct
1222 1931 1325 1965 apertis
1350 1930 1489 1965 palpebris
1514 1930 1680 1965 vigilantem.
1697 1937 1724 1959 et
1743 1933 1881 1960 videntem

1099 1966 1200 1993 mundo
1215 1966 1338 2002 reddere.
1360 1975 1373 2002 i_
1385 1965 1473 2002 Divini
1489 1973 1554 2000 ergo
1567 1965 1657 1999 Oculi,
1672 1968 1696 1994 id
1716 1972 1768 1999 est,
1789 1966 1883 2002 Verbi,

1099 2001 1227 2036 palpebra
1241 2001 1294 2027 erit
1308 2000 1403 2032 Maria,
1413 2002 1435 2028 si
1450 2000 1555 2027 Aurora
1572 2006 1614 2028 est
1625 2009 1657 2028 ex
1668 2008 1755 2030 mente
1769 2001 1800 2029 Ι).
1814 2000 1884 2031 Tho—

1100 2044 1161 2068 mae,
1178 2041 1205 2063 et
1218 2036 1280 2070 quis
1296 2036 1459 2072 temulenti
1473 2036 1617 2072 palpebras
1630 2037 1726 2072 lippas,
1742 2044 1769 2065 ct
1785 2039 1884 2065 conui-

1099 2077 1193 2098 vcntes
1210 2070 1375 2105 quandoque
1392 2072 1576 2098 existimabit?
1592 2071 1619 2099 Si
1635 2070 1703 2099 nihil
1715 2081 1741 2099 ιιι
1757 2073 1882 2100 Divinam

1099 2107 1188 2143 lucem
1216 2106 1356 2143 Christum
1388 2106 1505 2134 ineurrit
1533 2107 1717 2142 inquinatum,
1745 2116 1794 2135 cur
1823 2109 1884 2143 ejus

1099 2140 1261 2178 Mater,rubi
1279 2141 1326 2168 lux
1342 2143 1405 2174 ista,
1423 2147 1552 2178 tanquam
1569 2140 1640 2178 inter
1654 2143 1808 2178 palpebras,
1830 2140 1883 2171 no-

1100 2177 1142 2204 bis
1172 2177 1329 2211 fulguravit,
1351 2177 1532 2212 denigratur?
1547 2178 1576 2204 Si
1601 2177 1686 2205 Maria
1710 2180 1816 2205 Aurora
1840 2185 1885 2206 est

1100 2211 1172 2248 Solis
1200 2212 1382 2248 inimacuiati,
1410 2211 1460 2239 cur
1487 2212 1643 2244 maculata,
1667 2215 1726 2240 imo
1741 2218 1883 2248 oppetcns,

1099 2247 1173 2281 quod
1199 2246 1336 2281 Corteepta
1362 2247 1481 2282 appetit,
1507 2247 1689 2282 profanatur?
1714 2246 1800 2282 Majiis
1828 2256 1883 2280 est,

1099 2283 1172 2316 quod
1186 2282 1272 2309 voluit
1285 2282 1316 2307 Β.
1329 2282 1402 2309 Petr.
1415 2281 1491 2309 Dant.
1504 2281 1537 2310 ad
1553 2284 1625 2310 hunc
1645 2284 1737 2311 locum
1753 2281 1836 2311 serm.
1849 2286 1883 2311 de

1098 2315 1241 2354 dssumpt.
1259 2325 1268 2342 ι
1290 2315 1358 2354 Hice?
1378 2322 1430 2349 est,
1457 2318 1556 2352 inquit,
1586 2319 1704 2352 Aurora,
1730 2326 1813 2354 quam
1839 2321 1884 2346 ille

1098 2360 1153 2379 non
1173 2353 1251 2385 vidit,
1273 2353 1320 2386 qui
1335 2353 1489 2379 viditomue
1503 2354 1630 2386 sublime,
1651 2361 1680 2381 ut
1696 2359 1755 2381 erat
1773 2353 1803 2381 Β.
1819 2353 1881 2387 Job,

1098 2393 1128 2414 ut
1146 2387 1183 2414 illi
1208 2388 1291 2414 multa
1317 2388 1512 2421 suppressione
1533 2389 1675 2416 claudatur
1686 2390 1802 2417 dicens:
1819 2389 1882 2416 Non

1098 2423 1183 2450 videat
1208 2429 1297 2449 ortum
1311 2423 1443 2457 surgentis
1459 2424 1582 2451 Auroraz.
1605 2425 1684 2452 Sicut
1696 2427 1802 2452 Aurora
1826 2431 1883 2452 ter-

1097 2465 1202 2485 minum
1223 2459 1321 2488 noctis.
1335 2463 1362 2484 et
1389 2458 1441 2485 diei
1459 2459 1623 2493 principium
1640 2461 1737 2488 adesse
1753 2464 1882 2493 testatur,

1097 2493 1138 2520 sic
1152 2497 1178 2520 et
1191 2493 1274 2527 Virgo
1291 2498 1398 2520 noctem
1422 2494 1526 2528 expulit
1542 2496 1747 2529 sempiternam.
1767 2504 1777 2521 ι
1792 2495 1882 2522 Minus

1097 2529 1169 2555 enim
1192 2536 1316 2563 congrue
1333 2535 1388 2557 tant
1404 2533 1490 2556 nimia
1500 2531 1716 2564 ‘suppressione,
1734 2531 1760 2557 id
1780 2535 1823 2558 est
1834 2531 1883 2557 ab-

1096 2564 1247 2595 strusioue,
1261 2564 1353 2591 clausa
1376 2564 1478 2591 dicitur
1500 2564 1606 2592 Aurora
1631 2571 1738 2598 nostra,
1763 2566 1786 2592 si
1808 2566 1882 2599 ipsas

1096 2599 1250 2633 appetentis
1269 2598 1343 2626 illius
1364 2600 1501 2633 primitias
1518 2601 1624 2627 daemon
1643 2601 1781 2636 oppressit
1805 2598 1882 2627 :inii-

1096 2641 1148 2661 nus
1173 2641 1293 2668 congrue
1311 2636 1498 2666 clauderetur,
1515 2638 1538 2662 si
1565 2636 1651 2663 hostis
1674 2637 1793 2670 primum
1808 2636 1883 2663 illius

1095 2670 1196 2696 ostium
1210 2671 1349 2696 reseravit.
1362 2669 1441 2696 Absit
1456 2679 1462 2696 :
1477 2678 1531 2698 non
1547 2672 1633 2698 solum
1651 2669 1703 2698 non
1721 2672 1820 2705 tetigit,
1835 2672 1882 2697 sed

1096 2712 1145 2741 pec
1162 2712 1222 2731 eam
1242 2705 1335 2732 videre
1358 2712 1443 2732 ausus
1460 2711 1502 2732 est
1525 2708 1652 2740 princeps
1674 2709 1813 2741 superwa
1831 2714 1882 2733 su-

1095 2738 1219 2766 blimium
1234 2745 1390 2774 spectator;
1407 2748 1489 2774 quam
1503 2738 1561 2775 jam
1585 2738 1751 2776 se’suosq'ue
1767 2749 1881 2776 oppres-

1095 2781 1209 2811 §_uram,,
1225 2780 1253 2811 et
1273 2780 1376 2802 aeterno
1396 2777 1555 2811 clausuram
1573 2783 1683 2803 carcere
1705 2777 1881 2811 pertimebat.

1094 2808 1232 2836 Hactenus
1245 2809 1384 2837 Ramirez.
1396 2810 1462 2846 ωε
1475 2810 1503 2837 S.
1516 2811 1650 2838 Thomam
1666 2813 1692 2839 in
1705 2808 1806 2846 psalui.
1820 2819 1879 2842 xtv,

1095 2845 1140 2881 tibi
1156 2845 1297 2881 explicans
1309 2845 1342 2872 de
1357 2846 1388 2873 Β.
1405 2845 1515 2880 Virgine
1525 2847 1569 2873 illa
1584 2848 1664 2873 verba
1683 2856 1689 2874 :
1709 2845 1718 2872 ἒ
1738 2847 1879 2881 Adjuvabil

1094 2879 1160 2906 Eant
1184 2880 1257 2907 Deus
1278 2889 1358 2908 mane
1375 2879 1507 2914 diluculo,
1527 2890 1536 2907 t
1568 2882 1667 2916 inquit,
1688 2879 1880 2909 DCUIIIVMaIliI'

1092 2915 1241 2946 exsistcndi
1259 2917 1348 2944 adhuc
1363 2917 1390 2944 in
1405 2922 1492 2950 utero,
1504 2915 1667 2945 auxiliatum
1683 2918 1766 2946 fuisse
1788 2926 1794 2944 :
1812 2928 1822 2944 ι
1842 2917 1876 2942 Et
