  <div class='ocr_page' id='page_1' title='image "/cluster/home/n/w/nwhite01/storage/ocr_20150623/105/njp.32101077772893/771.png"; bbox 0 0 2075 3154; ppageno 0'>
   <div class='ocr_carea' id='block_1_1' title="bbox 242 193 309 225">
    <p class='ocr_par' dir='ltr' id='par_1_1' title="bbox 242 193 309 225">
     <span class='ocr_line' id='line_1_1' title="bbox 242 193 309 225; baseline -0.015 0"><span class='ocrx_word' id='word_1_1' title='bbox 242 193 309 225; x_wconf 72' lang='lat'><strong>1399</strong></span> 
     </span>
    </p>
   </div>
   <div class='ocr_carea' id='block_1_2' title="bbox 239 243 1065 282">
    <p class='ocr_par' dir='ltr' id='par_1_2' title="bbox 239 243 1065 282">
     <span class='ocr_line' id='line_1_2' title="bbox 239 243 1065 282; baseline -0.002 -7"><span class='ocrx_word' id='word_1_2' title='bbox 239 257 293 282; x_wconf 70' lang='lat' dir='ltr'><strong>sas,</strong></span> <span class='ocrx_word' id='word_1_3' title='bbox 308 247 391 275; x_wconf 85' lang='lat' dir='ltr'><strong>animi</strong></span> <span class='ocrx_word' id='word_1_4' title='bbox 411 247 551 275; x_wconf 71' lang='lat' dir='ltr'><strong>alacritate</strong></span> <span class='ocrx_word' id='word_1_5' title='bbox 575 245 676 282; x_wconf 81' lang='lat' dir='ltr'><strong>repleta</strong></span> <span class='ocrx_word' id='word_1_6' title='bbox 695 253 737 279; x_wconf 87' lang='lat' dir='ltr'><strong>es,</strong></span> <span class='ocrx_word' id='word_1_7' title='bbox 750 246 876 273; x_wconf 86' lang='lat' dir='ltr'><strong>eumdem</strong></span> <span class='ocrx_word' id='word_1_8' title='bbox 901 244 1025 280; x_wconf 75' lang='lat' dir='ltr'><strong>magniﬁ-</strong></span> <span class='ocrx_word' id='word_1_9' title='bbox 1039 243 1065 273; x_wconf 85' lang='grc' dir='ltr'>Α</span> 
     </span>
    </p>
   </div>
   <div class='ocr_carea' id='block_1_3' title="bbox 238 303 316 324">
    <p class='ocr_par' dir='ltr' id='par_1_3' title="bbox 238 303 316 324">
     <span class='ocr_line' id='line_1_3' title="bbox 238 303 316 324; baseline -0.026 0"><span class='ocrx_word' id='word_1_10' title='bbox 238 303 316 324; x_wconf 78' lang='lat' dir='ltr'><strong>cans.</strong></span> 
     </span>
    </p>
   </div>
   <div class='ocr_carea' id='block_1_4' title="bbox 271 335 1024 373">
    <p class='ocr_par' dir='ltr' id='par_1_4' title="bbox 271 335 1024 373">
     <span class='ocr_line' id='line_1_4' title="bbox 271 335 1024 373; baseline -0.007 -7"><span class='ocrx_word' id='word_1_11' title='bbox 271 339 364 367; x_wconf 78' lang='lat' dir='ltr'><strong>Jesum</strong></span> <span class='ocrx_word' id='word_1_12' title='bbox 377 346 456 373; x_wconf 88' lang='lat' dir='ltr'><strong>quem</strong></span> <span class='ocrx_word' id='word_1_13' title='bbox 470 344 584 372; x_wconf 85' lang='lat' dir='ltr'><strong>corpore</strong></span> <span class='ocrx_word' id='word_1_14' title='bbox 597 336 710 364; x_wconf 85' lang='lat' dir='ltr'><strong>induisti</strong></span> <span class='ocrx_word' id='word_1_15' title='bbox 721 343 806 371; x_wconf 80' lang='lat' dir='ltr'><strong>supra</strong></span> <span class='ocrx_word' id='word_1_16' title='bbox 819 335 1024 370; x_wconf 73' lang='lat' dir='ltr'><strong>cogitationem,</strong></span> 
     </span>
    </p>
   </div>
   <div class='ocr_carea' id='block_1_5' title="bbox 238 381 1023 415">
    <p class='ocr_par' dir='ltr' id='par_1_5' title="bbox 238 381 1023 415">
     <span class='ocr_line' id='line_1_5' title="bbox 238 381 1023 415; baseline -0.006 -3"><span class='ocrx_word' id='word_1_17' title='bbox 238 394 259 413; x_wconf 74' lang='lat' dir='ltr'><strong>c:</strong></span> <span class='ocrx_word' id='word_1_18' title='bbox 272 389 313 412; x_wconf 92' lang='lat' dir='ltr'><strong>sta</strong></span> <span class='ocrx_word' id='word_1_19' title='bbox 341 384 466 415; x_wconf 85' lang='lat' dir='ltr'><strong>Domina,</strong></span> <span class='ocrx_word' id='word_1_20' title='bbox 494 383 687 411; x_wconf 82' lang='lat' dir='ltr'><strong>resuscitatum</strong></span> <span class='ocrx_word' id='word_1_21' title='bbox 721 382 832 409; x_wconf 89' lang='lat' dir='ltr'><strong>intuens</strong></span> <span class='ocrx_word' id='word_1_22' title='bbox 858 388 874 409; x_wconf 85' lang='lat' dir='ltr'><strong>e</strong></span> <span class='ocrx_word' id='word_1_23' title='bbox 898 381 1023 413; x_wconf 87' lang='lat' dir='ltr'><strong>mortuis,</strong></span> 
     </span>
    </p>
   </div>
   <div class='ocr_carea' id='block_1_6' title="bbox 237 426 1023 464">
    <p class='ocr_par' dir='ltr' id='par_1_6' title="bbox 237 426 1023 464">
     <span class='ocr_line' id='line_1_6' title="bbox 237 426 1023 464; baseline -0.006 -6"><span class='ocrx_word' id='word_1_24' title='bbox 237 430 375 458; x_wconf 77' lang='lat' dir='ltr'><strong>clamabas</strong></span> <span class='ocrx_word' id='word_1_25' title='bbox 391 430 497 462; x_wconf 82' lang='lat' dir='ltr'><strong>:Quam</strong></span> <span class='ocrx_word' id='word_1_26' title='bbox 509 429 631 464; x_wconf 84' lang='lat' dir='ltr'><strong>speciosa</strong></span> <span class='ocrx_word' id='word_1_27' title='bbox 647 427 824 463; x_wconf 80' lang='lat' dir='ltr'><strong>pulchritudo</strong></span> <span class='ocrx_word' id='word_1_28' title='bbox 843 432 898 459; x_wconf 86' lang='lat' dir='ltr'><strong>tua,</strong></span> <span class='ocrx_word' id='word_1_29' title='bbox 908 426 959 453; x_wconf 85' lang='lat' dir='ltr'><strong>Fili</strong></span> <span class='ocrx_word' id='word_1_30' title='bbox 975 427 1023 460; x_wconf 90' lang='lat' dir='ltr'><strong>mi,</strong></span> 
     </span>
    </p>
   </div>
   <div class='ocr_carea' id='block_1_7' title="bbox 238 473 1023 511">
    <p class='ocr_par' dir='ltr' id='par_1_7' title="bbox 238 473 1023 511">
     <span class='ocr_line' id='line_1_7' title="bbox 238 473 1023 511; baseline -0.005 -8"><span class='ocrx_word' id='word_1_31' title='bbox 238 485 285 511; x_wconf 84' lang='lat' dir='ltr'><strong>per</strong></span> <span class='ocrx_word' id='word_1_32' title='bbox 297 483 377 511; x_wconf 85' lang='lat' dir='ltr'><strong>quam</strong></span> <span class='ocrx_word' id='word_1_33' title='bbox 391 475 425 502; x_wconf 88' lang='lat' dir='ltr'><strong>ad</strong></span> <span class='ocrx_word' id='word_1_34' title='bbox 440 475 578 510; x_wconf 90' lang='lat' dir='ltr'><strong>antiquam</strong></span> <span class='ocrx_word' id='word_1_35' title='bbox 590 474 705 502; x_wconf 79' lang='lat' dir='ltr'><strong>formam</strong></span> <span class='ocrx_word' id='word_1_36' title='bbox 718 473 803 501; x_wconf 83' lang='lat' dir='ltr'><strong>Adam</strong></span> <span class='ocrx_word' id='word_1_37' title='bbox 816 479 888 500; x_wconf 86' lang='lat' dir='ltr'><strong>nunc</strong></span> <span class='ocrx_word' id='word_1_38' title='bbox 902 475 1023 499; x_wconf 86' lang='lat' dir='ltr'><strong>mutatus</strong></span> 
     </span>
    </p>
   </div>
   <div class='ocr_carea' id='block_1_8' title="bbox 237 526 396 554">
    <p class='ocr_par' dir='ltr' id='par_1_8' title="bbox 237 526 396 554">
     <span class='ocr_line' id='line_1_8' title="bbox 237 526 396 554; baseline -0.013 -5"><span class='ocrx_word' id='word_1_39' title='bbox 237 526 396 554; x_wconf 71' lang='lat' dir='ltr'><strong>renovatur,</strong></span> 
     </span>
    </p>
   </div>
   <div class='ocr_carea' id='block_1_9' title="bbox 272 561 1023 600">
    <p class='ocr_par' dir='ltr' id='par_1_9' title="bbox 272 561 1023 600">
     <span class='ocr_line' id='line_1_9' title="bbox 272 561 1023 600; baseline -0.005 -6"><span class='ocrx_word' id='word_1_40' title='bbox 272 567 394 594; x_wconf 77' lang='lat' dir='ltr'><strong>Luminis</strong></span> <span class='ocrx_word' id='word_1_41' title='bbox 406 567 442 594; x_wconf 92' lang='lat' dir='ltr'><strong>tui</strong></span> <span class='ocrx_word' id='word_1_42' title='bbox 460 565 545 593; x_wconf 84' lang='lat' dir='ltr'><strong>radiis</strong></span> <span class='ocrx_word' id='word_1_43' title='bbox 560 565 662 600; x_wconf 69' lang='lat' dir='ltr'><strong>diasipa</strong></span> <span class='ocrx_word' id='word_1_44' title='bbox 677 571 744 592; x_wconf 55' lang='lat' dir='ltr'><strong>mea).</strong></span> <span class='ocrx_word' id='word_1_45' title='bbox 769 563 943 599; x_wconf 64' lang='lat' dir='ltr'><strong>ignorantia,</strong></span> <span class='ocrx_word' id='word_1_46' title='bbox 959 561 1023 590; x_wconf 81' lang='lat' dir='ltr'><strong>Dei-</strong></span> 
     </span>
    </p>
   </div>
   <div class='ocr_carea' id='block_1_10' title="bbox 236 610 1022 649">
    <p class='ocr_par' dir='ltr' id='par_1_10' title="bbox 236 610 1022 649">
     <span class='ocr_line' id='line_1_10' title="bbox 236 610 1022 649; baseline -0.004 -9"><span class='ocrx_word' id='word_1_47' title='bbox 236 621 310 649; x_wconf 83' lang='lat' dir='ltr'><strong>para,</strong></span> <span class='ocrx_word' id='word_1_48' title='bbox 323 613 478 648; x_wconf 74' lang='lat' dir='ltr'><strong>caliginem,</strong></span> <span class='ocrx_word' id='word_1_49' title='bbox 488 617 518 640; x_wconf 90' lang='lat' dir='ltr'><strong>ut</strong></span> <span class='ocrx_word' id='word_1_50' title='bbox 535 611 594 639; x_wconf 90' lang='lat' dir='ltr'><strong>ﬁdei</strong></span> <span class='ocrx_word' id='word_1_51' title='bbox 609 611 721 638; x_wconf 84' lang='lat' dir='ltr'><strong>vocibus</strong></span> <span class='ocrx_word' id='word_1_52' title='bbox 734 610 877 646; x_wconf 72' lang='lat' dir='ltr'><strong>praedicem</strong></span> <span class='ocrx_word' id='word_1_53' title='bbox 892 614 1022 645; x_wconf 85' lang='lat' dir='ltr'><strong>perpetuo</strong></span> 
     </span>
    </p>
   </div>
   <div class='ocr_carea' id='block_1_11' title="bbox 237 659 447 687">
    <p class='ocr_par' dir='ltr' id='par_1_11' title="bbox 237 659 447 687">
     <span class='ocr_line' id='line_1_11' title="bbox 237 659 447 687; baseline -0.005 0"><span class='ocrx_word' id='word_1_54' title='bbox 237 659 374 687; x_wconf 79' lang='lat' dir='ltr'><strong>mirabilia</strong></span> <span class='ocrx_word' id='word_1_55' title='bbox 390 663 447 686; x_wconf 86' lang='lat' dir='ltr'><strong>tua.</strong></span> 
     </span>
    </p>
   </div>
   <div class='ocr_carea' id='block_1_12' title="bbox 412 711 845 747">
    <p class='ocr_par' dir='ltr' id='par_1_12' title="bbox 412 711 845 747">
     <span class='ocr_line' id='line_1_12' title="bbox 412 711 845 747; baseline -0.002 -8"><span class='ocrx_word' id='word_1_56' title='bbox 412 711 455 739; x_wconf 76' lang='lat' dir='ltr'><strong>Ex</strong></span> <span class='ocrx_word' id='word_1_57' title='bbox 475 719 573 739; x_wconf 69' lang='lat' dir='ltr'><strong>canone</strong></span> <span class='ocrx_word' id='word_1_58' title='bbox 588 712 661 747; x_wconf 79' lang='lat' dir='ltr'><strong>feria:</strong></span> <span class='ocrx_word' id='word_1_59' title='bbox 673 719 709 739; x_wconf 86' lang='lat' dir='ltr'><strong>tv.</strong></span> <span class='ocrx_word' id='word_1_60' title='bbox 726 711 801 738; x_wconf 80' lang='lat' dir='ltr'><strong>Itebd.</strong></span> <span class='ocrx_word' id='word_1_61' title='bbox 818 719 845 739; x_wconf 91' lang='lat' dir='ltr'><strong>v.</strong></span> 
     </span>
    </p>
   </div>
   <div class='ocr_carea' id='block_1_13' title="bbox 271 765 1021 802">
    <p class='ocr_par' dir='ltr' id='par_1_13' title="bbox 271 765 1021 802">
     <span class='ocr_line' id='line_1_13' title="bbox 271 765 1021 802; baseline -0.003 -7"><span class='ocrx_word' id='word_1_62' title='bbox 271 769 323 802; x_wconf 84' lang='lat' dir='ltr'><strong>Qui</strong></span> <span class='ocrx_word' id='word_1_63' title='bbox 354 767 503 795; x_wconf 76' lang='lat' dir='ltr'><strong>secundum</strong></span> <span class='ocrx_word' id='word_1_64' title='bbox 542 766 680 801; x_wconf 81' lang='lat' dir='ltr'><strong>propriam</strong></span> <span class='ocrx_word' id='word_1_65' title='bbox 719 770 843 793; x_wconf 86' lang='lat' dir='ltr'><strong>naturam</strong></span> <span class='ocrx_word' id='word_1_66' title='bbox 877 765 1021 793; x_wconf 79' lang='lat' dir='ltr'><strong>invisibilis</strong></span> 
     </span>
    </p>
   </div>
   <div class='ocr_carea' id='block_1_14' title="bbox 236 810 1022 845">
    <p class='ocr_par' dir='ltr' id='par_1_14' title="bbox 236 810 1022 845">
     <span class='ocr_line' id='line_1_14' title="bbox 236 810 1022 845; baseline -0.003 -6"><span class='ocrx_word' id='word_1_67' title='bbox 236 817 305 845; x_wconf 86' lang='lat' dir='ltr'><strong>erat,</strong></span> <span class='ocrx_word' id='word_1_68' title='bbox 321 812 436 839; x_wconf 83' lang='lat' dir='ltr'><strong>visibilis</strong></span> <span class='ocrx_word' id='word_1_69' title='bbox 462 814 505 838; x_wconf 89' lang='lat' dir='ltr'><strong>est</strong></span> <span class='ocrx_word' id='word_1_70' title='bbox 523 810 611 838; x_wconf 78' lang='lat' dir='ltr'><strong>factus</strong></span> <span class='ocrx_word' id='word_1_71' title='bbox 638 811 795 837; x_wconf 80' lang='lat' dir='ltr'><strong>incarnatus</strong></span> <span class='ocrx_word' id='word_1_72' title='bbox 814 818 847 838; x_wconf 86' lang='lat' dir='ltr'><strong>ex</strong></span> <span class='ocrx_word' id='word_1_73' title='bbox 874 814 914 842; x_wconf 83' lang='lat' dir='ltr'><strong>te,</strong></span> <span class='ocrx_word' id='word_1_74' title='bbox 933 810 1022 837; x_wconf 88' lang='lat' dir='ltr'><strong>incul-</strong></span> 
     </span>
    </p>
   </div>
   <div class='ocr_carea' id='block_1_15' title="bbox 235 855 1020 892">
    <p class='ocr_par' dir='ltr' id='par_1_15' title="bbox 235 855 1020 892">
     <span class='ocr_line' id='line_1_15' title="bbox 235 855 1020 892; baseline 0 -8"><span class='ocrx_word' id='word_1_75' title='bbox 235 857 375 892; x_wconf 69' lang='lat' dir='ltr'><strong>patissimu</strong></span> <span class='ocrx_word' id='word_1_76' title='bbox 403 856 528 890; x_wconf 86' lang='lat' dir='ltr'><strong>Domina,</strong></span> <span class='ocrx_word' id='word_1_77' title='bbox 542 860 569 884; x_wconf 90' lang='lat' dir='ltr'><strong>et</strong></span> <span class='ocrx_word' id='word_1_78' title='bbox 600 863 707 884; x_wconf 87' lang='lat' dir='ltr'><strong>crucem</strong></span> <span class='ocrx_word' id='word_1_79' title='bbox 737 860 906 890; x_wconf 85' lang='lat' dir='ltr'><strong>mortemque</strong></span> <span class='ocrx_word' id='word_1_80' title='bbox 927 855 1020 884; x_wconf 83' lang='lat' dir='ltr'><strong>volens</strong></span> 
     </span>
    </p>
   </div>
   <div class='ocr_carea' id='block_1_16' title="bbox 236 903 378 930">
    <p class='ocr_par' dir='ltr' id='par_1_16' title="bbox 236 903 378 930">
     <span class='ocr_line' id='line_1_16' title="bbox 236 903 378 930; baseline -0.007 0"><span class='ocrx_word' id='word_1_81' title='bbox 236 903 378 930; x_wconf 84' lang='lat' dir='ltr'><strong>sustinuit.</strong></span> 
     </span>
    </p>
   </div>
   <div class='ocr_carea' id='block_1_17' title="bbox 271 944 1018 980">
    <p class='ocr_par' dir='ltr' id='par_1_17' title="bbox 271 944 1018 980">
     <span class='ocr_line' id='line_1_17' title="bbox 271 944 1018 980; baseline -0.001 -7"><span class='ocrx_word' id='word_1_82' title='bbox 271 947 337 979; x_wconf 88' lang='lat' dir='ltr'><strong>Qua:</strong></span> <span class='ocrx_word' id='word_1_83' title='bbox 353 946 498 973; x_wconf 88' lang='lat' dir='ltr'><strong>Dominum</strong></span> <span class='ocrx_word' id='word_1_84' title='bbox 522 945 606 973; x_wconf 88' lang='lat' dir='ltr'><strong>Deum</strong></span> <span class='ocrx_word' id='word_1_85' title='bbox 637 945 765 980; x_wconf 84' lang='lat' dir='ltr'><strong>peperisti</strong></span> <span class='ocrx_word' id='word_1_86' title='bbox 795 945 857 972; x_wconf 64' lang='lat' dir='ltr'><strong>vita:</strong></span> <span class='ocrx_word' id='word_1_87' title='bbox 882 944 1018 980; x_wconf 83' lang='lat' dir='ltr'><strong>mortique</strong></span> 
     </span>
    </p>
   </div>
   <div class='ocr_carea' id='block_1_18' title="bbox 235 989 1018 1022">
    <p class='ocr_par' dir='ltr' id='par_1_18' title="bbox 235 989 1018 1022">
     <span class='ocr_line' id='line_1_18' title="bbox 235 989 1018 1022; baseline -0.001 -5"><span class='ocrx_word' id='word_1_88' title='bbox 235 991 434 1022; x_wconf 84' lang='lat' dir='ltr'><strong>dominantem,</strong></span> <span class='ocrx_word' id='word_1_89' title='bbox 450 990 482 1017; x_wconf 86' lang='lat' dir='ltr'><strong>da</strong></span> <span class='ocrx_word' id='word_1_90' title='bbox 499 990 588 1022; x_wconf 90' lang='lat' dir='ltr'><strong>nobis,</strong></span> <span class='ocrx_word' id='word_1_91' title='bbox 601 997 618 1016; x_wconf 91' lang='grc' dir='ltr'>ο</span> <span class='ocrx_word' id='word_1_92' title='bbox 632 994 720 1022; x_wconf 86' lang='lat' dir='ltr'><strong>casta,</strong></span> <span class='ocrx_word' id='word_1_93' title='bbox 739 989 890 1016; x_wconf 88' lang='lat' dir='ltr'><strong>dominium</strong></span> <span class='ocrx_word' id='word_1_94' title='bbox 905 989 1018 1016; x_wconf 79' lang='lat' dir='ltr'><strong>evadere</strong></span> 
     </span>
    </p>
   </div>
   <div class='ocr_carea' id='block_1_19' title="bbox 236 1035 856 1071">
    <p class='ocr_par' dir='ltr' id='par_1_19' title="bbox 236 1035 856 1071">
     <span class='ocr_line' id='line_1_19' title="bbox 236 1035 856 1071; baseline -0.003 -7"><span class='ocrx_word' id='word_1_95' title='bbox 236 1037 394 1064; x_wconf 85' lang='lat' dir='ltr'><strong>insidiantis</strong></span> <span class='ocrx_word' id='word_1_96' title='bbox 409 1040 509 1064; x_wconf 82' lang='lat' dir='ltr'><strong>nostra:</strong></span> <span class='ocrx_word' id='word_1_97' title='bbox 519 1036 623 1063; x_wconf 87' lang='lat' dir='ltr'><strong>liberali</strong></span> <span class='ocrx_word' id='word_1_98' title='bbox 635 1036 745 1071; x_wconf 71' lang='lat' dir='ltr'><strong>maligni</strong></span> <span class='ocrx_word' id='word_1_99' title='bbox 762 1035 856 1063; x_wconf 89' lang='lat' dir='ltr'><strong>hostis.</strong></span> 
     </span>
    </p>
   </div>
   <div class='ocr_carea' id='block_1_20' title="bbox 271 1080 1018 1117">
    <p class='ocr_par' dir='ltr' id='par_1_20' title="bbox 271 1080 1018 1117">
     <span class='ocr_line' id='line_1_20' title="bbox 271 1080 1018 1117; baseline -0.001 -8"><span class='ocrx_word' id='word_1_100' title='bbox 271 1081 306 1109; x_wconf 86' lang='lat' dir='ltr'><strong>Ut</strong></span> <span class='ocrx_word' id='word_1_101' title='bbox 333 1088 409 1117; x_wconf 86' lang='lat' dir='ltr'><strong>porta</strong></span> <span class='ocrx_word' id='word_1_102' title='bbox 434 1081 503 1109; x_wconf 84' lang='lat' dir='ltr'><strong>lucis</strong></span> <span class='ocrx_word' id='word_1_103' title='bbox 533 1088 567 1107; x_wconf 82' lang='lat' dir='ltr'><strong>ex</strong></span> <span class='ocrx_word' id='word_1_104' title='bbox 594 1081 651 1108; x_wconf 87' lang='lat' dir='ltr'><strong>orci</strong></span> <span class='ocrx_word' id='word_1_105' title='bbox 686 1080 898 1116; x_wconf 84' lang='lat' dir='ltr'><strong>penetrabilibus</strong></span> <span class='ocrx_word' id='word_1_106' title='bbox 933 1082 1018 1108; x_wconf 85' lang='lat' dir='ltr'><strong>solem</strong></span> 
     </span>
    </p>
   </div>
   <div class='ocr_carea' id='block_1_21' title="bbox 234 1125 1019 1160">
    <p class='ocr_par' dir='ltr' id='par_1_21' title="bbox 234 1125 1019 1160">
     <span class='ocr_line' id='line_1_21' title="bbox 234 1125 1019 1160; baseline 0 -7"><span class='ocrx_word' id='word_1_107' title='bbox 234 1126 332 1154; x_wconf 89' lang='lat' dir='ltr'><strong>intuita</strong></span> <span class='ocrx_word' id='word_1_108' title='bbox 370 1131 505 1158; x_wconf 83' lang='lat' dir='ltr'><strong>exortum,</strong></span> <span class='ocrx_word' id='word_1_109' title='bbox 535 1125 629 1160; x_wconf 83' lang='lat' dir='ltr'><strong>Virgo,</strong></span> <span class='ocrx_word' id='word_1_110' title='bbox 659 1129 687 1153; x_wconf 88' lang='lat' dir='ltr'><strong>et</strong></span> <span class='ocrx_word' id='word_1_111' title='bbox 725 1125 927 1153; x_wconf 85' lang='lat' dir='ltr'><strong>collustrantem</strong></span> <span class='ocrx_word' id='word_1_112' title='bbox 966 1130 1019 1153; x_wconf 87' lang='lat' dir='ltr'><strong>ter-</strong></span> 
     </span>
    </p>
   </div>
   <div class='ocr_carea' id='block_1_22' title="bbox 233 1173 1019 1209">
    <p class='ocr_par' dir='ltr' id='par_1_22' title="bbox 233 1173 1019 1209">
     <span class='ocr_line' id='line_1_22' title="bbox 233 1173 1019 1209; baseline 0 -7"><span class='ocrx_word' id='word_1_113' title='bbox 233 1175 323 1202; x_wconf 79' lang='lat' dir='ltr'><strong>minOs</strong></span> <span class='ocrx_word' id='word_1_114' title='bbox 342 1179 432 1207; x_wconf 61' lang='lat' dir='ltr'><strong>terra,</strong></span> <span class='ocrx_word' id='word_1_115' title='bbox 450 1174 542 1201; x_wconf 84' lang='lat' dir='ltr'><strong>divina</strong></span> <span class='ocrx_word' id='word_1_116' title='bbox 556 1173 690 1209; x_wconf 87' lang='lat' dir='ltr'><strong>completa</strong></span> <span class='ocrx_word' id='word_1_117' title='bbox 713 1181 744 1202; x_wconf 89' lang='lat' dir='ltr'><strong>es</strong></span> <span class='ocrx_word' id='word_1_118' title='bbox 771 1175 914 1208; x_wconf 77' lang='lat' dir='ltr'><strong>suavitate,</strong></span> <span class='ocrx_word' id='word_1_119' title='bbox 931 1174 1019 1202; x_wconf 90' lang='lat' dir='ltr'><strong>incul-</strong></span> 
     </span>
    </p>
   </div>
   <div class='ocr_carea' id='block_1_23' title="bbox 232 1221 385 1256">
    <p class='ocr_par' dir='ltr' id='par_1_23' title="bbox 232 1221 385 1256">
     <span class='ocr_line' id='line_1_23' title="bbox 232 1221 385 1256; baseline -0.007 -8"><span class='ocrx_word' id='word_1_120' title='bbox 232 1221 385 1256; x_wconf 86' lang='lat' dir='ltr'><strong>patissima.</strong></span> 
     </span>
    </p>
   </div>
   <div class='ocr_carea' id='block_1_24' title="bbox 411 1274 825 1311">
    <p class='ocr_par' dir='ltr' id='par_1_24' title="bbox 411 1274 825 1311">
     <span class='ocr_line' id='line_1_24' title="bbox 411 1274 825 1311; baseline 0.005 -9"><span class='ocrx_word' id='word_1_121' title='bbox 411 1274 454 1302; x_wconf 66' lang='lat' dir='ltr'><strong>Ex</strong></span> <span class='ocrx_word' id='word_1_122' title='bbox 467 1284 565 1302; x_wconf 84' lang='lat' dir='ltr'><strong>canone</strong></span> <span class='ocrx_word' id='word_1_123' title='bbox 581 1275 655 1311; x_wconf 69' lang='lat' dir='ltr'><strong>[trite</strong></span> <span class='ocrx_word' id='word_1_124' title='bbox 669 1284 695 1304; x_wconf 78' lang='grc' dir='ltr'>ν.</span> <span class='ocrx_word' id='word_1_125' title='bbox 707 1276 782 1304; x_wconf 75' lang='lat' dir='ltr'><strong>hebri.</strong></span> <span class='ocrx_word' id='word_1_126' title='bbox 799 1285 825 1304; x_wconf 75' lang='grc' dir='ltr'><strong>ν.</strong></span> 
     </span>
    </p>
   </div>
   <div class='ocr_carea' id='block_1_25' title="bbox 266 1330 1018 1367">
    <p class='ocr_par' dir='ltr' id='par_1_25' title="bbox 266 1330 1018 1367">
     <span class='ocr_line' id='line_1_25' title="bbox 266 1330 1018 1367; baseline 0.001 -8"><span class='ocrx_word' id='word_1_127' title='bbox 266 1331 335 1359; x_wconf 88' lang='lat' dir='ltr'><strong>Cum</strong></span> <span class='ocrx_word' id='word_1_128' title='bbox 352 1331 450 1359; x_wconf 85' lang='lat' dir='ltr'><strong>Filium</strong></span> <span class='ocrx_word' id='word_1_129' title='bbox 467 1335 542 1358; x_wconf 89' lang='lat' dir='ltr'><strong>tuum</strong></span> <span class='ocrx_word' id='word_1_130' title='bbox 575 1338 590 1358; x_wconf 91' lang='lat' dir='ltr'><strong>e</strong></span> <span class='ocrx_word' id='word_1_131' title='bbox 617 1330 742 1365; x_wconf 87' lang='lat' dir='ltr'><strong>sepulcro</strong></span> <span class='ocrx_word' id='word_1_132' title='bbox 768 1337 952 1367; x_wconf 80' lang='lat' dir='ltr'><strong>resurgentem</strong></span> <span class='ocrx_word' id='word_1_133' title='bbox 978 1333 1018 1360; x_wconf 87' lang='lat' dir='ltr'><strong>vi-</strong></span> 
     </span>
    </p>
   </div>
   <div class='ocr_carea' id='block_1_26' title="bbox 231 1376 1018 1414">
    <p class='ocr_par' dir='ltr' id='par_1_26' title="bbox 231 1376 1018 1414">
     <span class='ocr_line' id='line_1_26' title="bbox 231 1376 1018 1414; baseline 0.004 -10"><span class='ocrx_word' id='word_1_134' title='bbox 231 1377 331 1409; x_wconf 86' lang='lat' dir='ltr'><strong>disses,</strong></span> <span class='ocrx_word' id='word_1_135' title='bbox 346 1385 362 1405; x_wconf 94' lang='grc' dir='ltr'>ο</span> <span class='ocrx_word' id='word_1_136' title='bbox 382 1377 462 1413; x_wconf 90' lang='lat' dir='ltr'><strong>Virgo</strong></span> <span class='ocrx_word' id='word_1_137' title='bbox 480 1376 608 1404; x_wconf 80' lang='lat' dir='ltr'><strong>inviolata</strong></span> <span class='ocrx_word' id='word_1_138' title='bbox 626 1376 695 1412; x_wconf 82' lang='lat'><strong>(65),</strong></span> <span class='ocrx_word' id='word_1_139' title='bbox 712 1384 773 1404; x_wconf 90' lang='lat' dir='ltr'><strong>cum</strong></span> <span class='ocrx_word' id='word_1_140' title='bbox 793 1377 866 1405; x_wconf 87' lang='lat' dir='ltr'><strong>illius</strong></span> <span class='ocrx_word' id='word_1_141' title='bbox 888 1379 1018 1414; x_wconf 82' lang='lat' dir='ltr'><strong>apostolis</strong></span> 
     </span>
    </p>
   </div>
   <div class='ocr_carea' id='block_1_27' title="bbox 231 1422 829 1458">
    <p class='ocr_par' dir='ltr' id='par_1_27' title="bbox 231 1422 829 1458">
     <span class='ocr_line' id='line_1_27' title="bbox 231 1422 829 1458; baseline 0 -8"><span class='ocrx_word' id='word_1_142' title='bbox 231 1424 379 1458; x_wconf 80' lang='lat' dir='ltr'><strong>gaudebas,</strong></span> <span class='ocrx_word' id='word_1_143' title='bbox 394 1431 456 1451; x_wconf 92' lang='lat' dir='ltr'><strong>cum</strong></span> <span class='ocrx_word' id='word_1_144' title='bbox 477 1423 576 1458; x_wconf 88' lang='lat' dir='ltr'><strong>quibus</strong></span> <span class='ocrx_word' id='word_1_145' title='bbox 594 1427 620 1450; x_wconf 93' lang='lat' dir='ltr'><strong>te</strong></span> <span class='ocrx_word' id='word_1_146' title='bbox 634 1422 829 1457; x_wconf 82' lang='lat' dir='ltr'><strong>gloriﬁcamus.</strong></span> 
     </span>
    </p>
   </div>
   <div class='ocr_carea' id='block_1_28' title="bbox 267 1469 1017 1504">
    <p class='ocr_par' dir='ltr' id='par_1_28' title="bbox 267 1469 1017 1504">
     <span class='ocr_line' id='line_1_28' title="bbox 267 1469 1017 1504; baseline 0 -6"><span class='ocrx_word' id='word_1_147' title='bbox 267 1470 351 1498; x_wconf 84' lang='lat' dir='ltr'><strong>Serva</strong></span> <span class='ocrx_word' id='word_1_148' title='bbox 364 1478 407 1498; x_wconf 85' lang='lat' dir='ltr'><strong>me</strong></span> <span class='ocrx_word' id='word_1_149' title='bbox 425 1470 458 1497; x_wconf 87' lang='lat' dir='ltr'><strong>ab</strong></span> <span class='ocrx_word' id='word_1_150' title='bbox 475 1470 535 1504; x_wconf 80' lang='lat' dir='ltr'><strong>igne</strong></span> <span class='ocrx_word' id='word_1_151' title='bbox 551 1469 682 1504; x_wconf 71' lang='lat' dir='ltr'><strong>gehennae</strong></span> <span class='ocrx_word' id='word_1_152' title='bbox 696 1473 722 1496; x_wconf 88' lang='lat' dir='ltr'><strong>et</strong></span> <span class='ocrx_word' id='word_1_153' title='bbox 737 1470 772 1497; x_wconf 88' lang='lat' dir='ltr'><strong>ab</strong></span> <span class='ocrx_word' id='word_1_154' title='bbox 787 1474 886 1497; x_wconf 71' lang='lat' dir='ltr'><strong>aeterna</strong></span> <span class='ocrx_word' id='word_1_155' title='bbox 904 1471 1017 1498; x_wconf 86' lang='lat' dir='ltr'><strong>damna-</strong></span> 
     </span>
    </p>
   </div>
   <div class='ocr_carea' id='block_1_29' title="bbox 231 1514 1017 1549">
    <p class='ocr_par' dir='ltr' id='par_1_29' title="bbox 231 1514 1017 1549">
     <span class='ocr_line' id='line_1_29' title="bbox 231 1514 1017 1549; baseline 0 -7"><span class='ocrx_word' id='word_1_156' title='bbox 231 1516 318 1549; x_wconf 83' lang='lat' dir='ltr'><strong>tione,</strong></span> <span class='ocrx_word' id='word_1_157' title='bbox 334 1515 532 1543; x_wconf 85' lang='lat' dir='ltr'><strong>immaculata:</strong></span> <span class='ocrx_word' id='word_1_158' title='bbox 557 1514 652 1549; x_wconf 78' lang='lat' dir='ltr'><strong>frange</strong></span> <span class='ocrx_word' id='word_1_159' title='bbox 677 1514 913 1549; x_wconf 76' lang='lat' dir='ltr'><strong>perturbationum</strong></span> <span class='ocrx_word' id='word_1_160' title='bbox 943 1524 1017 1543; x_wconf 86' lang='lat' dir='ltr'><strong>mea-</strong></span> 
     </span>
    </p>
   </div>
   <div class='ocr_carea' id='block_1_30' title="bbox 230 1560 1015 1596">
    <p class='ocr_par' dir='ltr' id='par_1_30' title="bbox 230 1560 1015 1596">
     <span class='ocr_line' id='line_1_30' title="bbox 230 1560 1015 1596; baseline 0 -7"><span class='ocrx_word' id='word_1_161' title='bbox 230 1570 290 1589; x_wconf 62' lang='lat' dir='ltr'><strong>rum</strong></span> <span class='ocrx_word' id='word_1_162' title='bbox 304 1561 489 1590; x_wconf 80' lang='lat' dir='ltr'><strong>vehementem</strong></span> <span class='ocrx_word' id='word_1_163' title='bbox 512 1561 671 1596; x_wconf 87' lang='lat' dir='ltr'><strong>procellam,</strong></span> <span class='ocrx_word' id='word_1_164' title='bbox 685 1565 712 1588; x_wconf 88' lang='lat' dir='ltr'><strong>et</strong></span> <span class='ocrx_word' id='word_1_165' title='bbox 725 1560 811 1596; x_wconf 85' lang='lat' dir='ltr'><strong>dirige</strong></span> <span class='ocrx_word' id='word_1_166' title='bbox 827 1569 870 1589; x_wconf 85' lang='lat' dir='ltr'><strong>me</strong></span> <span class='ocrx_word' id='word_1_167' title='bbox 891 1561 924 1589; x_wconf 88' lang='lat' dir='ltr'><strong>ad</strong></span> <span class='ocrx_word' id='word_1_168' title='bbox 939 1565 1015 1589; x_wconf 86' lang='lat' dir='ltr'><strong>tran-</strong></span> 
     </span>
    </p>
   </div>
   <div class='ocr_carea' id='block_1_31' title="bbox 231 1608 527 1644">
    <p class='ocr_par' dir='ltr' id='par_1_31' title="bbox 231 1608 527 1644">
     <span class='ocr_line' id='line_1_31' title="bbox 231 1608 527 1644; baseline 0.003 -10"><span class='ocrx_word' id='word_1_169' title='bbox 231 1608 331 1644; x_wconf 80' lang='lat' dir='ltr'><strong>quillos</strong></span> <span class='ocrx_word' id='word_1_170' title='bbox 345 1608 406 1635; x_wconf 63' lang='lat' dir='ltr'><strong>vitae</strong></span> <span class='ocrx_word' id='word_1_171' title='bbox 422 1613 527 1643; x_wconf 85' lang='lat' dir='ltr'><strong>portus.</strong></span> 
     </span>
    </p>
   </div>
   <div class='ocr_carea' id='block_1_32' title="bbox 266 1653 1016 1682">
    <p class='ocr_par' dir='ltr' id='par_1_32' title="bbox 266 1653 1016 1682">
     <span class='ocr_line' id='line_1_32' title="bbox 266 1653 1016 1682; baseline 0.001 -2"><span class='ocrx_word' id='word_1_172' title='bbox 266 1653 363 1681; x_wconf 86' lang='lat' dir='ltr'><strong>Vidisti</strong></span> <span class='ocrx_word' id='word_1_173' title='bbox 379 1654 519 1681; x_wconf 88' lang='lat' dir='ltr'><strong>Christum</strong></span> <span class='ocrx_word' id='word_1_174' title='bbox 549 1653 740 1681; x_wconf 84' lang='lat' dir='ltr'><strong>resuscitatum</strong></span> <span class='ocrx_word' id='word_1_175' title='bbox 765 1660 827 1680; x_wconf 90' lang='lat' dir='ltr'><strong>cum</strong></span> <span class='ocrx_word' id='word_1_176' title='bbox 855 1653 1016 1682; x_wconf 87' lang='lat' dir='ltr'><strong>mulieribus</strong></span> 
     </span>
    </p>
   </div>
   <div class='ocr_carea' id='block_1_33' title="bbox 231 1699 1014 1734">
    <p class='ocr_par' dir='ltr' id='par_1_33' title="bbox 231 1699 1014 1734">
     <span class='ocr_line' id='line_1_33' title="bbox 231 1699 1014 1734; baseline 0 -8"><span class='ocrx_word' id='word_1_177' title='bbox 231 1704 368 1734; x_wconf 77' lang='lat' dir='ltr'><strong>unguenta</strong></span> <span class='ocrx_word' id='word_1_178' title='bbox 385 1699 545 1731; x_wconf 82' lang='lat' dir='ltr'><strong>ferentibus,</strong></span> <span class='ocrx_word' id='word_1_179' title='bbox 558 1704 585 1726; x_wconf 87' lang='lat' dir='ltr'><strong>et</strong></span> <span class='ocrx_word' id='word_1_180' title='bbox 599 1706 730 1727; x_wconf 84' lang='lat' dir='ltr'><strong>converso</strong></span> <span class='ocrx_word' id='word_1_181' title='bbox 745 1700 771 1726; x_wconf 90' lang='lat' dir='ltr'><strong>in</strong></span> <span class='ocrx_word' id='word_1_182' title='bbox 787 1699 914 1733; x_wconf 79' lang='lat' dir='ltr'><strong>gaudium</strong></span> <span class='ocrx_word' id='word_1_183' title='bbox 930 1700 1014 1733; x_wconf 78' lang='lat' dir='ltr'><strong>luctu,</strong></span> 
     </span>
    </p>
   </div>
   <div class='ocr_carea' id='block_1_34' title="bbox 231 1744 1014 1781">
    <p class='ocr_par' dir='ltr' id='par_1_34' title="bbox 231 1744 1014 1781">
     <span class='ocr_line' id='line_1_34' title="bbox 231 1744 1014 1781; baseline 0.001 -9"><span class='ocrx_word' id='word_1_184' title='bbox 231 1745 306 1772; x_wconf 93' lang='lat' dir='ltr'><strong>illum</strong></span> <span class='ocrx_word' id='word_1_185' title='bbox 319 1745 501 1780; x_wconf 69' lang='lat' dir='ltr'><strong>gloriﬁcabas.</strong></span> <span class='ocrx_word' id='word_1_186' title='bbox 524 1744 601 1772; x_wconf 87' lang='lat' dir='ltr'><strong>Unde</strong></span> <span class='ocrx_word' id='word_1_187' title='bbox 627 1745 681 1772; x_wconf 82' lang='lat' dir='ltr'><strong>alia</strong></span> <span class='ocrx_word' id='word_1_188' title='bbox 700 1752 765 1773; x_wconf 81' lang='lat' dir='ltr'><strong>voce</strong></span> <span class='ocrx_word' id='word_1_189' title='bbox 778 1744 920 1772; x_wconf 83' lang='lat' dir='ltr'><strong>telclicem</strong></span> <span class='ocrx_word' id='word_1_190' title='bbox 944 1753 1014 1781; x_wconf 78' lang='lat' dir='ltr'><strong>pra:-</strong></span> 
     </span>
    </p>
   </div>
   <div class='ocr_carea' id='block_1_35' title="bbox 230 1790 576 1822">
    <p class='ocr_par' dir='ltr' id='par_1_35' title="bbox 230 1790 576 1822">
     <span class='ocr_line' id='line_1_35' title="bbox 230 1790 576 1822; baseline 0 -5"><span class='ocrx_word' id='word_1_191' title='bbox 230 1790 364 1822; x_wconf 79' lang='lat' dir='ltr'><strong>dicamus,</strong></span> <span class='ocrx_word' id='word_1_192' title='bbox 381 1790 426 1818; x_wconf 82' lang='lat' dir='ltr'><strong>Dei</strong></span> <span class='ocrx_word' id='word_1_193' title='bbox 441 1790 576 1818; x_wconf 82' lang='lat' dir='ltr'><strong>Genitrix.</strong></span> 
     </span>
    </p>
   </div>
   <div class='ocr_carea' id='block_1_36' title="bbox 229 1857 1016 1920">
    <p class='ocr_par' dir='ltr' id='par_1_36' title="bbox 229 1857 1016 1920">
     <span class='ocr_line' id='line_1_36' title="bbox 229 1857 1016 1920; baseline -0.006 -35"><span class='ocrx_word' id='word_1_194' title='bbox 229 1859 309 1895; x_wconf 81' lang='lat'><strong>337</strong></span> <span class='ocrx_word' id='word_1_195' title='bbox 328 1857 368 1885; x_wconf 75' lang='lat' dir='ltr'><strong>Ex</strong></span> <span class='ocrx_word' id='word_1_196' title='bbox 390 1867 489 1886; x_wconf 83' lang='lat' dir='ltr'><strong>canone</strong></span> <span class='ocrx_word' id='word_1_197' title='bbox 511 1858 656 1920; x_wconf 37' lang='lat' dir='ltr'><strong>Donati-lic?</strong></span> <span class='ocrx_word' id='word_1_198' title='bbox 680 1866 708 1891; x_wconf 83' lang='grc' dir='ltr'>ν,</span> <span class='ocrx_word' id='word_1_199' title='bbox 733 1859 759 1886; x_wconf 85' lang='lat' dir='ltr'><strong>in</strong></span> <span class='ocrx_word' id='word_1_200' title='bbox 781 1858 885 1886; x_wconf 75' lang='lat' dir='ltr'><strong>chum</strong></span> <span class='ocrx_word' id='word_1_201' title='bbox 900 1867 916 1886; x_wconf 91' lang='lat' dir='ltr'><strong>a</strong></span> <span class='ocrx_word' id='word_1_202' title='bbox 935 1858 1016 1886; x_wconf 80' lang='lat' dir='ltr'><strong>Nati-</strong></span> 
     </span>
     <span class='ocr_line' id='line_1_37' title="bbox 577 1898 665 1920; baseline 0.011 -1"><span class='ocrx_word' id='word_1_203' title='bbox 577 1898 629 1920; x_wconf 78' lang='lat' dir='ltr'><strong>vita</strong></span> <span class='ocrx_word' id='word_1_204' title='bbox 642 1902 665 1920; x_wconf 73' lang='grc' dir='ltr'><em>ε.</em></span> 
     </span>
    </p>
   </div>
   <div class='ocr_carea' id='block_1_37' title="bbox 577 1898 665 1920">
    <p class='ocr_par' dir='ltr' id='par_1_37' title="bbox 577 1898 665 1920">
     <span class='ocr_line' id='line_1_38' title="bbox 577 1898 665 1920; baseline 0.011 -1"><span class='ocrx_word' id='word_1_205' title='bbox 577 1898 665 1920; x_wconf 79' lang='lat' dir='ltr'><strong>vitate.</strong></span> 
     </span>
    </p>
   </div>
   <div class='ocr_carea' id='block_1_38' title="bbox 264 1937 1014 1973">
    <p class='ocr_par' dir='ltr' id='par_1_38' title="bbox 264 1937 1014 1973">
     <span class='ocr_line' id='line_1_39' title="bbox 264 1937 1014 1973; baseline 0.001 -8"><span class='ocrx_word' id='word_1_206' title='bbox 264 1938 361 1966; x_wconf 83' lang='lat' dir='ltr'><strong>Alvum</strong></span> <span class='ocrx_word' id='word_1_207' title='bbox 385 1943 461 1966; x_wconf 87' lang='lat' dir='ltr'><strong>tuam</strong></span> <span class='ocrx_word' id='word_1_208' title='bbox 488 1937 607 1973; x_wconf 85' lang='lat' dir='ltr'><strong>conjugii</strong></span> <span class='ocrx_word' id='word_1_209' title='bbox 629 1942 766 1973; x_wconf 81' lang='lat' dir='ltr'><strong>expertem</strong></span> <span class='ocrx_word' id='word_1_210' title='bbox 783 1938 947 1966; x_wconf 87' lang='lat' dir='ltr'><strong>inhabitavit</strong></span> <span class='ocrx_word' id='word_1_211' title='bbox 962 1938 1014 1966; x_wconf 87' lang='lat' dir='ltr'><strong>Do-</strong></span> 
     </span>
    </p>
   </div>
   <div class='ocr_carea' id='block_1_39' title="bbox 228 1983 1013 2019">
    <p class='ocr_par' dir='ltr' id='par_1_39' title="bbox 228 1983 1013 2019">
     <span class='ocr_line' id='line_1_40' title="bbox 228 1983 1013 2019; baseline 0 -8"><span class='ocrx_word' id='word_1_212' title='bbox 228 1985 331 2018; x_wconf 87' lang='lat' dir='ltr'><strong>minus,</strong></span> <span class='ocrx_word' id='word_1_213' title='bbox 347 1991 362 2012; x_wconf 92' lang='lat' dir='ltr'><strong>o</strong></span> <span class='ocrx_word' id='word_1_214' title='bbox 375 1983 470 2019; x_wconf 71' lang='lat' dir='ltr'><strong>Virgo,</strong></span> <span class='ocrx_word' id='word_1_215' title='bbox 485 1991 533 2018; x_wconf 86' lang='lat' dir='ltr'><strong>per</strong></span> <span class='ocrx_word' id='word_1_216' title='bbox 554 1984 659 2011; x_wconf 85' lang='lat' dir='ltr'><strong>viscera</strong></span> <span class='ocrx_word' id='word_1_217' title='bbox 673 1983 876 2011; x_wconf 87' lang='lat' dir='ltr'><strong>miserationum</strong></span> <span class='ocrx_word' id='word_1_218' title='bbox 900 1992 1013 2012; x_wconf 85' lang='lat' dir='ltr'><strong>suarum</strong></span> 
     </span>
    </p>
   </div>
   <div class='ocr_carea' id='block_1_40' title="bbox 227 2029 1012 2064">
    <p class='ocr_par' dir='ltr' id='par_1_40' title="bbox 227 2029 1012 2064">
     <span class='ocr_line' id='line_1_41' title="bbox 227 2029 1012 2064; baseline 0 -7"><span class='ocrx_word' id='word_1_219' title='bbox 227 2031 332 2057; x_wconf 79' lang='lat' dir='ltr'><strong>salvum</strong></span> <span class='ocrx_word' id='word_1_220' title='bbox 349 2030 438 2057; x_wconf 82' lang='lat' dir='ltr'><strong>facere</strong></span> <span class='ocrx_word' id='word_1_221' title='bbox 455 2030 549 2056; x_wconf 86' lang='lat' dir='ltr'><strong>volens</strong></span> <span class='ocrx_word' id='word_1_222' title='bbox 567 2029 707 2056; x_wconf 88' lang='lat' dir='ltr'><strong>hominem</strong></span> <span class='ocrx_word' id='word_1_223' title='bbox 730 2034 891 2064; x_wconf 87' lang='lat' dir='ltr'><strong>corruptum</strong></span> <span class='ocrx_word' id='word_1_224' title='bbox 909 2031 1012 2058; x_wconf 86' lang='lat' dir='ltr'><strong>astutia</strong></span> 
     </span>
    </p>
   </div>
   <div class='ocr_carea' id='block_1_41' title="bbox 228 2075 1013 2111">
    <p class='ocr_par' dir='ltr' id='par_1_41' title="bbox 228 2075 1013 2111">
     <span class='ocr_line' id='line_1_42' title="bbox 228 2075 1013 2111; baseline 0.001 -8"><span class='ocrx_word' id='word_1_225' title='bbox 228 2076 341 2103; x_wconf 89' lang='lat' dir='ltr'><strong>inimici.</strong></span> <span class='ocrx_word' id='word_1_226' title='bbox 370 2076 448 2103; x_wconf 87' lang='lat' dir='ltr'><strong>llunc</strong></span> <span class='ocrx_word' id='word_1_227' title='bbox 472 2076 551 2111; x_wconf 82' lang='lat' dir='ltr'><strong>igitur</strong></span> <span class='ocrx_word' id='word_1_228' title='bbox 576 2076 701 2108; x_wconf 83' lang='lat' dir='ltr'><strong>obsecra,</strong></span> <span class='ocrx_word' id='word_1_229' title='bbox 726 2079 756 2102; x_wconf 91' lang='lat' dir='ltr'><strong>ut</strong></span> <span class='ocrx_word' id='word_1_230' title='bbox 778 2075 916 2103; x_wconf 87' lang='lat' dir='ltr'><strong>civitatem</strong></span> <span class='ocrx_word' id='word_1_231' title='bbox 942 2075 1013 2104; x_wconf 86' lang='lat' dir='ltr'><strong>hanc</strong></span> 
     </span>
    </p>
   </div>
   <div class='ocr_carea' id='block_1_42' title="bbox 228 2121 898 2156">
    <p class='ocr_par' dir='ltr' id='par_1_42' title="bbox 228 2121 898 2156">
     <span class='ocr_line' id='line_1_43' title="bbox 228 2121 898 2156; baseline 0 -7"><span class='ocrx_word' id='word_1_232' title='bbox 228 2123 300 2150; x_wconf 88' lang='lat' dir='ltr'><strong>omni</strong></span> <span class='ocrx_word' id='word_1_233' title='bbox 313 2122 419 2150; x_wconf 85' lang='lat' dir='ltr'><strong>excidio</strong></span> <span class='ocrx_word' id='word_1_234' title='bbox 437 2123 541 2154; x_wconf 79' lang='lat' dir='ltr'><strong>liberet,</strong></span> <span class='ocrx_word' id='word_1_235' title='bbox 557 2127 584 2149; x_wconf 89' lang='lat' dir='ltr'><strong>et</strong></span> <span class='ocrx_word' id='word_1_236' title='bbox 599 2121 756 2149; x_wconf 85' lang='lat' dir='ltr'><strong>incursione</strong></span> <span class='ocrx_word' id='word_1_237' title='bbox 767 2122 898 2156; x_wconf 90' lang='lat' dir='ltr'><strong>gentium.</strong></span> 
     </span>
    </p>
   </div>
   <div class='ocr_carea' id='block_1_43' title="bbox 263 2167 1011 2204">
    <p class='ocr_par' dir='ltr' id='par_1_43' title="bbox 263 2167 1011 2204">
     <span class='ocr_line' id='line_1_44' title="bbox 263 2167 1011 2204; baseline 0 -9"><span class='ocrx_word' id='word_1_238' title='bbox 263 2169 394 2204; x_wconf 68' lang='lat' dir='ltr'><strong>Virgiitali</strong></span> <span class='ocrx_word' id='word_1_239' title='bbox 409 2176 442 2196; x_wconf 88' lang='lat' dir='ltr'><strong>ex</strong></span> <span class='ocrx_word' id='word_1_240' title='bbox 457 2172 550 2196; x_wconf 82' lang='lat' dir='ltr'><strong>ventre</strong></span> <span class='ocrx_word' id='word_1_241' title='bbox 574 2167 702 2202; x_wconf 86' lang='lat' dir='ltr'><strong>peperisti</strong></span> <span class='ocrx_word' id='word_1_242' title='bbox 726 2167 811 2194; x_wconf 86' lang='lat' dir='ltr'><strong>Deum</strong></span> <span class='ocrx_word' id='word_1_243' title='bbox 826 2167 1011 2201; x_wconf 85' lang='lat' dir='ltr'><strong>incarnatum,</strong></span> 
     </span>
    </p>
   </div>
   <div class='ocr_carea' id='block_1_44' title="bbox 227 2212 1011 2250">
    <p class='ocr_par' dir='ltr' id='par_1_44' title="bbox 227 2212 1011 2250">
     <span class='ocr_line' id='line_1_45' title="bbox 227 2212 1011 2250; baseline 0.003 -9"><span class='ocrx_word' id='word_1_244' title='bbox 227 2221 241 2241; x_wconf 86' lang='lat' dir='ltr'><strong>a</strong></span> <span class='ocrx_word' id='word_1_245' title='bbox 262 2222 316 2250; x_wconf 88' lang='lat' dir='ltr'><strong>quo</strong></span> <span class='ocrx_word' id='word_1_246' title='bbox 330 2214 456 2249; x_wconf 85' lang='lat' dir='ltr'><strong>impetra,</strong></span> <span class='ocrx_word' id='word_1_247' title='bbox 471 2213 644 2242; x_wconf 86' lang='lat' dir='ltr'><strong>sanctissima</strong></span> <span class='ocrx_word' id='word_1_248' title='bbox 659 2212 785 2246; x_wconf 81' lang='lat' dir='ltr'><strong>Domina,</strong></span> <span class='ocrx_word' id='word_1_249' title='bbox 803 2217 833 2239; x_wconf 91' lang='lat' dir='ltr'><strong>ut</strong></span> <span class='ocrx_word' id='word_1_250' title='bbox 846 2213 1011 2246; x_wconf 81' lang='lat' dir='ltr'><strong>misereatur</strong></span> 
     </span>
    </p>
   </div>
   <div class='ocr_carea' id='block_1_45' title="bbox 227 2261 324 2289">
    <p class='ocr_par' dir='ltr' id='par_1_45' title="bbox 227 2261 324 2289">
     <span class='ocr_line' id='line_1_46' title="bbox 227 2261 324 2289; baseline 0 -1"><span class='ocrx_word' id='word_1_251' title='bbox 227 2261 324 2289; x_wconf 84' lang='lat' dir='ltr'><strong>nostri.</strong></span> 
     </span>
    </p>
   </div>
   <div class='ocr_carea' id='block_1_46' title="bbox 260 2307 1012 2346">
    <p class='ocr_par' dir='ltr' id='par_1_46' title="bbox 260 2307 1012 2346">
     <span class='ocr_line' id='line_1_47' title="bbox 260 2307 1012 2346; baseline 0.005 -12"><span class='ocrx_word' id='word_1_252' title='bbox 260 2307 369 2335; x_wconf 87' lang='lat' dir='ltr'><strong>Partum</strong></span> <span class='ocrx_word' id='word_1_253' title='bbox 385 2313 471 2341; x_wconf 86' lang='lat' dir='ltr'><strong>tuum,</strong></span> <span class='ocrx_word' id='word_1_254' title='bbox 487 2308 655 2345; x_wconf 82' lang='lat' dir='ltr'><strong>incorrupta.</strong></span> <span class='ocrx_word' id='word_1_255' title='bbox 671 2316 767 2338; x_wconf 82' lang='lat' dir='ltr'><strong>natura</strong></span> <span class='ocrx_word' id='word_1_256' title='bbox 779 2310 944 2346; x_wconf 85' lang='lat' dir='ltr'><strong>superiorem</strong></span> <span class='ocrx_word' id='word_1_257' title='bbox 954 2310 1012 2345; x_wconf 74' lang='lat' dir='ltr'><strong>glo-</strong></span> 
     </span>
    </p>
   </div>
   <div class='ocr_carea' id='block_1_47' title="bbox 226 2353 1013 2391">
    <p class='ocr_par' dir='ltr' id='par_1_47' title="bbox 226 2353 1013 2391">
     <span class='ocr_line' id='line_1_48' title="bbox 226 2353 1013 2391; baseline 0.005 -11"><span class='ocrx_word' id='word_1_258' title='bbox 226 2353 374 2385; x_wconf 77' lang='lat' dir='ltr'><strong>rificamus,</strong></span> <span class='ocrx_word' id='word_1_259' title='bbox 391 2354 495 2382; x_wconf 81' lang='lat' dir='ltr'><strong>beatam</strong></span> <span class='ocrx_word' id='word_1_260' title='bbox 521 2359 557 2387; x_wconf 89' lang='lat' dir='ltr'><strong>te,</strong></span> <span class='ocrx_word' id='word_1_261' title='bbox 582 2356 810 2391; x_wconf 79' lang='lat' dir='ltr'><strong>inculpatissima,</strong></span> <span class='ocrx_word' id='word_1_262' title='bbox 839 2355 892 2383; x_wconf 82' lang='lat' dir='ltr'><strong>ﬁde</strong></span> <span class='ocrx_word' id='word_1_263' title='bbox 915 2355 1013 2390; x_wconf 63' lang='lat' dir='ltr'><strong>praedi-</strong></span> 
     </span>
    </p>
   </div>
   <div class='ocr_carea' id='block_1_48' title="bbox 225 2400 938 2435">
    <p class='ocr_par' dir='ltr' id='par_1_48' title="bbox 225 2400 938 2435">
     <span class='ocr_line' id='line_1_49' title="bbox 225 2400 938 2435; baseline 0.004 -9"><span class='ocrx_word' id='word_1_264' title='bbox 225 2404 329 2431; x_wconf 80' lang='lat' dir='ltr'><strong>cantes,</strong></span> <span class='ocrx_word' id='word_1_265' title='bbox 347 2404 476 2435; x_wconf 83' lang='lat' dir='ltr'><strong>tanquam</strong></span> <span class='ocrx_word' id='word_1_266' title='bbox 493 2400 540 2429; x_wconf 88' lang='lat' dir='ltr'><strong>Dci</strong></span> <span class='ocrx_word' id='word_1_267' title='bbox 554 2402 744 2430; x_wconf 85' lang='lat' dir='ltr'><strong>universorum</strong></span> <span class='ocrx_word' id='word_1_268' title='bbox 762 2402 938 2429; x_wconf 86' lang='lat' dir='ltr'><strong>Genitricem.</strong></span> 
     </span>
    </p>
   </div>
   <div class='ocr_carea' id='block_1_49' title="bbox 260 2444 1010 2482">
    <p class='ocr_par' dir='ltr' id='par_1_49' title="bbox 260 2444 1010 2482">
     <span class='ocr_line' id='line_1_50' title="bbox 260 2444 1010 2482; baseline 0.005 -11"><span class='ocrx_word' id='word_1_269' title='bbox 260 2444 402 2477; x_wconf 85' lang='lat' dir='ltr'><strong>Quomodo</strong></span> <span class='ocrx_word' id='word_1_270' title='bbox 430 2447 558 2480; x_wconf 82' lang='lat' dir='ltr'><strong>peperisti</strong></span> <span class='ocrx_word' id='word_1_271' title='bbox 581 2447 640 2475; x_wconf 91' lang='lat' dir='ltr'><strong>sine</strong></span> <span class='ocrx_word' id='word_1_272' title='bbox 666 2447 752 2475; x_wconf 82' lang='lat' dir='ltr'><strong>virilis</strong></span> <span class='ocrx_word' id='word_1_273' title='bbox 781 2448 884 2482; x_wconf 71' lang='lat' dir='ltr'><strong>copula:</strong></span> <span class='ocrx_word' id='word_1_274' title='bbox 906 2448 1010 2482; x_wconf 75' lang='lat' dir='ltr'><strong>experi-</strong></span> 
     </span>
    </p>
   </div>
   <div class='ocr_carea' id='block_1_50' title="bbox 226 2492 1009 2528">
    <p class='ocr_par' dir='ltr' id='par_1_50' title="bbox 226 2492 1009 2528">
     <span class='ocr_line' id='line_1_51' title="bbox 226 2492 1009 2528; baseline 0.005 -11"><span class='ocrx_word' id='word_1_275' title='bbox 226 2495 327 2523; x_wconf 79' lang='lat' dir='ltr'><strong>mento,</strong></span> <span class='ocrx_word' id='word_1_276' title='bbox 344 2499 359 2518; x_wconf 91' lang='lat' dir='ltr'><strong>o</strong></span> <span class='ocrx_word' id='word_1_277' title='bbox 371 2497 444 2519; x_wconf 81' lang='lat' dir='ltr'><strong>casta</strong></span> <span class='ocrx_word' id='word_1_278' title='bbox 461 2492 542 2527; x_wconf 77' lang='lat' dir='ltr'><strong>Virgo</strong></span> <span class='ocrx_word' id='word_1_279' title='bbox 555 2493 804 2528; x_wconf 81' lang='lat' dir='ltr'><strong>Mater?quomodo</strong></span> <span class='ocrx_word' id='word_1_280' title='bbox 816 2494 925 2521; x_wconf 77' lang='lat' dir='ltr'><strong>nutu-isti</strong></span> <span class='ocrx_word' id='word_1_281' title='bbox 935 2502 1009 2526; x_wconf 80' lang='lat' dir='ltr'><strong>eum,</strong></span> 
     </span>
    </p>
   </div>
   <div class='ocr_carea' id='block_1_51' title="bbox 225 2536 1009 2574">
    <p class='ocr_par' dir='ltr' id='par_1_51' title="bbox 225 2536 1009 2574">
     <span class='ocr_line' id='line_1_52' title="bbox 225 2536 1009 2574; baseline 0.006 -12"><span class='ocrx_word' id='word_1_282' title='bbox 225 2536 271 2572; x_wconf 88' lang='lat' dir='ltr'><strong>qui</strong></span> <span class='ocrx_word' id='word_1_283' title='bbox 287 2537 427 2564; x_wconf 84' lang='lat' dir='ltr'><strong>universas</strong></span> <span class='ocrx_word' id='word_1_284' title='bbox 439 2538 524 2565; x_wconf 84' lang='lat' dir='ltr'><strong>nutrit</strong></span> <span class='ocrx_word' id='word_1_285' title='bbox 541 2539 700 2566; x_wconf 80' lang='lat' dir='ltr'><strong>creaturas?</strong></span> <span class='ocrx_word' id='word_1_286' title='bbox 712 2538 746 2566; x_wconf 88' lang='lat' dir='ltr'><strong>Ut</strong></span> <span class='ocrx_word' id='word_1_287' title='bbox 761 2539 818 2574; x_wconf 89' lang='lat' dir='ltr'><strong>ipse</strong></span> <span class='ocrx_word' id='word_1_288' title='bbox 832 2539 907 2567; x_wconf 91' lang='lat' dir='ltr'><strong>solus</strong></span> <span class='ocrx_word' id='word_1_289' title='bbox 923 2540 1009 2574; x_wconf 84' lang='lat' dir='ltr'><strong>novit,</strong></span> 
     </span>
    </p>
   </div>
   <div class='ocr_carea' id='block_1_52' title="bbox 223 2583 712 2617">
    <p class='ocr_par' dir='ltr' id='par_1_52' title="bbox 223 2583 712 2617">
     <span class='ocr_line' id='line_1_53' title="bbox 223 2583 712 2617; baseline 0.008 -9"><span class='ocrx_word' id='word_1_290' title='bbox 223 2583 270 2617; x_wconf 83' lang='lat' dir='ltr'><strong>qui</strong></span> <span class='ocrx_word' id='word_1_291' title='bbox 289 2583 409 2610; x_wconf 75' lang='lat' dir='ltr'><strong>universi</strong></span> <span class='ocrx_word' id='word_1_292' title='bbox 423 2589 464 2612; x_wconf 88' lang='lat' dir='ltr'><strong>est</strong></span> <span class='ocrx_word' id='word_1_293' title='bbox 480 2589 574 2612; x_wconf 87' lang='lat' dir='ltr'><strong>auctor</strong></span> <span class='ocrx_word' id='word_1_294' title='bbox 590 2590 617 2612; x_wconf 90' lang='lat' dir='ltr'><strong>et</strong></span> <span class='ocrx_word' id='word_1_295' title='bbox 631 2584 712 2612; x_wconf 88' lang='lat' dir='ltr'><strong>Deus.</strong></span> 
     </span>
    </p>
   </div>
   <div class='ocr_carea' id='block_1_53' title="bbox 259 2661 1008 2697">
    <p class='ocr_par' dir='ltr' id='par_1_53' title="bbox 259 2661 1008 2697">
     <span class='ocr_line' id='line_1_54' title="bbox 259 2661 1008 2697; baseline 0.005 -10"><span class='ocrx_word' id='word_1_296' title='bbox 259 2662 314 2697; x_wconf 63' lang='lat'><strong>(67.1)</strong></span> <span class='ocrx_word' id='word_1_297' title='bbox 335 2661 383 2690; x_wconf 89' lang='lat' dir='ltr'><strong>llic</strong></span> <span class='ocrx_word' id='word_1_298' title='bbox 408 2662 502 2690; x_wconf 85' lang='lat' dir='ltr'><strong>titulus</strong></span> <span class='ocrx_word' id='word_1_299' title='bbox 527 2661 674 2695; x_wconf 72' lang='lat' dir='ltr'><strong>lnvinlntae,</strong></span> <span class='ocrx_word' id='word_1_300' title='bbox 693 2670 746 2690; x_wconf 90' lang='lat' dir='ltr'><strong>non</strong></span> <span class='ocrx_word' id='word_1_301' title='bbox 775 2663 862 2691; x_wconf 78' lang='lat' dir='ltr'><strong>solum</strong></span> <span class='ocrx_word' id='word_1_302' title='bbox 889 2663 1008 2691; x_wconf 74' lang='lat' dir='ltr'><strong>ostendit</strong></span> 
     </span>
    </p>
   </div>
   <div class='ocr_carea' id='block_1_54' title="bbox 224 2697 1004 2733">
    <p class='ocr_par' dir='ltr' id='par_1_54' title="bbox 224 2697 1004 2733">
     <span class='ocr_line' id='line_1_55' title="bbox 224 2697 1004 2733; baseline 0.003 -9"><span class='ocrx_word' id='word_1_303' title='bbox 224 2697 253 2724; x_wconf 85' lang='grc' dir='ltr'><strong>Β.</strong></span> <span class='ocrx_word' id='word_1_304' title='bbox 273 2697 409 2732; x_wconf 74' lang='lat' dir='ltr'><strong>Virginem</strong></span> <span class='ocrx_word' id='word_1_305' title='bbox 431 2698 514 2725; x_wconf 55' lang='lat' dir='ltr'><strong>fuisse</strong></span> <span class='ocrx_word' id='word_1_306' title='bbox 541 2698 672 2726; x_wconf 81' lang='lat' dir='ltr'><strong>illibatam</strong></span> <span class='ocrx_word' id='word_1_307' title='bbox 689 2699 715 2725; x_wconf 91' lang='lat' dir='ltr'><strong>in</strong></span> <span class='ocrx_word' id='word_1_308' title='bbox 733 2706 849 2733; x_wconf 85' lang='lat' dir='ltr'><strong>corpore</strong></span> <span class='ocrx_word' id='word_1_309' title='bbox 869 2707 916 2732; x_wconf 85' lang='lat' dir='ltr'><strong>per</strong></span> <span class='ocrx_word' id='word_1_310' title='bbox 932 2701 1004 2726; x_wconf 81' lang='lat' dir='ltr'><strong>inte-</strong></span> 
     </span>
    </p>
   </div>
   <div class='ocr_carea' id='block_1_55' title="bbox 222 2733 1004 2767">
    <p class='ocr_par' dir='ltr' id='par_1_55' title="bbox 222 2733 1004 2767">
     <span class='ocr_line' id='line_1_56' title="bbox 222 2733 1004 2767; baseline 0.001 -8"><span class='ocrx_word' id='word_1_311' title='bbox 222 2734 347 2766; x_wconf 72' lang='lat' dir='ltr'><strong>gritatem</strong></span> <span class='ocrx_word' id='word_1_312' title='bbox 367 2733 542 2767; x_wconf 84' lang='lat' dir='ltr'><strong>virginitatis.</strong></span> <span class='ocrx_word' id='word_1_313' title='bbox 556 2734 601 2761; x_wconf 82' lang='lat' dir='ltr'><strong>sed</strong></span> <span class='ocrx_word' id='word_1_314' title='bbox 619 2735 700 2761; x_wconf 86' lang='lat' dir='ltr'><strong>etiam</strong></span> <span class='ocrx_word' id='word_1_315' title='bbox 717 2734 847 2760; x_wconf 86' lang='lat' dir='ltr'><strong>illibatam</strong></span> <span class='ocrx_word' id='word_1_316' title='bbox 870 2734 896 2760; x_wconf 93' lang='lat' dir='ltr'><strong>in</strong></span> <span class='ocrx_word' id='word_1_317' title='bbox 914 2735 1004 2761; x_wconf 84' lang='lat' dir='ltr'><strong>anima</strong></span> 
     </span>
    </p>
   </div>
   <div class='ocr_carea' id='block_1_56' title="bbox 224 2767 1002 2804">
    <p class='ocr_par' dir='ltr' id='par_1_56' title="bbox 224 2767 1002 2804">
     <span class='ocr_line' id='line_1_57' title="bbox 224 2767 1002 2804; baseline 0.001 -10"><span class='ocrx_word' id='word_1_318' title='bbox 224 2775 271 2804; x_wconf 69' lang='lat' dir='ltr'><strong>per</strong></span> <span class='ocrx_word' id='word_1_319' title='bbox 280 2767 478 2804; x_wconf 70' lang='lat' dir='ltr'><strong>immunitatem</strong></span> <span class='ocrx_word' id='word_1_320' title='bbox 491 2776 505 2795; x_wconf 86' lang='lat' dir='ltr'><strong>a</strong></span> <span class='ocrx_word' id='word_1_321' title='bbox 517 2773 628 2803; x_wconf 78' lang='lat' dir='ltr'><strong>peccato</strong></span> <span class='ocrx_word' id='word_1_322' title='bbox 638 2768 867 2804; x_wconf 25' lang='lat' dir='ltr'><strong>originalisllnde</strong></span> <span class='ocrx_word' id='word_1_323' title='bbox 880 2769 907 2795; x_wconf 90' lang='lat' dir='ltr'><strong>P.</strong></span> <span class='ocrx_word' id='word_1_324' title='bbox 924 2769 1002 2796; x_wconf 80' lang='lat' dir='ltr'><strong>Joan.</strong></span> 
     </span>
    </p>
   </div>
   <div class='ocr_carea' id='block_1_57' title="bbox 223 2801 1003 2839">
    <p class='ocr_par' dir='ltr' id='par_1_57' title="bbox 223 2801 1003 2839">
     <span class='ocr_line' id='line_1_58' title="bbox 223 2801 1003 2839; baseline 0.005 -11"><span class='ocrx_word' id='word_1_325' title='bbox 223 2801 358 2839; x_wconf 60' lang='lat' dir='ltr'><strong>Eusebius</strong></span> <span class='ocrx_word' id='word_1_326' title='bbox 382 2801 601 2839; x_wconf 76' lang='lat' dir='ltr'><strong>Nierembergius</strong></span> <span class='ocrx_word' id='word_1_327' title='bbox 635 2804 660 2831; x_wconf 91' lang='lat' dir='ltr'><strong>in</strong></span> <span class='ocrx_word' id='word_1_328' title='bbox 684 2801 747 2839; x_wconf 77' lang='lat' dir='ltr'><strong>suis</strong></span> <span class='ocrx_word' id='word_1_329' title='bbox 776 2803 979 2837; x_wconf 67' lang='lat' dir='ltr'><strong>Exceptiouibus</strong></span> <span class='ocrx_word' id='word_1_330' title='bbox 996 2824 1003 2832; x_wconf 81' lang='lat'><strong>.</strong></span> 
     </span>
    </p>
   </div>
   <div class='ocr_carea' id='block_1_58' title="bbox 225 2837 1003 2877">
    <p class='ocr_par' dir='ltr' id='par_1_58' title="bbox 225 2837 1003 2877">
     <span class='ocr_line' id='line_1_59' title="bbox 225 2837 1003 2877; baseline 0.003 -14"><span class='ocrx_word' id='word_1_331' title='bbox 225 2843 295 2877; x_wconf 43' lang='lat' dir='ltr'><strong>pag.</strong></span> <span class='ocrx_word' id='word_1_332' title='bbox 315 2837 682 2877; x_wconf 18' lang='lat' dir='ltr'><strong>176,:oitsen&#39;atﬁsattcturn</strong></span> <span class='ocrx_word' id='word_1_333' title='bbox 707 2837 825 2866; x_wconf 81' lang='lat' dir='ltr'><strong>Leonem</strong></span> <span class='ocrx_word' id='word_1_334' title='bbox 852 2847 947 2873; x_wconf 79' lang='lat' dir='ltr'><strong>papam</strong></span> <span class='ocrx_word' id='word_1_335' title='bbox 977 2841 1003 2877; x_wconf 76' lang='lat' dir='ltr'><strong>in</strong></span> 
     </span>
    </p>
   </div>
   <div class='ocr_carea' id='block_1_59' title="bbox 224 2871 1003 2910">
    <p class='ocr_par' dir='ltr' id='par_1_59' title="bbox 224 2871 1003 2910">
     <span class='ocr_line' id='line_1_60' title="bbox 224 2871 1003 2910; baseline 0.001 -12"><span class='ocrx_word' id='word_1_336' title='bbox 224 2871 349 2910; x_wconf 52' lang='lat' dir='ltr'><strong>Epistola</strong></span> <span class='ocrx_word' id='word_1_337' title='bbox 363 2873 396 2899; x_wconf 83' lang='lat' dir='ltr'><strong>ad</strong></span> <span class='ocrx_word' id='word_1_338' title='bbox 417 2872 553 2910; x_wconf 65' lang='lat' dir='ltr'><strong>lulianum</strong></span> <span class='ocrx_word' id='word_1_339' title='bbox 575 2875 728 2910; x_wconf 14' lang='lat' dir='ltr'><strong>Coensem.‘</strong></span> <span class='ocrx_word' id='word_1_340' title='bbox 743 2881 803 2910; x_wconf 72' lang='lat' dir='ltr'><strong>qua:</strong></span> <span class='ocrx_word' id='word_1_341' title='bbox 823 2871 910 2910; x_wconf 65' lang='lat' dir='ltr'><strong>exstat</strong></span> <span class='ocrx_word' id='word_1_342' title='bbox 934 2874 1003 2908; x_wconf 82' lang='lat' dir='ltr'><strong>apud</strong></span> 
     </span>
    </p>
   </div>
   <div class='ocr_carea' id='block_1_60' title="bbox 223 2904 1005 2943">
    <p class='ocr_par' dir='ltr' id='par_1_60' title="bbox 223 2904 1005 2943">
     <span class='ocr_line' id='line_1_61' title="bbox 223 2904 1005 2943; baseline 0.006 -12"><span class='ocrx_word' id='word_1_343' title='bbox 223 2904 329 2934; x_wconf 86' lang='lat' dir='ltr'><strong>Binium</strong></span> <span class='ocrx_word' id='word_1_344' title='bbox 343 2907 370 2935; x_wconf 90' lang='lat' dir='ltr'><strong>in</strong></span> <span class='ocrx_word' id='word_1_345' title='bbox 385 2908 501 2936; x_wconf 82' lang='lat' dir='ltr'><strong>concilio</strong></span> <span class='ocrx_word' id='word_1_346' title='bbox 515 2908 741 2943; x_wconf 74' lang='lat' dir='ltr'><strong>Chalcedonensi,</strong></span> <span class='ocrx_word' id='word_1_347' title='bbox 753 2904 823 2936; x_wconf 14' lang='lat' dir='ltr'><strong>idum</strong></span> <span class='ocrx_word' id='word_1_348' title='bbox 841 2909 867 2936; x_wconf 89' lang='lat' dir='ltr'><strong>iu</strong></span> <span class='ocrx_word' id='word_1_349' title='bbox 882 2917 914 2936; x_wconf 88' lang='lat' dir='ltr'><strong>ea</strong></span> <span class='ocrx_word' id='word_1_350' title='bbox 927 2904 1005 2938; x_wconf 69' lang='lat' dir='ltr'><strong>vocat</strong></span> 
     </span>
    </p>
   </div>
   <div class='ocr_carea' id='block_1_61' title="bbox 803 187 1309 220">
    <p class='ocr_par' dir='ltr' id='par_1_61' title="bbox 803 187 1309 220">
     <span class='ocr_line' id='line_1_62' title="bbox 803 187 1309 220; baseline -0.006 0"><span class='ocrx_word' id='word_1_351' title='bbox 803 191 833 220; x_wconf 83' lang='lat' dir='ltr'><strong>S.</strong></span> <span class='ocrx_word' id='word_1_352' title='bbox 851 188 1008 219; x_wconf 77' lang='lat' dir='ltr'><strong>JOSEPHI</strong></span> <span class='ocrx_word' id='word_1_353' title='bbox 1028 187 1309 218; x_wconf 70' lang='lat' dir='ltr'><strong>IIYMNOGRAPHI</strong></span> 
     </span>
    </p>
   </div>
   <div class='ocr_carea' id='block_1_62' title="bbox 1796 181 1862 214">
    <p class='ocr_par' dir='ltr' id='par_1_62' title="bbox 1796 181 1862 214">
     <span class='ocr_line' id='line_1_63' title="bbox 1796 181 1862 214; baseline 0.015 -1"><span class='ocrx_word' id='word_1_354' title='bbox 1796 181 1862 214; x_wconf 67' lang='grc' dir='ltr'><strong>14ὐο</strong></span> 
     </span>
    </p>
   </div>
   <div class='ocr_carea' id='block_1_63' title="bbox 1231 241 1711 270">
    <p class='ocr_par' dir='ltr' id='par_1_63' title="bbox 1231 241 1711 270">
     <span class='ocr_line' id='line_1_64' title="bbox 1231 241 1711 270; baseline -0.004 -1"><span class='ocrx_word' id='word_1_355' title='bbox 1231 243 1272 270; x_wconf 70' lang='lat' dir='ltr'><em>Ex</em></span> <span class='ocrx_word' id='word_1_356' title='bbox 1280 250 1379 269; x_wconf 68' lang='lat' dir='ltr'><strong>canone</strong></span> <span class='ocrx_word' id='word_1_357' title='bbox 1391 242 1419 269; x_wconf 77' lang='lat' dir='ltr'><strong>in</strong></span> <span class='ocrx_word' id='word_1_358' title='bbox 1428 241 1575 269; x_wconf 74' lang='lat' dir='ltr'><strong>Parasceve</strong></span> <span class='ocrx_word' id='word_1_359' title='bbox 1590 241 1667 269; x_wconf 83' lang='lat' dir='ltr'><strong>Iiebd.</strong></span> <span class='ocrx_word' id='word_1_360' title='bbox 1685 248 1711 267; x_wconf 86' lang='grc' dir='ltr'>ν.</span> 
     </span>
    </p>
   </div>
   <div class='ocr_carea' id='block_1_64' title="bbox 1113 303 1862 340">
    <p class='ocr_par' dir='ltr' id='par_1_64' title="bbox 1113 303 1862 340">
     <span class='ocr_line' id='line_1_65' title="bbox 1113 303 1862 340; baseline -0.005 -7"><span class='ocrx_word' id='word_1_361' title='bbox 1113 304 1212 333; x_wconf 83' lang='lat' dir='ltr'><strong>Sancta</strong></span> <span class='ocrx_word' id='word_1_362' title='bbox 1228 305 1454 340; x_wconf 83' lang='lat' dir='ltr'><strong>inculpatissima,</strong></span> <span class='ocrx_word' id='word_1_363' title='bbox 1469 309 1594 332; x_wconf 88' lang='lat' dir='ltr'><strong>sanctum</strong></span> <span class='ocrx_word' id='word_1_364' title='bbox 1611 303 1638 330; x_wconf 91' lang='lat' dir='ltr'><strong>in</strong></span> <span class='ocrx_word' id='word_1_365' title='bbox 1663 303 1765 330; x_wconf 82' lang='lat' dir='ltr'><strong>sanctis</strong></span> <span class='ocrx_word' id='word_1_366' title='bbox 1782 303 1862 337; x_wconf 83' lang='lat' dir='ltr'><strong>quie-</strong></span> 
     </span>
    </p>
   </div>
   <div class='ocr_carea' id='block_1_65' title="bbox 1075 348 1862 384">
    <p class='ocr_par' dir='ltr' id='par_1_65' title="bbox 1075 348 1862 384">
     <span class='ocr_line' id='line_1_66' title="bbox 1075 348 1862 384; baseline -0.005 -5"><span class='ocrx_word' id='word_1_367' title='bbox 1075 357 1196 380; x_wconf 83' lang='lat' dir='ltr'><strong>scentem</strong></span> <span class='ocrx_word' id='word_1_368' title='bbox 1215 352 1306 383; x_wconf 80' lang='lat' dir='ltr'><strong>eiiixa,</strong></span> <span class='ocrx_word' id='word_1_369' title='bbox 1319 351 1391 378; x_wconf 90' lang='lat' dir='ltr'><strong>hunc</strong></span> <span class='ocrx_word' id='word_1_370' title='bbox 1411 355 1440 378; x_wconf 89' lang='lat' dir='ltr'><strong>ut</strong></span> <span class='ocrx_word' id='word_1_371' title='bbox 1466 350 1556 377; x_wconf 85' lang='lat' dir='ltr'><strong>vidisti</strong></span> <span class='ocrx_word' id='word_1_372' title='bbox 1572 357 1587 377; x_wconf 89' lang='lat' dir='ltr'><strong>e</strong></span> <span class='ocrx_word' id='word_1_373' title='bbox 1606 349 1730 384; x_wconf 79' lang='lat' dir='ltr'><strong>sepulcro</strong></span> <span class='ocrx_word' id='word_1_374' title='bbox 1755 348 1862 382; x_wconf 74' lang='lat' dir='ltr'><strong>fulgen-</strong></span> 
     </span>
    </p>
   </div>
   <div class='ocr_carea' id='block_1_66' title="bbox 1077 393 1862 431">
    <p class='ocr_par' dir='ltr' id='par_1_66' title="bbox 1077 393 1862 431">
     <span class='ocr_line' id='line_1_67' title="bbox 1077 393 1862 431; baseline -0.006 -7"><span class='ocrx_word' id='word_1_375' title='bbox 1077 402 1130 424; x_wconf 80' lang='lat' dir='ltr'><strong>tem</strong></span> <span class='ocrx_word' id='word_1_376' title='bbox 1144 397 1214 424; x_wconf 81' lang='lat' dir='ltr'><strong>sicut</strong></span> <span class='ocrx_word' id='word_1_377' title='bbox 1231 403 1364 431; x_wconf 88' lang='lat' dir='ltr'><strong>sponsum</strong></span> <span class='ocrx_word' id='word_1_378' title='bbox 1383 403 1416 422; x_wconf 89' lang='lat' dir='ltr'><strong>ex</strong></span> <span class='ocrx_word' id='word_1_379' title='bbox 1437 395 1570 427; x_wconf 89' lang='lat' dir='ltr'><strong>thalamo,</strong></span> <span class='ocrx_word' id='word_1_380' title='bbox 1585 394 1704 422; x_wconf 80' lang='lat' dir='ltr'><strong>extulisti</strong></span> <span class='ocrx_word' id='word_1_381' title='bbox 1724 393 1862 426; x_wconf 85' lang='lat' dir='ltr'><strong>laudibus,</strong></span> 
     </span>
    </p>
   </div>
   <div class='ocr_carea' id='block_1_67' title="bbox 1076 440 1565 477">
    <p class='ocr_par' dir='ltr' id='par_1_67' title="bbox 1076 440 1565 477">
     <span class='ocr_line' id='line_1_68' title="bbox 1076 440 1565 477; baseline -0.006 -7"><span class='ocrx_word' id='word_1_382' title='bbox 1076 442 1269 477; x_wconf 82' lang='lat' dir='ltr'><strong>benignitatem</strong></span> <span class='ocrx_word' id='word_1_383' title='bbox 1285 442 1344 477; x_wconf 86' lang='lat' dir='ltr'><strong>ejus</strong></span> <span class='ocrx_word' id='word_1_384' title='bbox 1360 440 1565 469; x_wconf 85' lang='lat' dir='ltr'><strong>commendans.</strong></span> 
     </span>
    </p>
   </div>
   <div class='ocr_carea' id='block_1_68' title="bbox 1110 484 1860 522">
    <p class='ocr_par' dir='ltr' id='par_1_68' title="bbox 1110 484 1860 522">
     <span class='ocr_line' id='line_1_69' title="bbox 1110 484 1860 522; baseline -0.005 -7"><span class='ocrx_word' id='word_1_385' title='bbox 1110 487 1189 515; x_wconf 88' lang='lat' dir='ltr'><strong>Sicut</strong></span> <span class='ocrx_word' id='word_1_386' title='bbox 1204 495 1237 515; x_wconf 84' lang='lat' dir='ltr'><strong>cx</strong></span> <span class='ocrx_word' id='word_1_387' title='bbox 1267 491 1292 515; x_wconf 89' lang='lat' dir='ltr'><strong>te</strong></span> <span class='ocrx_word' id='word_1_388' title='bbox 1318 487 1420 522; x_wconf 89' lang='lat' dir='ltr'><strong>prodiit</strong></span> <span class='ocrx_word' id='word_1_389' title='bbox 1437 486 1508 513; x_wconf 87' lang='lat' dir='ltr'><strong>Deus</strong></span> <span class='ocrx_word' id='word_1_390' title='bbox 1539 493 1567 512; x_wconf 83' lang='lat' dir='ltr'><strong>in</strong></span> <span class='ocrx_word' id='word_1_391' title='bbox 1600 490 1751 520; x_wconf 80' lang='lat' dir='ltr'><strong>aspectum,</strong></span> <span class='ocrx_word' id='word_1_392' title='bbox 1767 484 1860 520; x_wconf 77' lang='lat' dir='ltr'><strong>Virgo.</strong></span> 
     </span>
    </p>
   </div>
   <div class='ocr_carea' id='block_1_69' title="bbox 1074 530 1861 568">
    <p class='ocr_par' dir='ltr' id='par_1_69' title="bbox 1074 530 1861 568">
     <span class='ocr_line' id='line_1_70' title="bbox 1074 530 1861 568; baseline -0.006 -8"><span class='ocrx_word' id='word_1_393' title='bbox 1074 533 1188 560; x_wconf 85' lang='lat' dir='ltr'><strong>minime</strong></span> <span class='ocrx_word' id='word_1_394' title='bbox 1202 532 1346 568; x_wconf 75' lang='lat' dir='ltr'><strong>resignatis</strong></span> <span class='ocrx_word' id='word_1_395' title='bbox 1375 531 1538 566; x_wconf 74' lang='lat' dir='ltr'><strong>virginitatis</strong></span> <span class='ocrx_word' id='word_1_396' title='bbox 1560 535 1612 558; x_wconf 64' lang='lat' dir='ltr'><strong>tum</strong></span> <span class='ocrx_word' id='word_1_397' title='bbox 1635 530 1802 564; x_wconf 83' lang='lat' dir='ltr'><strong>signaculis;</strong></span> <span class='ocrx_word' id='word_1_398' title='bbox 1825 530 1861 556; x_wconf 85' lang='lat' dir='ltr'><strong>ita</strong></span> 
     </span>
    </p>
   </div>
   <div class='ocr_carea' id='block_1_70' title="bbox 1073 575 1860 613">
    <p class='ocr_par' dir='ltr' id='par_1_70' title="bbox 1073 575 1860 613">
     <span class='ocr_line' id='line_1_71' title="bbox 1073 575 1860 613; baseline -0.006 -7"><span class='ocrx_word' id='word_1_399' title='bbox 1073 585 1089 605; x_wconf 89' lang='lat' dir='ltr'><strong>e</strong></span> <span class='ocrx_word' id='word_1_400' title='bbox 1108 577 1233 613; x_wconf 87' lang='lat' dir='ltr'><strong>sepulcro</strong></span> <span class='ocrx_word' id='word_1_401' title='bbox 1262 577 1374 606; x_wconf 87' lang='lat' dir='ltr'><strong>emicuit</strong></span> <span class='ocrx_word' id='word_1_402' title='bbox 1389 577 1488 612; x_wconf 77' lang='lat' dir='ltr'><strong>signati</strong></span> <span class='ocrx_word' id='word_1_403' title='bbox 1512 576 1610 610; x_wconf 85' lang='lat' dir='ltr'><strong>lapidis</strong></span> <span class='ocrx_word' id='word_1_404' title='bbox 1629 575 1756 602; x_wconf 79' lang='lat' dir='ltr'><strong>inviolata</strong></span> <span class='ocrx_word' id='word_1_405' title='bbox 1774 575 1860 609; x_wconf 77' lang='lat' dir='ltr'><strong>sigilla</strong></span> 
     </span>
    </p>
   </div>
   <div class='ocr_carea' id='block_1_71' title="bbox 1073 620 1861 658">
    <p class='ocr_par' dir='ltr' id='par_1_71' title="bbox 1073 620 1861 658">
     <span class='ocr_line' id='line_1_72' title="bbox 1073 620 1861 658; baseline -0.004 -8"><span class='ocrx_word' id='word_1_406' title='bbox 1073 623 1210 658; x_wconf 86' lang='lat' dir='ltr'><strong>linquens,</strong></span> <span class='ocrx_word' id='word_1_407' title='bbox 1223 629 1279 657; x_wconf 88' lang='lat' dir='ltr'><strong>quo</strong></span> <span class='ocrx_word' id='word_1_408' title='bbox 1298 622 1356 650; x_wconf 88' lang='lat' dir='ltr'><strong>viso</strong></span> <span class='ocrx_word' id='word_1_409' title='bbox 1374 620 1604 656; x_wconf 80' lang='lat' dir='ltr'><strong>superabundasti</strong></span> <span class='ocrx_word' id='word_1_410' title='bbox 1625 621 1724 655; x_wconf 88' lang='lat' dir='ltr'><strong>gaudio</strong></span> <span class='ocrx_word' id='word_1_411' title='bbox 1749 620 1861 647; x_wconf 88' lang='lat' dir='ltr'><strong>benedi-</strong></span> 
     </span>
    </p>
   </div>
   <div class='ocr_carea' id='block_1_72' title="bbox 1073 668 1521 703">
    <p class='ocr_par' dir='ltr' id='par_1_72' title="bbox 1073 668 1521 703">
     <span class='ocr_line' id='line_1_73' title="bbox 1073 668 1521 703; baseline -0.004 -7"><span class='ocrx_word' id='word_1_412' title='bbox 1073 676 1137 696; x_wconf 86' lang='lat' dir='ltr'><strong>cens</strong></span> <span class='ocrx_word' id='word_1_413' title='bbox 1148 668 1266 696; x_wconf 88' lang='lat' dir='ltr'><strong>divinam</strong></span> <span class='ocrx_word' id='word_1_414' title='bbox 1285 669 1344 702; x_wconf 80' lang='lat' dir='ltr'><strong>ejus</strong></span> <span class='ocrx_word' id='word_1_415' title='bbox 1361 669 1521 703; x_wconf 84' lang='lat' dir='ltr'><strong>potentiam.</strong></span> 
     </span>
    </p>
   </div>
   <div class='ocr_carea' id='block_1_73' title="bbox 1107 711 1858 750">
    <p class='ocr_par' dir='ltr' id='par_1_73' title="bbox 1107 711 1858 750">
     <span class='ocr_line' id='line_1_74' title="bbox 1107 711 1858 750; baseline -0.004 -9"><span class='ocrx_word' id='word_1_416' title='bbox 1107 714 1176 742; x_wconf 85' lang='lat' dir='ltr'><strong>Eum</strong></span> <span class='ocrx_word' id='word_1_417' title='bbox 1191 714 1238 750; x_wconf 90' lang='lat' dir='ltr'><strong>qui</strong></span> <span class='ocrx_word' id='word_1_418' title='bbox 1255 719 1322 741; x_wconf 90' lang='lat' dir='ltr'><strong>nutu</strong></span> <span class='ocrx_word' id='word_1_419' title='bbox 1338 714 1389 741; x_wconf 78' lang='lat' dir='ltr'><strong>fert</strong></span> <span class='ocrx_word' id='word_1_420' title='bbox 1403 717 1499 741; x_wconf 89' lang='lat' dir='ltr'><strong>cuncta</strong></span> <span class='ocrx_word' id='word_1_421' title='bbox 1523 712 1608 740; x_wconf 88' lang='lat' dir='ltr'><strong>Deum</strong></span> <span class='ocrx_word' id='word_1_422' title='bbox 1638 716 1717 739; x_wconf 88' lang='lat' dir='ltr'><strong>utero</strong></span> <span class='ocrx_word' id='word_1_423' title='bbox 1734 711 1858 746; x_wconf 82' lang='lat' dir='ltr'><strong>gestasli,</strong></span> 
     </span>
    </p>
   </div>
   <div class='ocr_carea' id='block_1_74' title="bbox 1073 757 1856 795">
    <p class='ocr_par' dir='ltr' id='par_1_74' title="bbox 1073 757 1856 795">
     <span class='ocr_line' id='line_1_75' title="bbox 1073 757 1856 795; baseline -0.004 -9"><span class='ocrx_word' id='word_1_424' title='bbox 1073 760 1164 795; x_wconf 80' lang='lat' dir='ltr'><strong>Virgo,</strong></span> <span class='ocrx_word' id='word_1_425' title='bbox 1179 760 1280 787; x_wconf 77' lang='lat' dir='ltr'><strong>factum</strong></span> <span class='ocrx_word' id='word_1_426' title='bbox 1295 760 1434 786; x_wconf 87' lang='lat' dir='ltr'><strong>hominem</strong></span> <span class='ocrx_word' id='word_1_427' title='bbox 1461 766 1509 794; x_wconf 88' lang='lat' dir='ltr'><strong>per</strong></span> <span class='ocrx_word' id='word_1_428' title='bbox 1525 766 1602 786; x_wconf 89' lang='lat' dir='ltr'><strong>suam</strong></span> <span class='ocrx_word' id='word_1_429' title='bbox 1630 757 1856 788; x_wconf 83' lang='lat' dir='ltr'><strong>misericordiam.</strong></span> 
     </span>
    </p>
   </div>
   <div class='ocr_carea' id='block_1_75' title="bbox 1072 803 1858 841">
    <p class='ocr_par' dir='ltr' id='par_1_75' title="bbox 1072 803 1858 841">
     <span class='ocr_line' id='line_1_76' title="bbox 1072 803 1858 841; baseline -0.005 -9"><span class='ocrx_word' id='word_1_430' title='bbox 1072 806 1127 833; x_wconf 71' lang='lat' dir='ltr'><strong>Deo</strong></span> <span class='ocrx_word' id='word_1_431' title='bbox 1142 805 1308 841; x_wconf 86' lang='lat' dir='ltr'><strong>gratissima.</strong></span> <span class='ocrx_word' id='word_1_432' title='bbox 1324 804 1410 838; x_wconf 85' lang='lat' dir='ltr'><strong>Quem</strong></span> <span class='ocrx_word' id='word_1_433' title='bbox 1430 804 1510 832; x_wconf 90' lang='lat' dir='ltr'><strong>enixe</strong></span> <span class='ocrx_word' id='word_1_434' title='bbox 1524 811 1589 839; x_wconf 85' lang='lat' dir='ltr'><strong>roga</strong></span> <span class='ocrx_word' id='word_1_435' title='bbox 1605 807 1635 830; x_wconf 91' lang='lat' dir='ltr'><strong>ut</strong></span> <span class='ocrx_word' id='word_1_436' title='bbox 1650 803 1784 830; x_wconf 87' lang='lat' dir='ltr'><strong>illuminet</strong></span> <span class='ocrx_word' id='word_1_437' title='bbox 1797 810 1858 829; x_wconf 89' lang='lat' dir='ltr'><strong>cor-</strong></span> 
     </span>
    </p>
   </div>
   <div class='ocr_carea' id='block_1_76' title="bbox 1071 850 1858 884">
    <p class='ocr_par' dir='ltr' id='par_1_76' title="bbox 1071 850 1858 884">
     <span class='ocr_line' id='line_1_77' title="bbox 1071 850 1858 884; baseline -0.004 -6"><span class='ocrx_word' id='word_1_438' title='bbox 1071 851 1104 878; x_wconf 74' lang='lat' dir='ltr'><strong>da</strong></span> <span class='ocrx_word' id='word_1_439' title='bbox 1122 856 1216 878; x_wconf 82' lang='lat' dir='ltr'><strong>nOstra</strong></span> <span class='ocrx_word' id='word_1_440' title='bbox 1240 850 1452 879; x_wconf 79' lang='lat' dir='ltr'><strong>bestiﬁeantium</strong></span> <span class='ocrx_word' id='word_1_441' title='bbox 1476 853 1502 878; x_wconf 89' lang='lat' dir='ltr'><strong>te</strong></span> <span class='ocrx_word' id='word_1_442' title='bbox 1518 853 1646 884; x_wconf 86' lang='lat' dir='ltr'><strong>tanquam</strong></span> <span class='ocrx_word' id='word_1_443' title='bbox 1676 853 1778 875; x_wconf 88' lang='lat' dir='ltr'><strong>castam</strong></span> <span class='ocrx_word' id='word_1_444' title='bbox 1796 855 1858 876; x_wconf 75' lang='lat' dir='ltr'><strong>vero</strong></span> 
     </span>
    </p>
   </div>
   <div class='ocr_carea' id='block_1_77' title="bbox 1037 897 1313 937">
    <p class='ocr_par' dir='ltr' id='par_1_77' title="bbox 1037 897 1313 937">
     <span class='ocr_line' id='line_1_78' title="bbox 1037 897 1313 937; baseline 0 -13"><span class='ocrx_word' id='word_1_445' title='bbox 1037 910 1059 937; x_wconf 74' lang='grc' dir='ltr'>Β</span> <span class='ocrx_word' id='word_1_446' title='bbox 1072 897 1119 925; x_wconf 81' lang='lat' dir='ltr'><strong>Dei</strong></span> <span class='ocrx_word' id='word_1_447' title='bbox 1136 897 1313 925; x_wconf 87' lang='lat' dir='ltr'><strong>Genitricem.</strong></span> 
     </span>
    </p>
   </div>
   <div class='ocr_carea' id='block_1_78' title="bbox 1261 957 1676 986">
    <p class='ocr_par' dir='ltr' id='par_1_78' title="bbox 1261 957 1676 986">
     <span class='ocr_line' id='line_1_79' title="bbox 1261 957 1676 986; baseline -0.007 0"><span class='ocrx_word' id='word_1_448' title='bbox 1261 958 1303 986; x_wconf 77' lang='lat' dir='ltr'><strong>Ex</strong></span> <span class='ocrx_word' id='word_1_449' title='bbox 1317 966 1417 986; x_wconf 83' lang='lat' dir='ltr'><strong>canone</strong></span> <span class='ocrx_word' id='word_1_450' title='bbox 1433 957 1545 986; x_wconf 75' lang='lat' dir='ltr'><strong>SabbaIi</strong></span> <span class='ocrx_word' id='word_1_451' title='bbox 1557 957 1633 984; x_wconf 76' lang='lat' dir='ltr'><strong>ltebd.</strong></span> <span class='ocrx_word' id='word_1_452' title='bbox 1649 964 1676 984; x_wconf 78' lang='grc' dir='ltr'>ν.</span> 
     </span>
    </p>
   </div>
   <div class='ocr_carea' id='block_1_79' title="bbox 1105 1012 1853 1049">
    <p class='ocr_par' dir='ltr' id='par_1_79' title="bbox 1105 1012 1853 1049">
     <span class='ocr_line' id='line_1_80' title="bbox 1105 1012 1853 1049; baseline -0.004 -7"><span class='ocrx_word' id='word_1_453' title='bbox 1105 1013 1217 1042; x_wconf 81' lang='lat' dir='ltr'><strong>Excedit</strong></span> <span class='ocrx_word' id='word_1_454' title='bbox 1227 1021 1335 1042; x_wconf 91' lang='lat' dir='ltr'><strong>omnem</strong></span> <span class='ocrx_word' id='word_1_455' title='bbox 1346 1013 1539 1049; x_wconf 82' lang='lat' dir='ltr'><strong>cogitationem</strong></span> <span class='ocrx_word' id='word_1_456' title='bbox 1550 1012 1658 1040; x_wconf 83' lang='lat' dir='ltr'><strong>divinus</strong></span> <span class='ocrx_word' id='word_1_457' title='bbox 1669 1016 1762 1047; x_wconf 87' lang='lat' dir='ltr'><strong>partus</strong></span> <span class='ocrx_word' id='word_1_458' title='bbox 1774 1017 1835 1039; x_wconf 83' lang='lat' dir='ltr'><strong>tuus</strong></span> <span class='ocrx_word' id='word_1_459' title='bbox 1845 1020 1853 1039; x_wconf 82' lang='grc'>;</span> 
     </span>
    </p>
   </div>
   <div class='ocr_carea' id='block_1_80' title="bbox 1070 1057 1858 1088">
    <p class='ocr_par' dir='ltr' id='par_1_80' title="bbox 1070 1057 1858 1088">
     <span class='ocr_line' id='line_1_81' title="bbox 1070 1057 1858 1088; baseline -0.003 -1"><span class='ocrx_word' id='word_1_460' title='bbox 1070 1061 1260 1088; x_wconf 79' lang='lat' dir='ltr'><strong>universorum</strong></span> <span class='ocrx_word' id='word_1_461' title='bbox 1290 1059 1362 1088; x_wconf 86' lang='lat' dir='ltr'><strong>enim</strong></span> <span class='ocrx_word' id='word_1_462' title='bbox 1393 1059 1524 1086; x_wconf 77' lang='lat' dir='ltr'><strong>factorem</strong></span> <span class='ocrx_word' id='word_1_463' title='bbox 1553 1062 1580 1085; x_wconf 86' lang='lat' dir='ltr'><strong>et</strong></span> <span class='ocrx_word' id='word_1_464' title='bbox 1609 1057 1692 1085; x_wconf 83' lang='lat' dir='ltr'><strong>Deum</strong></span> <span class='ocrx_word' id='word_1_465' title='bbox 1719 1057 1746 1084; x_wconf 93' lang='lat' dir='ltr'><strong>in</strong></span> <span class='ocrx_word' id='word_1_466' title='bbox 1775 1064 1858 1085; x_wconf 82' lang='lat' dir='ltr'><strong>carne</strong></span> 
     </span>
    </p>
   </div>
   <div class='ocr_carea' id='block_1_81' title="bbox 1071 1104 1856 1141">
    <p class='ocr_par' dir='ltr' id='par_1_81' title="bbox 1071 1104 1856 1141">
     <span class='ocr_line' id='line_1_82' title="bbox 1071 1104 1856 1141; baseline -0.004 -8"><span class='ocrx_word' id='word_1_467' title='bbox 1071 1107 1156 1140; x_wconf 89' lang='lat' dir='ltr'><strong>paris,</strong></span> <span class='ocrx_word' id='word_1_468' title='bbox 1170 1113 1255 1141; x_wconf 62' lang='lat' dir='ltr'><strong>quem»</strong></span> <span class='ocrx_word' id='word_1_469' title='bbox 1275 1112 1397 1141; x_wconf 84' lang='lat' dir='ltr'><strong>precare,</strong></span> <span class='ocrx_word' id='word_1_470' title='bbox 1417 1113 1435 1132; x_wconf 91' lang='lat' dir='ltr'><strong>o</strong></span> <span class='ocrx_word' id='word_1_471' title='bbox 1458 1105 1584 1137; x_wconf 82' lang='lat' dir='ltr'><strong>Domina,</strong></span> <span class='ocrx_word' id='word_1_472' title='bbox 1607 1111 1657 1139; x_wconf 90' lang='lat' dir='ltr'><strong>pro</strong></span> <span class='ocrx_word' id='word_1_473' title='bbox 1685 1111 1790 1138; x_wconf 81' lang='lat' dir='ltr'><strong>eorum,</strong></span> <span class='ocrx_word' id='word_1_474' title='bbox 1809 1104 1856 1138; x_wconf 84' lang='lat' dir='ltr'><strong>qut</strong></span> 
     </span>
    </p>
   </div>
   <div class='ocr_carea' id='block_1_82' title="bbox 1070 1151 1476 1184">
    <p class='ocr_par' dir='ltr' id='par_1_82' title="bbox 1070 1151 1476 1184">
     <span class='ocr_line' id='line_1_83' title="bbox 1070 1151 1476 1184; baseline -0.002 -5"><span class='ocrx_word' id='word_1_475' title='bbox 1070 1152 1165 1180; x_wconf 89' lang='lat' dir='ltr'><strong>laudes</strong></span> <span class='ocrx_word' id='word_1_476' title='bbox 1179 1157 1239 1179; x_wconf 90' lang='lat' dir='ltr'><strong>tuas</strong></span> <span class='ocrx_word' id='word_1_477' title='bbox 1251 1157 1362 1184; x_wconf 88' lang='lat' dir='ltr'><strong>canunt,</strong></span> <span class='ocrx_word' id='word_1_478' title='bbox 1377 1151 1476 1178; x_wconf 91' lang='lat' dir='ltr'><strong>salute.</strong></span> 
     </span>
    </p>
   </div>
   <div class='ocr_carea' id='block_1_83' title="bbox 1108 1194 1852 1231">
    <p class='ocr_par' dir='ltr' id='par_1_83' title="bbox 1108 1194 1852 1231">
     <span class='ocr_line' id='line_1_84' title="bbox 1108 1194 1852 1231; baseline -0.003 -8"><span class='ocrx_word' id='word_1_479' title='bbox 1108 1195 1188 1231; x_wconf 78' lang='lat' dir='ltr'><strong>Virgo</strong></span> <span class='ocrx_word' id='word_1_480' title='bbox 1204 1201 1264 1231; x_wconf 88' lang='lat' dir='ltr'><strong>post</strong></span> <span class='ocrx_word' id='word_1_481' title='bbox 1284 1201 1402 1230; x_wconf 90' lang='lat' dir='ltr'><strong>partum,</strong></span> <span class='ocrx_word' id='word_1_482' title='bbox 1424 1199 1453 1222; x_wconf 95' lang='lat' dir='ltr'><strong>ut</strong></span> <span class='ocrx_word' id='word_1_483' title='bbox 1485 1198 1513 1221; x_wconf 90' lang='lat' dir='ltr'><strong>et</strong></span> <span class='ocrx_word' id='word_1_484' title='bbox 1536 1198 1598 1221; x_wconf 85' lang='lat' dir='ltr'><strong>ante</strong></span> <span class='ocrx_word' id='word_1_485' title='bbox 1612 1199 1719 1229; x_wconf 87' lang='lat' dir='ltr'><strong>partum</strong></span> <span class='ocrx_word' id='word_1_486' title='bbox 1748 1194 1852 1226; x_wconf 75' lang='lat' dir='ltr'><strong>fueras,</strong></span> 
     </span>
    </p>
   </div>
   <div class='ocr_carea' id='block_1_84' title="bbox 1069 1239 1855 1276">
    <p class='ocr_par' dir='ltr' id='par_1_84' title="bbox 1069 1239 1855 1276">
     <span class='ocr_line' id='line_1_85' title="bbox 1069 1239 1855 1276; baseline -0.005 -6"><span class='ocrx_word' id='word_1_487' title='bbox 1069 1250 1086 1270; x_wconf 89' lang='grc' dir='ltr'><strong>ο</strong></span> <span class='ocrx_word' id='word_1_488' title='bbox 1099 1248 1186 1274; x_wconf 84' lang='lat' dir='ltr'><strong>casta,</strong></span> <span class='ocrx_word' id='word_1_489' title='bbox 1202 1241 1360 1276; x_wconf 76' lang='lat' dir='ltr'><strong>apparuisti.</strong></span> <span class='ocrx_word' id='word_1_490' title='bbox 1377 1240 1461 1276; x_wconf 82' lang='lat' dir='ltr'><strong>Leges</strong></span> <span class='ocrx_word' id='word_1_491' title='bbox 1474 1239 1546 1267; x_wconf 85' lang='lat' dir='ltr'><strong>enim</strong></span> <span class='ocrx_word' id='word_1_492' title='bbox 1562 1239 1588 1266; x_wconf 90' lang='lat' dir='ltr'><strong>in</strong></span> <span class='ocrx_word' id='word_1_493' title='bbox 1605 1244 1631 1267; x_wconf 86' lang='lat' dir='ltr'><strong>te</strong></span> <span class='ocrx_word' id='word_1_494' title='bbox 1646 1245 1758 1273; x_wconf 66' lang='lat' dir='ltr'><strong>naturae,</strong></span> <span class='ocrx_word' id='word_1_495' title='bbox 1771 1247 1787 1267; x_wconf 91' lang='grc' dir='ltr'><strong>ο</strong></span> <span class='ocrx_word' id='word_1_496' title='bbox 1802 1241 1855 1266; x_wconf 90' lang='lat' dir='ltr'><strong>im-</strong></span> 
     </span>
    </p>
   </div>
   <div class='ocr_carea' id='block_1_85' title="bbox 1070 1283 1853 1319">
    <p class='ocr_par' dir='ltr' id='par_1_85' title="bbox 1070 1283 1853 1319">
     <span class='ocr_line' id='line_1_86' title="bbox 1070 1283 1853 1319; baseline -0.001 -6"><span class='ocrx_word' id='word_1_497' title='bbox 1070 1286 1214 1318; x_wconf 83' lang='lat' dir='ltr'><strong>maculata,</strong></span> <span class='ocrx_word' id='word_1_498' title='bbox 1234 1287 1383 1313; x_wconf 56' lang='lat' dir='ltr'><strong>immutata).</strong></span> <span class='ocrx_word' id='word_1_499' title='bbox 1407 1290 1480 1313; x_wconf 89' lang='lat' dir='ltr'><strong>sunt.</strong></span> <span class='ocrx_word' id='word_1_500' title='bbox 1503 1283 1647 1319; x_wconf 82' lang='lat' dir='ltr'><strong>Propterea</strong></span> <span class='ocrx_word' id='word_1_501' title='bbox 1666 1289 1703 1317; x_wconf 86' lang='lat' dir='ltr'><strong>te,</strong></span> <span class='ocrx_word' id='word_1_502' title='bbox 1732 1292 1749 1312; x_wconf 93' lang='grc' dir='ltr'>ο</span> <span class='ocrx_word' id='word_1_503' title='bbox 1767 1289 1853 1318; x_wconf 79' lang='lat' dir='ltr'><strong>casta,</strong></span> 
     </span>
    </p>
   </div>
   <div class='ocr_carea' id='block_1_86' title="bbox 1071 1331 1429 1359">
    <p class='ocr_par' dir='ltr' id='par_1_86' title="bbox 1071 1331 1429 1359">
     <span class='ocr_line' id='line_1_87' title="bbox 1071 1331 1429 1359; baseline -0.003 0"><span class='ocrx_word' id='word_1_504' title='bbox 1071 1332 1164 1359; x_wconf 81' lang='lat' dir='ltr'><strong>ﬁdeles</strong></span> <span class='ocrx_word' id='word_1_505' title='bbox 1180 1331 1286 1359; x_wconf 83' lang='lat' dir='ltr'><strong>beatam</strong></span> <span class='ocrx_word' id='word_1_506' title='bbox 1302 1331 1429 1358; x_wconf 88' lang='lat' dir='ltr'><strong>dicimus.</strong></span> 
     </span>
    </p>
   </div>
   <div class='ocr_carea' id='block_1_87' title="bbox 1105 1376 1854 1412">
    <p class='ocr_par' dir='ltr' id='par_1_87' title="bbox 1105 1376 1854 1412">
     <span class='ocr_line' id='line_1_88' title="bbox 1105 1376 1854 1412; baseline -0.003 -8"><span class='ocrx_word' id='word_1_507' title='bbox 1105 1377 1186 1412; x_wconf 77' lang='lat' dir='ltr'><strong>Virgo</strong></span> <span class='ocrx_word' id='word_1_508' title='bbox 1210 1378 1236 1404; x_wconf 94' lang='lat' dir='ltr'><strong>in</strong></span> <span class='ocrx_word' id='word_1_509' title='bbox 1267 1381 1344 1404; x_wconf 85' lang='lat' dir='ltr'><strong>utero</strong></span> <span class='ocrx_word' id='word_1_510' title='bbox 1362 1376 1479 1412; x_wconf 88' lang='lat' dir='ltr'><strong>concipit</strong></span> <span class='ocrx_word' id='word_1_511' title='bbox 1500 1377 1595 1405; x_wconf 88' lang='lat' dir='ltr'><strong>mundi</strong></span> <span class='ocrx_word' id='word_1_512' title='bbox 1622 1385 1707 1405; x_wconf 91' lang='lat' dir='ltr'><strong>unum</strong></span> <span class='ocrx_word' id='word_1_513' title='bbox 1736 1376 1854 1410; x_wconf 86' lang='lat' dir='ltr'><strong>impera-</strong></span> 
     </span>
    </p>
   </div>
   <div class='ocr_carea' id='block_1_88' title="bbox 1071 1422 1854 1458">
    <p class='ocr_par' dir='ltr' id='par_1_88' title="bbox 1071 1422 1854 1458">
     <span class='ocr_line' id='line_1_89' title="bbox 1071 1422 1854 1458; baseline -0.004 -7"><span class='ocrx_word' id='word_1_514' title='bbox 1071 1428 1156 1451; x_wconf 85' lang='lat' dir='ltr'><strong>torem</strong></span> <span class='ocrx_word' id='word_1_515' title='bbox 1185 1422 1269 1450; x_wconf 88' lang='lat' dir='ltr'><strong>Deum</strong></span> <span class='ocrx_word' id='word_1_516' title='bbox 1296 1423 1416 1450; x_wconf 88' lang='lat' dir='ltr'><strong>humana</strong></span> <span class='ocrx_word' id='word_1_517' title='bbox 1446 1422 1572 1450; x_wconf 91' lang='lat' dir='ltr'><strong>indutum</strong></span> <span class='ocrx_word' id='word_1_518' title='bbox 1598 1431 1690 1457; x_wconf 83' lang='lat' dir='ltr'><strong>carne,</strong></span> <span class='ocrx_word' id='word_1_519' title='bbox 1714 1430 1795 1458; x_wconf 89' lang='lat' dir='ltr'><strong>quam</strong></span> <span class='ocrx_word' id='word_1_520' title='bbox 1824 1426 1854 1448; x_wconf 93' lang='lat' dir='ltr'><strong>ut</strong></span> 
     </span>
    </p>
   </div>
   <div class='ocr_carea' id='block_1_89' title="bbox 1067 1467 1854 1505">
    <p class='ocr_par' dir='ltr' id='par_1_89' title="bbox 1067 1467 1854 1505">
     <span class='ocr_line' id='line_1_90' title="bbox 1067 1467 1854 1505; baseline -0.001 -9"><span class='ocrx_word' id='word_1_521' title='bbox 1067 1470 1268 1505; x_wconf 77' lang='lat' dir='ltr'><strong>intpcratricem</strong></span> <span class='ocrx_word' id='word_1_522' title='bbox 1294 1468 1369 1496; x_wconf 87' lang='lat' dir='ltr'><strong>orbis</strong></span> <span class='ocrx_word' id='word_1_523' title='bbox 1392 1473 1418 1496; x_wconf 88' lang='lat' dir='ltr'><strong>et</strong></span> <span class='ocrx_word' id='word_1_524' title='bbox 1443 1468 1597 1502; x_wconf 86' lang='lat' dir='ltr'><strong>Dominam,</strong></span> <span class='ocrx_word' id='word_1_525' title='bbox 1611 1470 1708 1496; x_wconf 88' lang='lat' dir='ltr'><strong>merito</strong></span> <span class='ocrx_word' id='word_1_526' title='bbox 1734 1467 1854 1496; x_wconf 84' lang='lat' dir='ltr'><strong>celebra-</strong></span> 
     </span>
    </p>
   </div>
   <div class='ocr_carea' id='block_1_90' title="bbox 1068 1522 1139 1543">
    <p class='ocr_par' dir='ltr' id='par_1_90' title="bbox 1068 1522 1139 1543">
     <span class='ocr_line' id='line_1_91' title="bbox 1068 1522 1139 1543; baseline 0 -1"><span class='ocrx_word' id='word_1_527' title='bbox 1068 1522 1139 1543; x_wconf 76' lang='lat' dir='ltr'><strong>IDUS.</strong></span> 
     </span>
    </p>
   </div>
   <div class='ocr_carea' id='block_1_91' title="bbox 1103 1557 1852 1596">
    <p class='ocr_par' dir='ltr' id='par_1_91' title="bbox 1103 1557 1852 1596">
     <span class='ocr_line' id='line_1_92' title="bbox 1103 1557 1852 1596; baseline -0.004 -9"><span class='ocrx_word' id='word_1_528' title='bbox 1103 1560 1274 1596; x_wconf 82' lang='lat' dir='ltr'><strong>inopinatum</strong></span> <span class='ocrx_word' id='word_1_529' title='bbox 1303 1559 1330 1587; x_wconf 90' lang='lat' dir='ltr'><strong>in</strong></span> <span class='ocrx_word' id='word_1_530' title='bbox 1356 1564 1382 1587; x_wconf 91' lang='lat' dir='ltr'><strong>te</strong></span> <span class='ocrx_word' id='word_1_531' title='bbox 1405 1559 1569 1587; x_wconf 88' lang='lat' dir='ltr'><strong>miraculum</strong></span> <span class='ocrx_word' id='word_1_532' title='bbox 1595 1558 1709 1591; x_wconf 82' lang='lat' dir='ltr'><strong>exstitit,</strong></span> <span class='ocrx_word' id='word_1_533' title='bbox 1726 1557 1852 1593; x_wconf 82' lang='lat' dir='ltr'><strong>Deipara,</strong></span> 
     </span>
    </p>
   </div>
   <div class='ocr_carea' id='block_1_92' title="bbox 1069 1603 1852 1640">
    <p class='ocr_par' dir='ltr' id='par_1_92' title="bbox 1069 1603 1852 1640">
     <span class='ocr_line' id='line_1_93' title="bbox 1069 1603 1852 1640; baseline -0.005 -7"><span class='ocrx_word' id='word_1_534' title='bbox 1069 1611 1154 1634; x_wconf 81' lang='lat' dir='ltr'><strong>mater</strong></span> <span class='ocrx_word' id='word_1_535' title='bbox 1167 1607 1239 1633; x_wconf 89' lang='lat' dir='ltr'><strong>enim</strong></span> <span class='ocrx_word' id='word_1_536' title='bbox 1253 1606 1347 1633; x_wconf 81' lang='lat' dir='ltr'><strong>eadem</strong></span> <span class='ocrx_word' id='word_1_537' title='bbox 1359 1610 1385 1633; x_wconf 87' lang='lat' dir='ltr'><strong>et</strong></span> <span class='ocrx_word' id='word_1_538' title='bbox 1397 1605 1480 1640; x_wconf 73' lang='lat' dir='ltr'><strong>Virgo</strong></span> <span class='ocrx_word' id='word_1_539' title='bbox 1490 1605 1564 1632; x_wconf 87' lang='lat' dir='ltr'><strong>nulla</strong></span> <span class='ocrx_word' id='word_1_540' title='bbox 1577 1612 1696 1639; x_wconf 87' lang='lat' dir='ltr'><strong>unquam</strong></span> <span class='ocrx_word' id='word_1_541' title='bbox 1711 1611 1726 1631; x_wconf 90' lang='lat' dir='ltr'><strong>a</strong></span> <span class='ocrx_word' id='word_1_542' title='bbox 1741 1603 1852 1636; x_wconf 63' lang='lat' dir='ltr'><strong>smculo,</strong></span> 
     </span>
    </p>
   </div>
   <div class='ocr_carea' id='block_1_93' title="bbox 1068 1650 1852 1686">
    <p class='ocr_par' dir='ltr' id='par_1_93' title="bbox 1068 1650 1852 1686">
     <span class='ocr_line' id='line_1_94' title="bbox 1068 1650 1852 1686; baseline -0.003 -8"><span class='ocrx_word' id='word_1_543' title='bbox 1068 1657 1166 1686; x_wconf 64' lang='lat' dir='ltr'><strong>praeter</strong></span> <span class='ocrx_word' id='word_1_544' title='bbox 1186 1657 1221 1683; x_wconf 85' lang='lat' dir='ltr'><strong>te,</strong></span> <span class='ocrx_word' id='word_1_545' title='bbox 1236 1651 1292 1678; x_wconf 89' lang='lat' dir='ltr'><strong>visa</strong></span> <span class='ocrx_word' id='word_1_546' title='bbox 1311 1655 1363 1683; x_wconf 83' lang='lat' dir='ltr'><strong>est,</strong></span> <span class='ocrx_word' id='word_1_547' title='bbox 1379 1658 1439 1685; x_wconf 71' lang='lat' dir='ltr'><strong>qua:</strong></span> <span class='ocrx_word' id='word_1_548' title='bbox 1456 1651 1542 1678; x_wconf 88' lang='lat' dir='ltr'><strong>Deum</strong></span> <span class='ocrx_word' id='word_1_549' title='bbox 1571 1651 1745 1678; x_wconf 84' lang='lat' dir='ltr'><strong>incarnatum</strong></span> <span class='ocrx_word' id='word_1_550' title='bbox 1761 1650 1852 1681; x_wconf 78' lang='lat' dir='ltr'><strong>enixa,</strong></span> 
     </span>
    </p>
   </div>
   <div class='ocr_carea' id='block_1_94' title="bbox 1067 1695 1852 1732">
    <p class='ocr_par' dir='ltr' id='par_1_94' title="bbox 1067 1695 1852 1732">
     <span class='ocr_line' id='line_1_95' title="bbox 1067 1695 1852 1732; baseline -0.004 -8"><span class='ocrx_word' id='word_1_551' title='bbox 1067 1696 1150 1732; x_wconf 80' lang='lat' dir='ltr'><strong>Virgo</strong></span> <span class='ocrx_word' id='word_1_552' title='bbox 1164 1701 1224 1732; x_wconf 85' lang='lat' dir='ltr'><strong>post</strong></span> <span class='ocrx_word' id='word_1_553' title='bbox 1238 1701 1344 1732; x_wconf 84' lang='lat' dir='ltr'><strong>partum</strong></span> <span class='ocrx_word' id='word_1_554' title='bbox 1360 1696 1533 1732; x_wconf 83' lang='lat' dir='ltr'><strong>permansisti</strong></span> <span class='ocrx_word' id='word_1_555' title='bbox 1551 1705 1558 1724; x_wconf 92' lang='lat'><strong>:</strong></span> <span class='ocrx_word' id='word_1_556' title='bbox 1571 1695 1750 1731; x_wconf 87' lang='lat' dir='ltr'><strong>quamobrem</strong></span> <span class='ocrx_word' id='word_1_557' title='bbox 1761 1695 1852 1722; x_wconf 82' lang='lat' dir='ltr'><strong>t‘ttttcti</strong></span> 
     </span>
    </p>
   </div>
   <div class='ocr_carea' id='block_1_95' title="bbox 1067 1743 1436 1779">
    <p class='ocr_par' dir='ltr' id='par_1_95' title="bbox 1067 1743 1436 1779">
     <span class='ocr_line' id='line_1_96' title="bbox 1067 1743 1436 1779; baseline -0.003 -7"><span class='ocrx_word' id='word_1_558' title='bbox 1067 1749 1094 1772; x_wconf 88' lang='lat' dir='ltr'><strong>te</strong></span> <span class='ocrx_word' id='word_1_559' title='bbox 1110 1744 1202 1772; x_wconf 83' lang='lat' dir='ltr'><strong>ﬁdeles</strong></span> <span class='ocrx_word' id='word_1_560' title='bbox 1220 1744 1263 1779; x_wconf 90' lang='lat' dir='ltr'><strong>pie</strong></span> <span class='ocrx_word' id='word_1_561' title='bbox 1280 1743 1436 1771; x_wconf 82' lang='lat' dir='ltr'><strong>laudamus.</strong></span> 
     </span>
    </p>
   </div>
   <div class='ocr_carea' id='block_1_96' title="bbox 1071 1851 1851 1889">
    <p class='ocr_par' dir='ltr' id='par_1_96' title="bbox 1071 1851 1851 1889">
     <span class='ocr_line' id='line_1_97' title="bbox 1071 1851 1851 1889; baseline -0.005 -7"><span class='ocrx_word' id='word_1_562' title='bbox 1071 1855 1122 1882; x_wconf 80' lang='grc' dir='ltr'><strong>Ἐκ</strong></span> <span class='ocrx_word' id='word_1_563' title='bbox 1136 1854 1188 1882; x_wconf 84' lang='grc' dir='ltr'><strong>τοῦ</strong></span> <span class='ocrx_word' id='word_1_564' title='bbox 1201 1855 1333 1888; x_wconf 83' lang='grc' dir='ltr'><strong>Κανόνος</strong></span> <span class='ocrx_word' id='word_1_565' title='bbox 1355 1853 1410 1889; x_wconf 82' lang='grc' dir='ltr'><strong>τῆς</strong></span> <span class='ocrx_word' id='word_1_566' title='bbox 1433 1852 1582 1887; x_wconf 81' lang='grc' dir='ltr'><strong>Κυριακῆς</strong></span> <span class='ocrx_word' id='word_1_567' title='bbox 1597 1855 1629 1884; x_wconf 80' lang='grc' dir='ltr'><strong>ε’,</strong></span> <span class='ocrx_word' id='word_1_568' title='bbox 1645 1852 1698 1880; x_wconf 75' lang='grc' dir='ltr'><strong>τοῦ</strong></span> <span class='ocrx_word' id='word_1_569' title='bbox 1722 1851 1851 1886; x_wconf 70' lang='grc' dir='ltr'><strong>τυφλοῦ.</strong></span> 
     </span>
    </p>
   </div>
   <div class='ocr_carea' id='block_1_97' title="bbox 1101 1945 1849 1981">
    <p class='ocr_par' dir='ltr' id='par_1_97' title="bbox 1101 1945 1849 1981">
     <span class='ocr_line' id='line_1_98' title="bbox 1101 1945 1849 1981; baseline -0.003 -9"><span class='ocrx_word' id='word_1_570' title='bbox 1101 1946 1217 1981; x_wconf 83' lang='grc' dir='ltr'>Μήτραν</span> <span class='ocrx_word' id='word_1_571' title='bbox 1246 1954 1293 1972; x_wconf 84' lang='grc' dir='ltr'><strong>σου</strong></span> <span class='ocrx_word' id='word_1_572' title='bbox 1320 1945 1508 1980; x_wconf 77' lang='grc' dir='ltr'><strong>ἀπειρόγαμον</strong></span> <span class='ocrx_word' id='word_1_573' title='bbox 1537 1946 1586 1980; x_wconf 74' lang='grc' dir='ltr'>τὴν</span> <span class='ocrx_word' id='word_1_574' title='bbox 1601 1945 1650 1981; x_wconf 82' lang='grc' dir='ltr'><strong>σὴν</strong></span> <span class='ocrx_word' id='word_1_575' title='bbox 1677 1945 1849 1981; x_wconf 79' lang='grc' dir='ltr'><strong>κατῴκησεν,</strong></span> 
     </span>
    </p>
   </div>
   <div class='ocr_carea' id='block_1_98' title="bbox 1070 1989 1851 2027">
    <p class='ocr_par' dir='ltr' id='par_1_98' title="bbox 1070 1989 1851 2027">
     <span class='ocr_line' id='line_1_99' title="bbox 1070 1989 1851 2027; baseline -0.003 -9"><span class='ocrx_word' id='word_1_576' title='bbox 1070 1991 1150 2026; x_wconf 83' lang='grc' dir='ltr'><strong>ἁγνὴ,</strong></span> <span class='ocrx_word' id='word_1_577' title='bbox 1169 1991 1271 2027; x_wconf 81' lang='grc' dir='ltr'>Κύριος</span> <span class='ocrx_word' id='word_1_578' title='bbox 1281 1991 1325 2018; x_wconf 81' lang='grc' dir='ltr'><strong>διὰ</strong></span> <span class='ocrx_word' id='word_1_579' title='bbox 1339 1990 1482 2026; x_wconf 82' lang='grc' dir='ltr'><strong>σπλάγχνα</strong></span> <span class='ocrx_word' id='word_1_580' title='bbox 1498 1991 1648 2026; x_wconf 79' lang='grc' dir='ltr'>οἰκτιρμῶν</span> <span class='ocrx_word' id='word_1_581' title='bbox 1659 1990 1745 2017; x_wconf 76' lang='grc' dir='ltr'><strong>σῶσαι</strong></span> <span class='ocrx_word' id='word_1_582' title='bbox 1759 1989 1851 2024; x_wconf 75' lang='grc' dir='ltr'><strong>βουλό-</strong></span> 
     </span>
    </p>
   </div>
   <div class='ocr_carea' id='block_1_99' title="bbox 1068 2035 1850 2071">
    <p class='ocr_par' dir='ltr' id='par_1_99' title="bbox 1068 2035 1850 2071">
     <span class='ocr_line' id='line_1_100' title="bbox 1068 2035 1850 2071; baseline -0.003 -8"><span class='ocrx_word' id='word_1_583' title='bbox 1068 2045 1146 2071; x_wconf 81' lang='grc' dir='ltr'><strong>μενος</strong></span> <span class='ocrx_word' id='word_1_584' title='bbox 1159 2036 1205 2064; x_wconf 76' lang='grc' dir='ltr'><strong>τὸν</strong></span> <span class='ocrx_word' id='word_1_585' title='bbox 1231 2036 1370 2071; x_wconf 79' lang='grc' dir='ltr'><strong>φθαρέντα</strong></span> <span class='ocrx_word' id='word_1_586' title='bbox 1384 2035 1528 2071; x_wconf 74' lang='grc' dir='ltr'>ἄνθρωπον</span> <span class='ocrx_word' id='word_1_587' title='bbox 1551 2037 1611 2067; x_wconf 79' lang='grc' dir='ltr'>ταῖς</span> <span class='ocrx_word' id='word_1_588' title='bbox 1637 2035 1789 2070; x_wconf 73' lang='grc' dir='ltr'><strong>μεθοδείαις</strong></span> <span class='ocrx_word' id='word_1_589' title='bbox 1802 2035 1850 2061; x_wconf 74' lang='grc' dir='ltr'><strong>τοῦ</strong></span> 
     </span>
    </p>
   </div>
   <div class='ocr_carea' id='block_1_100' title="bbox 1068 2080 1851 2118">
    <p class='ocr_par' dir='ltr' id='par_1_100' title="bbox 1068 2080 1851 2118">
     <span class='ocr_line' id='line_1_101' title="bbox 1068 2080 1851 2118; baseline -0.003 -10"><span class='ocrx_word' id='word_1_590' title='bbox 1068 2081 1183 2118; x_wconf 67' lang='grc' dir='ltr'><strong>ἐχθροῦ·</strong></span> <span class='ocrx_word' id='word_1_591' title='bbox 1203 2081 1284 2109; x_wconf 72' lang='grc' dir='ltr'>αὐτὸν</span> <span class='ocrx_word' id='word_1_592' title='bbox 1303 2081 1348 2108; x_wconf 81' lang='grc' dir='ltr'>οὗν</span> <span class='ocrx_word' id='word_1_593' title='bbox 1366 2082 1471 2108; x_wconf 72' lang='grc' dir='ltr'><strong>ἱκέτευε</strong></span> <span class='ocrx_word' id='word_1_594' title='bbox 1492 2081 1541 2116; x_wconf 79' lang='grc' dir='ltr'>τὴν</span> <span class='ocrx_word' id='word_1_595' title='bbox 1554 2081 1631 2107; x_wconf 82' lang='grc' dir='ltr'>πόλιν</span> <span class='ocrx_word' id='word_1_596' title='bbox 1647 2080 1749 2116; x_wconf 82' lang='grc' dir='ltr'>ταύτην</span> <span class='ocrx_word' id='word_1_597' title='bbox 1765 2080 1851 2112; x_wconf 81' lang='grc' dir='ltr'><strong>σώζε-</strong></span> 
     </span>
    </p>
   </div>
   <div class='ocr_carea' id='block_1_101' title="bbox 1066 2126 1722 2163">
    <p class='ocr_par' dir='ltr' id='par_1_101' title="bbox 1066 2126 1722 2163">
     <span class='ocr_line' id='line_1_102' title="bbox 1066 2126 1722 2163; baseline -0.003 -8"><span class='ocrx_word' id='word_1_598' title='bbox 1066 2129 1129 2155; x_wconf 77' lang='grc' dir='ltr'><strong>σθαι</strong></span> <span class='ocrx_word' id='word_1_599' title='bbox 1140 2129 1229 2163; x_wconf 72' lang='grc' dir='ltr'><strong>πάσης</strong></span> <span class='ocrx_word' id='word_1_600' title='bbox 1243 2127 1369 2160; x_wconf 77' lang='grc' dir='ltr'><strong>ἁλώσεως</strong></span> <span class='ocrx_word' id='word_1_601' title='bbox 1382 2127 1430 2153; x_wconf 66' lang='grc' dir='ltr'><strong>καὶ</strong></span> <span class='ocrx_word' id='word_1_602' title='bbox 1443 2127 1549 2162; x_wconf 71' lang='grc' dir='ltr'>ἐχθρῶν</span> <span class='ocrx_word' id='word_1_603' title='bbox 1562 2126 1722 2162; x_wconf 72' lang='grc' dir='ltr'><strong>ἐπιδρομῆς.</strong></span> 
     </span>
    </p>
   </div>
   <div class='ocr_carea' id='block_1_102' title="bbox 1100 2171 1848 2208">
    <p class='ocr_par' dir='ltr' id='par_1_102' title="bbox 1100 2171 1848 2208">
     <span class='ocr_line' id='line_1_103' title="bbox 1100 2171 1848 2208; baseline -0.005 -8"><span class='ocrx_word' id='word_1_604' title='bbox 1100 2172 1270 2208; x_wconf 79' lang='grc' dir='ltr'>Παρθενικῆς</span> <span class='ocrx_word' id='word_1_605' title='bbox 1286 2172 1340 2199; x_wconf 75' lang='grc' dir='ltr'><strong>ἀπὸ</strong></span> <span class='ocrx_word' id='word_1_606' title='bbox 1354 2171 1470 2206; x_wconf 76' lang='grc' dir='ltr'><strong>γαστρὸς</strong></span> <span class='ocrx_word' id='word_1_607' title='bbox 1484 2171 1645 2206; x_wconf 82' lang='grc' dir='ltr'><strong>ἀπεκύησας</strong></span> <span class='ocrx_word' id='word_1_608' title='bbox 1664 2171 1730 2197; x_wconf 62' lang='grc' dir='ltr'><strong>Θεὸν</strong></span> <span class='ocrx_word' id='word_1_609' title='bbox 1749 2179 1848 2206; x_wconf 66' lang='grc' dir='ltr'><strong>σεσαρ-</strong></span> 
     </span>
    </p>
   </div>
   <div class='ocr_carea' id='block_1_103' title="bbox 1066 2216 1850 2254">
    <p class='ocr_par' dir='ltr' id='par_1_103' title="bbox 1066 2216 1850 2254">
     <span class='ocr_line' id='line_1_104' title="bbox 1066 2216 1850 2254; baseline -0.005 -9"><span class='ocrx_word' id='word_1_610' title='bbox 1066 2217 1200 2254; x_wconf 81' lang='grc' dir='ltr'><strong>κωμένον,</strong></span> <span class='ocrx_word' id='word_1_611' title='bbox 1217 2218 1246 2244; x_wconf 78' lang='grc' dir='ltr'>ὃν</span> <span class='ocrx_word' id='word_1_612' title='bbox 1263 2217 1485 2253; x_wconf 79' lang='grc' dir='ltr'><strong>κατοικτειρῆσαι</strong></span> <span class='ocrx_word' id='word_1_613' title='bbox 1508 2217 1581 2253; x_wconf 74' lang='grc' dir='ltr'><strong>ἡμᾶς</strong></span> <span class='ocrx_word' id='word_1_614' title='bbox 1594 2217 1714 2252; x_wconf 61' lang='lat' dir='ltr'><strong>aisne-at,</strong></span> <span class='ocrx_word' id='word_1_615' title='bbox 1728 2216 1850 2250; x_wconf 68' lang='grc' dir='ltr'><strong>παναγίι</strong></span> 
     </span>
    </p>
   </div>
   <div class='ocr_carea' id='block_1_104' title="bbox 1027 2249 1205 2292">
    <p class='ocr_par' dir='ltr' id='par_1_104' title="bbox 1027 2249 1205 2292">
     <span class='ocr_line' id='line_1_105' title="bbox 1027 2249 1205 2292; baseline 0 -1"><span class='ocrx_word' id='word_1_616' title='bbox 1027 2249 1050 2277; x_wconf 78' lang='lat' dir='ltr'><strong>D</strong></span> <span class='ocrx_word' id='word_1_617' title='bbox 1064 2264 1205 2292; x_wconf 77' lang='grc' dir='ltr'><strong>Δέσποινα.</strong></span> 
     </span>
    </p>
   </div>
   <div class='ocr_carea' id='block_1_105' title="bbox 1100 2308 1851 2345">
    <p class='ocr_par' dir='ltr' id='par_1_105' title="bbox 1100 2308 1851 2345">
     <span class='ocr_line' id='line_1_106' title="bbox 1100 2308 1851 2345; baseline -0.005 -7"><span class='ocrx_word' id='word_1_618' title='bbox 1100 2311 1152 2338; x_wconf 79' lang='grc' dir='ltr'><strong>Τὸν</strong></span> <span class='ocrx_word' id='word_1_619' title='bbox 1171 2310 1250 2338; x_wconf 78' lang='grc' dir='ltr'>τόκον</span> <span class='ocrx_word' id='word_1_620' title='bbox 1264 2319 1322 2343; x_wconf 82' lang='grc' dir='ltr'><strong>σου,</strong></span> <span class='ocrx_word' id='word_1_621' title='bbox 1339 2309 1468 2345; x_wconf 74' lang='grc' dir='ltr'><strong>ἅχραντε,</strong></span> <span class='ocrx_word' id='word_1_622' title='bbox 1479 2309 1525 2336; x_wconf 73' lang='grc' dir='ltr'><strong>τὸν</strong></span> <span class='ocrx_word' id='word_1_623' title='bbox 1551 2308 1621 2344; x_wconf 78' lang='grc' dir='ltr'><strong>ὑπὲρ</strong></span> <span class='ocrx_word' id='word_1_624' title='bbox 1644 2309 1726 2343; x_wconf 67' lang='grc' dir='ltr'>φύσιν</span> <span class='ocrx_word' id='word_1_625' title='bbox 1744 2309 1851 2342; x_wconf 62' lang='lat' dir='ltr'><strong>6950M-</strong></span> 
     </span>
    </p>
   </div>
   <div class='ocr_carea' id='block_1_106' title="bbox 1065 2355 1848 2392">
    <p class='ocr_par' dir='ltr' id='par_1_106' title="bbox 1065 2355 1848 2392">
     <span class='ocr_line' id='line_1_107' title="bbox 1065 2355 1848 2392; baseline -0.004 -8"><span class='ocrx_word' id='word_1_626' title='bbox 1065 2356 1168 2392; x_wconf 84' lang='grc' dir='ltr'>γοῦμεν</span> <span class='ocrx_word' id='word_1_627' title='bbox 1181 2357 1377 2392; x_wconf 78' lang='grc' dir='ltr'><strong>μακαρίζοντες</strong></span> <span class='ocrx_word' id='word_1_628' title='bbox 1391 2355 1480 2382; x_wconf 78' lang='grc' dir='ltr'><strong>πίστει</strong></span> <span class='ocrx_word' id='word_1_629' title='bbox 1494 2363 1535 2388; x_wconf 81' lang='grc' dir='ltr'><strong>σε,</strong></span> <span class='ocrx_word' id='word_1_630' title='bbox 1550 2355 1714 2390; x_wconf 81' lang='grc' dir='ltr'><strong>πανάμωμε,</strong></span> <span class='ocrx_word' id='word_1_631' title='bbox 1731 2355 1767 2386; x_wconf 84' lang='grc' dir='ltr'><strong>ὡς</strong></span> <span class='ocrx_word' id='word_1_632' title='bbox 1780 2355 1848 2382; x_wconf 77' lang='grc' dir='ltr'><strong>Θεοῦ</strong></span> 
     </span>
    </p>
   </div>
   <div class='ocr_carea' id='block_1_107' title="bbox 1059 2402 1389 2438">
    <p class='ocr_par' dir='ltr' id='par_1_107' title="bbox 1059 2402 1389 2438">
     <span class='ocr_line' id='line_1_108' title="bbox 1059 2402 1389 2438; baseline -0.006 -8"><span class='ocrx_word' id='word_1_633' title='bbox 1059 2403 1115 2430; x_wconf 80' lang='grc' dir='ltr'><strong>τῶν</strong></span> <span class='ocrx_word' id='word_1_634' title='bbox 1134 2402 1202 2429; x_wconf 81' lang='grc' dir='ltr'>ὅλων</span> <span class='ocrx_word' id='word_1_635' title='bbox 1216 2402 1389 2438; x_wconf 75' lang='grc' dir='ltr'>λοχεύτριαν.</span> 
     </span>
    </p>
   </div>
   <div class='ocr_carea' id='block_1_108' title="bbox 1095 2445 1847 2483">
    <p class='ocr_par' dir='ltr' id='par_1_108' title="bbox 1095 2445 1847 2483">
     <span class='ocr_line' id='line_1_109' title="bbox 1095 2445 1847 2483; baseline -0.003 -8"><span class='ocrx_word' id='word_1_636' title='bbox 1095 2448 1156 2480; x_wconf 73' lang='grc' dir='ltr'><strong>Πῶς</strong></span> <span class='ocrx_word' id='word_1_637' title='bbox 1185 2447 1299 2479; x_wconf 79' lang='grc' dir='ltr'><strong>τέτοκας</strong></span> <span class='ocrx_word' id='word_1_638' title='bbox 1324 2448 1361 2483; x_wconf 81' lang='grc' dir='ltr'><strong>μὴ</strong></span> <span class='ocrx_word' id='word_1_639' title='bbox 1390 2446 1502 2482; x_wconf 75' lang='grc' dir='ltr'><strong>γνοῦσα,</strong></span> <span class='ocrx_word' id='word_1_640' title='bbox 1531 2446 1742 2481; x_wconf 73' lang='grc' dir='ltr'>Παρθενομῆτορ</span> <span class='ocrx_word' id='word_1_641' title='bbox 1765 2445 1847 2480; x_wconf 68' lang='grc' dir='ltr'>ἁγνὴ,</span> 
     </span>
    </p>
   </div>
   <div class='ocr_carea' id='block_1_109' title="bbox 1061 2492 1847 2528">
    <p class='ocr_par' dir='ltr' id='par_1_109' title="bbox 1061 2492 1847 2528">
     <span class='ocr_line' id='line_1_110' title="bbox 1061 2492 1847 2528; baseline -0.005 -7"><span class='ocrx_word' id='word_1_642' title='bbox 1061 2495 1157 2528; x_wconf 76' lang='grc' dir='ltr'>πεῖραν</span> <span class='ocrx_word' id='word_1_643' title='bbox 1180 2494 1287 2528; x_wconf 73' lang='grc' dir='ltr'>ἀνδρὸς,</span> <span class='ocrx_word' id='word_1_644' title='bbox 1299 2493 1500 2528; x_wconf 74' lang='grc' dir='ltr'><strong>ὓεηχαρῑτωτε;</strong></span> <span class='ocrx_word' id='word_1_645' title='bbox 1524 2492 1583 2523; x_wconf 87' lang='grc' dir='ltr'><strong>πῶς</strong></span> <span class='ocrx_word' id='word_1_646' title='bbox 1600 2492 1710 2526; x_wconf 82' lang='grc' dir='ltr'><strong>τρέφεις</strong></span> <span class='ocrx_word' id='word_1_647' title='bbox 1726 2492 1771 2518; x_wconf 76' lang='grc' dir='ltr'>τὸν</span> <span class='ocrx_word' id='word_1_648' title='bbox 1797 2492 1847 2525; x_wconf 78' lang='grc' dir='ltr'>τὴν</span> 
     </span>
    </p>
   </div>
   <div class='ocr_carea' id='block_1_110' title="bbox 1061 2538 1848 2575">
    <p class='ocr_par' dir='ltr' id='par_1_110' title="bbox 1061 2538 1848 2575">
     <span class='ocr_line' id='line_1_111' title="bbox 1061 2538 1848 2575; baseline -0.003 -9"><span class='ocrx_word' id='word_1_649' title='bbox 1061 2539 1148 2567; x_wconf 79' lang='grc' dir='ltr'>κτίσιν</span> <span class='ocrx_word' id='word_1_650' title='bbox 1160 2540 1293 2575; x_wconf 81' lang='grc' dir='ltr'>τρέφοντα</span> <span class='ocrx_word' id='word_1_651' title='bbox 1304 2539 1404 2572; x_wconf 74' lang='grc' dir='ltr'><strong>ςΜόνος</strong></span> <span class='ocrx_word' id='word_1_652' title='bbox 1419 2539 1456 2571; x_wconf 82' lang='grc' dir='ltr'>ὡς</span> <span class='ocrx_word' id='word_1_653' title='bbox 1470 2539 1613 2565; x_wconf 69' lang='grc' dir='ltr'>ἐπίσταται</span> <span class='ocrx_word' id='word_1_654' title='bbox 1626 2538 1706 2570; x_wconf 71' lang='grc' dir='ltr'>αὐτὸς</span> <span class='ocrx_word' id='word_1_655' title='bbox 1718 2538 1764 2565; x_wconf 67' lang='grc' dir='ltr'><strong>τοῦ</strong></span> <span class='ocrx_word' id='word_1_656' title='bbox 1780 2547 1848 2565; x_wconf 68' lang='grc' dir='ltr'>παν.</span> 
     </span>
    </p>
   </div>
   <div class='ocr_carea' id='block_1_111' title="bbox 1059 2586 1379 2621">
    <p class='ocr_par' dir='ltr' id='par_1_111' title="bbox 1059 2586 1379 2621">
     <span class='ocr_line' id='line_1_112' title="bbox 1059 2586 1379 2621; baseline 0.003 -9"><span class='ocrx_word' id='word_1_657' title='bbox 1059 2586 1105 2618; x_wconf 68' lang='grc' dir='ltr'>τὸς</span> <span class='ocrx_word' id='word_1_658' title='bbox 1119 2586 1235 2621; x_wconf 51' lang='lat' dir='ltr'><strong>{Iamsi};</strong></span> <span class='ocrx_word' id='word_1_659' title='bbox 1249 2586 1295 2613; x_wconf 69' lang='lat' dir='ltr'><strong>xei.</strong></span> <span class='ocrx_word' id='word_1_660' title='bbox 1304 2586 1379 2618; x_wconf 79' lang='grc' dir='ltr'><strong>Θεός.</strong></span> 
     </span>
    </p>
   </div>
   <div class='ocr_carea' id='block_1_112' title="bbox 1061 2663 1844 2700">
    <p class='ocr_par' dir='ltr' id='par_1_112' title="bbox 1061 2663 1844 2700">
     <span class='ocr_line' id='line_1_113' title="bbox 1061 2663 1844 2700; baseline 0.003 -10"><span class='ocrx_word' id='word_1_661' title='bbox 1061 2663 1172 2692; x_wconf 82' lang='lat' dir='ltr'><strong>Mariam</strong></span> <span class='ocrx_word' id='word_1_662' title='bbox 1189 2664 1358 2694; x_wconf 84' lang='lat' dir='ltr'><strong>inviolatam.</strong></span> <span class='ocrx_word' id='word_1_663' title='bbox 1373 2665 1408 2692; x_wconf 83' lang='lat' dir='ltr'><strong>ita</strong></span> <span class='ocrx_word' id='word_1_664' title='bbox 1422 2665 1568 2700; x_wconf 85' lang='lat' dir='ltr'><strong>appellare,</strong></span> <span class='ocrx_word' id='word_1_665' title='bbox 1586 2665 1649 2700; x_wconf 84' lang='lat' dir='ltr'><strong>quia</strong></span> <span class='ocrx_word' id='word_1_666' title='bbox 1665 2665 1736 2692; x_wconf 82' lang='lat' dir='ltr'><strong>nulla</strong></span> <span class='ocrx_word' id='word_1_667' title='bbox 1751 2665 1844 2697; x_wconf 87' lang='lat' dir='ltr'><strong>sorde,</strong></span> 
     </span>
    </p>
   </div>
   <div class='ocr_carea' id='block_1_113' title="bbox 1061 2700 1846 2734">
    <p class='ocr_par' dir='ltr' id='par_1_113' title="bbox 1061 2700 1846 2734">
     <span class='ocr_line' id='line_1_114' title="bbox 1061 2700 1846 2734; baseline 0.003 -9"><span class='ocrx_word' id='word_1_668' title='bbox 1061 2705 1116 2725; x_wconf 88' lang='lat' dir='ltr'><strong>tum</strong></span> <span class='ocrx_word' id='word_1_669' title='bbox 1134 2700 1194 2734; x_wconf 80' lang='lat' dir='ltr'><strong>ejus</strong></span> <span class='ocrx_word' id='word_1_670' title='bbox 1211 2707 1297 2731; x_wconf 79' lang='lat' dir='ltr'><strong>tuens,</strong></span> <span class='ocrx_word' id='word_1_671' title='bbox 1315 2705 1372 2727; x_wconf 90' lang='lat' dir='ltr'><strong>tum</strong></span> <span class='ocrx_word' id='word_1_672' title='bbox 1388 2700 1448 2734; x_wconf 88' lang='lat' dir='ltr'><strong>ejus</strong></span> <span class='ocrx_word' id='word_1_673' title='bbox 1469 2708 1534 2728; x_wconf 79' lang='lat' dir='ltr'><strong>caro</strong></span> <span class='ocrx_word' id='word_1_674' title='bbox 1551 2701 1614 2727; x_wconf 56' lang='lat' dir='ltr'><strong>luas:</strong></span> <span class='ocrx_word' id='word_1_675' title='bbox 1634 2700 1694 2730; x_wconf 81' lang='lat' dir='ltr'><strong>fuit.</strong></span> <span class='ocrx_word' id='word_1_676' title='bbox 1707 2707 1770 2726; x_wconf 86' lang='lat' dir='ltr'><strong>cum</strong></span> <span class='ocrx_word' id='word_1_677' title='bbox 1794 2701 1846 2727; x_wconf 80' lang='lat' dir='ltr'><strong>hoc</strong></span> 
     </span>
    </p>
   </div>
   <div class='ocr_carea' id='block_1_114' title="bbox 1058 2734 1846 2769">
    <p class='ocr_par' dir='ltr' id='par_1_114' title="bbox 1058 2734 1846 2769">
     <span class='ocr_line' id='line_1_115' title="bbox 1058 2734 1846 2769; baseline 0.001 -9"><span class='ocrx_word' id='word_1_678' title='bbox 1058 2734 1195 2762; x_wconf 59' lang='lat' dir='ltr'><strong>inviolata;</strong></span> <span class='ocrx_word' id='word_1_679' title='bbox 1208 2735 1318 2762; x_wconf 86' lang='lat' dir='ltr'><strong>nomine</strong></span> <span class='ocrx_word' id='word_1_680' title='bbox 1340 2735 1400 2769; x_wconf 82' lang='lat' dir='ltr'><strong>pius</strong></span> <span class='ocrx_word' id='word_1_681' title='bbox 1415 2740 1508 2762; x_wconf 87' lang='lat' dir='ltr'><strong>utatur</strong></span> <span class='ocrx_word' id='word_1_682' title='bbox 1523 2736 1551 2762; x_wconf 89' lang='lat' dir='ltr'><strong>S.</strong></span> <span class='ocrx_word' id='word_1_683' title='bbox 1566 2735 1621 2762; x_wconf 82' lang='lat' dir='ltr'><strong>Leo</strong></span> <span class='ocrx_word' id='word_1_684' title='bbox 1634 2736 1666 2761; x_wconf 86' lang='lat' dir='ltr'><strong>ad</strong></span> <span class='ocrx_word' id='word_1_685' title='bbox 1689 2734 1846 2769; x_wconf 76' lang='lat' dir='ltr'><strong>signiﬁcan-</strong></span> 
     </span>
    </p>
   </div>
   <div class='ocr_carea' id='block_1_115' title="bbox 1055 2769 1844 2804">
    <p class='ocr_par' dir='ltr' id='par_1_115' title="bbox 1055 2769 1844 2804">
     <span class='ocr_line' id='line_1_116' title="bbox 1055 2769 1844 2804; baseline 0 -8"><span class='ocrx_word' id='word_1_686' title='bbox 1055 2769 1117 2796; x_wconf 84' lang='lat' dir='ltr'><strong>dam</strong></span> <span class='ocrx_word' id='word_1_687' title='bbox 1132 2770 1312 2803; x_wconf 77' lang='lat' dir='ltr'><strong>integritatem</strong></span> <span class='ocrx_word' id='word_1_688' title='bbox 1329 2770 1454 2804; x_wconf 86' lang='lat' dir='ltr'><strong>spiritus,</strong></span> <span class='ocrx_word' id='word_1_689' title='bbox 1475 2778 1556 2803; x_wconf 87' lang='lat' dir='ltr'><strong>quam</strong></span> <span class='ocrx_word' id='word_1_690' title='bbox 1572 2770 1729 2797; x_wconf 63' lang='lat' dir='ltr'><strong>illmsionetn</strong></span> <span class='ocrx_word' id='word_1_691' title='bbox 1743 2777 1844 2803; x_wconf 81' lang='lat' dir='ltr'><strong>corpo-</strong></span> 
     </span>
    </p>
   </div>
   <div class='ocr_carea' id='block_1_116' title="bbox 1056 2803 1844 2839">
    <p class='ocr_par' dir='ltr' id='par_1_116' title="bbox 1056 2803 1844 2839">
     <span class='ocr_line' id='line_1_117' title="bbox 1056 2803 1844 2839; baseline 0.001 -9"><span class='ocrx_word' id='word_1_692' title='bbox 1056 2804 1104 2832; x_wconf 86' lang='lat' dir='ltr'><strong>ris.</strong></span> <span class='ocrx_word' id='word_1_693' title='bbox 1119 2809 1200 2838; x_wconf 82' lang='lat' dir='ltr'><strong>atque</strong></span> <span class='ocrx_word' id='word_1_694' title='bbox 1219 2804 1321 2832; x_wconf 77' lang='lat' dir='ltr'><strong>idcirco</strong></span> <span class='ocrx_word' id='word_1_695' title='bbox 1335 2803 1405 2836; x_wconf 72' lang='lat' dir='ltr'><strong>saepe</strong></span> <span class='ocrx_word' id='word_1_696' title='bbox 1421 2805 1446 2831; x_wconf 94' lang='lat' dir='ltr'><strong>in</strong></span> <span class='ocrx_word' id='word_1_697' title='bbox 1463 2806 1520 2833; x_wconf 85' lang='lat' dir='ltr'><strong>suis</strong></span> <span class='ocrx_word' id='word_1_698' title='bbox 1531 2805 1653 2839; x_wconf 88' lang='lat' dir='ltr'><strong>epistolis</strong></span> <span class='ocrx_word' id='word_1_699' title='bbox 1665 2808 1744 2831; x_wconf 67' lang='lat' dir='ltr'><strong>vocat</strong></span> <span class='ocrx_word' id='word_1_700' title='bbox 1759 2803 1844 2831; x_wconf 79' lang='lat' dir='ltr'><strong>Deum</strong></span> 
     </span>
    </p>
   </div>
   <div class='ocr_carea' id='block_1_117' title="bbox 1056 2838 1842 2875">
    <p class='ocr_par' dir='ltr' id='par_1_117' title="bbox 1056 2838 1842 2875">
     <span class='ocr_line' id='line_1_118' title="bbox 1056 2838 1842 2875; baseline 0.001 -10"><span class='ocrx_word' id='word_1_701' title='bbox 1056 2838 1249 2871; x_wconf 74' lang='lat' dir='ltr'><strong>inviolabilem,</strong></span> <span class='ocrx_word' id='word_1_702' title='bbox 1265 2839 1365 2874; x_wconf 88' lang='lat' dir='ltr'><strong>quippe</strong></span> <span class='ocrx_word' id='word_1_703' title='bbox 1380 2839 1426 2873; x_wconf 87' lang='lat' dir='ltr'><strong>qui</strong></span> <span class='ocrx_word' id='word_1_704' title='bbox 1443 2840 1508 2868; x_wconf 88' lang='lat' dir='ltr'><strong>nulli</strong></span> <span class='ocrx_word' id='word_1_705' title='bbox 1528 2838 1689 2875; x_wconf 60' lang='lat' dir='ltr'><strong>cerruptelx</strong></span> <span class='ocrx_word' id='word_1_706' title='bbox 1705 2839 1842 2867; x_wconf 75' lang='lat' dir='ltr'><strong>obnoxius</strong></span> 
     </span>
    </p>
   </div>
   <div class='ocr_carea' id='block_1_118' title="bbox 1056 2875 1439 2911">
    <p class='ocr_par' dir='ltr' id='par_1_118' title="bbox 1056 2875 1439 2911">
     <span class='ocr_line' id='line_1_119' title="bbox 1056 2875 1439 2911; baseline -0.003 -9"><span class='ocrx_word' id='word_1_707' title='bbox 1056 2875 1091 2902; x_wconf 83' lang='lat' dir='ltr'><strong>sit</strong></span> <span class='ocrx_word' id='word_1_708' title='bbox 1104 2880 1233 2911; x_wconf 68' lang='lat' dir='ltr'><strong>tanquam</strong></span> <span class='ocrx_word' id='word_1_709' title='bbox 1252 2875 1439 2910; x_wconf 82' lang='lat' dir='ltr'><strong>impassibilis.</strong></span> 
     </span>
    </p>
   </div>
  </div>
