2075 3154
199 172 266 206 MOI

900 171 1083 203 MARIALE.

1760 171 1830 205 “02

231 234 272 260 Τὰ
285 231 422 268 ιμεγαλεῖά
435 239 491 265 σου,
505 231 587 267 ἁγνὴ,
597 231 640 264 τίς
659 231 837 267 διηγήσεταις
848 230 916 257 Θεὸν
926 230 980 266 γὰρ

1069 229 1202 266 Magnalia
1227 235 1284 262 tua,
1307 237 1324 257 o
1342 235 1448 265 saneta,
1473 231 1535 266 quis
1556 230 1714 258 enarrabit?
1742 231 1827 258 Deum

197 281 224 307 ἐν
242 279 324 313 σαρκὶ
334 278 426 309 ἔτεκες
441 277 588 312 ὑπερφυῶς
603 277 706 312 κόσμον
716 277 761 304 διὰ
777 276 824 303 σοῦ
836 276 982 311 ῥυόμενον,

197 324 317 360 Παρθένε
331 323 496 359 πανάμωμι,
509 323 563 350 ἀπὸ
583 322 673 358 πάσης
689 322 840 358 ἁμαρτίας.

229 414 307 442 Μετὰ
318 415 368 449 τὴν
377 413 474 449 κύησιν
487 413 621 448 παρθένος
634 412 739 448 ὤφθης,
751 412 820 448 ἁγνή
833 420 842 430 ’
852 412 919 439 Θεὸν
929 412 983 448 γὰρ

196 461 345 496 ἐγέννησας
367 459 603 494 καινοτομήσαντα
622 457 728 492 φύσεις,
743 457 871 493 ἄχραντε,
884 458 917 493 τῇ
936 458 984 484 δυ-

197 507 276 541 νάμει
294 505 386 538 αὑτοῦ,
401 504 431 531 ὃν
441 504 594 531 ἑκδυσώπει
610 504 730 539 σωθῆναι
743 503 849 535 πάντας
862 503 946 535 ἡμᾶς.

230 595 352 631 Παρθένε
375 596 502 630 ἄχραντε,
521 593 769 630 Θεοχαρίτωτε,τὸν
796 593 843 620 σὸν
863 592 983 620 δυσώπει

194 641 260 668 Υἰὸν
276 641 320 668 διὰ
333 641 433 672 παντὸς
447 640 484 676 μή
498 649 532 675 με
547 639 727 675 καταισχῦναι
739 641 767 666 ὲν
779 639 870 675 ἡμέρᾳ
881 639 931 675 τῆς
945 639 984 666 δι-

194 694 258 720 κης.
275 685 342 713 ἀλλὰ
353 684 553 720 συναριΘμῆσαι
563 686 619 716 τοῖς
631 685 774 716 ἐκλεκτοῖς
789 685 946 718 προϐάτοις.

230 732 347 757 Φανεῖσα
382 731 540 766 πλατυτέρα
573 731 713 766 οὐρανῶν,
745 732 867 767 Παρθένε
893 731 982 768 ἁγνὴ,

194 776 336 812 ἑχώρησας
350 776 417 802 Θεὸν
433 777 598 812 σωματικῶς
619 777 664 804 τὸν
692 777 909 812 ἀπερίγραπτον,
933 777 982 805 καὶ

194 821 316 856 ὲκύησας
333 821 442 849 πάντων
456 822 645 858 ἀπολύτρωσιν
660 823 714 850 τῶν
731 823 820 850 πίστει
829 823 983 859 ἁδιστάκτῳ

194 867 353 902 ὑμνούντων
366 876 406 895 σε.

1035 278 1109 304 enim
1130 284 1213 304 carne
1234 276 1365 312 peperisti
1385 277 1639 311 supernaturaliter,
1668 277 1714 312 qui
1735 285 1782 312 per
1800 281 1827 304 te

1037 320 1133 348 liberat
1160 319 1305 352 mundum,
1334 320 1553 356 inculpatissima
1579 320 1673 355 Virgo,
1698 321 1732 348 ab
1751 321 1828 348 onmi

1036 369 1160 400 peccato.

1070 410 1136 438 Post
1159 415 1278 445 partum,
1306 410 1388 446 Virgo
1408 410 1571 446 apparuisti,
1602 414 1707 441 sancta.
1741 410 1825 438 Deum

1035 457 1107 485 enim
1121 457 1238 492 genuisti
1252 460 1379 484 naturam
1406 457 1607 489 immutantem,
1625 465 1641 484 ο
1654 457 1825 490 incorrupta,

1035 503 1135 530 virtute
1149 511 1209 536 sua,
1221 511 1301 539 quem
1316 510 1423 538 semper
1440 502 1589 538 deprecare
1613 508 1643 530 ut
1659 503 1751 530 salvos
1775 511 1826 530 nos

1035 547 1130 576 faciat.

1070 593 1154 628 Virgo
1179 593 1353 621 immaculata
1381 592 1436 620 Deo
1458 592 1625 627 gratissima.
1640 597 1715 619 tuum
1740 600 1822 620 exora

1034 637 1134 666 Filium
1147 646 1254 672 semper
1268 646 1302 666 ne
1316 646 1359 666 me
1373 638 1523 666 confundat
1545 639 1572 666 in
1586 639 1630 666 die
1647 638 1757 673 judicii.
1776 638 1824 666 sed

1035 690 1197 713 annnmeret
1211 685 1305 713 electis
1319 685 1428 712 ovibus.

1070 730 1136 758 Visa
1152 731 1278 766 capacior
1303 731 1392 763 ccelis,
1410 730 1494 766 Virgo
1517 734 1624 762 sancta,
1643 730 1824 765 comprehen-

1034 776 1098 804 disti
1110 777 1289 810 corporaliter
1303 775 1389 803 Deum
1403 776 1685 810 incircuniscriptum,
1699 781 1726 803 et
1742 784 1824 811 pepe-

1035 822 1095 849 risti
1118 822 1145 848 in
1167 821 1381 856 redemptionem
1404 821 1540 854 omnium,
1556 822 1603 856 qui
1619 821 1670 850 ﬁde
1691 821 1729 849 nil
1744 821 1825 849 dubi-

1035 873 1108 895 tante
1124 867 1236 894 laudant
1251 872 1286 894 te.

794 925 836 954 Ea;
849 934 948 954 canone
962 926 1035 962 feria
1049 933 1079 958 ιι,
1095 924 1171 952 hebd.
1188 932 1226 952 vt.

230 980 343 1013 Aurora,
359 981 454 1017 Virgo;
469 981 543 1009 fuisti
559 981 631 1010 Solis
656 982 835 1018 intelligibilis
853 983 976 1018 iustitiae.
995 985 1016 1012 Β
1030 980 1178 1008 cruciﬁxus
1204 984 1294 1007 autem
1319 984 1346 1007 et
1367 980 1491 1016 sepultus
1511 988 1542 1008 es
1568 980 1732 1013 voluntarie.
1757 985 1784 1008 ct
1808 987 1823 1007 a

193 1033 240 1061 per
255 1034 335 1060 quem
352 1034 384 1053 ex
399 1027 559 1062 ignorantiae
576 1028 697 1055 tenebris
711 1035 808 1056 sumus
823 1029 904 1056 eruti.

227 1072 310 1107 338
334 1072 431 1100 Libera
457 1080 508 1100 nos
535 1080 550 1100 a
576 1074 712 1108 supplicio
742 1081 775 1102 ae
805 1074 984 1103 damnatione

194 1122 304 1150 aeterna,
319 1125 368 1145 nos
383 1117 428 1152 qui
446 1121 471 1145 te
485 1117 614 1146 laudibus
629 1119 789 1146 extollimus
804 1119 872 1155 (66),
883 1127 900 1147 o
916 1127 983 1155 pura

195 1163 240 1190 Dei
258 1163 393 1191 Genitrir.

229 1209 378 1243 Propitium
403 1209 478 1237 eﬁice
497 1209 587 1241 nobis,
615 1209 774 1245 incorrupta
791 1209 888 1245 Virgo,
906 1215 982 1238 tuum

195 1254 292 1282 Filium
309 1259 336 1282 et
354 1255 441 1284 Deum
468 1256 602 1289 omnium,
626 1257 716 1290 nobis,
742 1257 864 1293 inquam,
882 1257 934 1285 ﬁde
959 1264 986 1286 te

195 1300 379 1329 laudantibus.

371 1346 414 1374 Ex
421 1355 519 1375 canone
532 1347 608 1383 feria:
623 1356 663 1382 ιιι,
678 1347 753 1377 hebd.
770 1356 807 1377 νι.

230 1391 345 1421 Domine
369 1397 473 1427 sancte,
491 1394 538 1430 qui
563 1401 596 1422 ex
613 1398 688 1422 casta
706 1393 817 1431 Virgine
846 1400 926 1424 natus
942 1404 983 1429 es,

204 1467 251 1496 Ἐκ
262 1468 315 1496 τοῦ
325 1470 466 1511 ⁸Κιινρνος
478 1469 534 1505 τῆς
546 1471 687 1511 τετάρτης
701 1471 930 1511 τῆς-ἐῇδομαδος
946 1476 984 1507 ς’,

319 1507 353 1532 ἐν
366 1507 402 1540 τῇ
417 1507 572 1540 προευρτιᾳ
587 1507 640 1541 τῆς
656 1508 860 1542 Ἀναλήψεως.

231 1562 389 1599 Φωτοφὸρον
402 1563 495 1598 ὄχημα
510 1563 555 1590 τοῦ
576 1563 667 1590 Ἡλίου
683 1564 715 1591 σὺ
735 1564 782 1591 τοῦ
798 1565 893 1601 νοητοῦ
904 1565 985 1600 γεγέ-

196 1615 276 1642 νησαι
303 1608 422 1644 ἀληθῶς,
438 1609 555 1645 ἅχραντε
572 1610 650 1645 ἁγνὴ,
666 1611 699 1638 δι’
715 1607 744 1638 οὗ
758 1612 781 1637 oi
793 1612 942 1646 καθήμενοι
956 1612 985 1638 ὲν

1035 1027 1152 1054 mortuis
1168 1026 1354 1058 resurrexisti.
1369 1034 1417 1062 per
1443 1027 1565 1062 ejusdem
1586 1034 1682 1062 preces
1697 1027 1824 1054 omnibus

1035 1073 1236 1100 misericordias
1257 1077 1318 1100 tuas
1333 1072 1453 1100 demitte.

1071 1139 1189 1174 Supplex
1212 1147 1323 1174 precare
1345 1140 1517 1168 incarnatum
1535 1147 1569 1167 ex
1594 1144 1619 1168 te
1645 1139 1776 1172 Verbum,
1794 1144 1824 1167 ut

1035 1185 1123 1213 nostri
1138 1186 1344 1213 humiliatarum
1366 1186 1538 1218 misereatur,
1554 1193 1571 1213 ο
1591 1185 1706 1220 Dcipnra
1726 1185 1820 1220 Virgo.

1070 1255 1170 1283 Lucem
1189 1255 1267 1283 nobis
1279 1255 1311 1282 de
1328 1255 1397 1287 luce,
1407 1262 1423 1282 0
1445 1254 1527 1289 Virgo
1540 1255 1680 1286 inviolata,
1692 1254 1822 1289 genuisti.

1035 1305 1118 1336 atque
1133 1301 1300 1328 inﬁdelitatis
1313 1303 1440 1328 tenebras
1454 1301 1589 1333 minuisti,
1605 1301 1676 1328 unde
1692 1308 1741 1328 nos
1760 1300 1823 1327 uui-

1035 1348 1107 1374 versi
1120 1351 1145 1375 te
1159 1347 1219 1374 ﬁdei
1231 1347 1344 1375 vocibus
1357 1346 1557 1375 collaudantus.

1035 1478 1077 1504 E1;
1093 1484 1190 1504 canone
1204 1476 1276 1512 feria:
1296 1484 1333 1509 IV,
1347 1475 1424 1502 hebd.
1438 1482 1477 1508 VI,
1496 1474 1524 1502 ἱη
1539 1473 1629 1509 vigilia
1643 1472 1822 1502 Aacettsianis.

1070 1567 1230 1595 Vehiculum
1247 1566 1403 1594 Luciferum
1423 1566 1495 1594 Solis
1511 1564 1643 1600 spiritalis
1661 1568 1689 1592 tu
1705 1564 1774 1592 facta
1792 1572 1822 1592 es

1036 1621 1142 1644 revera,
1158 1621 1173 1640 ο
1191 1612 1273 1647 Virgo
1288 1612 1428 1645 inviolata,
1442 1619 1491 1646 per
1510 1618 1591 1646 quem
1609 1610 1658 1641 illi,
1676 1611 1723 1645 qui
1738 1610 1763 1637 in
1783 1614 1823 1637 tc-

197 1653 236 1689 τῷ
253 1655 344 1682 σκότει
369 1655 484 1691 ἔϐλεψαν
499 1657 529 1683 τὸ
544 1656 601 1692 φῶς
625 1657 673 1692 τῆς
690 1657 874 1692 ἐπιγνώσεως,
897 1667 980 1685 κατα-

1037 1659 1128 1687 nebris
1153 1659 1293 1691 sedebant,
1310 1658 1438 1686 viderunt
1461 1658 1554 1686 lumen
1576 1656 1698 1684 scientiae
1723 1661 1749 1684 te
1774 1663 1823 1691 pro

196 1699 284 1734 χρέως
299 1709 328 1727 σε
341 1701 511 1734 δοξάζοντες.

209 1754 253 1782 Εκ
266 1755 319 1782 τοῦ
333 1757 466 1794 Κᾳνόνρς
480 1756 534 1791 τῆς
552 1758 689 1794 ,πέμπτης
703 1758 759 1791 τῆς
775 1759 937 1794 ἑϐδομάδος
946 1758 984 1794 ς’,

354 1791 389 1818 ἑν
405 1791 442 1826 τῇ
457 1792 620 1826 Ἀγαλήψει
639 1794 692 1821 τοῦ
707 1795 828 1828 Κυρίου.

233 1846 367 1882 Ἀχραντε
377 1847 472 1883 Μῆτερ
483 1847 562 1881 Θεοῦ,
580 1847 626 1874 τὸν
636 1847 812 1883 σαρκωοέντα
826 1849 859 1875 ὲκ
868 1848 926 1881 σοῦ,
937 1850 984 1876 καὶ

196 1893 229 1920 ἑκ
253 1894 308 1921 τῶν
326 1895 435 1922 κόλπων
454 1894 501 1922 τοῦ
527 1895 690 1930 Γεννήτορος
717 1895 754 1930 μὴ
782 1895 981 1930 ὲκφοιτήσαντα

196 1938 273 1970 Θεὸν,
293 1939 439 1972 ἀπαύστως
463 1940 598 1976 πρέσόευε
614 1941 646 1967 ἐκ
677 1941 767 1976 πάσης
792 1940 981 1975 περιστάσεως

197 1984 284 2012 σῶσαι
297 1985 343 2017 οὓς
353 1985 481 2014 ἔπλασεν.

238 2030 352 2058 Ἰκέτενε
364 2032 521 2065 ἀπαύστως,
539 2033 617 2069 ἁγνὴ,
633 2033 678 2060 τὸν
703 2032 869 2068 προελθόντα
886 2033 919 2060 hc
934 2033 983 2060 λα-

196 2077 283 2112 γόνων
303 2086 349 2105 σου
365 2079 495 2115 ῥυσθῆναι
514 2079 617 2115 πλάνης
643 2079 766 2107 διαϐόλου
782 2081 845 2113 τοὺς
861 2080 980 2116 ὑμνοῦνιΔ

196 2123 246 2154 τάς
259 2132 287 2150 σε
299 2125 414 2160 Μητέρα
430 2125 509 2154 Θεοῦ.

239 2169 270 2197 'H
284 2171 421 2206 Παρθένος
447 2171 535 2203 ἔτεκε,
552 2173 599 2198 καὶ
621 2171 654 2199 τὰ
682 2172 809 2208 μηῖέρων
832 2173 883 2200 οὐκ
900 2173 981 2208 ἔγνω,

197 2215 265 2243 ἀλλὰ
284 2216 376 2252 μήτηρ
406 2217 454 2252 μὲν
481 2217 549 2249 ἐστι,
578 2218 710 2253 παρθένος
733 2218 761 2245 δὲ
778 2218 923 2254 διέμεινεν,
949 2219 983 2255 ἢν

196 2261 387 2298 ἁνυμνοῦντες,
401 2264 498 2300 Χαῖρε,
512 2264 637 2298 Θεοτόκε,
652 2265 856 2301 κραυγάζομεν.

1035 1706 1167 1741 dignitate
1183 1706 1378 1741 gloriﬁcantes.

1035 1761 1079 1788 Et
1092 1769 1190 1788 canone
1204 1760 1278 1795 feriw
1290 1768 1316 1792 ν,
1325 1759 1444 1792 Ιιεὺιίᾛ,
1455 1760 1483 1795 in
1494 1759 1706 1794 Assumptionem
1719 1757 1823 1785 Domini

1282 1797 1364 1822 nostri
1378 1795 1441 1822 Jcsu
1463 1794 1573 1822 Christi.

1070 1852 1201 1880 luviolata
1220 1851 1266 1880 Dei
1279 1851 1374 1883 Mater,
1392 1851 1476 1878 Deum
1495 1850 1586 1885 ipsum
1605 1858 1639 1878 ex
1654 1855 1680 1878 te
1696 1850 1824 1877 incarna-

1035 1902 1104 1930 tum,
1125 1898 1227 1932 absque
1246 1904 1279 1924 eo
1296 1897 1369 1931 quod
1391 1896 1529 1924 Genitoris
1550 1897 1592 1923 sui
1614 1897 1704 1923 simum
1726 1890 1823 1923 dereli¥

1034 1943 1134 1979 qnerit.
1147 1943 1257 1970 assidue
1271 1942 1427 1977 deprecare,
1437 1946 1465 1968 ut
1479 1941 1514 1968 ab
1529 1941 1604 1968 omni
1622 1941 1745 1976 periculo
1761 1948 1821 1968 scr-

1034 1994 1078 2017 vet
1088 1997 1157 2024 quos
1170 1989 1284 2016 ereavit.

1067 2035 1143 2071 Roga
1159 2035 1353 2066 indesinenter,
1365 2041 1382 2061 ο
1393 2033 1670 2068 sancta,produetum
1685 2039 1717 2059 ex
1734 2032 1822 2059 visce-

1033 2082 1109 2110 ribus
1128 2081 1192 2114 tuis,
1212 2085 1241 2108 ut
1257 2081 1355 2108 liberet
1379 2088 1394 2108 a
1415 2080 1534 2108 fallaciis
1556 2079 1658 2107 diaboli
1682 2078 1823 2105 laudantes

1034 2132 1060 2156 te
1075 2128 1190 2155 Matrem
1207 2126 1265 2154 Dei.

1069 2173 1150 2209 339
1160 2171 1243 2207 Virgo
1258 2172 1371 2207 peperit,
1390 2179 1452 2205 nec,
1470 2179 1530 2206 qum
1555 2175 1673 2197 matrum
1691 2172 1764 2201 sunt,
1780 2172 1822 2196 est

1033 2225 1156 2254 experta,
1171 2219 1217 2246 sed
1236 2223 1321 2246 mater
1342 2218 1452 2254 quidem
1472 2222 1531 2251 est,
1549 2217 1626 2252 virgo
1653 2221 1743 2244 autem
1762 2223 1823 2250 per-

1035 2266 1146 2299 mansit,
1162 2273 1244 2302 quam
1261 2266 1414 2298 laudantes,
1431 2266 1487 2293 Ave.
1503 2265 1629 2301 Deipara.
1655 2265 1820 2292 clamamus.

232 2349 290 2385 (66)
310 2349 365 2387 sat
374 2354 416 2377 est
429 2350 520 2378 dicere
533 2351 564 2378 Β.
581 2350 723 2387 Virginem
737 2351 824 2380 fuisse
838 2351 886 2380 Dei
899 2351 981 2380 Geni-
992 2355 1020 2385 D
1034 2352 1102 2380 simo
1129 2357 1242 2387 peccato
1271 2353 1371 2380 actuali
1400 2353 1517 2380 liberum
1533 2353 1731 2383 conservando.
1755 2353 1817 2386 quia

197 2385 345 2417 tricem,ad
360 2386 412 2422 hoc
429 2391 458 2412 ut
468 2393 525 2422 eam
542 2394 556 2412 a
568 2385 731 2422 quacunque
745 2387 912 2422 iinpuritate,
925 2396 980 2415 nnn

197 2421 286 2450 solum
302 2420 405 2455 peccati
421 2421 545 2456 actualis,
557 2420 604 2448 sed
619 2420 700 2448 etiam
713 2420 854 2456 originalis
868 2424 981 2450 omnino

198 2456 310 2492 liberam
326 2459 417 2492 atque
438 2455 586 2492 immunem
596 2455 796 2492 intelligamus.
816 2457 842 2484 ln
865 2458 981 2492 ignomi-

197 2491 269 2527 I_ti_am
289 2489 361 2527 enim
380 2490 480 2527 Christi
499 2489 739 2527 redundasselfnt
756 2492 844 2526 inquit
861 2489 888 2522 Ξῖ
904 2500 930 2527 p.
949 2500 977 2527 ιι.

1033 2387 1172 2422 Sapientia
1190 2395 1243 2415 non
1257 2389 1340 2416 intrat
1360 2389 1386 2415 in
1404 2396 1506 2423 corpus
1530 2388 1670 2415 subditum
1685 2389 1821 2423 peccatis;

1032 2427 1136 2457 quanto
1159 2424 1247 2457 magis
1271 2424 1355 2458 exigit
1372 2423 1457 2450 Filius
1476 2424 1544 2450 idem
1562 2431 1670 2457 corpus.
1695 2424 1819 2449 eamdem

1031 2457 1150 2484 animam
1171 2457 1329 2492 pulchram;
1345 2458 1380 2485 ita
1400 2464 1429 2485 ut
1445 2465 1584 2492 utinquam
1607 2459 1759 2492 denigrata,
1774 2463 1821 2485 aut

1030 2492 1131 2528 infecta
1148 2492 1230 2520 fuerit
1246 2494 1339 2520 lelhali
1356 2494 1435 2527 culpa
1460 2493 1606 2528 originali?
1621 2492 1688 2519 Hinc
1705 2493 1732 2519 in
1757 2501 1822 2527 quo-

196 2525 241 2562 27,
254 2525 393 2560 angelicus
410 2524 518 2562 doctor,
530 2525 552 2552 si
570 2526 693 2562 ipsenon
708 2524 910 2561 prtescrvasset'
927 2524 979 2554 ϐόα
1029 2527 1091 2562 dam
1107 2527 1200 2554 Ollicio
1213 2529 1328 2562 antiquo
1344 2524 1531 2555 lmuiacnlalle
1541 2528 1734 2562 Conceptionis
1749 2524 1820 2562 apud

197 2560 416 2596 nitricemsnam
435 2566 449 2586 a
464 2560 555 2596 ‘culpa
572 2560 680 2596 veniali,
701 2560 764 2596 quia
791 2562 901 2589 infamia
918 2569 977 2588 ma-

197 2595 246 2621 tris
267 2595 293 2621 in
317 2594 401 2621 lilium
425 2593 569 2621 redundat.
585 2595 656 2630 Ergo
679 2593 717 2622 in'
731 2596 854 2630 ejusdem
878 2597 980 2624 Chriin

196 2629 285 2666 majus
299 2630 423 2666 dedecus
436 2635 569 2666 vergeret,
583 2629 697 2666 sinendo
711 2629 848 2666 propriam
863 2631 977 2659 Matrem

196 2664 360 2701 impuritate
381 2665 467 2701 culpat
504 2665 644 2701 originalis
676 2664 860 2701 coinquinari.
883 2666 978 2695 Nonne

196 2699 256 2733 plus
273 2707 321 2734 per
334 2699 398 2726 illud
414 2699 572 2736 recessisset
589 2708 604 2736 a
621 2700 700 2733 Filio,
717 2699 810 2735 utpote
823 2707 918 2728 saneto
933 2710 981 2736 pcr

195 2733 353 2771 esst-iniam,
365 2740 391 2760 et
402 2733 488 2771 magis
500 2735 661 2762 accessisset
672 2736 706 2763 ad
724 2733 817 2768 Belial,
833 2733 978 2771 majusque

196 2775 257 2795 cum
277 2769 326 2806 illo
339 2769 532 2806 commercium
550 2771 739 2802 contraxisset,
755 2779 836 2806 quam
852 2769 899 2806 per
914 2769 974 2805 pec.

197 2804 394 2842 catalenialia,
409 2804 516 2842 etiamsi
532 2805 557 2832 in
580 2804 928 2842 inﬁnitumcommisisset?
945 2807 973 2834 Si

196 2836 244 2864 Dei
257 2837 342 2866 Filius
353 2840 490 2866 censuluit
501 2839 596 2867 honori
610 2848 669 2871 suo.
681 2841 809 2873 animam,
822 2846 849 2868 et
865 2846 971 2868 uterum

198 2874 377 2909 undeqnaque
390 2874 534 2909 pulchrum
553 2883 610 2904 suo:
634 2875 728 2904 Matris
744 2877 778 2903 ab
799 2878 872 2904 onmi
890 2877 970 2905 levis-

1029 2561 1190 2598 Balinghcm
1206 2565 1233 2591 in
1250 2561 1386 2590 ramum
1403 2563 1537 2596 Mariano,
1555 2570 1616 2599 pag.
1629 2561 1673 2596 il,
1688 2563 1729 2591 sic
1745 2561 1822 2590 carti-

1035 2601 1078 2624 tur
1092 2606 1099 2624 :

1213 2632 1323 2660 Decebat
1338 2637 1391 2659 tam
1408 2632 1520 2660 nobilem

1246 2668 1347 2695 Natum
1363 2676 1508 2702 priet-avere

1251 2704 1287 2730 Ab
1303 2704 1430 2736 originali

1244 2738 1312 2764 Labe
1329 2738 1425 2765 Matris
1439 2737 1502 2765 Eum

1203 2773 1320 2804 Almam,
1333 2782 1411 2808 quant
1423 2775 1536 2807 elegerat

1239 2808 1397 2836 Cenitricem
1410 2816 1466 2834 vere

1240 2843 1318 2870 Nulli
1328 2850 1437 2876 prorsus
1450 2851 1538 2870 sman

1236 2879 1326 2913 Culpa:
1336 2878 1480 2913 subjaccre.
