2075 3154
238 156 308 189 ιιηρ.

785 155 815 186 S.
835 154 993 186 IOSEPHI
1011 154 1292 186 HYMNOGRAPHI

1794 155 1865 188 1404

273 215 410 250 Virginem
435 218 497 250 post
522 218 630 249 partum
649 218 675 241 te
690 212 836 241 laudamus
850 220 867 240 ο
885 212 998 247 Deipara
1016 220 1024 239 :
1039 244 1040 248 η

1113 211 1252 246 Παρθένον
1287 210 1357 246 μετὰ
1386 211 1466 238 τόκον
1493 211 1633 246 ὕμνοῦμέν
1664 220 1704 245 σε,
1719 211 1835 240 Θεοτόκε
1853 222 1862 230 ο

237 265 268 289 ιιι
287 261 360 288 enim
382 260 466 288 Deum
489 259 605 287 Verbum
629 260 803 287 incarnalum
826 258 926 287 mundo
942 265 1022 294 pepe-

238 307 307 334 risti.

273 351 330 387 (67)
348 351 386 378 Te
415 351 514 378 rubum
546 349 765 381 incombnstum.
788 354 815 377 et
839 353 979 382 montem,
997 353 1026 376 et

239 398 339 425 scalam
373 397 539 427 animatam,
567 400 595 424 et
627 400 732 431 portam
761 395 900 423 caelestem
927 395 1025 422 merito

239 444 440 479 gloriﬁcamus,
473 451 490 471 ο
525 443 608 470 Maria
643 442 780 478 gloriosa,
808 441 1024 470 orthodoxorum

239 491 336 525 gloria.

275 535 325 568 Qui
343 539 422 563 natus
437 539 479 562 cst
493 534 526 562 de
545 533 666 569 Virgine,
689 541 769 568 quam
797 533 939 569 Dciparam
960 533 1026 561 επο-

240 581 287 612 cit,
305 581 464 608 benedictus
480 581 515 608 sit
531 580 603 607 Deus
623 584 730 614 patrum
745 585 913 607 nostrorum.

276 628 373 654 Filium
392 635 423 655 ac
439 627 523 654 Deum
552 626 587 654 ob
603 634 681 654 suam
703 626 846 661 plurimam
870 627 1029 654 misericor-

242 674 314 700 diam
333 674 365 700 de
382 673 492 708 Virgine
508 676 611 704 natum,
633 680 680 707 per
701 680 783 706 quem
808 671 929 707 Spiritus
949 680 1029 707 para-

243 721 327 746 cletus
341 719 464 746 ﬁdelibus
480 719 581 746 missus
595 723 646 749 est,
666 718 822 746 sacerdotes
837 719 956 745 laudate.

278 764 345 797 Ave,
364 764 489 798 Deipara,
503 762 587 790 Mater
604 762 706 790 Christi
727 763 784 796 Dei,
800 771 879 797 quem
893 764 1030 798 peperisti,

244 808 325 836 hodie
339 817 354 836 e
369 814 438 836 terra
452 808 603 835 evolantem
614 816 676 836 cum
686 809 790 838 anaelis
805 809 912 842 videns,
924 811 1031 845 magni-

244 855 355 883 ﬁcabas.

1075 257 1106 284 οὗ
1119 259 1172 293 γὰρ
1183 257 1228 284 τὸν
1245 257 1312 284 Θιὺν
1325 257 1412 291 Λόγον
1432 257 1514 293 σαρκὶ
1526 258 1566 293 τῷ
1579 258 1674 293 κόσμῳ
1686 259 1819 294 antiquas.

1110 350 1195 378 Βάτον
1222 359 1252 377 σε
1275 350 1489 384 ἁκατάφλικτον,
1510 351 1556 377 καὶ
1573 350 1647 386 ὅρος,
1663 351 1711 378 καὶ
1736 352 1861 388 κλίμακα.

1074 396 1206 432 ἔμψυχον,
1223 397 1270 424 καὶ
1285 397 1372 432 πύλην
1383 397 1508 433 οὐράνιον
1532 397 1615 430 ἀξίως
1627 397 1786 434 δοξάζομεν,
1803 400 1866 427 Μα-

1076 443 1122 478 ρία
1133 442 1231 475 ἔνδοξε,
1248 442 1397 478 ὀρθοδόξων
1412 443 1555 479 καύχημα.

1118 534 1148 562 'U
1159 536 1191 562 ὲκ
1201 535 1338 570 παρθένου
1349 535 1464 570 τεχθεὶς,
1481 536 1514 572 ἢν
1525 536 1656 564 Θεοτόκον
1667 537 1868 573 ἀπειργάσατο,

1078 580 1222 615 εὐλογητὸς
1241 582 1256 608 ὁ
1269 581 1334 612 Θεὸς
1348 582 1362 607 ὁ
1375 580 1429 607 τῶν
1447 582 1574 617 πατέρων
1591 582 1682 617 ἡμῶν.

1116 627 1167 654 Τὸν
1183 628 1248 654 Υἱδν
1257 629 1303 654 καὶ
1311 628 1389 661 Θεὸν,
1405 629 1449 655 διὰ
1463 629 1512 664 τὴν
1523 629 1606 656 αὑτοῦ
1620 630 1721 664 πολλὴν
1732 631 1871 664 εὐσπλαγ-

1079 674 1157 709 χνιαν
1181 675 1358 710 σαρκωθέντα
1384 675 1416 702 ἐκ
1433 675 1579 710 παρθένου,
1597 676 1642 710 ὑφ’
1658 673 1688 703 οὗ
1704 677 1734 702 τδ
1759 675 1871 710 Πνεῦμα

1080 720 1110 746 τὸ
1123 720 1326 755 παρακλητικὸν
1339 720 1498 755 διηγγέλθη,
1519 721 1601 755 ἱερεῖς
1613 721 1734 754 ὑμνεῖτε.

1115 766 1213 801 Χαῖρε,
1225 765 1349 798 Θεοτόκε,
1363 766 1459 801 Μῆτερ
1476 766 1594 801 Χριστοῦ
1608 766 1655 792 τοῦ
1666 765 1744 799 Θεοῦ,
1753 766 1782 793 ὃν
1791 766 1874 801 ὲκύηυ

1083 820 1143 844 σας,
1176 813 1298 847 σήμερον
1322 813 1354 838 ὲκ
1378 813 1430 847 γῆς
1459 813 1643 848 ἁνιπτᾶμενον
1670 813 1718 840 σὺν
1743 813 1873 848 ἀγγέλοις

1081 857 1183 893 ὁρῶσα,
1201 858 1379 893 ὲμεγάλυνες.

742 915 785 943 Ea;
799 924 899 943 canone
920 916 996 950 ferite
1006 924 1041 948 \'l,
1062 921 1122 950 post
1138 917 1353 952 Assumptionen.

281 972 389 1000 castam
415 974 484 1002 eam
509 974 651 1001 laudemus
677 974 779 1009 populi,
803 974 919 1008 speciem
945 974 1031 1002 πίπτοι)
1044 966 1067 995 Β
1082 964 1143 991 dem
1166 965 1249 991 latere
1273 963 1419 992 ﬂuentibus
1437 964 1565 993 emunda.
1582 964 1621 991 Ad
1639 969 1665 992 te
1681 966 1755 993 enim
1772 966 1874 1001 clamo,

246 1019 345 1047 divinis
364 1020 517 1048 actionibus
539 1020 719 1053 illustremus,
740 1025 767 1048 et
791 1020 915 1056 religiose
939 1020 1031 1047 lande-

247 1072 310 1092 mus
326 1070 453 1100 tanquam
466 1064 577 1092 Matrem
592 1065 638 1093 Dei
649 1067 746 1093 nostri.

281 1110 433 1138 Commune
460 1110 579 1138 ﬁdelium
603 1110 844 1146 propitiatorium,
875 1114 1032 1145 promptum

247 1162 280 1182 ac
295 1159 420 1189 paratum
443 1155 585 1183 hominum
606 1156 749 1188 auxilium,
765 1160 874 1190 pontem
895 1155 928 1182 ad
949 1155 1034 1182 Crea-

248 1204 335 1228 torem
353 1201 549 1233 traducentem,
574 1209 622 1236 per
642 1209 722 1236 quem
746 1209 841 1229 omnes
868 1202 901 1229 ad
918 1201 1034 1229 salutem

248 1246 471 1278 transvehuntur,
484 1246 530 1273 Dei
549 1246 661 1274 Matrem
677 1247 871 1281 gloriﬁcamus.

286 1290 408 1318 Praesens
435 1299 496 1318 cum
516 1292 616 1320 divinis
643 1292 792 1327 discipulis,
819 1292 985 1323 castissima.
1010 1297 1036 1319 et

249 1336 345 1364 videns
361 1344 441 1372 quem
471 1338 563 1372 genuit
586 1346 602 1366 e
628 1342 701 1366 terra
724 1338 850 1371 exaltari,
872 1337 1007 1365 clamabat
1027 1346 1034 1365 :

250 1381 397 1410 Revertere
419 1383 453 1411 ad
474 1383 582 1412 Patrem
605 1384 739 1419 principio
763 1388 900 1411 carentem
928 1388 968 1415 tu,
989 1382 1037 1418 qui

251 1429 389 1463 replevisti
412 1429 505 1457 omnia
533 1430 620 1465 gloria
645 1434 702 1464 tua,
720 1438 736 1458 ο
760 1429 816 1458 sole
836 1429 951 1457 Domine
976 1429 1037 1465 glo-

251 1474 414 1502 riosissime.

303 1539 385 1576 35.0
399 1539 438 1567 Ex
454 1549 552 1569 canone
565 1541 677 1569 Sabbati
689 1545 748 1577 post
760 1541 984 1577 Auamptionem.

289 1606 386 1635 Arcem
399 1607 425 1635 in
439 1612 465 1635 te
479 1608 512 1635 ad
524 1608 659 1643 refugium
674 1608 818 1641 habemus,
834 1615 851 1636 ο
865 1607 958 1642 Virgo,
972 1607 1038 1642 quin

253 1655 280 1679 et
298 1653 524 1687 promptuarium,
548 1653 620 1681 unde
643 1653 718 1681 salus
745 1653 865 1688 perfecta
888 1657 916 1680 et
938 1652 1040 1680 divitia:
1054 1644 1075 1674 θ

255 1697 282 1724 in
308 1698 414 1725 animas
429 1703 538 1726 nostras
561 1699 695 1734 angustiis
715 1706 826 1733 pressas
850 1698 1037 1729 ell'nndnntnr.

256 1742 370 1770 Lumine
383 1744 454 1771 enim
481 1749 528 1772 tuo
556 1752 664 1780 semper
677 1745 859 1777 laetiﬁcantur,
880 1752 895 1771 ο
913 1743 1038 1777 Domina,

255 1792 282 1815 et
294 1796 364 1816 nunc
380 1797 428 1816 nos
442 1794 469 1817 et
483 1798 498 1817 a
514 1789 586 1818 vitiis
601 1795 628 1818 et
642 1798 655 1818 a
672 1785 800 1826 periculis
813 1798 902 1818 serva.

292 1833 352 1861 Non
377 1834 472 1863 relicto
491 1835 580 1864 Patris
603 1837 664 1864 sinu
683 1837 709 1864 in
730 1841 776 1864 tuo
802 1837 905 1872 gremio
922 1836 1038 1864 Verbum

255 1879 416 1907 reclinatum
433 1885 475 1909 est
498 1882 532 1909 ab
560 1882 769 1910 irrationalitate
795 1890 845 1910 nos
869 1882 1000 1914 liberans,
1023 1890 1040 1910 ο

258 1923 352 1959 Virgo,
366 1930 507 1960 canentes,
526 1925 639 1954 Domine
653 1927 737 1955 Deus.

295 1969 407 2006 Deipara
429 1973 595 2006 castissima,
610 1973 706 2000 anima:
724 1981 790 2001 mea:
806 1974 929 2004 vulnera,
941 1978 968 2001 et
979 1980 1041 2008 pee-

255 2016 307 2042 eati
330 2016 472 2044 cicatrices
497 2017 632 2053 absterge,
644 2022 671 2045 et
687 2026 771 2053 purga
789 2018 908 2045 fontibus
924 2018 978 2045 illis
994 2018 1040 2052 qui

255 2068 288 2088 ex
305 2059 364 2088 Filii
382 2062 419 2090 tui
435 2062 520 2090 latere
537 2068 660 2096 manant,
676 2070 758 2099 atque
785 2064 911 2092 la'ticibus
934 2072 967 2091 ex
993 2071 1042 2091 eo-

292 2150 347 2191 (βτ)
363 2150 453 2191 Quare
518 2150 826 2191 Virgo'dicaturﬂabus
852 2151 1042 2191 irit-ambustus,

256 2186 357 2227 optime
377 2186 447 2227 inter
461 2186 658 2227 aliosnexplit‘at
719 2187 849 2226 Ludo_vic.
865 2186 1040 2219 Bertrandus,

256 2221 315 2248 ord.
338 2220 452 2256 Praedie.
471 2221 496 2248 in
519 2221 656 2256 Scrmtde
675 2222 848 2253 Coliceptione
871 2225 940 2256 part.
962 2229 998 2253 Iv,
1015 2229 1041 2256 p.

1084 1009 1118 1037 ad
1132 1015 1157 1037 te
1171 1009 1300 1045 confugio
1314 1017 1321 1036 :
1339 1015 1363 1037 te
1376 1009 1470 1037 invoco
1486 1011 1571 1045 gratia
1586 1011 1707 1045 plenam.

1120 1053 1220 1082 Vocem
1235 1055 1282 1082 tibi
1294 1053 1429 1082 Gabrielis
1445 1062 1507 1081 cum
1526 1055 1654 1082 omnibus
1678 1056 1782 1090 angelis
1806 1056 1876 1083 offe-

1084 1101 1171 1128 rimus
1189 1110 1197 1128 :
1219 1100 1287 1132 Ave,
1305 1100 1433 1135 palatium
1457 1100 1656 1127 lncidissimnm
1683 1100 1763 1135 Regis
1782 1111 1788 1129 :
1807 1103 1877 1133 Ave,

1084 1153 1145 1180 quae
1167 1150 1267 1173 terram
1293 1145 1381 1178 caelis,
1416 1144 1510 1180 Virgo,
1525 1145 1704 1180 coniunxisti,
1717 1155 1765 1181 per
1792 1155 1876 1181 quam

1085 1191 1232 1224 salvamur,
1254 1190 1300 1226 qui
1329 1191 1433 1218 scimus
1457 1195 1483 1218 te
1512 1191 1643 1226 virginem
1674 1191 1720 1219 Dei
1745 1197 1875 1219 matrem.

1187 1258 1229 1286 Ea:
1244 1267 1342 1287 canune
1355 1259 1428 1293 feria;
1444 1267 1476 1291 II,
1493 1263 1554 1286 ante
1576 1259 1758 1288 Pentecosten.

1122 1326 1207 1354 Totus
1225 1325 1352 1358 dulcedo,
1375 1330 1451 1354 totus
1475 1326 1666 1354 desiderabilis
1691 1332 1755 1354 tuus
1784 1326 1872 1355 Filius

1086 1374 1213 1402 Christus
1241 1378 1282 1401 est
1304 1373 1449 1407 Dominus,
1480 1374 1655 1402 immaculata
1680 1374 1770 1409 Virgo,
1794 1383 1878 1410 quem

1082 1416 1220 1447 instanter
1237 1426 1284 1446 ora
1299 1426 1361 1446 cum
1385 1419 1630 1447 innumerabilibus
1647 1425 1815 1451 sanctorum,
1831 1420 1878 1454 qui

1088 1472 1196 1493 sursum
1212 1464 1346 1497 habitant,
1367 1464 1525 1498 virtutibus,
1545 1469 1575 1492 nt
1605 1465 1731 1492 amaritie
1752 1470 1881 1500 peccato-

1089 1519 1150 1539 rum
1164 1511 1269 1538 animas
1285 1511 1413 1545 perdente
1429 1511 1524 1538 liberet
1542 1518 1603 1539 nos.

1187 1576 1230 1604 Ea:
1247 1584 1345 1604 canone
1358 1576 1432 1611 ferire
1446 1584 1486 1609 Ill,
1507 1580 1568 1603 ante
1589 1575 1770 1602 Pentecosten.

1127 1653 1234 1681 lnarata
1249 1652 1346 1684 Terra,
1358 1659 1419 1687 qua
1431 1650 1588 1687 germinasli
1603 1650 1746 1678 nulritinm
1764 1649 1881 1678 Univer-

1092 1699 1193 1732 sitatis,
1210 1699 1277 1726 Eum
1301 1698 1348 1733 qui
1373 1704 1481 1724 manum
1510 1697 1607 1731 aperit,
1633 1701 1661 1723 et
1683 1696 1776 1731 implet
1799 1704 1883 1723 omne

1090 1745 1191 1773 animal
1217 1745 1416 1775 benedictione.
1437 1744 1529 1771 divina
1553 1745 1654 1771 virtute
1677 1744 1809 1772 conﬁrma
1832 1752 1884 1778 per

1091 1799 1187 1826 panem
1208 1791 1315 1818 vitalem
1329 1791 1411 1818 corda
1423 1790 1502 1826 341
1522 1791 1660 1826 languida,
1676 1796 1703 1819 et
1719 1791 1881 1819 nanseantia

1090 1838 1234 1866 saturitate
1247 1837 1369 1872 gravium
1387 1842 1540 1864 nostrarum
1555 1837 1748 1865 oﬁ'ensionum.

1127 1882 1286 1918 Speciosum
1313 1882 1400 1910 forma
1421 1883 1523 1917 peperit
1549 1887 1586 1914 te,
1604 1882 1738 1917 Salvator,
1753 1883 1879 1918 speciosa

1091 1928 1192 1964 puella,
1207 1935 1286 1963 quem
1302 1935 1363 1955 cum
1379 1927 1424 1954 illa
1443 1927 1548 1955 videret
1564 1928 1591 1954 in
1617 1928 1744 1963 passione
1764 1936 1816 1954 non
1834 1929 1883 1954 lia-

1091 1973 1198 2001 bentem
1214 1972 1330 2007 speciem
1357 1980 1445 2007 neque
1460 1972 1597 2005 decorem,
1613 1973 1639 2000 in
1655 1973 1772 2000 lamenta
1787 1981 1882 1999 erum-

1095 2026 1163 2054 pens
1177 2018 1266 2046 aiebat
1280 2028 1287 2045 :
1312 2018 1430 2053 Stupore
1454 2018 1599 2053 percellor,
1614 2018 1664 2045 Fili
1688 2019 1737 2052 mi,
1754 2019 1882 2046 conside-

1094 2073 1161 2093 rans
1189 2064 1426 2100 lnexcogitabilem
1460 2064 1676 2092 liuiniliationem
1709 2070 1797 2097 tuam,
1831 2071 1881 2099 per

1097 2159 1158 2180 nem
1187 2156 1308 2179 nostram
1334 2151 1482 2183 obsederit,
1506 2155 1553 2178 aut
1586 2152 1679 2187 potius
1709 2153 1883 2187 possederit'

1097 2187 1184 2220 Quem
1201 2187 1239 2214 illi
1261 2187 1389 2222 nitorem,
1406 2194 1488 2222 quam
1515 2187 1672 2220 puritatem,
1690 2196 1772 2222 quant
1793 2189 1882 2216 lucem

1098 2222 1231 2254 intulerit,
1245 2221 1355 2256 quando
1370 2221 1429 2248 eam
1444 2222 1479 2248 ita
1491 2221 1608 2256 aliontni
1624 2221 1726 2256 peccati
1741 2222 1884 2250 aﬁ‘ectione

255 2258 284 2288 4,
299 2257 363 2283 dum
380 2255 487 2287 ,ibidem
504 2256 557 2282 ait:
577 2266 586 2282 ι
609 2255 722 2283 Domina
740 2261 833 2283 nostra
854 2256 879 2282 in
897 2264 945 2291 sua
965 2255 1039 2284 Con—
1056 2259 1077 2287 D
1093 2257 1240 2284 immunem
1255 2255 1413 2291 rprtestitit‘l
1428 2256 1505 2291 Vide,
1522 2256 1552 2284 S.
1568 2255 1754 2289 Theodorum,
1781 2265 1883 2284 novum

257 2291 382 2326 ceptione
394 2291 428 2317 ab
442 2291 568 2325 originali
585 2291 646 2318 labe
665 2295 829 2325 pneservata
850 2291 911 2319 fuit.
924 2290 987 2318 Haec
999 2297 1041 2318 est

258 2326 351 2360 itaque
370 2326 456 2352 rubus
471 2326 517 2353 ille
535 2326 645 2361 Moysis,
663 2326 709 2360 qni
732 2326 856 2358 ardebat,
869 2330 896 2353 et
909 2333 962 2352 non
980 2333 1042 2353 con-

259 2361 430 2388 sumebatur.
458 2361 578 2388 Ardebat
596 2361 652 2387 haec
665 2381 673 2394 ,
690 2368 752 2388 nam
775 2369 850 2388 more
872 2361 1040 2396 reliquorum

258 2396 293 2422 ab
317 2395 421 2422 Adamo
436 2396 658 2423 descendentium
683 2404 716 2422 ex
741 2396 845 2423 semine
861 2395 938 2423 virili
958 2400 986 2423 et
998 2403 1043 2423 ar-

258 2431 326 2458 dore
346 2431 575 2465 concupiscentiae
593 2430 644 2457 fuit
663 2436 806 2465 concepta,
823 2438 917 2458 verum
937 2431 1042 2458 incom-

259 2465 349 2498 busta,
368 2473 399 2492 ac
422 2473 437 2491 a
459 2467 598 2492 communi
627 2466 728 2500 percati
749 2465 1043 2501 originalisiinccndio

259 2500 390 2528 remansit
409 2501 504 2528 illa-sa.
521 2510 529 2526 ι
549 2501 593 2528 Sic
607 2501 663 2527 ille.
676 2501 726 2528 Cui
747 2500 819 2528 favet
841 2500 869 2527 S.
887 2500 1044 2528 Theodotus

259 2536 422 2571 Ancyranns
430 2536 461 2571 in
478 2536 571 2562 bomil.
587 2535 614 2571 2,
629 2536 661 2562 de
674 2535 787 2562 Natirit.
802 2534 959 2567 Saluatoris,
975 2536 1044 2562 lecta

260 2571 288 2598 in
304 2570 408 2607 synodo
427 2570 562 2607 Epliesina
587 2570 616 2597 S.
633 2570 733 2605 Cyrillo
748 2576 891 2607 praesente.
903 2571 968 2607 dum
991 2571 1044 2607 ibi--

260 2604 326 2634 deni
337 2613 499 2640 comparans
516 2604 652 2639 Virginem
664 2613 725 2631 cum
740 2606 808 2632 rubo
819 2607 923 2632 ardenti
937 2605 1024 2639 inquit
1037 2613 1043 2631 :

263 2650 273 2667 ι
295 2641 341 2668 Dic
355 2642 433 2673 mihi,
451 2640 516 2675 quid
530 2645 572 2667 cst
588 2640 679 2672 vilius,
696 2640 816 2667 rubusne
827 2647 860 2666 an
880 2645 973 2667 uterus
992 2641 1046 2667 vir-

260 2677 368 2711 gineus,
384 2677 417 2703 ab
432 2676 505 2704 omni
531 2675 658 2710 passione
680 2675 781 2709 peccati
799 2675 902 2711 purus?
920 2684 929 2700 ι
955 2675 1049 2711 Bubus

261 2710 334 2739 cnim
353 2712 444 2739 Mariae
459 2718 587 2745 expresse
608 2711 657 2737 fuit
672 2710 833 2745 similitudo.
851 2710 879 2736 Si
894 2718 959 2745 ergo
973 2710 1049 2745 (~nb-

261 2747 302 2773 dit
327 2747 354 2773 in
385 2748 442 2774 Suis
474 2744 678 2781 Eaceplionilgus
709 2744 937 2781 Nierembergius)
962 2745 1047 2781 rvilem

262 2781 336 2808 illam
361 2780 598 2809 arbnsculanrita
632 2780 703 2807 Deus
732 2780 789 2814 ipse
812 2780 876 2806 olim
894 2780 1001 2811 insedit,
1021 2785 1050 2807 ut

263 2824 324 2843 cum
343 2817 379 2843 illi
395 2818 576 2848 splendorem,
588 2823 647 2842 eam
670 2815 796 2849 gloriam,
810 2822 870 2841 eam
893 2815 1047 2841 mirandam

264 2851 447 2885 integritatem
468 2851 616 2883 induxerit,
633 2859 693 2886 qua.
719 2857 822 2884 qua-so,
840 2850 942 2878 ratione
958 2849 1048 2886 Virgi-

1091 2290 1287 2322 confessorem,
1304 2292 1330 2318 in
1349 2295 1418 2318 orat.
1435 2291 1467 2318 de
1479 2290 1593 2318 Nativit.
1612 2291 1737 2326 Virginis,
1757 2292 1802 2318 ubi
1821 2293 1883 2319 Dci-

1092 2334 1186 2360 param
1202 2326 1319 2361 appellat
1337 2325 1444 2362 ltubum
1467 2331 1624 2353 consertum
1641 2325 1695 2362 igni
1709 2328 1883 2359 miraculum,

1113 2369 1174 2388 ucm
1202 2361 1300 2395 rubigo
1318 2361 1423 2395 peccati
1451 2369 1504 2387 non
1526 2361 1633 2395 tetigit;
1655 2366 1681 2388 et
1704 2362 1884 2388 Ambrosium

1092 2395 1270 2431 Catltarinum
1286 2396 1312 2423 in
1332 2396 1406 2430 Disp.
1429 2395 1460 2422 de
1479 2395 1603 2430 Concept.
1619 2396 1651 2423 Β.
1676 2395 1747 2431 Virg.
1764 2397 1797 2422 ad
1826 2397 1882 2423 Pa-

1094 2437 1146 2458 tres
1164 2431 1222 2458 0rd.
1244 2430 1371 2462 Praedia,
1400 2431 1449 2457 lib.
1476 2439 1516 2462 ιιι,
1545 2432 1618 2458 circa
1646 2432 1725 2458 linem
1743 2432 1788 2458 ubi
1817 2439 1881 2458 cum

1094 2467 1124 2493 Β.
1138 2465 1249 2500 Virgine
1265 2465 1379 2500 loquens
1401 2465 1443 2492 his
1459 2466 1543 2492 utitur
1558 2466 1649 2492 verbis
1668 2475 1674 2492 :
1696 2476 1704 2492 ι
1726 2466 1767 2493 Tu
1782 2465 1879 2493 [hibus

1098 2502 1144 2529 ille
1164 2501 1263 2528 ardens
1282 2505 1309 2528 et
1335 2501 1536 2532 incombustus,
1557 2508 1638 2535 quem
1664 2501 1769 2536 Moyses
1789 2502 1885 2528 videns

1099 2537 1271 2566 admiratur,
1301 2536 1326 2562 in
1359 2543 1413 2570 quo
1442 2543 1498 2562 non
1526 2537 1617 2562 minus
1647 2536 1770 2570 corporis
1797 2543 1882 2570 quam

1099 2572 1200 2598 mentis
1221 2574 1379 2605 perpetuam
1402 2575 1474 2596 tuam
1502 2578 1534 2597 ac
1559 2570 1722 2597 laudabilem
1740 2570 1886 2604 virginita-

1099 2610 1154 2633 tem
1174 2605 1285 2640 agnorit
1309 2605 1439 2640 Ecclesia.
1457 2615 1466 2630 ι
1484 2605 1552 2632 Vide
1580 2606 1661 2632 etiam
1684 2605 1883 2633 Bernardinum

1100 2639 1261 2668 Bustensem
1276 2641 1303 2667 in
1319 2639 1429 2666 Mariali
1442 2647 1525 2667 serm.
1543 2640 1569 2672 6,
1582 2641 1614 2667 de
1625 2639 1746 2675 Concept.
1759 2645 1830 2675 part.
1844 2648 1886 2672 In,

1101 2676 1147 2703 ubi
1174 2676 1200 2702 in
1225 2683 1282 2702 rem
1310 2679 1432 2702 nostram
1452 2675 1488 2701 ila
1508 2675 1581 2702 l'atnr
1598 2684 1605 2702 :
1625 2684 1634 2700 ι
1655 2676 1834 2702 Salamandra
1857 2676 1885 2701 in

1099 2711 1163 2746 igne
1183 2715 1334 2746 permanet,
1351 2714 1378 2736 et
1390 2717 1451 2746 per
1466 2710 1539 2746 illum
1557 2710 1665 2742 transit,
1681 2715 1708 2737 et
1725 2715 1814 2737 tamen
1832 2718 1885 2736 non

1100 2744 1281 2776 cbrttbnritur,
1293 2752 1344 2771 nec
1356 2744 1457 2771 caloris
1478 2745 1602 2772 ardorem
1615 2745 1706 2776 sentit.
1719 2747 1759 2772 sic
1771 2746 1885 2771 interne-

1100 2786 1158 2808 rata
1183 2779 1269 2806 Mater
1291 2779 1337 2806 Dei
1353 2779 1379 2805 in
1403 2780 1502 2807 lumbis
1525 2785 1667 2814 parentum
1693 2780 1753 2814 igne
1781 2779 1885 2814 peccati

1100 2815 1254 2844 ardentium
1279 2815 1441 2848 permansit,
1459 2819 1486 2842 et
1512 2823 1559 2849 per
1580 2815 1644 2841 illus
1666 2815 1784 2844 transiit.
1805 2819 1831 2841 et
1847 2819 1887 2840 ta-

1103 2859 1163 2878 men
1182 2850 1255 2877 illius
1270 2849 1372 2884 peccati
1388 2851 1514 2878 ardorem
1536 2850 1561 2877 in
1576 2858 1606 2877 se
1621 2858 1675 2877 non
1689 2854 1800 2884 recepit.
1820 2858 1830 2874 ι
