2075 3154
203 202 272 236 “"5

905 205 1087 238 MARIALE.

1761 205 1829 238 14!;6

200 269 283 296 quam
297 265 403 289 natura!
417 261 556 289 hominum
571 260 722 289 humiliatze
737 261 843 297 largiris
859 263 987 291 salutem.
1002 264 1024 292 Α
1040 263 1188 290 humanam
1206 267 1344 295 naturam,
1361 263 1547 296 intmaculata,
1564 263 1649 291 Deum
1666 270 1828 298 corporans,

307 317 349 344 Ex
366 327 465 346 canone
482 319 555 352 ferite
567 327 604 348 tv.
618 323 678 346 ante
694 318 884 347 Pentecostem.

236 363 402 398 Corporatus
422 372 454 391 ex
472 369 498 391 te
513 364 612 398 prodiit
627 365 698 392 Deus
717 364 847 397 Verbum,
861 373 877 392 ο
892 365 992 392 imma-

202 410 303 441 culata,
314 409 418 443 lapsum
434 409 584 444 primorum
601 415 744 444 parentum
758 418 806 445 per
821 410 926 438 viscera
939 411 991 437 mi—

203 454 359 482 sericordiae
376 462 517 488 reparans.

239 499 278 526 Ex
297 505 322 527 te
336 499 382 527 Dei
400 499 553 534 Sapientia,
568 500 679 527 domum
697 500 750 528 sibi
771 501 822 534 ipsi
844 500 988 533 fabricata,

203 545 343 572 incarnata
367 549 410 572 est
432 544 561 573 ineffabili
584 545 762 579 demissione,
779 546 862 582 Virgo
879 547 989 582 nuptia-

204 598 265 617 rum
279 598 385 624 expers.
402 591 443 618 Tu
458 592 531 618 enim
551 599 603 619 una
623 599 656 619 ex
683 592 790 620 cunctis
805 593 991 627 generationi-

205 637 257 664 bus
272 637 356 664 electa
372 645 401 664 es
415 637 443 664 in
463 637 651 673 incorruptum
671 639 822 673 incorrupti
848 639 990 666 habitacu-

204 681 260 709 lum
277 681 358 709 Verbi
371 682 440 717 (68).

240 726 365 755 Luminis
376 728 576 762 receptaculum
589 728 674 760 fuisti,
691 737 708 756 o
722 737 801 764 pura,
820 729 989 765 splendentis

205 777 269 800 ante
293 773 436 804 luciferum
457 781 490 801 ex
515 773 605 807 Patre,
620 779 645 802 et
661 776 687 802 in
713 780 738 802 te
755 775 939 803 habitaculum
960 776 992 802 fi-

206 819 296 854 gentis
320 818 489 853 temporibus
502 820 672 851 novissimis,
687 826 864 855 nostramque
880 821 993 848 ferentis

206 864 354 891 humanam
369 864 495 897 formam,
514 869 540 892 et
555 865 628 892 illam
643 866 702 893 sine
717 866 896 901 perniistione
915 866 993 894 deiti-

206 910 304 938 cai.tis.
327 909 440 945 Propter
458 912 530 946 quod
564 915 591 939 te
620 919 727 944 omnes,
750 916 779 939 ut
802 911 850 939 Dei
867 916 992 946 matrem,

207 956 425 991 magnificamus.

321 1001 362 1028 Ea:
377 1010 477 1028 canone
490 1002 564 1035 [ιιι-ἕω
573 1010 599 1033 v,
616 1006 677 1029 ante
693 1002 874 1031 Pentecosten.

245 1046 367 1082 Befingis
391 1047 571 1080 contractam,
596 1052 622 1075 et
647 1048 823 1084 corruptione
848 1048 995 1084 collapsam

245 1125 301 1161 (68)
319 1125 402 1161 Favet
417 1124 544 1158 Nicolaus
558 1126 681 1154 Cosanus
697 1127 725 1154 ὃ.
743 1127 777 1155 R.
792 1127 823 1155 E.
837 1128 996 1161 eardinalis,

209 1160 273 1188 libr.
288 1168 305 1187 v
332 1160 480 1188 Exercitui.
502 1160 536 1187 ad
560 1162 605 1188 illa
626 1162 707 1189 verba
725 1171 731 1190 :
750 1162 850 1190 leum
871 1168 895 1190 et
915 1160 996 1190 Terre

212 1195 373 1228 transibunt,
404 1196 467 1223 dum
489 1195 577 1230 inquit
598 1206 605 1224 :
629 1207 638 1222 ι
658 1196 741 1230 Virgo
769 1198 908 1231 gloriosa,
933 1206 995 1225 cttm

210 1235 293 1267 esset_
302 1231 494 1267 praedestinata
517 1236 580 1258 ante
596 1232 706 1261 saecula.
721 1236 749 1259 ut
768 1240 801 1259 ex
818 1233 876 1267 ipsa
891 1233 997 1266 recipe-

212 1270 254 1292 ret
280 1265 327 1292 Dei
343 1265 429 1294 Filius
454 1270 580 1293 naturam
612 1267 772 1299 humanam.
798 1265 836 1294 ut'
847 1268 894 1294 Dei
912 1265 997 1296 Filius

212 1300 290 1336 ﬁeret
305 1301 376 1328 filius
401 1301 520 1328 hominis
541 1311 547 1329 :
564 1301 601 1328 ita
620 1306 750 1336 concepta
774 1307 826 1334 est,
845 1303 998 1335 utdignum

211 1335 245 1362 ad
260 1335 314 1363 hoc
331 1336 516 1363 habitaculum
537 1337 623 1364 ﬁeret.
644 1335 757 1364 Induere
774 1345 804 1364 se
820 1337 913 1364 debuit
927 1339 998 1366 lleus

213 1370 384 1406 humanitate
401 1371 503 1402 Mariae,
517 1378 601 1405 quare
619 1371 736 1398 humana
758 1376 855 1399 natura
879 1372 999 1406 Virginis

214 1405 297 1440 digna
322 1405 392 1432 facta
408 1411 449 1432 est
467 1406 502 1433 ab
521 1406 608 1433 initio.
631 1416 639 1432 ι
658 1405 704 1433 Sic
726 1407 779 1433 ille.
801 1407 833 1434 Et
847 1405 1000 1436 Gulielmus

214 1438 353 1476 Pa‘riensis
364 1441 470 1476 Juniot',
487 1441 543 1468 sive
565 1441 717 1468 Bitoutinus
734 1442 759 1468 iit
776 1441 896 1469 Postillis
914 1443 999 1476 majo-

214 1475 288 1512 ribus
302 1476 334 1512 de
345 1476 418 1512 festo
434 1475 630 1512 Conceptionis.
645 1484 670 1510 q.
690 1477 716 1508 5,
731 1476 795 1503 dum
811 1477 869 1504 ait:
890 1487 899 1503 ε
917 1477 1000 1512 Virgo

214 1509 298 1546 Maria
310 1511 425 1538 debebat
447 1511 503 1537 fieri
523 1512 638 1546 speciale
653 1509 837 1539 habitaculum
855 1512 911 1539 Dei.
929 1509 999 1546 Ergo

214 1544 332 1581 debebat
359 1546 506 1577 specialius
535 1544 690 1580 praeparati.
726 1546 777 1574 Sed
809 1547 831 1574 si
867 1544 998 1581 cont-cpia

216 1579 311 1606 fuisset
325 1581 351 1607 in
371 1587 484 1616 peccato
502 1579 638 1616 originali,
662 1589 715 1608 non
737 1581 832 1609 inisset
849 1579 998 1616 specialius

214 1620 375 1651 purpurata.
391 1615 475 1651 igitur
497 1624 549 1643 non
567 1615 617 1651 fuit
628 1621 760 1651 concepta
775 1617 800 1642 in
818 1615 931 1650 peccato
942 1618 999 1643 ori—

215 1650 309 1690 ginalli.
326 1650 371 1678 Sic
385 1650 547 1690 Gulielmus.
567 1650 646 1690 {line
661 1650 806 1690 Fidi-crtus
819 1652 997 1690 Qarnotensis

215 1683 242 1710 in
269 1683 355 1712 Serm.
378 1686 411 1712 de
436 1685 594 1713 Nutivit.B.
616 1685 741 1720 Virginis,
758 1687 796 1713 ait
821 1687 847 1713 in
866 1694 922 1713 rem
948 1695 998 1714 no-

215 1723 299 1746 stram
317 1729 324 1746 :
347 1730 356 1746 l
379 1719 434 1747 lloc
458 1721 539 1754 igitur
560 1729 622 1748 cutn
636 1719 732 1755 primis
751 1725 876 1749 astruere
892 1722 933 1749 fas
945 1727 997 1754 est,

213 1754 286 1791 quod
303 1756 394 1791 anima
408 1756 504 1791 ipsius.
515 1761 542 1791 et
553 1763 627 1791 caro.
637 1754 671 1782 lin
686 1764 739 1790 qua
755 1756 835 1791 elegit
849 1757 899 1784 sibi
922 1757 999 1784 habi-

215 1788 335 1815 taculum
359 1788 496 1823 Sapientia
515 1789 560 1817 Dei
584 1789 683 1822 Patris,
696 1788 736 1818 "ab
759 1788 833 1818 (ιιιῖηί
851 1791 954 1819 tnalitia
972 1795 998 1818 et

216 1823 396 1864 imntunditia'
416 1824 561 1864 purissima
576 1824 724 1864 _fuerunt:
745 1826 896 1864 alllrmante
926 1826 999 1864 scri-

215 1862 306 1890 ptura.
324 1858 397 1892 quod
420 1858 446 1885 iu
469 1859 628 1885 malevolant
655 1860 773 1886 animam
794 1868 847 1887 non
876 1861 1000 1887 introibit

216 1892 365 1929 Sapientia,
383 1901 474 1929 neﬂue
491 1893 626 1929 habitabit
637 1894 664 1920 in
680 1901 796 1928 corpore
810 1895 922 1922 subdito
936 1903 999 1929 pec-

214 1929 294 1956 catis.
311 1938 321 1955 ο
336 1928 397 1955 llaec
409 1928 563 1956 Fulbertus.
578 1928 665 1963 Cujus
677 1930 757 1957 verba
773 1930 879 1957 videtur
891 1928 1000 1957 desum-

216 1964 302 1999 psisse
319 1963 348 1990 D.
361 1964 481 1991 Thomas
499 1964 526 1997 5,
546 1971 572 1998 p.
589 1972 616 1999 q.
637 1963 684 1995 27,
698 1972 723 1991 a.
738 1964 766 1992 ι.
779 1965 812 1991 ad
833 1964 999 1999 probandam

215 1998 336 2031 Virginis
354 1999 498 2033 puritatem
521 1998 668 2031 actua’lem,
684 1999 730 2026 sed
749 1998 893 2026 Fulbertus
916 2000 957 2033 (ut
973 1999 1000 2026 in

215 2033 275 2070 suis
302 2033 508 2070 Exceptionibus
533 2041 593 2070 cap.
612 2034 746 2070 5,77notat
767 2033 999 2070 Nierembergius)

216 2068 359 2104 puritatem
371 2069 528 2102 originalem
541 2069 574 2096 iis
589 2069 710 2096 stabilire
722 2069 873 2101 contendit,
886 2068 958 2104 quod
972 2070 999 2096 in

216 2103 278 2138 aliis
292 2103 359 2130 locis
374 2104 485 2130 uberius
496 2104 631 2138 expressit
644 2112 651 2130 :
665 2109 693 2131 et
714 2104 785 2138 quod
802 2103 933 2138 majorem
944 2104 998 2131 vim

217 2136 318 2165 habere
327 2138 431 2165 videtur
438 2138 471 2165 ad
481 2136 648 2166 suadendam
658 2136 858 2166 immunitatem
868 2147 883 2166 a
891 2143 1001 2173 peccato

216 2172 353 2207 originali,
370 2180 451 2208 quam
470 2181 485 2200 a
504 2174 612 2205 veniali,
626 2174 743 2200 dubitari
761 2181 813 2200 non
826 2172 916 2205 debet.
936 2182 999 2201 cum

215 2215 316 2242 corpus
335 2208 508 2235 elformatum
527 2215 558 2235 ac
575 2213 736 2243 conceptum
752 2209 778 2235 in
794 2214 905 2243 peccato
916 2209 1001 2243 origi~

217 2243 285 2278 nali,
299 2244 385 2277 magis
405 2244 440 2270 sit
450 2243 588 2270 subditum
605 2248 725 2277 peceato,
737 2251 819 2278 quam
830 2244 902 2278 quod
915 2251 1000 2270 llllllln

216 2277 342 2305 admittat
350 2278 465 2307 veniale.
477 2279 498 2306 si
509 2285 562 2305 non
569 2277 751 2306 contraxisset
756 2277 897 2313 originale.
907 2278 1000 2307 Vetas-

216 2320 285 2348 quez
301 2313 334 2348 de
358 2313 443 2340 Maria
461 2313 599 2348 Concepta
621 2314 682 2341 libr.
701 2321 719 2346 ι,
737 2313 850 2341 Dissert.
866 2315 894 2346 ὅ,
907 2318 1001 2341 anuot.

219 2346 245 2378 7,
264 2355 291 2373 n.
304 2347 331 2379 4,
347 2348 463 2375 atl‘crens
479 2346 697 2376 illam'Ecclesia:
717 2349 869 2376 orationem
886 2357 894 2375 ε
910 2358 918 2374 ι
937 2348 1003 2376 0m-

219 2383 346 2418 pjpotens
365 2383 532 2417 sempiterna
557 2384 640 2414 Deus,
665 2384 712 2418 qui
736 2383 862 2418 gloriosa:
884 2383 1003 2418 Virginis

218 2415 434 2453 hiariaarcmpus‘
448 2422 478 2453 Act
491 2418 621 2450 animam,
638 2415 794 2453 ut‘dignum
811 2417 880 2446 Filio
895 2415 945 2446 tuo
955 2419 1002 2445 ha-

218 2451 370 2478 bitaculum
387 2451 638 2488 elicirmereretur,
662 2451 764 2488 Spiritu
788 2458 883 2481 sancto
903 2461 1002 2488 coope-

217 2491 296 2514 rante
315 2487 483 2524 prmparasti,
500 2496 509 2512 ι
522 2487 564 2524 ait
574 2488 644 2524 inter
655 2489 708 2515 alia
723 2498 729 2516 :
746 2487 878 2516 Notanter
891 2487 1001 2524 quidem

217 2523 339 2559 corporis
366 2526 393 2548 et
417 2521 526 2559 anima:_
542 2522 631 2559 Mariae
650 2524 821 2559 mentionem
841 2521 916 2556 fecii,
941 2532 1002 2559 qua:

218 2556 338 2591 Spiritus
360 2561 479 2592 sanctus
492 2556 527 2583 ad
540 2557 651 2592 dignum
671 2557 730 2584 Filii
752 2558 798 2585 Dei
816 2556 1000 2586 habitaculum

237 2591 389 2632 raeparavit,
404 2593 470 2633 quin
492 2591 605 2633 dubium
624 2592 678 2633 sit,
701 2593 773 2633 quod
792 2593 825 2633 de
845 2594 932 2628 prima
957 2593 999 2621 sui

229 2627 382 2664 ormatione
403 2627 523 2664 Ecclesia
538 2628 675 2661 loquatur,
695 2627 731 2664 ne
748 2627 851 2655 tardus
865 2637 1000 2664 prepara-

216 2666 260 2689 tor
275 2662 421 2698 habitaculi
438 2661 554 2698 Spiritus
569 2667 685 2698 sanctus
695 2661 940 2698 l'uisseivider‘etur,
952 2664 999 2698 qui

216 2697 390 2731 peregrinum
415 2697 559 2731 hospitem,
587 2702 613 2724 et
641 2697 750 2731 quidem
780 2697 866 2725 ferum
892 2697 998 2726 hostem

217 2739 293 2767 prius
314 2731 497 2767 habitaculum
514 2732 625 2767 intrare,
637 2737 663 2759 et
671 2739 852 2766 conspurcare
866 2734 999 2767 permise-

217 2766 334 2802 ritaSic
349 2766 403 2793 ille.
420 2766 545 2801 Speciale
563 2767 746 2802 habitaculum
765 2767 810 2794 Dei
829 2766 910 2795 debet
936 2775 998 2802 spe-

218 2801 280 2837 ciali
305 2802 386 2828 modo
409 2800 566 2837 praeparari.
589 2802 642 2829 Sed
658 2801 686 2828 B.
705 2800 788 2836 Virgo
806 2802 857 2830 fuit
879 2800 997 2837 speciale

219 2835 403 2872 habitaculum
431 2836 475 2862 Dei
489 2841 544 2872 tam
565 2837 713 2864 secundum
730 2835 838 2870 corpus,
856 2835 937 2872 quam
953 2846 996 2865 se-

218 2871 487 2906 cundum,animam.
501 2871 572 2906 Ergo
589 2873 697 2906 speciali
719 2872 799 2899 modo
813 2871 906 2900 debuit
928 2881 996 2906 pra:-

219 2905 318 2940 paraii.
334 2905 393 2939 Quo
410 2911 499 2934 autem
512 2905 710 2941 specialimodo
721 2913 871 2944 praeparata
887 2905 993 2942 fuisset,

1044 311 1071 335 et
1090 315 1172 342 supra
1195 313 1320 335 natttram
1339 308 1447 342 pariens
1466 309 1525 335 sine
1551 312 1623 335 tactu
1648 309 1772 343 nuptiali,
1788 309 1830 335 cui

1044 354 1195 381 clamamus
1215 363 1221 381 :
1237 354 1340 387 Gloria,
1354 354 1472 386 Christe,
1488 354 1579 381 virtuti
1596 359 1658 382 tum.

1083 399 1163 426 Porta
1179 399 1226 426 Dei
1240 399 1344 431 clausa,
1363 407 1410 434 per
1424 407 1505 431 quam
1524 399 1600 427 solus
1618 399 1729 426 intravit
1744 398 1830 425 Altis-

1045 445 1143 477 simus,
1158 444 1246 480 dirigc
1262 453 1305 472 me
1325 445 1351 472 in
1368 444 1425 472 vias
1440 444 1498 476 Dei.
1519 449 1545 471 et
1557 445 1630 479 aperi
1653 444 1718 471 mihi
1736 443 1832 471 salutis

1046 495 1149 525 portas,
1165 498 1182 517 ο
1194 490 1248 517 Deo
1265 490 1439 526 gratissima;
1454 490 1486 517 ad
1503 495 1529 517 te
1549 489 1694 524 siquidem,
1709 497 1726 516 ο
1737 488 1831 524 Virgo,

1045 536 1185 571 confugio,
1202 536 1314 563 unicum
1330 537 1486 571 prasidium
1503 537 1611 571 generis
1628 535 1751 562 humani.

1080 581 1161 617 342
1177 581 1261 609 Parce
1276 581 1354 613 mihi,
1370 582 1558 614 Christe,cum
1578 581 1684 608 veneris
1696 580 1834 614 gloriosus

1045 626 1078 654 ad
1090 626 1269 661 judicandum
1285 626 1416 653 tmtndum
1433 635 1439 653 :
1455 626 1558 660 dissipa
1581 626 1709 653 nebulam
1727 627 1834 661 passio-

1046 679 1111 698 num
1127 679 1248 698 ntearum
1266 679 1314 706 per
1330 671 1541 699 intercessiones
1557 671 1704 699 Genitricis
1728 677 1791 705 turn,
1807 675 1836 699 et

1046 715 1090 744 fac
1104 724 1146 744 me
1160 717 1293 744 hatredem
1310 717 1431 744 cmlestis
1447 717 1524 752 regni
1540 717 1589 744 tui.

1134 772 1176 800 Ea:
1191 782 1290 800 canone
1314 773 1460 800 Parasccue
1473 778 1534 800 ante
1550 772 1733 801 Penlecosten.

1080 817 1234 846 Humanam
1253 823 1376 846 naturam
1391 827 1424 846 ex
1442 817 1552 854 Virgine
1575 823 1702 853 tanquam
1731 823 1833 846 vestem

1047 865 1235 900 suscipiens,o
1254 865 1382 898 Verbum,
1397 869 1506 899 propter
1522 873 1657 892 sumtnam
1677 866 1833 893 miscricor-

1048 911 1121 938 diam
1135 916 1220 942 tuam,
1235 910 1357 938 eamdem
1375 915 1503 946 tanquam
1524 910 1631 937 firmum
1648 914 1834 945 tegumentum

1013 941 1033 968 Β
1048 964 1080 984 ac
1094 941 1223 992 parietem
1237 956 1335 983 dedisti
1351 941 1561 991 nobis'scmper,
1577 957 1623 990 qui
1639 962 1665 983 te
1676 941 1769 983 vlleum
1788 957 1837 984 lto-

1050 1003 1208 1037 minumque
1222 1007 1370 1029 amatorem
1385 1010 1445 1029 esse
1464 1002 1654 1036 cognovimus.

1076 1049 1187 1076 ‘I’raetcr
1211 1048 1297 1083 legem
1326 1053 1431 1076 natura
1463 1047 1531 1083 legis
1558 1048 1680 1075 datorem
1707 1049 1837 1083 par-turis,

1051 1127 1074 1163 si
1088 1127 1115 1155 in
1128 1128 1253 1163 originali
1267 1131 1379 1162 peccato
1393 1127 1489 1156 fuisset
1499 1132 1628 1162 concepta
1636 1128 1654 1163 7?,
1663 1127 1758 1155 lneens
1773 1135 1838 1162 pro-

1051 1162 1124 1190 fecto
1138 1162 1246 1197 pondus
1259 1163 1340 1190 habet
1354 1163 1442 1189 oratio
1465 1163 1554 1190 misse
1569 1171 1617 1197 pro
1634 1162 1753 1195 Virginis
1768 1171 1836 1190 con-

1051 1198 1184 1232 ceptione,
1197 1206 1251 1233 qua
1266 1197 1386 1225 Ecclesia
1405 1197 1525 1233 Romana
1543 1205 1590 1224 usa
1605 1202 1657 1227 est.
1674 1203 1702 1224 ut
1722 1199 1837 1225 habe-tur

1052 1233 1079 1260 in
1094 1232 1265 1263 5|issali.’cui
1287 1232 1405 1259 titulus:
1426 1241 1434 1258 ι
1455 1232 1564 1259 ftlissale
1580 1233 1613 1259 ad
1633 1240 1712 1259 usum
1735 1233 1836 1259 Sacro-

1053 1272 1154 1295 sanctu:
1181 1267 1308 1295 Ecrlesim
1331 1267 1461 1294 Romana:
1488 1275 1583 1294 recens
1603 1268 1723 1301 diligenti
1747 1269 1838 1294 studio

1052 1302 1222 1335 recognitum
1246 1302 1368 1337 Lugduni
1399 1310 1471 1329 anno
1500 1303 1585 1332 15l5,
1618 1311 1627 1327 ι
1649 1307 1676 1329 et
1699 1303 1725 1329 in
1743 1302 1838 1329 Ollirio

1050 1337 1243 1372 Conceptionis
1271 1336 1299 1364 B.
1321 1336 1442 1369 Virginis
1467 1345 1514 1370 per
1535 1337 1694 1371 magistrum
1717 1337 1836 1364 Leonar-

1050 1373 1115 1400 dum
1140 1372 1173 1399 de
1192 1372 1335 1406 Nogorolis
1355 1373 1440 1404 edito,
1455 1377 1483 1399 et
1499 1380 1545 1406 per
1562 1373 1668 1399 Sixtum
1695 1372 1738 1403 IV.
1759 1377 1834 1403 pont.

1051 1416 1125 1439 tnax,
1137 1409 1296 1442 approbato,
1311 1415 1391 1440 quam
1404 1407 1487 1434 refert
1497 1412 1523 1434 et
1540 1407 1566 1434 in
1581 1415 1611 1434 ea
1624 1407 1676 1433 vim
1694 1407 1757 1434 facit
1769 1409 1836 1435 Am-

1052 1442 1162 1469 brosius
1178 1442 1343 1470 Catherinus
1359 1442 1405 1468 lib.
1419 1450 1449 1473 ll,
1473 1442 1580 1476 Dirput.
1603 1450 1651 1476 pro
1663 1442 1837 1470 immaculata

1057 1476 1173 1511 Virginis
1202 1478 1369 1512 conceptione
1399 1477 1471 1504 hunc
1498 1478 1524 1504 in
1553 1478 1663 1504 modum
1692 1485 1699 1503 :
1724 1486 1732 1502 ι
1753 1479 1836 1509 Audi,

1053 1520 1157 1546 qua-so.
1173 1512 1336 1543 orationem,
1349 1519 1430 1546 quatit
1443 1512 1569 1539 consulto
1582 1517 1607 1539 et
1623 1521 1654 1539 ex
1668 1516 1739 1539 certa
1753 1513 1840 1540 SClt‘ll'

1054 1547 1090 1574 tia
1119 1548 1221 1581 recepit
1245 1547 1300 1581 jam
1328 1547 1392 1574 olim
1414 1547 1546 1578 Ecclesia,
1569 1552 1595 1573 et
1616 1554 1733 1581 agnosce
1754 1555 1836 1580 qttam

1054 1582 1196 1616 perspicue
1209 1583 1325 1608 declaret
1340 1582 1412 1616 qttod
1428 1581 1545 1609 dicimus
1562 1589 1569 1608 :
1584 1583 1653 1609 Deus
1667 1582 1712 1616 qui
1731 1590 1777 1612 per
1789 1583 1839 1608 im-

1051 1618 1213 1644 maculatam
1231 1616 1350 1650 Virginis
1366 1617 1569 1651 conceptionem
1587 1617 1698 1651 dignum
1710 1616 1778 1643 Filio
1792 1622 1838 1643 luo

1051 1652 1236 1679 habitaculum
1253 1652 1422 1686 pra‘parasti,
1438 1650 1514 1678 rete.
1532 1652 1578 1679 Sic
1595 1650 1647 1679 ille.
1663 1650 1838 1679 Observanda

1049 1687 1122 1713 enim
1135 1691 1176 1714 est
1191 1687 1276 1714 series
1287 1686 1426 1718 dictionis,
1442 1694 1494 1721 qua
1507 1694 1553 1721 per
1565 1687 1768 1721 immaculatam
1785 1687 1840 1712 Ma-

1051 1722 1098 1749 ria:
1123 1723 1329 1756 conceptionem
1351 1722 1462 1754 dignum
1485 1720 1513 1748 a7
1531 1722 1646 1748 Summo
1669 1720 1749 1748 Patre
1769 1721 1839 1748 Fi'io

1050 1764 1102 1784 suo
1123 1762 1304 1791 przrparatum
1327 1756 1512 1783 habitaculum
1528 1756 1639 1789 dicitur,
1661 1757 1738 1790 quasi
1755 1757 1835 1791 aliter

1050 1799 1104 1818 non
1125 1790 1209 1818 fuerit
1228 1792 1349 1825 digitum.
1369 1790 1444 1819 Tolle
1465 1799 1530 1825 ergo
1546 1792 1748 1818 immaculalam
1775 1790 1838 1818 Vir-

1050 1826 1122 1857 ginis
1144 1827 1362 1860 conceptionem,
1378 1827 1457 1854 tolles
1478 1831 1504 1852 et
1517 1826 1629 1859 dignum
1645 1826 1706 1853 Filii
1726 1826 1770 1852 Dei
1789 1826 1838 1852 ha-

1050 1860 1213 1891 bitaculum,
1230 1861 1308 1887 tolles
1327 1862 1410 1888 etiam
1428 1865 1455 1887 et
1470 1861 1618 1888 Dominicn:
1641 1861 1839 1888 incarnationis

1051 1900 1266 1922 sacramentum.
1282 1895 1355 1922 l’one
1371 1903 1435 1922 vero
1449 1896 1652 1922 immaculalam
1671 1896 1760 1922 Mariae
1772 1903 1839 1922 cou-

1050 1930 1213 1964 ceptionem,
1238 1934 1265 1957 et
1286 1929 1391 1957 videbis
1413 1931 1504 1957 statim
1528 1937 1590 1957 cum
1612 1931 1751 1964 impolluta
1775 1939 1836 1958 cum

1051 1965 1097 1998 qui
1113 1964 1264 1992 sanctificat
1276 1965 1412 1997 universa,
1430 1972 1493 1991 nam
1506 1969 1535 1992 ut
1549 1972 1686 1999 nunquam
1701 1971 1762 1991 ante
1772 1973 1837 1992 sau-

1051 1999 1202 2027 ctissimam
1224 1999 1334 2026 Mariam
1361 2000 1460 2026 divina
1482 2000 1574 2026 carnis
1592 2000 1775 2034 assumptioni
1793 2007 1838 2026 re-

1051 2039 1159 2068 pertum
1177 2039 1220 2062 est
1234 2034 1430 2066 habitaculum,
1447 2034 1483 2061 ita
1497 2034 1542 2061 ubi
1563 2039 1700 2068 repertun:
1718 2039 1770 2065 est,
1787 2035 1838 2060 Ιιιι-

1052 2077 1161 2096 matiam
1173 2077 1283 2097 carnem
1300 2070 1448 2104 assumpsit
1462 2069 1544 2096 Deus.
1558 2068 1615 2096 Nisi
1629 2069 1726 2096 fuisset
1739 2068 1836 2101 Filius,

1051 2105 1095 2131 cui
1105 2105 1216 2139 dignum
1228 2108 1313 2131 erata
1326 2104 1405 2131 Patre
1417 2104 1604 2131 habitaculum
1618 2105 1837 2139 prcharandum,

1053 2147 1105 2166 non
1121 2139 1219 2166 fuisset
1232 2140 1406 2166 inunaculata
1417 2139 1537 2173 Virginis
1554 2140 1708 2174 conceptio.
1725 2147 1775 2166 nec
1786 2139 1838 2166 alia

1052 2174 1235 2201 immaculata‘.
1259 2175 1444 2208 conceptionis
1475 2182 1571 2206 causa,
1599 2175 1671 2206 fons,
1695 2178 1723 2200 et
1749 2175 1837 2208 origo,

1052 2217 1134 2243 quam
1152 2210 1197 2237 Dei
1217 2209 1312 2237 Filius.
1334 2209 1420 2236 Porro
1436 2209 1577 2244 Deiparam
1594 2208 1732 2243 Virginem
1750 2208 1836 2235 fuisse

1055 2244 1115 2272 sine
1128 2245 1253 2280 originali
1269 2245 1374 2272 macula
1388 2250 1557 2279 conceptam,
1574 2252 1607 2272 co
1619 2244 1692 2278 quod
1705 2244 1761 2275 ipsa
1780 2244 1839 2270 fue-

1019 2269 1041 2296 D
1056 2269 1152 2307 ἓίἶῖιῖ
1162 2269 1214 2306 ’ὗέί
1220 2269 1654 2306 'Vindiuiniiaiéiifiidbiticoiuiti
1662 2269 1669 2270 7
1677 2269 1838 2313 aream-an,

1054 2315 1165 2342 disertis
1186 2315 1275 2341 verbis
1297 2314 1440 2341 allirmavit
1457 2314 1488 2341 L.
1507 2314 1659 2341 Germanus
1682 2314 1837 2348 patriarcha

1054 2349 1374 2384 Constantinopolitanus
1395 2350 1421 2376 in
1440 2349 1547 2376 Menaeis
1572 2347 1731 2384 Graecorum
1761 2349 1803 2374 die
1822 2347 1840 2374 9

1053 2384 1211 2413 Decembris
1235 2383 1261 2412 et
1289 2385 1317 2411 itt
1345 2391 1396 2412 suo
1427 2383 1537 2411 Mariali
1565 2384 1661 2419 fragm.
1678 2383 1837 2419 9,dumdi-

1053 2420 1116 2448 xit:
1146 2428 1155 2445 ε
1175 2420 1262 2447 Hodie.
1289 2420 1316 2446 in
1340 2419 1490 2446 visceribus
1515 2418 1616 2446 Castze’
1634 2419 1718 2446 Annae
1744 2418 1838 2445 conci-

1052 2456 1126 2489 pitur
1153 2454 1237 2481 Maria
1273 2453 1318 2482 Dei
1334 2454 1419 2486 Filia,
1441 2459 1589 2488 praeparata
1609 2454 1635 2480 in
1653 2453 1838 2489 habitaculum

1053 2487 1313 2526 universalisrRegis
1328 2489 1503 2526 mulorum.
1525 2498 1534 2514 ι
1553 2489 1622 2521 Quid
1638 2489 1710 2516 enitn
1724 2493 1766 2515 est
1779 2487 1836 2526 illa:

1053 2526 1121 2552 riam
1152 2525 1178 2552 in
1203 2524 1353 2552 visceribus
1373 2524 1403 2551 S.
1417 2524 1503 2550 Annae
1524 2529 1684 2558 conceptam
1708 2531 1770 2550 esse
1791 2523 1837 2547 ltei

1052 2560 1147 2593 filiam,
1166 2560 1216 2587 nisi
1236 2565 1394 2597 conceptam
1411 2566 1472 2586 esse
1497 2559 1523 2585 in
1545 2559 1643 2597 gratia,
1660 2564 1753 2597 etrper
1772 2565 1839 2596 con-

1051 2603 1179 2630 sequens,
1194 2599 1352 2628 conceptam
1367 2594 1426 2622 sine
1442 2598 1552 2630 peccato
1565 2594 1711 2630 miginali'g
1727 2594 1749 2619 si
1764 2594 1836 2619 enim

1052 2630 1079 2656 in
1090 2628 1221 2664 originali
1236 2634 1347 2664 peccato
1362 2634 1494 2663 concepta
1513 2629 1622 2664 fuisset,
1636 2637 1688 2664 non
1699 2628 1759 2664 jam
1771 2634 1838 2664 cou-

1050 2669 1127 2699 Cepta
1141 2662 1189 2692 Dei
1208 2662 1273 2696 lilia,
1289 2666 1336 2692 sed
1348 2662 1477 2698 concepta
1489 2664 1541 2700 filia
1558 2663 1709 2700 diaboli.>et
1726 2662 1779 2700 lilia
1791 2663 1837 2700 ira;

1051 2697 1134 2734 (quod
1159 2699 1322 2727 Christianae
1348 2697 1538 2726 aures’audire
1559 2698 1681 2734 horrent)
1698 2697 1837 2730 prtedirari

1049 2732 1150 2769 posset.
1160 2734 1227 2761 Filia
1236 2739 1326 2771 autem
1346 2734 1392 2771 Dei
1409 2734 1469 2760 sine
1497 2732 1622 2771 originali
1643 2737 1754 2771 peccato
1767 2738 1837 2771 cou—

1048 2767 1125 2804 cepta
1141 2774 1193 2802 est,
1204 2778 1257 2796 nott
1271 2769 1351 2796 aliam
1367 2769 1401 2796 ob
1415 2776 1536 2804 causam,
1546 2767 1598 2794 nisi
1610 2767 1673 2804 quia
1688 2770 1837 2804 przeparata

1049 2801 1270 2831 inhabitaculunt
1290 2804 1451 2830 universalis
1473 2802 1552 2836 Regis
1567 2802 1740 2829 sserulorum.
1752 2801 1839 2836 Opor—

1048 2839 1099 2866 tuit
1114 2841 1186 2867 enim
1201 2847 1272 2871 eam,
1283 2847 1344 2874 (pne
1365 2838 1410 2866 Dei
1425 2835 1571 2874 singulare
1592 2836 1774 2874 habitaculum
1785 2835 1837 2874 _ftt-

1049 2879 1107 2901 lura
1130 2879 1207 2905 crat,
1234 2869 1300 2902 esse
1327 2869 1618 2901 incoutaminatissinta
1642 2871 1758 2905 puritate
1784 2869 1838 2895 llI'.<

1046 2915 1164 2945 grutcm,
1181 2914 1263 2946 atque
1279 2910 1313 2938 ab
1324 2909 1399 2937 omni
1416 2908 1528 2936 omnino
1545 2907 1604 2935 labe
1630 2905 1839 2934 alienissimam.
