2075 3154
239 167 306 200 1ίοῖ

805 170 835 200 S.
857 169 1014 200 JOSEPHI
1035 169 1318 201 HYMNOGRAPHI

1800 170 1866 202 “03

240 223 330 258 Virgo,
344 223 410 258 legis
425 223 538 251 umbras
553 222 744 258 dissipantem,
758 226 785 250 et
799 223 893 258 gratim
905 223 1024 258 fulgores
1037 228 1063 258 Α
1075 230 1104 249 es
1120 222 1188 258 (69),
1207 222 1381 250 immaculata
1398 221 1615 257 inculpatissima
1638 221 1723 249 Maria
1742 222 1867 257 Deipara.

235 268 430 295 aliundcniem.
450 267 540 300 Quare
563 275 606 294 me
628 266 686 301 lege
701 267 816 301 peccati.
829 273 845 294 ο
861 265 954 300 Virgo.
969 272 1024 300 qua

1074 266 1176 300 Quare,
1190 274 1238 295 oro
1261 271 1298 300 te,
1313 267 1435 294 illumina
1456 268 1663 295 obtencbratam
1684 268 1746 295 vitae
1763 269 1868 296 deliciis

235 321 309 341 nunc
323 313 482 346 gravissime
494 312 628 346 esagitor.
643 312 774 343 solutum,
791 311 910 339 concede
927 319 1025 338 vaearc
1075 311 1203 340 miseram
1217 313 1335 340 animam
1354 321 1454 346 meam,
1468 321 1534 349 quo,
1545 314 1617 341 sicut
1631 315 1658 341 in
1673 315 1728 347 die,
1748 322 1796 349 per
1809 316 1868 342 vias

236 361 351 387 liberum
367 359 503 386 laudando
517 359 655 386 liberatori
673 365 733 385 meo
749 357 873 385 Domino.

278 406 331 434 Vas
347 406 415 433 lucis
431 405 611 433 illuminaniis
626 409 712 432 totum
725 403 824 432 Orbem
844 403 902 432 sola
915 408 1027 431 ostensa

377 483 420 511 Ea:
434 491 532 511 canone
542 483 690 510 Dominica:
705 482 880 510 Pentecosm.

272 582 351 610 Salve
374 581 487 617 Regina,
501 582 684 610 maternitalis
698 585 725 609 ct
737 580 903 615 virginitatis
925 578 1024 614 gloria,

234 627 338 654 nullum
357 627 456 662 quippe
470 634 512 658 os,
528 627 592 654 licet
604 627 819 654 disertissimum
838 633 869 652 ac
886 624 1026 652 facundis-

235 673 335 700 simum
350 673 513 707 indicendo,
529 674 600 701 valet
616 678 642 700 te
659 681 708 708 pro
725 672 860 707 dignitate
877 671 1024 699 celebrare.

235 719 324 746 llerct
350 724 451 753 autem,
475 725 503 747 et
532 720 735 755 quodammodo
762 719 895 754 vertigine
921 717 1027 745 laborat

237 766 327 793 omnis
352 773 429 793 mens
457 766 483 793 in
510 771 606 801 partus
624 767 662 794 tui
676 766 908 798 consideratione,
923 771 1022 800 quam-

235 811 329 839 obrem
344 815 370 839 tc
384 820 445 839 cum
457 812 554 840 aﬂ‘cctu
569 813 717 848 gloriosam
734 812 925 848 pranlicamus.

1076 358 1125 387 Dei
1137 359 1287 386 ambulent.

1086 478 1134 507 Ἐκ
1148 479 1202 507 τοῦ
1211 479 1346 513 Κανόνος
1355 479 1412 514 τῆς
1422 480 1574 521 Κυρεακῆς
1587 480 1640 516 τῆς
1656 481 1744 516 ἁγίας
1756 482 1869 516 [Iern]-

1406 523 1530 550 κοστιις.

1111 579 1374 614 Χαιροις,”Δνασσι,
1399 580 1634 616 μητροπαρθένων
1661 580 1738 613 κλέος
1756 590 1763 597 ·
1794 582 1869 609 ἅπαν

1075 626 1130 661 γὰρ
1147 625 1294 664 εὐδύναῖον
1307 626 1418 653 εῠλαλον
1433 627 1521 661 στόμα
1537 627 1706 662 ῥητορεύειν,
1727 628 1757 653 οὗ
1780 628 1870 654 σῡένει

1080 681 1109 698 σε
1133 672 1245 707 μέλπειν
1259 673 1341 705 ἀξίως
1351 681 1358 688 ν
1377 673 1479 708 ἰλιγγιᾷ
1496 673 1523 699 δὲ
1539 672 1601 704 νοῦς
1615 673 1688 705 ἅπας
1706 673 1752 700 σοῦ
1764 673 1809 700 τὸν
1824 674 1871 700 τό-

1079 727 1128 745 κον
1142 720 1212 746 νοεῖν
1228 727 1234 734 ·
1251 718 1311 746 ὅθεν
1327 727 1356 746 σε
1368 719 1522 754 συμφώνως
1532 719 1692 754 δοξάζομεν.

719 881 800 917 343
817 881 857 908 Ea:
870 889 970 908 canone
982 879 1054 914 ferite
1069 884 1095 908 γ.
1112 880 1170 911 post
1185 875 1261 902 Dom.
1272 874 1368 902 Pentec

271 935 310 962 Ex
327 935 429 971 Spiritu
445 941 551 970 δαιιειο,
563 942 648 970 casia,
665 938 815 973 concepisti
828 946 891 966 eum
904 938 950 973 qui
965 942 1028 965 ante,
1043 927 1066 955 Β
1080 937 1106 960 et
1120 933 1262 959 nobiscum
1278 936 1459 960 conversatus
1480 940 1553 960 nunc
1579 932 1764 980 m‘aiiifcstavit
1781 932 1873 960 Tiini-

237 984 343 1015 tempus
368 983 682 1017 resplenduit,'Verbum
701 991 735 1010 ex
756 983 834 1010 Patre
852 984 983 1018 ingenito,
1000 988 1028 1010 et

238 1028 310 1054 hunc
327 1036 374 1063 per
385 1037 519 1057 summam
535 1031 684 1058 bonitatem
699 1030 872 1058 iucarnatum
885 1031 1025 1066 peperisti,

238 1073 283 1101 Dei
297 1076 416 1110 genitrix
428 1075 513 1104 Mater
532 1076 622 1112 Virgo.

357 1151 401 1178 Ea:
415 1160 514 1180 canone
528 1153 556 1180 in
573 1152 718 1181 Paraaceve
727 1158 785 1189 post
800 1153 906 1182 Pentec.

275 1228 394 1257 Montem
411 1231 621 1264 lucidissimum,
637 1237 758 1260 montem
773 1233 1025 1266 umbrosissimum,

239 1282 360 1304 montem
382 1278 520 1313 pinguem,
536 1283 564 1306 et
592 1279 760 1307 incaseatum
784 1280 880 1308 dilexit
905 1281 987 1313 Deus,
1003 1285 1028 1307 te

239 1322 353 1356 scilicet,
369 1331 385 1350 ο
401 1322 483 1360 Virgo
495 1329 589 1352 sancta
603 1333 611 1358 ;
627 1326 718 1354 salvos
734 1327 776 1353 l'ac
793 1334 887 1354 servos
902 1331 974 1355 tuos.

274 1378 430 1406 Architecta
461 1380 555 1407 mutuli
582 1381 674 1408 divina
705 1380 856 1416 Sapientia,
887 1391 918 1409 ex
947 1388 982 1414 te,
1011 1390 1027 1409 ο

241 1423 342 1459 puclla,
360 1425 490 1460 templum
516 1425 635 1461 Spiritus
661 1432 774 1455 sanctus
801 1429 954 1461 :cdilicavit,
972 1430 1027 1457 sal-

241 1477 305 1498 vai'e
319 1471 413 1499 volens
426 1479 458 1507 ex
476 1472 535 1499 lidei
552 1473 712 1508 praescripto
729 1473 861 1502 viventes.

279 1527 396 1562 Spiritus
411 1529 498 1556 sancti
517 1529 653 1557 thalamus
672 1531 741 1558 facta
756 1539 798 1564 es,
817 1539 833 1558 ο
852 1531 978 1566 Dcipara,
994 1540 1027 1559 ex

242 1580 297 1608 quo
311 1574 404 1601 mundi
421 1574 517 1610 Opifex
533 1575 651 1603 Verbum
672 1575 760 1604 Patris
782 1579 917 1612 processit
935 1579 1026 1612 homo,

1080 981 1143 1007 tatis
1156 980 1352 1015 cognitionem.

1234 1026 1275 1053 Ea:
1292 1033 1391 1052 canone
1407 1024 1518 1052 Sabbuti
1531 1030 1590 1059 post
1609 1024 1714 1052 Penlec.

1115 1072 1232 1107 Spiritus
1247 1076 1360 1099 sanctus
1376 1072 1402 1098 in
1426 1076 1451 1098 te
1464 1079 1561 1106 purum
1586 1072 1753 1105 virginitatis
1778 1079 1873 1099 sacra—

1079 1119 1150 1146 rium
1179 1119 1358 1151 descendens,
1377 1118 1465 1144 ell'ecit
1490 1117 1673 1152 splendidum,
1701 1124 1728 1145 et
1755 1118 1873 1146 sanctis-

1079 1165 1179 1192 simum
1195 1164 1401 1191 tabernaculum
1418 1163 1478 1190 Filii
1495 1164 1606 1196 excelsi,
1625 1164 1792 1191 beatissima.

1115 1209 1312 1238 lncarnationis
1336 1208 1416 1236 Verbi
1441 1217 1574 1244 organum
1601 1210 1735 1241 divinum,
1756 1218 1773 1237 ο
1789 1217 1874 1237 vene-

1078 1256 1175 1285 randa.
1191 1255 1309 1290 Spiritus
1336 1259 1448 1282 sanctus
1477 1262 1539 1282 cum
1562 1255 1739 1282 obumbravit
1767 1255 1826 1286 tibi,
1846 1259 1872 1282 te

1079 1309 1171 1329 arcam
1201 1300 1332 1330 divinam,
1353 1300 1488 1326 illustrem
1515 1298 1615 1332 ell‘ecit,
1633 1305 1660 1327 et
1684 1300 1839 1332 adornavit,
1853 1307 1872 1327 ο

1079 1347 1163 1382 Virgo
1175 1346 1329 1378 benedicta,
1339 1353 1400 1380 qua:
1416 1345 1500 1372 Deum
1514 1346 1541 1372 in
1557 1353 1642 1373 carne
1657 1346 1797 1381 peperisti.
1856 1376 1860 1381 _

1114 1393 1255 1421 Terrestre
1277 1393 1415 1428 quoddam
1438 1392 1539 1420 cadum
1563 1393 1731 1427 apparuisti,
1758 1397 1850 1419 sancta
1864 1413 1872 1424 ,

1079 1441 1189 1468 ctelcste
1200 1438 1319 1467 Verbum
1338 1444 1433 1466 ventre
1459 1439 1627 1475 concipiens,
1654 1439 1727 1474 quod
1746 1439 1772 1465 in
1799 1443 1872 1466 terra

1079 1491 1272 1514 οοηνθηίιιιιῐη
1289 1490 1342 1513 83L

1117 1531 1199 1559 Deum
1226 1532 1395 1564 hominibus,
1412 1530 1506 1566 Virgo,
1522 1530 1675 1558 conciliasti
1699 1531 1873 1563 mirabiliter,

1080 1578 1148 1605 inter
1159 1577 1240 1614 3M
1250 1577 1329 1610 Eum,
1343 1583 1369 1605 ct
1381 1585 1431 1606 uos
1447 1577 1591 1605 mediatrix
1604 1578 1791 1606 interveniens
1803 1578 1872 1614 (70).

281 1662 338 1700 (G9)
355 1663 391 1690 De
403 1663 455 1691 hoc
465 1671 530 1691 vase
543 1664 658 1699 loquens
668 1665 769 1693 Bustus
786 1665 811 1692 in
827 1664 935 1692 Mariali
946 1673 1029 1693 serm.
1043 1666 1066 1697 C
1084 1665 1200 1696 macula,
1217 1673 1270 1700 qua
1285 1669 1342 1693 erat
1356 1666 1502 1697 discordia,
1517 1674 1569 1700 qua
1586 1674 1601 1694 e
1613 1671 1726 1700 peccato
1747 1666 1876 1700 originali

244 1698 272 1729 8,
291 1699 325 1725 de
340 1702 464 1732 conccpt.
492 1704 568 1732 parte
582 1698 608 1729 ⁷1.
630 1700 667 1726 ait
683 1709 715 1726 ex
734 1701 762 1726 S.
784 1700 923 1727 Antonino
940 1701 1030 1727 archi-

243 1734 374 1767 episcopo
390 1732 546 1759 Florentino
561 1743 567 1760 :
584 1743 593 1759 ‹
611 1733 746 1761 Ordinaus
759 1742 806 1761 vas
820 1735 853 1761 ad
867 1735 1030 1762 sacrificium

245 1768 350 1798 altaris.
368 1772 511 1794 conservat
536 1768 624 1802 ipsum
641 1777 656 1796 ει
681 1770 808 1800 maculis,
827 1771 878 1796 hoc
902 1771 974 1796 enim
991 1775 1033 1797 est

245 1803 324 1829 valde
340 1803 448 1829 decens.
467 1811 476 1827 ι
494 1802 556 1830 lla‘c
573 1803 628 1835 ille,
643 1804 746 1831 scilicet
762 1804 926 1831 Antoninus.
946 1813 955 1829 ε
981 1804 1034 1832 Sed

248 1837 332 1875 Virgo
349 1837 432 1864 Maria
448 1838 550 1871 (subdit
564 1838 675 1875 Bustus)
690 1839 740 1866 fuit
756 1847 802 1866 vas
821 1839 943 1875 Deitatis.
961 1839 1033 1875 Ergo

248 1873 709 1909 t_l_cciiit7ttt_praeservareturietiam
722 1881 736 1900 a
752 1874 856 1909 macula
869 1873 1008 1909 originali;
1023 1885 1032 1901 ι

247 1906 316 1934 Vide
335 1908 364 1934 S.
380 1907 544 1942 Cyprianum
565 1907 592 1934 in
612 1908 686 1935 Orat.
704 1909 737 1936 de
750 1908 897 1936 Nativitate
913 1906 1032 1942 Domini,

248 1942 294 1969 ubi
312 1941 450 1976 appellans
464 1942 494 1969 B.
511 1941 649 1978 Virginem
664 1952 708 1970 vas
724 1944 858 1971 electionis
870 1949 966 1972 natura
983 1953 1033 1972 no-

248 1977 596 2014 biscumcotiimiiiiicaus,
613 1987 666 2006 non
683 1980 762 2014 culpa
789 1989 795 2006 :
817 1989 826 2004 ‹
846 1978 900 2007 Nec
916 1981 1035 2008 sustine-

248 2012 419 2046 batjustitia.
438 2013 526 2046 inquit
545 2013 600 2043 ille,
618 2019 646 2041 ut
662 2012 789 2041 illud'vas
803 2015 944 2042 electionis
957 2023 1034 2042 com-

248 2049 379 2084 munibus
396 2048 540 2084 laxaretur
570 2048 688 2083 injuriis,
714 2050 846 2084 quoniam
873 2050 996 2084 pluribus
1018 2057 1034 2077 a

249 2083 354 2109 caeteris
386 2082 537 2115 tliﬂerens,
571 2082 668 2110 natura
704 2082 945 2117 communicabat,
981 2093 1034 2112 non

249 2119 340 2154 culpa.
361 2127 370 2143 ι
387 2117 455 2154 Quis
469 2119 542 2145 enim
559 2118 604 2146 hic
617 2127 669 2145 non
690 2119 779 2146 videat
792 2120 957 2154 Cyprianum
971 2128 1035 2154 sup-

249 2153 374 2187 posuisse
388 2153 532 2187 puritatem
544 2153 703 2187 originalem
717 2153 881 2182 beatissiinaz
897 2153 1035 2189 Virginis?

250 2189 333 2222 Culpa
362 2195 480 2222 namque
503 2189 666 2221 communis,
698 2189 741 2216 cui
773 2190 969 2218 descendentes
1001 2191 1036 2217 ab

249 2223 356 2250 Adamo
385 2223 579 2259 siibjiciuntur,
606 2228 711 2251 tantum
740 2229 782 2252 est
805 2225 957 2259 originalis,
982 2233 1035 2252 non

251 2265 315 2285 vero
340 2259 463 2285 venialis.
479 2258 554 2285 llauc
575 2259 648 2286 enim
673 2259 767 2294 aliqui,
784 2258 878 2294 saltem
904 2259 1034 2292 infantes,

251 2301 305 2319 non
319 2294 527 2325 commiserunt,
546 2300 609 2320 cum
625 2293 726 2328 quibus
742 2294 765 2322 si
783 2293 867 2329 Virgo
881 2295 961 2329 culpa
980 2303 1035 2322 non

251 2328 472 2359 communicavit,
497 2329 609 2356 evidens
636 2334 688 2360 est,
707 2337 767 2356 eam
794 2337 846 2356 non
873 2328 959 2357 fuisse
986 2330 1037 2356 ob-

252 2363 524 2399 norxiainroriginali,
542 2371 575 2391 ac
598 2363 632 2391 dc
657 2364 702 2390 illa
722 2364 897 2398 potissimum
922 2365 1037 2399 intelligi

251 2398 352 2424 debere
373 2398 513 2433 liciparam
538 2399 731 2426 communibus
755 2399 864 2433 injuriis
882 2408 935 2426 non
952 2398 1038 2427 fuisse

252 2407 352 2424 uenere
373 2407 513 2459 uolgarum
538 2407 731 2426 communiuus
755 2407 864 2433 llljlll'llS
882 2408 935 2426 non
952 2407 1037 2427 tuisse

252 2433 395 2469 ochnsam.
442 2438 538 2460 auctus
561 2434 643 2461 etiam
668 2434 882 2469 Chrysostomus
905 2435 981 2462 Orat.
1010 2435 1037 2461 iu

252 2468 417 2503 donuntiat.
436 2474 488 2494 non
513 2469 595 2495 aliam
609 2469 644 2496 ob
661 2468 773 2496 causam
795 2468 937 2503 Deiparam
960 2474 1039 2496 vocat

253 2501 307 2530 Vas
331 2503 589 2536 incontaminatum,
609 2504 659 2530 nisi
679 2505 743 2538 quia
768 2501 909 2539 originalis
934 2505 1038 2539 peccati

253 2539 514 2565 contaminationem
531 2546 586 2565 neti
599 2539 701 2572 habuit,
716 2540 762 2567 scd
776 2541 811 2566 ab
825 2540 876 2567 hac
892 2541 959 2566 tanti
974 2540 1039 2566 mali

254 2573 366 2601 miseria
383 2573 513 2600 immunis
530 2574 590 2600 fuit.
609 2574 676 2606 Quis
692 2576 763 2601 enim
785 2575 908 2602 absolute
924 2575 1040 2609 appellet

253 2609 512 2640 incontaminatum,
536 2609 608 2643 quod
633 2609 789 2643 aliquando,
807 2613 834 2636 et
857 2609 966 2644 quidem
982 2614 1040 2637 tur-

254 2644 378 2678 pissime,
392 2644 605 2671 contaminatum
622 2644 692 2671 fuit?

291 2679 337 2715 (70
357 2680 387 2708 Β.
402 2679 540 2714 Virginem
563 2680 623 2708 sine
642 2679 788 2714 Originalis
805 2679 908 2715 peccati
933 2679 1040 2715 macula

255 2714 342 2742 fuisse
353 2720 525 2749 conceptam,
540 2721 572 2741 eo
589 2715 661 2749 quod
680 2715 749 2742 inter
766 2714 824 2747 nos,
840 2721 867 2743 ct
881 2716 965 2742 Deum
984 2714 1039 2741 Mc-

255 2751 355 2777 diatrix
366 2751 456 2777 futura
469 2754 552 2781 esset,
567 2751 669 2785 colligt
684 2750 898 2778 Bal'liltthIINBllS
911 2750 1040 2781 Pisanus,

257 2784 295 2812 De
308 2785 382 2812 loud.
397 2786 428 2812 Β.
450 2785 480 2812 γ.
499 2785 559 2812 libr.
576 2794 594 2816 i,
614 2784 703 2812 fructu
721 2785 746 2818 7,
763 2786 828 2812 dum
849 2787 887 2812 ait
903 2793 909 2812 :
929 2795 938 2811 (
956 2785 1041 2811 Maria

258 2819 304 2846 l‘ci
333 2820 419 2847 Mater
443 2821 558 2847 debebat
583 2829 644 2848 esse
671 2822 812 2847 mediatrix
839 2821 911 2847 inter
939 2829 991 2847 nos
1015 2827 1043 2848 ct

260 2854 355 2888 Deum,
367 2856 470 2883 scilicet
483 2856 544 2888 ejus
566 2855 675 2886 Filium,
689 2861 717 2882 et
727 2856 786 2889 ejus
801 2855 884 2883 Filius
908 2857 977 2884 inter
992 2864 1042 2882 nos

260 2894 287 2916 ct
309 2891 411 2924 Deum;
433 2899 498 2925 eigo
524 2899 617 2919 carere
642 2891 757 2918 debebat
777 2893 899 2926 quolibet
924 2893 1001 2924 v.tio,
1017 2895 1043 2918 ct

1086 1706 1112 1727 et
1132 1701 1206 1727 omni
1223 1701 1286 1728 alio.
1309 1710 1318 1726 ι
1338 1701 1383 1728 Sic
1404 1702 1458 1729 ille.
1476 1701 1660 1729 Bernardinus
1673 1702 1755 1729 etiam
1773 1702 1806 1728 dc
1821 1702 1877 1728 Bu-

1086 1742 1128 1763 Slo
1146 1736 1172 1762 in
1195 1744 1246 1763 suo
1266 1735 1386 1767 Mai-iuli,
1403 1744 1474 1763 scrin
1496 1736 1522 1767 6,
1541 1737 1574 1763 de
1591 1744 1704 1770 conccp.
1722 1741 1799 1771 parte
1811 1744 1833 1767 ι,
1851 1736 1879 1763 in

1087 1771 1160 1798 hunc
1186 1771 1440 1806 modumrloquitur
1463 1779 1470 1798 :
1495 1771 1719 1806 Quandocnnque
1743 1777 1784 1798 est
1809 1771 1879 1798 inter

1087 1806 1195 1840 aliquos
1209 1805 1362 1839 inimicitia,
1377 1814 1426 1838 pro
1446 1805 1811 1833 reconciliatione’convenit
1830 1814 1879 1833 ac—

1088 1841 1179 1875 cipere
1201 1841 1322 1872 tertium,
1342 1841 1395 1869 nisi
1415 1841 1459 1868 ille
1479 1841 1515 1868 sit
1538 1841 1634 1868 offensi
1653 1841 1766 1872 amicus,
1791 1842 1878 1868 multo

1090 1877 1181 1902 minus
1204 1881 1295 1903 autem
1313 1876 1374 1903 talis
1395 1876 1539 1907 mediator,
1555 1876 1634 1903 debet
1655 1884 1715 1903 esse
1739 1877 1878 1910 particeps

1088 1910 1190 1942 delicti,
1205 1918 1252 1944 per
1271 1919 1352 1944 quam
1377 1911 1615 1946 participationem
1635 1911 1672 1938 sit
1687 1916 1713 1937 et
1725 1912 1784 1944 ipse
1799 1912 1878 1938 dolo-

1088 1953 1134 1973 sus
1150 1954 1156 1972 :
1170 1953 1233 1972 nam
1256 1946 1358 1973 inimici
1380 1946 1497 1976 amicus.
1513 1946 1642 1973 inimicus
1656 1950 1708 1976 est,
1719 1951 1745 1973 et
1760 1946 1822 1973 ideo
1840 1946 1880 1979 ei,

1088 1986 1216 2014 tanquam
1232 1980 1353 2010 inimico,
1363 1989 1416 2008 non
1430 1980 1607 2008 credendum.
1623 1980 1703 2015 Virgo
1716 1982 1806 2015 itaque
1818 1988 1880 2015 quae

1089 2016 1205 2042 debebat
1219 2015 1339 2042 mediare
1354 2016 1424 2043 inter
1439 2017 1587 2042 humanam
1604 2021 1743 2047 naturam,
1762 2020 1788 2042 et
1799 2015 1881 2043 Chri-

1089 2055 1161 2078 stum
1184 2057 1343 2082 venturum,
1364 2059 1417 2078 non
1444 2051 1559 2077 debebat
1578 2058 1639 2078 esse
1656 2058 1701 2077 rea
1721 2056 1748 2078 et
1767 2051 1879 2077 conseia

1089 2085 1323 2120 delicti,a|ioquin
1337 2091 1409 2113 esset
1423 2085 1531 2119 indigna
1546 2086 1759 2114 recouciliatrix.
1772 2086 1882 2113 dicente

1091 2119 1222 2154 Gregorio
1236 2119 1272 2147 in'
1283 2119 1428 2147 Mai-(ilibus
1441 2128 1450 2147 :
1464 2120 1532 2147 Cum
1548 2120 1571 2147 is
1585 2123 1631 2154 qui
1645 2121 1769 2155 displicet
1789 2120 1822 2146 ad
1841 2121 1883 2146 iu-

1090 2155 1288 2190 terprllaudum
1307 2156 1436 2188 mittitur,
1447 2155 1514 2190 irati
1533 2156 1636 2190 judicis
1653 2157 1762 2182 animus
1775 2155 1807 2182 ad
1826 2155 1882 2181 ira-

1090 2189 1218 2218 cundiam
1248 2194 1422 2224 provocatur.
1444 2189 1526 2217 Missa
1548 2194 1590 2217 est
1610 2198 1674 2224 ergo
1702 2190 1785 2224 Virgo
1800 2191 1883 2216 belie-

1089 2225 1161 2252 dicta
1186 2233 1201 2251 a
1226 2225 1355 2251 Patribus
1382 2225 1480 2252 exsilio
1500 2225 1636 2252 damnatis
1651 2230 1782 2259 tanquam
1799 2225 1882 2258 digna

1091 2260 1294 2287 reconciliati-ix
1316 2260 1350 2286 ad
1376 2259 1470 2292 Deum,
1487 2267 1548 2294 qua
1576 2260 1598 2286 si
1618 2268 1672 2287 non
1697 2265 1769 2287 esset
1786 2260 1882 2294 digna,

1089 2302 1198 2330 pinnam
1217 2299 1391 2330 rmereretur.
1410 2294 1462 2321 Sed
1476 2296 1540 2328 quia
1558 2302 1612 2321 non
1631 2301 1672 2323 est
1688 2295 1810 2329 repulsa,
1828 2296 1885 2321 imo

1089 2331 1188 2357 iratum
1212 2329 1295 2356 Deum
1320 2330 1447 2364 placavit,
1466 2329 1627 2364 dignissima
1655 2330 1763 2356 inventa
1789 2335 1842 2361 est,
1857 2333 1885 2356 ct

1089 2372 1137 2405 per
1153 2372 1335 2405 consequens,
1351 2365 1803 2405 sineoriginaliculpa..'_Chi-istus
1819 2372 1885 2405 ergo

1091 2399 1160 2426 inter
1176 2399 1282 2426 Patrem
1298 2404 1325 2426 et
1338 2401 1469 2434 populum
1488 2400 1629 2430 mediavit.
1646 2399 1726 2434 Virgo
1752 2400 1823 2426 inter
1840 2399 1884 2425 Fi-

1089 2435 1155 2462 liuni
1172 2439 1197 2460 et
1215 2435 1425 2468 delinquentes;
1442 2435 1514 2469 quod
1531 2435 1552 2461 si
1573 2435 1630 2469 ipsa
1646 2435 1821 2469 peccavisset,
1837 2434 1883 2460 tibi

1089 2474 1160 2504 esset
1175 2476 1237 2503 spes
1251 2470 1363 2496 nostra?
1377 2469 1428 2497 Ubi
1448 2470 1653 2496 reclinatoriuin
1669 2470 1766 2504 capitis
1778 2469 1886 2496 nostri?

1090 2505 1119 2531 Si
1137 2503 1222 2531 Mater
1236 2508 1310 2531 esset
1322 2512 1378 2536 rea,
1396 2504 1463 2539 quid
1481 2505 1561 2532 nobis
1580 2505 1666 2532 servis
1691 2503 1765 2531 esset
1778 2504 1886 2530 inutili-

1091 2540 1162 2566 bus'!
1180 2539 1327 2573 Desperare
1343 2546 1498 2574 possemus,
1515 2540 1562 2566 ubi
1579 2539 1636 2573 ipsa
1660 2539 1801 2573 privilegio
1825 2539 1886 2566 sin-

1091 2575 1177 2609 gulari
1204 2575 1329 2608 puritatis
1344 2573 1402 2601 Vnon
1429 2575 1551 2608 polleret.
1571 2574 1617 2601 Sic
1641 2573 1752 2601 Bustus.
1769 2573 1820 2600 (lui
1844 2575 1886 2600 his

1091 2608 1182 2636 verbis
1195 2609 1342 2636 subscribit
1358 2608 1501 2636 Pelbartus
1521 2610 1548 2636 iu
1563 2609 1688 2636 Stellario
1701 2609 1734 2637 Β.
1753 2609 1884 2642 Virginis,

1091 2644 1138 2671 lib.
1151 2652 1188 2677 iv,
1201 2648 1270 2678 part.
1284 2652 1314 2676 ιι,
1332 2651 1357 2672 a.
1372 2644 1408 2670 5:
1424 2643 1568 2671 Mediatrix
1581 2643 1797 2671 estMariaintcr
1806 2643 1888 2670 Chri-

1092 2684 1176 2710 stum,
1192 2684 1219 2706 ct
1232 2679 1366 2710 homines,
1382 2679 1503 2706 medium
1519 2684 1608 2706 autem
1625 2679 1708 2706 debet
1723 2679 1888 2712 participare

1093 2721 1154 2742 cum
1172 2715 1312 2746 extremis,
1330 2714 1358 2746 5,
1372 2713 1470 2748 Phys.;
1481 2715 1541 2741 ideo
1556 2714 1694 2749 congruit,
1710 2719 1741 2740 ut
1755 2714 1814 2748 ipsa
1828 2712 1887 2738 Ma-

1093 2750 1132 2776 ria
1150 2749 1293 2776 mediatrix
1312 2750 1421 2783 generis
1441 2749 1552 2776 humani
1576 2749 1603 2775 in
1623 2749 1801 2782 conceptione
1813 2749 1887 2774 assi-

1093 2784 1203 2812 iniletur
1219 2785 1388 2816 hominibus,
1410 2784 1437 2811 in
1460 2783 1588 2814 naturali,
1609 2785 1725 2815 scilicet,
1748 2790 1887 2818 propaga-

1093 2821 1166 2852 tione
1187 2820 1336 2850 communi,
1361 2824 1388 2846 et
1416 2820 1467 2846 hoc
1490 2827 1544 2845 non
1572 2819 1703 2846 obstante
1720 2819 1889 2846 assiiudetur

1092 2854 1201 2881 Christo
1216 2854 1298 2887 capiti
1317 2855 1343 2880 in
1358 2854 1420 2890 hoc,
1439 2859 1468 2880 ut
1484 2861 1529 2888 per
1542 2855 1663 2888 gratiam
1678 2860 1860 2890 prxservctur
1871 2861 1886 2878 η

1093 2895 1203 2925 peccato
1220 2889 1355 2924 originali.
1369 2889 1415 2916 Sic.
1430 2889 1579 2918 γρυψὶ-ωε.
