2075 3154
175 158 246 192 1413

211 215 367 250 Quomodo.
383 222 400 241 ο
415 219 490 243 casta
514 212 598 250 Virgo
620 213 717 248 Mater,
732 213 790 243 Deo
810 215 973 244 charissim
988 221 1011 249 Α

175 263 236 291 sine
260 261 343 297 348
361 261 433 288 virili
457 261 554 296 copula
577 261 729 296 peperisti?
747 261 887 296 quomodo
909 269 972 289 eum

176 309 298 341 nutristi,
315 308 361 342 qui
378 312 522 336 creaturas
537 308 625 336 nutrit
653 308 817 336 universas?
835 308 974 342 quomodo

176 357 251 384 solus
266 355 327 390 ipse
341 355 427 388 novit,
443 355 490 390 qui
507 355 629 382 universi
643 359 684 382 est
698 354 858 387 Creator,et
871 354 954 382 Deus.

212 411 280 445 Quis
293 412 428 447 magualia
444 416 488 439 tua
504 419 636 440 enarrare
648 412 745 447 possit,
758 419 775 439 ο
789 411 872 447 Virgo
880 412 975 439 casta?

178 456 262 484 Deum
283 457 356 484 enim
382 457 409 484 in
427 464 511 484 carne
532 457 736 492 supernaturali
759 457 867 484 ratione
890 464 973 492 pepe-

176 503 253 534 risti;
278 503 324 537 qui
352 510 400 537 per
428 507 463 534 te,
479 510 496 530 ο
517 502 601 538 Virgo
627 502 794 537 castissima,
814 511 828 530 a
853 502 974 538 peccatis

176 548 308 575 mundum
325 548 440 575 retrahit
455 549 601 576 universis.

213 605 278 633 Post
301 611 409 640 partum
440 606 528 641 virgo,
554 611 640 639 casta,
668 605 857 642 permansisti,
885 605 972 634 Deum

177 651 249 678 enim
273 652 431 687 genuisti,o
446 653 588 684 inviolata,
612 652 658 688 qui
679 653 799 688 potentia
822 660 872 680 sua
893 653 974 680 inno-

182 699 256 726 vavit
270 703 382 726 naturas
399 708 405 726 :
420 707 503 734 quem
517 699 633 734 supplex
647 706 696 726 ora
712 706 762 734 pro
775 698 899 726 omnium
917 706 971 726 no-

178 749 266 772 strum
283 745 381 775 salute.

219 800 302 838 Virgo
317 802 504 834 immaculata,
523 801 578 830 Deo
593 802 770 836 charissima,
783 807 858 831 tuum
873 803 973 831 Filium

178 850 326 885 deprecare
342 848 462 880 assidue,
476 855 510 876 ne
530 856 574 876 me
595 849 623 876 in
638 849 682 876 die
698 848 795 884 jualicii
812 849 975 878 confusione

178 896 342 934 perfundat;
360 895 406 923 sed
420 903 483 923 cum
499 895 593 923 electis
607 894 704 922 ovibus
717 900 891 924 annnmeret.

215 951 237 980 0
257 952 337 987 Virgo
350 956 424 979 casla
439 958 501 986 quae
522 951 600 979 cmlis
621 951 702 978 latior
723 951 893 986 apparuisti,
907 959 977 980 con-

178 999 285 1027 tinuisti
310 998 492 1033 corporaliter
514 997 611 1028 Deum,
635 998 682 1032 qui
703 998 895 1025 circumscribi
921 1005 975 1026 non

178 1049 281 1081 potest;
301 1049 328 1071 et
342 1044 469 1071 eumdem
490 1043 621 1078 peperisti
638 1043 664 1071 in
683 1044 899 1079 redemptionem
914 1051 975 1072 om-

179 1091 255 1118 nium
269 1089 316 1126 qui
329 1094 355 1116 te
370 1088 530 1117 ﬁrmissima
547 1089 600 1117 lide
616 1089 785 1117 collaudant.

181 1169 225 1196 Ea:
242 1177 342 1197 canone
362 1169 390 1196 in
410 1168 480 1204 feria
500 1176 530 1202 it,
548 1174 605 1203 post
621 1168 789 1196 Dominicam
809 1177 825 1197 v
850 1169 974 1197 Paw/ue.

217 1248 374 1276 Luciferum
393 1247 548 1275 vehiculum
568 1247 636 1275 solis
649 1247 841 1276 intellectualis
852 1255 915 1276 vere
931 1247 974 1275 fa-

181 1301 224 1323 cta
238 1303 279 1326 es,
293 1302 310 1322 ο
325 1299 399 1323 casta
415 1299 443 1322 et
456 1294 650 1326 immaculata;
672 1302 721 1329 per
741 1294 826 1330 quod,
847 1295 975 1322 sedentes

182 1342 210 1369 in
224 1340 345 1368 tenebris
357 1341 449 1368 lumen
465 1340 589 1368 scientiae
610 1339 747 1373 viderunt,
766 1345 792 1369 te
812 1348 862 1376 pro
883 1341 975 1368 debito

182 1387 328 1423 gloriosam
345 1386 523 1422 appellantes.

213 1462 255 1489 Ex
270 1471 370 1490 canone
389 1462 416 1489 in
428 1462 498 1498 feria
515 1469 553 1495 IV,
566 1467 625 1497 post
639 1462 758 1489 eamdem
768 1461 945 1490 Dominicam.

218 1528 363 1557 Dominum
382 1528 504 1556 omnium
526 1528 667 1564 peperisti,
681 1535 698 1556 ο
714 1528 828 1556 Domina
846 1529 880 1556 ab
900 1529 974 1557 omni

180 1575 243 1603 labe
254 1575 384 1603 immunis
399 1575 467 1611 (76),
486 1575 531 1610 qui
547 1574 731 1602 voluntariam
746 1575 901 1610 passionem
923 1583 970 1603 su-
985 1578 1006 1607 c

181 1690 253 1718 inter
272 1688 366 1718 Mariae
383 1689 602 1725 conceptionem,
627 1693 656 1717 et
674 1687 721 1716 Dei
745 1687 946 1725 maternitatem
966 1697 974 1715 τ

182 1733 245 1752 nam
260 1725 311 1752 etsi
325 1723 646 1760 conceptio—quindecim
662 1731 795 1750 annorum
813 1723 902 1758 spatio
916 1731 975 1760 ma-

182 1760 338 1787 ternitatem
354 1758 532 1786 anteverterit
556 1760 582 1785 in
600 1758 646 1785 Dei
663 1764 764 1789 mente,
782 1763 808 1785 et
828 1759 974 1793 mysterio-

181 1803 242 1822 rum
255 1794 429 1829 praevisione,
441 1793 603 1829 maternilas
614 1793 803 1829 conceptionis
814 1798 857 1819 est
869 1800 972 1825 comes.

181 1837 233 1858 nec
255 1828 440 1862 computanda
461 1833 502 1856 est
524 1828 584 1855 sine
609 1828 784 1855 maternilate
804 1828 972 1862 conceptio:

181 1861 339 1898 concipitur
353 1863 426 1891 enim
448 1871 511 1890 mox
526 1863 573 1889 Dei
586 1861 673 1889 Mater
684 1863 767 1898 digne
781 1862 882 1889 futura.
898 1861 975 1890 Unde

181 1896 276 1927 divina
301 1899 463 1926 maternitas
489 1898 588 1926 futuris
611 1897 656 1924 Dei
683 1896 779 1924 Matris
800 1897 973 1931 conceptioni

182 1935 270 1967 adest,
287 1939 316 1961 ut
326 1934 484 1961 aliinitatetn
495 1941 558 1962 cum
573 1937 685 1968 peccato
697 1939 868 1968 praepropere
882 1937 975 1959 arceat

181 1975 209 1997 et
231 1974 348 1997 avertat.
370 1969 425 1996 Nec
451 1973 556 1996 tantum
581 1968 673 1996 divina
692 1968 853 1995 maternitas
879 1974 973 1994 comes

181 2006 269 2038 adest,
286 2004 334 2032 sed
349 2005 431 2031 etiam
448 2003 576 2031 Marianae
592 2003 780 2038 conceptiornis
798 2002 974 2038 adntinistt'a,

183 2036 290 2068 scilicet
315 2044 407 2066 tantus
423 2039 518 2073 gratiae
532 2043 560 2066 et
583 2036 771 2073 gloriae'nitor
802 2037 829 2064 in
852 2036 974 2072 Deipara:

182 2075 330 2109 purissima
344 2071 525 2109 conceptione
541 2071 683 2105 scintillat,
698 2078 728 2100 ut
739 2071 784 2099 Dei
801 2071 972 2109 mater-nitas,

181 2108 244 2144 quae
257 2115 299 2138 est
312 2111 436 2137 omnium
455 2109 547 2136 Mariae
565 2109 714 2144 gratiarum
726 2108 841 2144 matrix,
855 2115 911 2144 non
926 2108 975 2135 de-

182 2143 309 2180 dignetur
339 2144 453 2179 puritati
478 2143 666 2179 conceptionis
690 2143 764 2180 velut
795 2143 973 2180 ministrare:

183 2178 318 2214 siquidem
332 2178 472 2215 singulare
485 2183 511 2206 et
522 2179 663 2215 praelustre
675 2178 837 2215 gratiarum
850 2178 974 2205 omnium

183 2212 355 2250 privilegium
373 2212 595 2253 inconcepiione
608 2212 712 2253 Virgini
730 2218 893 2247 praemature
907 2220 975 2253 ροη-

182 2248 303 2282 eessum,
326 2258 358 2278 ex
382 2250 474 2277 divina
500 2248 675 2277 niaternilate
696 2252 812 2283 auguste
838 2248 972 2275 nascitur.

183 2283 279 2312 Gratia
292 2277 364 2319 etum
375 2290 441 2313 tunc
455 2290 582 2312 naturam
596 2277 766 2319 praepropere
777 2283 935 2314 antevertit.
947 2289 975 2310 ιιι
988 2277 1014 2307 D

183 2319 266 2354 digna
289 2318 350 2345 Filii
373 2320 422 2347 Dei
448 2319 534 2347 Mater
553 2318 755 2354 conciperetur.
774 2319 846 2354 Ergo
866 2319 972 2345 intlnita

182 2353 311 2390 dignitas,
323 2358 353 2390 et
364 2355 450 2388 gratia
464 2355 562 2382 divinae
576 2353 768 2390 Inaternitatis,
777 2353 971 2390 Vvelut_comes,

183 2388 388 2424 et'administra
409 2390 487 2416 adest
505 2390 689 2417 immaculata
709 2388 830 2424 Virginis
848 2388 971 2424 Deipara:

183 2423 365 2460 conceptioni.
378 2423 440 2452 llaec
451 2424 560 2452 Celada.

879 158 1062 190 MARIALE.

1753 160 1823 194 tm

1026 215 1122 251 scepit.
1134 219 1161 244 et
1169 215 1202 244 ad
1215 216 1324 245 Patrem
1336 224 1415 245 suum
1428 217 1564 251 ascendit,
1573 225 1654 254 quem
1664 223 1755 248 tamen
1767 229 1822 248 non

1025 261 1193 294 deseruerat,
1209 263 1334 298 quamvis
1348 271 1458 291 carnem
1474 263 1651 299 suscepisset.

1063 307 1161 335 Beatus
1180 307 1268 336 factus
1278 313 1320 336 est
1335 314 1430 337 venter
1441 314 1516 342 tuus,
1529 317 1546 336 ο
1563 311 1721 345 purissima.
1738 311 1819 347 digna

1025 361 1144 388 namque
1167 354 1242 382 fuisti
1257 356 1400 383 continere
1421 363 1485 382 cum
1504 355 1586 383 modo
1605 357 1754 390 ineffabili;
1773 358 1820 393 qui

1026 399 1177 426 inferorum
1201 399 1285 435 349
1314 405 1435 428 ventrem
1466 401 1629 430 mirabiliter
1660 406 1820 438 evacuavit;

1025 453 1106 480 quem
1121 453 1171 481 pro
1187 447 1275 474 salute
1289 453 1382 475 nostra
1400 448 1466 475 dum
1481 453 1507 475 te
1523 449 1680 482 laudamus,
1693 457 1788 478 exora.

1060 491 1196 525 Christus,
1209 492 1256 528 qui
1279 497 1313 526 te,
1330 501 1347 521 ο
1362 494 1406 521 Dei
1423 493 1557 527 Gcnitrix,
1570 494 1710 530 Virginem
1731 497 1821 524 incor-

1024 543 1133 572 ruptam
1145 542 1206 573 post
1217 543 1325 573 partum
1336 541 1518 573 conservavit,
1526 541 1688 568 ascenditad
1701 541 1820 575 Putrem,

1025 591 1106 619 quem
1133 592 1188 612 non
1205 585 1400 620 dereliquerat,
1410 585 1473 613 licet
1489 594 1601 614 carnem
1623 589 1821 623 assumpsisset

1024 636 1057 657 ex
1085 634 1111 657 te
1138 630 1278 664 praeditam
1294 631 1385 658 anima
1403 631 1590 664 intellectuati,
1608 637 1718 667 propter
1753 632 1823 660 inef-

1025 675 1136 704 fabilem
1153 677 1382 704 misericordiam.

1060 732 1229 766 Laudamus,
1248 740 1265 760 o
1284 737 1361 761 casta
1383 734 1484 769 puella,
1501 735 1708 770 conceptionem
1728 741 1820 770 lnam;

1024 779 1171 808 laudamus
1194 785 1303 815 partum
1326 781 1503 813 inellabilem,
1521 789 1570 817 per
1593 790 1674 817 quem
1692 773 1820 810 acerru-

1026 826 1128 861 ptione,
1140 831 1168 854 et
1181 827 1343 861 perditione,
1364 834 1398 855 ac
1416 828 1563 856 tenebroso
1583 828 1682 857 inferni
1708 837 1821 858 carcere

1026 873 1132 901 liberati
1146 881 1253 902 sumus.

1065 919 1087 946 0
1103 924 1214 954 stupore
1227 920 1305 954 plena
1317 920 1449 948 miracula
1460 922 1466 949 Ι
1484 922 1624 956 quomodo
1635 922 1720 951 Deum
1732 923 1823 951 conti-

1028 965 1122 997 nllisti,
1141 973 1157 993 o
1180 965 1235 993 Deo
1259 966 1434 1000 charissima,
1451 968 1498 1003 qui
1521 973 1564 996 est
1580 968 1820 1004 incomprehensi-

1026 1011 1160 1047 bilis?qui
1173 1020 1283 1040 carnem
1295 1020 1328 1040 ex
1343 1015 1568 1048 teemendicavit,
1578 1020 1604 1042 et
1619 1023 1682 1043 cum
1700 1016 1820 1051 plurima

1025 1058 1110 1093 gloria
1133 1059 1215 1086 hodie
1234 1059 1261 1086 in
1282 1059 1382 1087 ccelum
1409 1067 1570 1096 assumptus
1594 1061 1720 1090 homines
1740 1062 1821 1090 deiﬁ-

1025 1104 1116 1132 cavit?

1060 1149 1131 1178 Ecce
1144 1149 1229 1178 Filius
1238 1155 1313 1184 tuus,
1328 1159 1344 1179 ο
1359 1152 1485 1187 Deipara.
1499 1156 1586 1180 morte
1597 1161 1645 1187 per
1659 1160 1737 1181 suam
1754 1161 1818 1181 cru-

1025 1204 1083 1224 cem
1102 1197 1229 1232 spoliata,
1251 1198 1403 1225 resurrexit
1424 1199 1502 1226 tertia
1527 1199 1591 1232 die;
1609 1203 1636 1226 et
1653 1207 1715 1226 cum
1735 1207 1820 1235 appa-

1025 1243 1128 1271 ruisset
1139 1243 1282 1279 discipulis
1298 1243 1366 1276 suis,
1380 1244 1413 1271 ad
1435 1245 1557 1273 cmlestia
1577 1246 1739 1280 emigravit;
1755 1254 1817 1274 cum

1024 1296 1080 1324 quo
1100 1295 1126 1317 te
1140 1289 1287 1318 adorantes
1301 1290 1458 1324 laudamus,
1474 1295 1502 1318 et
1519 1291 1707 1326 glorificamus
1720 1293 1746 1320 in
1759 1301 1820 1320 om-

1024 1334 1070 1362 nia
1083 1335 1194 1364 secula.

1067 1394 1126 1422 Lux
1152 1395 1186 1422 de
1214 1395 1287 1423 luce'
1299 1403 1465 1428 coruscans,
1480 1403 1513 1424 ex
1529 1401 1564 1429 te,
1592 1404 1609 1424 ο
1624 1397 1817 1430 mundissima,

1026 1445 1121 1468 exorta
1136 1445 1193 1474 est;
1213 1446 1240 1469 et
1251 1442 1407 1469 universam
1427 1442 1597 1470 infidelitatis
1620 1443 1817 1471 obscuritatem

1026 1485 1186 1520 dissipavit;
1203 1490 1230 1513 et
1245 1486 1279 1513 iis
1294 1486 1339 1521 qui
1359 1486 1385 1512 in
1411 1491 1490 1514 nocte
1512 1486 1694 1517 dormiebant.
1710 1487 1817 1514 illuxit:

1026 1534 1169 1565 propterea
1184 1531 1305 1560 universi
1318 1537 1343 1560 te
1354 1539 1404 1567 pro
1417 1532 1515 1560 merito
1526 1532 1634 1560 beatam
1650 1533 1820 1568 appellamus

1026 1576 1053 1604 in
1072 1581 1202 1604 aeternum
1218 1577 1243 1605 ‘.

1064 1689 1120 1725 (76)
1139 1689 1208 1717 Cum
1227 1696 1288 1717 esse
1304 1689 1339 1716 ab
1355 1689 1430 1716 omni
1448 1688 1508 1717 labe
1525 1689 1686 1723 immunem,
1702 1689 1738 1717 sit
1757 1689 1819 1717 infl-

1028 1732 1103 1752 mum
1120 1725 1222 1752 Christi
1238 1725 1360 1751 omnium
1379 1725 1511 1759 supremi,
1526 1725 1652 1752 Christus
1667 1725 1740 1752 enim
1755 1732 1817 1752 cum

1028 1760 1177 1794 sitjustus.
1194 1760 1249 1786 duo
1271 1760 1353 1787 habet
1365 1767 1426 1794 qua:
1440 1759 1548 1794 justum
1564 1760 1703 1786 hominem
1715 1761 1819 1787 consli-

1027 1799 1119 1825 tuunt,
1133 1795 1238 1822 scilicet
1258 1795 1396 1822 declinare
1415 1803 1428 1821 a
1450 1795 1532 1826 malo,
1551 1799 1578 1822 et
1597 1795 1687 1822 facere
1703 1795 1818 1827 bonum,

1028 1831 1087 1856 sine
1103 1835 1215 1863 peccato
1230 1836 1303 1860 esso,
1317 1833 1342 1856 et
1357 1830 1504 1857 virtutibus
1517 1830 1657 1858 abundare
1674 1832 1820 1865 :quamvis

1028 1865 1101 1892 enim
1119 1864 1179 1891 sine
1202 1868 1314 1900 peccato
1337 1871 1398 1891 esse
1422 1865 1486 1899 quid
1515 1873 1643 1900 magnum
1668 1864 1713 1897 sit,
1729 1865 1820 1900 majus

1030 1903 1121 1926 tamen
1144 1903 1187 1925 est
1202 1899 1288 1933 gratia
1306 1903 1332 1925 ct
1361 1900 1509 1926 virtutibus
1529 1899 1681 1932 abundare,
1697 1905 1724 1926 et
1742 1899 1820 1928 omni

1028 1934 1197 1969 perfectione
1220 1941 1281 1969 esse
1304 1934 1459 1968 praeditum.
1478 1933 1556 1961 Unde
1576 1935 1664 1969 angeli
1687 1935 1750 1961 boni
1765 1943 1819 1962 non

1028 1968 1236 2004 distinguuntur
1249 1968 1320 2004 inter
1330 1976 1359 1995 se
1372 1976 1405 1995 ex
1423 1977 1456 1996 eo
1478 1970 1551 2002 quod
1564 1968 1623 1996 non
1633 1970 1821 1998 contraxerint

1028 2003 1146 2039 culpam,
1161 2011 1224 2030 nam
1237 2003 1328 2031 nullus
1344 2011 1438 2031 eorum
1455 2004 1580 2038 deliquit,
1601 2005 1647 2032 sed
1667 2004 1746 2038 juxta
1761 2013 1819 2031 ma-

1025 2039 1125 2075 jorem,
1141 2039 1182 2066 vel
1205 2039 1336 2075 minorem
1355 2047 1450 2066 eorum
1472 2039 1599 2074 gratiam,
1617 2039 1818 2072 sublimiorem,

1028 2074 1069 2102 vel
1088 2074 1244 2102 inferiorem
1257 2074 1345 2101 locum
1361 2074 1486 2101 obtinent
1503 2075 1529 2101 in
1547 2074 1591 2100 illa
1607 2079 1708 2101 aeterna
1731 2075 1818 2102 beati-

1029 2110 1134 2137 tudine.
1147 2110 1215 2136 Cum
1229 2109 1311 2136 etiam
1333 2108 1437 2137 Christi
1453 2108 1539 2137 Mater
1553 2109 1636 2145 Virgo
1659 2109 1818 2137 beatissima

1029 2146 1064 2173 sit
1085 2152 1244 2179 supremum
1278 2145 1412 2177 omnium,
1443 2145 1490 2179 qui
1520 2145 1572 2172 sub
1596 2145 1708 2172 Christo
1729 2145 1819 2179 capite

1028 2180 1158 2212 vivimus,
1186 2184 1216 2206 ut
1243 2187 1325 2206 nemo
1350 2179 1468 2213 negabit,
1497 2185 1525 2207 et
1550 2187 1709 2214 supremum
1733 2179 1818 2207 ίιιῐίειιί

1029 2216 1145 2250 attingat
1169 2215 1293 2242 intimum
1313 2215 1444 2250 supremi,
1467 2214 1642 2242 manifestum
1666 2219 1707 2242 est
1735 2223 1819 2250 quam

1029 2249 1128 2278 decens
1143 2250 1189 2282 sit,
1203 2250 1302 2285 utipsa
1318 2250 1349 2275 Β.
1366 2249 1448 2285 Virgo
1463 2250 1499 2277 sit
1510 2251 1584 2277 omni
1601 2250 1662 2277 labe
1675 2250 1818 2283 immunis,

1029 2291 1058 2312 ut
1071 2285 1208 2313 Christus.
1229 2284 1358 2312 Christus
1373 2286 1483 2320 quidem
1505 2293 1538 2312 ex
1556 2291 1666 2317 natura,
1681 2292 1713 2312 ex
1731 2285 1819 2320 privi-

1028 2321 1100 2356 legio
1116 2327 1206 2348 tamen
1221 2319 1281 2354 ejus
1298 2319 1394 2356 mater,
1413 2324 1443 2347 ut
1465 2321 1543 2356 locus
1559 2320 1671 2356 Christo
1686 2320 1713 2356 in
1727 2319 1758 2347 es
1778 2320 1820 2346 lo-

1025 2354 1115 2383 cando
1130 2360 1300 2391 etniveniret.
1314 2354 1383 2383 Vide
1399 2363 1449 2390 pro
1465 2355 1516 2382 hac
1530 2364 1562 2391 ire
1580 2355 1818 2391 Nierembergium

1025 2391 1054 2418 in
1067 2391 1191 2423 Theoria,
1205 2389 1220 2425 ᾗ
1237 2390 1282 2424 it),
1300 2398 1355 2418 non
1367 2389 1447 2426 longe
1460 2398 1477 2417 a
1495 2390 1640 2426 principio.

218 2508 312 2546 'Apug
333 2511 619 2546 Maraccium_deinceps
630 2513 750 2544 leguntur
771 2510 903 2537 Theotocia
925 2518 957 2546 ex
970 2511 1117 2546 aliocodiee
1136 2511 1300 2546 deprompta;
1315 2517 1371 2542 quia
1390 2511 1552 2546 cum__eadem
1572 2510 1623 2535 sint
1640 2511 1740 2546 omnino
1755 2515 1818 2546 cum

183 2541 320 2568 Tlteotbciis
334 2549 407 2574 supra
427 2549 473 2574 exi
484 2541 634 2568 Paraclelica
656 2541 798 2569 erecorum
821 2542 953 2574 expressis,
971 2544 1041 2567 nobis
1062 2541 1199 2567 omittenda
1219 2545 1300 2572 erant,
1317 2543 1428 2573 quamvis
1445 2543 1577 2567 Maraccius
1589 2548 1619 2566 ea
1634 2541 1666 2566 ob
1687 2543 1818 2567 varietatis

181 2573 297 2606 quasdam
307 2573 445 2599 admiserit.
455 2573 524 2599 Enlr.
