2075 3154
196 201 266 234 ΗΠ

243 256 312 292 ᾨᾶὴ
329 256 363 291 1’.
383 265 392 282 I
404 258 464 284 οὐκ
476 257 563 284 ἔστιν
582 256 665 291 ἅγιος
675 258 715 290 ὡς
727 258 781 289 σὺ,
796 258 893 292 Κύριε.
913 267 922 284 ι

229 314 262 339 Ἡ
279 315 314 348 γῆ
338 314 501 348 μαστίξεται
516 314 595 349 ἡμῶν
606 314 700 346 κακῶς
725 315 917 350 διακειμένων,
931 317 978 342 καὶ

191 361 236 390 ἀεὶ
250 361 301 395 τὴν
315 361 401 395 ὀργήν
415 368 462 386 σου
479 360 677 393 συγκινούντων
693 360 753 386 καθ’
768 362 859 396 ἡμῶν,
872 362 978 397 οἰκτίρ-

191 415 243 442 μον
260 405 444 441 παμϐασιλεῦ·
455 406 523 431 ἀλλὰ
536 407 639 440 φεῖσαι,
663 407 796 440 Δέσποτα,
811 408 865 435 τῶν
879 409 979 436 δούλων

193 460 240 478 σου
245 471 252 478 .

229 496 388 528 Συσσείσας,
414 495 512 531 Κύριε,
539 497 588 532 τὴν
614 499 677 532 γῆν,
702 497 872 533 ἐστερέωσας
897 499 979 527 πάλιν

192 543 325 569 νουθετῶν
337 541 511 577 ἐπιστρέφων
524 542 574 577 τὴν
589 542 733 569 ἀσθένειαν
749 544 839 578 ἡμῶν,
854 545 981 579 στηρίζε-

192 587 255 613 σοαι
270 587 299 612 ἐν
311 586 350 621 τῷ
363 586 402 622 σῷ
416 585 480 621 θείῳ
497 587 573 621 φόϐῳ
588 587 683 618 θέλων,
698 588 866 624 ὑπεράγαθε.

225 632 368 663 Γεννὼσας
379 632 496 659 θάνατον
514 633 624 668 πικρὸν,
641 634 690 660 καὶ
708 634 839 669 σεισμοὺς
860 634 978 670 βαρυτά-

189 683 265 708 τους,
291 677 338 703 καὶ
363 676 472 712 πληγὰς
496 677 664 712 ἀνηκέστους
684 679 833 713 ἁμαρτιας,
858 679 978 713 ἀδελφοὶ,

190 722 371 757 ἑκφύγωμεν,
397 723 445 748 καὶ
472 722 533 757 Θεῷ
562 724 707 758 μετανοίας
734 724 852 759 τρόπους
879 725 980 752 ἐπιδεί-

192 769 294 804 ευμεν.

502 817 667 844 Θεοτόκιον.

231 866 264 894 Ἦ
277 868 346 904 μόνη
370 868 438 896 οὖσα
455 870 545 904 ἀγαθὴ
561 870 608 897 τὸν
628 871 786 905 πανάγαθον
798 872 883 906 Λόγον
900 872 978 898 ἐκτε-

638 203 763 234 CANON
783 203 824 235 IN
843 204 983 234 TERRE
1003 202 1130 234 MOTUS
1149 199 1352 235 PERICULO.
1382 220 1387 221 ν

992 261 1014 288 Α
1028 258 1167 286 Comitum
1181 259 1297 286 tertium.
1313 269 1322 285 ι
1340 258 1400 287 Non
1415 264 1453 286 est
1468 264 1574 286 sanctus
1588 264 1616 287 ui
1626 264 1664 294 lu,
1680 260 1815 288 Domina:

1746 204 1814 236 Hi8

1065 313 1150 342 Nobis
1173 323 1256 350 prave
1274 315 1388 347 aﬁ'eclis.
1416 316 1588 351 furoremque
1620 322 1694 344 tuum
1718 318 1819 354 jngiler

1029 361 1232 389 concitantibus
1261 365 1334 389 terra
1369 361 1520 396 ﬂagellatur
1537 382 1544 394 ,
1577 363 1733 391 misericors
1756 364 1818 390 nni-

1029 407 1100 434 versi
1117 408 1287 440 moderator,
1318 415 1411 435 verum
1431 407 1540 435 tantulis
1570 409 1623 436 luis
1647 416 1739 444 parce,
1765 409 1819 436 Do-

1030 453 1114 480 mine.

1065 498 1179 525 Terram
1213 504 1378 526 commotam
1406 501 1502 527 iterum
1533 500 1667 532 ﬁrmasti,
1695 500 1818 531 Domine.

1029 550 1208 571 eommoncns
1220 550 1247 571 et
1259 550 1421 573 convertens
1437 546 1623 573 inﬁrmitatem
1642 551 1774 578 nostram,
1791 551 1821 573 ut

1030 586 1060 624 in,
1074 588 1166 615 divino
1180 593 1227 615 tuo
1243 589 1340 617 timore
1355 591 1578 624 corroborentur,
1594 591 1720 625 benigne.

1065 632 1178 660 Mortem
1204 641 1335 665 amaram.
1363 641 1532 663 lerraemotus
1561 637 1758 671 gravissimos,
1780 638 1821 664 in-

1030 679 1238 714 tolerandasque
1259 681 1352 715 plagas
1373 685 1485 716 peccata
1509 683 1666 715 generantia
1689 683 1817 714 vitemus,

1030 726 1140 755 fratres,
1155 727 1182 752 et
1200 726 1366 759 poenitentia}
1388 727 1497 754 modum
1526 733 1634 754 omnem
1665 727 1720 754 Deo
1740 728 1819 755 exhi-

1030 769 1151 797 beamus.

1323 816 1357 844 In
1368 817 1520 853 Deiparam.

1065 865 1312 899 Clementissimum
1331 870 1460 905 Verbum,
1475 881 1536 908 qua:
1558 874 1615 902 sola
1635 875 1752 909 benigna
1777 882 1817 904 es.

191 914 245 944 τῶς
261 913 425 948 ἐκδυσώπει,
440 915 490 949 τῆς
503 916 645 951 παρούσης
654 917 701 943 τοῦ
717 916 830 951 σεισμοῦ
845 916 975 952 ρυσθῆναι

194 962 211 968 μ
221 959 227 968 ι
318 959 325 968 .
366 960 380 966 -
425 961 444 968 η
497 960 503 968 ι
554 961 565 968 .
698 962 708 968 .
732 962 740 968 ,
780 962 791 968 ,.

1032 915 1137 944 inlense
1152 917 1307 952 deprecare,
1326 924 1355 946 ut
1384 919 1544 947 imminente
1572 926 1744 949 terraenmtus
1769 922 1813 948 ﬂa-

191 959 296 991 πάντας
314 959 410 995 ὀργῆς,
423 960 537 988 Θεοτόκε
551 961 679 995 ἄχραντε,
696 962 823 996 δεόμεθα.

312 1049 381 1083 me;
394 1049 431 1076 δ’.
451 1059 460 1075 ι
479 1050 610 1084 Χριστός
621 1059 681 1086 μου
697 1052 833 1088 δύναμις.
853 1067 863 1080 ι

225 1102 365 1135 Σαλεύεις,
385 1102 483 1139 Κύριε,
511 1105 561 1140 τὴν
584 1105 648 1140 γῆν,
669 1106 829 1143 βουλόμενος
851 1105 979 1144 ἐδρισμῷ

191 1147 321 1182 ἀληθείας
343 1149 447 1181 πάντας
464 1151 550 1185 ἡμᾶς,
577 1153 713 1186 Δέσποτα,
739 1153 914 1189 στηρίζεσθαι
931 1163 978 1182 σα-

190 1193 353 1228 λευομένους
371 1196 536 1230 προσϐολαῖς
558 1197 606 1224 τοῦ
621 1198 709 1225 δολίου
729 1199 927 1236 πολεμήτορος.

226 1240 265 1276 Τῇ
280 1241 341 1276 θείᾳ
356 1242 447 1269 νεύσει
464 1251 511 1269 σου
533 1243 638 1275 κλονεῖς
655 1244 689 1270 τὰ
708 1245 864 1280 σύμπαντα.
879 1247 925 1272 καὶ
937 1246 979 1273 δο-

191 1285 246 1315 vei;
267 1285 316 1315 τὰς
341 1286 455 1319 καρδίας
471 1288 524 1314 τῶν
546 1288 593 1315 ἐπὶ
620 1289 672 1323 γῆς
699 1289 910 1322 κατοικούντων,
931 1292 978 1318 Δέ-

190 1338 288 1357 σποτα.
304 1330 359 1366 Τῆς
376 1330 423 1359 οὖν
449 1332 557 1366 δικαίας
571 1335 722 1370 σουλόργῆς
738 1336 813 1368 ἄνες,
836 1336 931 1371 Κύριε,
945 1337 979 1363 τὰ

191 1376 313 1410 κύματα.

224 1423 286 1449 Οὐδ’
298 1423 367 1455 ὅλως
389 1424 497 1459 ἔχοντες
514 1427 554 1458 εἰς
572 1426 634 1453 νοῦν
649 1427 694 1453 τὸν
713 1427 796 1460 φόϐον
812 1436 870 1457 σου,
892 1427 978 1462 ἐκφο-

190 1466 247 1498 ϐετς
259 1470 290 1503 τῇ
307 1471 413 1504 νικήσει
433 1470 524 1497 πᾶσαν
541 1471 590 1506 τὴν
606 1472 668 1506 γῆν,
688 1472 752 1507 μόνε
770 1473 976 1508 εὐσυμπάθητε·

191 1513 258 1540 ἀλλὰ
272 1514 393 1550 συνήθως
407 1515 451 1551 ἐφ’
466 1517 539 1551 ἡμᾶς
562 1517 595 1543 τὰ
617 1517 680 1552 ἐλέη
699 1526 746 1543 σου
769 1518 976 1552 θαυμαστωσον.

500 1605 668 1632 Θεοτόκιον.

223 1647 296 1675 Ναόν
321 1657 362 1682 σε,
382 1649 530 1683 Δέσποινα,
546 1651 613 1678 Θεοῦ
637 1652 826 1685 γινώσκοντες,
852 1654 881 1680 ἐν
905 1653 976 1688 ἁγίῳ

188 1692 244 1726 ναῷ
256 1701 302 1719 σου
315 1696 409 1730 χεῖρας
425 1696 538 1731 οἰκτρὰς
554 1698 667 1732 αῐρομεν
687 1699 728 1729 εἰς
746 1698 850 1734 δέησιν,
871 1699 909 1725 (de
925 1699 975 1735 τὴν

187 1738 310 1764 κάκωσιν
324 1740 418 1773 ἡμῶν,
432 1743 479 1766 καὶ
493 1743 636 1775 παράσχου
652 1745 702 1777 τὴν
715 1744 855 1778 βοήθειαν.

331 1793 399 1829 ᾨὸὴ
416 1798 449 1821 ε’.
472 1805 482 1821 ε
502 1795 544 1828 Τῷ
560 1797 629 1830 θείῳ
645 1797 747 1832 φέγγει
763 1806 832 1825 σου.

220 1849 276 1876 Καὶ
295 1849 338 1882 σὺ,
349 1850 457 1885 καρδία,
476 1851 597 1886 σείσθητι
620 1852 668 1878 νῦν
683 1852 819 1888 βλέπουσα
840 1854 909 1881 Θεοῦ
924 1854 973 1890 τὴν

184 1895 300 1930 ἀπειλὴν
325 1897 514 1932 ἐπικειμένην,
536 1898 583 1925 καὶ
604 1898 712 1934 βόησον’
732 1900 826 1927 Φείσαι
843 1900 891 1927 τοῦ
907 1900 972 1928 λαοῦ

186 1948 245 1972 σου,
258 1940 382 1967 Δέσποτα
395 1942 492 1977 Κύριε,
512 1943 560 1970 καὶ
575 1944 679 1971 παῦσον
696 1945 745 1980 τὴν
762 1945 870 1973 δικαίαν
887 1947 973 1982 ὀργήν

185 1992 243 2018 σου,
260 1983 443 2023 εὖσπλαγχνε.

218 2031 291 2058 Δαὺν
308 2032 355 2058 καὶ
369 2033 448 2060 πόλιν
464 2033 550 2069 ἥνπερ
565 2034 603 2069 τῷ
614 2035 652 2069 σῷ
665 2036 760 2069 αἵματι
778 2037 896 2072 ἐκτήσω,
919 2039 971 2074 ’1η-

184 2074 243 2107 σοῦ,
260 2075 297 2110 μὴ
314 2075 442 2112 παραδῷς
457 2079 497 2109 εἰς
507 2078 656 2111 ἀπώλειαν,
673 2080 753 2115 ἐντῷ
773 2082 970 2116 συνταράσσειν

182 2119 233 2154 τὴν
246 2120 298 2156 γῆν
313 2122 418 2156 σεισμῷ
432 2121 549 2159 φοϐερῷ,
567 2124 645 2159 χορὸς
660 2124 714 2151 τῶν
732 2125 888 2153 ἀποστόλων
905 2127 969 2154 καθ-

184 2163 302 2191 ικετεύει
317 2174 358 2193 σε.

221 2210 313 2243 ὐδούς
330 2220 388 2244 σου,
409 2214 542 2246 Δέσποτα,
566 2216 615 2247 τὰς
634 2215 718 2251 ὁρθὰς
740 2217 836 2253 γνώμῃ
858 2219 969 2246 ἀποκλί-

181 2263 270 2288 νοντες
296 2259 424 2296 στρεϐλῇ,
446 2261 486 2292 εὶς
506 2262 692 2297 ἀγανάκτησιν
715 2263 853 2298 τρέπομέν
878 2273 908 2291 σε
923 2266 968 2293 τὸν
984 2268 1006 2298 1)

183 2302 315 2335 συμπαθῆ
326 2312 355 2329 τε
371 2306 418 2330 καὶ
429 2307 626 2341 ἀμνησὶκακον,
640 2308 697 2335 ἀλλ’
709 2309 798 2342 ἵλεως,
812 2311 966 2346 οἰκτίρμον,

181 2345 260 2378 γενοῦ
273 2349 328 2378 τοῖς
342 2347 445 2380 δούλοις
460 2360 519 2378 σου.

503 2398 667 2427 Θεοτόκιον.

212 2447 271 2474 Νῦν
284 2448 410 2484 βοηθείας
421 2451 487 2486 ηλθε
505 2455 612 2488 καιρὸς,
633 2457 682 2484 νῦν
698 2459 873 2495 καταλλαγῆς
887 2461 966 2497 χρεία
991 2480 996 2484 ο

177 2493 248 2530 ἁγνὴ
265 2495 334 2530 πρὸς
357 2496 402 2524 τὸν
419 2496 484 2524 Υίόν
504 2507 550 2525 σου
574 2501 620 2526 καὶ
640 2502 754 2537 Κύριον,
773 2493 966 2537 ὃπως-σίκτει-

179 2540 248 2575 ρήσῃ
266 2545 526 2578 προσκεκρουκότας
541 2546 625 2581 ἡμᾶς,
652 2549 700 2574 καὶ
720 2550 769 2584 τῆς
785 2550 965 2588 ἐπικειμένης

175 2585 260 2621 ὀργῆς
275 2587 462 2624 λυτρώσηται.

269 2643 337 2679 ᾩδὴ
349 2649 387 2676 ς’.
405 2655 415 2672 ‹
433 2648 488 2674 Τοῦ
506 2649 579 2680 ,βίου
592 2649 649 2683 τὴν
668 2652 837 2682 θάλασσαν-ε
862 2665 871 2682 ι

207 2701 265 2726 Οὐκ
287 2702 404 2737 ἔχοντες,
425 2705 559 2738 Δέσποτα,
583 2710 739 2745 παρρησίαν
765 2712 910 2747 δυσωπεῖν,
936 2716 962 2741 οί

173 2749 298 2774 ταπεινοὶ
312 2749 343 2775 τὸ
367 2749 434 2784 ὕψος
450 2760 508 2783 σου,
525 2754 589 2785 τοὺς
604 2755 752 2788 ἐκλεκτοὺς
767 2759 900 2792 ἀγγέλους
913 2769 960 2788 σου

172 2792 212 2824 είς
240 2793 344 2830 θερμὴν
373 2796 502 2832 κινοῦμεν
530 2800 713 2834 παράκλησιν
739 2803 879 2832 διἀὑτῶν
912 2807 961 2841 τῆς

171 2838 255 2876 ὀργῆς
271 2849 316 2867 σου
332 2842 424 2873 ἐξελοῦ
438 2844 522 2878 ἡμᾶς.

207 2885 264 2914 Νῦν
278 2886 411 2922 ἔγνωμεν,
433 2891 531 2925 Κύριε,
549 2893 586 2925 ὡς
603 2894 723 2929 ῆλέησας
740 2897 822 2933 ἡμᾶς,
847 2899 894 2925 καὶ
911 2899 957 2926 οὐ·

349 2934 485 2967 Ριτιιοι..
505 2939 564 2970 Gn.
585 2942 648 2973 CV.

1031 959 1100 992 gello
1126 961 1218 988 cuncti
1240 962 1401 996 liberemur,
1426 964 1531 992 illibata
1563 962 1689 1000 Deipara,
1719 972 1816 994 exora-

1030 1012 1103 1032 mus.

1100 1050 1239 1079 Canticum
1251 1057 1384 1088 quartum.
1402 1064 1411 1080 ι
1427 1055 1547 1083 Christus
1563 1058 1645 1085 virtus
1657 1067 1724 1086 mea.
1742 1069 1751 1085 ι

1066 1103 1189 1138 Terram,
1221 1108 1345 1142 Domine,
1372 1117 1544 1143 commoves.
1571 1113 1616 1140 ubi
1631 1111 1718 1140 dolosi
1736 1115 1819 1142 bella-

1031 1152 1097 1179 toris
1111 1150 1259 1182 insultibus
1275 1162 1324 1182 nos
1343 1163 1502 1188 concussos.
1520 1159 1605 1193 magis
1616 1167 1648 1186 ac
1668 1162 1757 1195 magis
1772 1170 1819 1189 ve-

1030 1197 1118 1225 ritatis
1132 1197 1308 1226 fundamento
1323 1200 1434 1228 solidari
1449 1208 1545 1230 omnes
1563 1198 1697 1239 praecipis.

1064 1240 1161 1270 Divino
1174 1248 1220 1271 tuo
1237 1249 1305 1272 nutu
1331 1251 1425 1273 cuncta
1437 1255 1602 1283 commoves,
1617 1255 1644 1278 et
1668 1251 1817 1280 incolarum

1030 1291 1110 1314 terra:
1123 1288 1204 1316 corda
1217 1290 1357 1324 concutis;
1372 1291 1439 1326 justi
1456 1300 1524 1327 ergo
1542 1293 1644 1323 furoris
1659 1297 1699 1324 tui
1717 1296 1818 1326 ﬂuctus

1029 1341 1173 1368 compone,
1196 1331 1318 1363 Domine.

1067 1423 1150 1452 Nobis
1172 1433 1308 1461 nusquam
1337 1429 1434 1457 timore
1464 1436 1511 1458 tuo
1541 1435 1687 1469 correptis,
1716 1439 1816 1463 terram

1030 1470 1184 1497 universam
1200 1476 1247 1499 tuo
1267 1479 1339 1500 motu
1363 1479 1450 1504 terres
1465 1485 1472 1503 :
1488 1486 1580 1506 verum
1594 1480 1707 1508 miriﬁca
1734 1482 1817 1510 mise-

1029 1517 1161 1546 ricordias
1187 1524 1247 1547 tuas
1273 1529 1355 1556 super
1382 1531 1441 1557 nos,
1465 1526 1511 1559 qui
1532 1527 1608 1554 solus
1628 1527 1708 1556 facile
1736 1537 1815 1557 come

1030 1562 1142 1596 pateris.

1323 1607 1357 1640 In
1370 1613 1522 1650 Deiparum.

1062 1654 1100 1682 Te
1117 1655 1162 1683 Dei
1181 1659 1320 1693 templum,
1332 1667 1348 1686 ο
1364 1660 1491 1696 Domina,
1514 1661 1646 1699 professi,
1666 1666 1692 1694 in
1714 1668 1814 1703 templo

1026 1706 1120 1728 saneto
1135 1706 1182 1730 tuo
1200 1705 1337 1740 supplices
1362 1713 1460 1735 manus
1487 1710 1624 1739 tendimus
1644 1720 1652 1739 :
1671 1714 1729 1741 ride
1745 1715 1814 1742 allii-

1026 1745 1143 1774 ctionem
1161 1752 1294 1784 nostram,
1310 1755 1336 1778 et
1354 1754 1486 1781 auxilium
1502 1755 1599 1790 praebe.

1078 1800 1218 1830 Canticum
1238 1806 1369 1839 quintum.
1385 1818 1394 1834 ε
1409 1808 1503 1837 ι)ῐυίηο
1527 1816 1572 1839 tuo
1585 1814 1733 1847 splendore.
1749 1826 1759 1842 ι

1059 1855 1211 1885 Concutere
1222 1860 1303 1887 etiam
1328 1867 1354 1889 lu
1370 1871 1417 1891 cor
1435 1873 1524 1893 mcum
1535 1887 1543 1899 ,
1558 1870 1669 1898 attentis
1682 1871 1814 1907 ingruen-

1024 1901 1096 1930 tibus
1109 1910 1124 1930 a
1135 1903 1189 1931 Deo
1204 1906 1342 1941 periculis,
1357 1914 1384 1936 et
1410 1912 1532 1939 exclama
1549 1921 1556 1939 :
1571 1914 1664 1948 Parce,
1689 1901 1813 1951 Domine,

1023 1950 1124 1984 populo
1145 1955 1192 1978 tuo
1204 1972 1210 1983 .
1229 1958 1256 1979 et
1271 1953 1375 1988 justum
1390 1955 1509 1985 furorem
1538 1965 1624 1993 tuum,
1639 1969 1656 1989 ο
1679 1964 1814 1999 clemens,

1023 1996 1141 2024 remitte.

1051 2041 1186 2076 Populum
1203 2045 1396 2080 civitatemque
1416 2050 1550 2083 sanguine
1562 2056 1609 2079 tuo
1635 2054 1809 2088 acquisita"),

1021 2093 1056 2114 ne
1071 2088 1137 2121 des,
1155 2097 1171 2115 0
1186 2090 1262 2122 Jcsu,
1273 2092 1299 2118 in
1327 2093 1474 2128 interitum,
1491 2097 1554 2124 dum
1577 2101 1717 2127 tremendo
1733 2107 1807 2128 motu

1021 2137 1120 2161 terram
1137 2138 1305 2170 cont-niis,te
1321 2142 1505 2174 apOstolorum
1518 2149 1604 2172 matus
1618 2151 1755 2180 precatur.

1049 2223 1070 2250 A
1088 2225 1138 2253 viis
1151 2226 1204 2253 tuis
1222 2228 1302 2255 rectis
1314 2230 1447 2257 sententia
1467 2231 1577 2268 obliqua
1587 2234 1762 2268 declinantes,
1776 2235 1810 2263 ad

1022 2268 1090 2295 iram
1105 2273 1132 2297 te
1147 2271 1319 2303 clementem.
1334 2279 1361 2301 et
1386 2275 1520 2304 malorum
1540 2277 1727 2306 immemorem
1749 2288 1811 2314 proe

1020 2321 1161 2347 vocamus,
1188 2316 1320 2351 Domine;
1353 2325 1381 2346 at
1406 2325 1433 2348 tu
1458 2323 1594 2358 propitius
1607 2329 1634 2352 et
1655 2326 1810 2354 misericors

1019 2364 1080 2387 esto
1101 2363 1187 2390 servis
1206 2365 1270 2391 tuis.

1313 2412 1346 2439 In
1363 2413 1513 2448 Deiparum.

1049 2464 1132 2492 Adest
1158 2473 1230 2494 nunc
1254 2471 1432 2498 succurrendi
1451 2476 1568 2507 tempus,
1591 2480 1663 2502 nunc
1686 2476 1810 2504 reconci-

1017 2508 1131 2537 liatione
1147 2518 1208 2538 cum
1237 2513 1306 2541 Filio
1321 2519 1367 2542 tuo
1383 2521 1409 2543 et
1424 2515 1541 2545 Domino
1554 2523 1596 2546 est
1611 2527 1697 2554 opus;
1718 2526 1746 2548 ut
1759 2522 1810 2548 dc-

1016 2555 1200 2591 linquenlium
1217 2560 1390 2593 misereatur,
1407 2567 1434 2589 et
1456 2564 1490 2590 ab
1505 2564 1664 2594 imminente
1688 2568 1807 2601 periculo

1015 2609 1066 2628 1105
1081 2610 1145 2629 erua
1151 2607 1169 2629 ι.

1166 2660 1306 2689 Canticum
1321 2669 1434 2692 sextum.
1456 2675 1464 2691 ι
1475 2665 1542 2694 Vim:
1552 2675 1634 2694 mare.
1652 2677 1661 2693 ν

1051 2715 1130 2744 Nulla
1155 2719 1326 2753 majestatcm
1351 2725 1424 2748 tuam
1446 2724 1575 2750 rxorandi
1602 2724 1701 2751 ﬁducia
1730 2724 1803 2760 freti,-

1013 2764 1116 2792 electos
1131 2769 1194 2792 tuos
1219 2767 1330 2801 angelos
1345 2768 1378 2795 ad
1394 2770 1529 2797 terrentes
1547 2778 1595 2805 pro
1617 2772 1695 2798 nobis
1711 2776 1805 2806 preces

1011 2809 1166 2838 offerendas
1180 2812 1332 2840 excitamus
1347 2823 1353 2840 :
1369 2820 1418 2848 per
1430 2814 1491 2842 illos
1513 2815 1604 2850 itaque
1617 2824 1632 2842 a
1645 2816 1737 2844 lurore
1757 2821 1804 2844 tuo

1011 2863 1060 2883 nos
1077 2857 1161 2891 eripe.

1041 2901 1101 2929 lam
1119 2907 1143 2931 te
1156 2905 1241 2932 nostri
1257 2905 1400 2934 misertum
1415 2909 1587 2943 agnovimus,
1604 2910 1650 2946 qui
1666 2912 1802 2947 nusquam

1543 2955 1581 2988 45
