2075 3154
251 186 348 243 .1519

850 211 880 242 S.
895 207 1050 241 JOSEPHI
1067 207 1346 239 HYMNOGRAPIII

1835 207 1902 239 1420

273 270 327 298 sub
350 272 427 296 terra
454 269 602 297 diro-casu
630 277 680 298 nos
712 270 738 298 in
759 270 852 298 amitis
873 271 1059 305 delinquentes

1116 268 1211 303 δαμῶς
1225 270 1381 305 συνέχωσας
1397 269 1449 296 ὑπὸ
1462 269 1511 305 τὴν
1523 270 1575 304 γῆν
1591 268 1775 304 συμπτώματι
1789 269 1902 304 χαλεπῷ

271 315 389 343 obruisti
405 324 412 342 :
427 321 569 351 propterea
586 320 622 349 te,
635 316 754 349 Christe,
769 317 925 345 adoramus.

305 405 491 432 Fundamenta
506 410 585 434 terrm
603 407 716 434 concuti
733 406 874 441 prmcipis,
901 411 931 433 ut
946 412 996 433 nos
1011 405 1063 432 mi-

272 451 324 476 seri
339 450 443 477 meliori
459 451 589 478 virtutum
603 455 675 478 statu
689 452 821 478 dimoveri
838 451 1019 478 absistamus:
1036 453 1063 477 et

272 495 379 522 tandem
395 496 493 523 timore
511 501 567 529 tuo,
580 504 596 524 ο
614 496 742 528 Verbum,
760 498 954 524 coulirmemur

557 586 591 613 In
611 587 764 621 θείμαν-οη».

311 632 412 659 Sancta
428 632 474 659 Dei
491 633 610 666 Sponsa,
625 633 699 660 anxii
714 640 787 659 nunc
805 632 896 666 populi
918 631 1059 661 miserere,

271 682 297 703 et
323 682 423 704 motam
467 678 612 704 adversum
637 685 686 704 nos
709 678 755 704 Dei
775 676 985 712 indignationem
1008 675 1061 702 tuis

272 723 404 749 maternis
429 722 557 757 precibus
581 723 785 757 quamprimum
809 722 924 749 immuta
938 740 945 753 ,
962 725 987 747 te
1004 727 1062 755 pro.

270 775 375 795 (23111111⁵-

329 814 469 843 Canticum
483 816 633 850 septimum.
651 825 661 842 ί
678 815 805 842 Roridam
819 815 964 850 fornacem.
979 823 989 839 ›

309 860 472 888 Benedictus
485 869 525 893 es.
545 861 709 896 longanimis
730 861 854 892 Domine,
869 860 916 894 qui
937 863 1012 886 motu
1033 858 1060 885 el

267 906 343 934 hiatu
381 912 459 934 terra!
483 914 534 935 nos
552 906 632 934 morti
659 907 772 934 minime
797 906 895 933 dedisti
915 915 921 932 :
938 904 1059 933 terruisti

268 957 370 979 tantum
386 961 433 981 eos
449 954 494 988 qui
511 961 525 980 a
541 953 622 981 malis
637 953 797 988 resipiscere
811 952 931 984 student,
947 956 976 978 ut
1000 951 1055 978 vita

266 999 359 1026 cuncti
379 998 517 1026 fruantur.
886 1027 888 1030 ,

313 1044 436 1080 Suspiria
455 1052 471 1072 e
495 1044 578 1071 corde
597 1044 780 1079 proferamus.
795 1047 822 1070 et
846 1043 981 1078 lacrymas
994 1050 1057 1078 pro-

266 1089 426 1121 fundamus,
441 1095 471 1117 ut
493 1090 632 1117 Christum
648 1089 790 1116 Dominum
812 1094 921 1123 propter
934 1093 1058 1123 peceato-

267 1144 328 1163 rum
348 1141 503 1163 nostrorum
521 1136 666 1163 colluviem
681 1141 794 1163 eunclos
817 1135 918 1162 misere
940 1139 1057 1162 alterere

267 1182 452 1215 minitantem,
469 1182 616 1217 propitium
633 1181 710 1208 nobis
727 1181 883 1208 reddamus.
930 1216 932 1218 η

306 1227 363 1254 lleu
378 1228 439 1254 me!
457 1227 616 1259 (inmanius,
642 1226 675 1254 ad
701 1226 786 1253 Deum
817 1225 981 1253 altissimum
1000 1229 1058 1252 ten-

266 1271 364 1299 damus
390 1279 500 1305 manus,
518 1277 544 1299 et
561 1272 594 1299 de
617 1271 722 1306 reliquo
738 1277 864 1305 perversa
877 1277 958 1305 agere
982 1269 1057 1296 desi-

266 1322 381 1345 stamns.
401 1317 526 1345 Salvator
541 1318 641 1345 etenim
663 1317 766 1344 ﬁrmius
783 1323 832 1344 nos
853 1316 976 1343 stabilire
990 1315 1058 1343 aﬂ'e-

267 1369 356 1395 clans,
389 1367 489 1389 terram
516 1357 623 1389 omnem
654 1361 876 1396 indignabundus
892 1365 1056 1388 commovet.

566 1408 599 1435 In
610 1407 761 1442 Dciparam.

299 1453 407 1484 Aunue,
435 1453 550 1483 illibata,
567 1457 597 1479 ut
614 1452 667 1478 tuis
692 1451 818 1484 precibus
840 1450 988 1482 salvemur,
1010 1451 1057 1484 quI

267 1499 499 1534 propternimiam
516 1499 680 1525 eﬂ'vusarum
699 1503 854 1525 nostrarum
872 1496 980 1530 copiam
994 1514 1002 1527 ,
1017 1495 1058 1522 ira

269 1547 328 1578 Dei,
351 1547 546 1582 iulenlatisquc
559 1550 586 1574 et
602 1545 744 1574 horrendis
766 1543 918 1581 grassantis
945 1542 1059 1579 periculi

266 1594 358 1626 minis,
372 1593 483 1629 jamjam
499 1601 593 1621 sumus
606 1591 797 1620 consumendi.

337 1648 480 1676 Canticum
500 1652 631 1675 octavum.
650 1657 659 1673 ι
679 1646 703 1674 Ε
717 1647 826 1681 ﬂamma
844 1645 955 1673 sanctis.
972 1653 981 1670 I

299 1693 441 1721 Justohoe
456 1698 502 1721 tuo
515 1694 621 1729 ﬂagello
643 1697 801 1728 grassante,
823 1695 934 1726 repente
954 1689 1056 1717 turbati

267 1747 374 1772 sumus,
382 1740 507 1774 benigne,
515 1743 595 1773 teque
604 1743 751 1773 conspecto
760 1737 904 1765 adversum
914 1743 964 1764 nos
974 1736 1056 1768 irato,

266 1785 422 1812 omnimoda
434 1784 625 1819 desperatione
639 1784 803 1812 delinemur.

300 1879 397 1907 Manus
411 1884 438 1907 et
447 1879 543 1907 oculos
555 1880 588 1906 ad
607 1879 694 1906 solum
713 1878 858 1906 Dominum
882 1877 988 1905 salvare
1004 1886 1054 1905 nos

267 1927 413 1959 valentem,
446 1925 612 1956 tendamus,
644 1925 746 1956 lideles,
774 1929 801 1951 et
832 1924 1016 1952 exclamemus
1046 1932 1053 1951 :

267 1973 366 2000 Arene
380 1972 436 2000 cito
450 1971 518 2000 iram
537 1976 610 2000 tuam
627 1979 642 1999 a
657 1970 879 2005 uobis,Christe,
894 1969 940 2005 qui
956 1969 1054 1997 huma-

268 2026 321 2046 IIUS
337 2025 378 2046 es.

300 2064 470 2099 .Angelorum
494 2063 590 2094 millia,
614 2068 762 2098 martyrum
779 2066 879 2094 cretus,
906 2061 1052 2096 proplieta~

258 2118 343 2142 ‘rum,
372 2109 557 2144 apostolorum
575 2129 582 2141 ,
614 2108 810 2136 monachorum
839 2112 867 2135 et
893 2107 1052 2142 pontiﬁcum

258 2151 382 2184 ‘sanctus
405 2156 506 2184 chorus
519 2159 545 2183 te
559 2155 730 2191 deprecatur,
751 2163 841 2190 parce,
861 2154 986 2186 Domine,
1002 2161 1053 2189 po-

268 2203 332 2238 pqu
344 2207 390 2229 tuo
410 2201 519 2229 alllicto.

307 2247 471 2281 Misericors,
492 2247 538 2283 qui
564 2247 748 2274 infirmitatem
761 2267 768 2279 ,
784 2252 943 2281 natumque
957 2250 1056 2274 nostrae
1075 2259 1097 2286 ι)

269 2293 416 2324 lubricum,
433 2299 459 2321 et
475 2293 655 2329 pervicaciam
682 2293 803 2320 novisti:
823 2293 890 2320 iram
910 2298 984 2319 tuam
1011 2300 1057 2319 rc-

272 2339 361 2371 milte,
378 2344 456 2366 terrae
471 2339 616 2366 tumultum
639 2339 715 2371 seda,
729 2343 755 2366 et
770 2343 815 2365 tua
830 2338 986 2370 clementia,
1005 2337 1058 2365 rui-

271 2391 364 2411 screre
381 2385 479 2418 nostri,
492 2384 619 2419 benigne.

564 2431 597 2458 In
615 2431 767 2465 Deiparam.

311 2478 358 2505 Pia
379 2478 511 2512 Deipara,
534 2477 641 2506 facilem
662 2478 695 2504 ad
717 2477 843 2511 pietatem
861 2483 922 2510 quae
941 2475 1059 2510 genuisti

273 2527 441 2555 Salvatorem
454 2524 529 2551 :t‘ide
541 2524 632 2559 populi
652 2524 689 2550 tui
705 2523 876 2550 aﬂlictionem
890 2527 917 2550 et
931 2522 1060 2556 suspiria,

274 2573 396 2601 accelera
415 2575 445 2598 ut
463 2578 512 2605 pro
528 2570 608 2597 nobis
628 2569 845 2596 misericordiam
860 2567 1024 2603 depreceris.
1055 2598 1058 2601 ι

273 2665 411 2694 Canticum
427 2673 535 2693 nonum.
551 2674 561 2691 ι
582 2664 665 2691 Deum
684 2664 832 2691 hominibus
853 2664 938 2691 videre
956 2663 1058 2698 nefas.»

309 2723 378 2752 Ecce
395 2722 559 2758 deliquimus
575 2729 681 2754 omnes,
702 2728 729 2749 et
743 2721 845 2749 nullius
861 2721 964 2756 peccati
981 2721 1062 2748 tellus

273 2770 356 2798 noxia
383 2769 519 2797 horrendo
536 2768 618 2796 modo
631 2768 796 2803 corripitur;
820 2768 972 2794 moniturus
989 2767 1061 2793 enim

273 2824 325 2844 nos
345 2816 464 2844 clemens
479 2815 610 2843 Dominus
628 2815 702 2841 illam
720 2819 803 2841 lotam
822 2813 926 2848 agitat:
943 2817 1060 2839 mentem

273 2869 340 2896 ergo
361 2869 552 2894 resumamus,
576 2865 602 2889 et
625 2860 721 2888 salutis
744 2863 845 2887 nostra:
863 2867 956 2886 curam
982 2865 1061 2893 gera-

276 2914 350 2933 ιιιιιε.

1116 314 1201 341 πολλὰ
1217 314 1480 350 πλημμελήσαντας.
1494 315 1670 350 Εὑχαρίστως
1680 314 1721 341 διό
1733 323 1762 340 σε
1778 322 1900 349 προσκυ-

1115 361 1225 395 νοῦμεν,
1243 361 1356 395 Χριστέ.

1151 407 1332 442 Προστάττεις
1362 407 1525 433 σαλεύεσθαι
1559 407 1593 433 τὰ
1621 406 1737 440 θεμέλια
1769 406 1819 440 τῆς
1847 406 1900 439 γῆς

1114 453 1186 483 ὅπως
1195 453 1276 487 ἡμεῖς
1289 451 1468 486 παυσώμεθα.
1477 452 1502 478 oi
1515 452 1648 483 ταπεινοὶ,
1664 450 1826 477 σαλεύεσθαι
1838 452 1900 484 ἁρε-

1113 498 1168 523 τῶν
1182 498 1232 532 τῆς
1243 498 1396 532 κρείττονος
1410 497 1540 530 στάσεως,
1550 497 1599 524 καὶ
1605 497 1643 532 τῷ
1656 497 1731 532 φόΰῳ
1746 505 1805 528 σου,
1819 496 1900 530 Λόγε,

1113 543 1315 578 Μριξώμεθα.

1421 589 1589 616 Θεοτόκιον.

1153 634 1232 668 ’Λγία
1253 635 1404 668 Θεόνυμφε,
1423 635 1611 670 ἀπορούμενον
1628 634 1686 661 νυνὶ
1701 634 1746 660 τὸν
1770 633 1814 659 σὺν
1831 632 1898 659 λαὸν

1110 678 1293 713 οἱκτείρησον,
1320 679 1368 705 καὶ
1398 679 1545 713 μητρυιαῖς
1569 678 1731 713 πρεσϐείαις
1760 676 1809 712 τὴν
1835 676 1898 703 καθ’

1111 725 1189 760 ήμῶν
1207 724 1275 751 Θεοῦ
1297 724 1483 759 ἀγανάκτησιν
1505 724 1689 759 μεταποίησον
1713 723 1808 758 τάχος,
1832 723 1897 748 δυσ-

1110 770 1238 805 ωποῦμέν
1256 778 1296 797 σε.

1171 816 1239 852 ᾮδὴ
1254 816 1284 847 ζ’.
1303 826 1313 842 ‹
1330 817 1519 851 Δροσοϐόλον
1530 816 1587 849 μὲν
1603 814 1661 848 τὴν
1677 807 1814 848 adp/ro}.
1831 823 1840 839 ι

1151 862 1357 898 ’Υπερύμνητος
1371 860 1405 894 εἴ,
1422 861 1508 897 Κύριε
1526 860 1698 896 μακρόθυμε,
1713 860 1754 886 ὃτι
1768 860 1818 886 οὒκ
1831 860 1896 885 ἐθα-

1112 910 1236 940 νάτωσας
1246 909 1310 940 τοὺς
1329 909 1437 939 οἰκέτας
1451 915 1498 933 σου
1515 905 1670 941 σπαραγμῷ
1687 905 1732 932 καὶ
1747 904 1834 939 κλόνῳ
1849 913 1897 936 φο-

1112 956 1184 992 ῦερῷ
1197 956 1247 991 τῆς
1263 955 1333 990 γῆς·
1357 954 1414 981 ἀλλ’
1429 953 1567 988 ἐφόϐησας
1588 951 1676 987 ζητῶν
1693 950 1740 977 τοῦ
1765 950 1893 985 ἐπιστρέ-

1108 1001 1157 1037 ψαι
1170 1001 1225 1028 τῶν
1242 1001 1346 1033 κακῶν,
1359 1000 1406 1027 καὶ
1421 1000 1503 1034 ζῆσαι
1523 999 1629 1029 πάντας
1645 997 1731 1032 ἡμᾶς.

1143 1047 1300 1082 Στεναγμδν
1311 1046 1365 1074 ἀπὸ
1375 1045 1489 1082 καρδίας
1501 1040 1720 1079 ἀναπέμψωμεν,
1729 1043 1775 1068 καὶ
1787 1042 1890 1075 δάκρυα

1108 1094 1278 1129 προχέωμεν,
1294 1093 1367 1124 ὅπως
1388 1092 1468 1118 ἵλεων
1481 1091 1528 1117 τὸν
1541 1091 1681 1124 Δέσποτην
1703 1088 1805 1123 ἔχωμεν
1822 1087 1891 1120 Χρι-

1109 1141 1182 1172 στδν,
1208 1139 1337 1175 ὲκτρίψαι
1366 1137 1472 1173 σεισμῷ
1489 1137 1593 1167 πάντας
1620 1135 1694 1170 ἡμᾶς
1722 1133 1767 1159 διὰ
1790 1131 1895 1167 πληῦὒν

1109 1185 1251 1222 ἁμαρτιῶν
1268 1184 1468 1212 ὲπαπειλοῦντα
1486 1182 1591 1214 δεινῶς.

1144 1231 1241 1266 ΟῐμοιῙ
1257 1230 1413 1266 κράζωμεν,
1430 1228 1478 1255 καὶ
1497 1228 1592 1263 χεῖρας
1614 1224 1809 1258 ἐκπετάσωμεν
1826 1222 1894 1256 πρὸς

1108 1277 1154 1303 τὸν
1171 1277 1239 1304 Θεὸν
1260 1277 1306 1302 τὸν
1323 1275 1446 1310 ὕψιστον,
1469 1274 1516 1300 καὶ
1539 1270 1709 1306 παυσώμεθα
1734 1269 1781 1295 τοῦ
1798 1267 1894 1294 λοιποῦ

1109 1323 1197 1350 ποιεῖν
1211 1323 1246 1349 τὰ
1259 1321 1377 1356 πονηρά.
1395 1321 1450 1347 Καὶ
1464 1320 1519 1354 γὰρ
1533 1319 1546 1345 ὁ
1561 1317 1656 1351 Σωτὴρ
1670 1314 1832 1349 ἀγανακτῶν
1846 1322 1895 1339 aa-

1108 1371 1181 1398 λεύει
1196 1370 1305 1397 ἃπασαν
1321 1368 1370 1403 τὴν
1389 1367 1451 1401 γῆν,
1468 1365 1592 1400 στηρίξαι
1608 1363 1691 1390 θέλων
1705 1362 1788 1397 ἡμᾶς.

1422 1412 1589 1439 Θεοτόκιον.

1145 1461 1261 1493 Νεῦσον,
1289 1460 1418 1496 ἄχριντε,
1439 1457 1557 1491 σωθῆναι
1576 1456 1636 1486 ταῖς
1659 1453 1818 1490 πρεσϐείαις
1833 1460 1893 1484 σου,

1109 1506 1291 1542 ἀφανισθῆναι
1308 1502 1453 1539 μέλλοντας
1472 1502 1501 1528 ὲν
1514 1501 1582 1536 ὀργῇ
1597 1498 1676 1531 Θεοῦ,
1693 1498 1740 1525 καὶ
1752 1496 1831 1532 Θυμῷ
1844 1504 1894 1531 με·

1111 1554 1187 1589 γάλῳ
1203 1553 1251 1580 καὶ⁸
1274 1549 1381 1586 φρικτῷ
1396 1549 1444 1584 τῆς
1462 1547 1510 1574 νῦν
1526 1545 1695 1581 ἐπελθούσης
1709 1543 1834 1578 ἀπειλῆς,
1850 1542 1895 1568 διὰ

1070 1601 1092 1631 C
1108 1601 1138 1627 τὺ
1153 1599 1254 1634 πλῆθος
1270 1597 1326 1624 τῶν
1342 1594 1448 1622 πολλῶν
1465 1591 1673 1628 ἁμαρτημάτων
1686 1590 1777 1626 ἡμῶν.

1215 1655 1284 1690 ᾮδὴ
1299 1656 1337 1688 η’.
1357 1663 1366 1679 ι
1387 1653 1439 1679 Ἐκ
1453 1649 1565 1685 φλογὸς
1576 1648 1639 1681 τοῖς
1651 1647 1758 1679 ὁσίοις.
1778 1655 1788 1671 ι

1145 1702 1203 1737 Τῆς
1213 1701 1321 1732 δικαίας
1333 1708 1381 1726 σου
1394 1698 1497 1732 ταύτης
1507 1696 1600 1731 ὀργῆς,
1614 1693 1804 1728 φιλάνθρωπε,
1817 1690 1898 1737 km):-

1110 1735 1209 1783 οούσης
1223 1746 1342 1782 ἀθρόως,
1372 1741 1625 1776 συνεταράχθημεν,
1652 1738 1702 1764 καὶ
1729 1735 1895 1783 ἀπελπισμῷ

1110 1781 1239 1821 παντελεῖ
1252 1790 1465 1826 συνεσχέθημεν,
1477 1783 1754 1821 προσαγανακτοῦντα
1777 1781 1894 1818 ὁρῶντες

1110 1839 1171 1868 καθ’
1190 1837 1268 1874 ἡμῶν
1284 1845 1324 1863 σε.

1153 1872 1349 1917 Ἀνατείνωμεν
1366 1881 1471 1916 χεῖρας,
1502 1878 1604 1910 πιστοὶ,
1633 1876 1680 1903 καὶ
1694 1875 1805 1910 ὕμματα
1825 1872 1893 1908 πρὸς

1109 1931 1156 1958 τὸν
1176 1930 1256 1964 μόνον
1277 1927 1416 1960 Δεσπότην
1429 1925 1588 1959 δυνάμενον,
1604 1922 1765 1957 κράζοντες·
1780 1919 1892 1954 Χριστὲ,

1110 1978 1156 2004 τὸν
1169 1975 1254 2010 θυμόν
1267 1983 1313 2000 σου
1331 1971 1496 2006 ὲπίστρεψον
1509 1969 1555 2004 ἀφ’
1571 1969 1648 2004 ἡμῶν
1665 1967 1777 2003 ταχέως,
1799 1965 1896 2000 φιλάν-

1110 2023 1124 2050 θ
1129 2031 1219 2058 ρωπος
1234 2020 1376 2055 ὑπάρχων.

1147 2067 1274 2098 Χιλιάδες
1299 2064 1435 2099 ἀγγέλων,
1455 2062 1602 2098 μαρτύρων
1626 2060 1765 2094 σύλλογος,
1788 2065 1896 2094 προφη-

1111 2115 1175 2148 τῶν,
1191 2111 1359 2142 ἀποστόλων,
1375 2110 1457 2136 ὁσίων
1477 2107 1612 2144 ἱεραρχῶν
1628 2107 1705 2140 ἆγιος
1724 2104 1816 2141 χορδς,
1837 2103 1894 2130 ἱκε-

1110 2161 1183 2189 τεύει
1201 2168 1242 2192 σε,
1257 2158 1391 2189 Δέσποτα,
1410 2156 1502 2190 φεῖσαι
1517 2154 1564 2181 τοῦ
1584 2153 1650 2181 λαοῦ
1671 2160 1729 2185 σου,
1745 2151 1793 2185 τοῦ
1811 2157 1892 2177 τετα-

1111 2205 1292 2242 πεινωμένου.

1152 2253 1181 2280 '0
1201 2240 1359 2286 γινώσκων,
1386 2248 1536 2282 οἰκτίρμον,
1555 2244 1585 2271 τὸ
1608 2243 1721 2274 ἀσθενὲς
1747 2241 1833 2277 ἡμῶν,
1847 2240 1893 2266 καὶ

1111 2297 1248 2325 εὐόλισθον
1270 2296 1360 2330 πάντη
1383 2293 1431 2320 καὶ
1456 2291 1627 2328 ἀδιόρθωτον,
1645 2290 1709 2320 ἄνες
1733 2287 1782 2323 τὴν
1799 2286 1895 2322 ὀργὴν,

1110 2344 1158 2372 καὶ
1170 2343 1214 2370 τδν
1227 2342 1347 2377 τάραχον
1364 2340 1493 2371 κόπασον,
1510 2337 1557 2364 καὶ
1571 2335 1609 2370 τῷ
1623 2334 1661 2370 σῷ
1677 2334 1747 2360 ὲλέει
1761 2332 1897 2367 οἰκτείρη-

1112 2399 1168 2423 σον,
1187 2388 1341 2424 οίκτιρμον.

1421 2429 1588 2458 Θεοτόκιον.

1147 2480 1297 2516 Συμπαθὴς
1311 2478 1439 2508 Θεοτόκε,
1455 2475 1501 2502 τὸν
1520 2473 1731 2509 εὐσυμπάθητον
1745 2472 1762 2506 ἡ
1779 2476 1898 2496 τεκουσα

1112 2515 1238 2562 Σωτῆρα,
1268 2527 1306 2553 ῐδε
1321 2527 1368 2560 τὴν
1392 2524 1526 2554 κάκωσιν,
1542 2520 1591 2547 καὶ
1616 2520 1662 2546 τὸν
1685 2515 1836 2551 στεναγμὸν
1851 2515 1899 2541 τοῦ

1111 2574 1177 2601 λαοῦ
1194 2582 1253 2605 σου,
1267 2572 1314 2599 καὶ
1327 2571 1442 2605 τάχυνον
1454 2568 1499 2594 τοῦ
1514 2565 1701 2602 παρακαλέσαι
1713 2564 1786 2598 ἡμᾶς
1801 2563 1901 2588 οἰκει-

1114 2620 1240 2658 ρηοῆναι.

1154 2665 1224 2701 ’ῼδὴ
1240 2664 1274 2693 0'.
1297 2673 1306 2689 ι
1327 2664 1401 2690 Θεὺν
1415 2661 1582 2695 ἀνθρώποις
1595 2658 1668 2686 we??-
1679 2658 1839 2689 ἀδύνατον.
1854 2665 1862 2680 ι

1155 2722 1220 2749 Ἰδοὺ
1239 2721 1265 2747 οι
1286 2720 1386 2750 πάντες
1408 2719 1488 2754 ἡμεῖς
1503 2716 1682 2750 ἐπταίσαμεν,
1705 2713 1753 2740 καὶ
1776 2711 1901 2746 φοὸερίῖις

1113 2770 1129 2804 ἡ
1155 2768 1192 2802 γῆ
1218 2766 1301 2802 μηδὲν
1330 2765 1464 2800 σφαλεϊσα
1491 2760 1652 2793 κολάζεται·
1682 2757 1821 2804 νουθετῶν
1844 2756 1899 2790 γὰρ

1114 2803 1188 2850 ημᾶς
1201 2814 1214 2839 ὁ
1228 2811 1430 2848 φιλάνθρωπος,
1446 2809 1509 2844 ὃλην
1527 2807 1611 2842 αὐτὴν
1625 2805 1744 2833 σαλεύει.
1763 2803 1898 2850 Λαὸωμεν

1115 2848 1253 2895 αἴσθησιν,
1270 2857 1317 2884 καὶ
1339 2856 1389 2892 τῆς
1405 2853 1543 2890 σωτηρίας
1567 2851 1671 2881 ἑαυτῶν
1691 2848 1896 2886 ἐπιμελώμεθα.

1312 2925 1333 2932 ρ.
