  <div class='ocr_page' id='page_1' title='image "/cluster/home/n/w/nwhite01/storage/ocr_20150623/105/njp.32101077772893/782.png"; bbox 0 0 2075 3154; ppageno 0'>
   <div class='ocr_carea' id='block_1_1' title="bbox 202 181 268 214">
    <p class='ocr_par' dir='ltr' id='par_1_1' title="bbox 202 181 268 214">
     <span class='ocr_line' id='line_1_1' title="bbox 202 181 268 214; baseline 0 -1"><span class='ocrx_word' id='word_1_1' title='bbox 202 181 268 214; x_wconf 62' lang='grc' dir='ltr'><strong>μοι</strong></span> 
     </span>
    </p>
   </div>
   <div class='ocr_carea' id='block_1_2' title="bbox 633 184 1384 216">
    <p class='ocr_par' dir='ltr' id='par_1_2' title="bbox 633 184 1384 216">
     <span class='ocr_line' id='line_1_2' title="bbox 633 184 1384 216; baseline 0.004 -3"><span class='ocrx_word' id='word_1_2' title='bbox 633 184 823 214; x_wconf 70' lang='grc' dir='ltr'><strong>ΙιΛΠΒᾹΤΙΟ</strong></span> <span class='ocrx_word' id='word_1_3' title='bbox 840 185 871 214; x_wconf 81' lang='lat' dir='ltr'><strong>S.</strong></span> <span class='ocrx_word' id='word_1_4' title='bbox 890 185 1170 215; x_wconf 64' lang='grc' dir='ltr'><strong>ΒΛΒΤΠΟΙΑἿΜῈΙ</strong></span> <span class='ocrx_word' id='word_1_5' title='bbox 1191 185 1384 216; x_wconf 77' lang='lat' dir='ltr'><strong>APOSTOLI.</strong></span> 
     </span>
    </p>
   </div>
   <div class='ocr_carea' id='block_1_3' title="bbox 1750 185 1818 216">
    <p class='ocr_par' dir='ltr' id='par_1_3' title="bbox 1750 185 1818 216">
     <span class='ocr_line' id='line_1_3' title="bbox 1750 185 1818 216; baseline 0 0"><span class='ocrx_word' id='word_1_6' title='bbox 1750 185 1818 216; x_wconf 69' lang='lat' dir='ltr'><strong>M22</strong></span> 
     </span>
    </p>
   </div>
   <div class='ocr_carea' id='block_1_4' title="bbox 241 241 973 278">
    <p class='ocr_par' dir='ltr' id='par_1_4' title="bbox 241 241 973 278">
     <span class='ocr_line' id='line_1_4' title="bbox 241 241 973 278; baseline 0.001 -11"><span class='ocrx_word' id='word_1_7' title='bbox 241 241 327 275; x_wconf 73' lang='grc' dir='ltr'><strong>Ὡρῶν</strong></span> <span class='ocrx_word' id='word_1_8' title='bbox 351 241 398 268; x_wconf 76' lang='grc' dir='ltr'>καὶ</span> <span class='ocrx_word' id='word_1_9' title='bbox 423 241 527 276; x_wconf 78' lang='grc' dir='ltr'>χρόνων</span> <span class='ocrx_word' id='word_1_10' title='bbox 556 241 686 277; x_wconf 82' lang='grc' dir='ltr'><strong>ὑπάρχων</strong></span> <span class='ocrx_word' id='word_1_11' title='bbox 707 243 818 278; x_wconf 79' lang='grc' dir='ltr'>Κύριος,</span> <span class='ocrx_word' id='word_1_12' title='bbox 843 243 892 278; x_wconf 79' lang='grc' dir='ltr'><strong>μιᾷ</strong></span> <span class='ocrx_word' id='word_1_13' title='bbox 915 245 973 278; x_wconf 65' lang='lat' dir='ltr'><strong>prmi</strong></span> 
     </span>
    </p>
   </div>
   <div class='ocr_carea' id='block_1_5' title="bbox 1025 241 1817 278">
    <p class='ocr_par' dir='ltr' id='par_1_5' title="bbox 1069 242 1817 278">
     <span class='ocr_line' id='line_1_5' title="bbox 1069 242 1817 278; baseline 0.003 -9"><span class='ocrx_word' id='word_1_14' title='bbox 1069 242 1203 270; x_wconf 83' lang='lat' dir='ltr'><strong>Horarum</strong></span> <span class='ocrx_word' id='word_1_15' title='bbox 1228 248 1255 271; x_wconf 90' lang='lat' dir='ltr'><strong>et</strong></span> <span class='ocrx_word' id='word_1_16' title='bbox 1282 249 1434 278; x_wconf 83' lang='lat' dir='ltr'><strong>temporum</strong></span> <span class='ocrx_word' id='word_1_17' title='bbox 1452 251 1514 271; x_wconf 92' lang='lat' dir='ltr'><strong>cum</strong></span> <span class='ocrx_word' id='word_1_18' title='bbox 1530 244 1569 271; x_wconf 98' lang='lat' dir='ltr'><strong>sis</strong></span> <span class='ocrx_word' id='word_1_19' title='bbox 1592 242 1733 275; x_wconf 75' lang='lat' dir='ltr'><strong>Dominus,</strong></span> <span class='ocrx_word' id='word_1_20' title='bbox 1763 253 1817 271; x_wconf 91' lang='lat' dir='ltr'><strong>uno</strong></span> 
     </span>
    </p>
   </div>
   <div class='ocr_carea' id='block_1_6' title="bbox 199 287 981 322">
    <p class='ocr_par' dir='ltr' id='par_1_6' title="bbox 199 287 981 322">
     <span class='ocr_line' id='line_1_6' title="bbox 199 287 981 322; baseline 0.003 -9"><span class='ocrx_word' id='word_1_21' title='bbox 199 287 333 322; x_wconf 72' lang='grc' dir='ltr'><strong>ἠθέλησας</strong></span> <span class='ocrx_word' id='word_1_22' title='bbox 350 287 477 322; x_wconf 79' lang='grc' dir='ltr'>ὲκτρίψαι</span> <span class='ocrx_word' id='word_1_23' title='bbox 501 287 565 318; x_wconf 83' lang='grc' dir='ltr'>τοὺς</span> <span class='ocrx_word' id='word_1_24' title='bbox 591 287 700 319; x_wconf 85' lang='grc' dir='ltr'><strong>δούλους</strong></span> <span class='ocrx_word' id='word_1_25' title='bbox 725 296 790 314; x_wconf 86' lang='grc' dir='ltr'>σου·</span> <span class='ocrx_word' id='word_1_26' title='bbox 806 289 858 314; x_wconf 63' lang='grc' dir='ltr'><strong>ὑπὸ</strong></span> <span class='ocrx_word' id='word_1_27' title='bbox 882 288 910 315; x_wconf 83' lang='grc' dir='ltr'><strong>δὲ</strong></span> <span class='ocrx_word' id='word_1_28' title='bbox 931 289 981 321; x_wconf 81' lang='grc' dir='ltr'>τῆς</span> 
     </span>
    </p>
   </div>
   <div class='ocr_carea' id='block_1_7' title="bbox 201 332 980 369">
    <p class='ocr_par' dir='ltr' id='par_1_7' title="bbox 201 332 980 369">
     <span class='ocr_line' id='line_1_7' title="bbox 201 332 980 369; baseline 0.003 -11"><span class='ocrx_word' id='word_1_29' title='bbox 201 332 301 367; x_wconf 79' lang='grc' dir='ltr'>πολλῆς</span> <span class='ocrx_word' id='word_1_30' title='bbox 314 332 516 367; x_wconf 81' lang='grc' dir='ltr'><strong>εὐσπλαγχνίας</strong></span> <span class='ocrx_word' id='word_1_31' title='bbox 525 341 582 364; x_wconf 85' lang='grc' dir='ltr'>σου,</span> <span class='ocrx_word' id='word_1_32' title='bbox 595 333 727 365; x_wconf 84' lang='grc' dir='ltr'><strong>Δέσποτα,</strong></span> <span class='ocrx_word' id='word_1_33' title='bbox 738 333 887 368; x_wconf 75' lang='grc' dir='ltr'><strong>ὲκωλύθης·</strong></span> <span class='ocrx_word' id='word_1_34' title='bbox 899 335 980 369; x_wconf 84' lang='grc' dir='ltr'>εὐχα-</span> 
     </span>
    </p>
   </div>
   <div class='ocr_carea' id='block_1_8' title="bbox 204 377 981 414">
    <p class='ocr_par' dir='ltr' id='par_1_8' title="bbox 204 377 981 414">
     <span class='ocr_line' id='line_1_8' title="bbox 204 377 981 414; baseline 0.003 -11"><span class='ocrx_word' id='word_1_35' title='bbox 204 377 349 412; x_wconf 81' lang='grc' dir='ltr'>ριστοῦμέν</span> <span class='ocrx_word' id='word_1_36' title='bbox 369 386 420 409; x_wconf 80' lang='grc' dir='ltr'>σοι,</span> <span class='ocrx_word' id='word_1_37' title='bbox 444 378 468 404; x_wconf 73' lang='lat' dir='ltr'><strong>oi.</strong></span> <span class='ocrx_word' id='word_1_38' title='bbox 483 378 679 412; x_wconf 75' lang='grc' dir='ltr'>ἀναπολόγητοι</span> <span class='ocrx_word' id='word_1_39' title='bbox 695 379 787 414; x_wconf 70' lang='grc' dir='ltr'>ἡμεῖς,</span> <span class='ocrx_word' id='word_1_40' title='bbox 806 379 870 414; x_wconf 86' lang='grc' dir='ltr'>μόνε</span> <span class='ocrx_word' id='word_1_41' title='bbox 888 380 981 414; x_wconf 84' lang='grc' dir='ltr'>φιλάν-</span> 
     </span>
    </p>
   </div>
   <div class='ocr_carea' id='block_1_9' title="bbox 203 419 304 453">
    <p class='ocr_par' dir='ltr' id='par_1_9' title="bbox 203 419 304 453">
     <span class='ocr_line' id='line_1_9' title="bbox 203 419 304 453; baseline 0.03 -9"><span class='ocrx_word' id='word_1_42' title='bbox 203 419 304 453; x_wconf 70' lang='grc' dir='ltr'><strong>θρωπε.</strong></span> 
     </span>
    </p>
   </div>
   <div class='ocr_carea' id='block_1_10' title="bbox 236 465 980 502">
    <p class='ocr_par' dir='ltr' id='par_1_10' title="bbox 236 465 980 502">
     <span class='ocr_line' id='line_1_10' title="bbox 236 465 980 502; baseline 0.007 -11"><span class='ocrx_word' id='word_1_43' title='bbox 236 465 363 496; x_wconf 82' lang='grc' dir='ltr'>Σεισμοῦ,</span> <span class='ocrx_word' id='word_1_44' title='bbox 389 467 535 501; x_wconf 68' lang='grc' dir='ltr'>μαχαίρας,</span> <span class='ocrx_word' id='word_1_45' title='bbox 559 468 661 502; x_wconf 81' lang='grc' dir='ltr'>πικρᾶς</span> <span class='ocrx_word' id='word_1_46' title='bbox 680 468 818 501; x_wconf 82' lang='grc' dir='ltr'><strong>ἁλώσεως,</strong></span> <span class='ocrx_word' id='word_1_47' title='bbox 842 470 890 496; x_wconf 71' lang='grc' dir='ltr'><strong>καὶ</strong></span> <span class='ocrx_word' id='word_1_48' title='bbox 910 469 980 496; x_wconf 76' lang='grc' dir='ltr'>ἐθνι-</span> 
     </span>
    </p>
   </div>
   <div class='ocr_carea' id='block_1_11' title="bbox 201 511 979 551">
    <p class='ocr_par' dir='ltr' id='par_1_11' title="bbox 201 511 979 551">
     <span class='ocr_line' id='line_1_11' title="bbox 201 511 979 551; baseline 0.01 -16"><span class='ocrx_word' id='word_1_49' title='bbox 201 511 382 545; x_wconf 76' lang='grc' dir='ltr'><strong>κῆς,Χριστὲ,</strong></span> <span class='ocrx_word' id='word_1_50' title='bbox 393 511 553 546; x_wconf 77' lang='grc' dir='ltr'>ἐπιδρομῆς,</span> <span class='ocrx_word' id='word_1_51' title='bbox 564 513 610 539; x_wconf 80' lang='grc' dir='ltr'><strong>καὶ</strong></span> <span class='ocrx_word' id='word_1_52' title='bbox 623 514 819 548; x_wconf 84' lang='grc' dir='ltr'>συμπτώσεως,</span> <span class='ocrx_word' id='word_1_53' title='bbox 831 517 879 543; x_wconf 82' lang='grc' dir='ltr'><strong>καὶ</strong></span> <span class='ocrx_word' id='word_1_54' title='bbox 888 516 979 551; x_wconf 82' lang='grc' dir='ltr'>λιμοῦ,</span> 
     </span>
    </p>
   </div>
   <div class='ocr_carea' id='block_1_12' title="bbox 201 555 979 596">
    <p class='ocr_par' dir='ltr' id='par_1_12' title="bbox 201 555 979 596">
     <span class='ocr_line' id='line_1_12' title="bbox 201 555 979 596; baseline 0.01 -16"><span class='ocrx_word' id='word_1_55' title='bbox 201 556 248 581; x_wconf 75' lang='grc' dir='ltr'><strong>καὶ</strong></span> <span class='ocrx_word' id='word_1_56' title='bbox 263 555 421 588; x_wconf 80' lang='grc' dir='ltr'><strong>κακώσεως,</strong></span> <span class='ocrx_word' id='word_1_57' title='bbox 444 557 576 588; x_wconf 81' lang='grc' dir='ltr'><strong>Δέσποτα,</strong></span> <span class='ocrx_word' id='word_1_58' title='bbox 597 559 687 593; x_wconf 80' lang='grc' dir='ltr'><strong>πάσης</strong></span> <span class='ocrx_word' id='word_1_59' title='bbox 714 559 809 594; x_wconf 80' lang='grc' dir='ltr'><strong>ἄλλης,</strong></span> <span class='ocrx_word' id='word_1_60' title='bbox 826 561 979 596; x_wconf 85' lang='grc' dir='ltr'>οἱκτίρμον,</span> 
     </span>
    </p>
   </div>
   <div class='ocr_carea' id='block_1_13' title="bbox 201 599 981 642">
    <p class='ocr_par' dir='ltr' id='par_1_13' title="bbox 201 599 981 642">
     <span class='ocr_line' id='line_1_13' title="bbox 201 599 981 642; baseline 0.012 -17"><span class='ocrx_word' id='word_1_61' title='bbox 201 599 281 633; x_wconf 81' lang='grc' dir='ltr'>ῥῦσαι</span> <span class='ocrx_word' id='word_1_62' title='bbox 296 601 343 627; x_wconf 73' lang='grc' dir='ltr'><strong>καὶ.</strong></span> <span class='ocrx_word' id='word_1_63' title='bbox 359 601 437 628; x_wconf 84' lang='grc' dir='ltr'>πόλιν</span> <span class='ocrx_word' id='word_1_64' title='bbox 452 610 510 634; x_wconf 82' lang='grc' dir='ltr'>σου,</span> <span class='ocrx_word' id='word_1_65' title='bbox 531 603 639 630; x_wconf 79' lang='grc' dir='ltr'>ἅπασάν</span> <span class='ocrx_word' id='word_1_66' title='bbox 655 613 685 630; x_wconf 85' lang='grc' dir='ltr'><strong>τε</strong></span> <span class='ocrx_word' id='word_1_67' title='bbox 704 605 795 640; x_wconf 74' lang='grc' dir='ltr'>χώραν</span> <span class='ocrx_word' id='word_1_68' title='bbox 814 606 863 642; x_wconf 80' lang='grc' dir='ltr'>τὴν</span> <span class='ocrx_word' id='word_1_69' title='bbox 879 607 981 639; x_wconf 58' lang='grc' dir='ltr'>πιστῶς</span> 
     </span>
    </p>
   </div>
   <div class='ocr_carea' id='block_1_14' title="bbox 200 645 458 680">
    <p class='ocr_par' dir='ltr' id='par_1_14' title="bbox 200 645 458 680">
     <span class='ocr_line' id='line_1_14' title="bbox 200 645 458 680; baseline 0.012 -9"><span class='ocrx_word' id='word_1_70' title='bbox 200 645 402 680; x_wconf 70' lang='grc' dir='ltr'>ὑμνολογοῦσάν</span> <span class='ocrx_word' id='word_1_71' title='bbox 417 656 458 674; x_wconf 76' lang='grc' dir='ltr'>σε.</span> 
     </span>
    </p>
   </div>
   <div class='ocr_carea' id='block_1_15' title="bbox 241 691 981 732">
    <p class='ocr_par' dir='ltr' id='par_1_15' title="bbox 241 691 981 732">
     <span class='ocr_line' id='line_1_15' title="bbox 241 691 981 732; baseline 0.011 -15"><span class='ocrx_word' id='word_1_72' title='bbox 241 691 272 717; x_wconf 83' lang='lat' dir='ltr'><strong>&#39;H</strong></span> <span class='ocrx_word' id='word_1_73' title='bbox 287 691 323 726; x_wconf 81' lang='grc' dir='ltr'><strong>γῆ</strong></span> <span class='ocrx_word' id='word_1_74' title='bbox 350 693 498 726; x_wconf 80' lang='grc' dir='ltr'>ἀγλώσσως</span> <span class='ocrx_word' id='word_1_75' title='bbox 515 694 565 730; x_wconf 78' lang='grc' dir='ltr'>βοᾷ</span> <span class='ocrx_word' id='word_1_76' title='bbox 586 695 760 728; x_wconf 76' lang='grc' dir='ltr'>στενάζουσα·</span> <span class='ocrx_word' id='word_1_77' title='bbox 779 697 812 723; x_wconf 90' lang='grc' dir='ltr'>Τί</span> <span class='ocrx_word' id='word_1_78' title='bbox 838 706 871 732; x_wconf 82' lang='grc' dir='ltr'><strong>με</strong></span> <span class='ocrx_word' id='word_1_79' title='bbox 886 699 981 730; x_wconf 82' lang='grc' dir='ltr'><strong>κακοῖς</strong></span> 
     </span>
    </p>
   </div>
   <div class='ocr_carea' id='block_1_16' title="bbox 200 737 983 777">
    <p class='ocr_par' dir='ltr' id='par_1_16' title="bbox 200 737 983 777">
     <span class='ocr_line' id='line_1_16' title="bbox 200 737 983 777; baseline 0.011 -16"><span class='ocrx_word' id='word_1_80' title='bbox 200 737 323 769; x_wconf 80' lang='grc' dir='ltr'>μιαίνετε</span> <span class='ocrx_word' id='word_1_81' title='bbox 345 738 464 770; x_wconf 79' lang='grc' dir='ltr'><strong>πολλοῖς,</strong></span> <span class='ocrx_word' id='word_1_82' title='bbox 477 740 581 771; x_wconf 82' lang='grc' dir='ltr'>πάντες</span> <span class='ocrx_word' id='word_1_83' title='bbox 596 740 743 776; x_wconf 83' lang='grc' dir='ltr'>ἁνθρώποι,</span> <span class='ocrx_word' id='word_1_84' title='bbox 755 742 802 768; x_wconf 77' lang='grc' dir='ltr'><strong>καὶ</strong></span> <span class='ocrx_word' id='word_1_85' title='bbox 815 743 893 777; x_wconf 76' lang='grc' dir='ltr'>ἡμῶν</span> <span class='ocrx_word' id='word_1_86' title='bbox 908 744 921 769; x_wconf 83' lang='grc' dir='ltr'>ὁ</span> <span class='ocrx_word' id='word_1_87' title='bbox 932 744 983 770; x_wconf 81' lang='grc' dir='ltr'><strong>Δε-</strong></span> 
     </span>
    </p>
   </div>
   <div class='ocr_carea' id='block_1_17' title="bbox 200 781 980 822">
    <p class='ocr_par' dir='ltr' id='par_1_17' title="bbox 200 781 980 822">
     <span class='ocr_line' id='line_1_17' title="bbox 200 781 980 822; baseline 0.013 -16"><span class='ocrx_word' id='word_1_88' title='bbox 200 781 302 816; x_wconf 83' lang='grc' dir='ltr'>σπότης</span> <span class='ocrx_word' id='word_1_89' title='bbox 329 784 503 818; x_wconf 74' lang='grc' dir='ltr'><strong>φειδόμενος,</strong></span> <span class='ocrx_word' id='word_1_90' title='bbox 529 787 612 821; x_wconf 88' lang='grc' dir='ltr'>μόνην</span> <span class='ocrx_word' id='word_1_91' title='bbox 638 787 688 822; x_wconf 77' lang='grc' dir='ltr'><strong>ἐμὲ</strong></span> <span class='ocrx_word' id='word_1_92' title='bbox 713 787 856 822; x_wconf 82' lang='grc' dir='ltr'>μαστίζει;</span> <span class='ocrx_word' id='word_1_93' title='bbox 884 789 980 816; x_wconf 74' lang='grc' dir='ltr'>λάϐετε</span> 
     </span>
    </p>
   </div>
   <div class='ocr_carea' id='block_1_18' title="bbox 199 828 928 867">
    <p class='ocr_par' dir='ltr' id='par_1_18' title="bbox 199 828 928 867">
     <span class='ocr_line' id='line_1_18' title="bbox 199 828 928 867; baseline 0.012 -14"><span class='ocrx_word' id='word_1_94' title='bbox 199 828 334 863; x_wconf 77' lang='grc' dir='ltr'>αἴσθησιν,</span> <span class='ocrx_word' id='word_1_95' title='bbox 349 830 396 856; x_wconf 80' lang='grc' dir='ltr'><strong>καὶ</strong></span> <span class='ocrx_word' id='word_1_96' title='bbox 409 831 438 857; x_wconf 83' lang='grc' dir='ltr'>ὲν</span> <span class='ocrx_word' id='word_1_97' title='bbox 454 832 585 867; x_wconf 77' lang='grc' dir='ltr'><strong>μετανοίᾳ</strong></span> <span class='ocrx_word' id='word_1_98' title='bbox 599 833 645 859; x_wconf 83' lang='grc' dir='ltr'>τὸν</span> <span class='ocrx_word' id='word_1_99' title='bbox 659 833 726 860; x_wconf 76' lang='grc' dir='ltr'>Θεὸν</span> <span class='ocrx_word' id='word_1_100' title='bbox 738 834 928 866; x_wconf 78' lang='grc' dir='ltr'>ὲξιλεώσασθε.</span> 
     </span>
    </p>
   </div>
   <div class='ocr_carea' id='block_1_19' title="bbox 510 898 675 925">
    <p class='ocr_par' dir='ltr' id='par_1_19' title="bbox 510 898 675 925">
     <span class='ocr_line' id='line_1_19' title="bbox 510 898 675 925; baseline 0 -1"><span class='ocrx_word' id='word_1_101' title='bbox 510 898 675 925; x_wconf 81' lang='grc' dir='ltr'>Θεοτόκιον.</span> 
     </span>
    </p>
   </div>
   <div class='ocr_carea' id='block_1_20' title="bbox 232 951 978 990">
    <p class='ocr_par' dir='ltr' id='par_1_20' title="bbox 232 951 978 990">
     <span class='ocr_line' id='line_1_20' title="bbox 232 951 978 990; baseline 0.008 -13"><span class='ocrx_word' id='word_1_102' title='bbox 232 951 336 986; x_wconf 75' lang='grc' dir='ltr'>Φθορὰν</span> <span class='ocrx_word' id='word_1_103' title='bbox 348 952 387 988; x_wconf 88' lang='grc' dir='ltr'>τῷ</span> <span class='ocrx_word' id='word_1_104' title='bbox 409 953 512 980; x_wconf 82' lang='grc' dir='ltr'><strong>τίκτειν</strong></span> <span class='ocrx_word' id='word_1_105' title='bbox 534 954 572 988; x_wconf 83' lang='grc' dir='ltr'>μὴ</span> <span class='ocrx_word' id='word_1_106' title='bbox 599 954 770 989; x_wconf 75' lang='grc' dir='ltr'>ὑπομείνασα</span> <span class='ocrx_word' id='word_1_107' title='bbox 792 956 978 990; x_wconf 70' lang='grc' dir='ltr'>καταφθορᾶξ,</span> 
     </span>
    </p>
   </div>
   <div class='ocr_carea' id='block_1_21' title="bbox 199 997 978 1037">
    <p class='ocr_par' dir='ltr' id='par_1_21' title="bbox 199 997 978 1037">
     <span class='ocr_line' id='line_1_21' title="bbox 199 997 978 1037; baseline 0.008 -15"><span class='ocrx_word' id='word_1_108' title='bbox 199 997 331 1031; x_wconf 73' lang='grc' dir='ltr'>Παρθένε,</span> <span class='ocrx_word' id='word_1_109' title='bbox 350 999 441 1031; x_wconf 74' lang='grc' dir='ltr'>ἐξελοῦ</span> <span class='ocrx_word' id='word_1_110' title='bbox 455 1000 530 1034; x_wconf 79' lang='grc' dir='ltr'>ἡμᾶς</span> <span class='ocrx_word' id='word_1_111' title='bbox 546 999 678 1032; x_wconf 79' lang='grc' dir='ltr'>ἃπαντας,</span> <span class='ocrx_word' id='word_1_112' title='bbox 696 1002 742 1026; x_wconf 70' lang='grc' dir='ltr'><strong>καὶ</strong></span> <span class='ocrx_word' id='word_1_113' title='bbox 763 1001 876 1035; x_wconf 83' lang='grc' dir='ltr'>σεισμοῦ</span> <span class='ocrx_word' id='word_1_114' title='bbox 893 1001 978 1037; x_wconf 74' lang='grc' dir='ltr'><strong>βαρυ-</strong></span> 
     </span>
    </p>
   </div>
   <div class='ocr_carea' id='block_1_22' title="bbox 198 1042 979 1081">
    <p class='ocr_par' dir='ltr' id='par_1_22' title="bbox 198 1042 979 1081">
     <span class='ocr_line' id='line_1_22' title="bbox 198 1042 979 1081; baseline 0.009 -14"><span class='ocrx_word' id='word_1_115' title='bbox 198 1042 279 1068; x_wconf 81' lang='grc' dir='ltr'>τὰτου</span> <span class='ocrx_word' id='word_1_116' title='bbox 293 1044 339 1069; x_wconf 83' lang='grc' dir='ltr'><strong>καὶ</strong></span> <span class='ocrx_word' id='word_1_117' title='bbox 347 1043 472 1077; x_wconf 56' lang='lat' dir='ltr'><strong>omam,</strong></span> <span class='ocrx_word' id='word_1_118' title='bbox 487 1043 610 1069; x_wconf 81' lang='grc' dir='ltr'>παύουσα</span> <span class='ocrx_word' id='word_1_119' title='bbox 621 1043 668 1070; x_wconf 86' lang='grc' dir='ltr'>τοῦ</span> <span class='ocrx_word' id='word_1_120' title='bbox 678 1044 815 1072; x_wconf 64' lang='lat' dir='ltr'><strong>Aemo-reo</strong></span> <span class='ocrx_word' id='word_1_121' title='bbox 827 1045 878 1081; x_wconf 82' lang='grc' dir='ltr'>τὴν</span> <span class='ocrx_word' id='word_1_122' title='bbox 892 1047 979 1081; x_wconf 81' lang='grc' dir='ltr'>ἀγαν-</span> 
     </span>
    </p>
   </div>
   <div class='ocr_carea' id='block_1_23' title="bbox 195 1087 981 1128">
    <p class='ocr_par' dir='ltr' id='par_1_23' title="bbox 195 1087 981 1128">
     <span class='ocr_line' id='line_1_23' title="bbox 195 1087 981 1128; baseline 0.009 -15"><span class='ocrx_word' id='word_1_123' title='bbox 195 1087 322 1120; x_wconf 82' lang='grc' dir='ltr'>άκτησιν,</span> <span class='ocrx_word' id='word_1_124' title='bbox 339 1087 387 1113; x_wconf 88' lang='grc' dir='ltr'>σοῦ</span> <span class='ocrx_word' id='word_1_125' title='bbox 415 1089 475 1119; x_wconf 79' lang='grc' dir='ltr'>ταῖς</span> <span class='ocrx_word' id='word_1_126' title='bbox 493 1090 640 1124; x_wconf 75' lang='grc' dir='ltr'>μητρυιαῖς</span> <span class='ocrx_word' id='word_1_127' title='bbox 662 1091 856 1126; x_wconf 78' lang='grc' dir='ltr'>καταλλαγαϊς,</span> <span class='ocrx_word' id='word_1_128' title='bbox 878 1092 981 1128; x_wconf 82' lang='grc' dir='ltr'>Θεοχα-</span> 
     </span>
    </p>
   </div>
   <div class='ocr_carea' id='block_1_24' title="bbox 198 1131 304 1164">
    <p class='ocr_par' dir='ltr' id='par_1_24' title="bbox 198 1131 304 1164">
     <span class='ocr_line' id='line_1_24' title="bbox 198 1131 304 1164; baseline 0.019 -8"><span class='ocrx_word' id='word_1_129' title='bbox 198 1131 304 1164; x_wconf 78' lang='grc' dir='ltr'>ρίτωτε.</span> 
     </span>
    </p>
   </div>
   <div class='ocr_carea' id='block_1_25' title="bbox 205 1211 326 1219">
    <p class='ocr_par' dir='ltr' id='par_1_25' title="bbox 205 1211 326 1219">
     <span class='ocr_line' id='line_1_25' title="bbox 205 1211 326 1219; baseline 0.008 -1"><span class='ocrx_word' id='word_1_130' title='bbox 205 1211 326 1219; x_wconf 62' lang='grc' dir='ltr'><strong>σι.-</strong></span> 
     </span>
    </p>
   </div>
   <div class='ocr_carea' id='block_1_26' title="bbox 1033 289 1816 324">
    <p class='ocr_par' dir='ltr' id='par_1_26' title="bbox 1033 289 1816 324">
     <span class='ocr_line' id='line_1_26' title="bbox 1033 289 1816 324; baseline 0.001 -9"><span class='ocrx_word' id='word_1_131' title='bbox 1033 291 1162 324; x_wconf 84' lang='lat' dir='ltr'><strong>temporis</strong></span> <span class='ocrx_word' id='word_1_132' title='bbox 1176 294 1313 317; x_wconf 90' lang='lat' dir='ltr'><strong>momento</strong></span> <span class='ocrx_word' id='word_1_133' title='bbox 1323 297 1416 317; x_wconf 88' lang='lat' dir='ltr'><strong>servos</strong></span> <span class='ocrx_word' id='word_1_134' title='bbox 1428 295 1489 317; x_wconf 76' lang='lat' dir='ltr'><strong>tuos</strong></span> <span class='ocrx_word' id='word_1_135' title='bbox 1503 290 1615 324; x_wconf 82' lang='lat' dir='ltr'><strong>perdere</strong></span> <span class='ocrx_word' id='word_1_136' title='bbox 1624 289 1816 320; x_wconf 88' lang='lat' dir='ltr'><strong>constitueras.</strong></span> 
     </span>
    </p>
   </div>
   <div class='ocr_carea' id='block_1_27' title="bbox 1033 335 1818 371">
    <p class='ocr_par' dir='ltr' id='par_1_27' title="bbox 1033 335 1818 371">
     <span class='ocr_line' id='line_1_27' title="bbox 1033 335 1818 371; baseline 0.001 -10"><span class='ocrx_word' id='word_1_137' title='bbox 1033 335 1085 362; x_wconf 87' lang='lat' dir='ltr'><strong>nisi</strong></span> <span class='ocrx_word' id='word_1_138' title='bbox 1108 343 1122 362; x_wconf 86' lang='lat' dir='ltr'><strong>a</strong></span> <span class='ocrx_word' id='word_1_139' title='bbox 1138 336 1222 362; x_wconf 88' lang='lat' dir='ltr'><strong>multa</strong></span> <span class='ocrx_word' id='word_1_140' title='bbox 1238 340 1284 363; x_wconf 91' lang='lat' dir='ltr'><strong>tua</strong></span> <span class='ocrx_word' id='word_1_141' title='bbox 1299 336 1441 368; x_wconf 85' lang='lat' dir='ltr'><strong>clementia</strong></span> <span class='ocrx_word' id='word_1_142' title='bbox 1452 336 1604 371; x_wconf 78' lang='lat' dir='ltr'><strong>prohibitus</strong></span> <span class='ocrx_word' id='word_1_143' title='bbox 1620 336 1718 363; x_wconf 80' lang='lat' dir='ltr'><strong>fuisses</strong></span> <span class='ocrx_word' id='word_1_144' title='bbox 1733 345 1740 363; x_wconf 91' lang='lat'><strong>:</strong></span> <span class='ocrx_word' id='word_1_145' title='bbox 1755 343 1818 370; x_wconf 73' lang='lat' dir='ltr'><strong>gra-</strong></span> 
     </span>
    </p>
   </div>
   <div class='ocr_carea' id='block_1_28' title="bbox 1034 380 1818 417">
    <p class='ocr_par' dir='ltr' id='par_1_28' title="bbox 1034 380 1818 417">
     <span class='ocr_line' id='line_1_28' title="bbox 1034 380 1818 417; baseline 0.003 -11"><span class='ocrx_word' id='word_1_146' title='bbox 1034 385 1074 407; x_wconf 78' lang='lat' dir='ltr'><strong>tes</strong></span> <span class='ocrx_word' id='word_1_147' title='bbox 1095 380 1154 407; x_wconf 91' lang='lat' dir='ltr'><strong>ideo</strong></span> <span class='ocrx_word' id='word_1_148' title='bbox 1169 380 1314 409; x_wconf 80' lang='lat' dir='ltr'><strong>referimus</strong></span> <span class='ocrx_word' id='word_1_149' title='bbox 1328 382 1444 417; x_wconf 85' lang='lat' dir='ltr'><strong>benigne</strong></span> <span class='ocrx_word' id='word_1_150' title='bbox 1457 402 1464 414; x_wconf 92' lang='lat'><strong>,</strong></span> <span class='ocrx_word' id='word_1_151' title='bbox 1478 382 1554 409; x_wconf 90' lang='lat' dir='ltr'><strong>omni</strong></span> <span class='ocrx_word' id='word_1_152' title='bbox 1576 382 1648 408; x_wconf 85' lang='lat' dir='ltr'><strong>enim</strong></span> <span class='ocrx_word' id='word_1_153' title='bbox 1666 382 1818 416; x_wconf 87' lang='lat' dir='ltr'><strong>patrocinio</strong></span> 
     </span>
    </p>
   </div>
   <div class='ocr_carea' id='block_1_29' title="bbox 1033 426 1290 455">
    <p class='ocr_par' dir='ltr' id='par_1_29' title="bbox 1033 426 1290 455">
     <span class='ocr_line' id='line_1_29' title="bbox 1033 426 1290 455; baseline 0.008 -2"><span class='ocrx_word' id='word_1_154' title='bbox 1033 426 1153 454; x_wconf 80' lang='lat' dir='ltr'><strong>destituti</strong></span> <span class='ocrx_word' id='word_1_155' title='bbox 1169 435 1290 455; x_wconf 81' lang='lat' dir='ltr'><strong>eramus.</strong></span> 
     </span>
    </p>
   </div>
   <div class='ocr_carea' id='block_1_30' title="bbox 1071 472 1817 508">
    <p class='ocr_par' dir='ltr' id='par_1_30' title="bbox 1071 472 1817 508">
     <span class='ocr_line' id='line_1_30' title="bbox 1071 472 1817 508; baseline 0 -10"><span class='ocrx_word' id='word_1_156' title='bbox 1071 473 1093 498; x_wconf 84' lang='lat' dir='ltr'><strong>A</strong></span> <span class='ocrx_word' id='word_1_157' title='bbox 1111 477 1276 504; x_wconf 73' lang='lat' dir='ltr'><strong>terrzemotu,</strong></span> <span class='ocrx_word' id='word_1_158' title='bbox 1303 472 1404 507; x_wconf 75' lang='lat' dir='ltr'><strong>gladio,</strong></span> <span class='ocrx_word' id='word_1_159' title='bbox 1433 472 1501 500; x_wconf 86' lang='lat' dir='ltr'><strong>dura</strong></span> <span class='ocrx_word' id='word_1_160' title='bbox 1515 473 1683 508; x_wconf 85' lang='lat' dir='ltr'><strong>captivitate.</strong></span> <span class='ocrx_word' id='word_1_161' title='bbox 1698 473 1817 507; x_wconf 84' lang='lat' dir='ltr'><strong>gentium</strong></span> 
     </span>
    </p>
   </div>
   <div class='ocr_carea' id='block_1_31' title="bbox 1035 516 1819 552">
    <p class='ocr_par' dir='ltr' id='par_1_31' title="bbox 1035 516 1819 552">
     <span class='ocr_line' id='line_1_31' title="bbox 1035 516 1819 552; baseline 0.001 -10"><span class='ocrx_word' id='word_1_162' title='bbox 1035 516 1146 543; x_wconf 79' lang='lat' dir='ltr'><strong>incursu</strong></span> <span class='ocrx_word' id='word_1_163' title='bbox 1160 537 1167 547; x_wconf 83' lang='lat'><strong>,</strong></span> <span class='ocrx_word' id='word_1_164' title='bbox 1183 525 1247 544; x_wconf 82' lang='lat' dir='ltr'><strong>casu</strong></span> <span class='ocrx_word' id='word_1_165' title='bbox 1269 517 1394 550; x_wconf 88' lang='lat' dir='ltr'><strong>adverso,</strong></span> <span class='ocrx_word' id='word_1_166' title='bbox 1413 517 1501 549; x_wconf 85' lang='lat' dir='ltr'><strong>fame,</strong></span> <span class='ocrx_word' id='word_1_167' title='bbox 1517 522 1544 544; x_wconf 91' lang='lat' dir='ltr'><strong>et</strong></span> <span class='ocrx_word' id='word_1_168' title='bbox 1567 517 1664 552; x_wconf 80' lang='lat' dir='ltr'><strong>quavis</strong></span> <span class='ocrx_word' id='word_1_169' title='bbox 1678 517 1729 544; x_wconf 87' lang='lat' dir='ltr'><strong>alia</strong></span> <span class='ocrx_word' id='word_1_170' title='bbox 1745 517 1819 544; x_wconf 86' lang='lat' dir='ltr'><strong>cala—</strong></span> 
     </span>
    </p>
   </div>
   <div class='ocr_carea' id='block_1_32' title="bbox 1035 562 1818 596">
    <p class='ocr_par' dir='ltr' id='par_1_32' title="bbox 1035 562 1818 596">
     <span class='ocr_line' id='line_1_32' title="bbox 1035 562 1818 596; baseline 0.003 -9"><span class='ocrx_word' id='word_1_171' title='bbox 1035 562 1135 593; x_wconf 74' lang='lat' dir='ltr'><strong>mitate.</strong></span> <span class='ocrx_word' id='word_1_172' title='bbox 1148 562 1254 590; x_wconf 79' lang='lat' dir='ltr'><strong>Christe.</strong></span> <span class='ocrx_word' id='word_1_173' title='bbox 1264 563 1421 590; x_wconf 77' lang='lat' dir='ltr'><strong>misericors</strong></span> <span class='ocrx_word' id='word_1_174' title='bbox 1440 563 1564 596; x_wconf 85' lang='lat' dir='ltr'><strong>Domine,</strong></span> <span class='ocrx_word' id='word_1_175' title='bbox 1587 563 1724 590; x_wconf 70' lang='lat' dir='ltr'><strong>civitatem</strong></span> <span class='ocrx_word' id='word_1_176' title='bbox 1743 567 1818 590; x_wconf 87' lang='lat' dir='ltr'><strong>tuam</strong></span> 
     </span>
    </p>
   </div>
   <div class='ocr_carea' id='block_1_33' title="bbox 1035 608 1820 643">
    <p class='ocr_par' dir='ltr' id='par_1_33' title="bbox 1035 608 1820 643">
     <span class='ocr_line' id='line_1_33' title="bbox 1035 608 1820 643; baseline 0.003 -10"><span class='ocrx_word' id='word_1_177' title='bbox 1035 608 1228 643; x_wconf 79' lang='lat' dir='ltr'><strong>regionemque</strong></span> <span class='ocrx_word' id='word_1_178' title='bbox 1256 615 1385 641; x_wconf 87' lang='lat' dir='ltr'><strong>omnem,</strong></span> <span class='ocrx_word' id='word_1_179' title='bbox 1418 614 1443 636; x_wconf 87' lang='lat' dir='ltr'><strong>te</strong></span> <span class='ocrx_word' id='word_1_180' title='bbox 1470 609 1585 637; x_wconf 83' lang='lat' dir='ltr'><strong>ﬁdeliter</strong></span> <span class='ocrx_word' id='word_1_181' title='bbox 1613 609 1794 636; x_wconf 84' lang='lat' dir='ltr'><strong>celebrantem</strong></span> <span class='ocrx_word' id='word_1_182' title='bbox 1812 628 1820 641; x_wconf 91' lang='lat'><strong>,</strong></span> 
     </span>
    </p>
   </div>
   <div class='ocr_carea' id='block_1_34' title="bbox 1032 654 1115 687">
    <p class='ocr_par' dir='ltr' id='par_1_34' title="bbox 1032 654 1115 687">
     <span class='ocr_line' id='line_1_34' title="bbox 1032 654 1115 687; baseline 0.012 -8"><span class='ocrx_word' id='word_1_183' title='bbox 1032 654 1115 687; x_wconf 89' lang='lat' dir='ltr'><strong>eripe.</strong></span> 
     </span>
    </p>
   </div>
   <div class='ocr_carea' id='block_1_35' title="bbox 1068 698 1817 736">
    <p class='ocr_par' dir='ltr' id='par_1_35' title="bbox 1068 698 1817 736">
     <span class='ocr_line' id='line_1_35' title="bbox 1068 698 1817 736; baseline 0.004 -12"><span class='ocrx_word' id='word_1_184' title='bbox 1068 698 1140 726; x_wconf 86' lang='lat' dir='ltr'><strong>Muto</strong></span> <span class='ocrx_word' id='word_1_185' title='bbox 1165 707 1292 728; x_wconf 87' lang='lat' dir='ltr'><strong>sermone</strong></span> <span class='ocrx_word' id='word_1_186' title='bbox 1313 701 1455 736; x_wconf 86' lang='lat' dir='ltr'><strong>suspirans</strong></span> <span class='ocrx_word' id='word_1_187' title='bbox 1473 701 1554 729; x_wconf 67' lang='lat' dir='ltr'><strong>tellus</strong></span> <span class='ocrx_word' id='word_1_188' title='bbox 1576 701 1730 728; x_wconf 78' lang='lat' dir='ltr'><strong>exclamat:</strong></span> <span class='ocrx_word' id='word_1_189' title='bbox 1747 701 1817 734; x_wconf 87' lang='lat' dir='ltr'><strong>Quid</strong></span> 
     </span>
    </p>
   </div>
   <div class='ocr_carea' id='block_1_36' title="bbox 1033 745 1817 782">
    <p class='ocr_par' dir='ltr' id='par_1_36' title="bbox 1033 745 1817 782">
     <span class='ocr_line' id='line_1_36' title="bbox 1033 745 1817 782; baseline 0.005 -12"><span class='ocrx_word' id='word_1_190' title='bbox 1033 752 1076 771; x_wconf 91' lang='lat' dir='ltr'><strong>me</strong></span> <span class='ocrx_word' id='word_1_191' title='bbox 1101 749 1141 771; x_wconf 84' lang='lat' dir='ltr'><strong>tot</strong></span> <span class='ocrx_word' id='word_1_192' title='bbox 1164 745 1243 773; x_wconf 89' lang='lat' dir='ltr'><strong>malis</strong></span> <span class='ocrx_word' id='word_1_193' title='bbox 1259 746 1393 781; x_wconf 88' lang='lat' dir='ltr'><strong>polluitis,</strong></span> <span class='ocrx_word' id='word_1_194' title='bbox 1410 747 1548 778; x_wconf 83' lang='lat' dir='ltr'><strong>homines,</strong></span> <span class='ocrx_word' id='word_1_195' title='bbox 1578 747 1680 782; x_wconf 85' lang='lat' dir='ltr'><strong>quibus</strong></span> <span class='ocrx_word' id='word_1_196' title='bbox 1701 746 1724 774; x_wconf 88' lang='lat' dir='ltr'><strong>si</strong></span> <span class='ocrx_word' id='word_1_197' title='bbox 1746 747 1817 774; x_wconf 79' lang='lat' dir='ltr'><strong>Deus</strong></span> 
     </span>
    </p>
   </div>
   <div class='ocr_carea' id='block_1_37' title="bbox 1033 791 1831 827">
    <p class='ocr_par' dir='ltr' id='par_1_37' title="bbox 1033 791 1831 827">
     <span class='ocr_line' id='line_1_37' title="bbox 1033 791 1831 827; baseline 0.005 -11"><span class='ocrx_word' id='word_1_198' title='bbox 1033 795 1136 824; x_wconf 87' lang='lat' dir='ltr'><strong>pareat.</strong></span> <span class='ocrx_word' id='word_1_199' title='bbox 1150 791 1234 818; x_wconf 87' lang='lat' dir='ltr'><strong>solam</strong></span> <span class='ocrx_word' id='word_1_200' title='bbox 1253 799 1295 819; x_wconf 85' lang='lat' dir='ltr'><strong>tne</strong></span> <span class='ocrx_word' id='word_1_201' title='bbox 1309 792 1441 827; x_wconf 81' lang='lat' dir='ltr'><strong>cerripit?</strong></span> <span class='ocrx_word' id='word_1_202' title='bbox 1458 793 1589 820; x_wconf 88' lang='lat' dir='ltr'><strong>resumite</strong></span> <span class='ocrx_word' id='word_1_203' title='bbox 1602 797 1732 826; x_wconf 91' lang='lat' dir='ltr'><strong>mentem,</strong></span> <span class='ocrx_word' id='word_1_204' title='bbox 1746 797 1773 819; x_wconf 92' lang='lat' dir='ltr'><strong>et</strong></span> <span class='ocrx_word' id='word_1_205' title='bbox 1790 792 1816 820; x_wconf 93' lang='lat' dir='ltr'><strong>in</strong></span> <span class='ocrx_word' id='word_1_206' title='bbox 1829 795 1831 798; x_wconf 84' lang='grc'><strong>’</strong></span> 
     </span>
    </p>
   </div>
   <div class='ocr_carea' id='block_1_38' title="bbox 1033 836 1419 871">
    <p class='ocr_par' dir='ltr' id='par_1_38' title="bbox 1033 836 1419 871">
     <span class='ocr_line' id='line_1_38' title="bbox 1033 836 1419 871; baseline 0.008 -9"><span class='ocrx_word' id='word_1_207' title='bbox 1033 836 1191 870; x_wconf 75' lang='lat' dir='ltr'><strong>ptenitcntia</strong></span> <span class='ocrx_word' id='word_1_208' title='bbox 1206 837 1311 871; x_wconf 80' lang='lat' dir='ltr'><strong>placate</strong></span> <span class='ocrx_word' id='word_1_209' title='bbox 1323 838 1419 866; x_wconf 86' lang='lat' dir='ltr'><strong>Deum.</strong></span> 
     </span>
    </p>
   </div>
   <div class='ocr_carea' id='block_1_39' title="bbox 1331 901 1539 938">
    <p class='ocr_par' dir='ltr' id='par_1_39' title="bbox 1331 901 1539 938">
     <span class='ocr_line' id='line_1_39' title="bbox 1331 901 1539 938; baseline 0.01 -9"><span class='ocrx_word' id='word_1_210' title='bbox 1331 901 1366 929; x_wconf 84' lang='lat' dir='ltr'><strong>In</strong></span> <span class='ocrx_word' id='word_1_211' title='bbox 1383 902 1539 938; x_wconf 77' lang='lat' dir='ltr'><strong>Deiparam.</strong></span> 
     </span>
    </p>
   </div>
   <div class='ocr_carea' id='block_1_40' title="bbox 1063 957 1812 996">
    <p class='ocr_par' dir='ltr' id='par_1_40' title="bbox 1063 957 1812 996">
     <span class='ocr_line' id='line_1_40' title="bbox 1063 957 1812 996; baseline 0.005 -12"><span class='ocrx_word' id='word_1_212' title='bbox 1063 957 1130 990; x_wconf 62' lang='lat' dir='ltr'><strong>Quae</strong></span> <span class='ocrx_word' id='word_1_213' title='bbox 1153 960 1355 993; x_wconf 85' lang='lat' dir='ltr'><strong>corruptionem</strong></span> <span class='ocrx_word' id='word_1_214' title='bbox 1385 961 1412 988; x_wconf 93' lang='lat' dir='ltr'><strong>in</strong></span> <span class='ocrx_word' id='word_1_215' title='bbox 1436 961 1566 996; x_wconf 83' lang='lat' dir='ltr'><strong>pariendo</strong></span> <span class='ocrx_word' id='word_1_216' title='bbox 1582 968 1635 988; x_wconf 85' lang='lat' dir='ltr'><strong>non</strong></span> <span class='ocrx_word' id='word_1_217' title='bbox 1664 961 1812 995; x_wconf 87' lang='lat' dir='ltr'><strong>pertulisti,</strong></span> 
     </span>
    </p>
   </div>
   <div class='ocr_carea' id='block_1_41' title="bbox 1028 1003 1811 1039">
    <p class='ocr_par' dir='ltr' id='par_1_41' title="bbox 1028 1003 1811 1039">
     <span class='ocr_line' id='line_1_41' title="bbox 1028 1003 1811 1039; baseline 0.005 -9"><span class='ocrx_word' id='word_1_218' title='bbox 1028 1008 1153 1036; x_wconf 89' lang='lat' dir='ltr'><strong>cunctos,</strong></span> <span class='ocrx_word' id='word_1_219' title='bbox 1170 1011 1187 1031; x_wconf 86' lang='grc' dir='ltr'><strong>ο</strong></span> <span class='ocrx_word' id='word_1_220' title='bbox 1204 1003 1287 1038; x_wconf 76' lang='lat' dir='ltr'><strong>Virgo</strong></span> <span class='ocrx_word' id='word_1_221' title='bbox 1300 1024 1308 1037; x_wconf 83' lang='lat'><strong>,</strong></span> <span class='ocrx_word' id='word_1_222' title='bbox 1324 1006 1358 1033; x_wconf 82' lang='lat' dir='ltr'><strong>ab</strong></span> <span class='ocrx_word' id='word_1_223' title='bbox 1384 1006 1505 1038; x_wconf 85' lang='lat' dir='ltr'><strong>interitu,</strong></span> <span class='ocrx_word' id='word_1_224' title='bbox 1523 1011 1690 1039; x_wconf 71' lang='lat' dir='ltr'><strong>terrmmotu,</strong></span> <span class='ocrx_word' id='word_1_225' title='bbox 1708 1011 1735 1034; x_wconf 88' lang='lat' dir='ltr'><strong>et</strong></span> <span class='ocrx_word' id='word_1_226' title='bbox 1749 1007 1811 1035; x_wconf 73' lang='lat' dir='ltr'><strong>allii-</strong></span> 
     </span>
    </p>
   </div>
   <div class='ocr_carea' id='block_1_42' title="bbox 1027 1049 1816 1086">
    <p class='ocr_par' dir='ltr' id='par_1_42' title="bbox 1027 1049 1816 1086">
     <span class='ocr_line' id='line_1_42' title="bbox 1027 1049 1816 1086; baseline 0.005 -10"><span class='ocrx_word' id='word_1_227' title='bbox 1027 1049 1130 1081; x_wconf 86' lang='lat' dir='ltr'><strong>ctione,</strong></span> <span class='ocrx_word' id='word_1_228' title='bbox 1147 1049 1253 1077; x_wconf 88' lang='lat' dir='ltr'><strong>Domini</strong></span> <span class='ocrx_word' id='word_1_229' title='bbox 1269 1051 1453 1086; x_wconf 76' lang='lat' dir='ltr'><strong>indignatione</strong></span> <span class='ocrx_word' id='word_1_230' title='bbox 1467 1056 1591 1080; x_wconf 91' lang='lat' dir='ltr'><strong>materno</strong></span> <span class='ocrx_word' id='word_1_231' title='bbox 1605 1059 1651 1080; x_wconf 82' lang='lat' dir='ltr'><strong>tuo</strong></span> <span class='ocrx_word' id='word_1_232' title='bbox 1662 1053 1816 1081; x_wconf 82' lang='lat' dir='ltr'><strong>interventu</strong></span> 
     </span>
    </p>
   </div>
   <div class='ocr_carea' id='block_1_43' title="bbox 1029 1095 1520 1132">
    <p class='ocr_par' dir='ltr' id='par_1_43' title="bbox 1029 1095 1520 1132">
     <span class='ocr_line' id='line_1_43' title="bbox 1029 1095 1520 1132; baseline 0.01 -12"><span class='ocrx_word' id='word_1_233' title='bbox 1029 1095 1132 1126; x_wconf 78' lang='lat' dir='ltr'><strong>sedata,</strong></span> <span class='ocrx_word' id='word_1_234' title='bbox 1146 1095 1242 1130; x_wconf 84' lang='lat' dir='ltr'><strong>libera,</strong></span> <span class='ocrx_word' id='word_1_235' title='bbox 1255 1103 1272 1124; x_wconf 94' lang='lat' dir='ltr'><strong>o</strong></span> <span class='ocrx_word' id='word_1_236' title='bbox 1283 1095 1338 1124; x_wconf 89' lang='lat' dir='ltr'><strong>Deo</strong></span> <span class='ocrx_word' id='word_1_237' title='bbox 1353 1097 1520 1132; x_wconf 79' lang='lat' dir='ltr'><strong>gratissima.</strong></span> 
     </span>
    </p>
   </div>
   <div class='ocr_carea' id='block_1_44' title="bbox 527 1289 1450 1347">
    <p class='ocr_par' dir='ltr' id='par_1_44' title="bbox 527 1289 1450 1347">
     <span class='ocr_line' id='line_1_44' title="bbox 527 1289 1450 1347; baseline 0.005 -7"><span class='ocrx_word' id='word_1_238' title='bbox 527 1289 784 1343; x_wconf 87' lang='lat' dir='ltr'><strong>JOSEPHI</strong></span> <span class='ocrx_word' id='word_1_239' title='bbox 825 1293 1088 1346; x_wconf 83' lang='lat' dir='ltr'><strong>llUMlLlS</strong></span> <span class='ocrx_word' id='word_1_240' title='bbox 1117 1295 1200 1347; x_wconf 90' lang='lat' dir='ltr'>ET</span> <span class='ocrx_word' id='word_1_241' title='bbox 1229 1294 1450 1346; x_wconf 88' lang='lat' dir='ltr'><strong>MlNlMl</strong></span> 
     </span>
    </p>
   </div>
   <div class='ocr_carea' id='block_1_45' title="bbox 919 1390 1093 1420">
    <p class='ocr_par' dir='ltr' id='par_1_45' title="bbox 919 1390 1093 1420">
     <span class='ocr_line' id='line_1_45' title="bbox 919 1390 1093 1420; baseline 0.017 -3"><span class='ocrx_word' id='word_1_242' title='bbox 919 1390 985 1418; x_wconf 63' lang='grc' dir='ltr'><strong>[ΔΙ]</strong></span> <span class='ocrx_word' id='word_1_243' title='bbox 991 1391 1093 1420; x_wconf 86' lang='lat' dir='ltr'><strong>DATlO</strong></span> 
     </span>
    </p>
   </div>
   <div class='ocr_carea' id='block_1_46' title="bbox 329 1464 1682 1517">
    <p class='ocr_par' dir='ltr' id='par_1_46' title="bbox 329 1464 1682 1517">
     <span class='ocr_line' id='line_1_46' title="bbox 329 1464 1682 1517; baseline 0.007 -11"><span class='ocrx_word' id='word_1_244' title='bbox 329 1464 391 1507; x_wconf 84' lang='lat' dir='ltr'><strong>IN</strong></span> <span class='ocrx_word' id='word_1_245' title='bbox 433 1465 705 1510; x_wconf 85' lang='lat' dir='ltr'><strong>S.\NCTUM</strong></span> <span class='ocrx_word' id='word_1_246' title='bbox 741 1466 1098 1515; x_wconf 81' lang='lat' dir='ltr'><strong>APOSTOLUM</strong></span> <span class='ocrx_word' id='word_1_247' title='bbox 1140 1470 1682 1517; x_wconf 65' lang='lat' dir='ltr'><strong>BARTHOLOMzEUM.</strong></span> 
     </span>
    </p>
   </div>
   <div class='ocr_carea' id='block_1_47' title="bbox 756 1556 1245 1591">
    <p class='ocr_par' dir='ltr' id='par_1_47' title="bbox 756 1556 1245 1591">
     <span class='ocr_line' id='line_1_47' title="bbox 756 1556 1245 1591; baseline 0.008 -10"><span class='ocrx_word' id='word_1_248' title='bbox 756 1557 839 1588; x_wconf 76' lang='lat' dir='ltr'><strong>(Apud</strong></span> <span class='ocrx_word' id='word_1_249' title='bbox 849 1556 947 1583; x_wconf 83' lang='lat' dir='ltr'><strong>Surium</strong></span> <span class='ocrx_word' id='word_1_250' title='bbox 958 1558 988 1584; x_wconf 85' lang='lat' dir='ltr'><strong>ad</strong></span> <span class='ocrx_word' id='word_1_251' title='bbox 998 1559 1064 1584; x_wconf 84' lang='lat' dir='ltr'><strong>diem</strong></span> <span class='ocrx_word' id='word_1_252' title='bbox 1074 1559 1105 1584; x_wconf 63' lang='grc' dir='ltr'>Ἡ</span> <span class='ocrx_word' id='word_1_253' title='bbox 1118 1559 1245 1591; x_wconf 80' lang='lat' dir='ltr'><strong>Augusti.)</strong></span> 
     </span>
    </p>
   </div>
   <div class='ocr_carea' id='block_1_48' title="bbox 229 1673 1810 1717">
    <p class='ocr_par' dir='ltr' id='par_1_48' title="bbox 229 1673 1810 1717">
     <span class='ocr_line' id='line_1_48' title="bbox 229 1673 1810 1717; baseline 0.006 -18"><span class='ocrx_word' id='word_1_254' title='bbox 229 1673 248 1700; x_wconf 94' lang='lat' dir='ltr'><strong>I.</strong></span> <span class='ocrx_word' id='word_1_255' title='bbox 260 1673 492 1708; x_wconf 77' lang='lat' dir='ltr'><strong>liujusconcionis</strong></span> <span class='ocrx_word' id='word_1_256' title='bbox 500 1675 973 1712; x_wconf 71' lang='lat' dir='ltr'><strong>atctor.etdieifestijucunditatem</strong></span> <span class='ocrx_word' id='word_1_257' title='bbox 988 1684 1009 1712; x_wconf 90' lang='lat' dir='ltr'><strong>c</strong></span> <span class='ocrx_word' id='word_1_258' title='bbox 1025 1681 1201 1709; x_wconf 82' lang='lat' dir='ltr'><strong>felicitatem!</strong></span> <span class='ocrx_word' id='word_1_259' title='bbox 1216 1680 1238 1709; x_wconf 92' lang='lat'><strong>0</strong></span> <span class='ocrx_word' id='word_1_260' title='bbox 1263 1681 1371 1717; x_wconf 87' lang='lat' dir='ltr'><strong>qualem</strong></span> <span class='ocrx_word' id='word_1_261' title='bbox 1385 1681 1429 1709; x_wconf 87' lang='lat' dir='ltr'><strong>hic</strong></span> <span class='ocrx_word' id='word_1_262' title='bbox 1450 1681 1553 1708; x_wconf 83' lang='lat' dir='ltr'><strong>invenit</strong></span> <span class='ocrx_word' id='word_1_263' title='bbox 1576 1681 1747 1715; x_wconf 77' lang='lat' dir='ltr'><strong>magistrum,</strong></span> <span class='ocrx_word' id='word_1_264' title='bbox 1764 1681 1810 1715; x_wconf 90' lang='lat' dir='ltr'><strong>qui</strong></span> 
     </span>
    </p>
   </div>
   <div class='ocr_carea' id='block_1_49' title="bbox 193 1720 976 1760">
    <p class='ocr_par' dir='ltr' id='par_1_49' title="bbox 193 1720 976 1760">
     <span class='ocr_line' id='line_1_49' title="bbox 193 1720 976 1760; baseline 0.011 -15"><span class='ocrx_word' id='word_1_265' title='bbox 193 1720 360 1752; x_wconf 84' lang='lat' dir='ltr'><strong>spiritualem</strong></span> <span class='ocrx_word' id='word_1_266' title='bbox 374 1721 452 1747; x_wconf 88' lang='lat' dir='ltr'><strong>nobis</strong></span> <span class='ocrx_word' id='word_1_267' title='bbox 469 1721 608 1749; x_wconf 83' lang='lat' dir='ltr'><strong>aﬂ‘erentis</strong></span> <span class='ocrx_word' id='word_1_268' title='bbox 627 1722 761 1755; x_wconf 82' lang='lat' dir='ltr'><strong>hilaritas,</strong></span> <span class='ocrx_word' id='word_1_269' title='bbox 771 1728 813 1751; x_wconf 83' lang='lat' dir='ltr'><strong>est</strong></span> <span class='ocrx_word' id='word_1_270' title='bbox 822 1723 851 1751; x_wconf 86' lang='grc' dir='ltr'><strong><em>Β,</em></strong></span> <span class='ocrx_word' id='word_1_271' title='bbox 864 1732 976 1760; x_wconf 85' lang='lat' dir='ltr'><strong>aposto-</strong></span> 
     </span>
    </p>
   </div>
   <div class='ocr_carea' id='block_1_50' title="bbox 193 1763 974 1804">
    <p class='ocr_par' dir='ltr' id='par_1_50' title="bbox 193 1763 974 1804">
     <span class='ocr_line' id='line_1_50' title="bbox 193 1763 974 1804; baseline 0.01 -14"><span class='ocrx_word' id='word_1_272' title='bbox 193 1765 235 1791; x_wconf 88' lang='lat' dir='ltr'><strong>lus</strong></span> <span class='ocrx_word' id='word_1_273' title='bbox 251 1763 474 1795; x_wconf 67' lang='lat' dir='ltr'><strong>Bartholomteus,</strong></span> <span class='ocrx_word' id='word_1_274' title='bbox 496 1766 552 1798; x_wconf 77' lang='lat' dir='ltr'><strong>qui.</strong></span> <span class='ocrx_word' id='word_1_275' title='bbox 566 1774 628 1792; x_wconf 88' lang='lat' dir='ltr'><strong>cum</strong></span> <span class='ocrx_word' id='word_1_276' title='bbox 643 1768 752 1794; x_wconf 90' lang='lat' dir='ltr'><strong>divinus</strong></span> <span class='ocrx_word' id='word_1_277' title='bbox 769 1770 805 1795; x_wconf 84' lang='lat' dir='ltr'><strong>sit</strong></span> <span class='ocrx_word' id='word_1_278' title='bbox 823 1772 974 1804; x_wconf 85' lang='lat' dir='ltr'><strong>apostolus,</strong></span> 
     </span>
    </p>
   </div>
   <div class='ocr_carea' id='block_1_51' title="bbox 192 1809 975 1849">
    <p class='ocr_par' dir='ltr' id='par_1_51' title="bbox 192 1809 975 1849">
     <span class='ocr_line' id='line_1_51' title="bbox 192 1809 975 1849; baseline 0.008 -13"><span class='ocrx_word' id='word_1_279' title='bbox 192 1815 219 1836; x_wconf 87' lang='lat' dir='ltr'><strong>et</strong></span> <span class='ocrx_word' id='word_1_280' title='bbox 253 1809 365 1836; x_wconf 90' lang='lat' dir='ltr'><strong>luminis</strong></span> <span class='ocrx_word' id='word_1_281' title='bbox 387 1809 529 1843; x_wconf 82' lang='lat' dir='ltr'><strong>splendore</strong></span> <span class='ocrx_word' id='word_1_282' title='bbox 549 1811 679 1846; x_wconf 86' lang='lat' dir='ltr'><strong>purisque</strong></span> <span class='ocrx_word' id='word_1_283' title='bbox 699 1812 728 1838; x_wconf 85' lang='lat' dir='ltr'><strong>S.</strong></span> <span class='ocrx_word' id='word_1_284' title='bbox 746 1812 864 1847; x_wconf 86' lang='lat' dir='ltr'><strong>Spiritus</strong></span> <span class='ocrx_word' id='word_1_285' title='bbox 887 1815 975 1849; x_wconf 78' lang='lat' dir='ltr'><strong>fulgo-</strong></span> 
     </span>
    </p>
   </div>
   <div class='ocr_carea' id='block_1_52' title="bbox 194 1854 974 1893">
    <p class='ocr_par' dir='ltr' id='par_1_52' title="bbox 194 1854 974 1893">
     <span class='ocr_line' id='line_1_52' title="bbox 194 1854 974 1893; baseline 0.006 -12"><span class='ocrx_word' id='word_1_286' title='bbox 194 1854 268 1881; x_wconf 91' lang='lat' dir='ltr'><strong>ribus</strong></span> <span class='ocrx_word' id='word_1_287' title='bbox 286 1859 390 1881; x_wconf 90' lang='lat' dir='ltr'><strong>tantum</strong></span> <span class='ocrx_word' id='word_1_288' title='bbox 409 1854 568 1887; x_wconf 89' lang='lat' dir='ltr'><strong>illustrctur,</strong></span> <span class='ocrx_word' id='word_1_289' title='bbox 589 1860 717 1890; x_wconf 89' lang='lat' dir='ltr'><strong>quantum</strong></span> <span class='ocrx_word' id='word_1_290' title='bbox 737 1858 826 1886; x_wconf 88' lang='lat' dir='ltr'><strong>verbis</strong></span> <span class='ocrx_word' id='word_1_291' title='bbox 844 1860 974 1893; x_wconf 78' lang='lat' dir='ltr'><strong>explicari</strong></span> 
     </span>
    </p>
   </div>
   <div class='ocr_carea' id='block_1_53' title="bbox 193 1901 973 1939">
    <p class='ocr_par' dir='ltr' id='par_1_53' title="bbox 193 1901 973 1939">
     <span class='ocr_line' id='line_1_53' title="bbox 193 1901 973 1939; baseline 0.009 -13"><span class='ocrx_word' id='word_1_292' title='bbox 193 1908 246 1926; x_wconf 92' lang='lat' dir='ltr'><strong>non</strong></span> <span class='ocrx_word' id='word_1_293' title='bbox 260 1904 346 1934; x_wconf 79' lang='lat' dir='ltr'><strong>potest</strong></span> <span class='ocrx_word' id='word_1_294' title='bbox 358 1909 365 1927; x_wconf 89' lang='lat'><em>:</em></span> <span class='ocrx_word' id='word_1_295' title='bbox 377 1901 456 1928; x_wconf 88' lang='lat' dir='ltr'><strong>nobis</strong></span> <span class='ocrx_word' id='word_1_296' title='bbox 469 1901 550 1928; x_wconf 88' lang='lat' dir='ltr'><strong>etiam</strong></span> <span class='ocrx_word' id='word_1_297' title='bbox 565 1901 655 1928; x_wconf 89' lang='lat' dir='ltr'><strong>lumen</strong></span> <span class='ocrx_word' id='word_1_298' title='bbox 668 1903 796 1938; x_wconf 76' lang='lat' dir='ltr'><strong>suggerit,</strong></span> <span class='ocrx_word' id='word_1_299' title='bbox 809 1905 854 1939; x_wconf 91' lang='lat' dir='ltr'><strong>qui</strong></span> <span class='ocrx_word' id='word_1_300' title='bbox 867 1912 973 1932; x_wconf 88' lang='lat' dir='ltr'><strong>sacram</strong></span> 
     </span>
    </p>
   </div>
   <div class='ocr_carea' id='block_1_54' title="bbox 191 1946 975 1986">
    <p class='ocr_par' dir='ltr' id='par_1_54' title="bbox 191 1946 975 1986">
     <span class='ocr_line' id='line_1_54' title="bbox 191 1946 975 1986; baseline 0.009 -14"><span class='ocrx_word' id='word_1_301' title='bbox 191 1950 219 1972; x_wconf 90' lang='lat' dir='ltr'><strong>et</strong></span> <span class='ocrx_word' id='word_1_302' title='bbox 230 1946 375 1981; x_wconf 81' lang='lat' dir='ltr'><strong>gloriosam</strong></span> <span class='ocrx_word' id='word_1_303' title='bbox 385 1947 445 1981; x_wconf 82' lang='lat' dir='ltr'><strong>ejus</strong></span> <span class='ocrx_word' id='word_1_304' title='bbox 457 1948 615 1975; x_wconf 85' lang='lat' dir='ltr'><strong>memoriam</strong></span> <span class='ocrx_word' id='word_1_305' title='bbox 626 1949 806 1977; x_wconf 88' lang='lat' dir='ltr'><strong>celebramus.</strong></span> <span class='ocrx_word' id='word_1_306' title='bbox 822 1951 879 1986; x_wconf 71' lang='lat' dir='ltr'><strong>Age</strong></span> <span class='ocrx_word' id='word_1_307' title='bbox 892 1952 975 1986; x_wconf 76' lang='lat' dir='ltr'><strong>igitur</strong></span> 
     </span>
    </p>
   </div>
   <div class='ocr_carea' id='block_1_55' title="bbox 191 1991 973 2030">
    <p class='ocr_par' dir='ltr' id='par_1_55' title="bbox 191 1991 973 2030">
     <span class='ocr_line' id='line_1_55' title="bbox 191 1991 973 2030; baseline 0.008 -12"><span class='ocrx_word' id='word_1_308' title='bbox 191 1991 292 2019; x_wconf 85' lang='lat' dir='ltr'><strong>divinis</strong></span> <span class='ocrx_word' id='word_1_309' title='bbox 311 1992 423 2020; x_wconf 79' lang='lat' dir='ltr'><strong>vocibus</strong></span> <span class='ocrx_word' id='word_1_310' title='bbox 450 1992 526 2020; x_wconf 88' lang='lat' dir='ltr'><strong>illum</strong></span> <span class='ocrx_word' id='word_1_311' title='bbox 545 1993 732 2022; x_wconf 87' lang='lat' dir='ltr'><strong>collaudantes</strong></span> <span class='ocrx_word' id='word_1_312' title='bbox 750 2003 832 2030; x_wconf 90' lang='lat' dir='ltr'><strong>quam</strong></span> <span class='ocrx_word' id='word_1_313' title='bbox 854 1998 973 2025; x_wconf 78' lang='lat' dir='ltr'><strong>maxime</strong></span> 
     </span>
    </p>
   </div>
   <div class='ocr_carea' id='block_1_56' title="bbox 191 2036 973 2074">
    <p class='ocr_par' dir='ltr' id='par_1_56' title="bbox 191 2036 973 2074">
     <span class='ocr_line' id='line_1_56' title="bbox 191 2036 973 2074; baseline 0.01 -13"><span class='ocrx_word' id='word_1_314' title='bbox 191 2043 348 2069; x_wconf 84' lang='lat' dir='ltr'><strong>possumus,</strong></span> <span class='ocrx_word' id='word_1_315' title='bbox 368 2036 459 2063; x_wconf 84' lang='lat' dir='ltr'><strong>divina</strong></span> <span class='ocrx_word' id='word_1_316' title='bbox 480 2037 565 2071; x_wconf 87' lang='lat' dir='ltr'><strong>ipsius</strong></span> <span class='ocrx_word' id='word_1_317' title='bbox 583 2039 739 2066; x_wconf 85' lang='lat' dir='ltr'><strong>narratione</strong></span> <span class='ocrx_word' id='word_1_318' title='bbox 753 2040 930 2074; x_wconf 86' lang='lat' dir='ltr'><strong>delectemur,</strong></span> <span class='ocrx_word' id='word_1_319' title='bbox 946 2046 973 2069; x_wconf 88' lang='lat' dir='ltr'><strong>ct</strong></span> 
     </span>
    </p>
   </div>
   <div class='ocr_carea' id='block_1_57' title="bbox 190 2079 970 2117">
    <p class='ocr_par' dir='ltr' id='par_1_57' title="bbox 190 2079 970 2117">
     <span class='ocr_line' id='line_1_57' title="bbox 190 2079 970 2117; baseline 0.01 -12"><span class='ocrx_word' id='word_1_320' title='bbox 190 2079 393 2107; x_wconf 87' lang='lat' dir='ltr'><strong>laudationibus</strong></span> <span class='ocrx_word' id='word_1_321' title='bbox 409 2080 575 2108; x_wconf 89' lang='lat' dir='ltr'><strong>honoremus</strong></span> <span class='ocrx_word' id='word_1_322' title='bbox 589 2081 676 2109; x_wconf 88' lang='lat' dir='ltr'><strong>virum</strong></span> <span class='ocrx_word' id='word_1_323' title='bbox 692 2084 787 2117; x_wconf 89' lang='lat' dir='ltr'><strong>quovis</strong></span> <span class='ocrx_word' id='word_1_324' title='bbox 804 2084 908 2113; x_wconf 87' lang='lat' dir='ltr'><strong>honore</strong></span> <span class='ocrx_word' id='word_1_325' title='bbox 925 2094 970 2113; x_wconf 83' lang='lat' dir='ltr'><strong>su-</strong></span> 
     </span>
    </p>
   </div>
   <div class='ocr_carea' id='block_1_58' title="bbox 190 2124 973 2164">
    <p class='ocr_par' dir='ltr' id='par_1_58' title="bbox 190 2124 973 2164">
     <span class='ocr_line' id='line_1_58' title="bbox 190 2124 973 2164; baseline 0.01 -14"><span class='ocrx_word' id='word_1_326' title='bbox 190 2125 335 2158; x_wconf 85' lang='lat' dir='ltr'><strong>periorem.</strong></span> <span class='ocrx_word' id='word_1_327' title='bbox 352 2124 507 2154; x_wconf 84' lang='lat' dir='ltr'><strong>Laudemus</strong></span> <span class='ocrx_word' id='word_1_328' title='bbox 528 2128 679 2161; x_wconf 89' lang='lat' dir='ltr'><strong>apostolum</strong></span> <span class='ocrx_word' id='word_1_329' title='bbox 702 2136 718 2155; x_wconf 89' lang='lat' dir='ltr'><strong>a</strong></span> <span class='ocrx_word' id='word_1_330' title='bbox 734 2129 788 2156; x_wconf 89' lang='lat' dir='ltr'><strong>Deo</strong></span> <span class='ocrx_word' id='word_1_331' title='bbox 807 2129 866 2164; x_wconf 90' lang='lat' dir='ltr'><strong>ipso</strong></span> <span class='ocrx_word' id='word_1_332' title='bbox 880 2131 973 2158; x_wconf 79' lang='lat' dir='ltr'><strong>lauda-</strong></span> 
     </span>
    </p>
   </div>
   <div class='ocr_carea' id='block_1_59' title="bbox 190 2170 971 2210">
    <p class='ocr_par' dir='ltr' id='par_1_59' title="bbox 190 2170 971 2210">
     <span class='ocr_line' id='line_1_59' title="bbox 190 2170 971 2210; baseline 0.01 -14"><span class='ocrx_word' id='word_1_333' title='bbox 190 2174 258 2197; x_wconf 92' lang='lat' dir='ltr'><strong>tum.</strong></span> <span class='ocrx_word' id='word_1_334' title='bbox 277 2170 389 2198; x_wconf 84' lang='lat' dir='ltr'><strong>Beatum</strong></span> <span class='ocrx_word' id='word_1_335' title='bbox 404 2173 582 2206; x_wconf 64' lang='lat' dir='ltr'><strong>prmdieemus</strong></span> <span class='ocrx_word' id='word_1_336' title='bbox 597 2181 669 2206; x_wconf 91' lang='lat' dir='ltr'><strong>cum,</strong></span> <span class='ocrx_word' id='word_1_337' title='bbox 683 2175 728 2209; x_wconf 90' lang='lat' dir='ltr'><strong>qui</strong></span> <span class='ocrx_word' id='word_1_338' title='bbox 745 2182 853 2210; x_wconf 87' lang='lat' dir='ltr'><strong>semper</strong></span> <span class='ocrx_word' id='word_1_339' title='bbox 872 2177 971 2205; x_wconf 89' lang='lat' dir='ltr'><strong>beatus</strong></span> 
     </span>
    </p>
   </div>
   <div class='ocr_carea' id='block_1_60' title="bbox 188 2215 970 2254">
    <p class='ocr_par' dir='ltr' id='par_1_60' title="bbox 188 2215 970 2254">
     <span class='ocr_line' id='line_1_60' title="bbox 188 2215 970 2254; baseline 0.01 -12"><span class='ocrx_word' id='word_1_340' title='bbox 188 2220 239 2243; x_wconf 89' lang='lat' dir='ltr'><strong>est.</strong></span> <span class='ocrx_word' id='word_1_341' title='bbox 258 2215 322 2252; x_wconf 82' lang='lat' dir='ltr'><strong>Ejus</strong></span> <span class='ocrx_word' id='word_1_342' title='bbox 342 2217 456 2251; x_wconf 80' lang='lat' dir='ltr'><strong>gloriam</strong></span> <span class='ocrx_word' id='word_1_343' title='bbox 481 2218 649 2246; x_wconf 86' lang='lat' dir='ltr'><strong>celebremus</strong></span> <span class='ocrx_word' id='word_1_344' title='bbox 662 2227 743 2254; x_wconf 84' lang='lat' dir='ltr'><strong>quem</strong></span> <span class='ocrx_word' id='word_1_345' title='bbox 767 2221 865 2249; x_wconf 80' lang='lat' dir='ltr'><strong>extulit</strong></span> <span class='ocrx_word' id='word_1_346' title='bbox 878 2222 970 2250; x_wconf 89' lang='lat' dir='ltr'><strong>divina</strong></span> 
     </span>
    </p>
   </div>
   <div class='ocr_carea' id='block_1_61' title="bbox 188 2262 971 2303">
    <p class='ocr_par' dir='ltr' id='par_1_61' title="bbox 188 2262 971 2303">
     <span class='ocr_line' id='line_1_61' title="bbox 188 2262 971 2303; baseline 0.011 -16"><span class='ocrx_word' id='word_1_347' title='bbox 188 2262 284 2295; x_wconf 72' lang='lat' dir='ltr'><strong>gloria.</strong></span> <span class='ocrx_word' id='word_1_348' title='bbox 311 2262 456 2290; x_wconf 70' lang='lat' dir='ltr'><strong>Vidramus</strong></span> <span class='ocrx_word' id='word_1_349' title='bbox 480 2265 605 2298; x_wconf 84' lang='lat' dir='ltr'><strong>quisnam</strong></span> <span class='ocrx_word' id='word_1_350' title='bbox 628 2270 691 2293; x_wconf 87' lang='lat' dir='ltr'><strong>ante</strong></span> <span class='ocrx_word' id='word_1_351' title='bbox 717 2266 810 2299; x_wconf 82' lang='lat' dir='ltr'><strong>fuerit,</strong></span> <span class='ocrx_word' id='word_1_352' title='bbox 832 2272 860 2295; x_wconf 86' lang='lat' dir='ltr'><strong>et</strong></span> <span class='ocrx_word' id='word_1_353' title='bbox 883 2269 971 2303; x_wconf 82' lang='lat' dir='ltr'><strong>qualis</strong></span> 
     </span>
    </p>
   </div>
   <div class='ocr_carea' id='block_1_62' title="bbox 188 2310 968 2348">
    <p class='ocr_par' dir='ltr' id='par_1_62' title="bbox 188 2310 968 2348">
     <span class='ocr_line' id='line_1_62' title="bbox 188 2310 968 2348; baseline 0.014 -18"><span class='ocrx_word' id='word_1_354' title='bbox 188 2310 281 2338; x_wconf 90' lang='lat' dir='ltr'><strong>postea</strong></span> <span class='ocrx_word' id='word_1_355' title='bbox 300 2310 429 2340; x_wconf 83' lang='lat' dir='ltr'><strong>evaserit,</strong></span> <span class='ocrx_word' id='word_1_356' title='bbox 453 2311 681 2344; x_wconf 88' lang='lat' dir='ltr'><strong>quemadmodum</strong></span> <span class='ocrx_word' id='word_1_357' title='bbox 709 2313 756 2346; x_wconf 87' lang='lat' dir='ltr'><strong>qui</strong></span> <span class='ocrx_word' id='word_1_358' title='bbox 780 2313 855 2348; x_wconf 88' lang='lat' dir='ltr'><strong>prius</strong></span> <span class='ocrx_word' id='word_1_359' title='bbox 885 2314 968 2342; x_wconf 84' lang='lat' dir='ltr'><strong>idiota</strong></span> 
     </span>
    </p>
   </div>
   <div class='ocr_carea' id='block_1_63' title="bbox 186 2353 1007 2393">
    <p class='ocr_par' dir='ltr' id='par_1_63' title="bbox 186 2353 1007 2393">
     <span class='ocr_line' id='line_1_63' title="bbox 186 2353 1007 2393; baseline 0.016 -19"><span class='ocrx_word' id='word_1_360' title='bbox 186 2353 256 2381; x_wconf 79' lang='lat' dir='ltr'><strong>erat,</strong></span> <span class='ocrx_word' id='word_1_361' title='bbox 271 2354 299 2376; x_wconf 82' lang='lat' dir='ltr'><strong>et</strong></span> <span class='ocrx_word' id='word_1_362' title='bbox 311 2358 452 2384; x_wconf 76' lang='lat' dir='ltr'><strong>pauperem</strong></span> <span class='ocrx_word' id='word_1_363' title='bbox 471 2356 554 2382; x_wconf 77' lang='lat' dir='ltr'><strong>vitam</strong></span> <span class='ocrx_word' id='word_1_364' title='bbox 572 2357 679 2390; x_wconf 80' lang='lat' dir='ltr'><strong>agebat,</strong></span> <span class='ocrx_word' id='word_1_365' title='bbox 694 2357 769 2384; x_wconf 91' lang='lat' dir='ltr'><strong>omni</strong></span> <span class='ocrx_word' id='word_1_366' title='bbox 785 2366 817 2385; x_wconf 81' lang='lat' dir='ltr'><strong>ex</strong></span> <span class='ocrx_word' id='word_1_367' title='bbox 831 2364 906 2393; x_wconf 85' lang='lat' dir='ltr'><strong>parte</strong></span> <span class='ocrx_word' id='word_1_368' title='bbox 922 2367 967 2387; x_wconf 84' lang='lat' dir='ltr'><strong>sa-</strong></span> <span class='ocrx_word' id='word_1_369' title='bbox 985 2353 1007 2379; x_wconf 74' lang='grc' dir='ltr'><strong>θ</strong></span> 
     </span>
    </p>
   </div>
   <div class='ocr_carea' id='block_1_64' title="bbox 186 2396 969 2434">
    <p class='ocr_par' dir='ltr' id='par_1_64' title="bbox 186 2396 969 2434">
     <span class='ocr_line' id='line_1_64' title="bbox 186 2396 969 2434; baseline 0.015 -13"><span class='ocrx_word' id='word_1_370' title='bbox 186 2396 264 2430; x_wconf 88' lang='lat' dir='ltr'><strong>piens</strong></span> <span class='ocrx_word' id='word_1_371' title='bbox 278 2396 400 2429; x_wconf 77' lang='lat' dir='ltr'><strong>effectus,</strong></span> <span class='ocrx_word' id='word_1_372' title='bbox 414 2403 441 2424; x_wconf 87' lang='lat' dir='ltr'><strong>et</strong></span> <span class='ocrx_word' id='word_1_373' title='bbox 458 2402 578 2428; x_wconf 90' lang='lat' dir='ltr'><strong>omnium</strong></span> <span class='ocrx_word' id='word_1_374' title='bbox 590 2403 724 2430; x_wconf 87' lang='lat' dir='ltr'><strong>bonorum</strong></span> <span class='ocrx_word' id='word_1_375' title='bbox 737 2404 839 2433; x_wconf 82' lang='lat' dir='ltr'><strong>divitiis</strong></span> <span class='ocrx_word' id='word_1_376' title='bbox 855 2411 969 2434; x_wconf 87' lang='lat' dir='ltr'><strong>ornatus</strong></span> 
     </span>
    </p>
   </div>
   <div class='ocr_carea' id='block_1_65' title="bbox 185 2441 969 2484">
    <p class='ocr_par' dir='ltr' id='par_1_65' title="bbox 185 2441 969 2484">
     <span class='ocr_line' id='line_1_65' title="bbox 185 2441 969 2484; baseline 0.014 -16"><span class='ocrx_word' id='word_1_377' title='bbox 185 2441 267 2469; x_wconf 87' lang='lat' dir='ltr'><strong>fuerit</strong></span> <span class='ocrx_word' id='word_1_378' title='bbox 282 2451 289 2469; x_wconf 88' lang='lat'><strong>:</strong></span> <span class='ocrx_word' id='word_1_379' title='bbox 302 2443 530 2476; x_wconf 87' lang='lat' dir='ltr'><strong>quemadmodum</strong></span> <span class='ocrx_word' id='word_1_380' title='bbox 544 2454 558 2472; x_wconf 88' lang='lat' dir='ltr'><strong>e</strong></span> <span class='ocrx_word' id='word_1_381' title='bbox 570 2450 690 2476; x_wconf 85' lang='lat' dir='ltr'><strong>terrestri</strong></span> <span class='ocrx_word' id='word_1_382' title='bbox 704 2451 825 2478; x_wconf 72' lang='lat' dir='ltr'><strong>caelestis</strong></span> <span class='ocrx_word' id='word_1_383' title='bbox 840 2453 969 2484; x_wconf 85' lang='lat' dir='ltr'><strong>evaserit,</strong></span> 
     </span>
    </p>
   </div>
   <div class='ocr_carea' id='block_1_66' title="bbox 184 2488 967 2531">
    <p class='ocr_par' dir='ltr' id='par_1_66' title="bbox 184 2488 967 2531">
     <span class='ocr_line' id='line_1_66' title="bbox 184 2488 967 2531; baseline 0.015 -17"><span class='ocrx_word' id='word_1_384' title='bbox 184 2496 200 2515; x_wconf 88' lang='lat' dir='ltr'><strong>e</strong></span> <span class='ocrx_word' id='word_1_385' title='bbox 215 2488 329 2516; x_wconf 91' lang='lat' dir='ltr'><strong>minimo</strong></span> <span class='ocrx_word' id='word_1_386' title='bbox 347 2489 491 2522; x_wconf 76' lang='lat' dir='ltr'><strong>maximus,</strong></span> <span class='ocrx_word' id='word_1_387' title='bbox 518 2495 545 2518; x_wconf 88' lang='lat' dir='ltr'><strong>et</strong></span> <span class='ocrx_word' id='word_1_388' title='bbox 560 2499 591 2518; x_wconf 83' lang='lat' dir='ltr'><strong>ex</strong></span> <span class='ocrx_word' id='word_1_389' title='bbox 613 2494 730 2528; x_wconf 86' lang='lat' dir='ltr'><strong>piscium</strong></span> <span class='ocrx_word' id='word_1_390' title='bbox 752 2497 888 2531; x_wconf 84' lang='lat' dir='ltr'><strong>piscatore</strong></span> <span class='ocrx_word' id='word_1_391' title='bbox 918 2499 967 2525; x_wconf 82' lang='lat' dir='ltr'><strong>lto-</strong></span> 
     </span>
    </p>
   </div>
   <div class='ocr_carea' id='block_1_67' title="bbox 185 2533 597 2569">
    <p class='ocr_par' dir='ltr' id='par_1_67' title="bbox 185 2533 597 2569">
     <span class='ocr_line' id='line_1_67' title="bbox 185 2533 597 2569; baseline 0.01 -9"><span class='ocrx_word' id='word_1_392' title='bbox 185 2533 288 2561; x_wconf 92' lang='lat' dir='ltr'><strong>minum</strong></span> <span class='ocrx_word' id='word_1_393' title='bbox 308 2535 427 2569; x_wconf 86' lang='lat' dir='ltr'><strong>piscator</strong></span> <span class='ocrx_word' id='word_1_394' title='bbox 442 2535 532 2564; x_wconf 88' lang='lat' dir='ltr'><strong>factus</strong></span> <span class='ocrx_word' id='word_1_395' title='bbox 551 2537 597 2565; x_wconf 90' lang='lat' dir='ltr'><strong>sit.</strong></span> 
     </span>
    </p>
   </div>
   <div class='ocr_carea' id='block_1_68' title="bbox 220 2578 967 2624">
    <p class='ocr_par' dir='ltr' id='par_1_68' title="bbox 220 2578 967 2624">
     <span class='ocr_line' id='line_1_68' title="bbox 220 2578 967 2624; baseline 0.016 -19"><span class='ocrx_word' id='word_1_396' title='bbox 220 2578 252 2606; x_wconf 92' lang='lat' dir='ltr'><strong>ll.</strong></span> <span class='ocrx_word' id='word_1_397' title='bbox 275 2579 370 2615; x_wconf 87' lang='lat' dir='ltr'><strong>itaque</strong></span> <span class='ocrx_word' id='word_1_398' title='bbox 384 2588 446 2608; x_wconf 88' lang='lat' dir='ltr'><strong>cum</strong></span> <span class='ocrx_word' id='word_1_399' title='bbox 468 2582 540 2611; x_wconf 84' lang='lat' dir='ltr'><strong>Deus</strong></span> <span class='ocrx_word' id='word_1_400' title='bbox 558 2584 615 2618; x_wconf 86' lang='lat' dir='ltr'><strong>ipse</strong></span> <span class='ocrx_word' id='word_1_401' title='bbox 639 2585 723 2613; x_wconf 85' lang='lat' dir='ltr'><strong>hamo</strong></span> <span class='ocrx_word' id='word_1_402' title='bbox 740 2585 838 2621; x_wconf 88' lang='lat' dir='ltr'><strong>factus,</strong></span> <span class='ocrx_word' id='word_1_403' title='bbox 856 2595 967 2624; x_wconf 85' lang='lat' dir='ltr'><strong>propter</strong></span> 
     </span>
    </p>
   </div>
   <div class='ocr_carea' id='block_1_69' title="bbox 183 2625 965 2671">
    <p class='ocr_par' dir='ltr' id='par_1_69' title="bbox 183 2625 965 2671">
     <span class='ocr_line' id='line_1_69' title="bbox 183 2625 965 2671; baseline 0.018 -20"><span class='ocrx_word' id='word_1_404' title='bbox 183 2625 376 2654; x_wconf 72' lang='lat' dir='ltr'><strong>misericordia:</strong></span> <span class='ocrx_word' id='word_1_405' title='bbox 391 2636 448 2655; x_wconf 66' lang='lat' dir='ltr'><strong>suae</strong></span> <span class='ocrx_word' id='word_1_406' title='bbox 463 2629 566 2657; x_wconf 85' lang='lat' dir='ltr'><strong>viscera</strong></span> <span class='ocrx_word' id='word_1_407' title='bbox 583 2637 706 2659; x_wconf 87' lang='lat' dir='ltr'><strong>nostrum</strong></span> <span class='ocrx_word' id='word_1_408' title='bbox 719 2640 819 2669; x_wconf 88' lang='lat' dir='ltr'><strong>corpus</strong></span> <span class='ocrx_word' id='word_1_409' title='bbox 833 2641 965 2671; x_wconf 78' lang='lat' dir='ltr'><strong>gestaret,</strong></span> 
     </span>
    </p>
   </div>
   <div class='ocr_carea' id='block_1_70' title="bbox 181 2670 963 2717">
    <p class='ocr_par' dir='ltr' id='par_1_70' title="bbox 181 2670 963 2717">
     <span class='ocr_line' id='line_1_70' title="bbox 181 2670 963 2717; baseline 0.017 -20"><span class='ocrx_word' id='word_1_410' title='bbox 181 2677 208 2697; x_wconf 81' lang='lat' dir='ltr'><strong>et</strong></span> <span class='ocrx_word' id='word_1_411' title='bbox 223 2670 419 2706; x_wconf 84' lang='lat' dir='ltr'><strong>discipulorum</strong></span> <span class='ocrx_word' id='word_1_412' title='bbox 435 2675 569 2702; x_wconf 86' lang='lat' dir='ltr'><strong>delectum</strong></span> <span class='ocrx_word' id='word_1_413' title='bbox 587 2677 710 2711; x_wconf 86' lang='lat' dir='ltr'><strong>haberet,</strong></span> <span class='ocrx_word' id='word_1_414' title='bbox 722 2679 756 2711; x_wconf 84' lang='lat' dir='ltr'><strong>is,</strong></span> <span class='ocrx_word' id='word_1_415' title='bbox 777 2670 901 2716; x_wconf 81' lang='lat' dir='ltr'><strong>inquam,</strong></span> <span class='ocrx_word' id='word_1_416' title='bbox 917 2684 963 2717; x_wconf 88' lang='lat' dir='ltr'><strong>qui</strong></span> 
     </span>
    </p>
   </div>
   <div class='ocr_carea' id='block_1_71' title="bbox 180 2720 966 2758">
    <p class='ocr_par' dir='ltr' id='par_1_71' title="bbox 180 2720 966 2758">
     <span class='ocr_line' id='line_1_71' title="bbox 180 2720 966 2758; baseline 0.018 -16"><span class='ocrx_word' id='word_1_417' title='bbox 180 2720 313 2750; x_wconf 74' lang='lat' dir='ltr'><strong>pnenovit</strong></span> <span class='ocrx_word' id='word_1_418' title='bbox 328 2720 420 2746; x_wconf 87' lang='lat' dir='ltr'><strong>omnia</strong></span> <span class='ocrx_word' id='word_1_419' title='bbox 453 2722 610 2757; x_wconf 85' lang='lat' dir='ltr'><strong>priusquam</strong></span> <span class='ocrx_word' id='word_1_420' title='bbox 626 2730 801 2758; x_wconf 77' lang='lat' dir='ltr'><strong>generentur,</strong></span> <span class='ocrx_word' id='word_1_421' title='bbox 818 2728 966 2755; x_wconf 88' lang='lat' dir='ltr'><strong>celeberri-</strong></span> 
     </span>
    </p>
   </div>
   <div class='ocr_carea' id='block_1_72' title="bbox 182 2765 963 2806">
    <p class='ocr_par' dir='ltr' id='par_1_72' title="bbox 182 2765 963 2806">
     <span class='ocr_line' id='line_1_72' title="bbox 182 2765 963 2806; baseline 0.017 -18"><span class='ocrx_word' id='word_1_422' title='bbox 182 2770 254 2789; x_wconf 91' lang='lat' dir='ltr'><strong>mum</strong></span> <span class='ocrx_word' id='word_1_423' title='bbox 281 2765 433 2798; x_wconf 88' lang='lat' dir='ltr'><strong>apostolum</strong></span> <span class='ocrx_word' id='word_1_424' title='bbox 453 2767 680 2796; x_wconf 72' lang='lat' dir='ltr'><strong>Bartholommum</strong></span> <span class='ocrx_word' id='word_1_425' title='bbox 705 2771 814 2806; x_wconf 75' lang='lat' dir='ltr'><strong>delegit,</strong></span> <span class='ocrx_word' id='word_1_426' title='bbox 832 2774 963 2802; x_wconf 82' lang='lat' dir='ltr'><strong>amicum-</strong></span> 
     </span>
    </p>
   </div>
   <div class='ocr_carea' id='block_1_73' title="bbox 179 2808 964 2850">
    <p class='ocr_par' dir='ltr' id='par_1_73' title="bbox 179 2808 964 2850">
     <span class='ocr_line' id='line_1_73' title="bbox 179 2808 964 2850; baseline 0.018 -17"><span class='ocrx_word' id='word_1_427' title='bbox 179 2814 232 2840; x_wconf 88' lang='lat' dir='ltr'><strong>que</strong></span> <span class='ocrx_word' id='word_1_428' title='bbox 257 2808 309 2836; x_wconf 83' lang='lat' dir='ltr'><strong>sibi</strong></span> <span class='ocrx_word' id='word_1_429' title='bbox 332 2817 426 2838; x_wconf 82' lang='lat' dir='ltr'><strong>verum</strong></span> <span class='ocrx_word' id='word_1_430' title='bbox 453 2818 480 2839; x_wconf 91' lang='lat' dir='ltr'><strong>et</strong></span> <span class='ocrx_word' id='word_1_431' title='bbox 508 2814 613 2841; x_wconf 89' lang='lat' dir='ltr'><strong>lidelem</strong></span> <span class='ocrx_word' id='word_1_432' title='bbox 642 2818 790 2850; x_wconf 87' lang='lat' dir='ltr'><strong>cooptavit.</strong></span> <span class='ocrx_word' id='word_1_433' title='bbox 815 2818 837 2845; x_wconf 94' lang='grc' dir='ltr'>Ο</span> <span class='ocrx_word' id='word_1_434' title='bbox 865 2820 964 2848; x_wconf 79' lang='lat' dir='ltr'><strong>divina:</strong></span> 
     </span>
    </p>
   </div>
   <div class='ocr_carea' id='block_1_74' title="bbox 179 2855 961 2900">
    <p class='ocr_par' dir='ltr' id='par_1_74' title="bbox 179 2855 961 2900">
     <span class='ocr_line' id='line_1_74' title="bbox 179 2855 961 2900; baseline 0.019 -21"><span class='ocrx_word' id='word_1_435' title='bbox 179 2855 330 2883; x_wconf 79' lang='lat' dir='ltr'><strong>vocationis</strong></span> <span class='ocrx_word' id='word_1_436' title='bbox 352 2859 555 2892; x_wconf 60' lang='lat' dir='ltr'><strong>praestantiam!</strong></span> <span class='ocrx_word' id='word_1_437' title='bbox 568 2861 590 2887; x_wconf 92' lang='lat'><strong>0</strong></span> <span class='ocrx_word' id='word_1_438' title='bbox 608 2869 735 2897; x_wconf 80' lang='lat' dir='ltr'><strong>magnam</strong></span> <span class='ocrx_word' id='word_1_439' title='bbox 753 2869 779 2891; x_wconf 82' lang='lat' dir='ltr'><strong>et</strong></span> <span class='ocrx_word' id='word_1_440' title='bbox 795 2865 961 2900; x_wconf 77' lang='lat' dir='ltr'><strong>singularem</strong></span> 
     </span>
    </p>
   </div>
   <div class='ocr_carea' id='block_1_75' title="bbox 1029 1727 1811 1763">
    <p class='ocr_par' dir='ltr' id='par_1_75' title="bbox 1029 1727 1811 1763">
     <span class='ocr_line' id='line_1_75' title="bbox 1029 1727 1811 1763; baseline -0.001 -9"><span class='ocrx_word' id='word_1_441' title='bbox 1029 1728 1156 1755; x_wconf 82' lang='lat' dir='ltr'><strong>maximis</strong></span> <span class='ocrx_word' id='word_1_442' title='bbox 1186 1728 1324 1763; x_wconf 77' lang='lat' dir='ltr'><strong>mysteriis</strong></span> <span class='ocrx_word' id='word_1_443' title='bbox 1349 1735 1411 1754; x_wconf 88' lang='lat' dir='ltr'><strong>eum</strong></span> <span class='ocrx_word' id='word_1_444' title='bbox 1447 1727 1577 1759; x_wconf 82' lang='lat' dir='ltr'><strong>initiavit,</strong></span> <span class='ocrx_word' id='word_1_445' title='bbox 1609 1732 1636 1754; x_wconf 88' lang='lat' dir='ltr'><strong>et</strong></span> <span class='ocrx_word' id='word_1_446' title='bbox 1663 1727 1811 1761; x_wconf 87' lang='lat' dir='ltr'><strong>sapientem</strong></span> 
     </span>
    </p>
   </div>
   <div class='ocr_carea' id='block_1_76' title="bbox 1027 1772 1812 1806">
    <p class='ocr_par' dir='ltr' id='par_1_76' title="bbox 1027 1772 1812 1806">
     <span class='ocr_line' id='line_1_76' title="bbox 1027 1772 1812 1806; baseline -0.004 -5"><span class='ocrx_word' id='word_1_447' title='bbox 1027 1774 1128 1801; x_wconf 76' lang='lat' dir='ltr'><strong>cli&#39;ecit!</strong></span> <span class='ocrx_word' id='word_1_448' title='bbox 1144 1773 1166 1800; x_wconf 94' lang='lat'><strong>0</strong></span> <span class='ocrx_word' id='word_1_449' title='bbox 1181 1773 1288 1800; x_wconf 83' lang='lat' dir='ltr'><strong>beatam</strong></span> <span class='ocrx_word' id='word_1_450' title='bbox 1308 1773 1380 1800; x_wconf 87' lang='lat' dir='ltr'><strong>illam</strong></span> <span class='ocrx_word' id='word_1_451' title='bbox 1402 1774 1532 1803; x_wconf 86' lang='lat' dir='ltr'><strong>animam,</strong></span> <span class='ocrx_word' id='word_1_452' title='bbox 1562 1773 1672 1806; x_wconf 78' lang='lat' dir='ltr'><strong>dignam</strong></span> <span class='ocrx_word' id='word_1_453' title='bbox 1694 1772 1812 1799; x_wconf 87' lang='lat' dir='ltr'><strong>habitam</strong></span> 
     </span>
    </p>
   </div>
   <div class='ocr_carea' id='block_1_77' title="bbox 1026 1818 1813 1853">
    <p class='ocr_par' dir='ltr' id='par_1_77' title="bbox 1026 1818 1813 1853">
     <span class='ocr_line' id='line_1_77' title="bbox 1026 1818 1813 1853; baseline 0.001 -9"><span class='ocrx_word' id='word_1_454' title='bbox 1026 1826 1086 1852; x_wconf 74' lang='lat' dir='ltr'><strong>quae</strong></span> <span class='ocrx_word' id='word_1_455' title='bbox 1102 1827 1163 1845; x_wconf 90' lang='lat' dir='ltr'><strong>cum</strong></span> <span class='ocrx_word' id='word_1_456' title='bbox 1177 1819 1232 1846; x_wconf 88' lang='lat' dir='ltr'><strong>Deo</strong></span> <span class='ocrx_word' id='word_1_457' title='bbox 1247 1824 1414 1852; x_wconf 86' lang='lat' dir='ltr'><strong>versaretur,</strong></span> <span class='ocrx_word' id='word_1_458' title='bbox 1431 1827 1494 1846; x_wconf 90' lang='lat' dir='ltr'><strong>cum</strong></span> <span class='ocrx_word' id='word_1_459' title='bbox 1510 1818 1564 1846; x_wconf 77' lang='lat' dir='ltr'><strong>Dee</strong></span> <span class='ocrx_word' id='word_1_460' title='bbox 1583 1823 1610 1846; x_wconf 89' lang='lat' dir='ltr'><strong>et</strong></span> <span class='ocrx_word' id='word_1_461' title='bbox 1625 1819 1813 1853; x_wconf 84' lang='lat' dir='ltr'><strong>omnipotente</strong></span> 
     </span>
    </p>
   </div>
   <div class='ocr_carea' id='block_1_78' title="bbox 1027 1862 1811 1896">
    <p class='ocr_par' dir='ltr' id='par_1_78' title="bbox 1027 1862 1811 1896">
     <span class='ocr_line' id='line_1_78' title="bbox 1027 1862 1811 1896; baseline 0.001 -7"><span class='ocrx_word' id='word_1_462' title='bbox 1027 1862 1141 1890; x_wconf 91' lang='lat' dir='ltr'><strong>Domino</strong></span> <span class='ocrx_word' id='word_1_463' title='bbox 1162 1862 1252 1889; x_wconf 89' lang='lat' dir='ltr'><strong>cibum</strong></span> <span class='ocrx_word' id='word_1_464' title='bbox 1269 1869 1398 1896; x_wconf 83' lang='lat' dir='ltr'><strong>sumeret,</strong></span> <span class='ocrx_word' id='word_1_465' title='bbox 1413 1868 1441 1890; x_wconf 89' lang='lat' dir='ltr'><strong>et</strong></span> <span class='ocrx_word' id='word_1_466' title='bbox 1457 1871 1535 1891; x_wconf 87' lang='lat' dir='ltr'><strong>sacra</strong></span> <span class='ocrx_word' id='word_1_467' title='bbox 1552 1863 1690 1894; x_wconf 83' lang='lat' dir='ltr'><strong>doctrina,</strong></span> <span class='ocrx_word' id='word_1_468' title='bbox 1710 1863 1811 1890; x_wconf 84' lang='lat' dir='ltr'><strong>oratio—</strong></span> 
     </span>
    </p>
   </div>
   <div class='ocr_carea' id='block_1_79' title="bbox 1026 1906 1810 1942">
    <p class='ocr_par' dir='ltr' id='par_1_79' title="bbox 1026 1906 1810 1942">
     <span class='ocr_line' id='line_1_79' title="bbox 1026 1906 1810 1942; baseline 0.001 -8"><span class='ocrx_word' id='word_1_469' title='bbox 1026 1915 1087 1934; x_wconf 90' lang='lat' dir='ltr'><strong>nem</strong></span> <span class='ocrx_word' id='word_1_470' title='bbox 1103 1911 1129 1934; x_wconf 91' lang='lat' dir='ltr'><strong>et</strong></span> <span class='ocrx_word' id='word_1_471' title='bbox 1146 1906 1297 1935; x_wconf 79' lang='lat' dir='ltr'><strong>facultatem</strong></span> <span class='ocrx_word' id='word_1_472' title='bbox 1311 1914 1421 1934; x_wconf 87' lang='lat' dir='ltr'><strong>omnem</strong></span> <span class='ocrx_word' id='word_1_473' title='bbox 1436 1913 1595 1942; x_wconf 80' lang='lat' dir='ltr'><strong>superante,</strong></span> <span class='ocrx_word' id='word_1_474' title='bbox 1612 1909 1810 1936; x_wconf 85' lang='lat' dir='ltr'><strong>instrueretur!</strong></span> 
     </span>
    </p>
   </div>
   <div class='ocr_carea' id='block_1_80' title="bbox 1060 1952 1811 1987">
    <p class='ocr_par' dir='ltr' id='par_1_80' title="bbox 1060 1952 1811 1987">
     <span class='ocr_line' id='line_1_80' title="bbox 1060 1952 1811 1987; baseline 0.001 -8"><span class='ocrx_word' id='word_1_475' title='bbox 1060 1953 1103 1980; x_wconf 94' lang='lat' dir='ltr'><strong>lll.</strong></span> <span class='ocrx_word' id='word_1_476' title='bbox 1121 1952 1217 1980; x_wconf 85' lang='lat' dir='ltr'><strong>Postea</strong></span> <span class='ocrx_word' id='word_1_477' title='bbox 1234 1960 1299 1979; x_wconf 90' lang='lat' dir='ltr'><strong>vero</strong></span> <span class='ocrx_word' id='word_1_478' title='bbox 1317 1960 1396 1986; x_wconf 82' lang='lat' dir='ltr'><strong>quant</strong></span> <span class='ocrx_word' id='word_1_479' title='bbox 1414 1954 1574 1987; x_wconf 77' lang='lat' dir='ltr'><strong>magistrum</strong></span> <span class='ocrx_word' id='word_1_480' title='bbox 1588 1961 1668 1980; x_wconf 90' lang='lat' dir='ltr'><strong>suutu</strong></span> <span class='ocrx_word' id='word_1_481' title='bbox 1690 1954 1716 1980; x_wconf 87' lang='lat' dir='ltr'><strong>in</strong></span> <span class='ocrx_word' id='word_1_482' title='bbox 1728 1962 1811 1980; x_wconf 86' lang='lat' dir='ltr'><strong>cruce</strong></span> 
     </span>
    </p>
   </div>
   <div class='ocr_carea' id='block_1_81' title="bbox 1026 1999 1810 2034">
    <p class='ocr_par' dir='ltr' id='par_1_81' title="bbox 1026 1999 1810 2034">
     <span class='ocr_line' id='line_1_81' title="bbox 1026 1999 1810 2034; baseline 0.001 -8"><span class='ocrx_word' id='word_1_483' title='bbox 1026 1999 1161 2030; x_wconf 79' lang='lat' dir='ltr'><strong>sufﬁxum,</strong></span> <span class='ocrx_word' id='word_1_484' title='bbox 1187 1999 1366 2034; x_wconf 89' lang='lat' dir='ltr'><strong>eumdemque</strong></span> <span class='ocrx_word' id='word_1_485' title='bbox 1389 1999 1535 2032; x_wconf 88' lang='lat' dir='ltr'><strong>sepultutn,</strong></span> <span class='ocrx_word' id='word_1_486' title='bbox 1556 2004 1583 2026; x_wconf 91' lang='lat' dir='ltr'><strong>et</strong></span> <span class='ocrx_word' id='word_1_487' title='bbox 1605 2003 1666 2034; x_wconf 88' lang='lat' dir='ltr'><strong>post</strong></span> <span class='ocrx_word' id='word_1_488' title='bbox 1686 2007 1810 2027; x_wconf 87' lang='lat' dir='ltr'><strong>resurre—</strong></span> 
     </span>
    </p>
   </div>
   <div class='ocr_carea' id='block_1_82' title="bbox 1023 2039 1809 2075">
    <p class='ocr_par' dir='ltr' id='par_1_82' title="bbox 1023 2039 1809 2075">
     <span class='ocr_line' id='line_1_82' title="bbox 1023 2039 1809 2075; baseline 0 -3"><span class='ocrx_word' id='word_1_489' title='bbox 1023 2045 1141 2072; x_wconf 87' lang='lat' dir='ltr'><strong>ctionem</strong></span> <span class='ocrx_word' id='word_1_490' title='bbox 1152 2045 1184 2072; x_wconf 88' lang='lat' dir='ltr'><strong>ad</strong></span> <span class='ocrx_word' id='word_1_491' title='bbox 1201 2045 1285 2073; x_wconf 74' lang='lat' dir='ltr'><strong>ctelos</strong></span> <span class='ocrx_word' id='word_1_492' title='bbox 1303 2039 1494 2072; x_wconf 81' lang='lat' dir='ltr'><strong>ascendentem</strong></span> <span class='ocrx_word' id='word_1_493' title='bbox 1511 2045 1588 2075; x_wconf 80' lang='lat' dir='ltr'><strong>vidit,</strong></span> <span class='ocrx_word' id='word_1_494' title='bbox 1601 2050 1627 2072; x_wconf 91' lang='lat' dir='ltr'><strong>et</strong></span> <span class='ocrx_word' id='word_1_495' title='bbox 1643 2045 1809 2072; x_wconf 77' lang='lat' dir='ltr'><strong>sanctissimi</strong></span> 
     </span>
    </p>
   </div>
   <div class='ocr_carea' id='block_1_83' title="bbox 1025 2090 1810 2126">
    <p class='ocr_par' dir='ltr' id='par_1_83' title="bbox 1025 2090 1810 2126">
     <span class='ocr_line' id='line_1_83' title="bbox 1025 2090 1810 2126; baseline 0.001 -8"><span class='ocrx_word' id='word_1_496' title='bbox 1025 2090 1143 2125; x_wconf 83' lang='lat' dir='ltr'><strong>Spiritus</strong></span> <span class='ocrx_word' id='word_1_497' title='bbox 1165 2090 1247 2123; x_wconf 91' lang='lat' dir='ltr'><strong>dono,</strong></span> <span class='ocrx_word' id='word_1_498' title='bbox 1266 2098 1343 2126; x_wconf 78' lang='lat' dir='ltr'><strong>teque</strong></span> <span class='ocrx_word' id='word_1_499' title='bbox 1369 2099 1401 2118; x_wconf 87' lang='lat' dir='ltr'><strong>ac</strong></span> <span class='ocrx_word' id='word_1_500' title='bbox 1425 2091 1523 2125; x_wconf 89' lang='lat' dir='ltr'><strong>reliqui</strong></span> <span class='ocrx_word' id='word_1_501' title='bbox 1547 2092 1676 2126; x_wconf 68' lang='lat' dir='ltr'><strong>apostoli,</strong></span> <span class='ocrx_word' id='word_1_502' title='bbox 1692 2092 1810 2119; x_wconf 86' lang='lat' dir='ltr'><strong>donatus</strong></span> 
     </span>
    </p>
   </div>
   <div class='ocr_carea' id='block_1_84' title="bbox 1023 2137 1809 2172">
    <p class='ocr_par' dir='ltr' id='par_1_84' title="bbox 1023 2137 1809 2172">
     <span class='ocr_line' id='line_1_84' title="bbox 1023 2137 1809 2172; baseline 0 -8"><span class='ocrx_word' id='word_1_503' title='bbox 1023 2143 1073 2170; x_wconf 80' lang='lat' dir='ltr'><strong>est,</strong></span> <span class='ocrx_word' id='word_1_504' title='bbox 1094 2142 1222 2172; x_wconf 88' lang='lat' dir='ltr'><strong>tanquam</strong></span> <span class='ocrx_word' id='word_1_505' title='bbox 1239 2145 1389 2171; x_wconf 75' lang='lat' dir='ltr'><strong>generosus</strong></span> <span class='ocrx_word' id='word_1_506' title='bbox 1403 2137 1503 2171; x_wconf 86' lang='lat' dir='ltr'><strong>aliquis</strong></span> <span class='ocrx_word' id='word_1_507' title='bbox 1522 2138 1611 2168; x_wconf 87' lang='lat' dir='ltr'><strong>miles,</strong></span> <span class='ocrx_word' id='word_1_508' title='bbox 1633 2138 1809 2169; x_wconf 80' lang='lat' dir='ltr'><strong>validissimis</strong></span> 
     </span>
    </p>
   </div>
   <div class='ocr_carea' id='block_1_85' title="bbox 1022 2182 1807 2216">
    <p class='ocr_par' dir='ltr' id='par_1_85' title="bbox 1022 2182 1807 2216">
     <span class='ocr_line' id='line_1_85' title="bbox 1022 2182 1807 2216; baseline 0.001 -7"><span class='ocrx_word' id='word_1_509' title='bbox 1022 2182 1107 2209; x_wconf 84' lang='lat' dir='ltr'><strong>armis</strong></span> <span class='ocrx_word' id='word_1_510' title='bbox 1126 2182 1245 2216; x_wconf 85' lang='lat' dir='ltr'><strong>undique</strong></span> <span class='ocrx_word' id='word_1_511' title='bbox 1273 2182 1407 2214; x_wconf 88' lang='lat' dir='ltr'><strong>munitus,</strong></span> <span class='ocrx_word' id='word_1_512' title='bbox 1435 2183 1567 2210; x_wconf 75' lang='lat' dir='ltr'><strong>adversus</strong></span> <span class='ocrx_word' id='word_1_513' title='bbox 1589 2183 1689 2210; x_wconf 87' lang='lat' dir='ltr'><strong>hostile</strong></span> <span class='ocrx_word' id='word_1_514' title='bbox 1707 2184 1807 2210; x_wconf 90' lang='lat' dir='ltr'><strong>bellum</strong></span> 
     </span>
    </p>
   </div>
   <div class='ocr_carea' id='block_1_86' title="bbox 1022 2229 1808 2264">
    <p class='ocr_par' dir='ltr' id='par_1_86' title="bbox 1022 2229 1808 2264">
     <span class='ocr_line' id='line_1_86' title="bbox 1022 2229 1808 2264; baseline 0.004 -10"><span class='ocrx_word' id='word_1_515' title='bbox 1022 2229 1156 2263; x_wconf 86' lang='lat' dir='ltr'><strong>prosiluit,</strong></span> <span class='ocrx_word' id='word_1_516' title='bbox 1175 2234 1202 2256; x_wconf 89' lang='lat' dir='ltr'><strong>et</strong></span> <span class='ocrx_word' id='word_1_517' title='bbox 1226 2229 1301 2264; x_wconf 89' lang='lat' dir='ltr'><strong>ipsos</strong></span> <span class='ocrx_word' id='word_1_518' title='bbox 1314 2229 1425 2264; x_wconf 87' lang='lat' dir='ltr'><strong>quidem</strong></span> <span class='ocrx_word' id='word_1_519' title='bbox 1446 2229 1539 2256; x_wconf 81' lang='lat' dir='ltr'><strong>hostes</strong></span> <span class='ocrx_word' id='word_1_520' title='bbox 1560 2230 1729 2257; x_wconf 80' lang='lat' dir='ltr'><strong>validissime</strong></span> <span class='ocrx_word' id='word_1_521' title='bbox 1746 2238 1808 2264; x_wconf 90' lang='lat' dir='ltr'><strong>per-</strong></span> 
     </span>
    </p>
   </div>
   <div class='ocr_carea' id='block_1_87' title="bbox 1026 2275 1808 2310">
    <p class='ocr_par' dir='ltr' id='par_1_87' title="bbox 1026 2275 1808 2310">
     <span class='ocr_line' id='line_1_87' title="bbox 1026 2275 1808 2310; baseline 0.004 -10"><span class='ocrx_word' id='word_1_522' title='bbox 1026 2275 1120 2307; x_wconf 85' lang='lat' dir='ltr'><strong>cussit,</strong></span> <span class='ocrx_word' id='word_1_523' title='bbox 1135 2275 1178 2302; x_wconf 81' lang='lat' dir='ltr'><strong>liis</strong></span> <span class='ocrx_word' id='word_1_524' title='bbox 1187 2282 1260 2308; x_wconf 89' lang='lat' dir='ltr'><strong>vero,</strong></span> <span class='ocrx_word' id='word_1_525' title='bbox 1279 2275 1326 2310; x_wconf 90' lang='lat' dir='ltr'><strong>qui</strong></span> <span class='ocrx_word' id='word_1_526' title='bbox 1343 2275 1376 2302; x_wconf 86' lang='lat' dir='ltr'><strong>ad</strong></span> <span class='ocrx_word' id='word_1_527' title='bbox 1399 2275 1481 2302; x_wconf 86' lang='lat' dir='ltr'><strong>vitam</strong></span> <span class='ocrx_word' id='word_1_528' title='bbox 1502 2275 1586 2308; x_wconf 85' lang='lat' dir='ltr'><strong>ipsam</strong></span> <span class='ocrx_word' id='word_1_529' title='bbox 1607 2276 1699 2303; x_wconf 74' lang='lat' dir='ltr'><strong>venire</strong></span> <span class='ocrx_word' id='word_1_530' title='bbox 1714 2276 1808 2303; x_wconf 83' lang='lat' dir='ltr'><strong>stude-</strong></span> 
     </span>
    </p>
   </div>
   <div class='ocr_carea' id='block_1_88' title="bbox 1021 2320 1806 2354">
    <p class='ocr_par' dir='ltr' id='par_1_88' title="bbox 1021 2320 1806 2354">
     <span class='ocr_line' id='line_1_88' title="bbox 1021 2320 1806 2354; baseline 0 -6"><span class='ocrx_word' id='word_1_531' title='bbox 1021 2320 1096 2354; x_wconf 86' lang='lat' dir='ltr'><strong>bant,</strong></span> <span class='ocrx_word' id='word_1_532' title='bbox 1123 2321 1238 2348; x_wconf 85' lang='lat' dir='ltr'><strong>salutem</strong></span> <span class='ocrx_word' id='word_1_533' title='bbox 1256 2321 1423 2348; x_wconf 87' lang='lat' dir='ltr'><strong>conciliavit.</strong></span> <span class='ocrx_word' id='word_1_534' title='bbox 1440 2320 1568 2348; x_wconf 81' lang='lat' dir='ltr'><strong>Tctcndit</strong></span> <span class='ocrx_word' id='word_1_535' title='bbox 1594 2321 1728 2348; x_wconf 87' lang='lat' dir='ltr'><strong>orationis</strong></span> <span class='ocrx_word' id='word_1_536' title='bbox 1750 2330 1806 2349; x_wconf 74' lang='lat' dir='ltr'><strong>sua:</strong></span> 
     </span>
    </p>
   </div>
   <div class='ocr_carea' id='block_1_89' title="bbox 1024 2367 1805 2402">
    <p class='ocr_par' dir='ltr' id='par_1_89' title="bbox 1024 2367 1805 2402">
     <span class='ocr_line' id='line_1_89' title="bbox 1024 2367 1805 2402; baseline 0.001 -9"><span class='ocrx_word' id='word_1_537' title='bbox 1024 2367 1103 2397; x_wconf 90' lang='lat' dir='ltr'><strong>retia,</strong></span> <span class='ocrx_word' id='word_1_538' title='bbox 1115 2371 1143 2393; x_wconf 88' lang='lat' dir='ltr'><strong>et</strong></span> <span class='ocrx_word' id='word_1_539' title='bbox 1154 2371 1248 2402; x_wconf 75' lang='lat' dir='ltr'><strong>gentes</strong></span> <span class='ocrx_word' id='word_1_540' title='bbox 1264 2367 1336 2401; x_wconf 80' lang='lat' dir='ltr'><strong>ipsas</strong></span> <span class='ocrx_word' id='word_1_541' title='bbox 1346 2367 1481 2401; x_wconf 85' lang='lat' dir='ltr'><strong>profundo</strong></span> <span class='ocrx_word' id='word_1_542' title='bbox 1491 2373 1607 2402; x_wconf 74' lang='lat' dir='ltr'><strong>ereptas,</strong></span> <span class='ocrx_word' id='word_1_543' title='bbox 1621 2368 1680 2394; x_wconf 79' lang='lat' dir='ltr'><strong>illas</strong></span> <span class='ocrx_word' id='word_1_544' title='bbox 1695 2368 1805 2402; x_wconf 83' lang='lat' dir='ltr'><strong>quidem</strong></span> 
     </span>
    </p>
   </div>
   <div class='ocr_carea' id='block_1_90' title="bbox 1022 2412 1806 2446">
    <p class='ocr_par' dir='ltr' id='par_1_90' title="bbox 1022 2412 1806 2446">
     <span class='ocr_line' id='line_1_90' title="bbox 1022 2412 1806 2446; baseline 0.003 -8"><span class='ocrx_word' id='word_1_545' title='bbox 1022 2412 1153 2444; x_wconf 78' lang='lat' dir='ltr'><strong>captivas,</strong></span> <span class='ocrx_word' id='word_1_546' title='bbox 1167 2413 1215 2440; x_wconf 90' lang='lat' dir='ltr'><strong>sed</strong></span> <span class='ocrx_word' id='word_1_547' title='bbox 1235 2412 1268 2439; x_wconf 86' lang='lat' dir='ltr'><strong>ad</strong></span> <span class='ocrx_word' id='word_1_548' title='bbox 1282 2413 1365 2440; x_wconf 85' lang='lat' dir='ltr'><strong>vitam</strong></span> <span class='ocrx_word' id='word_1_549' title='bbox 1383 2417 1473 2440; x_wconf 89' lang='lat' dir='ltr'><strong>tamen</strong></span> <span class='ocrx_word' id='word_1_550' title='bbox 1488 2414 1595 2443; x_wconf 79' lang='lat' dir='ltr'><strong>ductas.</strong></span> <span class='ocrx_word' id='word_1_551' title='bbox 1614 2419 1806 2446; x_wconf 81' lang='lat' dir='ltr'><strong>conservavit;</strong></span> 
     </span>
    </p>
   </div>
   <div class='ocr_carea' id='block_1_91' title="bbox 1022 2459 1806 2492">
    <p class='ocr_par' dir='ltr' id='par_1_91' title="bbox 1022 2459 1806 2492">
     <span class='ocr_line' id='line_1_91' title="bbox 1022 2459 1806 2492; baseline 0.001 -7"><span class='ocrx_word' id='word_1_552' title='bbox 1022 2459 1118 2486; x_wconf 88' lang='lat' dir='ltr'><strong>evertit</strong></span> <span class='ocrx_word' id='word_1_553' title='bbox 1138 2459 1272 2486; x_wconf 88' lang='lat' dir='ltr'><strong>idolorum</strong></span> <span class='ocrx_word' id='word_1_554' title='bbox 1290 2460 1400 2492; x_wconf 79' lang='lat' dir='ltr'><strong>templa,</strong></span> <span class='ocrx_word' id='word_1_555' title='bbox 1426 2465 1454 2486; x_wconf 88' lang='lat' dir='ltr'><strong>et</strong></span> <span class='ocrx_word' id='word_1_556' title='bbox 1484 2459 1530 2486; x_wconf 84' lang='lat' dir='ltr'><strong>Dei</strong></span> <span class='ocrx_word' id='word_1_557' title='bbox 1549 2460 1681 2487; x_wconf 89' lang='lat' dir='ltr'><strong>ecclesias</strong></span> <span class='ocrx_word' id='word_1_558' title='bbox 1703 2461 1806 2492; x_wconf 85' lang='lat' dir='ltr'><strong>erexit;</strong></span> 
     </span>
    </p>
   </div>
   <div class='ocr_carea' id='block_1_92' title="bbox 1022 2504 1806 2532">
    <p class='ocr_par' dir='ltr' id='par_1_92' title="bbox 1022 2504 1806 2532">
     <span class='ocr_line' id='line_1_92' title="bbox 1022 2504 1806 2532; baseline 0.001 -2"><span class='ocrx_word' id='word_1_559' title='bbox 1022 2504 1140 2530; x_wconf 87' lang='lat' dir='ltr'><strong>humana</strong></span> <span class='ocrx_word' id='word_1_560' title='bbox 1167 2504 1249 2531; x_wconf 87' lang='lat' dir='ltr'><strong>corda</strong></span> <span class='ocrx_word' id='word_1_561' title='bbox 1273 2505 1300 2530; x_wconf 91' lang='lat' dir='ltr'><strong>in</strong></span> <span class='ocrx_word' id='word_1_562' title='bbox 1325 2505 1495 2531; x_wconf 82' lang='lat' dir='ltr'><strong>sterilitatem</strong></span> <span class='ocrx_word' id='word_1_563' title='bbox 1522 2512 1655 2532; x_wconf 88' lang='lat' dir='ltr'><strong>conversa</strong></span> <span class='ocrx_word' id='word_1_564' title='bbox 1686 2505 1806 2532; x_wconf 74' lang='lat' dir='ltr'><strong>cmlestis</strong></span> 
     </span>
    </p>
   </div>
   <div class='ocr_carea' id='block_1_93' title="bbox 1021 2549 1804 2583">
    <p class='ocr_par' dir='ltr' id='par_1_93' title="bbox 1021 2549 1804 2583">
     <span class='ocr_line' id='line_1_93' title="bbox 1021 2549 1804 2583; baseline 0 -9"><span class='ocrx_word' id='word_1_565' title='bbox 1021 2549 1152 2575; x_wconf 70' lang='lat' dir='ltr'><strong>doctrinae</strong></span> <span class='ocrx_word' id='word_1_566' title='bbox 1167 2554 1257 2575; x_wconf 85' lang='lat' dir='ltr'><strong>aratro</strong></span> <span class='ocrx_word' id='word_1_567' title='bbox 1276 2549 1416 2576; x_wconf 85' lang='lat' dir='ltr'><strong>renovavit</strong></span> <span class='ocrx_word' id='word_1_568' title='bbox 1433 2557 1538 2583; x_wconf 87' lang='lat' dir='ltr'><strong>:eaque</strong></span> <span class='ocrx_word' id='word_1_569' title='bbox 1553 2551 1591 2576; x_wconf 72' lang='lat' dir='ltr'><strong>ita</strong></span> <span class='ocrx_word' id='word_1_570' title='bbox 1614 2549 1746 2581; x_wconf 64' lang='lat' dir='ltr'><strong>excoluit,</strong></span> <span class='ocrx_word' id='word_1_571' title='bbox 1765 2553 1804 2579; x_wconf 85' lang='lat' dir='ltr'><strong>ut,</strong></span> 
     </span>
    </p>
   </div>
   <div class='ocr_carea' id='block_1_94' title="bbox 1022 2594 1804 2629">
    <p class='ocr_par' dir='ltr' id='par_1_94' title="bbox 1022 2594 1804 2629">
     <span class='ocr_line' id='line_1_94' title="bbox 1022 2594 1804 2629; baseline 0.001 -10"><span class='ocrx_word' id='word_1_572' title='bbox 1022 2597 1150 2628; x_wconf 86' lang='lat' dir='ltr'><strong>tanquam</strong></span> <span class='ocrx_word' id='word_1_573' title='bbox 1174 2594 1278 2622; x_wconf 87' lang='lat' dir='ltr'><strong>feraces</strong></span> <span class='ocrx_word' id='word_1_574' title='bbox 1303 2595 1404 2628; x_wconf 88' lang='lat' dir='ltr'><strong>campi,</strong></span> <span class='ocrx_word' id='word_1_575' title='bbox 1432 2595 1549 2622; x_wconf 88' lang='lat' dir='ltr'><strong>frttctum</strong></span> <span class='ocrx_word' id='word_1_576' title='bbox 1576 2595 1647 2622; x_wconf 83' lang='lat' dir='ltr'><strong>ferre</strong></span> <span class='ocrx_word' id='word_1_577' title='bbox 1671 2600 1804 2629; x_wconf 85' lang='lat' dir='ltr'><strong>possent:</strong></span> 
     </span>
    </p>
   </div>
   <div class='ocr_carea' id='block_1_95' title="bbox 1020 2639 1803 2671">
    <p class='ocr_par' dir='ltr' id='par_1_95' title="bbox 1020 2639 1803 2671">
     <span class='ocr_line' id='line_1_95' title="bbox 1020 2639 1803 2671; baseline 0 -6"><span class='ocrx_word' id='word_1_578' title='bbox 1020 2639 1144 2665; x_wconf 82' lang='lat' dir='ltr'><strong>accendit</strong></span> <span class='ocrx_word' id='word_1_579' title='bbox 1155 2639 1347 2666; x_wconf 81' lang='lat' dir='ltr'><strong>miraculorum</strong></span> <span class='ocrx_word' id='word_1_580' title='bbox 1361 2639 1459 2671; x_wconf 90' lang='lat' dir='ltr'><strong>faectn,</strong></span> <span class='ocrx_word' id='word_1_581' title='bbox 1473 2639 1653 2667; x_wconf 76' lang='lat' dir='ltr'><strong>etail‘eetuum</strong></span> <span class='ocrx_word' id='word_1_582' title='bbox 1668 2640 1803 2666; x_wconf 86' lang='lat' dir='ltr'><strong>humano-</strong></span> 
     </span>
    </p>
   </div>
   <div class='ocr_carea' id='block_1_96' title="bbox 1020 2685 1803 2721">
    <p class='ocr_par' dir='ltr' id='par_1_96' title="bbox 1020 2685 1803 2721">
     <span class='ocr_line' id='line_1_96' title="bbox 1020 2685 1803 2721; baseline 0.001 -10"><span class='ocrx_word' id='word_1_583' title='bbox 1020 2693 1079 2711; x_wconf 91' lang='lat' dir='ltr'><strong>rum</strong></span> <span class='ocrx_word' id='word_1_584' title='bbox 1097 2685 1239 2720; x_wconf 80' lang='lat' dir='ltr'><strong>caliginem</strong></span> <span class='ocrx_word' id='word_1_585' title='bbox 1263 2686 1438 2720; x_wconf 74' lang='lat' dir='ltr'><strong>prol&#39;ugavit:</strong></span> <span class='ocrx_word' id='word_1_586' title='bbox 1459 2686 1486 2713; x_wconf 91' lang='lat' dir='ltr'><strong>in</strong></span> <span class='ocrx_word' id='word_1_587' title='bbox 1516 2694 1696 2721; x_wconf 81' lang='lat' dir='ltr'><strong>quascunque</strong></span> <span class='ocrx_word' id='word_1_588' title='bbox 1713 2690 1803 2720; x_wconf 78' lang='lat' dir='ltr'><strong>partes</strong></span> 
     </span>
    </p>
   </div>
   <div class='ocr_carea' id='block_1_97' title="bbox 1017 2731 1800 2766">
    <p class='ocr_par' dir='ltr' id='par_1_97' title="bbox 1017 2731 1800 2766">
     <span class='ocr_line' id='line_1_97' title="bbox 1017 2731 1800 2766; baseline 0.003 -10"><span class='ocrx_word' id='word_1_589' title='bbox 1017 2731 1184 2764; x_wconf 84' lang='lat' dir='ltr'><strong>permeabat,</strong></span> <span class='ocrx_word' id='word_1_590' title='bbox 1196 2731 1269 2758; x_wconf 85' lang='lat' dir='ltr'><strong>velut</strong></span> <span class='ocrx_word' id='word_1_591' title='bbox 1278 2731 1355 2758; x_wconf 85' lang='lat' dir='ltr'><strong>stella</strong></span> <span class='ocrx_word' id='word_1_592' title='bbox 1367 2732 1612 2766; x_wconf 72' lang='lat' dir='ltr'><strong>qumdamjustitite</strong></span> <span class='ocrx_word' id='word_1_593' title='bbox 1631 2731 1715 2758; x_wconf 87' lang='lat' dir='ltr'><strong>solem</strong></span> <span class='ocrx_word' id='word_1_594' title='bbox 1730 2739 1800 2765; x_wconf 78' lang='lat' dir='ltr'><strong>prte-</strong></span> 
     </span>
    </p>
   </div>
   <div class='ocr_carea' id='block_1_98' title="bbox 1016 2777 1802 2813">
    <p class='ocr_par' dir='ltr' id='par_1_98' title="bbox 1016 2777 1802 2813">
     <span class='ocr_line' id='line_1_98' title="bbox 1016 2777 1802 2813; baseline 0.003 -9"><span class='ocrx_word' id='word_1_595' title='bbox 1016 2777 1121 2808; x_wconf 83' lang='lat' dir='ltr'><strong>tlieans.</strong></span> <span class='ocrx_word' id='word_1_596' title='bbox 1152 2777 1340 2812; x_wconf 77' lang='lat' dir='ltr'><strong>illustretttque</strong></span> <span class='ocrx_word' id='word_1_597' title='bbox 1370 2778 1502 2813; x_wconf 78' lang='lat' dir='ltr'><strong>fulgorem</strong></span> <span class='ocrx_word' id='word_1_598' title='bbox 1526 2778 1667 2808; x_wconf 81' lang='lat' dir='ltr'><strong>etnittens.</strong></span> <span class='ocrx_word' id='word_1_599' title='bbox 1687 2777 1802 2806; x_wconf 72' lang='lat' dir='ltr'><strong>fallacia:</strong></span> 
     </span>
    </p>
   </div>
   <div class='ocr_carea' id='block_1_99' title="bbox 1015 2825 1801 2859">
    <p class='ocr_par' dir='ltr' id='par_1_99' title="bbox 1015 2825 1801 2859">
     <span class='ocr_line' id='line_1_99' title="bbox 1015 2825 1801 2859; baseline 0.001 -9"><span class='ocrx_word' id='word_1_600' title='bbox 1015 2825 1142 2851; x_wconf 85' lang='lat' dir='ltr'><strong>tenebras</strong></span> <span class='ocrx_word' id='word_1_601' title='bbox 1160 2825 1318 2853; x_wconf 73' lang='lat' dir='ltr'><strong>destruebat</strong></span> <span class='ocrx_word' id='word_1_602' title='bbox 1335 2834 1341 2852; x_wconf 89' lang='lat'><strong><em>:</em></strong></span> <span class='ocrx_word' id='word_1_603' title='bbox 1357 2830 1385 2852; x_wconf 91' lang='lat' dir='ltr'><strong>et</strong></span> <span class='ocrx_word' id='word_1_604' title='bbox 1408 2826 1533 2853; x_wconf 78' lang='lat' dir='ltr'><strong>oratione</strong></span> <span class='ocrx_word' id='word_1_605' title='bbox 1557 2825 1668 2859; x_wconf 67' lang='lat' dir='ltr'><strong>quidem</strong></span> <span class='ocrx_word' id='word_1_606' title='bbox 1698 2825 1801 2852; x_wconf 65' lang='lat' dir='ltr'><strong>daemo-</strong></span> 
     </span>
    </p>
   </div>
   <div class='ocr_carea' id='block_1_100' title="bbox 1015 2869 1800 2906">
    <p class='ocr_par' dir='ltr' id='par_1_100' title="bbox 1015 2869 1800 2906">
     <span class='ocr_line' id='line_1_100' title="bbox 1015 2869 1800 2906; baseline 0.003 -10"><span class='ocrx_word' id='word_1_607' title='bbox 1015 2876 1064 2897; x_wconf 87' lang='lat' dir='ltr'><strong>nes</strong></span> <span class='ocrx_word' id='word_1_608' title='bbox 1081 2870 1153 2904; x_wconf 74' lang='lat' dir='ltr'><strong>ipsos</strong></span> <span class='ocrx_word' id='word_1_609' title='bbox 1171 2869 1291 2906; x_wconf 78' lang='lat' dir='ltr'><strong>fugabat,</strong></span> <span class='ocrx_word' id='word_1_610' title='bbox 1310 2871 1439 2906; x_wconf 76' lang='lat' dir='ltr'><strong>precibus</strong></span> <span class='ocrx_word' id='word_1_611' title='bbox 1454 2875 1546 2898; x_wconf 82' lang='lat' dir='ltr'><strong>autem</strong></span> <span class='ocrx_word' id='word_1_612' title='bbox 1564 2871 1676 2898; x_wconf 86' lang='lat' dir='ltr'><strong>morbos</strong></span> <span class='ocrx_word' id='word_1_613' title='bbox 1690 2870 1800 2898; x_wconf 81' lang='lat' dir='ltr'><strong>insana-</strong></span> 
     </span>
    </p>
   </div>
  </div>
