2075 3154
260 153 332 186 1423

811 159 841 188 S.
862 157 1017 189 JOSEPHI
1039 156 1318 187 HYMNOGRAPHI

1811 159 1879 192 1424

257 213 326 241 biles
335 212 462 244 curabat,
472 213 595 248 leprosos
607 213 722 241 mundos
733 213 847 247 faciens,
861 216 943 243 caecis
956 215 1044 243 visum
1061 218 1081 245 Α
1096 220 1148 244 est.
1162 219 1189 241 et
1199 214 1355 241 divinorum
1383 214 1567 248 apostolorum
1595 215 1696 243 chorus
1722 216 1880 245 exsultavit.

259 259 535 290 restituens,claudos
547 260 579 286 ad
590 260 755 287 currendum
765 262 907 296 expeditos
914 262 1042 293 reddens.

257 306 340 332 corda
355 304 472 339 denique
487 309 514 331 et
529 305 637 332 animos
652 305 848 334 imbecilliores
863 307 1043 334 conlirmans.

292 349 337 376 iV.
352 349 417 376 Erat
432 356 484 375 una
502 357 564 376 cum
591 349 791 378 Bartholomreo
808 357 836 378 et
860 350 891 378 Β.
910 352 955 378 ille
979 359 1043 384 apo-

259 395 347 422 stolus
365 394 515 429 Philippus.
540 402 658 429 quocum
677 396 763 423 multo
781 400 904 431 tempore
919 396 1042 422 divinum

260 442 440 477 Evangelium
457 442 623 476 praedicavit.
640 442 672 469 Hi
687 450 749 470 cum
762 443 789 469 in
803 443 898 470 urbem
914 441 1046 476 Hierapo-

259 489 305 515 lim
322 488 471 518 venissent,
496 488 542 515 cui
564 488 641 522 prius
658 495 757 516 nomen
784 494 844 516 erat
868 488 1045 523 Ophioryme,

259 534 359 567 inultas
371 542 508 562 :erumuas
527 538 554 561 et
576 534 718 562 cruciatus
737 542 790 562 non
815 535 966 562 mediocres
982 542 1045 561 sus-

259 580 410 611 tinuerunt,
426 587 488 606 cum
514 579 573 616 eius
591 579 710 609 civitatis
730 579 856 609 homines
873 578 984 609 violenti
1002 585 1045 608 es-

259 631 321 653 sent
333 630 360 653 et
373 625 450 652 valde
460 625 602 652 inhumani
621 634 627 651 :
642 624 743 659 quippe
758 626 804 660 qui
818 625 939 659 viperam
957 624 1054 652 colere.

259 676 467 704 consueverant,
486 679 620 704 venenum
639 672 798 707 pestiferum
816 675 844 698 et
859 670 972 702 lethale,
987 674 1046 696 tan-

260 726 341 758 quam
356 717 475 745 frncttnn
493 717 610 752 aliquem
627 717 820 752 percipientes.
839 716 880 743 Illi
899 723 960 744 cum
977 715 1047 745 divi-

262 772 312 796 nos
331 763 471 798 apostolos
487 762 629 794 vidissent,
645 761 771 790 dicebant
785 768 887 788 novum
901 760 1045 795 quemdam

262 810 344 836 Deum
357 808 455 839 abillis
468 808 598 840 nuntiari,
609 813 636 835 et
647 815 661 834 a
672 813 764 839 vetere
774 807 847 838 cultu
862 807 937 846 ipsos
948 807 1044 837 averti,

260 860 342 889 atque
357 862 372 881 a
389 854 510 888 paternis
521 852 715 880 traditionibus
727 852 887 880 abalienari.
902 851 1041 885 Quamob-

1089 270 1093 273 -
1133 257 1176 285 Vl.
1192 259 1260 286 Cum
1271 267 1334 286 vero
1348 260 1463 287 multum
1475 260 1604 294 temporis
1618 261 1806 295 prasteriisset,
1820 263 1882 298 ejus

1096 305 1217 339 regionis
1235 305 1366 340 tyrannip
1382 305 1442 332 vitze
1468 307 1631 340 pravitatem
1657 313 1830 340 exercentes.
1853 315 1882 338 et

1097 348 1244 374 multorum
1276 349 1389 376 deorum
1417 349 1549 377 ebrietate
1577 351 1790 385 debaecbantes,
1819 361 1881 381 cum

1097 393 1220 420 viderent
1232 394 1338 422 [oculos
1352 395 1424 427 illos,
1440 396 1466 422 in
1480 396 1581 430 quibus
1596 397 1667 424 beati
1681 399 1799 433 apostoli
1813 399 1881 426 Bar-

1098 436 1234 466 tholomazi
1261 440 1382 475 reliquiae
1395 441 1513 468 condita:
1534 447 1624 475 erant,
1650 443 1791 478 splendida
1806 452 1882 478 qua:—

1097 484 1160 511 dam
1186 490 1214 512 et
1229 485 1347 514 illustria
1369 487 1501 515 miracula
1516 488 1608 519 edere,
1631 494 1658 515 et
1680 497 1729 517 eos
1747 498 1761 517 a
1782 490 1883 518 morbis

1098 530 1215 558 liberare
1244 533 1290 566 qui
1319 540 1352 559 eo
1376 534 1552 566 accedebant,
1568 542 1682 569 pravum
1697 537 1842 564 consilium
1857 542 1885 563 et

1099 583 1149 603 suo
1174 579 1314 611 proposito
1329 579 1441 613 dignum
1465 579 1597 607 inierunt.
1618 580 1723 614 Venite,
1742 582 1884 616 inquiunt,

1098 622 1125 649 in
1144 624 1307 658 profundum
1324 633 1398 652 mare
1412 633 1512 660 corpus
1526 626 1576 654 hoc
1594 627 1794 662 demergamus.
1816 627 1885 660 Sed,

1098 669 1232 702 omiseri,
1250 670 1347 704 ejnsne
1370 679 1471 706 corpus
1494 672 1521 699 in
1547 680 1623 700 mare
1645 673 1820 709 demergetis,
1837 675 1885 709 qui

1097 715 1263 749 profundum
1280 716 1355 747 illum
1371 717 1517 744 draconem
1536 718 1563 745 in
1579 719 1663 745 altum
1678 719 1820 753 demersit,
1835 723 1883 756 qui

1099 761 1227 791 salutaris
1242 769 1320 797 aqua:
1335 762 1437 790 fontem
1453 764 1567 798 aperuit,
1582 770 1610 792 et
1629 765 1737 793 abunde
1762 767 1884 795 caelestia

1098 806 1224 842 dogmata
1242 808 1399 838 hominibus
1424 809 1582 844 impertivit.
1617 809 1721 844 Venite,
1742 812 1881 846 inquiunt,

1099 853 1167 879 mari
1182 853 1340 881 obruamus.
1355 853 1459 881 Eumne
1471 861 1519 881 vos
1534 855 1667 889 obruetis,
1677 857 1724 891 qui
1739 858 1883 886 veritatem

262 909 316 927 tem
330 908 392 927 cum
403 907 500 929 manus
516 899 544 926 in
557 899 782 933 eosinjecissent,
799 897 966 925 admirandae
984 905 1048 925 san-
1064 896 1084 923 Β
1100 903 1177 926 antea
1201 900 1326 927 obrutam
1358 900 1471 932 detexit,
1489 905 1517 928 et
1536 901 1702 931 inﬁdelitatis
1718 905 1884 934 saltsedinem

261 947 363 973 t-tilatis
377 946 467 972 virutn
480 945 633 980 apostolum
643 945 805 980 Philippum
817 951 899 972 cruce
915 943 1047 971 condem-

261 996 409 1024 naveruut;
419 991 528 1019 divinus
534 997 624 1019 autem
635 982 860 1023 Bait‘tltolomaaus,
870 990 956 1016 instar
962 989 1048 1016 alicu-

258 1040 304 1072 jus
314 1038 390 1064 bovis
400 1037 550 1068 aratoris,a
564 1044 616 1063 suo
627 1043 754 1070 compare
764 1040 905 1071 separatus
921 1035 1050 1070 ingemis-

261 1085 342 1112 cebat
354 1092 386 1111 ac
397 1083 597 1111 lumentabatur
606 1082 726 1117 quidem,
737 1082 783 1109 sed
796 1089 850 1109 non
860 1081 1002 1108 desinebat
1010 1085 1050 1107 tas

263 1137 322 1155 men
342 1135 452 1156 suavem
475 1128 550 1154 illum
568 1127 674 1154 sulcum
692 1127 804 1159 ducere,
825 1126 872 1161 qui
894 1126 1047 1153 animarum

261 1174 384 1209 agricolae
395 1173 448 1200 Deo
457 1173 552 1200 uberes
560 1173 667 1200 fructus
674 1172 807 1199 allaturus
816 1176 889 1199 esset
898 1181 905 1199 :
915 1171 1049 1207 quinimo,

261 1221 298 1246 ila
312 1222 536 1250 utconsneverat,
546 1218 599 1245 huc
607 1223 690 1253 atque
702 1218 767 1245 illuc
776 1217 868 1244 obibat
877 1217 938 1244 ﬁdei
945 1223 1049 1244 sermo-

262 1273 323 1297 nem
332 1266 525 1296 disscminans,
533 1272 643 1300 pravam
651 1264 784 1292 zizaniam
794 1263 922 1295 evellens,
933 1267 961 1291 et
970 1262 1050 1297 quid-

261 1312 325 1346 quid
339 1311 458 1340 salutare
479 1311 512 1337 iis
534 1315 618 1341 esset,
633 1310 680 1344 qui
698 1317 760 1337 eum
775 1309 973 1343 suscipiebant,
986 1308 1050 1336 dili-

262 1363 356 1393 genter
373 1357 528 1384 declarans.
544 1356 566 1383 Ο
583 1357 677 1383 beatos
690 1357 752 1383 illos
767 1356 859 1390 pedes,
877 1354 1049 1390 Evangelicis

263 1405 401 1443 gressibus
413 1404 554 1438 speciosus
569 1403 666 1435 iactos,
682 1408 710 1429 et
721 1402 754 1429 ad
768 1402 933 1428 inﬁnitarum
946 1401 1050 1427 anima-

263 1459 324 1478 rum
335 1450 506 1484 adeptionem
517 1455 590 1478 recta
600 1449 643 1475 via
657 1448 877 1483 progredientes!
894 1448 916 1475 0
929 1448 1049 1482 linguam

264 1496 337 1525 illam
356 1495 489 1528 divinam,
506 1502 540 1522 ex
557 1502 611 1529 qua
625 1494 755 1521 salutaris
770 1491 851 1528 potus
872 1494 985 1526 efﬂuxit,
1002 1493 1050 1528 qui

263 1544 297 1574 ab
310 1542 456 1577 itnpielatis
467 1547 533 1569 aestu
551 1542 652 1569 multos
667 1541 811 1569 liberavit!
829 1541 852 1568 0
866 1548 973 1572 manus.
989 1548 1050 1575 qua:

263 1589 399 1616 violentos
418 1589 509 1615 hostes
527 1592 731 1622 expugnarunt,
753 1591 781 1615 et
810 1587 916 1614 animas
941 1587 1014 1621 ipsas
1035 1594 1050 1614 e

262 1634 363 1662 diaboli
385 1635 512 1662 manibus
528 1634 702 1668 eripuerunt!
717 1633 739 1661 Ο
754 1633 862 1661 divinos
876 1637 904 1660 et
927 1633 1050 1660 illustres

263 1681 368 1712 oculos,
392 1688 441 1715 per
466 1687 535 1714 quos
561 1679 709 1706 multorum
734 1679 806 1706 oculi
831 1678 957 1715 patefacti
975 1684 1049 1710 sunt,

263 1727 308 1761 qui
322 1731 399 1753 erant
412 1726 532 1760 perﬁdiae
547 1725 667 1752 tenebris
679 1724 817 1752 obscurati
830 1725 837 1750 ξ

300 1772 331 1799 V.
345 1773 413 1799 Cum
431 1772 513 1804 igitur
527 1772 652 1805 regiones
666 1770 727 1797 illas
741 1770 777 1797 ita
790 1774 959 1804 peragraret,
978 1769 1051 1796 venit

231 1819 234 1821 “
263 1818 295 1845 ad
308 1817 403 1844 urbem
418 1816 565 1852 quamdam
575 1836 582 1848 ,
598 1816 677 1850 cujus
692 1815 765 1843 cives
777 1823 839 1842 cum
854 1815 989 1842 idolorum
1004 1822 1051 1842 su-

264 1863 425 1898 perstitione
448 1862 603 1895 liberasset,
625 1862 659 1888 ab
673 1861 734 1896 ejus
752 1861 805 1888 loci
826 1861 941 1895 praeside
956 1862 1049 1888 crucis

263 1909 396 1944 supplicio
410 1913 436 1935 et
450 1908 507 1943 ipse
523 1907 721 1934 condemnatus
744 1911 796 1933 est.
815 1907 855 1933 Ad
874 1914 956 1941 quam
983 1907 1049 1933 dum

264 1957 359 1983 beatus
374 1954 418 1981 ille
430 1954 582 1984 accederet,
600 1957 674 1980 totus
685 1953 785 1987 gaudio
798 1952 926 1987 perfusus
941 1961 946 1978 :
959 1952 1049 1984 Salve,

264 2001 362 2035 inqttit,
388 2008 466 2033 crux,
487 2007 534 2034 per
555 2007 637 2034 quant
657 1999 808 2026 humanmn
835 2005 921 2032 genus
951 1997 1051 2032 gaudio

264 2047 389 2079 allectum
406 2051 456 2073 est.
480 2045 570 2078 Salve,
587 2044 648 2078 eius
660 2044 751 2071 crucis
764 2043 891 2075 imitatio,
909 2051 957 2078 per
968 2051 1049 2077 quam

264 2096 380 2125 mortem
396 2087 533 2123 dissolvit,
550 2096 578 2117 et
603 2090 733 2117 mortales
756 2089 829 2124 ipsos
843 2089 1051 2115 immortalitate

263 2138 385 2165 donavit.
397 2137 488 2169 Salve,
501 2144 580 2168 crux,
599 2136 626 2162 in
641 2143 722 2170 quam
737 2143 799 2162 cum
815 2135 941 2162 Christus
955 2142 1051 2161 ascen-

263 2185 312 2217 dit,
331 2189 452 2211 terrenos
471 2182 595 2209 homines
612 2181 737 2209 cwlcstes
754 2180 855 2208 clfecit.
865 2181 954 2213 Salve,
971 2188 1049 2213 crux,

264 2237 324 2265 qua.
337 2229 402 2255 mihi
429 2228 492 2254 hinc
507 2227 631 2261 migranti
658 2227 814 2253 vehiculum
830 2226 924 2254 effecta
938 2234 978 2258 es,
995 2233 1050 2260 quo
1067 2236 1088 2266 ι)

263 2277 296 2309 ad
313 2276 397 2303 ccelos
421 2275 531 2311 perduci
549 2273 651 2308 possim
667 2282 673 2300 :
692 2282 753 2307 quze
776 2272 896 2307 denique
912 2273 965 2299 mei
981 2280 1050 2307 prae-

263 2322 381 2356 ceploris
393 2321 557 2348 imitatorem
580 2329 623 2347 me
641 2320 739 2346 fecisti.
755 2319 795 2346 Ad
812 2324 838 2346 te
852 2320 980 2352 ascendo,
1005 2327 1052 2346 nc-

263 2375 316 2402 que
329 2375 432 2394 moram
445 2368 531 2399 duco;
545 2367 601 2401 jam
618 2366 691 2396 enim
707 2370 814 2400 tempus
826 2372 916 2392 meum
931 2364 1052 2398 comple-

265 2420 321 2444 lljlll
338 2418 390 2440 εει.
417 2412 522 2439 Βοιιυηι
552 2417 692 2440 certamen
709 2411 822 2443 certavi,
848 2417 960 2437 CIII‘SUID
986 2418 1052 2436 0011-

264 2459 408 2492 smnmavi,
425 2458 504 2486 ﬁdem
520 2458 627 2485 Servari
642 2466 649 2484 :
666 2465 736 2492 opus
749 2457 820 2492 quod
843 2456 910 2483 mihi
925 2455 1051 2483 Christus

264 2503 393 2537 magister
407 2510 484 2530 meus
499 2503 621 2535 tradidit,
641 2502 753 2536 perfeci.
770 2502 831 2529 llaec
845 2508 910 2528 cum
923 2501 1049 2534 dixisset,

263 2555 290 2579 et
302 2548 386 2579 Deum
403 2551 530 2582 precatus
544 2552 628 2579 esset,
648 2547 753 2582 rogavit
773 2547 916 2573 carniﬁces
931 2545 1003 2578 illos,
1022 2550 1052 2572 ut

263 2601 343 2621 verso
356 2594 383 2620 in
399 2598 499 2620 terram
516 2593 616 2627 capite,
641 2594 668 2620 in
682 2600 764 2620 cruce
783 2592 956 2627 sumgeretur
980 2601 986 2618 :
1002 2600 1053 2619 nec

264 2645 367 2673 rectus,
393 2639 623 2674 quemadmodum
650 2639 710 2673 ejus
729 2639 869 2675 magister,
897 2639 923 2665 in
940 2646 1050 2665 crucem

265 2692 408 2722 ageretur;
424 2687 462 2714 ita
473 2691 500 2713 et
517 2687 543 2712 in
560 2686 626 2720 ipsis
640 2686 810 2713 cruciatibus
830 2692 907 2712 suam
925 2685 950 2711 in
967 2684 1052 2719 magi-

265 2738 352 2760 strum
361 2732 541 2761 reverentiam
554 2731 822 2763 cotlservabat.Quin
835 2730 916 2757 etiam
930 2731 956 2757 in
970 2737 1052 2757 cruce

265 2777 390 2811 sumxus,
415 2782 477 2804 cum
493 2777 626 2805 fratribus
651 2776 723 2811 loqui
751 2784 804 2802 non
831 2777 943 2809 destitit,
961 2776 1050 2810 quoad

267 2823 469 2856 sanctissimam
496 2823 569 2849 illam
592 2823 710 2849 animam
739 2822 793 2849 Duo
821 2823 944 2849 tradidit.
966 2823 1051 2857 Cujus

267 2876 409 2901 ascensum
428 2870 515 2910 angeli
531 2869 662 2910 applausu
676 2874 852 2910 exceperunt,
862 2877 908 2900 aer
919 2874 1051 2909 purgatus

1099 945 1303 971 exterminavit.
1335 944 1438 977 Venite,
1456 946 1594 980 inquiunt,
1608 952 1635 974 et
1650 950 1827 978 temerarium
1843 951 1883 978 fu-

1099 997 1188 1016 rorem
1202 989 1380 1024 eﬂ'undentes,
1398 991 1426 1018 in
1449 992 1602 1021 maritimas
1618 994 1707 1022 undas
1718 995 1770 1023 hoc
1786 1004 1885 1032 corpus

1099 1034 1288 1069 projiciamus,
1304 1043 1338 1063 ne
1349 1043 1382 1063 ex
1405 1044 1448 1068 eo.
1466 1042 1595 1072 tauquam
1609 1047 1625 1066 e
1645 1041 1774 1069 rationali
1790 1044 1884 1078 aliquo

1099 1080 1221 1112 flumine,
1235 1082 1309 1109 salus
1326 1082 1359 1109 ad
1372 1090 1420 1110 eos
1436 1082 1545 1117 deﬂuat,
1566 1085 1612 1120 qui
1624 1087 1782 1115 morborum
1794 1096 1879 1124 angu-

1100 1127 1160 1154 stiis
1174 1127 1401 1161 comprimuntur.

1136 1171 1192 1200 Vll.
1204 1172 1266 1200 Haec
1285 1181 1348 1206 cum
1361 1174 1503 1208 dixissent,
1513 1176 1587 1210 quod
1601 1179 1750 1212 cogitaram
1762 1181 1883 1215 aggressi

1100 1223 1175 1252 sunt,
1188 1224 1214 1246 et
1230 1227 1283 1246 una
1303 1228 1365 1247 cum
1381 1226 1498 1255 quatuor
1513 1222 1628 1250 aliorum
1648 1229 1798 1260 martyrum
1811 1227 1885 1254 locu-

1101 1265 1145 1296 lis,
1159 1265 1230 1292 beati
1245 1265 1437 1294 Barthotomzei
1451 1267 1615 1302 reliquiasin
1630 1277 1705 1297 mare
1717 1271 1884 1305 deiecerunt.

1100 1308 1232 1345 Martyres
1249 1316 1338 1338 autem
1355 1311 1394 1339 illi
1411 1312 1535 1348 gloriosi,
1559 1315 1713 1349 apostolum
1737 1317 1884 1346 Bartholo-

1101 1363 1199 1387 mremn
1215 1357 1291 1384 valde
1304 1358 1447 1393 inclytum,
1462 1359 1516 1387 duo
1529 1367 1545 1387 a
1561 1352 1685 1393 dextera,
1700 1368 1727 1390 et
1744 1363 1800 1391 duo
1813 1372 1829 1391 a
1845 1365 1885 1392 si-

1101 1403 1186 1431 nistra
1201 1407 1286 1436 parte,
1306 1404 1426 1433 medium
1440 1405 1580 1438 habentes,
1596 1407 1714 1435 Pontum
1724 1409 1811 1443 ipsum
1826 1411 1886 1438 sine

1101 1446 1278 1475 ﬂuctuatione
1309 1449 1400 1484 aliqua
1435 1451 1666 1480 transmittebant.
1695 1454 1819 1489 Cumque
1851 1457 1886 1483 ad

1101 1493 1270 1529 Bosphorum
1295 1493 1440 1522 Thracium
1471 1496 1498 1523 in
1524 1496 1715 1532 Propontidem
1735 1501 1885 1535 venissent,

1103 1542 1270 1578 Hellesponti
1297 1544 1438 1578 angustias
1456 1545 1625 1572 transierunt
1640 1555 1647 1573 :
1670 1547 1778 1582 deinde,
1795 1553 1886 1576 trans-

1063 1574 1084 1604 (ἶ
1104 1574 1299 1620 ηιίεεοᾯΕίζωο
1320 1574 1348 1614 εἷ
1370 1588 1447 1614 Ionio
1462 1589 1540 1622 mari,
1556 1589 1589 1616 ad
1606 1590 1727 1618 Siciliam
1748 1574 1887 1627 applicue-

1103 1637 1188 1658 runt:
1210 1637 1237 1659 et
1255 1633 1406 1668 Syracusas
1433 1634 1466 1660 ad
1494 1635 1633 1665 sinistram
1658 1636 1884 1672 derelinquentrs,

1101 1683 1182 1711 atque
1195 1678 1362 1705 occidentem
1379 1686 1475 1707 versus
1496 1681 1647 1714 tendentes,
1661 1683 1695 1708 ad
1711 1682 1829 1711 inculam
1840 1683 1888 1709 Li-

1102 1722 1189 1756 parim
1205 1727 1399 1756 pervenerunt.
1424 1722 1518 1757 Itaque
1540 1723 1736 1750 celeberrimus
1759 1724 1806 1751 ille
1823 1732 1885 1758 apo-

1104 1767 1192 1794 stolus
1214 1766 1246 1793 ad
1262 1774 1321 1793 eam
1339 1767 1456 1794 insulam
1470 1768 1602 1795 deductus
1625 1772 1676 1795 est.
1690 1767 1778 1795 Divini
1795 1774 1885 1797 autem

1103 1811 1141 1838 illi
1154 1815 1286 1846 martyres
1299 1819 1360 1838 cum
1374 1812 1401 1838 id
1414 1812 1635 1847 complevissent,
1652 1812 1725 1848 quod
1752 1813 1823 1841 Deus
1838 1822 1885 1841 vo-

1103 1857 1201 1889 luerat,
1216 1865 1297 1892 quam
1319 1858 1461 1885 celerrime
1482 1858 1622 1885 redierunt
1636 1858 1663 1885 in
1684 1865 1742 1886 eam
1760 1860 1842 1891 viam,
1858 1860 1885 1886 iu

1102 1910 1185 1937 quam
1211 1910 1434 1937 unumquemque
1457 1903 1549 1930 divina
1577 1904 1747 1938 providentia
1773 1905 1884 1932 direxit.

1103 1947 1200 1974 Statim
1218 1953 1308 1978 autem
1324 1949 1358 1981 is,
1372 1949 1418 1983 qui
1435 1949 1584 1976 Ecclesiam
1601 1949 1707 1985 Liparis
1723 1951 1821 1980 Insula:
1837 1960 1888 1986 gu-

1102 1993 1244 2025 bernabat,
1259 2001 1306 2028 per
1322 1993 1441 2021 divinam
1455 1994 1649 2022 rerelationem
1666 1995 1769 2028 didicit,
1784 1997 1886 2024 Christi

1102 2039 1253 2073 apostolum
1271 2040 1303 2066 ad
1319 2040 1403 2067 maris
1415 2041 1490 2068 littus
1504 2041 1650 2075 appulisse.

1140 2084 1204 2112 Vlll.
1224 2086 1286 2112 Erat
1299 2085 1359 2120 ejus
1376 2085 1504 2114 Ecclesiae
1528 2087 1695 2122 gubernator
1710 2088 1816 2122 Agatho
1832 2088 1886 2120 ille,

1103 2131 1181 2165 Cujus
1195 2131 1279 2165 gloria
1298 2132 1375 2166 longe
1400 2131 1507 2167 lateque
1521 2133 1592 2168 apud
1617 2140 1713 2160 omnes
1729 2134 1886 2161 celebraba-

1105 2181 1158 2203 tur.
1170 2177 1238 2204 Cum
1256 2178 1301 2204 ille
1316 2178 1399 2212 igitur
1414 2183 1596 2213 properasset,
1610 2184 1637 2206 et
1652 2179 1756 2207 loculos
1769 2181 1803 2208 ad
1819 2188 1887 2208 con-

1104 2223 1234 2250 tinentem
1247 2223 1375 2258 appulsos
1388 2224 1509 2257 vidisset,
1521 2229 1633 2258 stupore
1649 2229 1677 2251 et
1687 2225 1785 2259 gaudio
1799 2226 1885 2259 reple-

1103 2275 1156 2301 tus,
1174 2277 1281 2297 summa
1295 2278 1364 2297 'voee
1381 2279 1388 2297 :
1407 2271 1489 2302 Bene,
1506 2271 1604 2305 inquit,
1621 2271 1693 2305 quod
1710 2271 1761 2298 huc
1776 2271 1886 2304 venisti,

1102 2319 1132 2340 ut
1147 2318 1241 2348 portus
1252 2314 1391 2347 salutaris,
1403 2315 1435 2341 ad
1456 2322 1504 2342 cos
1515 2315 1561 2349 qui
1577 2315 1663 2350 pelagi
1677 2315 1806 2343 ﬂuctibus
1818 2318 1889 2350 peri-

1102 2359 1204 2387 culosis
1216 2360 1363 2395 agitamur.
1381 2360 1452 2387 Bene
1468 2360 1540 2395 quod
1560 2360 1671 2392 venisti,
1688 2360 1811 2391 divinum
1827 2360 1890 2395 Spi-

1104 2406 1171 2432 ritus
1187 2405 1320 2433 Paraeleti
1333 2405 1443 2438 flumen,
1454 2413 1487 2433 ex
1502 2413 1556 2439 quo
1568 2406 1691 2433 veritatis
1703 2414 1783 2441 aqua:
1797 2412 1890 2434 scatu-

1103 2452 1185 2484 riunt,
1199 2456 1226 2479 et
1238 2453 1324 2488 pietas
1339 2453 1423 2480 multa
1439 2453 1584 2480 redundat.
1598 2453 1627 2479 in
1641 2452 1708 2479 mari
1724 2453 1773 2480 via:
1787 2459 1850 2483 tute,
1862 2458 1890 2480 et

1102 2499 1206 2525 semitae
1226 2503 1278 2525 tum
1303 2498 1329 2525 in
1353 2499 1432 2533 aquis
1457 2499 1561 2530 multis,
1585 2503 1612 2526 et
1632 2499 1744 2533 vestigia
1771 2503 1816 2525 tua
1833 2506 1889 2525 non

1102 2549 1308 2579 cognoscentur.
1325 2544 1401 2576 Veni,
1416 2550 1443 2571 et
1460 2545 1567 2572 animas
1587 2549 1696 2574 nostras
1715 2544 1809 2579 irriga,
1824 2544 1890 2571 affe-

1102 2594 1194 2616 ctuum
1205 2595 1361 2617 nostrorum
1372 2590 1506 2616 fervorem
1521 2589 1649 2625 reprime,
1662 2589 1783 2616 cordinm
1791 2589 1890 2622 januas

1104 2636 1254 2670 patefaclas
1273 2636 1424 2670 gratiarum
1453 2641 1563 2663 tuarum
1589 2635 1748 2662 muneribus
1773 2634 1889 2667 replens.

1103 2682 1160 2710 Hoc
1172 2692 1186 2710 a
1203 2688 1227 2710 lc
1241 2683 1347 2717 Liparis
1357 2683 1446 2710 insula
1456 2682 1567 2717 supplex
1581 2682 1659 2716 petit,
1672 2689 1754 2715 quam
1767 2680 1892 2706 habitare

1103 2731 1224 2758 voluisti.
1242 2729 1315 2761 llaec,
1330 2730 1454 2764 inquam,
1473 2729 1561 2755 insula
1573 2728 1616 2754 his
1632 2728 1723 2754 verbis
1737 2731 1763 2753 te
1775 2725 1892 2758 alloqui-

1103 2782 1169 2804 tur:
1187 2776 1239 2806 Tu,
1266 2777 1312 2811 qui
1340 2777 1424 2802 multo
1452 2775 1552 2802 huninc
1581 2773 1697 2801 illustris
1717 2781 1756 2805 cs,
1778 2776 1805 2798 et
1820 2771 1893 2804 illius

1086 2855 1087 2859 η
1103 2821 1188 2850 divini
1209 2821 1327 2848 Orientis
1345 2828 1407 2847 vere
1423 2821 1538 2851 anticus,
1558 2818 1696 2853 quomodo
1721 2817 1822 2844 factum
1839 2819 1892 2848 est,

1105 2873 1133 2896 ut
1156 2868 1219 2899 talis
1242 2872 1389 2907 tantusque
1407 2866 1477 2901 apud
1495 2873 1559 2893 mea:
1576 2864 1745 2904 paupertatis
1758 2862 1892 2893 Occiden-
