2075 3154
242 174 310 205 i425

662 169 854 200 LAUDATIO
874 170 904 200 S.
926 170 1207 201 BARTIIOLOMnEI
1225 169 1418 200 APOSTOLI.

1782 169 1851 203 1426

240 235 294 256 tem
308 228 462 255 di‘vcrsatus
473 225 523 258 sis,
538 224 572 252 ab
585 225 704 252 Orientis
718 225 843 259 partibus
858 230 1019 258 commotus,
1035 229 1057 256 Α
1072 226 1280 260 myrothecium,
1298 224 1486 261 azgrotantium
1504 225 1636 259 medicus,
1651 226 1748 254 divinae
1759 228 1853 262 gratia:

239 278 266 300 et
278 281 325 308 per
343 272 494 299 maritimos
514 270 590 297 sinus
602 269 682 296 nobis
697 270 842 297 ostensus?
857 270 935 296 DiVes
951 269 1020 296 facta

240 325 313 350 sum,
328 324 390 350 quae
404 320 485 342 antea
501 319 658 349 paupertate
677 315 846 346 laborabam,
860 315 1020 341 thesaurum

241 369 368 397 magnum
383 360 463 388 hodie
486 367 546 387 sum
564 366 711 386 consecuta
726 369 733 386 :
750 366 839 393 neque
864 359 917 385 ulla
943 358 969 384 in
997 363 1022 385 te

241 410 327 436 Roma
351 407 395 434 illa
421 406 479 440 ipsa
503 405 570 432 urbe
590 405 741 436 decantata,
768 404 862 431 beatos
885 404 1023 438 apostolos

241 455 352 481 Petrum
365 457 392 480 ct
401 451 515 479 Paulum
531 450 695 477 habitatores
711 454 828 481 tenente,
845 449 956 476 inferior
971 457 1022 482 ego

243 508 304 528 sum
322 509 329 526 :
344 498 571 526 Bartholoma-um
586 497 659 523 enirn
682 496 862 523 habitatorem
885 496 1023 530 possideo.

242 547 341 573 Omnes
353 543 457 575 insulae,
471 542 535 569 mihi
548 541 738 576 gratulemini;
749 548 844 568 omnes
856 540 948 571 urbes,
962 547 1023 573 qua:

244 591 344 624 ubique
352 589 431 620 estis,
444 594 551 614 mecum
566 594 619 613 una
635 586 779 613 exsultate.
790 586 819 612 ln
833 585 910 612 vobis
923 584 1023 611 multo-

243 643 304 663 rum
319 637 476 661 sanctorum
492 638 606 666 corpora
618 631 706 665 posita
721 634 785 657 suo:
798 639 805 657 :
825 629 891 656 mihi
907 629 973 656 satis
983 633 1024 656 est

243 686 315 708 unus
331 685 380 713 pro
398 676 537 704 omnibus.

278 723 324 751 ιχ.
341 722 406 754 Sed,
417 729 433 748 ο
450 720 617 751 beatissime,
633 724 658 746 et
675 719 775 747 divinis
786 719 891 754 angelis
910 727 960 754 par
984 719 1026 748 fa-

244 775 305 798 ctus
319 768 451 803 apostolc,
467 767 530 802 quis
542 771 588 793 tua
601 765 727 800 prteclata
743 764 814 792 facta
829 772 877 800 pro
894 765 1025 801 dignitate

244 814 382 844 laudaret?
395 813 462 848 Quis
477 812 596 847 pericula
626 818 675 845 pro
698 810 809 838 Christo
822 818 837 837 a
855 815 881 838 te
897 817 1024 846 suscepta

244 867 403 887 enumerare
418 858 528 893 posset?
555 857 622 891 Quae
644 864 706 884 cttm
722 856 846 892 quotidie
865 857 984 890 subires,
1008 865 1024 884 a

245 905 369 933 tristibus
392 903 521 939 periculis
541 902 670 929 mortales
690 901 821 929 liberasti.
843 901 883 928 Tu
900 909 963 929 vere
984 902 1024 929 sal

245 951 309 977 illud
325 958 364 982 es,
380 949 452 984 quod
469 947 549 975 corda
573 947 629 978 illa,
657 953 718 980 quae
741 949 918 977 evanuerant,
945 949 1024 979 atque

245 995 360 1030 insipida
381 997 532 1023 evaserant,
547 990 703 1022 condivisti,
718 993 746 1016 et
760 989 873 1016 inscitia!
892 989 1026 1016 salsedine

246 1045 368 1074 purgata,
379 1038 548 1072 putrediuem
559 1042 592 1062 ex
608 1034 756 1061 multorum
769 1034 881 1061 deoruut
892 1033 1025 1068 supersti-

245 1086 317 1111 lionc
335 1086 505 1110 contractam
533 1080 702 1115 expurgasti.
716 1078 757 1106 Tu
774 1086 804 1106 es
818 1079 949 1106 rationale
960 1078 1024 1105 illud

245 1130 358 1160 tlumen,
378 1135 411 1154 ex
427 1126 518 1153 divina
544 1126 607 1153 sede
631 1124 794 1160 profectutn,
810 1124 954 1159 juncorum
970 1123 1027 1158 ple-

247 1182 311 1201 num
334 1177 480 1200 torrentem
500 1172 626 1204 abluens,
646 1170 776 1198 Ecclesiae
793 1177 856 1197 vero
873 1170 964 1197 sulcos
980 1176 1025 1196 re-

247 1221 333 1256 plens,
363 1218 504 1253 pravitatis
528 1218 602 1245 rivos
626 1217 780 1248 cxsiccans,
802 1216 887 1250 ipsius
910 1215 1026 1249 denique

249 1271 326 1293 terrae
342 1265 436 1292 facient
452 1264 578 1299 irrigans.
592 1263 632 1290 Tu
644 1270 674 1290 es
684 1269 783 1297 sagena
792 1262 837 1289 il-la
851 1261 1024 1293 solidissima,

247 1310 465 1347 quaerationales
476 1310 574 1345 pisces,
590 1310 616 1336 in
628 1309 730 1336 erroris
742 1307 878 1343 profundo
892 1312 1024 1340 natantes,

247 1356 488 1392 comprehendisti,
505 1363 607 1390 eosque
629 1363 753 1390 supernae
775 1355 811 1381 illi
832 1362 931 1381 mensa:
944 1354 1026 1381 obso-

249 1405 324 1430 nium
341 1402 475 1430 obtulisti.
493 1400 533 1428 Tu
554 1408 584 1428 es
599 1408 711 1428 aureum
737 1401 801 1428 illud
823 1401 1025 1429 candelabrum.

249 1450 275 1477 in
290 1457 344 1484 quo
361 1447 491 1476 Paracleti
509 1447 625 1482 Spiritus
651 1447 732 1481 ignis,
747 1452 874 1481 tanquam
893 1446 935 1472 fax
953 1453 1025 1480 quaa-

248 1496 322 1528 datn,
334 1494 490 1525 adveniens,
506 1493 663 1528 multiplicis
674 1493 732 1519 vitii
745 1493 848 1519 zizania
863 1491 1026 1522 combussit,

249 1544 276 1566 ct
290 1538 389 1566 divinae
403 1538 567 1572 cognitionis
582 1537 754 1572 splendorem
770 1537 870 1564 emisit.
888 1535 927 1563 Tu
944 1544 974 1563 cs
987 1536 1028 1562 di-

1073 271 1149 304 tuba,
1163 271 1239 306 vitis;
1254 271 1458 301 fecundissima,
1475 270 1533 297 olea
1552 270 1702 303 fructifera,
1720 272 1853 299 fluctuan-

1072 316 1140 342 tium
1169 320 1273 349 portus,
1312 314 1483 349 peccantium
1511 320 1654 348 patronus,
1682 316 1851 343 defessorum

1073 361 1221 392 recreatio,
1251 367 1443 394 oppressorum
1473 360 1626 394 refugium,
1657 361 1851 388 miraculorum

1073 406 1144 436 fons,
1172 406 1326 432 daemonum
1349 404 1513 439 profugatio,
1539 406 1725 439 apostOlorum
1754 407 1850 440 gloria,

1073 451 1230 485 angelorum
1244 449 1322 481 civis,
1334 450 1380 484 qui
1395 450 1533 484 prophetis
1545 450 1699 483 sublimior,
1711 455 1738 478 et
1752 456 1852 487 marty-

1074 504 1133 523 rum
1149 503 1263 523 consors
1278 494 1366 526 fuisti,
1379 495 1438 528 ejus
1452 494 1570 530 denique
1586 496 1689 529 gloriae,
1706 503 1764 530 qua!
1776 504 1853 523 reve-

1073 540 1151 567 lauda
1160 545 1212 572 est,
1220 541 1368 575 particeps,
1377 540 1603 574 sempiternorum
1614 541 1745 568 bonorum
1755 541 1851 574 haeres,

1074 585 1167 612 mundi
1185 584 1289 616 lumen,
1303 584 1440 617 omnium,
1460 589 1489 611 ut
1502 586 1660 612 summatim
1683 586 1784 619 dicam,
1802 586 1853 613 bo-

1075 638 1170 658 norum
1186 631 1340 658 thesaurus.

1110 675 1143 702 Χ.
1175 675 1268 711 itaque
1293 677 1377 711 salve,
1408 678 1616 709 Bartholomaee,
1653 677 1728 704 illius
1763 678 1853 712 magni

1075 723 1187 749 tonitrui
1204 722 1304 758 fulgur,
1325 723 1441 757 quodin
1464 728 1524 750 rota
1551 723 1644 750 mundi
1667 723 1748 757 hujus
1771 731 1854 758 appa-

1075 768 1164 799 ruisti,
1179 772 1207 795 et
1221 768 1352 796 idolorum
1370 769 1502 796 insaniant
1518 777 1551 797 ac
1564 774 1672 796 noctem
1686 769 1853 796 exstinxisti.

1075 813 1164 847 Salve,
1179 813 1385 847 Bartholomaee,
1411 815 1457 842 ille
1474 815 1592 850 Spiritus
1618 814 1706 842 sancti
1731 814 1854 842 calamus

1075 859 1200 887 celeriter
1216 859 1350 892 scribens,
1363 860 1410 895 qui
1430 860 1515 895 legem
1531 860 1558 887 in
1578 859 1677 886 tabulis
1689 859 1780 887 cordis
1795 859 1856 893 pul-

1075 904 1208 932 cherrime
1226 905 1406 940 descripsisti,
1435 905 1533 940 legem,
1557 905 1679 939 inquam,
1703 905 1777 932 illam
1799 913 1853 931 non

1075 954 1202 981 veterem,
1228 951 1275 977 sed
1301 951 1379 978 valde
1403 956 1512 978 novam.
1538 950 1629 983 Salve,
1647 950 1855 984 Bartholomtee,

1074 995 1192 1029 potentis
1221 994 1302 1022 Verbi
1329 995 1428 1030 sagitta
1455 995 1625 1026 acutissima,
1651 1003 1712 1030 qua:
1735 995 1855 1023 hostium

1075 1040 1154 1067 corda
1168 1040 1326 1071 vulnerasti,
1347 1040 1501 1069 daemonum
1520 1049 1568 1076 per
1590 1048 1680 1068 aerem
1699 1040 1855 1075 vagantium

1077 1089 1180 1111 turmas
1199 1085 1368 1119 percussisti,
1380 1090 1406 1112 et
1423 1086 1578 1112 mortalium
1591 1085 1697 1113 animas
1712 1086 1778 1112 vitio
1793 1085 1856 1112 vul-

1075 1134 1194 1164 neratas,
1219 1138 1300 1157 sanas
1318 1130 1443 1157 eﬂ'ecisti.
1474 1129 1563 1162 Salve,
1585 1130 1793 1162 Bartholomzee,
1808 1129 1854 1164 qui

1075 1175 1208 1202 idolorum
1224 1176 1322 1210 templa
1346 1176 1406 1203 solo
1425 1175 1586 1210 adatquasti,
1603 1179 1630 1202 et
1645 1175 1770 1202 homines
1782 1175 1857 1209 ipsos

1075 1220 1190 1247 viventis
1202 1220 1247 1247 Dei
1258 1221 1357 1255 templa
1370 1220 1521 1248 reddidisti.
1535 1219 1624 1251 Salve,
1639 1219 1757 1254 Spiritus
1766 1220 1854 1247 sancti

1075 1265 1191 1300 gladius,
1207 1265 1254 1300 qui
1268 1265 1484 1300 alienigenarum
1506 1269 1611 1292 turmas
1633 1265 1769 1292 sermonis
1784 1264 1854 1297 acie,

1075 1314 1102 1337 et
1116 1317 1211 1337 omnes
1231 1314 1336 1337 mentes
1355 1310 1387 1337 ad
1408 1310 1508 1337 Christi
1529 1310 1710 1337 obedientiam
1735 1310 1856 1343 captivas

1075 1355 1188 1383 duxisti.
1212 1354 1300 1388 Salve,
1314 1355 1447 1382 concinna
1475 1355 1562 1382 sancti
1590 1355 1707 1390 Spiritus
1725 1354 1857 1382 Paracleti

1077 1400 1191 1432 cithara,
1203 1401 1343 1428 rationalis
1355 1401 1432 1432 tibia,
1441 1400 1542 1428 Christi
1556 1400 1776 1430 instrumentum,
1786 1400 1856 1434 quod

1077 1446 1195 1474 caalestia
1207 1446 1335 1481 dogmata
1348 1447 1426 1474 nobis
1441 1445 1575 1477 cecinisti,
1585 1450 1613 1473 et
1629 1453 1718 1480 prava:
1732 1446 1858 1479 impieta-

1079 1492 1112 1519 tis
1127 1492 1326 1520 modulationes
1346 1491 1505 1519 confudisti.
1531 1491 1620 1522 Salve,
1634 1491 1732 1518 coelum
1747 1492 1858 1525 perpul-

1077 1536 1185 1568 chrum,
1199 1536 1300 1564 divinis
1314 1536 1505 1571 splendoribus
1516 1536 1630 1568 illustre,
1643 1536 1669 1562 in
1683 1543 1738 1569 quo
1750 1536 1794 1562 ille
1809 1535 1856 1562 Sol

250 1584 305 1610 riui
317 1584 389 1611 Solis
402 1583 510 1610 lucidus
523 1582 625 1614 radius,
643 1581 688 1616 qui
705 1589 720 1609 a
736 1589 843 1609 summo
856 1582 926 1608 cii-lo
941 1588 1028 1615 usque
1042 1587 1062 1615 ο
1077 1582 1191 1617 justitire
1201 1583 1394 1617 requiescit,et
1408 1582 1541 1609 orationis
1554 1582 1620 1613 dux,
1630 1589 1684 1615 quo
1694 1587 1720 1607 tu
1735 1581 1856 1612 innixus,

250 1630 284 1657 ad
296 1635 447 1657 extremum
466 1635 639 1663 percurrens,
653 1632 680 1654 et
692 1628 795 1655 erroris
809 1628 935 1654 tenebras
943 1626 1029 1654 inuni-

251 1682 346 1706 nuens,
363 1678 391 1701 et
409 1673 454 1706 iis,
474 1673 521 1707 qui
546 1672 676 1700 sedebant
698 1673 724 1700 in
744 1673 838 1699 umbra
855 1673 961 1703 mortis,
978 1672 1029 1698 hoc

249 1723 291 1744 est
308 1718 335 1744 in
354 1719 431 1745 malis
448 1718 605 1750 lethalihus,
614 1716 756 1752 effulgens,
772 1725 819 1752 per
832 1717 969 1744 lavacrum
985 1724 1029 1743 re-

251 1760 444 1796 generationis,
457 1761 502 1786 Dei
517 1763 599 1790 tillos,
617 1763 747 1787 mortales
768 1762 893 1788 homines
906 1761 1028 1788 cfiecisti.

251 1806 291 1832 'l'u
304 1812 334 1831 es
349 1804 486 1839 pretiosus
508 1804 552 1830 ille
575 1804 654 1838 lapis,
670 1804 704 1830 ab
728 1804 852 1838 angulari
871 1804 960 1838 lapide
985 1805 1030 1830 illo

253 1850 362 1882 missus,
378 1849 405 1876 in
420 1856 474 1883 quo
496 1847 645 1875 Ecclesium
663 1847 787 1874 Christus
803 1847 861 1881 ipse
877 1846 1030 1877 aedificavit,

251 1902 312 1931 quae
328 1894 403 1920 nullo
423 1900 543 1927 unquam
566 1896 688 1927 tempore
714 1890 839 1926 quassari
860 1894 906 1917 aut
922 1890 1030 1917 concuti

252 1940 361 1974 poterit.
378 1938 418 1964 'l‘u
434 1945 464 1965 es
480 1937 655 1972 purissitnnm
671 1936 736 1963 illud
756 1943 853 1962 aurum
875 1939 903 1962 et
914 1935 1032 1962 caelestis

254 1984 300 2010 Dei
316 1983 544 2018 pretiosissimum
563 1990 675 2015 munus,
699 1981 768 2008 lucis
783 1981 922 2013 columna,
937 1980 1031 2007 Ecde-

253 2030 301 2056 δίε
322 2029 546 2060 fundamentum,
576 2027 694 2063 Spiritus
724 2027 810 2055 sancti
837 2026 1031 2058 diversorium,

255 2074 492 2109 magniloquentia:
516 2081 615 2108 praeco,
647 2073 738 2108 aquila
762 2072 790 2100 in
814 2072 899 2099 altum
928 2072 1031 2103 volans,

255 2127 338 2149 suave
352 2126 452 2146 canens
467 2119 593 2151 luscinia,
607 2119 726 2146 cmlestis
738 2117 842 2150 cicada,
857 2117 969 2153 angelus
984 2117 1032 2143 de-

256 2165 338 2198 nique
354 2164 381 2191 in
398 2165 518 2191 humano
533 2172 648 2199 corpore
663 2171 784 2194 versans.
798 2171 880 2190 aurea
895 2163 1032 2195 columna,

255 2210 331 2237 stella
347 2210 527 2242 lucidissima,
539 2210 638 2237 florens
652 2210 807 2244 paradisus,
817 2208 934 2243 Spiritus
946 2208 1033 2236 sancti

292 2297 465 2332 (3)78acrum
485 2305 584 2332 corpus
607 2297 636 2324 S.
653 2296 842 2332 Bartholomafi
866 2296 978 2329 apostoli
999 2303 1032 2323 ex

257 2330 411 2366 Liparitana
426 2332 515 2366 insula
535 2330 610 2360 circa
629 2339 729 2358 annum
753 2331 858 2358 Dotnini
874 2331 925 2358 852
944 2336 1035 2358 trans-

257 2365 341 2401 latum
363 2369 406 2391 est
425 2365 618 2401 Beneventum.
646 2367 732 2401 Capto
769 2374 832 2392 vero
862 2368 1035 2400 postmodum

259 2400 421 2436 Benevento,
437 2398 508 2436 Ollio
521 2400 541 2426 ll
559 2398 707 2436 imperator
722 2401 753 2429 Β,
767 2398 881 2436 apostoii
898 2408 961 2428 ossa
975 2401 1036 2427 itide

258 2434 414 2468 asportavit,
434 2441 465 2460 ac
485 2433 576 2462 Romae
598 2433 624 2461 in
640 2433 885 2470 Lycaonia’insula
903 2436 930 2462 in
946 2436 1038 2462 tumba

1079 1627 1213 1655 fallaciam
1229 1635 1336 1655 omnem
1357 1627 1491 1655 erertisti.
1511 1626 1549 1654 Te
1563 1626 1674 1661 quidem
1690 1626 1858 1653 laudationi-

1079 1673 1130 1700 bus
1145 1673 1273 1701 extollere
1297 1673 1403 1705 rellem,
1428 1672 1476 1700 sed
1493 1680 1584 1699 rerum
1602 1672 1776 1698 multitudine
1793 1680 1859 1699 con-

1080 1718 1180 1745 fundor
1195 1723 1223 1746 et
1237 1718 1364 1746 dictionis
1386 1718 1545 1745 infirmitate
1567 1719 1706 1752 opprimor
1719 1727 1725 1744 :
1740 1725 1801 1743 nam
1818 1717 1859 1743 vel

1081 1762 1120 1794 hi,
1140 1763 1187 1796 qui
1205 1762 1325 1790 oratoria
1351 1762 1480 1789 facultate
1495 1763 1613 1788 maxime
1628 1766 1769 1796 praestant,
1790 1762 1860 1789 infe-

1081 1807 1168 1833 riores
1191 1812 1264 1837 sunt,
1281 1815 1362 1841 quam
1387 1812 1416 1834 ut
1439 1811 1465 1834 te
1486 1807 1598 1833 laudare
1621 1807 1744 1840 possint;
1774 1814 1863 1841 neque

1081 1851 1225 1885 quisquam
1239 1856 1280 1878 est
1293 1852 1338 1884 qui
1363 1860 1412 1885 pro
1431 1853 1562 1886 dignitate
1575 1852 1668 1879 laudes
1680 1857 1740 1879 tuas
1749 1860 1863 1880 narrare

1083 1896 1180 1923 valeat.
1194 1895 1260 1922 Tuis
1273 1895 1355 1930 igitur
1370 1896 1498 1930 precibus
1509 1896 1592 1923 Deutn
1607 1898 1694 1931 ipsum
1708 1898 1786 1924 nobis
1797 1904 1862 1931 pro-

1083 1941 1179 1976 pitiutn
1199 1941 1295 1974 facias,
1313 1945 1340 1968 et
1353 1946 1527 1976 peccatorum
1548 1942 1793 1975 perturbationem,
1809 1950 1862 1977 qua

1083 1993 1222 2017 vexamur,
1240 1986 1334 2013 sedare
1353 1986 1438 2015 velis;
1461 1986 1562 2021 quique
1578 1989 1653 2012 tuutn
1675 1985 1746 2013 diem
1761 1986 1862 2013 festum

1083 2030 1239 2062 recolimus,
1261 2031 1340 2058 nobis
1362 2031 1490 2058 onmibus
1513 2031 1672 2057 delictorum
1694 2030 1810 2063 veniam,
1837 2034 1864 2058 et

1083 2075 1203 2102 ccelestis
1233 2076 1324 2110 gaudii
1348 2076 1581 2110 participationem
1611 2075 1665 2102 tuis
1691 2075 1864 2102 orationibus

1084 2119 1222 2154 itnpctres,
1241 2120 1268 2146 in
1279 2120 1387 2148 Christo
1399 2119 1463 2148 Jesu
1487 2120 1602 2147 Domino
1619 2123 1712 2146 nostro
1729 2127 1735 2145 :
1749 2119 1792 2145 cui
1807 2119 1865 2154 glo-

1085 2164 1125 2191 ria
1138 2171 1200 2191 cuttt
1215 2164 1294 2192 Patre
1309 2169 1337 2192 et
1354 2164 1455 2199 Spiritu
1475 2170 1582 2194 sancto.
1606 2172 1678 2191 nunc
1696 2167 1724 2192 et
1745 2170 1864 2197 semper,

1085 2212 1112 2236 ct
1126 2209 1154 2235 in
1166 2208 1263 2236 saecula
1278 2209 1450 2236 saeculorum.
1468 2209 1553 2236 Amen
1570 2208 1619 2243 (2).

1087 2296 1279 2332 porphyretici;
1295 2296 1437 2332 collocavit
1454 2303 1527 2332 anno
1544 2295 1650 2322 Domini
1667 2297 1728 2327 983,
1745 2301 1867 2331 cogitans

1088 2330 1184 2358 eadem
1195 2339 1242 2365 per
1256 2330 1374 2357 Tiberim
1397 2336 1424 2358 ct
1435 2339 1509 2358 mare
1522 2331 1548 2356 in
1564 2336 1662 2357 terram
1680 2339 1756 2358 suam
1771 2330 1868 2366 depor-

1090 2370 1158 2397 tare,
1176 2367 1222 2393 sed
1235 2373 1267 2392 eo
1281 2366 1353 2392 brevi
1369 2366 1423 2392 vita
1437 2369 1563 2399 exempto
1576 2366 1712 2399 pretiosus
1726 2367 1870 2393 thesaurus

1091 2400 1184 2427 "mth
1199 2400 1340 2431 remansit,
1358 2400 1403 2426 ubi
1417 2400 1459 2434 pia
1484 2400 1603 2426 fidelium
1622 2403 1797 2427 veneratione.
1821 2401 1870 2427 ho-

1091 2440 1214 2463 noratur.
1229 2434 1295 2462 Vide
1306 2434 1404 2461 Barou.
1415 2443 1440 2461 tn
1453 2439 1500 2462 not
1516 2435 1549 2460 ad
1564 2434 1703 2470 Martyrol.
1717 2436 1753 2462 25
1766 2435 1834 2468 Aug.

258 2511 389 2546 (Opust:qu
400 2511 514 2538 nonnulla
526 2510 627 2546 incerta:
639 2512 723 2546 artatis.
737 2519 792 2544 qua:
804 2512 928 2546 desinenti
950 2511 1040 2538 stmulo
1062 2519 1084 2536 ix
1103 2512 1194 2546 addere
1208 2512 1415 2546 consumeremus,
1433 2515 1552 2546 propter
1565 2511 1748 2543 inexspectatum
1768 2509 1871 2536 uolumi-

542 2542 579 2568 m's
588 2542 767 2575 spissiludt'neitt
777 2544 808 2568 ad
824 2548 957 2574 sequentem
965 2547 1054 2568 tomum
1066 2542 1184 2568 remittere
1196 2542 1312 2575 cogimur,
1323 2549 1391 2574 quem
1406 2542 1516 2568 udist's‘si
1527 2543 1623 2574 placet.)
