4086 6282
458 377 529 448 17
1276 383 1563 449 ORATIO
1593 385 1647 449 Ι.
1670 412 1745 425 ·-
1772 387 1857 453 IN
1895 389 2025 452 DIE

2129 391 2490 460 NATALEM
2527 399 2590 461 S.
2632 401 2923 467 MARIIE.
3671 413 3739 483 ιδ

456 501 712 578 σωτηρίῳ
752 501 945 559 αὐτοῦ.
990 500 1103 593 καὶ
1153 500 1265 574 γὰρ
1321 503 1514 578 ἤγειρε
1558 506 1731 576 κέρας
1769 508 2025 579 σωτηρίας

2144 508 2276 566 lutis
2302 512 2357 567 in
2386 514 2555 571 domo
2579 517 2750 573 Dm’id
2774 520 2932 590 pueri
2962 521 3046 578 sui
3077 526 3122 592 ',
3159 538 3229 582 ac
3248 566 3266 592 ,
3315 526 3462 593 sicut
3515 527 3736 593 locutus

449 595 581 668 ἡμῖν
611 595 878 667 σήμερον,
902 594 963 647 ὲν
998 592 1078 664 τῷ
1103 594 1238 666 οἴκῳ
1268 594 1434 650 Δασὶδ
1472 593 1569 650 τοῦ
1615 594 1805 661 παιδὸς
1833 594 2000 650 αὐτοῦ
2026 610 2042 627 ⁸

447 688 544 743 καὶ
571 686 759 750 καθὼς
800 685 1035 757 ὲλάλησε
1065 686 1158 741 διά
1190 686 1461 757 στόματος
1488 686 1602 742 τῶν
1623 687 1797 758 ἁγίων
1826 705 2047 759 προφη-

444 779 557 835 τῶν
587 778 781 842 αὐτοῦ,
809 779 1111 854 ἀνέστησεν
1128 780 1265 849 ἡμῖν
1288 779 1457 848 φυτὸν
1485 781 1733 852 εἰρήνης,
1761 781 1861 853 τὴν
1885 780 2045 851 ῥίζαν

450 868 545 923 τοῦ
588 867 811 929 Ἰεσσαὶ,
837 866 901 932 ἐξ
931 860 1003 939 ἧς
1048 868 1083 938 ἡ
1117 866 1314 938 ῥάϐδος
1353 871 1390 941 ή
1424 866 1487 923 τὸ
1513 871 1832 940 ἀμάραντον
1882 870 2045 936 ἄνθος

454 959 717 1016 ἀναδοῦσα
747 960 1004 1031 Χριστόν.
1048 960 1147 1024 Τίς
1188 961 1293 1015 οὐκ
1318 960 1645 1030 ἀγαλλιᾶται
1679 964 1745 1033 τῇ
1784 961 1982 1037 καρδίᾳ.
2019 978 2036 1029 ;

456 1052 554 1116 Τίς
600 1052 701 1106 οὐκ
752 1050 1105 1124 εὐφραίνεται
1156 1048 1474 1122 πνεύματις
1499 1050 1600 1116 Τίς
1629 1050 1693 1105 οὐ
1759 1034 2043 1122 μυστικῶς

458 1145 890 1218 κατατέρπεται;
957 1143 1058 1207 Τίς
1102 1142 1163 1198 οὐ
1212 1142 1578 1216 πανηγυρίζει
1625 1144 2039 1214 πνευματικῶς,

360 1296 366 1301 ε
451 1237 553 1308 τὴν
584 1237 644 1289 ἐν
702 1235 778 1305 τῷ
808 1234 927 1306 Θεῷ
970 1234 1420 1306 προωρισμένην,
1467 1236 1566 1290 καὶ
1611 1234 1703 1292 διά
1750 1234 2040 1305 στομάτων

447 1329 804 1401 προφητικῶν
847 1328 1310 1400 προηγγελμένην
1365 1328 1662 1399 σωτηρίαν,
1698 1329 1781 1393 είς
1813 1327 2042 1383 ἔκϐασιν

442 1422 570 1494 ἄρτι
597 1421 742 1491 σαφῆ
776 1421 1078 1492 προϊοῦσαν
1108 1419 1400 1491 καθορῶν;

483 1519 487 1523 ⁷
514 1515 672 1568 Πᾶσα
703 1518 734 1584 ἡ
766 1514 947 1577 κτίσις
967 1513 1242 1584 χορευέτω
1263 1530 1275 1546 ·
1306 1513 1461 1565 πᾶσα
1502 1512 1536 1583 ἡ
1571 1510 1644 1581 γῆ
1678 1510 1795 1581 μετ’
1839 1510 2040 1582 εὐφρο-

446 1605 612 1678 σύνης
660 1605 840 1677 βοάτω
886 1605 984 1660 καὶ
1025 1604 1325 1674 αιρτάτω,
1358 1603 1447 1657 ὅτι
1492 1603 1557 1656 τὸ
1586 1603 1687 1674 τῆς
1733 1603 2036 1673 ἀρχεγόνου

443 1697 620 1769 λύπης
652 1697 1004 1767 ἀναιρετικὸν
1036 1698 1335 1768 φάρμακον
1363 1696 1701 1766 ἐϐλάστησεν
1741 1696 1867 1767 ἄρτι
1892 1713 1906 1728 ·
1950 1698 2034 1753 ὅτι

2149 608 2237 654 est
2268 615 2388 692 per
2415 616 2483 661 os
2522 614 2842 669 sanctorum
2874 610 3275 681 prophetarum
3302 628 3556 683 suorum,
3582 622 3740 692 pacis

2149 690 2311 785 nobis
2346 694 2608 752 arborem
2655 699 2965 767 suscitavit,
3012 704 3257 763 radicem
3304 704 3479 772 Iesse.
3505 690 3741 785 eaque

2148 783 2328 856 virga,
2354 803 2479 858 qua:
2506 787 3011 854 Christum-florem
3044 794 3560 856 immarceseibilem
3606 783 3739 874 pro-

2148 874 2308 932 duxit
2330 877 2372 932 ³.
2401 878 2537 945 Quis
2569 897 2683 936 non
2710 882 2897 939 animo
2926 885 3209 944 exsultet?
3234 886 3370 956 Quis
3391 891 3593 960 spiritu
3621 908 3737 950 non

2146 967 2370 1025 laetetur
2398 971 2424 1025 ‘l
2446 971 2584 1038 Quis
2611 989 2725 1032 non
2756 977 2986 1047 mystice
3006 979 3350 1049 congaudeat
3376 996 3443 1037 ac
3458 983 3736 1055 jucunde-

2146 1064 2241 1111 tur
2261 1058 2285 1110 ῖ
2308 1056 2439 1126 Quis
2482 1076 2596 1116 non
2623 1060 2779 1121 festis
2812 1065 3032 1135 gaudiis
3062 1067 3328 1139 celebret,
3349 1069 3480 1131 dum
3499 1072 3733 1130 salutem

2147 1149 2203 1205 in
2234 1151 2348 1208 Deo
2370 1154 2835 1224 prmdestinatam,
2853 1174 2919 1213 ac
2944 1175 3045 1230 per
3066 1176 3165 1218 ora
3187 1162 3581 1235 prophetarum
3594 1181 3733 1238 pra-

2146 1242 2480 1313 nuntiatam,
2541 1247 2599 1303 in
2642 1258 2897 1321 apertum
2944 1253 3059 1325 iam
3108 1263 3371 1320 eventum
3426 1258 3730 1331 procedere

2146 1336 2464 1377 rmncninil?

2144 1336 2419 1406 conspicit
2438 1338 2457 1394 ’ἐ

2216 1514 2406 1571 Omnis
2440 1527 2694 1573 creatura
2724 1523 2927 1579 choros
2986 1534 3131 1596 agat.
3161 1528 3353 1597 Omnis
3402 1535 3549 1585 terra
3594 1546 3721 1587 cum

2140 1603 2331 1659 laetitia
2377 1607 2578 1669 clamet
2625 1619 2682 1665 et
2711 1614 2969 1679 exsultet,
3016 1618 3163 1685 quod
3194 1620 3307 1691 jam
3367 1620 3722 1690 pbarmacum

2141 1698 2499 1768 germinarit,
2540 1718 2652 1772 quo
2700 1706 2917 1764 sublata
2962 1719 3048 1766 est
3097 1713 3382 1785 originalis
3437 1715 3659 1773 tristitia
3705 1735 3719 1771 :

439 1798 544 1870 τῆς
575 1796 911 1869 προγονικῆς
939 1797 1104 1868 ἀρᾶς,
1204 1795 1314 1849 πᾶν
1345 1810 1407 1847 τε
1439 1793 1684 1865 βρότειον
1707 1792 2025 1847 ὐποπεπτὼ·

2141 1788 2289 1858 quod
2318 1797 2520 1859 praesto
2559 1803 2665 1862 est,
2701 1811 2812 1866 quo
2871 1813 3068 1870 magna
3117 1801 3216 1857 Dei
3253 1817 3383 1874 erga
3408 1820 3511 1861 nos
3534 1808 3726 1876 provi-

441 1906 530 1944 κει
558 1890 738 1958 γένος,
796 1886 888 1942 διὰ
933 1888 1035 1959 τῆς
1086 1885 1334 1957 μεγάλης
1386 1884 1483 1939 τοῦ
1516 1883 1653 1938 Θεοῦ
1701 1884 2025 1954 κηδεμονίας

2138 1876 2325 1934 dentia
2369 1880 2658 1939 aboleatur
2710 1885 3022 1956 primorum
3074 1873 3365 1959 parentum
3411 1873 3726 1954 maledictio

440 1982 572 2053 περὶ
597 1981 774 2053 ἡμῶν.
797 1983 833 2053 ὴ
854 1981 1112 2049 ἀφάνισις
1136 1980 1370 2049 πάρεστι
1388 1996 1401 2010 ·
1416 1979 1525 2035 καὶ
1544 1982 1771 2049 τοιαύτη
1793 1979 2035 2050 σήμερον

438 2071 576 2142 ἡμῖν
622 2071 834 2126 ἀνωθεν
890 2068 1319 2140 ὲπισραὸεύεται
1384 2069 1583 2139 δωρεὰ,
1633 2069 1707 2133 ὡς
1742 2070 1817 2141 μὴ
1864 2070 2035 2139 μόνην

436 2161 657 2235 ἄκείνην
689 2161 1097 2231 ἱξαναιρεῖσθαι
1122 2161 1223 2233 τὴν
1258 2162 1420 2235 ἀράν,
1442 2160 1580 2218 ἀλλά
1610 2160 1706 2216 καὶ
1737 2160 2033 2230 σύμπασαν

435 2257 572 2329 ἡμῖν
615 2254 959 2326 εὐλογεῖσθαι
989 2254 1094 2325 τὴν
1139 2254 1303 2320 φύσιν
1324 2264 1341 2287 '
1384 2254 1482 2309 καὶ
1506 2254 1901 2327 καταργεῖσθαι
1930 2254 2032 2326 μὲν

424 2354 500 2412 sb
522 2358 623 2427 τῆς
642 2357 878 2422 παλαιᾶς
903 2355 1103 2427 Ξχθρας
1126 2355 1465 2426 μεσότοιχον,
1484 2354 1708 2424 ἀγάπην
1733 2354 1791 2408 δὲ
1824 2352 2028 2424 μεταξύ

435 2450 573 2505 Θεοῦ
613 2450 714 2505 καὶ
737 2449 1042 2521 ἀνθρώπων
1066 2447 1167 2503 καὶ
1193 2450 1419 2521 εἰρήνην
1449 2447 1777 2519 ὶξανίσχειν.

516 2543 797 2615 Ἱερεμίας
850 2540 952 2613 μὲν
977 2540 1009 2594 ὁ
1062 2540 1171 2595 τῶν
1222 2540 1523 2614 προφητῶν
1573 2538 2031 2611 συμπαθέστατος

436 2637 532 2694 καὶ
560 2636 842 2699 θειότατος
877 2634 1025 2706 ὕδωρ
1049 2636 1193 2689 αίτεῖ
1223 2636 1290 2706 τῇ
1314 2633 1549 2704 κεφαλῇ,
1586 2636 1685 2688 καὶ
1721 2634 1910 2706 πηγὴν
1934 2637 2028 2689 δα-

433 2731 620 2800 κρύων
651 2732 768 2792 τοῖς
812 2728 1137 2799 ὀφθαλμοῖς,
1186 2728 1331 2782 ὥστε
1384 2730 1505 2782 κατ’
1544 2727 1703 2794 ἀξίαν
1754 2713 2029 2800 θρηνῆσαι

428 2818 802 2890 δυστυχοῦντα
853 2818 946 2872 τδν
1007 2818 1249 2890 Ἰσραήλ.
1300 2816 1459 2888 Ἐμοὶ
1494 2818 1552 2871 δὲ
1600 2817 1686 2881 τίς
1744 2817 1905 2872 δώσει
1956 2816 2024 2889 τῇ

428 2912 636 2986 καρδίᾳ
661 2912 848 2984 πηγὴν
883 2910 1105 2966 ἐννοιῶν
1144 2910 1332 2974 θείων,
1381 2910 1479 2965 καὶ
1506 2912 1621 2976 τοῖς
1648 2909 1829 2979 λόγοις
1854 2927 2024 2963 ποτα-

423 3008 554 3080 μῶν
575 3005 800 3079 εὔροιαν
830 3004 1066 3077 ἀγαθὴν,
1092 3004 1235 3059 ὥστε
1259 3004 1324 3058 τὸ
1354 3004 1499 3074 μέγα
1525 3003 1682 3068 κλέος
1710 3002 2024 3074 ἐξαγγεῖλαι

424 3103 529 3175 τῆς
561 3099 851 3173 παρούσης
877 3099 1077 3172 χαρᾶς,
1119 3099 1218 3154 καὶ
1243 3096 1344 3169 τὴν
1390 3096 1702 3168 ὐπερδολὴν
1738 3096 1838 3167 τῆς
1870 3095 2024 3160 θείας

431 3194 850 3266 μεγαλοδωρεᾶς
896 3192 1143 3257 αἰνίσαις
1198 3191 1260 3245 οὐ
1304 3193 1428 3245 κατ’
1476 3188 1635 3255 ἀξίαν
1683 3189 2019 3259 (ἀνέφικτον
2049 3215 2092 3275 c

428 3285 539 3354 γὰρ
566 3282 741 3346 οὕτως
768 3280 1006 3354 ὑμνεῖν),
1023 3282 1144 3337 ἀλλ’
1175 3280 1303 3336 ὅσον
1332 3282 1508 3335 εἰπεῖν
1529 3281 1555 3332 ὲ
1564 3280 1655 3351 μοί
1681 3296 1741 3333 τε
1772 3276 2020 3350 θεμιτὸν,

436 3374 533 3426 καὶ
559 3376 670 3437 τοῖς
703 3371 962 3427 ἀκούουσι
995 3371 1265 3443 χωρητόν.
1308 3370 1563 3425 Γενέθλια
1602 3370 1638 3441 η
1688 3371 2021 3445 πανήγυρις,

439 3460 486 3521 ῶ
518 3466 698 3533 φίλοι·
730 3464 945 3533 γενέσια
999 3463 1244 3535 Μαρίας,
1302 3462 1407 3533 τῆς
1442 3463 1536 3518 τὸν
1584 3462 1827 3533 Χριστὸν
1890 3462 2021 3532 ἡμῖν

450 3558 589 3628 μετά
627 3556 791 3611 ταῦτα
830 3557 920 3612 τδν
949 3555 1084 3610 Θεὸν
1122 3556 1541 3628 γεννησαμένης
1563 3569 1581 3586 °
1614 3556 1715 3626 τῆς
1739 3555 2020 3625 ἀσπόρως,

443 3650 722 3722 ἀχρᾶντως
759 3649 849 3704 τὸν
911 3649 1240 3721 ὐπερούσιον
1285 3650 1460 3717 Λόγον
1514 3650 1611 3702 καὶ
1645 3647 2024 3720 ἀπερίληπτον

438 3745 531 3796 καὶ
552 3739 876 3812 ἀσώματον,
913 3744 982 3812 τῇ
1013 3743 1301 3812 σωματικῇ
1344 3740 1439 3795 καὶ
1477 3739 1731 3812 ἡμετέρα
1782 3756 2024 3810 καταμιο

431 3834 592 3903 ξάσης
636 3834 843 3904 μορφῇ.
894 3832 1115 3903 Ταύτης
1137 3832 1238 3900 τὴν
1266 3834 1526 3902 γέννησιν
1558 3833 1803 3904 σήμερον
1823 3832 2020 3904 ἑορτά-ν

426 3942 517 3980 σαι
541 3925 905 3997 συνήλθομεν,
951 3925 1039 3977 ἵνα
1068 3923 1180 3979 τῶν
1215 3925 1525 3995 μεγαλείων
1578 3925 1750 3996 αὐτῆς
1782 3926 2018 3982 αἰνέσω-

424 4036 526 4089 μεν
564 4018 665 4090 τὴν
716 4018 930 4089 ἀρχὴν.
959 4011 1036 4077 ὧν
1085 4018 1350 4087 εὐδόκησε
1404 4019 1582 4075 ποιεῖν
1626 4018 1657 4071 ὁ
1697 4017 1926 4085 δυνατὸς
1956 4020 2018 4075 ὲν

408 4112 585 4183 me.

492 4370 717 4426 Πολλῶν
752 4372 862 4443 γὰρ
913 4372 1008 4426 καὶ
1061 4372 1327 4443 ἀπείρων,
1374 4374 1639 4443 οὐμενοῦν
1668 4377 1797 4431 ὅσον
1837 4378 2018 4435 εἰπεῖν

402 4463 671 4530 δυνατὸν,
717 4464 1263 4534 ἀποκαλυπομένων
1312 4468 1728 4540 μεγαλουργιῶν
1760 4472 1819 4523 ὲν
1850 4474 2013 4544 αὐτῇ,

2136 1968 2257 2033 illa,
2298 1971 2389 2026 cui
2419 1970 2722 2029 obnoxium
2754 1974 2957 2032 factum
2989 1978 3171 2034 fuerat
3200 1982 3521 2039 universum
3551 2000 3727 2054 genus

2134 2065 2494 2122 mortalium:
2548 2069 2767 2140 taleque
2822 2071 2983 2128 nobis
3031 2072 3198 2130 hodie
3238 2077 3458 2133 coalitus
3513 2077 3725 2135 donum

2132 2169 2493 2229 praerogatur,
2528 2167 2592 2216 ut
2629 2162 2835 2217 nedum
2859 2164 3176 2222 maledictio
3201 2166 3294 2223 illa
3315 2169 3722 2242 exstinguatur,

2130 2250 2229 2307 sed
2269 2260 2327 2307 et
2343 2253 2527 2309 omnis
2552 2254 2716 2311 nobis
2740 2263 2941 2312 natura
2963 2257 3348 2327 benedicatur,
3370 2261 3723 2320 destruatur-

2130 2358 2239 2413 que
2258 2343 2465 2401 veteris
2527 2345 2833 2414 inimicitiae
2864 2350 3087 2408 medius
3141 2352 3346 2423 partes,
3402 2370 3469 2410 ac
3495 2354 3723 2414 dilectio

2129 2435 2304 2491 Deum
2340 2439 2486 2493 inter
2540 2448 2598 2495 et
2652 2440 2909 2498 homines
2954 2458 3169 2514 paxque
3199 2446 3435 2502 oriatur.

2200 2528 2474 2585 Jeremias
2509 2531 2735 2602 quidem
2771 2534 3170 2605 prophetarum
3228 2537 3720 2596 iniserantlssimus

2128 2635 2195 2675 ac
2222 2620 2624 2689 divinissimus,
2659 2640 2858 2696 aquam
2907 2626 3072 2697 capiti
3100 2628 3270 2697 petit,
3320 2639 3510 2701 'atque
3544 2631 3718 2688 oculis

2128 2712 2339 2771 fontem
2367 2716 2757 2787 lacrymarum,
2781 2728 2841 2774 ut
2870 2733 2971 2788 pro
2985 2719 3196 2776 meritis
3229 2718 3502 2776 infelicem
3531 2721 3715 2794 lugeat

2128 2807 2386 2863 lsraelem
2419 2808 2441 2839 ⁸
2470 2823 2487 2874 ;
2521 2809 2658 2864 mihi
2704 2826 2840 2866 vero
2858 2810 2987 2893 quis
3035 2810 3189 2867 dabit
3209 2811 3363 2868 cordi
3396 2811 3714 2871 divinorum

2128 2896 2338 2953 fontem
2362 2909 2698 2970 conceptum
2728 2910 2896 2971 atque
2917 2916 3229 2969 sensorum,
3256 2903 3555 2975 verbisque
3566 2902 3712 2961 facili

2126 2990 2351 3062 lenique
2384 3007 2525 3049 vena
2578 2991 2941 3051 detinentium
3017 2995 3309 3055 numinum
3361 2999 3600 3069 copiam,
3653 3009 3715 3057 ut

2126 3084 2415 3153 przesentis
2442 3085 2627 3155 gaudii
2664 3101 2921 3156 magnum
2951 3087 3121 3144 decus
3156 3090 3480 3158 enuntiare,
3509 3090 3715 3145 divini-

2127 3191 2236 3245 que
2265 3178 2443 3247 magni
2482 3176 2615 3232 doni
2652 3178 3038 3234 excellentiam
3071 3181 3299 3235 laudare
3321 3182 3535 3245 valeam
3559 3182 3587 3235 l
3602 3197 3712 3237 non

2124 3285 2191 3326 ex
2219 3268 2489 3340 dignitate
2516 3269 2642 3340 (nec
2664 3269 2814 3325 enim
2846 3271 2927 3326 sic
2952 3270 3178 3327 laudare
3209 3288 3531 3329 concessum
3557 3273 3665 3342 est)
3693 3313 3710 3337 ,

2124 3360 2220 3417 sed
2253 3372 2523 3431 quantum
2549 3372 2667 3417 tum
2692 3362 2833 3423 mibi
2852 3363 3078 3419 laudare
3105 3364 3257 3429 licet,
3290 3373 3405 3420 tum
3431 3365 3715 3422 auditores

2124 3466 2325 3523 capere
2351 3463 2606 3523 possunt.
2662 3453 2791 3511 Dies
2820 3456 3022 3509 natalis
3045 3462 3153 3519 est,
3184 3455 3347 3513 amici
3381 3457 3395 3511 l
3432 3472 3599 3526 quam
3621 3472 3715 3512 cc-

2122 3543 2435 3599 lebritatem
2490 3544 2724 3616 agimus,
2780 3545 2968 3600 Maria:
3018 3546 3222 3611 natale,
3257 3562 3326 3601 ex
3387 3563 3498 3617 qua
3553 3537 3714 3602 nobis

2124 3644 2315 3706 postea
2337 3634 2594 3692 Christus
2612 3636 2755 3691 Deus
2786 3645 3048 3704 nascetur
3072 3652 3088 3703 ;
3127 3639 3250 3711 ejus
3277 3639 3564 3703 nimirum,
3590 3655 3714 3710 qua:

2123 3728 2244 3783 sine
2280 3728 2512 3795 semine,
2562 3728 2888 3785 intemerate
2944 3728 3097 3785 omni
3152 3731 3332 3802 majus
3391 3731 3711 3787 substantia

2121 3821 2367 3879 Verbum
2398 3818 3033 3894 incomprehensumque
3051 3831 3109 3879 et
3134 3824 3541 3895 incorporeum,
3593 3840 3716 3881 cor-

2120 3928 2306 3984 porca:
2331 3922 2643 3983 nostraeque
2670 3929 2735 3969 ac
2772 3914 3031 3979 humana:
3055 3914 3247 3971 forma:
3270 3924 3331 3970 ut
3352 3916 3710 3980 coalesceret,

2120 4004 2276 4061 fecit.
2338 4004 2513 4078 llujus
2538 4005 2721 4061 natale
2746 4004 3078 4062 celebraturi
3106 4006 3273 4062 hodie
3312 4006 3671 4064 convenimus
3691 4044 3712 4072 ,

2122 4104 2185 4152 ut
2229 4097 2351 4169 ejus
2401 4096 2737 4167 magnalium
2782 4097 3412 4163 exordiumlaudemus,
3468 4113 3589 4168 quae
3651 4096 3707 4150 in

2120 4202 2206 4254 ea,
2276 4188 2369 4260 qui
2438 4198 2638 4262 potens
2692 4198 2780 4255 est
2816 4191 2859 4259 ⁸,
2890 4206 3167 4261 propensa
3189 4190 3474 4248 voluntate
3515 4188 3709 4246 facere

2117 4281 2316 4339 voluit.

2193 4383 2331 4440 Cum
2384 4383 2532 4439 enim
2566 4386 2738 4439 multa
2786 4392 2845 4440 et
2894 4384 3129 4452 inﬁnita,
3156 4402 3220 4440 ac
3242 4402 3363 4456 qua:
3391 4386 3576 4440 nullus
3617 4402 3709 4442 rc—

2120 4476 2262 4532 ferre
2316 4476 2512 4547 possit,
2558 4475 2613 4529 in
2664 4492 2730 4531 ea
2777 4476 2993 4531 detecta
3037 4477 3150 4532 sint
3197 4478 3482 4547 magniﬁca
3541 4493 3708 4546 opera

400 4554 581 4610 τοῦτο
608 4555 825 4628 πρῶτον
846 4560 942 4610 καὶ
965 4558 1441 4627 θαυμασιώτατον,
1464 4560 1559 4615 τὸν
1579 4562 1896 4633 ὑπερφυοῦς
1916 4566 2013 4636 τῆς

2126 4574 2285 4635 atque
2331 4579 2583 4631 munera,
2618 4565 2860 4634 primum
2899 4563 3047 4621 istud
3095 4564 3704 4637 mirabilissimumque,

398 4647 732 4718 γεννήσεως
757 4648 965 4719 τρόπον
985 4649 1279 4720 ὑπερφυῶς
1310 4651 1802 4719 προκατεόἁλλετο.
1836 4656 2012 4708 "Avu-

403 4740 510 4795 θεν
535 4739 652 4811 γὰρ
682 4742 718 4808 ὴ
751 4739 914 4811 σοφία
944 4742 1051 4813 πρὸ
1074 4741 1286 4795 αἰώνων
1316 4744 1416 4807 τὰς
1448 4745 1555 4797 τῶν
1587 4748 1888 4817 γινομένων
1922 4750 2013 4801 ἂκ-

405 4833 613 4895 6ἀσεις
644 4830 963 4901 προορῶσα,
996 4832 1274 4901 ἀναλόγως
1319 4836 1433 4897 τοῖς
1465 4834 1676 4889 τέλεσιν
1722 4837 2014 4893 ὐποὸάλλει

404 4925 510 4980 καὶ
537 4924 643 4985 τὰς
668 4924 866 4995 ἀρχάς.
906 4923 1126 4996 Ἐπειδὴ
1149 4922 1244 4979 οὖν
1281 4926 1508 4996 ἔμελλεν
1544 4928 1605 4981 οὐ
1644 4931 1826 5001 μήτηρ
1853 4932 2014 5001 μόνον

402 5016 760 5091 χρηματίσαι
796 5014 956 5082 θεοῦ,
988 5017 1127 5073 ἀλλά
1158 5019 1253 5071 καὶ
1299 5019 1545 5093 θυγάτηρ
1600 5020 1744 5075 κατά
1789 5022 2009 5094 πνεῦμα

401 5107 715 5175 υἱοθεσίας,
779 5107 918 5163 ἀλλά
966 5109 1059 5163 καὶ
1110 5108 1326 5179 βασιλὶς
1373 5112 1468 5164 καὶ
1515 5113 1682 5183 κυρία
1728 5115 1838 5166 τῶν
1871 5114 2008 5169 ὅλων

402 5198 897 5271 ἀναῤῥηθήσεσθαι
924 5239 940 5265 ,
990 5201 1082 5254 δια
1123 5203 1223 5270 τῆς
1272 5202 1697 5271 ὐπεραγνῶστου
1745 5206 1887 5277 πρὸς
1920 5208 2009 5261 τὸν

402 5291 543 5344 Υἱὺν
568 5290 834 5359 ὐψὼσεως
863 5293 958 5345 καὶ
981 5295 1297 5364 ἀναγωγῆς,
1322 5293 1411 5348 διὰ
1435 5297 1593 5350 τοῦτο
1629 5298 1718 5351 καὶ
1752 5299 1785 5369 ή
1821 5299 2011 5372 σύλληο

400 5384 503 5454 de;
555 5384 723 5448 εὐθὺς
769 5385 917 5459 ξένη,
951 5388 1046 5441 καὶ
1078 5390 1110 5458 ἡ
1146 5390 1283 5459 πρὸς
1313 5389 1404 5447 τὸν
1430 5390 1545 5459 βίον
1582 5393 1757 5463 αὐτῆς
1801 5395 2007 5455 εἴσοδος

399 5479 793 5547 καινοπρεπής
815 5491 832 5509 ’
873 5477 961 5531 διὰ
987 5479 1096 5533 τῶν
1128 5481 1367 5551 ἡττόνων
1420 5484 1557 5554 πρὸς
1598 5486 1699 5555 τὴν
1743 5486 1852 5540 τῶν
1881 5505 2003 5557 μεμ

399 5566 589 5634 ζὸνων
606 5567 789 5637 αὐτὴν
822 5569 1143 5625 ὀδοποιοῦσα
1196 5573 1400 5630 πίστιν.
1445 5576 1595 5631 Ἔδει
1641 5577 1752 5649 γὰρ
1788 5578 2001 5633 οἴκοθεν

398 5658 614 5732 ἔχουσα
640 5659 738 5731 τῆς
763 5659 857 5715 τοῦ
882 5661 1019 5717 Θεοῦ
1046 5663 1331 5733 devineta;
1374 5668 1442 5721 τά
1468 5666 1868 5743 ὑποδείγματα,
1904 5672 1998 5729 καὶ

465 5840 490 5871 ³
542 5834 682 5897 Luc.
717 5857 755 5910 l,
788 5843 878 5900 69.
954 5845 1109 5901 ηδε.
1142 5861 1202 5912 n,
1232 5846 1315 5901 ιο.
1398 5844 1641 5904 ‘Jerem.
1680 5864 1754 5916 xx,
1789 5850 1837 5909 l.

2111 4672 2261 4721 cum,
2305 4655 2400 4727 qui
2478 4667 2731 4711 naturam
2784 4672 3004 4712 omnem
3065 4656 3304 4718 excedit,
3343 4656 3706 4726 divinumque

2112 4749 2309 4805 altiore
2326 4765 2493 4821 supra
2522 4760 2774 4803 naturam
2794 4750 2955 4805 modo
2976 4749 3327 4820 diviniusque
3342 4748 3707 4819 praestruch

2111 4842 2416 4899 nativitatis
2438 4842 2684 4898 modum.
2734 4842 3019 4913 Sapientia
3042 4845 3213 4908 enim,
3232 4844 3342 4913 jam
3363 4852 3477 4898 tum
3501 4858 3530 4896 ιι
3553 4843 3707 4912 prin-

2114 4937 2260 5007 cipio
2303 4947 2432 4992 ante
2459 4936 2681 5001 szecula,
2715 4952 2908 4991 eorum
2953 4953 3076 5007 qua:
3134 4939 3267 4991 liant
3294 4945 3528 4997 eventus
3562 4951 3703 5006 pra:-

2112 5029 2328 5096 videns,
2386 5045 2486 5099 pro
2514 5030 2707 5086 finium
2740 5030 2956 5086 ratione
2974 5045 3217 5100 congrue
3266 5028 3536 5099 principia
3570 5027 3705 5088 sub-

2113 5120 2215 5176 dit.
2263 5121 2421 5188 Quod
2455 5121 2622 5192 igitur
2645 5120 2892 5181 futurum
2919 5129 3143 5185 erat,nt
3171 5120 3373 5179 nedum
3407 5119 3503 5174 Dei
3530 5118 3704 5174 Mater

2112 5213 2351 5277 audiret,
2382 5212 2481 5267 sed
2513 5221 2570 5267 et
2600 5211 2708 5266 lilia
2736 5212 3040 5282 secundum
3074 5213 3331 5283 spiritum
3387 5210 3703 5280 adoptionis

2112 5305 2374 5361 filiorum.
2414 5303 2510 5359 sed
2553 5313 2611 5360 ct
2650 5303 2839 5375 regina
2868 5312 3037 5374 atque
3065 5302 3288 5361 domina
3317 5303 3699 5357 universorum

2110 5398 2512 5463 celebraretur,
2562 5413 2663 5467 per
2690 5397 3095 5468 ignotissimum
3122 5412 3191 5451 ex
3218 5396 3343 5453 Filii
3387 5395 3699 5451 rationibus

2106 5490 2492 5546 cxaltationem
2527 5492 2843 5559 celsamque
2873 5489 3263 5552 elevationem,
3300 5486 3510 5541 idcirco
3529 5486 3696 5541 etiam

2109 5582 2401 5652 conceptio
2423 5582 2609 5637 statim
2654 5598 2819 5647 nova,
2849 5583 3083 5654 ejusque
3130 5583 3188 5637 in
3217 5582 3387 5636 vitam
3415 5580 3698 5652 ingressus

2108 5674 2246 5730 inira
2296 5684 2449 5728 extra
2478 5690 2636 5729 usum
2671 5674 2927 5740 ratione;
2986 5690 3101 5747 quo
3126 5673 3388 5730 nimirum
3414 5688 3478 5728 ex
3515 5671 3696 5728 mino-

1943 5852 1963 5883 ⁸
1994 5850 2131 5909 Luc.
2160 5872 2174 5909 ι
2207 5853 2292 5909 $9.
