4088 6304
361 341 441 454 lg
590 435 612 454 ³
740 438 755 454 .
987 443 1000 454 .
1042 443 1068 454 Δ
1093 445 1107 454 _
1259 445 1274 454 -
1581 361 1881 454 ΝΙΕῌΤΒ
1919 366 1948 429 Ι

2051 367 2452 430 ’HLAGONIS
2898 450 2903 454 ς
3585 367 3657 435 20

357 436 518 494 ribus
543 435 614 493 ad
648 438 919 511 majorum
949 443 1000 500 ei
1037 443 1201 501 ﬁdem
1222 445 1371 503 viam
1398 457 1696 509 sterneret.
1723 452 1948 511 Decebal

2067 456 2207 528 πρὸς
2247 456 2347 528 τὴν
2380 457 2743 531 στειρωτικὴν
2775 458 2878 531 τῆς
2898 450 3120 533 ’μητρὸς
3143 458 3404 534 γὲννησιν
3451 460 3656 533 δρῶσαι

357 528 511 584 enim
586 538 647 586 ut
673 546 798 601 qum
831 549 867 588 ιι
895 549 953 591 se
981 535 1183 592 divinae
1212 536 1446 594 haberet
1473 541 1736 610 potentia
1766 558 1958 600 exem-

359 619 473 689 pla,
499 629 668 692 atque
699 623 769 680 ad
803 626 1022 693 matris,
1065 643 1179 699 qua
1214 640 1472 702 suscepta
1486 640 1657 698 esset,
1693 635 1960 692 sterilita-

360 721 470 768 tem
500 715 824 784 respiceret,
854 733 960 774 nec
1007 722 1168 791 cujus
1203 723 1439 778 nuntius
1474 723 1555 779 illi
1596 725 1959 794 atterebatur,

356 805 662 876 virginitati
708 810 873 866 ﬁdem
927 813 1222 872 abnueret.
1277 818 1483 875 Verum
1505 819 1818 885 videamus.
1863 822 1963 893 qui

355 901 479 968 ejus
511 903 820 959 secundum
842 919 1066 962 carnem
1087 907 1298 964 fuerint
1325 920 1610 980 parentes,
1642 923 1964 986 quantaque

358 989 484 1048 fulti
550 994 784 1064 virtute,

355 1100 493 1154 pere
515 1087 559 1142 ‘.

431 1176 568 1245 Quis
599 1179 769 1253 igitur
788 1184 967 1240 nescit
991 1188 1243 1246 Joacbim
1270 1203 1326 1249 et
1355 1195 1593 1261 Annam,
1625 1199 1721 1272 qui
1756 1199 1961 1259 divina

363 1269 591 1328 infantis
626 1290 888 1345 parentes
911 1283 1182 1338 exsistant
1211 1327 1225 1351 ,
1263 1304 1362 1356 par
1395 1290 1531 1345 illud
1562 1269 1962 1353 venerabilem:

361 1367 719 1438 religiosum?
765 1372 902 1439 Quis
928 1376 1002 1432 ita
1026 1380 1233 1445 tardus,
1263 1383 1388 1452 quis
1416 1385 1472 1440 in
1505 1385 1712 1443 divinis
1735 1388 1964 1448 Litteris

355 1459 441 1514 sic
477 1463 826 1533 peregrinus,
858 1475 1046 1524 utnon
1087 1478 1295 1540 teneat,
1331 1484 1415 1532 ter
1442 1477 1636 1537 beatos
1682 1480 1812 1536 illos
1849 1499 1964 1539 om-

355 1548 446 1605 nis
472 1551 697 1620 pietatis
725 1569 790 1609 ac
808 1556 1061 1625 iustitiae,
1099 1578 1201 1632 per
1227 1579 1374 1631 eam,
1410 1583 1518 1638 qua
1542 1571 1804 1627 vixerunt
1825 1585 1957 1631 aeta—

358 1650 495 1705 tem,
533 1659 813 1702 summum
867 1644 1134 1709 verticem
1179 1658 1415 1729 adeptos
1454 1664 1625 1719 esse?
1673 1667 1856 1739 Atque
1900 1667 1957 1725 id

355 1735 747 1803 manifestum,
811 1743 1015 1800 nedum
1075 1763 1141 1803 ex
1182 1749 1386 1817 fructu,
1420 1770 1588 1826 quem
1630 1774 1745 1816 non
1764 1735 1962 1832 ‘magis

355 1840 583 1896 precum
619 1829 903 1898 instantia,
968 1852 1134 1906 quam
1160 1853 1365 1898 natura
1387 1843 1521 1904 ﬁetu
1551 1829 1956 1921 germinarunt,

358 1937 551 1978 verum
584 1926 750 1981 etiam
775 1945 844 1983 ex
867 1929 1090 1987 illorum
1122 1934 1378 2006 historia,
1398 1956 1523 2011 qua:
1547 1943 1958 2016 inculpatoseis

355 2031 559 2081 mores,
586 2021 867 2103 vitamque
918 2025 1032 2080 Deo
1076 2028 1334 2097 placitam
1367 2047 1436 2092 ac
1466 2045 1738 2103 sanetam,
1777 2043 1958 2097 ascri-

351 2106 622 2174 bit;cum
677 2101 851 2183 genus
909 2115 965 2170 in
1013 2119 1278 2178 Davidem
1314 2141 1378 2180 ac
1403 2124 1605 2184 Iudam
1657 2101 1954 2200 referrent,

353 2215 686 2273 morumque
718 2208 1062 2276 ingenuitate
1085 2230 1254 2288 atque
1282 2217 1488 2274 indolis
1519 2222 1822 2292 probitate.
1855 2242 1958 2283 nec

349 2308 464 2347 non
509 2297 896 2354 mandatorum
943 2304 1041 2359 Dei
1101 2308 1376 2375 custodia,
1419 2325 1646 2369 omnem
1695 2314 1953 2372 israelem

350 2385 736 2447 nobilitarent.

426 2480 493 2537 lli
532 2484 822 2554 nimirum,
860 2505 987 2544 eum
1024 2493 1246 2550 virtutis
1269 2511 1438 2552 censu
1476 2498 1581 2568 (uti
1613 2500 1823 2557 dictum
1848 2503 1953 2574 est.)

350 2575 552 2632 divites
582 2589 790 2646 essent,
841 2585 975 2654 quin
1027 2594 1083 2641 et
1128 2588 1366 2645 terrenis
1410 2591 1575 2648 bonis
1619 2593 1952 2664 aiiluerent;

350 2685 550 2742 nempe
613 2675 892 2745 gregibus,
947 2682 1350 2754 armentisque,
1400 2700 1464 2740 ac
1531 2688 1745 2760 reliqua
1802 2691 1954 2747 omni

351 2763 660 2821 substantia
690 2768 813 2823 fulti
836 2783 1043 2837 essent,
1082 2792 1194 2830 uno
1254 2778 1361 2835 hoc
1411 2779 1590 2836 solum
1631 2799 1661 2838 a
1708 2783 1954 2855 perfecta

347 2851 611 2912 felicitate
633 2874 694 2913 se
722 2860 919 2918 abesse
949 2866 1369 2934 existimabant,
1399 2871 1548 2940 quod
1595 2851 1796 2944 nempe
1826 2873 1955 2928 abs-

347 2961 457 3015 que
481 2948 672 3005 liberis
723 2967 1172 3013 consenuerant:
1200 2969 1470 3031 erantque
1519 2963 1703 3018 onmia
1742 2964 1954 3022 doloris

345 3040 531 3108 plena,
570 3058 635 3098 ac
660 3047 920 3102 nucestitia
967 3061 1169 3105 cuncta
1218 3053 1560 3122 oppleverat,
1616 3058 1764 3126 quod
1804 3057 1952 3113 haud

2059 547 2198 622 μηδὲ
2225 549 2326 619 τὴν
2359 551 2863 622 εὐαγγελιζομὲνην
2898 553 3128 624 ὕστερον
3170 554 3314 626 αὐτῇ
3357 554 3661 626 παρθενίαν

2058 641 2333 699 ἀπιστεῖν.
2390 643 2534 698 Ἀλλ’
2578 644 2781 717 ἴδωμεν
2821 645 2969 710 τίνες
2997 648 3172 718 αὐτῆς
3216 648 3269 703 oi
3301 647 3449 704 κατά
3477 650 3658 721 σάρκα

2060 735 2264 799 τοκεῐς,
2301 734 2394 788 καὶ
2416 737 2591 790 ὁποῖοι
2611 739 2710 808 τὴν
2736 738 2960 808 ἀρετὴν,
2988 740 3084 794 καὶ
3110 741 3261 804 ὅπως
3288 740 3389 814 τὴν
3413 739 3511 797 τοῦ
3549 742 3658 795 Ἰα-

2059 824 2180 878 κὼϐ
2241 827 2526 899 καλλονὴν,
2579 831 2647 900 ἢν
2669 831 2959 902 ἠγάπησεν
3001 834 3031 885 ὁ
3081 833 3310 902 Κύριος,
3337 834 3493 890 αὐτοὶ
3526 850 3661 888 κατο-

2058 917 2379 990 ηξιὼθησαν
2407 922 2675 979 ἐκτεκεῖν.

874 1009 933 1056 et
985 1003 1270 1072 quomodo
1320 1005 1560 1074 speciem
1632 1005 1825 1076 Iacob,
1869 1025 2037 1080 quam
2079 1012 2226 1070 Deus
2281 1014 2494 1082 dilexit,
2566 1018 2668 1087 ipsi
2723 1021 3032 1075 meruerint
3075 1020 3304 1092 gignere
3356 1036 3420 1076 ac
3476 1019 3660 1077 susci-

2132 1208 2232 1272 Τίς
2264 1209 2362 1263 οὐκ
2407 1204 2548 1265 οἶδεν
2606 1210 2864 1283 Ἰωακεὶμ
2916 1214 3010 1267 καὶ
3043 1217 3265 1278 Ἀνναν,
3319 1215 3662 1284 γεννήτορας

2060 1299 2221 1364 ὄντας
2245 1301 2350 1372 τῆς
2379 1302 2699 1370 θεόπαιδος,
2731 1305 2830 1375 τὴν
2858 1306 3047 1372 τιμίαν
3084 1305 3354 1375 ξυνωρίδα
3399 1306 3494 1360 καὶ
3539 1305 3663 1359 θεο-

2060 1388 2232 1461 φιλῆς
2267 1392 2362 1444 καὶ
2394 1391 2478 1454 τίς
2531 1390 2675 1447 οὕτω
2734 1391 2936 1463 βραδὺς
2966 1435 2978 1454 .
3035 1393 3121 1455 τίς
3168 1393 3314 1449 οὕτω
3353 1394 3463 1448 τῶν
3497 1395 3664 1449 θεέων

2059 1484 2300 1556 Γραφῶν
2316 1485 2741 1551 ἀνεπίσκεπτος,
2769 1485 2898 1540 ὥστ’
2933 1488 3155 1555 ἀγνοεῖν
3179 1488 3262 1541 ὅτι
3294 1487 3476 1555 πάσης
3502 1487 3664 1540 εύσεο

2064 1576 2222 1642 Geta;
2267 1577 2367 1632 καὶ
2396 1578 2749 1650 δικαιοσύνης
2790 1578 2935 1632 κατά
2973 1578 3073 1650 τὴν
3121 1578 3333 1634 ἑαυτῶν
3375 1581 3571 1647 γενεὰν
3599 1581 3665 1635 τὺ

2066 1670 2371 1742 ἀκρότατον
2393 1671 2445 1724 οἱ
2491 1671 2871 1743 τρισμάκαρες
2911 1671 3292 1742 ἀπηνέγκαντο
3318 1689 3335 1738 ;
3369 1673 3483 1726 Καὶ
3503 1672 3666 1728 τοῦτο

2066 1763 2248 1835 δῆλον,
2280 1764 2383 1818 οὐκ
2424 1765 2492 1819 ἐκ
2523 1765 2621 1819 τοῦ
2667 1764 2887 1836 καρποῦ
2920 1765 3102 1836 μόνον,
3128 1767 3187 1820 ὃν
3231 1767 3332 1836 οὐχ
3360 1760 3528 1838 ἧττον
3570 1768 3664 1824 διὰ

2062 1858 2438 1930 προσευχῆς-ἣ
2493 1858 2710 1929 φύσεως
2755 1859 3122 1930 ἐϐλάστησαν,
3163 1860 3299 1914 ἀλλὰ
3330 1861 3424 1914 καὶ
3454 1863 3519 1914 ὲκ
3555 1861 3664 1928 τῆς

2061 1951 2191 2022 περὶ
2221 1951 2402 2006 αὐτῶν
2437 1950 2700 2022 ἱστορίας.
2732 1950 3025 2022 ἄμεμπτον
3048 1951 3326 2006 πολιτείαν
3348 1953 3444 2005 καὶ
3468 1953 3667 2024 εὐάρε-

2063 2061 2190 2098 στον
2236 2045 2315 2114 τῷ
2343 2043 2464 2114 Θεῷ
2518 2043 2632 2113 βίον
2662 2043 2810 2113 βιοῦν
2840 2045 3025 2106 αὐτοῖς
3059 2043 3489 2115 ἀναγραφούσης
3509 2061 3522 2075 ⁸
3577 2047 3663 2109 είς

2059 2135 2227 2190 Δαὸὶδ
2256 2135 2357 2207 μὲν
2396 2137 2488 2190 καὶ
2540 2136 2742 2190 Ἰούδαν
2779 2137 2837 2189 τὸ
2870 2136 3025 2203 γένος
3060 2139 3460 2206 ἀναφέροντας,
3495 2139 3662 2207 εὐγε-

2058 2228 2179 2301 νείᾳ
2229 2229 2287 2282 δὲ
2331 2229 2553 2300 τρόπων
2609 2231 2704 2282 καὶ
2761 2228 2912 2298 ἠθῶν
2954 2228 3498 2302 καλοκαγαθίᾳ,·καὶ
3547 2229 3664 2284 τῶν

2059 2323 2502 2394 προσταγμάτων
2523 2322 2617 2376 τού
2645 2320 2779 2375 Θεοῦ
2807 2319 3046 2392 φυλακῇ,
3070 2321 3190 2376 ὅλον
3213 2320 3662 2391 ὲξευγενίζοντας

2059 2417 2152 2469 τὸν
2195 2414 2432 2488 Ἰσραήλ.

2129 2501 2288 2562 Οὗτοι
2321 2520 2417 2560 τον
2458 2507 2708 2573 πλοῦτον,
2753 2508 2831 2573 ὡς
2870 2507 3124 2582 εἴρηται,
3165 2509 3523 2576 πλουτοῦντες
3555 2511 3658 2583 τῆς

2057 2600 2283 2671 ἀρετῆς,
2318 2599 2599 2671 βρίθοντες
2620 2602 2677 2656 δὲ
2708 2606 2804 2657 καὶ
2830 2605 2945 2666 τοῖς
2971 2603 3082 2657 ἀπὸ
3115 2602 3218 2673 γῆς
3255 2602 3507 2670 ἀγαθοῖς,
3528 2621 3654 2658 ποια

2061 2690 2238 2760 μνίοις
2277 2693 2373 2745 καὶ
2407 2690 2712 2762 βουκολίοις
2741 2693 2838 2746 καὶ
2867 2694 3035 2746 πᾶσιν
3067 2693 3248 2757 ἀλλοις
3271 2694 3658 2765 αὺταρκούμε-

2057 2803 2137 2838 νοι
2172 2786 2647 2857 περιουσιασμοῖς,
2677 2784 2756 2838 ἑνὶ
2780 2785 2957 2855 τούτῳ
2994 2782 3142 2856 μόνῳ
3168 2784 3269 2855 τῆς
3305 2785 3521 2850 τελείας
3550 2803 3654 2858 μα-

2059 2878 2406 2950 καριωσύνης
2442 2877 2768 2932 ὑπώπτευον
2822 2877 3108 2947 ἀστοχεῖν·
3161 2878 3380 2933 ἄτεκνοι
3411 2878 3521 2946 γὰρ
3559 2880 3655 2935 τὸν

2059 2969 2174 3040 βίον
2204 2973 2568 3042 κατεγήρων·
2608 2970 2704 3024 καὶ
2761 2974 2939 3026 πάντα
2988 2968 3167 3042 λύπης
3222 2969 3399 3043 μεστά
3428 2967 3518 3043 ἦν,
3555 2972 3650 3025 καὶ

2055 3064 2296 3135 ἀθυμίας
2311 3066 2510 3128 (αὐτοῖς
2534 3064 2603 3117 τὰ
2634 3065 2815 3120 πάντα
2865 3064 3230 3135 πεπλήρωτο·
3263 3063 3345 3116 ὅτι
3375 3067 3441 3134 τῇ
3480 3064 3650 3135 Ἀννᾳ

345 3142 507 3185 secus
551 3147 616 3186 ac
646 3145 875 3190 vetuste
905 3136 1075 3204 Suras,
1109 3150 1396 3199 menstrua
1418 3144 1592 3202 Annae
1611 3146 1733 3202 ﬁeri
1762 3147 1948 3204 desie-

2059 3157 2158 3228 μὲν
2190 3156 2334 3211 κατά
2359 3157 2460 3227 τὴν
2484 3156 2724 3210 παλαιὰν
2773 3158 2995 3229 Σάρραν
3051 3157 3303 3225 ἐξέλιπον
3348 3157 3415 3208 τὰ
3450 3171 3641 3223 γυναι-

346 3231 471 3275 rant
490 3223 507 3252 ⁷
541 3240 555 3286 ;
582 3240 684 3279 nec
711 3226 998 3285 Joacbimo
1025 3240 1471 3300 eratsuccessor,
1489 3253 1594 3296 nec
1609 3241 1945 3296 cernebatur

345 3313 438 3380 qui
492 3313 712 3372 familia:
765 3319 1005 3376 scintilla
1040 3321 1207 3380 foret.
1263 3325 1581 3384 Accedebat
1620 3340 1678 3386 et
1719 3332 1945 3388 irritans

341 3404 652 3463 vicinorum
679 3413 1055 3480 exprobratio,
1079 3431 1145 3473 ac
1176 3429 1443 3489 quantum
1483 3439 1586 3479 nec
1625 3424 1733 3482 dici
1761 3435 1946 3497 potest

343 3509 501 3562 ξύει-τε
536 3501 739 3554 mentis
778 3501 990 3560 doloris
1023 3522 1248 3564 sensum
1284 3513 1678 3570 succendebat.
1711 3516 1789 3573 Ac
1816 3519 1944 3590 qui-

341 3583 467 3639 dem
499 3587 749 3646 Joachim
776 3594 1020 3664 duplicia
1048 3598 1192 3654 dona
1224 3600 1457 3658 Domino
1471 3605 1741 3662 offerebat
1767 3626 1780 3674 ;
1815 3625 1940 3664 cum

341 3675 432 3731 bis
465 3678 608 3734 forte
655 3683 828 3739 Deum
859 3689 1210 3759 prepitiaret,
1244 3708 1309 3747 ac
1357 3695 1617 3752 orbitatis
1673 3701 1938 3768 probrum

340 3784 369 3821 a
393 3783 452 3823 se
477 3769 679 3841 depelli
711 3791 873 3843 posse
905 3781 1194 3851 cogitaret.
1221 3783 1596 3842 Nihilominus
1628 3800 1811 3846 tamen
1860 3793 1941 3846 sic

336 3878 560 3934 quoque
590 3867 642 3922 in
677 3869 871 3924 iisdem
908 3873 1328 3935 infccunditatis
1358 3882 1581 3950 probris
1637 3887 1895 3942 manebat
1923 3932 1936 3953 ,

338 3954 520 4011 donec
554 3961 773 4015 tandem
810 3964 896 4017 vir
921 3967 1106 4035 justus
1138 3979 1448 4028 extremum
1498 3976 1608 4042 jam
1640 3977 1810 4032 an‘imi
1838 3992 1940 4033 an-

337 4045 464 4098 xius
489 4056 545 4100 et
576 4048 921 4116 humiliatus,
955 4057 1277 4113 carnalibus
1317 4061 1593 4133 despectis
1627 4064 1850 4132 hostiis,
1883 4076 1940 4121 ct

337 4136 544 4207 quibus
586 4140 894 4209 imperfecti
941 4145 1264 4215 imperfecte
1296 4152 1529 4224 obsequi
1562 4171 1622 4210 se.
1662 4167 1722 4211 et
1758 4158 1939 4214 indul-

335 4242 468 4297 gere
496 4230 838 4297 existimant,
892 4234 1071 4305 iisque
1103 4245 1164 4293 ut
1195 4256 1317 4310 qum
1353 4259 1462 4297 non
1491 4247 1791 4302 admodum
1823 4250 1940 4320 pla-

335 4331 524 4384 ceant,
555 4326 783 4393 spretis,
839 4329 1173 4386 sacriﬁcium
1203 4333 1318 4390 Deo
1348 4336 1609 4404 spiritum
1640 4341 1936 4395 contribu-

334 4412 508 4469 latum
535 4425 702 4471 etCur
749 4423 1051 4476 contritum
1083 4441 1148 4480 ac
1204 4427 1557 4484 bumiliatum
1585 4431 1932 4488 oll‘crendum

333 4521 515 4572 Operm
559 4510 797 4577 pretium
853 4513 1071 4580 duxit',
1099 4518 1388 4590 creditque
1418 4537 1517 4589 per
1536 4523 1938 4579 continentiam
1975 4529 2019 4583 D

333 4609 390 4653 et
429 4602 737 4658 orationem
759 4608 1242 4676 appreliensurum
1271 4628 1353 4678 sc,
1392 4615 1552 4685 cujus
1580 4631 1728 4687 aeger
1762 4618 1935 4673 animi

333 4692 619 4750 desiderio
645 4706 788 4752 erat.

403 4789 506 4857 Qui
554 4793 702 4848 enim
730 4797 1065 4853 sanctissimi
1124 4799 1366 4869 Spiritus
1397 4804 1808 4860 sanctissimum
1846 4806 1934 4877 pi-

331 4899 474 4954 gnus
493 4901 558 4940 ac
582 4888 886 4942 sacrarium
907 4901 1053 4946 esset
1081 4893 1390 4963 geniturus,
1418 4896 1654 4952 decebat
1682 4899 1930 4970 ejusdem

332 4979 576 5048 primum
601 4979 845 5050 Spiritus
886 4983 1091 5039 divinis
1115 4985 1392 5042 alilatibus
1423 4991 1723 5061 repletum,
1769 5009 1931 5049 sacro

332 5071 688 5142 spiritalique
753 5073 1034 5132 desiderio
1104 5079 1172 5132 ad
1238 5092 1569 5153 conceptum
1624 5085 1930 5142 confoveri.

330 5160 584 5225 Quonam
644 5163 816 5233 igitur
850 5166 1015 5220 modo
1046 5183 1164 5222 rem
1222 5173 1498 5239 praestat?
1549 5172 1936 5232 Communicat

328 5255 554 5324 quidem
587 5257 745 5311 uxori
772 5256 1022 5314 divinum
1045 5261 1230 5317 animo
1247 5275 1590 5336 assumptum
1615 5268 1933 5323 consilium.

330 5347 657 5404 Communis
690 5350 836 5404 enim
869 5350 1162 5418 ambobus,
1186 5357 1264 5410 uti
1297 5359 1581 5424 sterilitas,
1617 5361 1698 5417 sic
1723 5371 1932 5417 etcura

330 5440 703 5509 suscipiendae
740 5443 930 5513 prolis;
964 5456 1264 5518 mutietque
1292 5451 1530 5507 aliorum
1551 5455 1800 5508 omnium
1826 5472 1928 5510 cu-

331 5547 422 5584 ras
481 5534 835 5600 posthabere,
885 5538 1208 5610 jejunioquc
1279 5554 1336 5596 et
1394 5545 1730 5601 confessioni
1761 5553 1929 5617 atque

331 5621 596 5695 precibus
624 5625 904 5681 assiduam
929 5644 1073 5693 esse,
1097 5631 1284 5694 donec,
1312 5632 1516 5702 inquit,
1543 5652 1575 5685 α
1611 5635 1762 5687 nobis
1787 5633 1930 5688 Deus

403 5821 839 5892 ⁸Ρεα1.κινι,5.
985 5829 1122 5885 ch.
1167 5845 1315 5893 xvm,
1354 5830 1434 5884 ll.
1486 5831 1504 5861 '
1539 5831 1683 5889 Psai.
1718 5849 1769 5900 ι,
1813 5835 1897 5888 l‘J.

2056 3254 2209 3306 κεῖα·
2239 3250 2320 3322 τῷ
2360 3250 2418 3304 δὲ
2445 3249 2691 3320 διάδοχος
2712 3250 2811 3303 οὐκ
2831 3245 2921 3320 ἦν,
2962 3248 3058 3303 καὶ
3108 3251 3137 3302 ὁ
3175 3247 3272 3303 τοῦ
3309 3247 3495 3318 γένους
3540 3245 3640 3315 οὐχ

2046 3345 2231 3414 ὠρᾶτο
2260 3344 2517 3414 σπινθὴρ.
2551 3343 2660 3398 Καὶ
2686 3343 2821 3412 πρὸς
2845 3341 3059 3404 τούτοις
3088 3341 3116 3393 ὁ
3137 3342 3202 3395 ὲκ
3224 3341 3482 3409 γειτόνων
3510 3338 3640 3392 ὕπο-

2049 3437 2277 3508 σμύχων
2303 3436 2644 3506 ὀνειδισμὸς,
2673 3436 2776 3490 οὐκ
2809 3435 2957 3488 ἔστιν
2987 3435 3111 3488 ὅσον
3147 3435 3324 3488 εἰπεῖν
3354 3432 3643 3500 ὑπεξέκαιε

2046 3533 2147 3601 τὴν
2175 3529 2504 3599 δυσθυμίαν.
2536 3529 2651 3582 Καὶ
2680 3531 2991 3599 προσέφερε
3018 3527 3118 3598 μὲν
3156 3526 3419 3597 Ἰωακεὶμ
3457 3527 3647 3597 Κυρίῳ

2044 3624 2114 3677 τὰ
2136 3622 2287 3693 δῶρα
2308 3621 2503 3674 διπλᾶ·
2529 3620 2741 3684 τούτοις
2763 3620 2926 3690 τυχὸν
2949 3618 3318 3691 δεξιούμενος,
3342 3619 3437 3673 καὶ
3465 3617 3528 3672 τὸ
3549 3618 3648 3686 τῆς

2046 3718 2306 3780 ἀπαιδίας
2355 3715 2557 3778 ὄνειδος
2615 3713 3076 3784 ὑπολογιζόμενος
3125 3713 3348 3781 φυγεῖν·
3397 3709 3560 3780 ἔμενε
3589 3711 3648 3762 δὲ

2046 3813 2142 3866 καὶ
2170 3812 2343 3876 οὓτως
2373 3809 2528 3863 οὐδὲν
2548 3802 2718 3878 ἦττον
2743 3809 2801 3859 ὲν
2834 3809 2950 3869 τοῖς
2986 3806 3201 3876 ὁμοίοις
3236 3807 3338 3875 τῆς
3363 3803 3648 3875 ἀκαρπίας

2044 3900 2392 3972 ὀνειδισμοῖς,
2415 3901 2522 3964 ἕως
2545 3900 2623 3963 εἰς
2659 3899 2812 3964 τέλος
2845 3901 2874 3953 ὁ
2902 3899 3111 3964 δίκαιος
3141 3899 3518 3970 ἀπορούμενος
3549 3897 3646 3950 καὶ

2042 3994 2496 4064 ταπεινούμενος,
2527 3991 2637 4045 τῶν
2671 3990 2772 4062 μὲν
2799 3991 3083 4063 σαρκικῶν
3110 3990 3337 4055 θυσιῶν,
3361 3990 3457 4044 καὶ
3486 3984 3566 4052 οἷς
3595 3988 3646 4042 oi

2043 4089 2255 4150 ἀτελεῖς
2296 4086 2504 4150 ἀτελῶς
2550 4086 2878 4158 χαρίζεσθαι
2918 4074 3264 4155 νομίζουσιν,
3294 4084 3508 4156 ἀμελεῖ,
3546 4085 3643 4136 καὶ

2043 4179 2120 4241 ὡς
2142 4181 2204 4232 ού
2237 4181 2379 4232 πάνυ
2408 4177 2651 4247 θελητῶν
2699 4179 2871 4230 ὄντων
2913 4176 3196 4250 ὑπερορᾷ·
3251 4175 3444 4229 θυσίαν
3479 4175 3536 4228 δὲ
3565 4175 3645 4244 τῷ

2041 4272 2198 4344 Θεῷ,
2242 4273 2462 4343 πνεῦμα
2514 4271 2984 4344 συντετριμμένον
3041 4271 3136 4324 καὶ
3189 4271 3424 4341 καρδίαν
3450 4285 3642 4322 συντε-

2038 4367 2350 4437 τριμμένην
2384 4367 2480 4421 καὶ
2513 4364 2996 4435 τεταπεινωμένην
3033 4362 3323 4432 διεγνώκει
3360 4378 3646 4431 καρποφο-

2046 4465 2160 4533 ρεῖν
2179 4481 2194 4493 ·
2227 4463 2324 4514 καὶ
2353 4460 2420 4514 δι’
2448 4459 2779 4530 ἐγκρατείας
2812 4460 2906 4515 καὶ
2935 4459 3248 4531 προσευχῆς
3293 4455 3391 4512 τοῦ
3443 4455 3643 4510 ποθου-

2047 4553 2211 4621 μένου
2247 4553 2496 4607 πιστεύει
2525 4551 3013 4626 καταδρὰττεοθαι.

2114 4801 2221 4854 Τὸν
2260 4800 2369 4872 γὰρ
2411 4799 2510 4854 τοῦ
2553 4799 2825 4868 παναγίου
2881 4798 3207 4868 Πνεύματος
3258 4798 3527 4869 μέλλοντα
3578 4795 3642 4852 τὺ

2042 4892 2352 4962 ἁγιώτατον
2406 4891 2690 4962 κειμήλιον
2739 4893 3010 4957 ἐκτεκεῖν,
3039 4891 3147 4945 εδει
3192 4891 3287 4944 τοῦ
3320 4891 3641 4962 Πνεύματος

2041 4986 2209 5042 αὑτοῦ
2239 4986 2460 5056 πρῶτον
2490 4985 2601 5037 τῶν
2633 4983 2796 5038 θείων
2831 4983 3215 5055 πληρούμενον
3234 4983 3552 5057 ἐνεργειῶν,
3581 4982 3642 5049 ἐξ

2043 5080 2197 5151 ἱερᾶς
2239 5097 2300 5133 τε
2328 5080 2423 5132 καὶ
2456 5077 2842 5148 πνευματικῆς
2870 5079 3009 5147 πρὸς
3041 5076 3141 5147 τὴν
3185 5078 3384 5148 κύησιν
3420 5076 3641 5146 διαθερ-

2042 5172 2316 5243 μανθῆναι
2336 5168 2678 5244 προθυμίας.
2712 5169 2838 5231 Πῶς
2865 5165 2962 5222 οὖν
2997 5167 3156 5223 τοῦτο
3185 5171 3362 5236 ποιεῖς
3394 5169 3641 5224 ’Δνακοι-

2037 5265 2227 5321 νοῦται
2267 5261 2372 5336 μὲν
2407 5266 2473 5333 τῇ
2510 5261 2734 5333 συζύγῳ
2781 5262 2876 5317 τὸν
2922 5262 3106 5317 ἔνθεον
3135 5263 3431 5331 λογισμόν·
3479 5263 3638 5335 κοινὴ

2038 5359 2149 5430 γὰρ
2180 5360 2407 5426 ἀμφοῖν,
2432 5358 2623 5428 ὥσπερ
2653 5357 2687 5429 ἡ
2717 5359 3028 5429 στείρωσις,
3057 5356 3202 5411 οὓτω
3240 5357 3336 5410 καὶ
3377 5356 3476 5427 τῆς
3509 5373 3638 5411 παι-

2037 5449 2286 5521 δογονίας
2321 5452 2354 5522 ἡ
2378 5452 2600 5522 φροντίς
2625 5465 2642 5483 ν
2676 5450 2772 5506 καὶ
2797 5449 3015 5504 πάντων
3059 5447 3286 5517 ἀμελεῖν
3316 5449 3428 5504 τῶν
3458 5447 3637 5504 ἄλλων

2040 5544 2360 5615 παρεγγυᾷ·
2382 5544 2610 5615 νηστείᾳ
2628 5540 2689 5597 δὲ
2712 5542 2807 5598 καὶ
2821 5539 3208 5612 ἐξομολογήσει
3234 5538 3329 5596 καὶ
3353 5542 3633 5612 προσευχῇ

2037 5637 2498 5707 προσκαρτερεῖν,
2530 5635 2710 5706 ἄχρις
2747 5633 2824 5690 ἂν
2854 5632 2923 5700 ἐξ
2946 5633 3140 5705 ἡμῶν,
3195 5632 3354 5707 φησι,
3383 5632 3635 5705 περιέλῃ
