4086 6282
423 385 504 450 23
1637 377 1936 442 ΝΙΕΕΤᾸΞ
1973 377 2010 440 P

2113 378 2448 444 ‘HLAGONI
2462 383 2501 443 S
3625 380 3698 448 24

430 508 583 564 latet,
615 501 778 554 etiam
808 496 932 556 aliis
962 508 1084 555 ante
1117 515 1200 552 me
1239 483 1460 570 perinde
1501 495 2010 565 laborantibus,for-

2122 496 2231 566 τῆς
2259 497 2517 568 ἀμέτρου
2545 500 2998 572 φιλανθρωπίας
3019 499 3385 571 ἐπιλήσομαι
3401 514 3417 530 ⁶
3438 483 3575 556 οῖδα
3595 498 3704 570 τὰρ

428 596 656 668 uterque
683 590 1306 662 invocantibus,placide
1357 592 1664 654 attendisse,
1713 608 1778 646 ac
1830 591 2015 646 statim

431 689 681 762 fecundas
701 687 1008 743 reddidisse.
1031 684 1150 740 Scio
1165 693 1216 739 et
1237 687 1452 741 Annam
1467 685 1698 740 alteram
1713 683 2015 740 sterilitatis

430 785 652 841 dedecus
680 779 925 848 evasisse,
968 775 1064 837 hoc
1105 777 1280 835 solum
1305 779 1444 852 quod
1490 779 1561 834 ad
1597 787 1647 833 te
1682 777 2014 834 clamaverit.

427 875 500 936 Et
522 893 681 939 nunc,
717 873 940 928 Domine
976 871 1120 928 Deus
1153 889 1319 936 meus.
1365 891 1385 926 ι
1417 873 1490 928 Tu
1529 872 1669 926 idem
1710 870 1822 942 ipse
1857 885 1932 934 es,
1965 877 2015 924 et

431 970 563 1024 anni
587 968 664 1022 tui
697 985 802 1022 non
824 967 1064 1036 deﬁcient
1080 969 1144 1034 ιδ,
1158 988 1178 1021 ι
1196 977 1247 1022 et
1279 964 1654 1020 misericordis:
1677 972 1780 1018 tute
1793 979 1894 1016 non
1913 963 2018 1015 mi-

430 1073 676 1126 nuentur,
704 1069 1040 1130 prompteque
1063 1076 1157 1130 per
1182 1076 1343 1129 quam
1381 1057 1518 1112 bona
1554 1056 1695 1111 dona
1726 1061 1820 1110 tua
1860 1055 2016 1124 digne

429 1153 719 1218 petentibus
760 1160 1103 1220 prazstantur.
1124 1150 1244 1222 Ipse
1275 1152 1476 1220 quoque
1500 1148 1638 1219 quod
1678 1148 1856 1203 liberis
1886 1146 2018 1202 orba

425 1261 568 1309 sum,
599 1262 782 1298 mteam
834 1246 991 1312 aufer
1032 1244 1403 1307 sterilitatem,
1445 1232 1518 1296 ut.
1553 1248 1605 1296 et
1655 1242 1711 1295 in
1741 1258 1821 1294 me
1850 1240 2016 1295 clari-

429 1337 628 1405 ]iceris.
663 1335 780 1390 Non
812 1337 949 1391 enim
973 1333 1102 1390 mihi
1151 1336 1271 1391 erit.
1304 1335 1394 1403 qui
1423 1343 1672 1388 nascetur
1705 1333 1905 1402 infans,
1925 1330 2016 1385 sed

431 1439 520 1481 tuo
558 1430 759 1481 nomim
795 1444 999 1492 tumque
1020 1436 1218 1482 sancta:
1249 1429 1431 1481 domui
1473 1441 1687 1480 sacrum
1727 1425 2014 1480 donarium

428 1523 648 1576 sistetur
676 1521 742 1576 ³⁸.

491 1783 570 1837 Ae
596 1784 676 1838 illi
708 1784 937 1854 quidem
972 1783 1024 1838 in
1061 1783 1149 1838 his
1170 1792 1352 1847 erant,
1389 1783 1521 1853 quid
1573 1797 1704 1837 vero
1737 1781 1831 1853 qui
1863 1790 2014 1836 tutus

421 1877 740 1932 misericors
772 1889 878 1943 est,
908 1877 1174 1932 Dominus
1205 1876 1227 1930 ?
1255 1877 1349 1947 qui
1395 1876 1524 1931 facit
1546 1877 1731 1932 omnia
1757 1885 1813 1932 et
1830 1885 2014 1931 trans-

421 1970 600 2025 inutat
623 1970 679 2024 in
710 1970 911 2026 melius
935 1969 959 2022 ?
983 1970 1081 2040 qui
1113 1978 1432 2027 sanctorum
1454 1983 1682 2025 suorum
1715 1969 2013 2040 petitiones

419 2070 478 2117 et
506 2061 743 2133 cogitata
768 2061 1283 2133 superabundanter
1305 2063 1434 2119 facit
1464 2063 1549 2118 "?
1575 2062 1714 2118 Num
1733 2065 2010 2134 justorum

419 2153 877 2225 supplicationem
921 2153 1174 2226 sprevit?
1208 2157 1321 2210 Aut
1363 2154 1608 2211 attendit
1636 2156 1862 2226 quidem
1900 2157 2014 2212 cla-

419 2246 586 2310 mori,
603 2246 812 2302 donum
847 2255 1032 2302 tamen
1057 2245 1114 2301 in
1137 2255 1354 2317 tempus
1370 2247 1586 2303 donans
1609 2247 1825 2306 distulit
1852 2249 1876 2303 ‘l
1905 2249 2013 2306 Aut

420 2338 605 2392 statim
629 2337 852 2408 quidem
873 2337 1062 2404 donat,
1087 2337 1361 2410 ejusmodi
1383 2346 1566 2394 tamen
1594 2337 1827 2404 donum,
1849 2339 2011 2410 quale

419 2430 683 2500 petebant
737 2429 933 2485 tribuit
969 2429 1501 2502 iHaudquaquam;
1561 2429 1660 2488 sed
1714 2432 2012 2503 respondet

418 2519 642 2590 quidem
678 2520 864 2577 statim
882 2519 1062 2592 angeli
1082 2522 1256 2576 sancti
1285 2537 1442 2586 voce,
1478 2536 1544 2577 ac
1568 2521 1796 2578 oraculo
1819 2521 2008 2588 edicit,

417 2612 537 2667 fore
580 2610 751 2667 utDei
779 2612 963 2683 puella
990 2612 1340 2683 concipiatur
1366 2622 1534 2684 atque
1561 2623 1826 2669 nascatur
1855 2632 1869 2670 :
1895 2615 2012 2671 edi-

417 2702 579 2759 citet
624 2704 764 2760 clari
784 2705 1030 2761 nominis
1061 2704 1304 2761 futuram
1329 2705 1384 2760 in
1419 2722 1614 2762 omnes
1641 2706 1778 2764 lines
1826 2717 2007 2764 terrze.

416 2796 461 2852 0
483 2795 611 2853 ﬁdei
672 2797 1058 2855 fortitudinem
1087 2798 1101 2853 l
1131 2812 1167 2853 0
1192 2797 1461 2854 Altissimi
1491 2799 1697 2854 donum
1755 2800 2009 2870 magnifi-

417 2903 544 2942 cum
575 2889 589 2943 l
619 2888 700 2943 llli
730 2888 956 2959 quidem
987 2888 1278 2959 desperata
1311 2898 1528 2954 natura,
1562 2905 1628 2946 ea
1652 2898 1849 2960 petunt
1887 2907 2009 2961 qua:

416 2989 674 3035 naturam
695 2981 1007 3048 excedunt;
1041 2981 1088 3037 is
1113 2997 1247 3036 vero
1282 2981 1513 3053 gratiam
1565 2981 1782 3048 tribuit,
1813 2998 2008 3039 emen-

415 3070 639 3128 dautem
659 3072 808 3141 quod
830 3072 940 3128 illis
973 3073 1157 3129 inerat
1171 3073 1391 3128 vitium.
1422 3073 1500 3128 Ac
1517 3073 1743 3143 quidem
1767 3075 1842 3128 illi
1873 3090 2006 3145 pro-

2119 588 2208 644 ὅτι
2245 590 2343 644 καί
2371 592 2590 659 ἄλλαις
2613 594 2728 662 πρὸ
2758 591 2908 662 ἐμοῦ
2957 591 3028 647 τὰ
3052 591 3160 648 ἴσα
3191 589 3549 655 παθούσαις,
3605 591 3702 645 καί

2120 685 2385 756 ἰσχυρῶς
2435 687 3002 759 ἐπικαλεσαμέναις.
3044 687 3296 759 εὐμενὲς
3336 687 3702 756 προσέσχες,

2113 780 2213 833 καὶ
2270 782 2694 850 καρπογόνους
2770 781 3095 848 ἀπέδειξας
3166 779 3467 848 παραυτά.
3559 774 3705 833 οῖδα

2117 871 2216 926 καί
2271 872 2473 945 ἄλλην
2507 873 2740 930 'Arrar
2782 873 3129 944 ὀνειδισμὸν
3171 874 3455 937 ἀτεκνίας
3487 864 3705 939 δραπε-

2116 964 2452 1028 τεύσασαν,
2506 967 2608 1022 ἵνα
2647 968 2842 1035 μόνον
2867 966 3078 1038 βοήσῃ
3103 966 3255 1034 πρὸς
3276 963 3374 1021 σέ.
3423 966 3532 1019 Καὶ
3565 965 3703 1028 νῦν,

2116 1057 2295 1125 Κύριε
2322 1044 2357 1112 δ
2395 1060 2538 1125 Θεός
2560 1077 2704 1129 μου,
2748 1078 2771 1112 ι
2800 1059 2885 1114 Σὺ
2908 1058 3092 1124 αὐτὸς
3119 1053 3192 1122 εἴ,
3228 1060 3323 1112 καί
3361 1058 3432 1111 τὰ
3450 1057 3556 1125 ἐτη
3585 1072 3703 1110 σοι·

2117 1147 2229 1202 οὐκ
2244 1148 2603 1204 ἐλλείπουσι
2614 1170 2632 1201 ι
2643 1193 2660 1214 ,
2677 1149 2775 1203 καὶ
2791 1150 2864 1205 τὰ
2879 1149 3021 1217 ἀλέη
3035 1165 3152 1204 σου
3163 1149 3274 1204 οὐκ
3286 1146 3703 1211 elati-ordiar,

2117 1242 2218 1294 καί
2248 1240 2322 1295 τὰ
2369 1242 2684 1312 πανάγαθὰ
2711 1259 2828 1298 σου
2851 1241 3012 1311 δῶρα
3036 1243 3162 1308 τοῖς
3203 1238 3385 1307 ἀξίως
3430 1239 3708 1294 αἰτοῦσιν

2117 1335 2366 1404 ἑτοίμως
2409 1335 2952 1405 ὲπιχορηγοῦνταιο
3004 1335 3194 1400 αὐτὸς
3244 1335 3344 1388 καὶ
3407 1332 3526 1400 τὴν
3553 1332 3709 1401 ἐμὴν·

2116 1427 2427 1490 ἀτεκνίαν,
2456 1426 2574 1495 τὴν
2597 1428 2755 1497 ἐμὴν
2810 1429 3051 1499 erepier
3100 1427 3445 1496 στειρωσιν,
3481 1426 3584 1479 ἵνα
3611 1423 3709 1478 καί

2117 1518 2188 1572 ἐν
2234 1518 2367 1587 ἐμοὶ
2408 1519 2744 1588 δοξωθῇς.
2779 1521 2866 1576 Οὐ
2915 1519 3025 1590 γὰρ
3054 1518 3186 1588 ἐμοὶ
3230 1519 3298 1572 τὸ
3331 1520 3705 1587 τικτόμενον,

2116 1608 2280 1663 ἀλλὰ
2306 1607 2385 1675 τῷ
2415 1607 2506 1675 σῷ
2521 1611 2765 1680 ὀνόματι
2794 1611 2996 1677 καὶτῷ
3025 1611 3174 1680 ἁγίῳ
3203 1625 3321 1664 σου
3341 1609 3487 1676 οἴκῳ
3515 1623 3706 1678 προσ-

2119 1701 2500 1771 αναθήσομαι
2532 1703 2726 1768 τούτῳ
2756 1703 2956 1758 δοτόν.

2191 1796 2256 1849 Oi
2288 1796 2387 1866 μὲν
2411 1789 2506 1850 οὖν
2526 1795 2585 1848 ἑν
2617 1795 2831 1858 τούτοις
2857 1791 3016 1864 ἦσαν,
3049 1788 3178 1847 τίδὲ
3215 1794 3244 1846 6
3273 1779 3707 1858 πανοικτίρμων,

2117 1888 2323 1959 Κύριος
2347 1929 2363 1955 ,
2402 1889 2432 1942 6
2465 1887 2638 1942 ποιῶν
2683 1889 2861 1941 πάντα
2902 1888 2996 1938 καὶ
3047 1883 3474 1956 μετασκευάζων
3521 1882 3616 1936 ἐπὶ
3647 1879 3710 1933 τὸ

2117 1981 2324 2051 βέλτιον
2345 2021 2362 2049 ,
2392 1969 2916 2049 ύύπερεκπερισσοῦ
2965 1976 3034 2029 τὰ
3085 1976 3366 2045 αἰτήματα
3404 1973 3514 2026 τῶν
3539 1971 3711 2038 ἁγίων

2115 2071 2280 2126 αὑτοῦ
2321 2071 2414 2124 καὶ
2445 2070 2517 2125 τά
2543 2071 2794 2140 νοήματα
2824 2069 3030 2135 ποιῶν;
3069 2065 3178 2138 ἆρα
3219 2067 3441 2140 παρεῖδε
3490 2065 3601 2120 τῶν
3629 2063 3710 2117 δι-

2115 2161 2288 2216 καίων
2316 2160 2414 2232 τὴν
2459 2158 2781 2232 ίκετηρίαν;
2826 2159 2861 2230 ἢ
2897 2158 3168 2229 προσέσχε
3217 2156 3316 2224 μὲν
3357 2159 3424 2224 τῇ
3467 2153 3711 2224 κραυγῇ,

2115 2254 2414 2327 ὑπερέθετο
2436 2253 2493 2307 δὲ
2524 2253 2606 2318 είς
2648 2252 2876 2326 χρόνους
2929 2251 3030 2321 τὴν
3085 2249 3398 2320 δωριάνςή
3453 2247 3712 2320 δωρεῖται

2117 2347 2218 2418 μὲν
2235 2347 2419 2412 εὐθὺς,
2448 2341 2707 2416 τοιαύτην
2749 2344 2951 2399 δέοῖαν
2992 2340 3221 2416 ᾐτοῦντο
3274 2340 3424 2394 δόσιν
3466 2336 3712 2418 ὲπεϐράτ

2113 2410 2333 2504 haustu;
2369 2410 2640 2506 Οὐδαμῶς
2661 2410 2678 2466 ί
2700 2434 2866 2516 ,ἀλλὰ
2907 2410 3241 2505 χρηματίζει
3273 2433 3374 2505 μὲν
3402 2428 3604 2485 αὐτίκα
3639 2410 3712 2484 δι’

2112 2527 2346 2598 ἀγγέλου
2377 2528 2563 2599 φωνῆς
2596 2527 2780 2594 άγίου,
2811 2526 2914 2597 τῆς
2963 2525 3250 2586 θεόπαιδος
3305 2522 3406 2595 τὴν
3443 2520 3711 2593 σύλληψιν

2113 2623 2209 2677 καὶ
2235 2620 2336 2692 τὴν
2361 2619 2619 2685 ἀπότεξιν
2641 2634 2659 2652 ο
2695 2617 3032 2691 χρηματίζει
3062 2617 3122 2672 δὲ
3176 2615 3351 2686 αὐτήν
3401 2613 3710 2685 ὀνομαστὴν

2111 2713 2442 2786 γενήσεσθαι
2469 2712 2599 2784 ἄχρι
2646 2711 2940 2784 τερμάτων
2991 2709 3094 2781 τῆς
3120 2710 3244 2782 γῆς.
3297 2711 3362 2762 Ὢ
3395 2709 3493 2778 τῆς
3523 2707 3711 2778 ἰσχύος

2109 2809 2212 2880 τῆς
2242 2804 2513 2872 πίστεωςί
2546 2803 2713 2876 ὣτῆς
2752 2803 3013 2876 Ὑψίστου
3049 2799 3491 2882 μεγαλοδωρεᾶςί
3530 2801 3578 2853 oi
3610 2799 3712 2870 μὲν

2111 2901 2443 2969 ἀπογνόντες
2465 2899 2567 2969 τῆς
2601 2896 2840 2967 φύσεως,
2869 2895 2939 2951 τὰ
2964 2895 3105 2966 ὑπερ
3155 2895 3318 2963 φύσιν
3343 2892 3707 2961 ἐξαιτοῦνται·

2110 2994 2138 3046 6
2173 2991 2232 3045 δὲ
2257 2990 2444 3045 δίδωσι
2470 2988 2652 3060 χάριν,
2675 2988 2735 3040 τὸ
2758 2987 2991 3048 ἐκείνοις
3034 2985 3260 3055 ἔλλειμα
3292 2982 3707 3054 διορθουμένην.

2120 3084 2231 3140 Καί⁵
2255 3084 2305 3137 οί
2332 3084 2431 3154 μὲν
2480 3082 2672 3134 τέκνον
2727 3081 2915 3142 ἁπλῶς
2945 3079 3180 3141 αἰτοῦσι,
3238 3078 3300 3131 τὸ
3327 3077 3426 3145 τῆς
3455 3075 3711 3140 ἀπαιδίας

416 3160 523 3215 lem
557 3161 888 3243 simpliciter
919 3171 1141 3234 petunt,
1170 3173 1229 3219 et
1283 3173 1346 3219 ut
1390 3164 1444 3217 id
1495 3165 1604 3220 illis
1640 3165 2000 3236 approbrium

2117 3176 2318 3238 ὄνειδος
2343 3171 2744 3245 ἀφαιρούμενον
2762 3187 2776 3203 ο
2818 3171 2845 3222 6
2878 3169 2934 3222 δὲ
2980 3169 3077 3238 τήν
3117 3167 3250 3220 ἰδίαν
3276 3165 3461 3227 αὐτοῖς
3486 3161 3710 3234 χαρίζεο

416 3253 723 3313 auferatur.
758 3253 908 3325 quod
936 3255 1027 3312 illa
1055 3256 1181 3312 orbi
1204 3265 1366 3321 sunt;
1397 3257 1443 3312 is
1467 3266 1651 3311 autem
1703 3270 1856 3312 suam
1899 3258 2009 3314 illis

2115 3288 2206 3326 ται
2235 3267 2464 3340 Μητέρα
2483 3285 2496 3300 ο
2526 3267 2586 3318 οὑ
2618 3264 2727 3318 τῶν
2756 3262 3025 3316 τεκόντων
3064 3259 3226 3332 μόνον
3267 3261 3368 3330 τήν
3397 3259 3577 3329 θλίψιν
3611 3259 3708 3313 ιω-

415 3345 648 3418 largitur
675 3346 944 3415 Matrem;
968 3364 1077 3404 non
1101 3363 1223 3419 quae
1254 3359 1544 3421 parentum
1581 3350 2006 3408 duntaxatami-

414 3438 658 3494 ctionem
680 3447 858 3506 sanet,
891 3440 985 3495 sed
1003 3456 1126 3512 qua:
1150 3442 1469 3497 universum
1485 3443 1788 3498 humanum
1833 3459 2008 3516 genus

414 3529 651 3600 spiritali
681 3546 927 3600 veroque
960 3531 1165 3602 gaudio
1191 3531 1440 3603 impleat.

486 3621 615 3678 Haec
652 3623 918 3678 nimirum
940 3622 1143 3680 divinas
1172 3625 1358 3697 potius
1399 3627 1788 3699 promissionis
1813 3629 2006 3698 verbo,

415 3729 584 3784 quam
618 3726 833 3769 natura:
876 3717 1092 3772 ratione
1121 3716 1176 3772 in
1211 3716 1386 3773 sterili
1416 3729 1682 3788 concepta
1722 3731 1888 3792 atque
1916 3737 2011 3795 ge-

414 3814 559 3861 8tata
583 3814 766 3870 utero,
787 3808 874 3862 vel
896 3816 956 3861 ut
981 3808 1276 3879 lunaplena
1313 3810 1478 3866 hodie
1506 3827 1576 3866 ex
1602 3822 1852 3869 materno
1871 3830 2007 3870 exo-

416 3897 837 3953 riturthalamo.
867 3898 1027 3955 Clare
1057 3899 1222 3955 hodie
1242 3901 1433 3956 videre
1469 3911 1553 3958 est
1574 3904 1731 3975 juxta
1758 3905 2008 3976 Prophe-

417 3999 484 4044 tae
514 3990 826 4055 oraculum,
863 3991 999 4047 oriri
1030 3992 1321 4048 veritatem
1349 3992 1417 4049 de
1451 4003 1617 4058 terra,
1651 3996 2007 4067 acjustitiam

414 4081 486 4136 de
519 4082 661 4137 cmlo
700 4082 1018 4152 prospicere
1048 4082 1114 4138 ".
1146 4082 1365 4139 Etenim
1406 4085 1676 4141 Dominus
1705 4086 2008 4143 ostendens

415 4174 486 4227 de
523 4174 668 4228 ctelo
718 4173 884 4246 digne
936 4175 1258 4247 petentibus
1315 4177 1585 4248 justitiam
1621 4195 1799 4246 suam,
1855 4180 2011 4236 dedit

414 4263 838 4336 benignitatem,
899 4268 1099 4326 divinae
1151 4269 1540 4338 promissionis
1564 4273 1735 4327 verbo
1781 4274 2008 4329 oraculo

414 4356 569 4412 edito
596 4375 614 4424 ;
643 4359 802 4413 Anna
831 4373 967 4415 vero
1000 4358 1096 4414 illo
1126 4359 1233 4416 fide
1257 4370 1538 4433 suscepto,
1586 4378 1650 4417 ex
1691 4363 1856 4418 vulva
1885 4379 2005 4430 sua,

413 4454 570 4509 velut
583 4468 649 4510 ex
671 4463 839 4519 terra,
861 4457 1088 4511 oraculo
1098 4456 1423 4527 promissam
1440 4457 1729 4515 veritatem
1755 4458 1808 4512 in
1825 4458 2004 4515 lucem

2116 3363 2306 3436 μένην,
2336 3360 2454 3416 ἀλλ’
2478 3359 2606 3430 ὃλην
2634 3358 2743 3410 τῶν
2773 3355 2869 3412 ἀνθ
2879 3355 3078 3426 ρώπων
3119 3353 3218 3424 τὴν
3249 3352 3413 3424 φύσιν
3461 3367 3704 3423 πνευμα-

2110 3455 2268 3526 τικῆς
2299 3455 2389 3508 καὶ
2420 3449 2656 3525 ἀληθοῦς
2682 3447 3002 3520 πληροῦσαν
3033 3446 3235 3520 χαρᾶς.

2180 3635 2334 3706 Αὕτη
2361 3632 2438 3704 τῷ
2463 3633 2670 3704 ῥήματι
2689 3631 2790 3700 τῆς
2811 3627 3152 3699 ἐπαγγελίας
3178 3625 3272 3681 τοῦ
3311 3625 3449 3678 Θεοῦ
3481 3623 3704 3696 μᾶλλον,

2111 3729 2144 3800 ἢ
2168 3727 2246 3798 τῷ
2263 3725 2411 3795 λόγῳ
2438 3724 2538 3794 τῆς
2558 3720 2776 3792 φύσεως
2807 3720 2867 3774 ὲν
2889 3719 2958 3790 τῇ
2991 3717 3317 3789 στειρωτικῇ
3341 3713 3708 3786 συλληφθεῖσα

2110 3818 2206 3874 καὶ
2235 3814 2639 3888 κνοφορηθεῖσα
2667 3814 2890 3884 γαστρὶ,
2935 3811 3182 3884 σήμερον
3213 3801 3301 3862 οἷα
3346 3806 3546 3877 σελήνη
3577 3806 3708 3874 πλη-

2111 3909 2332 3979 σιφαὴς,
2385 3907 2496 3960 τῶν
2543 3903 2804 3975 θαλάμων
2873 3896 3218 3965 ὲξανατέλλει
3260 3894 3368 3950 τῶν
3399 3892 3704 3967 μητρικῶν.

2110 4000 2360 4070 Σήμερον
2392 3995 2645 4066 ιναργῶς
2688 3992 2834 4047 εστιν
2869 3992 3023 4064 ὀρᾷν,
3054 3989 3198 4043 κατὰ
3226 3989 3329 4056 τήν
3363 3982 3710 4057 προφητικὴν

2109 4088 2429 4162 θεηγορίαν,
2456 4085 2718 4158 ἀλήθειαν
2747 4084 2847 4156 μὲν
2899 4081 3298 4138 ἀνατέλλουσαν
3329 4081 3395 4134 ὲκ
3429 4079 3532 4147 τῆς
3565 4077 3668 4147 γῆς
3687 4113 3705 4141 ν

2111 4186 2176 4237 ἐκ
2209 4180 2305 4236 τοῦ
2352 4178 2585 4254 ούρανοῦ
2632 4178 2691 4232 δὲ
2746 4177 2848 4247 τὴν
2879 4173 3229 4244 δικαιοσύνην
3279 4172 3706 4225 διακύπτουσαν.

2109 4275 2222 4330 Καὶ
2252 4273 2358 4345 γὰρ
2405 4273 2434 4326 6
2484 4271 2692 4343 Κύριος
2749 4267 2958 4322 ἄνωθεν
3003 4267 3102 4337 τὴν
3152 4263 3320 4317 αὑτοῦ
3361 4261 3710 4331 δικαιοσύνην

2109 4363 2556 4435 ἐπιδεικνύμενος
2595 4363 2710 4425 τοῖς
2741 4359 2909 4426 ἀξίως
2933 4359 3244 4427 αἰτήσασιν,
3273 4354 3442 4406 ἔδωκε
3469 4352 3709 4425 χρηστό-

2110 4477 2247 4532 τητα
2269 4496 2285 4523 ,
2314 4457 2375 4510 τδ
2403 4457 2554 4528 ῥῆμα
2597 4452 2699 4521 τῆς
2745 4452 2898 4515 θείας
2929 4448 3264 4518 ἐπαγγελίας
3313 4446 3704 4517 χρηματίζων

414 4545 589 4614 ducit,
617 4562 852 4618 eamque
887 4549 1103 4604 cunctis
1138 4548 1467 4603 mortalibus
1509 4549 1815 4603 animatum
1843 4559 2007 4620 atque

2116 4553 2285 4604 Ἀννα
2314 4548 2370 4603 δὲ
2400 4548 2582 4601 πίστει
2607 4544 2767 4600 τοῦτο
2795 4541 3208 4612 καταδεξαμὲνη
3237 4583 3249 4605 ,
3287 4539 3474 4609 ὥσπερ
3510 4541 3572 4593 ἐκ
3605 4539 3710 4608 γῆς

416 4637 691 4694 viventem
739 4638 982 4696 fructum
1019 4639 1294 4710 producit.
1340 4639 1515 4694 llodie
1548 4655 1671 4709 quae
1708 4639 1884 4695 Mater
1912 4641 2006 4697 Dei

413 4733 718 4789 secundum
751 4733 1138 4803 carnem,ejus
1160 4748 1294 4788 vero
1321 4731 1431 4788 filia
1482 4731 1789 4787 secundum
1843 4733 2008 4805 spiri-

412 4835 531 4879 tum
559 4824 1039 4889 smctiﬂcationis,
1067 4823 1378 4880 naturalem
1409 4823 1640 4894 suscipit
1667 4832 1872 4889 ortum,
1911 4826 2011 4880 hoc

415 4917 691 4989 minisque
715 4917 849 4983 lilia,
885 4931 1014 4988 qua:
1037 4917 1202 4987 Degis
1227 4917 1410 4988 magni
1441 4915 1557 4973 ﬁlia
1581 4917 1675 4982 sit,
1709 4917 1960 4972 noscitur
1989 4935 2003 4973 :

414 5025 479 5064 ac
501 5025 623 5080 quae
642 5009 1129 5066 a‘dextrissu'mmi
1163 5009 1410 5066 omnium
1459 5009 1608 5080 regis
1640 5009 1694 5064 in
1722 5010 1878 5065 caelis
1913 5026 2005 5065 re-

413 5104 539 5170 gina
561 5103 795 5158 autitura
812 5111 918 5170 est,
954 5101 1012 5154 in
1040 5110 1184 5156 terra
1212 5101 1323 5172 jam
1345 5109 1508 5172 partu
1582 5099 1788 5167 editur,
1815 5101 2006 5157 obste-

413 5195 653 5248 tricante
698 5208 864 5249 manu
909 5193 1236 5265 suscipitur,
1271 5193 1430 5262 aquis
1477 5191 1742 5258 abluitur,
1805 5193 2007 5263 pannis

413 5283 740 5348 inirolvitur,
761 5285 1144 5339 aciniantibus
1161 5283 1347 5340 debita
1376 5299 1508 5338 cura
1529 5284 1779 5339 fovetur:
1814 5295 2004 5356 etquze

2115 4643 2218 4713 τῆς
2244 4640 2450 4704 οἰκείας
2509 4639 2726 4711 μήτρας
2765 4637 2866 4706 τὴν
2908 4633 3394 4705 χρησμῳδοθεῖσαν
3446 4631 3709 4701 ἀλήθειαν

2115 4735 2350 4805 ἀνίσχει,
2386 4731 2481 4786 καὶ
2532 4731 2739 4801 ταύτην
2771 4730 2938 4781 πᾶσιν
2995 4725 3304 4794 ἀνθρώποις
3336 4723 3580 4795 ἔμψυχον
3613 4725 3710 4777 καὶ

2116 4827 2295 4894 ζῶντα
2311 4823 2605 4898 προϐάλλει
2624 4821 2859 4892 καρπόν.
2885 4821 3136 4891 Σήμερον
3159 4820 3192 4887 ή
3215 4819 3418 4890 Μήτηρ
3447 4816 3545 4886 μὲν
3572 4815 3708 4870 Θεοῦ

2115 4921 2260 4976 κατά
2310 4919 2512 4989 σάρκα,
2560 4915 2809 4985 θυγάτηρ
2862 4913 2917 4967 δὲ
2956 4912 3100 4967 κατά
3133 4910 3352 4983 πνεῦμα
3395 4908 3708 4980 ἁγιωσύνης

2111 5014 2386 5084 ἐσομένη,
2419 5009 2519 5082 τὴν
2569 5007 2712 5063 κατά
2743 5006 2903 5075 φύσιν
2948 5003 3234 5076 προσίεται
3281 5004 3557 5074 γέννησιν.
3608 5001 3707 5057 καί⁹

2107 5105 2353 5175 θυγάτηρ
2384 5100 2674 5171 ἀνθρώπου
2717 5099 3043 5168 γνωρίζεται
3072 5099 3108 5167 ή
3139 5097 3386 5170 θυγάτηρ
3410 5095 3505 5149 τοῦ
3541 5095 3705 5149 Βασι-

2102 5197 2239 5262 λέως
2261 5196 2356 5248 τοῦ
2387 5193 2632 5266 μεγάλου
2653 5209 2666 5221 ·
2699 5192 2792 5246 καὶ
2809 5195 2842 5263 ή
2867 5194 2930 5244 ἐκ
2962 5187 3153 5257 δεξιῶν
3177 5189 3271 5243 τοῦ
3298 5188 3704 5258 Παμσασιλέως

2103 5292 2162 5344 ὲν
2195 5292 2307 5352 τοῖς
2335 5288 2586 5358 οὐρανοῖς
2633 5284 2929 5354 στήσεσθαι
2963 5283 3231 5354 μέλλουσα
3268 5281 3576 5352 βασίλισσα,
3610 5275 3706 5333 ἐπὶ

409 5375 668 5446 virginali
701 5376 827 5430 sinu
868 5377 1184 5449 amplexum
1245 5386 1621 5449 exspectatur,
1675 5379 1853 5448 ipsum
1906 5379 2000 5449 qui

2113 5380 2206 5450 γῆς
2241 5379 2365 5447 ἄρτι
2395 5378 2696 5448 λοχεύεται,
2733 5375 3054 5446 μαιεύεται·
3089 5375 3243 5428 ὕδασι
3268 5375 3565 5444 σμήχεται,
3605 5373 3702 5444 pti-

409 5467 613 5521 ca—zlum
679 5469 935 5530 continet
997 5484 1063 5524 ac
1112 5470 1308 5535 Deum,
1359 5470 1631 5526 senilibus
1681 5471 1824 5525 ulnis
1859 5486 2007 5526 nunc

2115 5489 2234 5526 κεσι
2281 5469 2723 5539 σιταργανοῦιοιι⁸
2764 5468 2863 5522 καὶ
2907 5468 3007 5538 τῆς
3053 5465 3438 5537 προσηκούσης
3479 5464 3701 5535 νηπίοις

408 5557 739 5628 stringitur;
771 5561 1078 5631 seniliaque
1103 5562 1214 5631 jam
1247 5577 1313 5618 ac
1353 5574 1602 5618 materna
1629 5563 1768 5634 fugit
1806 5563 2002 5625 ubera,

2113 5561 2429 5630 ἐπιμελείας
2481 5559 2768 5626 ἀξιοῦται,
2823 5560 2916 5612 xa‘t
2964 5561 2999 5629 ἡ
3034 5556 3394 5627 παρθενικαῖς
3429 5556 3700 5624 ἀγκάλαις

410 5665 534 5719 qua:
556 5651 788 5723 posthac
811 5652 999 5707 divina
1024 5654 1263 5723 quadam
1283 5653 1496 5710 ratione
1522 5669 1651 5708 eum
1674 5653 1767 5723 qui
1786 5653 2004 5708 eunetis

2113 5656 2202 5708 τὸν
2229 5652 2325 5708 τοῦ
2373 5653 2607 5723 ούρανοῦ
2663 5657 2889 5725 συνοχέα
2929 5653 3025 5707 καὶ
3049 5652 3181 5706 Θεὸν
3234 5648 3698 5719 ὲναγκαλίσασθαι

408 5743 745 5802 animalibus
779 5759 961 5800 escam
994 5747 1222 5816 prmbet,
1243 5748 1490 5803 lactavit.

2113 5748 2563 5818 προσδοκωμένη,
2598 5748 2899 5820 γηραλέαις
2942 5746 3174 5810 ὠλέναις
3227 5741 3696 5815 περιλαμῶνέῒαι

484 5856 692 5935 ",Reg.
721 5877 756 5925 1,
795 5861 849 5916 il
879 5878 1030 5934 seqq.
1067 5864 1110 5895 ’³
1140 5863 1278 5920 Psal.
1317 5879 1389 5933 ra,
1421 5863 1510 5919 28.
1609 5865 1653 5898 ⁸⁸
1689 5863 1832 5937 Eph.
1867 5863 2060 5929 111,20.
2139 5864 2182 5896 "
2221 5863 2366 5923 Psal.
2397 5880 2616 5934 Lxxsiv,
2643 5863 2728 5921 i2.
