4086 6282
430 386 504 456 ιτ
1648 381 1947 445 meum
1984 382 2519 449 PAPHLAGONIS
3639 377 3713 443 58

431 518 540 562 nec
557 499 851 567 triennem,
866 495 948 555 uti
975 512 1034 553 se
1047 503 1179 553 voto
1199 494 1639 561 obstrinxerant,
1660 496 1897 551 hostiam
1916 496 2019 551 do-

2138 499 2437 572 τιροθυμίας
2457 514 2475 533 ⁸
2504 498 2610 564 ἕως
2638 499 2810 574 αὐτὴν
2827 500 3226 573 τριετίζουσαν,
3252 498 3434 563 καθὼς
3454 496 3710 570 ηὔξαντο,

432 608 677 668 namque
709 593 1030 649 obtulerunt
1062 591 1197 645 Deo.
1236 589 1350 645 Nos
1398 604 1535 645 vero
1584 588 1682 644 Dei
1725 588 2025 644 Geoitricis

434 688 616 743 natale
643 684 805 741 hodie
834 683 1198 745 honoremus,
1228 697 1291 736 ac
1318 697 1430 751 prae
1453 681 1563 736 illis
1584 682 1791 751 majore
1821 680 2024 751 gaudio

429 778 793 841 exsultemus,
834 776 1167 847 spiritaliter
1215 774 1418 828 festum
1468 774 1813 831 celebrantes
1856 782 2025 843 atque

428 871 699 932 laetantes,
730 879 938 941 quanto
965 878 1022 923 et
1047 868 1309 937 majorem
1343 881 1411 921 ex
1436 863 1528 920 illa
1569 866 1864 919 utilitatem
1891 879 2026 919 con-

429 962 759 1032 sequimur;
794 969 1003 1031 quanto
1036 974 1187 1013 nunc
1226 959 1420 1029 magis,
1461 957 1917 1028 splendidiusque
1958 972 2025 1012 ac

428 1056 729 1129 perfectius
746 1054 919 1129 gratia
940 1068 1038 1123 per
1057 1052 1155 1109 Dei
1180 1061 1461 1123 parentem
1493 1060 1749 1106 coruscat
1782 1065 1847 1104 ac
1883 1066 2027 1120 prte-

431 1150 591 1207 nitct.
618 1147 969 1203 Honoremus
986 1163 1141 1209 vero.
1164 1146 1367 1200 nedum
1392 1144 1539 1215 quod
1570 1143 1780 1199 carnali
1807 1144 2024 1199 ratione

429 1257 496 1296 ex
517 1238 695 1295 sterili
720 1238 1011 1309 processit,
1029 1237 1125 1293 sed
1147 1238 1307 1306 longe
1334 1237 1506 1307 magis
1528 1236 1674 1306 quod
1698 1252 1763 1290 ex
1786 1252 2024 1305 superna

430 1331 602 1403 gratia
623 1329 821 1401 spiritu
849 1340 976 1386 nata
1018 1323 1127 1391 est.
1153 1329 1346 1384 animo
1364 1327 1589 1396 quidem
1610 1326 2025 1381 considerantes

432 1433 599 1493 atque
626 1422 894 1490 colentes,
930 1420 1165 1477 canticis
1198 1436 1330 1475 vero
1363 1419 1687 1490 plaudentes
1722 1429 1780 1473 et
1810 1418 2024 1488 magni-

437 1513 669 1569 ficantes
698 1529 764 1568 ac
817 1510 1200 1578 dilaudantes;
1236 1520 1511 1581 quatenus
1541 1510 1839 1581 purissima
1871 1508 2024 1564 omni

434 1605 542 1661 hoc
587 1615 752 1661 exuta
800 1604 1004 1659 seculo
1036 1644 1049 1667 ,
1082 1602 1575 1673 supercmlestique
1601 1600 1816 1670 Sponso
1855 1614 2025 1670 prope

434 1694 696 1765 adjuncta
725 1708 791 1749 ac
822 1709 948 1749 cum
983 1709 1049 1747 eo
1081 1694 1135 1747 in
1176 1692 1609 1751 sacratissimum
1647 1691 2019 1759 incorruptis-

434 1784 747 1857 simumque
762 1785 1063 1841 thalamum
1084 1784 1351 1855 ingressa,
1371 1784 1636 1855 regnique
1655 1784 1798 1839 solio
1814 1784 1868 1837 ei
1893 1798 2026 1839 con-

434 1878 662 1940 sociata,
705 1891 809 1949 pro
858 1886 1046 1932 nostra
1091 1875 1387 1931 intercedit
1435 1878 1644 1945 salute,
1692 1876 2025 1948 adjuvatque
2061 1861 2103 1915 Β

433 1984 560 2024 cum
578 1969 735 2025 Patre
752 1978 813 2025 et
831 1969 968 2024 Filio
990 1979 1046 2024 et
1068 1968 1282 2039 Spiritu
1305 1978 1518 2034 sancto,
1541 1984 1690 2025 nunc
1703 1977 1760 2025 et
1783 1986 2023 2042 semper,

410 2072 491 2127 ,et
530 2062 585 2116 in
612 2061 810 2117 smcula
840 2062 1189 2116 saaculorum.
1221 2062 1420 2117 Amen.

1035 2356 1298 2415 ORATIO
1350 2357 1417 2415 11.

521 2469 589 2527 ιιι
611 2470 991 2528 exultationem
1024 2473 1341 2529 venerando:
1364 2490 1432 2527 ac
1457 2474 1673 2543 vivi/ica:
1694 2477 1883 2533 crucis.

505 2584 614 2653 Qui
644 2587 798 2643 cruci
834 2587 1104 2643 honorem
1139 2588 1402 2653 habeam.
1442 2590 1727 2661 explorate
1761 2591 2029 2649 cruciﬁxo

434 2675 618 2736 habeo
634 2694 649 2732 :
668 2678 764 2751 qui
789 2694 921 2735 vero
942 2679 1207 2736 honorem
1230 2679 1461 2736 habeam
1489 2682 1777 2748 cruciﬁxo,
1801 2699 2028 2740 crucem

440 2770 612 2827 dubio
641 2772 833 2841 procul
862 2773 1051 2827 adoro.
1084 2773 1318 2843 Utrique
1338 2773 1487 2828 enim
1518 2773 1786 2839 vicissim,
1819 2777 2030 2848 aliique

440 2878 508 2919 ex
527 2864 637 2919 alio
659 2862 831 2935 gloria
865 2872 922 2919 et
939 2864 1189 2919 adoratio
1213 2862 1507 2921 conﬂatur.
1538 2865 1673 2921 Nam
1693 2883 1871 2937 neque
1893 2885 2031 2926 crux

437 2961 570 3009 ante
596 2952 800 3009 Christi
824 2955 1224 3024 apparitionem
1258 2956 1489 3025 gloriam
1526 2957 1763 3014 habebat
1791 2959 2030 3031 (quippe

436 3057 567 3097 cum
606 3041 799 3097 mortis
832 3057 1123 3115 erganum,
1159 3053 1323 3114 atque
1355 3044 1411 3099 id
1450 3044 1690 3113 infamis,
1726 3052 1917 3115 esset).
1953 3062 2029 3113 et,

444 3129 617 3195 .lesua,
646 3128 849 3202 inquit,
882 3134 1115 3187 nondum
1142 3144 1257 3188 erat
1286 3133 1614 3205 gloriﬁcatua
1643 3138 1712 3200 ",
1746 3139 1873 3208 quia
1906 3156 2033 3195 nec-

2125 590 2299 661 δῶρον
2360 590 2659 661 ἀνάγοντες
2716 594 3180 665 έκαρποφόρησαν
3224 589 3302 663 τῷ
3335 588 3476 660 Qui).
3517 590 3713 662 Ἡμεῖς

2124 681 2184 736 δί
2222 681 2552 753 τιμήσωμεν
2581 683 2678 752 τῆς
2715 683 2982 737 Θεοτόκου
3032 683 3133 752 τὴν
3161 681 3416 752 γέννησιν
3448 679 3709 750 σήμερον,

2128 775 2225 828 καὶ
2254 773 2458 843 μᾶλλον
2478 774 2704 829 ἐκείνων
2732 776 3143 848 ἁγαλλιώμεθα,
3173 772 3561 845 πνευματικῶς
3594 774 3714 844 ἐορ-

2126 867 2386 933 τάζοντες
2441 870 2537 923 καὶ
2570 869 3013 941 εὐφραινόμενοι,
3069 870 3183 939 ὅσῳ
3233 866 3329 921 καὶ
3362 865 3608 928 πλείονος
3654 863 3715 929 ἐξ

2128 962 2300 1031 αὐτῆς
2327 962 2665 1033 μετέσχομεν
2688 960 2789 1033 τῆς
2829 961 3123 1031 ὠφελείας,
3175 962 3285 1031 ὅσῳ
3311 958 3409 1013 νῦν
3443 958 3645 1029 μᾶλλον
3680 957 3713 1023 ἢ

2126 1056 2273 1120 τότε,
2304 1054 2688 1127 λαμπρότερόν
2740 1070 2802 1108 τε
2835 1054 2931 1108 καὶ
2981 1052 3365 1125 τελεώτερονή
3420 1051 3581 1121 χάρις
3628 1050 3716 1104 διὰ

2126 1150 2223 1215 τῆς
2255 1148 2599 1218 Θεομὴτορος
2642 1144 3082 1219 ὑπερεκλάμπει.
3136 1145 3473 1216 Τιμήσωμεν
3502 1142 3581 1207 δὲ,
3639 1140 3716 1213 μὴ

2132 1248 2293 1317 μόνον
2347 1246 2447 1317 τὴν
2501 1248 2566 1301 ἐκ
2607 1247 2707 1317 τῆς
2740 1246 2961 1317 στείρας
3021 1244 3164 1299 κατὰ
3216 1245 3397 1315 σάρκα
3453 1241 3715 1313 πρόοδον,

2129 1338 2311 1408 πολλῷ
2331 1339 2391 1391 δὲ
2424 1338 2625 1409 μᾶλλον
2677 1337 2777 1408 τὴν
2816 1340 2881 1392 ὲκ
2927 1338 3027 1405 τῆς
3083 1336 3293 1391 ἄνωθεν
3318 1336 3542 1408 χάριτος
3574 1334 3725 1387 κατὰ

2129 1430 2351 1501 πνεῦμα
2379 1432 2637 1501 γέννησιν
2691 1430 2887 1500 αὐτῆς,
2919 1428 3359 1499 ἀναθεωροῦντες
3398 1426 3500 1497 μὲν
3530 1425 3606 1496 τῷ
3636 1422 3717 1477 νοῒ

2128 1529 2226 1577 καὶ
2259 1522 2564 1593 σεϐόμενοι,
2602 1519 2925 1589 κροτοῦντες
2950 1522 3005 1575 δὲ
3054 1524 3167 1584 τοῖς
3197 1518 3384 1590 ὕμνοις
3413 1520 3511 1572 καὶ
3542 1534 3717 1587 μεγαο

2128 1614 2379 1677 λύνοντες
2410 1615 2505 1669 καὶ
2558 1614 2876 1680 δοξάζοντες
2897 1632 2912 1647 ο
2946 1613 3071 1667 καθ’
3101 1615 3169 1684 ἢν
3213 1612 3337 1667 ὅλον
3366 1614 3400 1683 ἠ
3438 1611 3717 1678 πάναγνος

2129 1704 2499 1762 ἀπεκδυθεῖσα
2526 1708 2620 1761 τὸν
2676 1705 2772 1762 νῦν
2822 1708 3017 1771 αἱιτινα,
3073 1708 3171 1761 καὶ
3222 1705 3300 1774 τῷ
3335 1701 3715 1777 ὑπερουρανίῳ

2130 1799 2371 1870 Νυμφίῳ
2405 1801 2839 1871 προσεγγίσασα.
2870 1799 2966 1852 καὶ
2990 1800 3068 1861 εἰς
3098 1798 3197 1869 τὴν
3235 1797 3538 1868 ἱερωτάτην
3566 1792 3719 1863 αὐτῷ

2134 1890 2384 1944 παστάδα
2408 1891 2503 1944 καὶ
2559 1892 2952 1961 ωνακὴρατον
2982 1885 3406 1942 σιονεισελθοῦσα
3436 1888 3532 1939 καὶ
3577 1901 3718 1953 συμο

2132 1979 2519 2041 ϐασιλεύουσα,
2578 1979 2679 2051 τὴν
2732 1979 3009 2050 ἡμετέραν
3065 1976 3361 2047 πρεσϐεύει
3426 1974 3719 2047 σωτηρίαν,

2134 2073 2227 2127 καὶ
2285 2072 2536 2142 συνεργεῖ
2592 2069 2671 2142 τῷ
2705 2070 2881 2140 Πατρὶ
2912 2070 3005 2123 καὶ
3036 2069 3116 2141 τῷ
3151 2067 3264 2137 Υἱῷ
3319 2067 3418 2121 καὶ
3467 2067 3546 2136 τῷ
3578 2065 3719 2136 ἁγίῳ

2135 2164 2453 2235 Πνεῦματι,
2504 2162 2604 2219 νῦν
2662 2166 2759 2219 καὶ
2792 2162 2902 2228 ἀεὶ,
2961 2162 3056 2215 καὶ
3110 2162 3189 2225 είς
3219 2160 3345 2223 τοὺς
3378 2159 3583 2224 αἰῶνας
3609 2156 3721 2211 τῶν

2134 2254 2369 2312 αἰώνων.
2416 2256 2611 2329 Ἀμήν.

2770 2366 2992 2424 ΛΟΓΟΣ
3032 2363 3111 2422 B'.

2182 2485 2286 2552 Είς
2316 2482 2559 2553 ὖψωσιν
2585 2478 2695 2535 τοῦ
2723 2481 2923 2550 τιμίου
2954 2478 3055 2535 καὶ
3073 2474 3358 2539 ζωοποιοῦ
3382 2473 3673 2542 σταυροῦ.

2206 2598 2314 2651 τὸν
2343 2595 2573 2666 σταυρὸν
2618 2594 2822 2665 τιμῶν,
2875 2592 3325 2663 ὁμολογουμένως
3353 2590 3445 2645 τὸν
3471 2601 3725 2657 σταυρω-

2136 2690 2300 2745 θέντα
2331 2689 2511 2760 τιμῶν
2559 2687 2652 2742 τὸν
2698 2684 3083 2758 σταυρωθέντα
3127 2684 3183 2738 δὲ
3215 2682 3413 2753 τιμῶν,
3465 2679 3724 2749 ἀναντιρ-

2138 2786 2316 2858 ρήτως
2344 2783 2637 2855 προσκυνῶ
2665 2780 2756 2834 τδν
2789 2779 3022 2849 σταυρόν
3042 2796 3059 2811 ο
3089 2777 3158 2831 δι’
3192 2776 3442 2848 ἀλλήλων
3476 2774 3585 2843 γὰρ
3616 2772 3723 2837 ἀμ-

2136 2876 2390 2947 φοτέροις
2438 2876 2473 2947 ἠ
2511 2873 2643 2939 δόξα
2679 2873 3063 2941 συγκροτεῖται
3097 2871 3192 2923 καὶ
3228 2868 3261 2937 ἡ
3322 2864 3719 2937 προσκύνησις.

2138 2967 2277 3022 Οῦτε
2323 2966 2433 3038 γὰρ
2472 2965 2706 3036 σταυρὸς
2749 2964 2857 3034 πρὸ
2897 2964 2996 3031 τῆς
3051 2959 3374 3030 ἐπιφανείας
3404 2956 3720 3020 δεδόξασται

2136 3059 2233 3114 τοῦ
2251 3058 2517 3129 Χριστοῦ·
2538 3058 2771 3128 ὖργανον
2795 3057 2901 3127 γὰρ
2933 3055 3187 3115 Θανάτου,
3227 3053 3320 3105 καὶ
3349 3050 3572 3121 ἀτίμου,
3590 3046 3722 3100 καθ-

2144 3153 2362 3208 ίστατο·
2412 3154 2542 3214 καὶ,
2607 3149 2671 3204 Ὀ
2722 3148 2964 3217 Ἰησοῦς
3022 3147 3298 3208 οὐδέπω,
3354 3144 3542 3213 φησὶν,
3593 3140 3731 3205 ἐδοξ-

446 3220 579 3276 dum
605 3232 718 3277 tum
748 3238 971 3279 crucem
995 3225 1230 3280 adierat.
1248 3204 1565 3283 Laudemus
1585 3204 1866 3299 igitur-ter
1897 3232 2031 3287 hea-

2393 3204 2677 3313 ὅτιμήπω
2705 3204 3051 3313 samo-cn
3092 3204 3313 3311 σταυρῷ
3366 3204 3726 3307 etpeditum;

446 3325 555 3370 tam
592 3316 808 3371 Domini
844 3334 1090 3385 crucem,
1122 3330 1181 3375 et
1212 3321 1505 3375 adoremus
1544 3333 1601 3377 et
1629 3323 2030 3392 gloriﬁcemus,

445 3413 510 3460 ut
535 3416 593 3462 et
620 3407 789 3463 Deum
819 3408 1007 3480 glorize
1035 3408 1089 3465 in
1121 3427 1183 3465 ea
1215 3412 1423 3481 pariter
1451 3412 1742 3469 laudemus
1769 3426 1834 3470 ac
1878 3418 2031 3471 exal-

446 3508 644 3555 temus.
668 3500 785 3568 Qua
816 3518 946 3557 vero
966 3503 1255 3558 laudemus
1286 3505 1542 3560 ratione?
1565 3506 1683 3561 Non
1718 3507 1791 3563 ita
1825 3518 1884 3563 ut
1914 3526 2036 3567 cra-

446 3593 576 3663 pula
626 3602 685 3648 et
715 3594 1083 3649 ebrietatibus
1114 3612 1561 3667 corrumpamur,
1600 3599 1695 3655 sed
1729 3609 1789 3654 ut
1821 3601 2036 3671 jejunio

444 3700 513 3740 ac
542 3686 799 3755 precibus
826 3688 1137 3742 castitatem
1166 3690 1449 3743 colamus:
1481 3706 1589 3745 non
1624 3700 1683 3745 ut
1713 3694 1899 3748 δείξουίί
1931 3709 2034 3748 cu-

447 3776 528 3831 ris
550 3792 614 3830 ac
638 3777 817 3832 turbis
835 3780 1189 3839 sull'ocemur,
1217 3782 1311 3833 sed
1364 3789 1425 3835 ut
1453 3781 1669 3836 Domini
1692 3799 1791 3853 spe
1820 3783 2037 3855 ﬁdeque

449 3868 815 3923 illustremur.
853 3870 931 3925 Ne
964 3870 1208 3924 avaritiae
1242 3872 1431 3941 reique
1469 3871 1690 3943 injustis
1727 3874 1899 3932 lucris
1933 3892 2032 3932 au-

446 3960 637 4031 genda!
658 3960 842 4015 studio
862 3962 1107 4015 animum
1136 3954 1477 4028 addicamus,
1498 3965 1593 4019 sed
1620 3965 1805 4021 divina
1838 3984 1904 4022 ac
1939 3986 2037 4025 vc-

448 4051 630 4106 ritatis
678 4051 909 4105 scientia
956 4051 1273 4105 dilatemur.
1334 4053 1567 4108 Prorsus
1626 4071 1761 4112 vero
1822 4058 2033 4113 Christi

446 4158 637 4199 amore
663 4144 731 4198 ad
766 4144 873 4199 alta
903 4145 1394 4214 contemplationis
1426 4143 1688 4214 ducente,
1725 4136 2038 4207 sanctiﬂce-

447 4249 594 4300 mur,
625 4250 733 4290 non
765 4236 1051 4306 occupatis
1104 4238 1367 4308 nequitia:
1398 4240 1774 4309 opinionibus,
1823 4258 1933 4297 non
1964 4244 2043 4297 si-

448 4328 697 4383 multatis
751 4328 1208 4399 malignitatihus,
1288 4346 1398 4385 non
1445 4332 1717 4401 superbia:
1750 4334 2037 4404 jactantia,

450 4434 562 4474 non
591 4420 779 4475 vesani
815 4419 1005 4490 glorise
1034 4422 1314 4493 appetitus
1348 4423 1612 4489 vanitate,
1641 4441 1746 4479 nec
1779 4427 1891 4480 ullo
1916 4442 2037 4481 om-

2140 3331 2274 3395 κώς.
2326 3331 2733 3400 Ἐπαινέσωμεν
2798 3325 3091 3398 τοιγαροῦν
3148 3326 3241 3380 τὸν
3290 3321 3603 3395 τρισόλϐιον
3632 3316 3725 3373 τοῦ

2139 3421 2345 3493 Κυρίου
2387 3421 2647 3490 σταυρὸν,
2706 3420 2804 3472 καὶ
2857 3418 3329 3487 προσκυνήσωμεν
3362 3414 3459 3468 καὶ
3491 3411 3730 3477 δοξάσω-

2143 3530 2265 3583 μεν,
2291 3512 2380 3566 ἵνα
2409 3512 2505 3567 καὶ
2562 3509 2656 3563 τὸν
2683 3510 2789 3577 τῆς
2815 3508 2976 3577 δόξης
3027 3506 3159 3561 θεὸν
3196 3507 3254 3560 ὲν
3285 3505 3436 3577 αὐτῷ
3468 3521 3735 3559 συνεπαιο

2140 3603 2385 3673 νέσωμὲν
2402 3618 2463 3655 τε
2491 3584 2599 3656 καί
2615 3597 3039 3670 συνυψώσωμεν.
3069 3598 3474 3669 Ἐπαινέσωμεν
3496 3595 3555 3651 δι
3576 3595 3728 3659 πῶςς

2142 3695 2234 3765 Μὴ
2290 3695 2623 3765 κραιπάλαις
2678 3692 2772 3746 καὶ
2802 3691 2996 3762 μέθαις
3052 3689 3571 3760 καταφθειρόμενοι,
3615 3684 3731 3742 ἀλλ’

2142 3788 2440 3860 ἐγκρατείᾳ
2464 3789 2560 3843 καὶ
2590 3789 2920 3857 προσευχαῖς
2939 3784 3305 3855 ἁγνιζόμενοι.
3322 3781 3415 3853 Μὴ
3439 3781 3733 3855 μερίμναις

2145 3881 2239 3933 καὶ
2270 3880 2499 3949 τῦρϐαις
2534 3876 2819 3946 βιωτικαῖς
2864 3875 3330 3947 συμπνιγόμενοιο
3386 3873 3503 3927 ἀλλ’
3554 3870 3732 3926 ἑλπίδι

2146 3972 2240 4023 καὶ
2269 3970 2450 4023 πίστει
2485 3970 2578 4023 τοῦ
2611 3969 2818 4040 Κυρίου
2844 3968 3205 4036 φωτιζόμενοι
3227 3982 3241 3995 ·
3275 3964 3351 4035 μὴ
3368 3965 3468 4035 τὴν
3504 3964 3733 4036 καρδίαν

2148 4063 2225 4124 εἰς
2279 4061 2593 4125 πλεονεξίαν
2644 4059 2956 4130 τιθώμεθα,
3006 4059 3123 4113 ἀλλ’
3180 4058 3261 4118 είς
3322 4054 3603 4123 θεολογίαν
3638 4057 3730 4108 κα¹ι

2146 4151 2554 4223 ἀληθογνωσὶαν
2604 4149 3119 4221 ὲμπλατυνὼμεθα’
3180 4147 3377 4210 ὀλικῶς
3427 4146 3485 4199 δὲ
3530 4144 3608 4215 τῷ
3637 4146 3732 4197 ἀνα

2145 4245 2347 4315 αγὼγῳ
2382 4245 2543 4317 ἔρωτι
2566 4244 2921 4313 ἁγιαζὼμεθα
2959 4243 3050 4297 τοῦ
3074 4240 3335 4312 Χριστοῦ,
3364 4239 3438 4311 μὴ
3472 4236 3736 4308 πονηρίας

2146 4337 2472 4409 προλήψεσι,
2528 4337 2603 4407 μὴ
2660 4336 3035 4407 μνησικακίας
3089 4333 3377 4402 κακότησι,
3406 4331 3483 4401 μὴ
3528 4330 3736 4399 ὑπερη-

2146 4428 2347 4498 φανίας
2381 4429 2661 4499 αὐχήματι
2687 4466 2702 4490 ,
2734 4428 2809 4498 μὴ
2839 4425 3164 4495 δοξομανίας
3206 4423 3572 4494 ματαιότητι·
3611 4420 3733 4491 μηδ’

448 4509 584 4567 nino
606 4511 716 4567 alio
729 4511 865 4567 vitio
889 4513 1207 4570 interiorem
1252 4514 1531 4571 hominem
1561 4516 1955 4575 labefactemus
1976 4536 2035 4575 ac

2148 4521 2287 4594 ἄλλῃ
2342 4521 2584 4592 μηδεμιᾷ
2613 4519 2803 4590 κακίᾳ,
2838 4518 3073 4580 συνόλως
3100 4518 3298 4583 εἰπεῖν,
3347 4515 3440 4568 τὸν
3465 4512 3615 4577 ἐντὸς
3638 4512 3731 4565 ἄνα

448 4621 905 4676 conspurcemus.

523 4700 647 4759 Non
684 4700 1116 4757 scurrilitatibus
1144 4709 1329 4757 mente
1362 4716 1680 4771 evagemur,
1708 4718 1817 4758 non
1859 4706 2038 4777 turpi-

454 4793 648 4865 loquio
661 4793 906 4865 linguam
938 4792 1315 4863 inquinemus,
1342 4810 1451 4848 non
1480 4794 1745 4850 conviciis
1763 4807 1860 4852 aut
1882 4813 2041 4853 men-

451 4886 628 4943 daciis
663 4888 1062 4943 conscientiam
1105 4884 1411 4952 fcedemus;
1450 4903 1630 4957 neque
1666 4905 1802 4945 vero
1835 4900 2042 4948 temere

448 4982 763 5053 jnramento
812 4994 1233 5045 assuescamus,
1289 4994 1387 5048 per
1430 4979 1577 5049 quod
1637 4979 1691 5035 in
1740 4982 2046 5052 perjurium

457 5073 661 5144 (negati
692 5072 906 5126 scilicet
927 5071 1023 5125 Dei
1056 5069 1259 5141 scelus)
1292 5071 1669 5139 prolabamur.
1696 5072 1901 5129 Verum
1929 5072 2048 5128 haec

457 5162 645 5233 impiis
684 5171 743 5217 et
785 5160 1090 5216 incredulis
1127 5160 1386 5229 gentibus
1421 5161 1836 5233 relinquamus,
1876 5164 1989 5235 jam
2017 5178 2050 5218 a

454 5268 630 5325 puero
657 5267 841 5322 prava:
872 5250 1207 5321 mancipatis
1231 5251 1648 5319 consuetudini,
1675 5267 1741 5307 ac
1764 5268 1888 5323 qua:
1915 5251 2050 5306 vitia

456 5344 577 5400 haec
614 5352 873 5414 tanquam
904 5344 1122 5398 nativos
1151 5343 1402 5409 aﬂ'ectus,
1442 5360 1555 5415 pra:
1586 5344 1752 5413 longo
1780 5342 2046 5412 temporis

459 5450 586 5498 usu,
618 5442 1033 5498 consectentur,
1069 5449 1135 5490 ac
1174 5450 1297 5504 qua:
1342 5450 1414 5490 ne
1448 5435 1555 5490 hoc
1592 5434 1818 5505 quidem
1864 5433 2045 5504 ipsum

459 5526 805 5598 intelligant,
847 5526 996 5595 quod
1048 5526 1403 5597 delinquunt.
1456 5526 1566 5582 Nos
1609 5535 1796 5581 autem
1844 5527 2050 5595 quibus

463 5617 762 5675 cruciﬁxus
804 5627 969 5689 atque
1010 5619 1131 5691 ejus
1170 5635 1307 5675 crux
1346 5619 1611 5673 adoretur
1650 5633 1716 5672 ac
1742 5618 1973 5682 colatur,
2003 5618 2049 5671 si

463 5710 659 5783 utique
692 5724 823 5766 vere
844 5712 1075 5770 adorare
1104 5710 1379 5780 volumus,
1408 5710 1477 5767 ab
1501 5709 1649 5768 omni
1676 5712 1833 5780 prius
1865 5708 2051 5781 inqui-

530 5825 582 5862 ”
604 5825 762 5887 Joan.
789 5846 887 5892 vn.
916 5829 1004 5886 59.

2146 4612 2362 4685 θρωπον
2393 4613 2787 4682 ἀχρειώσωμεν
2814 4609 2847 4682 ἢ
2873 4610 3185 4681 χράνωμεν.

2216 4704 2308 4777 Μὴ
2366 4703 2750 4775 εὐτραπελίαις
2806 4698 3283 4773 μετεωριζώμεθα,
3327 4697 3404 4769 μὴ
3454 4696 3738 4769 αἰσχρολο-

2142 4797 2293 4867 γίαις
2329 4796 2431 4866 τὴν
2456 4796 2709 4864 γλῶσσαν
2741 4790 3354 4865 καταρῤυπαινώμεθα·
3394 4789 3533 4861 μηδὲ
3566 4790 3737 4845 λοιδο-

2152 4884 2362 4959 ρίαιξῆ
2390 4886 2613 4955 ψεύδεσι
2650 4884 2711 4938 τὸ
2751 4884 2986 4945 συνειδὸς
3026 4881 3406 4955 μιαινὼμεθα’
3462 4882 3590 4953 μήτ’
3642 4880 3737 4935 οὖν

2145 4978 2375 5049 δρκωμα
2411 4976 2588 5047 μάτην
2622 4973 3059 5045 κατεθιζώμεθα,
3118 4974 3187 5027 δι’
3234 4967 3297 5029 οῦ
3362 4974 3502 5046 πρὸς
3549 4976 3737 5045 intep-

2144 5066 2292 5131 κίαν,
2354 5066 2453 5119 εἴτ’
2489 5064 2585 5120 οῦν
2632 5066 2863 5136 ἄρνησιν
2894 5064 3054 5128 Θεοῦ,
3089 5063 3542 5135 καταπίπτομεν-
3593 5065 3735 5118 ἀλλὰ

2145 5158 2320 5212 ταῦτα
2354 5157 2454 5229 μὲν
2503 5156 2711 5211 ἔθνεσιν
2743 5157 2964 5211 ἀσεϐέσι
2996 5157 3092 5210 καὶ
3144 5158 3399 5221 ἀπίστοις
3443 5158 3733 5227 παρῶμεν,

2150 5249 2373 5322 πονηρῷ
2388 5248 2647 5318 νηπιόθεν
2668 5247 3087 5319 δεδουλωμένοις
3114 5246 3224 5301 ἔθει
3243 5264 3258 5277 ·
3286 5252 3379 5302 καὶ
3398 5247 3474 5311 ὡς
3505 5250 3734 5319 φυσικὰ,

2147 5342 2322 5398 ταῦτα
2358 5340 2607 5413 μετιοῦσι
2646 5341 2716 5394 τὰ
2747 5340 2893 5411 πάθη
2939 5339 3028 5393 διὰ
3077 5340 3179 5409 τὴν
3220 5338 3313 5393 τοῦ
3359 5340 3560 5411 χρόνου
3606 5358 3735 5396 συν-

2148 5436 2341 5506 ήθειαν
2362 5450 2374 5464 ·
2402 5434 2497 5489 καὶ
2528 5433 2641 5487 οὐδ’
2672 5433 2807 5487 αὐτὸ
2845 5431 3002 5486 τοῦτο
3035 5433 3253 5499 εἰδόσιν,
3276 5432 3353 5496 ὡς
3381 5432 3737 5505 ἁμαρτάνου-

2153 5543 2259 5580 σιν.
2303 5524 2497 5596 Ἦμεῖς
2546 5524 2605 5579 δὲ
2637 5517 2724 5587 οἷς
2769 5525 2798 5579 ὁ
2854 5523 3274 5596 ισταυρωμένος
3325 5524 3422 5579 καὶ
3457 5526 3487 5579 ὁ
3542 5525 3734 5581 τούτου

2155 5616 2386 5686 σταυρὸς
2408 5616 2523 5669 ἔστι
2567 5614 2632 5668 τὸ
2654 5613 3131 5687 προσκυνούμενον
3174 5612 3273 5669 καὶ
3313 5612 3630 5684 σεϐόμενον,
3683 5614 3737 5672 εί

2154 5705 2370 5777 ἀληθῶς
2400 5706 2510 5786 ᾇρα
2532 5706 2862 5779 προσκυνεῖν
2886 5704 3189 5777 totum”,
3217 5703 3421 5769 παντὸς
3450 5704 3738 5780 μολυσμοῦ
