4086 6282
327 383 399 450 29
1136 384 1421 447 ORATIO
1461 385 1543 446 II.
1578 410 1647 423 -
1678 385 1762 448 IN
1801 384 2398 449 EXALTATIONEM
2438 387 2498 450 S.
2531 387 2828 451 CllUCIS.
3531 378 3631 447 '30

336 501 544 575 σαρκὸς
591 499 690 555 καὶ
719 499 1031 571 πνεύματος
1072 506 1343 574 πρότερον
1375 505 1605 568 ἑαυτοὺς
1641 502 1730 559 διὰ
1760 522 1921 557 πνευ-

2033 515 2294 562 namento
2331 505 2520 562 carnis
2539 521 2597 562 et
2635 507 2869 578 spiritus
2902 519 3006 575 per
3035 502 3344 575 spiritalem
3371 500 3629 560 dilectio-

333 590 570 661 ματικῑις
594 589 816 662 ἀγάπης
851 590 1322 662 ἐκκαθηράμενοι,
1381 592 1477 645 καὶ
1505 593 1627 647 ὅλον
1658 593 1749 647 τὸν
1783 593 1920 664 Χρι-

330 681 456 736 στὸν
480 681 573 735 διὰ
602 680 788 753 πάσης
835 682 1229 747 είσοικίσαντες
1278 683 1508 756 ἀρετῆς,
1541 684 1714 749 οὕτως
1763 685 1926 738 πνεύ-

330 789 466 841 ματι
511 773 912 844 προσκυνῶμεν
938 774 1038 829 καὶ
1077 773 1329 848 ἀληθείᾳ.
1368 774 1613 846 Πνεῦμα
1651 778 1786 848 γὰρ,
1819 794 1925 848 φη-

331 867 440 933 σὶν,
477 870 514 922 ὁ
548 869 719 935 Θεὸς,
751 868 852 922 καὶ
889 866 1036 933 τοὺς
1075 863 1584 936 προσκυνοῦντας
1628 869 1820 924 αὐτὸν
1854 869 1928 923 ἐν

329 961 628 1028 πνεύματι
660 957 762 1013 καὶ
783 959 1038 1027 ἀληθείᾳ
1069 961 1164 1014 δεῖ
1176 961 1572 1030 προσκυνεῖν.
1593 961 1705 1016 Καὶ
1734 960 1928 1032 ὥσπερ

329 1052 360 1103 ό
393 1051 875 1123 προσκυνούμενος
906 1052 1140 1123 σταυρδς
1174 1054 1287 1124 εχει
1322 1056 1424 1124 μέν
1469 1068 1523 1108 τι
1557 1055 1651 1108 καὶ
1685 1072 1930 1125 σωματι-

333 1145 450 1210 κὸν,
493 1145 592 1217 τὴν
642 1147 752 1201 ἀπὸ
780 1145 884 1216 τῆς
937 1147 1045 1216 γῆς
1094 1147 1297 1218 δηλαδὴ
1328 1147 1753 1219 λαμϐανομένην
1793 1147 1927 1221 ὓλην

329 1235 474 1304 πρὸς
499 1234 666 1290 αὑτοῦ
716 1239 1069 1308 κατασκευήν
1091 1254 1107 1269 ·
1144 1239 1298 1292 πᾶσα
1337 1239 1394 1294 δὲ
1424 1241 1457 1310 ἡ
1485 1239 1611 1305 δόξα
1637 1242 1731 1293 καὶ
1763 1243 1797 1312 ἡ
1831 1258 1928 1313 με·

326 1329 712 1399 γαλοπρὲπεια
752 1329 856 1400 τῆς
889 1329 1054 1385 αὐτοῦ
1109 1330 1397 1402 δυνάμεως
1455 1331 1662 1386 ἔσωθεν
1691 1334 1800 1388 ἀπὸ
1828 1333 1926 1388 τοῦ

328 1419 655 1491 Πνεύματος
701 1423 1118 1492 ἐπιχορηγεῖται
1167 1423 1262 1476 τοῦ
1295 1425 1717 1493 ἐσταυρωμένον
1739 1440 1752 1454 ·
1784 1423 1929 1478 οὕτω

323 1513 440 1585 χρὴ
468 1512 565 1567 καὶ
596 1514 748 1582 ἡμᾶς
798 1513 986 1582 διττὴν
1034 1512 1187 1584 αύτῷ
1210 1514 1310 1586 τὴν
1367 1514 1745 1586 προσκύνησιν
1792 1517 1931 1569 ἀπο-

322 1607 540 1679 νέμειν,
571 1607 667 1661 καὶ
710 1605 808 1677 τὴν
844 1609 1046 1678 τιμήνο
1085 1607 1517 1678 προηγουμένως
1552 1609 1654 1678 μὲν
1679 1649 1693 1674 ,
1732 1609 1834 1680 τὴν
1870 1609 1931 1661 ὲν

323 1697 606 1765 πνεύματι
650 1697 794 1752 κατὰ
847 1696 1102 1768 δεύτερον
1143 1697 1203 1751 δὲ
1251 1697 1432 1766 λόγον,
1463 1697 1560 1752 καὶ
1588 1694 1691 1770 τὴν
1737 1711 1931 1767 σωμα-

322 1791 516 1859 τικήν.

2029 617 2156 655 nem
2185 600 2456 662 mundati,
2474 616 2539 656 ac
2560 599 2653 670 qui
2681 608 2857 654 totum
2875 598 3181 663 Christum;
3203 595 3386 652 omnis
3402 593 3630 652 virtutis

2032 693 2184 745 cultu
2205 729 2221 754 .
2263 690 2470 746 mentis
2501 689 2744 759 hospitio
2775 689 3194 757 exceperimus,
3228 686 3310 742 sic
3338 683 3537 755 spiritu
3564 698 3631 739 ac

2030 785 2263 838 veritate
2294 783 2615 838 adoremus.
2653 780 2886 850 Spiritus
2916 780 3087 844 enim,
3129 778 3332 849 inquit.
3361 784 3440 830 est
3463 775 3625 837 Deus,

2031 883 2082 930 et
2109 892 2194 929 eos
2225 875 2316 946 qui
2345 875 2576 930 adorant
2617 891 2761 936 cum,
2790 875 2844 928 in
2880 876 3073 944 spiritu
3094 882 3145 926 et
3176 871 3401 927 veritate
3423 877 3628 938 oportet

2033 969 2263 1023 adorare
2284 970 2351 1027 ".
2402 968 2484 1024 Ac
2513 969 2661 1024 sicut
2687 983 2847 1030 crux,
2884 983 3007 1037 qua:
3036 965 3320 1025 adoratur,
3349 963 3466 1034 ipsa
3492 976 3631 1032 quo-

2032 1078 2141 1133 que
2171 1077 2504 1132 corporeum
2530 1061 2664 1132 quid
2701 1061 2868 1116 habet
2908 1062 3212 1129 (terrenam
3248 1056 3462 1111 scilicet
3492 1054 3629 1108 sub-

2033 1154 2316 1218 stantiam,
2348 1169 2471 1224 quae
2501 1153 2568 1208 ad
2593 1152 2858 1208 fabricam
2876 1149 3028 1206 illius
3052 1147 3402 1214 assumitur),
3437 1143 3622 1200 omnis

2035 1262 2171 1301 vero
2198 1247 2421 1300 claritas
2447 1256 2505 1302 et
2529 1246 2939 1317 magniﬁcentia
2965 1244 3191 1298 virtutis
3218 1243 3360 1314 ejus,
3394 1239 3630 1295 interius

2032 1357 2062 1393 a
2085 1338 2346 1393 Cruciﬁxi
2386 1337 2596 1408 Spiritu
2619 1336 3105 1399 subministratur;
3143 1333 3226 1390 sic
3279 1349 3382 1389 uos
3405 1346 3630 1403 quoque

2035 1431 2313 1500 duplicem
2341 1431 2392 1485 ei
2424 1430 2808 1484 adorationem
2844 1444 2908 1483 ac
2938 1428 3206 1482 honorem
3247 1424 3632 1494 impendamus

2035 1535 2264 1574 necesse
2307 1529 2429 1585 est;
2475 1519 2657 1589 primo
2703 1517 2962 1588 quidem,
3003 1516 3381 1570 adorationem
3418 1527 3540 1582 qua:
3575 1511 3634 1566 in

2034 1610 2234 1681 spiritu
2277 1619 2393 1673 est,
2433 1609 2801 1679 consequenti
2842 1622 2974 1664 vero
3006 1607 3253 1673 ratione,
3283 1605 3450 1661 etiam
3481 1617 3631 1670 eam,

2034 1715 2159 1773 quae
2197 1714 2433 1771 corpore
2464 1707 2762 1772 praestatur

406 1881 735 1950 Ἀποδῶμεν
761 1879 1056 1952 τοιγαροῦν
1088 1881 1148 1933 τὸ
1172 1881 1276 1950 τῆς
1310 1881 1740 1953 προσκυνήσεως
1763 1876 1925 1951 χρέος

2103 1871 2425 1932 Reddamus
2470 1873 2642 1946 igitur
2668 1872 2823 1930 cruci
2859 1871 3073 1930 Christi
3100 1869 3447 1930 adorationis
3471 1869 3635 1929 debi-

318 1973 397 2046 τῷ
435 1974 660 2046 σταυρῷ
688 1974 782 2029 τοῦ
819 1973 1079 2046 Χριστοῦ.
1110 1974 1438 2044 Κάμψωμεν
1467 1973 1618 2044 αύτῷ
1641 1975 1772 2042 γόνυ
1829 1970 1928 2025 τοῦ

321 2067 621 2138 σώματος·
687 2066 1000 2138 κάμψωμεν
1055 2066 1192 2121 πολὺ
1244 2067 1514 2137 πρότερον
1560 2066 1652 2119 τὸν
1689 2063 1926 2135 ἁκαμπῆ

316 2159 416 2230 τῆς
472 2159 704 2229 καρδίας
741 2161 971 2230 αὐχένα,
1003 2158 1098 2213 τδν
1130 2158 1209 2231 μὴ
1254 2159 1556 2230 δυνάμενον
1584 2158 1929 2229 ὑποταγῆναι

319 2253 395 2324 τῷ
420 2254 588 2325 νόμῳ
621 2253 721 2306 τοῦ
772 2252 910 2306 Θεοῦ
934 2270 950 2284 ο
1004 2254 1100 2307 τὸν
1133 2252 1340 2324 αὐθάδη
1374 2250 1520 2322 λέγω
1550 2252 1650 2306 καὶ
1683 2251 1926 2317 ἀλαζόνα

325 2345 417 2414 τῆς
446 2343 746 2414 φιλαυτίας
769 2341 1055 2414 λογισμόν.
1101 2341 1309 2398 Τοῦτον
1336 2340 1609 2414 κλίνωμσν
1635 2341 1925 2414 πρότερον,

330 2433 416 2488 καὶ
443 2432 911 2504 κατακὰμψωμσν
941 2431 1022 2504 τῷ
1051 2431 1291 2504 σταυρῷ,
1345 2430 1441 2486 τὸν
1471 2430 1638 2500 ζυγὸν
1665 2430 1928 2502 εὐμαρῶς

332 2526 724 2597 ὑποδεχόμενοι
770 2525 873 2595 τῆς
918 2524 1200 2595 ὑποταγῆς
1241 2523 1338 2580 τοῦ
1372 2523 1613 2596 Χριστοῦ
1639 2538 1655 2555 ·
1701 2522 1800 2578 καὶ
1826 2521 1925 2578 06-

329 2637 429 2685 τως
460 2621 600 2692 ἡμῖν
649 2619 746 2674 καὶ
779 2616 893 2673 τῶν
916 2617 1162 2690 γονάτων
1209 2618 1244 2687 ή
1281 2616 1462 2680 κλίσις
1496 2615 1688 2685 δεκτή.
1735 2614 1927 2680 Οὕτως

330 2712 804 2785 προσκΜσωμεν
850 2711 947 2766 καὶ
978 2709 1399 2784 προσπέσωμεν,
1449 2710 1526 2772 ὡς
1557 2706 1707 2779 αύτῷ
1752 2724 1927 2780 προσ-

336 2807 631 2869 πίπτοντες
676 2803 758 2877 τῷ
817 2802 1226 2874 ἐσταυρωμένῳ
1275 2801 1417 2871 ὑπὲρ
1468 2799 1661 2872 ἡμῶψ
1718 2800 1813 2854 καὶ
1838 2800 1928 2853 δοι-

329 2898 587 2972 ξασωμεν
633 2900 758 2962 ταῖς
811 2898 1111 2960 αίνέσεσιν,
1169 2895 1264 2948 καὶ
1296 2895 1410 2957 τοῖς
1464 2892 1660 2966 ὕμνοις
1696 2892 1928 2964 ὐψὼσω-

334 3009 453 3065 μεν.

419 3083 791 3153 ’Υψώσωμεν
817 3081 1010 3136 αὑτὸν
1053 3081 1126 3135 ἐν
1161 3079 1290 3147 τοῖς
1340 3080 1589 3136 ἔθνεσιν
1615 3097 1629 3112 ⁸
1671 3082 1927 3150 ὐψὼσω-

330 3193 446 3246 μεν
475 3175 662 3230 αὐτὸν
704 3175 776 3228 ἐν
803 3171 882 3242 τῇ
926 3171 1025 3243 τῇ.
1062 3172 1284 3226 Μᾶλλον
1309 3170 1367 3224 δὲ
1399 3171 1522 3225 καθ’
1557 3172 1799 3242 ἑκάστην
1824 3173 1924 3226 αύ-

333 3271 433 3326 τδν
475 3269 736 3340 ﬁdo-Syre;
797 3267 896 3321 καὶ
948 3265 1390 3334 προσκυνοῦντες
1451 3265 1525 3335 μὴ
1556 3265 1926 3336 παυσώμεθα,

342 3361 506 3432 ἄχρις
529 3361 590 3414 ἂν
615 3360 706 3413 ὑπ’
731 3359 898 3413 αὑτοῦ
923 3355 1334 3429 κυϐερνώμενοι
1365 3358 1459 3410 καὶ
1487 3357 1929 3429 ποιμαινόμενοι,

347 3452 448 3506 τδν
477 3450 705 3522 πονηρὸν
729 3451 910 3505 τοῦτον
932 3450 1106 3503 αἰῶνα
1140 3449 1239 3503 ml.
1270 3450 1370 3513 τὰς
1407 3449 1573 3502 αὐτοῦ
1605 3449 1928 3520 δυσχερείας

357 3541 606 3613 διαϐῆναι
633 3542 956 3613 δυνηθῶμεν.
986 3542 1200 3612 Ὥσπερ
1233 3542 1344 3611 γὰρ
1390 3541 1490 3595 οὐκ
1521 3543 1600 3594 ἔνι
1631 3542 1799 3612 χωρὶς
1831 3540 1927 3594 τοῦ

361 3634 580 3706 ἡλιακοῦ
612 3634 756 3687 τοῦδε
802 3636 978 3704 φωτὶς
1002 3633 1196 3704 βιωτὸν
1225 3633 1477 3701 γενέσθαι
1508 3633 1602 3687 τὸν
1634 3633 1749 3703 βίον
1773 3632 1928 3701 ἡμῖν,

353 3725 527 3790 οὕτως
554 3727 667 3780 οὐδὲ
703 3726 882 3798 ψυχὴν
908 3726 1202 3799 ἀνθρώπου
1248 3725 1476 3779 δυνατὸν
1505 3729 1633 3780 ἄνευ
1661 3724 1771 3778 τῶν
1815 3741 1930 3777 νοε-

345 3819 457 3890 ρῶν
486 3821 936 3889 ἀπαυγασμόιτων
962 3817 1203 3887 σταυροῦ
1237 3816 1333 3870 τοῦ
1367 3817 1609 3888 Χριστοῦ
1636 3814 1925 3869 διαϐιῶναι

335 3912 480 3967 κατὰ
510 3913 768 3984 Χριστόν.
827 3913 938 3964 Καὶ
976 3909 1167 3981 ὥσπερ
1211 3910 1489 3978 ἀναγκαία
1534 3911 1648 3972 τοῖς
1689 3908 1857 3972 ζῶσιν
1895 3911 1928 3978 ἡ

327 4003 424 4060 τοῦ
447 4005 608 4077 ἀέρος
637 4002 908 4073 ἀναπνοὴ,
943 4001 1118 4066 οὕτως
1149 4002 1501 4073 Χριστιανοϊς
1549 4002 1930 4072 ἀπαραίτητος

322 4101 358 4172 ἠ
392 4098 703 4171 σημείωσις
735 4095 835 4151 τοῦ
867 4097 1129 4167 σταυροῦ.

393 4217 648 4288 Σταυρδς
691 4214 753 4269 τὸ
789 4211 1015 4285 σημεῖόν
1047 4212 1166 4264 ἐστι
1195 4209 1292 4263 τοῦ
1321 4208 1454 4264 Υίοῢ
1479 4206 1575 4263 τοῦ
1603 4207 1738 4263 Θεοῦ
1758 4249 1775 4274 ,
1804 4208 1930 4274 δόξει

311 4309 602 4380 Χριστοῦ,
651 4307 862 4376 ὖψωσις
909 4303 1084 4376 Ἰησοῦ
1112 4343 1127 4370 ,
1166 4302 1450 4374 σκῆπτρον
1500 4304 1601 4374 τῆς
1648 4301 1930 4371 βασιλείας

307 4399 422 4456 τῶν
477 4396 763 4472 οὐρανῶν,
827 4394 1107 4467 βακτηρία
1161 4392 1327 4456 Θεοῦ,
1370 4392 1565 4463 ῥάϐδος
1600 4393 1926 4465 εὐθύτητος,

310 4494 519 4566 ῥάϐδος
553 4491 850 4561 δυνάμεως
879 4528 894 4550 ,
937 4488 1133 4560 ῥάϐδος
1168 4488 1234 4559 ἢν
1291 4486 1436 4556 μάλα
1492 4487 1682 4552 σαφῶς
1731 4487 1766 4556 ἡ
1797 4486 1928 4540 Μω-

2032 1979 2175 2024 tum.
2205 1965 2365 2023 Genu
2391 1965 2445 2022 ei
2484 1964 2741 2036 corporis
2771 1964 3084 2030 ﬂectamus,
3117 1964 3282 2037 longe
3312 1979 3449 2020 vero
3475 1965 3634 2036 prius

2030 2061 2292 2119 inflexam
2341 2057 2531 2115 cordis
2579 2058 2889 2124 cervicem,
2945 2058 3055 2131 legi
3102 2057 3203 2115 Dei
3269 2056 3476 2131 subjici
3519 2073 3633 2115 non

2027 2154 2308 2211 valentem
2348 2151 2705 2230 (protervum
2754 2149 2972 2206 scilicet
3011 2159 3069 2206 et
3105 2158 3460 2222 arrogantem
3500 2148 3633 2206 caeci

2031 2247 2238 2303 amoris
2268 2262 2336 2302 ac
2373 2243 2621 2300 libidinis
2653 2252 2900 2303 sensum)
2931 2242 3242 2299 ﬂectamus.
3283 2239 3442 2297 Hune
3474 2241 3634 2311 prius

2027 2343 2181 2399 cruci
2219 2341 2553 2396 inclinemus
2606 2354 2672 2394 ac
2711 2339 3098 2403 incurvemus,
3139 2336 3235 2407 qui
3267 2337 3458 2408 jugum
3497 2333 3634 2390 sub-

2025 2435 2291 2508 jectionis
2309 2433 2515 2489 Christi
2541 2431 2760 2505 placide
2781 2431 3186 2502 suscipiamus:
3212 2429 3405 2500 sicque
3429 2428 3544 2495 ﬂet,
3571 2438 3634 2485 ut

2029 2527 2179 2598 quod
2218 2526 2390 2582 etiam
2437 2541 2615 2596 genua
2657 2523 2969 2591 ﬂectimus,
3012 2532 3302 2592 acceptum
3342 2520 3630 2577 reddatur.

2029 2619 2124 2676 Sic
2143 2619 2446 2675 adoremus
2458 2633 2528 2674 ac
2549 2615 2927 2689 procidamus,
2954 2615 3107 2671 velut
3125 2615 3199 2681 ei,
3225 2614 3320 2687 qui
3349 2630 3449 2684 pro
3470 2612 3635 2668 nobis

2029 2710 2185 2767 cruci
2218 2709 2417 2766 allixus
2437 2721 2545 2774 est,
2578 2708 3054 2780 procumbamus;
3081 2706 3454 2778 laudibusque
3481 2705 3633 2762 ule-

2028 2801 2261 2858 bremus
2281 2815 2347 2856 ac
2375 2798 2610 2856 canticis
2638 2799 2971 2856 exaltemus.

2100 3078 2413 3136 Exaltemus
2463 3097 2582 3135 eam
2624 3083 2682 3136 in
2732 3081 2973 3153 gentibus
3011 3095 3032 3135 :
3063 3077 3364 3135 exaltemus
3413 3095 3534 3135 eam
3574 3079 3632 3135 in

2031 3176 2258 3228 terra“.
2289 3175 2552 3240 Quinimo
2570 3190 2692 3229 eam
2721 3173 2970 3244 quotidie
2993 3171 3270 3228 exaltandi
3288 3173 3631 3228 etadorandi

2030 3270 2248 3326 nullum
2283 3270 2448 3325 linem
2474 3270 2764 3334 faciamus,
2794 3269 3158 3340 quoadusque
3185 3283 3248 3323 ea
3283 3269 3628 3339 gubernante

2030 3374 2197 3434 atque
2241 3372 2468 3434 regente
2493 3363 2757 3418 smculum
2785 3363 2892 3417 hoc
2925 3376 3162 3432 nequam
3193 3362 3426 3432 ejusque
3457 3361 3634 3416 mole-

2030 3456 2167 3512 stias
2191 3456 2663 3526 superaverimus.
2696 3451 3175 3521 Quemadmodum
3201 3453 3351 3508 enim
3381 3450 3498 3506 ﬁeri
3519 3466 3634 3506 non

2030 3558 2216 3621 potest
2241 3557 2301 3604 ut
2321 3548 2532 3618 absque
2558 3547 2726 3602 solari
2749 3546 2854 3600 hac
2874 3546 3000 3600 luce
3020 3545 3132 3598 vita
3158 3543 3321 3598 nobis
3347 3542 3632 3598 toleranda

2030 3640 2137 3710 sit,
2181 3641 2262 3700 sic
2291 3656 2473 3712 neque
2509 3639 2752 3696 hominis
2787 3638 3004 3693 animus
3027 3638 3246 3706 absque
3285 3635 3635 3705 spiritalibus

2031 3743 2385 3804 mentemque
2424 3732 2823 3788 irradiantibus
2852 3729 3036 3784 crucis
3068 3728 3276 3785 Christi
3314 3726 3632 3798 splendori-

2031 3824 2136 3881 bus
2163 3825 2476 3882 Christiana
2525 3830 2728 3893 pietate
2765 3821 2984 3876 vixerit.
3020 3820 3096 3874 Ac
3130 3820 3275 3873 sicut
3303 3819 3431 3874 vitae
3463 3833 3632 3873 usura

2029 3917 2343 3973 [ruentibus
2372 3917 2686 3972 necessaria
2718 3913 2864 3969 aeris
2892 3912 3155 3984 spiratio,
3184 3911 3268 3968 sic
3300 3909 3635 3968 Christianis

2033 4010 2373 4067 inevitabilis
2397 4008 2583 4066 crucis
2611 4009 2961 4080 consignatio
2993 4015 3099 4062 est.

2103 4211 2254 4271 Crux
2291 4213 2509 4285 signum
2557 4223 2643 4270 est
2677 4211 2802 4269 Filii
2840 4212 2972 4277 Dei,
3010 4209 3215 4268 Christi
3252 4208 3464 4281 gloria,
3502 4206 3630 4264 Jcsu

2031 4306 2325 4372 exaltatio,
2377 4315 2658 4375 sceptrum
2705 4305 2864 4377 regni
2910 4305 3203 4370 malorum,
3237 4302 3338 4358 Dei
3379 4300 3631 4363 baculus.

2030 4401 2184 4471 virga
2243 4397 2618 4463 directionis,
2669 4399 2821 4470 virga
2875 4396 3151 4454 virtutis:
3216 4395 3410 4466 virga,
3464 4407 3632 4465 quam

2031 4493 2268 4548 Mosaica
2315 4492 2408 4546 illa
2440 4492 2588 4549 clare
2629 4491 2926 4547 admodum
2964 4487 3341 4561 prazilguravit
3369 4486 3436 4542 ".
3473 4485 3629 4542 Nun-

306 4584 481 4656 σαῖκὴ
511 4582 711 4650 ἐκείνη
743 4580 1087 4651 προεικόνισε
1131 4577 1346 4648 ῥάϐδος.
1389 4575 1506 4630 Οὐκ
1539 4574 1607 4628 ἂν
1635 4577 1666 4630 ό
1705 4575 1923 4648 Ἰσραὴλ

2032 4602 2195 4658 quam
2228 4583 2562 4641 lsraeliticus
2592 4585 2686 4643 ille
2717 4584 2956 4656 populus
2982 4599 3169 4640 amara
3203 4592 3336 4641 tunc
3364 4581 3456 4637 illa
3485 4579 3631 4635 Pha-

301 4677 526 4742 ιιιιῐνος
552 4672 657 4728 τοῦ
691 4690 752 4727 τε
799 4669 996 4740 Φαραὼ
1034 4671 1133 4723 καὶ
1174 4669 1285 4723 τῶν
1328 4668 1647 4735 Αἰγυπτίων
1674 4669 1795 4722 τότε
1826 4670 1929 4739 τῆς

302 4770 524 4842 πικρᾶς
556 4766 788 4835 δκείνης
831 4761 1156 4833 δουλοσύνης
1202 4761 1299 4816 κα)⁸
1323 4761 1700 4833 ταλαιπωρίας
1752 4760 1931 4829 ἀπήλ-

298 4862 482 4918 λακτο
501 4876 519 4895 ⁸
573 4855 690 4912 οὒκ
719 4856 786 4909 ἂν
811 4854 911 4926 τὴν
944 4853 1221 4908 θάλασσαν
1250 4853 1623 4906 ἀνακοπεῖσαν
1654 4851 1824 4922 αὐτῷ,
1851 4851 1928 4915 ὡς

298 4955 394 5014 διὰ
421 4950 753 5029 χλοηφόρου
780 4949 1018 5004 διέϐαινε
1045 4949 1255 5013 πεδίου,
1286 4950 1335 5000 εξ
1363 4947 1438 5018 μὴ
1465 4950 1498 5017 ἡ
1527 4947 1722 5018 ῥάϐδος
1742 4947 1928 5020 ἐκείνη

297 5047 365 5104 ιν
389 5045 551 5119 χειρὶ
576 5039 807 5109 Μωῦσῆ
839 5039 911 5094 τὰ
939 5042 1182 5109 στοιχεῖα
1211 5035 1642 5108 μετεσκεύασεν,
1679 5039 1770 5091 καὶ
1797 5039 1925 5102 τοὺς

296 5136 656 5199 ἀδικοῦντας
693 5131 1001 5188 ἀπώλεσεν.
1040 5133 1150 5186 Καὶ
1174 5131 1276 5184 οὒκ
1311 5130 1378 5184 ἂν
1405 5133 1570 5200 ἡμεῖς
1597 5131 1693 5185 τοῦ
1722 5131 1922 5203 νοητοῦ

295 5227 539 5302 Φαραὼ,
597 5224 703 5281 καὶ
731 5224 843 5278 τῶν
870 5223 963 5278 ὑπ’
987 5223 1141 5295 αὐτῷ
1191 5224 1694 5294 στρατηγουμένων
1726 5225 1922 5296 δαιμό-

296 5341 413 5378 νων
443 5321 558 5393 τῆς
587 5315 911 5389 τυραννίδος
958 5316 1365 5390 ἀπηλλάγμεθα
1391 5331 1404 5345 ·
1436 5316 1548 5370 οὐδ’
1586 5317 1677 5383 ἂν,
1706 5317 1806 5390 τῆς
1841 5319 1923 5374 εξ-

295 5407 730 5482 δωλολατριιας
769 5409 848 5474 ὥς
887 5408 1220 5483 Ἐρυθραίας
1258 5411 1396 5481 ἡμῖν
1450 5410 1734 5481 ῥαγείσης,
1787 5410 1927 5480 πρὸς

297 5504 554 5579 τὴντῶν
599 5501 858 5572 πατὶρων
889 5501 1283 5574 κληρονομίαν,
1333 5503 1454 5574 ἢτοι
1492 5503 1593 5573 τὴν
1642 5501 1738 5556 τοῦ
1785 5503 1924 5557 Θεοῦ

300 5600 507 5656 πίστιν
544 5593 654 5652 καὶ
695 5593 958 5668 ἀλήθειαν
1011 5594 1296 5668 διέϐημεν,
1329 5595 1380 5650 εί
1412 5595 1489 5667 μὴ
1522 5598 1550 5650 ὁ
1585 5594 1682 5649 τοῦ
1714 5595 1923 5667 Κυρίου

377 5778 638 5906 υιιοαιι.
673 5789 745 5844 tv,
771 5773 860 5832 ει.
939 5774 987 5808 ⁸⁸
1011 5774 1154 5833 Psal.
1202 5789 1324 5843 ειν,
1358 5775 1443 5834 ll.

397 5869 428 5906 c
461 5866 516 5904 c.

309 5870 371 5911 Ill
397 5866 516 5908 εις.

1543 5774 1588 5808 ⁸⁸
1620 5774 1813 5835 Matth.
1864 5792 2022 5842 xxiv,
2063 5771 2177 5842 "50;
2236 5774 2382 5836 Psal.
2430 5794 2561 5846 un,
2619 5776 2674 5845 Δ,
2725 5784 2782 5831 et
2829 5789 2974 5841 mv,
3032 5775 3104 5841 '5;

2031 4676 2221 4731 raonis
2270 4673 2766 4746 Algyptiornmque
2821 4674 3090 4730 servitute
3147 4681 3315 4743 atque
3371 4685 3627 4727 aerumna

2028 4768 2302 4824 liberatus
2347 4777 2529 4834 esset;
2589 4778 2873 4844 nunquam
2929 4763 3254 4821 intercisum
3319 4763 3401 4821 illi
3455 4777 3627 4828 mare,

2028 4860 2184 4914 velut
2211 4858 2418 4914 virenti
2454 4857 2576 4914 solo
2613 4857 2946 4923 incedendo,
2984 4857 3307 4922 transisset,
3338 4853 3446 4911 nisi
3475 4854 3632 4926 virga

2029 4952 2122 5007 illa
2158 4952 2215 5006 in
2241 4968 2408 5006 manu
2434 4950 2601 5008 Mosis
2631 4951 2906 5008 elementa
2949 4961 3251 5018 mutasset,
3288 4957 3453 5020 atque
3479 4949 3630 5019 inju-

2031 5044 2129 5099 riae
2153 5050 2412 5099 auctores
2430 5041 2772 5113 perdidisset
2796 5058 2811 5094 :
2837 5057 2944 5099 nec
2967 5059 3100 5098 vero
3124 5059 3228 5098 nos
3247 5057 3491 5115 unquam
3517 5041 3630 5113 api-

2031 5136 2212 5192 ritalis
2235 5135 2544 5193 Pharaonis
2557 5134 2724 5207 eique
2747 5135 3288 5192 sucecnturiatorum
3313 5135 3630 5192 daemonum

2034 5224 2384 5300 tyrannidem
2410 5237 2638 5283 eramus
2669 5225 2986 5292 excussuri,
3021 5233 3119 5280 aut
3145 5241 3276 5281 vero
3301 5223 3630 5281 simulacro-

2033 5335 2159 5376 rum
2191 5319 2346 5378 cultu
2376 5321 2529 5378 velut
2555 5319 2695 5377 mari
2717 5315 2910 5375 Rubro
2937 5318 3100 5375 nobis
3131 5318 3378 5390 dirupto.
3418 5316 3488 5373 ad
3529 5331 3627 5389 pa-

2034 5421 2182 5469 trum
2213 5411 2598 5469 htereditatem
2622 5410 2746 5474 (Dei
2775 5411 2989 5468 scilicet
3014 5411 3179 5466 ﬁdem
3219 5425 3284 5466 ac
3310 5406 3625 5480 veritatem)

2030 5504 2542 5572 eommeaturi,nisl
2557 5519 2696 5562 crux
2711 5504 2997 5562 Dominiea
3014 5500 3415 5575 nequissimum
3432 5501 3626 5558 mundi

2031 5595 2339 5669 principem
2390 5595 2769 5670 proﬂigasset,
2815 5610 3222 5666 ascensumque
3270 5593 3328 5649 in
3387 5593 3618 5662 caelum,

3156 5789 3263 5839 eis,
3317 5770 3384 5841 2;
3435 5767 3616 5826 Exul.
