4086 6282
474 367 553 436 31
1688 374 1987 442 NICET/E
2025 382 2482 448 PAPHLAGON
2487 385 2560 447 IS
3687 378 3770 450 32

475 480 795 540 inaccessos
850 496 973 540 cum
1001 489 1179 550 esset,
1235 497 1522 540 accessum
1566 485 1886 545 volentibus
1927 505 2069 559 prae-

2192 492 2414 563 τταυρὸς
2441 493 2534 546 τὸν
2551 491 2787 564 πονηρὸν
2807 493 3045 565 ἄρχοντα
3071 489 3408 548 καταλέλυκε
3425 489 3521 546 τοῦ
3535 489 3766 566 κόσμου,

475 577 738 632 stitisset.

557 756 732 824 Crux,
772 756 1037 815 Ecclesiae
1099 758 1391 817 catholicae
1431 761 1695 833 splendor
1732 763 2077 836 illustrisque

476 862 735 913 ornatus.
771 853 1147 924 apostolorum
1195 855 1402 927 gloria,
1446 857 1799 914 sacerdotum
1833 860 2078 917 sanctifi-

477 943 664 1010 catio,
705 953 1010 1017 martyrum
1055 946 1225 1012 nitor,
1269 957 1638 1020 constansque
1682 951 1948 1008 adversus
1975 970 2076 1010 ne-

479 1035 787 1106 quissimos
815 1036 1107 1106 patientia.
1130 1039 1354 1094 Piorum
1385 1054 1451 1095 ae
1478 1042 1876 1097 monachorum
1906 1042 2081 1100 firmi-

482 1136 593 1192 tas,
618 1128 979 1201 omniumque
997 1131 1275 1200 justorum
1301 1131 1436 1186 fides
1455 1139 1620 1202 atque
1643 1148 1796 1203 spes,
1827 1133 2077 1189 omnium

485 1218 727 1289 denique
743 1228 1060 1276 sanctorum
1084 1222 1344 1292 gaudium
1365 1233 1424 1277 ct
1442 1239 1646 1279 corona
1670 1225 2076 1281 exsultationis.

481 1311 566 1367 Nc
598 1311 684 1367 lex
715 1312 940 1383 quidem
968 1330 1166 1384 expers
1200 1316 1426 1370 virtutis
1459 1319 1676 1372 erucis:
1704 1334 1809 1374 nec
1837 1319 1931 1390 qui
1955 1337 2080 1390 gra-

483 1412 602 1460 tam
630 1421 960 1476 prtecessere
987 1409 1164 1462 sancti
1199 1409 1407 1478 absque
1438 1426 1502 1464 ea
1533 1411 1892 1467 admirabiles
1921 1430 1935 1467 :
1969 1414 2073 1468 sed

482 1505 545 1552 et
577 1497 635 1554 in
665 1498 774 1553 illis
795 1499 1061 1569 paulatim
1084 1501 1336 1556 obscuris
1359 1503 1515 1572 quasi
1541 1503 1757 1559 umbris
1779 1503 2077 1571 delineata,

485 1605 645 1644 suam
674 1591 907 1661 gloriam
934 1592 1157 1663 vimque
1195 1593 1669 1649 submonstrabat.
1699 1594 1835 1649 Nam
1873 1604 1928 1649 et
1961 1611 2081 1650 ma-

485 1697 631 1751 gnus
659 1682 937 1752 quondam
971 1684 1149 1739 Moses
1185 1685 1443 1740 manibus
1477 1686 1532 1739 in
1570 1685 1770 1740 cadum
1812 1686 1993 1742 crucis
2019 1685 2084 1741 fi-

485 1788 625 1844 gura
655 1775 920 1841 extensis,
952 1775 1271 1831 Amalccum
1304 1773 1512 1847 fugavit
1547 1792 1611 1831 ac
1643 1776 1790 1831 fudit
1810 1777 1878 1833 ".

560 1951 709 2009 Crux
728 1961 1010 2006 armatura
1029 1950 1364 2008 Christianis
1383 1950 1642 2006 omnibus
1659 1951 2081 2008 invulnerabilis

488 2059 556 2100 ac
583 2044 1047 2115 inexpugnabilis.
1089 2043 1280 2101 Murus
1307 2058 1516 2108 sucus,
1551 2045 1770 2099 cunctis
1801 2044 2083 2100 latronum

487 2137 797 2193 insultibus
827 2136 1240 2207 insuperabilis.
1275 2135 1471 2192 Turris
1510 2135 1912 2197 fortitudinisa
1940 2136 2083 2193 facie

488 2229 865 2289 inimicorum.
896 2229 1254 2300 Signaculum
1280 2230 1493 2298 regium
1523 2229 1846 2284 inviolabile
1876 2245 1943 2284 ac
1993 2228 2084 2284 in-

486 2323 852 2380 adulterabile
873 2323 1058 2378 :locus
1083 2321 1332 2376 munitus
1354 2337 1421 2377 ac
1445 2331 1599 2378 tutus
1621 2323 1688 2377 ad
1713 2323 1970 2387 salutem,
1996 2322 2086 2377 bis

491 2414 591 2486 qui
625 2418 1074 2486 persecutionem
1139 2416 1428 2487 patiuntur
1457 2434 1472 2470 :
1508 2416 1707 2472 domus
1747 2415 1968 2486 refugii,
1999 2415 2086 2470 his

489 2507 588 2579 qui
621 2524 651 2562 a
683 2522 915 2578 peccato
945 2507 1345 2580 impugnantur
1371 2527 1385 2562 :
1415 2509 1543 2564 vitae
1570 2509 1962 2579 pbarmacum,
1999 2509 2088 2566 bis

488 2615 730 2673 quorum
763 2600 875 2656 vita
904 2599 960 2654 in
993 2601 1246 2672 periculo
1272 2611 1527 2657 versatur
1552 2603 1621 2657 ³⁷.

559 2691 760 2750 Crucis
795 2693 1016 2765 signum
1046 2694 1225 2750 Moses
1254 2693 1579 2766 efﬁngebat,
1617 2711 1741 2751 eum
1779 2695 1833 2750 in
1865 2696 2088 2752 deserto

492 2785 629 2841 olim
663 2801 694 2841 e
724 2797 882 2841 recto
908 2786 1058 2858 ligno
1084 2786 1238 2842 velut
1272 2788 1438 2853 malo,
1461 2801 1774 2857 serpentem
1810 2801 2088 2844 transver-

491 2894 616 2935 sum
637 2890 978 2951 exponeret:
1012 2896 1078 2937 ac
1099 2877 1146 2937 si
1168 2881 1315 2951 quod
1338 2880 1660 2936 letliiferum
1681 2881 1838 2937 virus
1859 2897 2087 2952 serpens

491 2986 680 3027 morsu
701 2970 1040 3038 immisisset,
1072 2988 1141 3029 eo
1171 2971 1356 3038 laesus,
1383 2973 1441 3027 in
1470 2987 1591 3027 eam
1620 2975 1808 3028 statim
1832 2972 1999 3045 pilam
2023 2989 2089 3030 ac

492 3062 849 3120 simulacrum
881 3064 1130 3134 aspicere
1156 3063 1475 3134 jubebatur.
1507 3063 1630 3120 Mox
1662 3065 1830 3138 igitur
1855 3081 1921 3122 ac
1945 3081 2079 3136 per-

491 3169 696 3213 cassus
719 3155 905 3210 crucis
932 3157 1093 3229 signo
1116 3156 1419 3213 adhibebat
1440 3158 1688 3223 oculum,
1717 3159 1886 3215 etiam
1914 3173 2087 3214 vene-

2179 585 2276 638 καὶ
2297 585 2394 656 τὴν
2423 586 2563 657 πρὸς
2602 584 2836 655 οὐρανὸν
2864 583 3072 650 ἄνοδον,
3099 584 3303 640 ἄϐατον
3333 579 3520 650 οὖσαν,
3574 583 3764 655 είργά-

2181 694 2311 731 σατο
2339 680 2454 742 τοῖς
2490 677 2839 748 βουλομένοις
2865 676 3060 748 βατήν.

2251 771 2493 842 Σταυρὺς
2523 771 2627 840 τῆς
2653 770 2949 841 καθολικῆς
2986 768 3316 840 Ἐκκλησίας
3341 770 3370 822 ό
3399 768 3771 840 λαμπρυσμός

2177 880 2240 918 τε
2267 864 2364 918 καὶ
2408 862 2697 934 στολισμός
2715 882 2730 896 ⁸
2759 863 2868 917 τῶν
2918 862 3234 918 ἀποστόλων
3274 864 3304 916 ό
3333 861 3722 930 καλλωπισμὸς
3747 878 3764 896 ·

2177 956 2288 1011 τῶν
2317 957 2511 1030 ἱερέων
2542 956 2571 1010 ὁ
2604 957 2879 1027 ἁγιασμὸς
2900 972 2916 986 ⁸
2941 955 3053 1010 τῶν
3081 954 3377 1026 μαρτύρων
3399 958 3426 1009 ό
3448 955 3773 1025 ἅγλαῖσμδς,

2180 1047 2279 1104 καὶ
2305 1050 2339 1120 ἡ
2372 1047 2510 1120 πρὸς
2557 1048 2682 1111 τοὺς
2731 1047 3006 1119 πονηροὺς
3029 1044 3312 1108 ἀνένδοτος
3341 1045 3588 1117 ὐπομονή
3614 1058 3628 1075 ⁸
3663 1044 3775 1098 τῶν

2179 1139 2342 1195 ὁσίων
2365 1142 2392 1194 ὀ
2415 1139 2740 1210 στηριγμδς,
2768 1139 2862 1193 καὶ
2893 1138 3113 1194 πάντων
3131 1137 3240 1192 τῶν
3270 1138 3496 1192 δικαίων
3516 1140 3550 1209 ἡ
3583 1139 3770 1200 πίστις

2180 1233 2276 1286 καὶ
2309 1233 2542 1304 ήὲλπὶς,
2577 1234 2674 1286 καὶ
2712 1234 2932 1287 πάντων
2967 1232 3140 1300 ἁγίων
3183 1233 3329 1304 χαρὰ
3378 1233 3474 1286 καὶ
3500 1232 3767 1301 στέφανος

2182 1324 2526 1393 καυχήσεως.
2560 1323 2695 1375 Οὐδὲ
2725 1325 2753 1375 ὁ
2782 1323 2947 1393 νόμος
2976 1323 3206 1393 ἄμοιρος
3235 1323 3335 1391 τῆς
3359 1321 3645 1392 δυνάμεως
3674 1322 3770 1377 τοῦ

2183 1413 2422 1485 σταυροῦ
2441 1429 2454 1443 ⁸
2489 1413 2611 1467 οὐδὲ
2635 1416 2685 1466 οἱ
2709 1413 2814 1483 πρὸ
2837 1415 2937 1483 τῆς
2958 1412 3181 1484 χάριτος
3208 1415 3352 1482 ἆγιοι
3377 1413 3572 1466 τούτου
3603 1414 3776 1484 χωρὶς

2183 1506 2528 1578 θαυμαστοί·
2576 1506 2714 1560 ἀλλὰ
2764 1506 2859 1558 καὶ
2896 1508 2953 1559 ὲν
2993 1505 3227 1570 ἐκείνοις
3277 1508 3464 1578 ἡρέμα
3501 1523 3774 1576 σκιαγρα-

2184 1598 2474 1668 φούμενος,
2506 1596 2606 1668 τὴν
2641 1598 2776 1651 ἰδίαν
2799 1597 2959 1661 δόξαν
3005 1597 3272 1666 ὑπέφαινε
3289 1598 3384 1651 καὶ
3414 1597 3592 1666 ίσίύν.
3612 1598 3769 1650 Ἐπεὶ

2185 1690 2279 1742 καὶ
2307 1688 2514 1758 Μωσῆς
2555 1691 2583 1741 ό
2617 1688 2790 1758 μέγας
2847 1687 2980 1740 ποτὲ
3021 1686 3387 1760 σταυροειδῶς
3442 1689 3543 1750 τὰς
3590 1689 3777 1758 χεῖρας

2187 1779 2324 1851 πρὸς
2358 1779 2585 1852 οὐρανὸν
2629 1779 3006 1848 ἐκτεινόμενος
3094 1779 3188 1832 τὸν
3222 1779 3473 1850 Ἀμαλὴκ
3524 1777 3776 1852 ὲτροπώ-

2117 1859 2164 1918 Β
2197 1891 2347 1927 σατο.

2257 1965 2518 2036 Σταυρὸς,
2552 1965 2716 2019 ὅπλον
2749 1965 3098 2036 Χριστιανοῖς
3129 1966 3296 2017 πᾶσιν
3344 1961 3653 2033 ἄθραυστον
3681 1958 3780 2016 καὶ

2184 2056 2542 2127 ἀπρόσμαχον
2563 2070 2577 2084 ⁸
2608 2057 2786 2126 τεῖχος
2808 2055 3064 2127 χαλκοῦν,
3091 2053 3292 2116 πάσαις
3319 2053 3531 2122 ἐφόδοις
3562 2052 3782 2124 λῃστρι-

2184 2151 2308 2211 καῖς
2364 2146 2693 2201 ἀνεπίϐατον
2720 2163 2735 2178 ⁸
2797 2148 3009 2218 πύργος
3073 2143 3256 2217 ἰσχύος
3318 2145 3426 2198 ἀπὸ
3485 2145 3779 2214 προσώπου

2183 2240 2413 2311 ἐχθρῶν.
2457 2239 2716 2312 Βασιλικὴ
2747 2239 2983 2310 σφραγὶς
3012 2239 3415 2310 ἀπαράτρωτος
3438 2239 3530 2291 καὶ
3555 2241 3778 2309 ἀπαρα-

2186 2333 2408 2404 ποίητος
2430 2346 2445 2360 ⁸
2478 2335 2645 2395 τόπος
2681 2330 2880 2402 ὀχυρὸς
2916 2334 3029 2394 τοῖς
3062 2330 3421 2401 διωκομένοις
3473 2332 3555 2392 είς
3601 2347 3782 2401 σωτη-

2189 2424 2341 2495 ρίαν
2378 2421 2524 2488 οἶκος
2556 2425 2903 2494 καταφυγῆς,
2936 2425 3050 2488 τοῖς
3079 2422 3141 2489 ἑξ
3185 2422 3462 2494 ἁμαρτίας
3507 2422 3769 2494 πολεμου-

2189 2518 2407 2588 μὲνοις’
2447 2518 2597 2586 ζωῆς
2649 2517 2965 2588 φάρμακον,
3008 2518 3127 2582 τοῖς
3179 2517 3261 2582 είς
3299 2515 3536 2572 θάνατον
3588 2517 3782 2573 κινδυ-

2186 2608 2456 2665 νεύουσιν.

2260 2701 2500 2771 Σταυρὸν
2555 2701 2759 2756 ὲτύπου
2818 2700 3047 2772 Μωσῆς,
3099 2698 3270 2773 ὀρθίῳ
3325 2699 3468 2769 ξύλῳ
3525 2701 3783 2775 καθάπερ

2189 2793 2323 2866 ίστῷ
2349 2793 2586 2865 χαλκοῦν
2613 2795 2738 2864 ὅφιν
2767 2794 3061 2863 ὲγκὰρσιον
3081 2793 3176 2846 ἐπὶ
3196 2793 3298 2862 τῆς
3325 2793 3535 2863 ἐρήμου
3568 2793 3631 2848 τὸ
3655 2795 3785 2866 πρὶν

2187 2884 2529 2948 ἐκδεδωκώς·
2566 2884 2662 2939 καὶ
2693 2886 2748 2939 εῐ
2774 2903 2828 2938 τι
2877 2883 3255 2955 θανατηφόρον
3310 2884 3387 2937 ἰὸν
3426 2884 3552 2954 ὄφις
3615 2887 3787 2941 ἐναπ-

2193 2975 2370 3046 ήμεσε
2418 2972 2621 3040 δακὼν,
2645 2976 2830 3046 ἐκείνῃ
2880 2974 3248 3046 προσϐλέπειν
3294 2975 3458 3038 εὐθὺς
3491 2978 3558 3048 τῇ
3611 2977 3785 3049 στήλῃ

2188 3066 2563 3138 παρήγγελτο.
2601 3068 2758 3138 Ἅμα
2812 3066 2992 3119 τοίνυν
3038 3065 3120 3136 τῷ
3172 3065 3330 3141 τύπῳ
3385 3065 3482 3121 τοῦ
3545 3067 3786 3138 σταυροῦ

2190 3161 2471 3230 προσεῖχε,
2499 3159 2597 3213 καὶ
2634 3159 2697 3212 τὸ
2730 3158 2936 3212 ἰοϐόλον
2983 3157 3296 3228 ὴμδλύνετο
3339 3159 3546 3231 δῆγμα,
3577 3160 3675 3214 καὶ
3723 3159 3787 3213 τὺ

493 3246 611 3304 nati
638 3247 722 3304 vis
761 3264 980 3328 morsus
1002 3248 1433 3322 elangueseebat
1462 3292 1477 3317 ,
1521 3264 1777 3321 noxaque
1802 3250 2089 3308 interitum

2193 3249 2544 3320 ὀλεθροτόκον
2594 3248 2782 3303 ἐλύετο
2814 3249 2978 3318 πῆμα
3001 3265 3018 3281 ⁸
3052 3249 3149 3304 καὶ
3181 3249 3414 3319 ἄμισθον
3444 3249 3646 3305 αὐτίκα
3686 3251 3785 3322 τήν

489 3341 736 3398 aﬂerens
763 3337 1102 3410 fac’essebat;
1129 3359 1194 3400 ac
1213 3342 1508 3400 confestim
1530 3343 1626 3414 qui
1651 3359 1868 3399 morsus
1887 3344 2090 3408 fuerat,

495 3435 752 3492 sanitatis
791 3435 1101 3491 remedium
1142 3435 1290 3492 ultro
1341 3451 1665 3494 concessum
1704 3437 2000 3494 referebat.
2034 3436 2092 3493 Si

496 3537 683 3584 autem
748 3530 931 3584 crucis
981 3528 1154 3601 ﬁgura
1219 3529 1495 3585 vivificam
1539 3528 1676 3586 adeo
1713 3531 2092 3601 operationem

498 3621 815 3690 praebebat,
845 3622 1021 3679 multo
1064 3622 1238 3695 magis
1267 3639 1405 3677 crux
1436 3623 1577 3694 ipsa.
1605 3621 1662 3677 Si
1691 3621 1916 3692 quidem
1943 3620 2094 3676 enim

498 3710 652 3768 Petri
695 3712 892 3767 umbra
929 3712 1181 3769 infirmos
1213 3713 1445 3769 sanabat
1488 3713 1590 3785 (uti
1622 3728 1780 3768 sacro
1815 3711 2095 3783 proditum

500 3804 724 3874 eloquio
745 3821 809 3860 ac
829 3805 1104 3860 creditum
1125 3806 1255 3877 est),
1270 3807 1430 3877 longe
1456 3806 1642 3876 potius
1667 3805 1782 3874 ipse
1806 3805 2004 3860 Petrus
2026 3805 2094 3876 ⁸9.

571 3892 725 3951 Crux
775 3895 1072 3949 sacerdotii
1127 3895 1540 3950 consummatio
1592 3909 1658 3950 ac
1710 3893 2095 3966 signaculum,

504 3987 722 4058 imperii
755 3988 924 4042 robur
958 4003 1022 4043 ac
1053 3987 1494 4053 fundamentum,
1527 3996 1772 4060 potestas
1809 3988 2098 4059 magistra-

504 4088 685 4146 tuum,
712 4089 992 4136 armatura
1017 4079 1245 4142 ducum,
1281 4082 1510 4137 victoria
1546 4083 1784 4140 militum
1824 4066 1889 4140 ac
1918 4084 2098 4139 vieto-

505 4171 604 4227 τίω
628 4178 916 4242 ιτοραιυῑη,
968 4181 1086 4227 tuta
1109 4173 1260 4228 salus
1286 4189 1388 4244 pro
1413 4174 1648 4246 imperio
1669 4176 2098 4243 dominantium,

506 4267 858 4324 subditorum
897 4269 1226 4339 compositio
1260 4284 1325 4324 ac
1358 4273 1691 4326 constantia.
1725 4271 1875 4328 Crux
1909 4272 2101 4327 crudi-

510 4369 692 4415 torum
739 4360 1045 4430 sapientia,
1081 4359 1464 4431 insipientium
1503 4361 1822 4432 disciplina,
1865 4363 2099 4418 divitum

506 4451 894 4507 fulcimentum
930 4466 996 4506 ac
1028 4451 1462 4518 ﬁrmamentum,
1504 4468 1810 4524 pauperum
1850 4453 2102 4528 gloriatio

506 4552 566 4598 et
593 4543 875 4608 solatium,
915 4559 1108 4598 eorum
1137 4542 1232 4614 qui
1259 4551 1555 4598 versantur
1583 4543 1640 4597 in
1667 4559 1935 4610 aerumna,
1965 4560 2101 4615 gau-

2195 3343 2342 3398 ῐασιν
2368 3341 2397 3392 ὁ
2426 3340 2644 3412 δηχθεὶς
2677 3338 2987 3410 ἐκομίζετο.
3019 3340 3082 3393 Ei
3134 3339 3188 3393 δὲ
3235 3344 3262 3393 ὁ
3289 3339 3386 3394 τοῦ
3420 3343 3657 3409 σταυροῦ
3687 3341 3778 3393 τύ-

2195 3451 2297 3498 πος
2329 3431 2594 3499 ζωοποιὸν
2615 3431 2759 3486 οὕτω
2789 3433 3056 3502 παρεῖχεν
3102 3431 3407 3502 ἐνέργειαν,
3439 3433 3624 3504 πολλῷ
3651 3433 3782 3505 μᾶλ-

2191 3525 2285 3582 λον
2313 3528 2340 3581 ό
2370 3526 2602 3596 σταυρὸς
2630 3525 2792 3589 αύτός
2815 3540 2832 3556 ⁸
2859 3527 2909 3578 εἰ
2939 3524 3047 3594 γὰρ
3077 3526 3110 3596 ή
3145 3526 3275 3578 σκιὰ
3299 3526 3396 3579 τοῦ
3425 3527 3636 3598 Πέτρου
3663 3525 3787 3589 τοὺς

2196 3618 2557 3682 ἀσθενοῦντας
2618 3616 2805 3671 ίᾶσθαι
2862 3617 2959 3671 καὶ
3019 3616 3450 3688 μεμαρτύρηται
3495 3619 3588 3672 καὶ
3618 3616 3787 3672 πεπί-

2199 3727 2444 3776 στευται,
2478 3710 2614 3763 πολὺ
2653 3707 2871 3779 πρῶτον
2897 3709 2925 3761 ὁ
2961 3708 3164 3780 Πέτρος
3195 3711 3380 3788 αὐτὸς.

2268 3895 2516 3966 Σταυρός
2544 3893 2646 3964 τῆς
2685 3893 2989 3964 ἱερωσύνης
3023 3893 3056 3964 ή
3085 3891 3367 3956 τελείωσις
3394 3892 3489 3945 καὶ
3519 3892 3793 3964 σφραγίς·

2198 3987 2295 4057 τῆς
2332 3985 2604 4056 βασιλείας
2645 3986 2679 4057 ή
2713 3985 3050 4056 κραταίωσις
3078 3983 3175 4038 καλ⁵
3208 3985 3415 4056 κρηπίς
3439 4001 3456 4017 ⁸
3492 3986 3527 4057 ή
3557 3984 3795 4057 δύναμις

2198 4076 2308 4130 τῶν
2335 4074 2637 4138 δυναστῶν.
2694 4075 2729 4144 ἡ
2757 4070 3033 4128 πανοπλία
3058 4071 3171 4127 τῶν
3199 4072 3546 4144 στρατηγῶν,
3595 4075 3630 4142 ή
3666 4073 3791 4144 νίκη

2200 4161 2308 4213 τῶν
2344 4160 2691 4232 στρατιωτῶν
2742 4159 2838 4216 καὶ
2879 4160 2980 4232 τῆς
3031 4160 3192 4231 νίκης
3228 4161 3288 4214 τὸ
3330 4161 3631 4231 τρόπαιον·
3682 4162 3792 4215 τῶν

2203 4253 2539 4325 ἁρχόντωνή
2572 4252 2842 4322 ἀσφάλεια
2880 4251 2981 4322 τῆς
3007 4252 3205 4323 ἀρχῆς,
3257 4251 3368 4306 τῶν
3401 4253 3727 4324 ἀρχομένων
3752 4256 3787 4325 ἡ

2203 4344 2424 4411 εὐταξία
2455 4362 2514 4398 τε
2547 4344 2646 4399 καὶ
2689 4344 3004 4398 εὐπάθεια.
3068 4341 3310 4415 Σταυρδς
3355 4344 3466 4398 τῶν
3495 4345 3792 4400 πεπαιδευο

2217 4436 2394 4507 μένων
2415 4441 2449 4508 ὴ
2483 4436 2665 4507 σοφία,
2697 4435 2806 4490 τῶν
2831 4437 3055 4505 ἀσόφων
3086 4436 3120 4505 ἡ
3154 4435 3459 4499 παίδευσις,
3488 4431 3599 4489 τῶν
3626 4435 3794 4492 πλου-

2206 4529 2340 4583 σίων
2371 4529 2606 4600 ἔρεισμα
2628 4528 2725 4583 καὶ
2755 4527 3101 4598 κραταίωμα,
3122 4526 3232 4581 τῶν
3256 4529 3509 4598 πενήτων
3527 4527 3795 4599 καύχημά

509 4630 666 4687 dium
687 4640 743 4688 et
759 4631 1077 4700 exsultatio,
1116 4644 1312 4688 eorum
1342 4634 1434 4703 qui
1462 4633 1670 4687 morbis
1690 4633 2089 4701 conflictantur,

2204 4638 2264 4675 τε
2318 4621 2413 4675 καὶ
2452 4621 2851 4692 παρηγόρημα,
2882 4617 2992 4672 τῶν
3052 4621 3111 4672 ἐν
3173 4618 3419 4689 θλίψεσιν
3469 4619 3795 4691 χαρμοσύνη

510 4726 722 4780 sanitas
747 4736 803 4781 et
839 4725 1230 4795 refrigerium,
1277 4741 1470 4780 eorum
1499 4725 1594 4795 qui
1634 4726 1687 4779 in
1727 4728 1944 4781 cunctis
1976 4729 2104 4782 vita:

513 4819 675 4874 malis
728 4827 931 4890 agunt,
986 4815 1281 4872 aedificatio
1331 4815 1751 4886 exhortatioque
1803 4825 1862 4872 et
1910 4832 2105 4872 conse-

511 4911 667 4968 latio.

584 5003 733 5059 Crux
760 5003 1008 5058 omnium
1061 5013 1379 5058 sanctorum
1417 5003 1735 5072 angelorum
1770 5000 2024 5072 gloriatio
2044 5009 2102 5056 et

511 5109 754 5160 corona,
798 5093 1111 5148 dmmonum
1149 5094 1402 5148 omnium
1449 5096 1604 5166 plaga
1645 5111 1710 5150 ac
1739 5095 2056 5159 ,eonfraetio
2083 5136 2097 5162 ,

511 5183 827 5240 Judmornm
857 5184 1089 5239 oﬂ‘ensio
1107 5194 1164 5240 et
1184 5185 1407 5241 afflictio
1427 5231 1440 5253 ,
1475 5187 1776 5243 infidelium
1798 5188 2100 5243 eonfutatio

509 5287 568 5333 et
590 5276 1008 5342 condemnatio,
1038 5276 1280 5332 fidelium
1308 5279 1656 5334 conservatio
1679 5289 1735 5334 et
1757 5279 2101 5351 iustificatio,

508 5367 834 5425 cadentium
867 5369 1154 5436 excitatio,
1188 5370 1453 5426 elisorum
1481 5371 1689 5427 erectio
1713 5373 1783 5428 ”.

584 5625 735 5683 Crux
753 5636 1139 5685 emortuoer
1159 5627 1292 5690 vita,
1322 5627 1702 5700 depositorum
1727 5645 1874 5700 spes,
1900 5629 2103 5686 virtute

2200 4715 2302 4768 ,καὶ
2329 4712 2648 4781 ἀγαλλίασις
2667 4753 2683 4778 ,
2717 4712 2825 4764 τῶν
2860 4715 2917 4765 ἐν
2946 4713 3249 4783 νοσήμασιν
3285 4713 3427 4774 ἴασις
3457 4713 3554 4766 καὶ
3582 4712 3795 4783 ἀνάψυ-

2209 4807 2317 4872 ξις,
2376 4807 2486 4859 τῶν
2517 4807 2574 4859 ὲν
2603 4809 2771 4858 πᾶσιν
2805 4804 3214 4876 ἐξεταζομένων
3268 4805 3366 4859 τού
3423 4805 3539 4875 βίου
3605 4807 3798 4870 κακοῖς

2205 4896 2464 4966 οἰκοδομὴ
2504 4897 2597 4949 καὶ
2629 4895 2980 4966 παράκλησις
3010 4895 3105 4948 καὶ
3139 4897 3489 4966 παραμυθία.

2274 4989 2513 5060 Σταυρὸς
2563 4987 2675 5041 τῶν
2727 4985 2899 5056 ἁγίων
2946 4987 3194 5055 ἀγγέλων
3242 4988 3466 5041 πάντων
3520 4986 3583 5042 τὸ
3613 4987 3792 5055 ἀγαλ-

2208 5077 2380 5148 λίαμα
2431 5080 2528 5133 καὶ
2585 5078 2925 5147 στεφάνωμα
2950 5115 2966 5141 ,
3021 5078 3134 5132 τῶν
3196 5078 3473 5150 δαιμόνων
3533 5079 3796 5135 ἁπάντων

2209 5172 2466 5243 θραύσμα
2492 5173 2589 5226 καλ⁵
2613 5172 2974 5242 συντριμμδς,
3005 5171 3112 5227 τῶν
3153 5172 3426 5225 Ἰουδαίων
3460 5171 3796 5242 πρόσκομμα

2205 5264 2305 5316 καὶ
2335 5262 2592 5333 θλιμμδς,
2622 5261 2734 5316 τῶν
2773 5263 3023 5316 ἀπίστων
3051 5262 3264 5332 ἓλεγξις
3300 5263 3395 5316 καὶ
3439 5263 3793 5334 κατάκρισις,

2204 5355 2316 5408 τῶν
2343 5354 2556 5408 πιστῶν
2594 5355 2924 5426 συντήρησις
2973 5353 3068 5407 καὶ
3097 5354 3380 5419 δικαίωσις
3402 5352 3440 5423 ,’
3461 5353 3572 5408 τῶν
3619 5371 3798 5409 ιιιιιτιισ⁸

2206 5450 2518 5503 πιπτόντων
2548 5448 2868 5514 ἀνάστασις,
2900 5448 3010 5502 τῶν
3061 5446 3603 5520 καταρῥηγνυμένων
3636 5445 3799 5520 ἀνόρο

2211 5538 2400 5602 θωσις.

2282 5630 2527 5702 Σταυρδς
2554 5628 2668 5702 ζωή
2687 5629 3182 5703 τεθανατωμὲνων,
3206 5629 3366 5696 ἐλπὶς
3394 5630 3504 5685 τῶν
3534 5632 3794 5706 ἀπεγνω-

589 5834 633 5867 ⁸⁸
661 5835 838 5897 Exod.
864 5855 999 5911 xvtt,
1033 5841 1118 5900 ﬂ.
1198 5841 1249 5877 ⁸⁷
1277 5841 1420 5899 Psal.
1449 5857 1534 5910 ιι,
1571 5841 1633 5910 ίς
1670 5842 1811 5898 Psal.
1852 5859 1973 5909 Lxx,
2011 5841 2064 5908 5;

2192 5843 2248 5898 il.
2285 5860 2406 5910 xxx,
2446 5843 2498 5899 3.
2567 5845 2611 5877 ⁸⁸
2647 5841 2768 5899 Act.
2797 5860 2850 5911 ν,
2885 5845 2969 5900 15.
3045 5845 3089 5878 ’³
3120 5844 3259 5900 Psal.
3287 5858 3463 5908 cxuv,
3497 5844 3580 5899 Η.
