4086 6282
285 354 357 424 33
1103 366 1390 430 ORATIO
1426 369 1509 431 ΙΙ.
1536 396 1601 412 -
1623 371 1704 436 IN
1747 375 1870 436 EX!

1974 377 2339 444 PATIONEM
2378 383 2436 445 S.
2475 383 2772 448 CRUCIS.
3509 389 3586 460 34

284 473 542 547 «μένων,
584 477 694 531 τῶν
745 480 1166 551 κατορθούντων
1215 485 1418 556 κλίμαξ
1479 488 1691 558 ὑψούσα
1739 492 1870 566 πρὸς

1980 498 2288 555 viventium
2313 501 2459 557 scala
2483 504 2538 557 in
2563 503 2766 558 coelum
2794 502 3116 571 sublevans,
3138 503 3584 565 discordantium

282 571 536 643 οὐρανὸν,
580 573 692 627 τῶν
740 573 1050 631 διεστώτων
1083 581 1457 648 συναγωγεὺς,
1490 584 1598 636 τῶν
1657 586 1886 657 ὀρθοπο-

278 665 524 720 δούντων
551 666 894 740 εύθυδρομία
941 671 1039 724 καὶ
1066 673 1345 733 συντονία.
1377 674 1488 725 τῶν
1518 674 1884 733 ἐκκλινάντων

278 756 574 826 διόρθωσις
605 759 703 813 καὶ
751 761 1123 834 χειραγωγία,
1153 762 1267 818 τῶν
1300 765 1719 835 μετανοούντων
1747 771 1885 826 ἁνα-

279 850 552 915 καενωσις
580 853 678 906 καὶ
704 855 1016 924 ἀναγωγία.

352 943 618 1015 Σταυρὸς,
674 944 787 1000 τῶν
834 946 974 1002 ὅλων
1013 947 1113 1001 τοῦ
1163 948 1314 1006 Θείου
1357 951 1682 1024 Πνεύματος
1720 973 1883 1027 χαρι-

294 1034 521 1104 σμάτων
550 1035 793 1108 βραϐεὺς
815 1040 911 1094 καὶ
930 1039 1118 1114 δοτὴρ.
1154 1043 1300 1098 Ὅσα
1323 1043 1433 1117 γὰρ
1461 1046 1519 1098 ὲν
1543 1046 1622 1118 τῷ
1657 1048 1883 1122 Χριστῷ

282 1125 521 1195 μένοντα
550 1132 664 1193 τοῖς
689 1128 866 1194 ἀξίοις
911 1132 1353 1207 ὲπιχορηγεῖται,
1380 1137 1469 1193 διὰ
1507 1140 1750 1206 πίστεως
1788 1143 1881 1195 καὶ

277 1219 568 1291 δυνάμεως
603 1222 1025 1296 ἐπιχορηγεῖται
1054 1227 1151 1280 τοῦ
1188 1230 1448 1302 σταυροῦ.
1486 1231 1750 1302 Σταυρὸς,
1781 1233 1882 1303 φό-

276 1311 393 1366 δων
433 1315 793 1387 νυκτερινῶν,
837 1316 1015 1388 βελῶν
1041 1320 1344 1392 ἡμερινῶν,
1373 1322 1470 1376 καὶ⁸
1508 1324 1712 1387 παντὸς
1738 1325 1883 1396 πρα-

275 1420 494 1475 γματος
526 1405 585 1460 tv
621 1407 805 1464 σκότει
832 1408 1306 1482 διαπορευομένου
1329 1454 1346 1480 ,
1388 1413 1486 1469 καὶ
1529 1414 1881 1488 συμπτώμα-

273 1512 372 1557 τος
413 1496 620 1562 παντὸς
656 1500 752 1553 καὶ
795 1501 1078 1572 δαιμονίου
1120 1506 1344 1573 παντὸς,
1380 1505 1443 1559 ού
1497 1508 1878 1580 μεσημϐρινοῦ

277 1589 469 1660 μόνον,
512 1594 629 1655 τοῖς
671 1593 854 1658 καλῶς
898 1595 1064 1649 αὑτὸν
1112 1596 1502 1668 ὡπλισμένοις,
1549 1600 1670 1672 ἦτοι
1713 1618 1879 1674 σεση-

274 1683 617 1752 μειωμένοις
638 1724 656 1751 ,
687 1685 1037 1756 ἀναιρετικός
1070 1687 1129 1740 τέ
1175 1690 1294 1742 ἐστι
1347 1691 1442 1743 καὶ
1477 1691 1874 1763 ἀποτρόπαιος.

351 1773 614 1845 Σταυρὸς,
651 1776 704 1829 τί
726 1776 808 1829 δεῖ
836 1782 1253 1852 μακρηγορείν;
1284 1781 1394 1836 τῶν
1428 1785 1760 1852 ωναγάθων
1782 1786 1876 1840 τοῦ

1986 599 2338 664 conciliatio,
2383 614 2536 657 recto
2574 603 2714 672 pede
2757 601 3138 661 incedentium
3168 613 3354 660 rectus
3382 620 3584 662 cursus

1985 705 2051 746 ac
2078 691 2364 748 contentio
2384 731 2402 758 ,
2429 692 2830 749 declinantium
2856 694 3176 753 emendatio
3193 705 3252 752 et
3276 695 3586 754 manuduc-

1986 783 2094 852 tio,
2129 785 2520 857 paenitentiam
2545 787 2834 844 renovatio
2863 797 2922 844 et
2946 788 3255 845 subvectio.

2055 968 2205 1026 Crux
2228 969 2478 1026 omnium
2509 970 2684 1026 divini
2706 970 2946 1044 Spiritus
2974 972 3251 1030 donorum
3279 974 3489 1031 arbitra
3513 990 3582 1033 ac

1984 1056 2187 1114 datrix.
2211 1058 2566 1132 Quaecunque
2588 1062 2736 1117 enim
2761 1064 2817 1116 in
2839 1062 3065 1118 Christo
3088 1066 3369 1121 manentia
3393 1065 3582 1138 dignis

1985 1149 2514 1216 subministrantur,
2565 1169 2666 1223 per
2709 1156 2898 1209 crucis
2943 1154 3106 1210 [idem
3154 1171 3221 1211 ac
3274 1158 3581 1227 potentiam

1982 1241 2502 1298 subministrantur.
2543 1243 2742 1300 Crucis
2768 1259 2832 1300 ea
2862 1246 2963 1309 vis,
2999 1255 3061 1299 ut
3083 1245 3152 1300 iis
3177 1245 3277 1318 qui
3309 1261 3375 1302 ca
3405 1248 3580 1318 probe

1981 1335 2179 1389 armati
2209 1345 2342 1391 sunt
2367 1351 2465 1390 seu
2489 1337 2820 1407 consignati,
2852 1337 3085 1392 timores
3109 1347 3438 1402 nocturnos.
3464 1339 3580 1396 diei

1980 1427 2230 1498 sagittas,
2268 1442 2496 1498 remque
2523 1444 2744 1483 omnem
2788 1428 2844 1482 in
2886 1429 3134 1485 tenebris
3172 1430 3579 1496 ambulantem,

1983 1530 2050 1570 ac
2081 1530 2273 1570 casum
2329 1531 2550 1571 onmem
2574 1556 2590 1582 ,
2639 1531 2917 1587 omneque
2975 1517 3308 1574 daemonium
3337 1519 3581 1590 (nedum

1980 1606 2379 1680 meridianum)
2405 1609 2694 1664 interimat
2721 1608 3094 1681 proﬂigetque
3116 1611 3184 1666 ³⁸.

2051 1786 2200 1843 Crux
2237 1787 2406 1858 (quid
2433 1787 2603 1843 refert
2633 1789 2906 1858 prolixius
2939 1789 3200 1861 dicere?)
3234 1790 3578 1862 optimorum

269 1864 415 1954 Θεού
441 1867 698 1938 ,δωρεῶν,
734 1864 811 1924 ὧν
849 1871 910 1938 ἐξ
955 1851 1153 1937 αίῶνος
1195 1873 1506 1948 ἀνθρώποις
1536 1878 1870 1950 ἐδωρήσατο,

1979 1877 2076 1933 Dei
2103 1851 2401 1944 donorum,
2420 1894 2541 1949 qua:
2559 1894 2591 1933 a
2611 1851 2817 1935 sarculo
2834 1881 3162 1937 mortalibus
3181 1851 3447 1954 elargitus
3469 1893 3580 1947 est.

267 1953 338 2007 τὸ
376 1953 858 2027 θεοπρεπέστατον
905 1962 1000 2013 καὶ
1029 1962 1391 2018 τελειότατον.
1438 1958 1608 2030 Οὗτος
1647 1965 1740 2018 τὸν
1769 1965 1880 2018 ὄλι-

269 2047 406 2101 σοον
429 2048 526 2103 τοῦ
557 2052 902 2122 προπάτορος
933 2052 1327 2120 ἀνεκαλέσατο,
1370 2055 1467 2110 καὶ
1502 2057 1606 2128 τὴν
1636 2057 1876 2130 ἀρχαίαν

269 2141 572 2213 ύπήνοιξεν
610 2143 706 2196 τοῦ
754 2145 1093 2215 παραδείσου
1141 2151 1378 2221 τρυφήν.
1431 2142 1603 2214 Οὗτος
1643 2151 1744 2223 τὴν
1785 2152 1878 2206 διὰ

265 2234 365 2288 τοῦ
418 2234 581 2299 ξύλου
614 2236 895 2308 κατάραν,
937 2239 1018 2302 είς
1063 2239 1343 2311 εὐλογίαψ
1378 2241 1480 2313 τὴν
1521 2242 1754 2316 φθορὰν,
1792 2245 1874 2310 εἰς

268 2327 620 2400 ἀφθαρσίαν
665 2330 766 2402 τὴν
812 2332 1066 2402 πικρίαν,
1121 2336 1202 2399 είς
1248 2334 1608 2406 γλυκύτητα’
1644 2338 1738 2391 καὶ
1768 2337 1872 2409 τὴν

277 2421 600 2491 ὑπερορίαν,
668 2423 750 2488 είς
797 2423 1079 2493 βασιλείαν
1115 2441 1130 2457 °
1182 2427 1280 2481 καὶ
1329 2427 1424 2482 τὸν
1473 2427 1707 2484 θάνατον
1740 2446 1875 2500 μετ-

274 2514 580 2567 εσκεύασεν
631 2516 708 2578 είς
749 2515 922 2589 ζωήν.
954 2510 1146 2584 Οὗτος,
1178 2517 1241 2571 οὐ
1272 2519 1435 2591 μόνον
1470 2520 1612 2594 πρὸς
1642 2522 1734 2576 τὸν
1757 2521 1872 2576 ἂνω

271 2605 607 2676 παράδεισον
638 2606 847 2668 εἴσοδος
880 2609 977 2663 καὶ
1010 2611 1379 2681 εἰσαγωγεὺς,
1410 2611 1550 2668 ἀλλὰ
1586 2614 1683 2667 καὶ
1721 2613 1871 2685 ζωῆς

265 2698 438 2764 ὅντως
483 2699 668 2768 ξύλον,
715 2702 904 2775 ὥσπερ
954 2703 1034 2776 τῷ
1068 2703 1242 2777 λῃστῇ
1286 2705 1578 2779 πρότερον,
1605 2707 1751 2761 οὕτω
1778 2708 1870 2762 καὶ

262 2793 401 2845 πᾶσι
457 2792 789 2848 καθίσταται
842 2795 1104 2868 τοϊςετὴν
1153 2797 1341 2851 πίστιν
1397 2796 1612 2853 ἐκείνου
1662 2816 1868 2872 μιμου-

263 2884 480 2954 μένοις.
1457 2941 1462 2950 ,

336 2976 546 3032 Τοῦτον
569 2978 598 3031 ό
636 2978 816 3049 μέγας
856 2980 1067 3054 Πέτρος
1099 2981 1323 3054 κρατῶν
1357 2985 1423 3056 τῇ
1454 2984 1621 3056 χειρὶ,
1665 2984 1760 3039 καὶ
1790 2986 1869 3050 ὡς

261 3069 450 3141 ῥάϐδῳ
489 3074 828 3143 ποιμαντικῇ
883 3072 1064 3144 τούτῳ
1107 3077 1573 3147 σκηριπτόμενος,
1621 3076 1862 3131 ἀπεϐου-

259 3161 465 3232 κόλησε
513 3161 618 3233 μὲν
671 3163 771 3230 τῆς
811 3163 1146 3237 Ἐκκλησίας
1176 3165 1254 3230 ὡς
1303 3164 1596 3222 ὲπιόουλον
1638 3167 1862 3238 Σίμωνα

261 3252 354 3305 τὸν
388 3253 610 3323 Μάγον,
653 3254 749 3308 καὶ
796 3257 924 3321 τοὺς
971 3254 1174 3322 λύκους
1224 3256 1481 3330 ἑξέτριψε
1524 3259 1627 3330 τῆς
1695 3259 1864 3332 Ἀρα-
1890 3252 1910 3276 “

265 3343 414 3408 δίας·
443 3347 502 3398 ἒν
535 3346 683 3418 αὐτῷ
724 3345 781 3401 δὲ
815 3348 886 3403 τὰ
929 3348 1187 3420 πρόϐατα
1229 3349 1532 3422 προθύμως
1561 3350 1860 3422 ἑποίμανεν

271 3438 369 3489 καὶ
393 3437 674 3506 ποιμαίνει
699 3439 964 3510 Χριστοῦ.
1003 3439 1314 3512 Anti-opas,
1354 3443 1526 3516 φησιν
1585 3446 1614 3498 ό
1661 3443 1863 3498 θεσπὲ⁸

280 3543 397 3590 σιος
427 3528 710 3600 Ζαχαρίας,
738 3534 856 3601 τὴν
893 3533 1127 3604 ῥάϐδον
1179 3552 1302 3607 μου
1354 3537 1471 3606 τὴν
1497 3537 1699 3600 καλὴν
1741 3537 1854 3610 (τὸν

286 3622 515 3689 σταυρὸν
538 3621 858 3694 ἐμοὶδοκεῖν
885 3626 1089 3699 λέγων)
1113 3668 1129 3694 ,
1156 3626 1257 3682 καί
1278 3627 1442 3697 ῥίψω
1461 3626 1670 3698 ,αὐτὴν
1689 3627 1868 3681 ἐναν-

279 3714 404 3767 τίον
442 3711 557 3768 τῶν
583 3715 845 3786 ἐχθρῶν,
878 3718 982 3774 καί
1010 3717 1283 3791 atomum?)
1319 3722 1394 3777 τὰ
1422 3719 1692 3790 πρόϐατά
1725 3737 1871 3790 μου,

1980 1973 2434 2043 augustissimum
2466 1972 3072 2044 perfectissimumque.
3109 1974 3241 2030 Haec
3275 1975 3440 2045 primi
3477 1991 3580 2047 pa-

1979 2064 2156 2119 rentis
2187 2064 2405 2119 ruinam
2455 2065 2792 2122 instauravit
2823 2081 2887 2120 ac
2929 2064 3169 2136 paradisi
3196 2065 3455 2136 antiquas
3479 2066 3583 2122 dc-

1977 2152 2134 2209 licias
2195 2155 2540 2226 subaperuit.
2607 2155 2735 2212 llaec
2803 2155 3076 2211 invectam
3129 2171 3160 2211 a
3205 2156 3356 2228 ligno
3403 2158 3582 2213 male-

1976 2245 2280 2302 dictionem
2344 2247 2401 2304 in
2472 2248 2922 2304 benedictionem
2952 2289 2970 2316 ,
3034 2250 3451 2320 corruptionem
3518 2250 3580 2307 in

1975 2335 2452 2407 incorruptionem
2492 2378 2508 2406 ,
2563 2338 2994 2394 amaritudinem
3050 2338 3117 2394 in
3171 2339 3523 2396 dulcedinem
3555 2379 3578 2408 ,

1974 2427 2316 2498 exiliumque
2354 2429 2408 2484 in
2445 2445 2675 2500 regnum
2699 2472 2715 2496 ,
2752 2445 2819 2486 ac
2859 2438 3096 2486 mortem
3129 2430 3184 2486 in
3214 2431 3384 2488 vitam
3423 2449 3580 2490 com-

1973 2520 2230 2575 mutavit.
2263 2517 2390 2575 llaec
2442 2521 2644 2576 nedum
2686 2520 2968 2592 ingressus
2994 2538 3061 2577 ac
3097 2522 3360 2579 admissio
3387 2533 3476 2579 ost
3502 2523 3574 2580 ad

1971 2626 2279 2683 supernum
2330 2613 2685 2682 paradisum,
2725 2613 2821 2668 sed
2858 2622 2919 2668 et
2962 2614 3125 2684 plane
3164 2614 3374 2686 lignum
3419 2616 3570 2684 vitaz,

1973 2705 2055 2759 uti
2093 2705 2252 2775 prius
2282 2705 2515 2772 latroni,
2548 2707 2631 2762 sic
2665 2714 2724 2762 et
2755 2706 3097 2779 cunctis'qui
3125 2710 3248 2782 ejus
3279 2709 3574 2767 imitantur

1979 2797 2148 2854 ﬁdem
2178 2797 2247 2851 ⁸¹.

2045 2979 2197 3036 lianc
2246 2994 2481 3051 magnus
2521 2979 2614 3035 ille
2658 2979 2862 3035 Petrus
2903 2994 3071 3034 manu
3112 2986 3328 3046 tenens,
3366 2979 3571 3052 illaque

1969 3076 2230 3140 tanquam
2267 3069 2420 3141 virga
2453 3069 2718 3140 pastorali
2756 3069 2955 3135 nixus,
3000 3068 3284 3126 Simonem
3323 3085 3568 3143 magum,

1969 3162 2125 3217 velut
2148 3161 2243 3232 qui
2292 3162 2550 3218 Ecclesiae
2594 3161 2991 3228 insidiaretur,
3031 3162 3248 3235 abegit,
3296 3163 3570 3236 luposque

1970 3251 2186 3308 Arabiae
2209 3251 2458 3316 extrivit,
2496 3259 2667 3321 atque
2701 3252 2758 3306 in
2779 3251 2872 3307 illa
2904 3268 3181 3324 propense
3204 3252 3410 3310 Christi
3436 3269 3572 3312 oves

1967 3347 2114 3402 rexit
2154 3360 2219 3401 ac
2262 3344 2405 3416 regit
2429 3345 2520 3400 “'.
2555 3343 2815 3411 Sumam,
2862 3347 2942 3401 ait
2983 3345 3208 3401 divinus
3246 3346 3571 3418 Zacharias,

1961 3440 2169 3510 virgam
2185 3453 2356 3491 meam
2373 3436 2650 3508 pulchram
2666 3441 2912 3509 (crucem
2926 3453 3056 3494 eum
3071 3438 3258 3495 dicere
3278 3439 3571 3510 arbitror),

1966 3537 2016 3582 et
2032 3527 2314 3600 proﬁciam
2334 3543 2450 3582 eam
2471 3537 2659 3584 contra
2676 3529 2938 3596 inimicos,
2957 3538 3007 3584 et
3023 3546 3241 3601 pascam
3257 3547 3374 3586 ova
3393 3549 3570 3599 nicas,

1969 3630 2021 3676 et
2043 3621 2307 3693 dissipabo
2336 3621 2503 3691 [trdus
2527 3638 2723 3687 meant,
2749 3622 2891 3694 quod
2915 3631 3102 3694 pactus
3131 3638 3250 3677 sum
3282 3622 3355 3677 ad
3383 3639 3564 3680 omnes

1974 3712 2195 3786 populos
2220 3713 2288 3768 ³³.
2322 3713 2384 3768 ιιι
2416 3727 2583 3769 cruce
2620 3714 2770 3770 cnim
2808 3713 3076 3785 dissipata
3115 3714 3342 3786 quidem
3381 3716 3568 3772 littera

267 3803 361 3858 καί
395 3804 795 3864 διασκεδάσαι
845 3811 964 3881 τὴν
986 3809 1153 3886 [εἰει.
1202 3810 1377 3885 αὐτὴν
1395 3812 1491 3866 τοῦ
1514 3812 1870 3868 διασκευάσαι

1974 3814 2088 3874 est;
2121 3805 2369 3862 reﬂoruit
2395 3821 2532 3863 vero
2573 3822 2637 3863 ac
2684 3823 2743 3862 se
2773 3807 2953 3878 palam
2981 3808 3213 3879 spiritus
3240 3809 3456 3881 prodit.

259 3898 381 3974 τὴν]
436 3900 742 3974 διαθήκην
775 3922 920 3974 μου,
965 3903 1049 3973 ἢν
1083 3904 1366 3983 διεθέμην
1423 3904 1576 3972 πρὸς
1627 3903 1861 3971 πάντας
1898 3899 2044 3967 τοὺς
2111 3899 2336 3966 λαούς·
2385 3899 2446 3954 ἐν
2517 3899 2596 3970 τῷ
2644 3899 2865 3972 σταυρῷ
2893 3900 3026 3971 γὰρ,
3081 3901 3143 3955 τὸ
3191 3901 3427 3974 γράμμα
3467 3901 3568 3973 μὲν

256 3993 679 4066 διεσκέδασται,
733 3999 961 4054 ἀνέθαὶε
1028 4000 1086 4055 δὲ
1140 4000 1236 4055 καὶ
1287 4001 1730 4072 παρρησιάζεται
1788 3998 1851 4053 τὸ
1889 3993 2134 4064 πνεῦμα.

328 4093 544 4147 Τοῦτον
576 4095 676 4148 καὶ
726 4096 756 4149 ό
781 4094 1182 4167 οὐρανοφοίτης
1216 4097 1431 4160 Παῦλος
1456 4096 1662 4167 ἄριστα
1701 4112 1863 4165 περι-

251 4186 551 4257 φραχθεὶς,
577 4188 763 4242 πᾶσαν
789 4187 1157 4258 περιώδευσεν
1182 4189 1282 4262 τὴν
1329 4190 1681 4260 οἰκουμένην,
1712 4189 1864 4257 λογι-

247 4277 436 4349 σμοὺς
495 4281 554 4332 ἐν
589 4278 738 4351 αὐτῷ
774 4280 1084 4354 καθαιρῶν,
1113 4282 1212 4336 καὶ
1251 4282 1361 4336 πᾶν
1393 4282 1598 4354 ὕψωμα
1633 4282 1860 4353 ἐπαιρό-

246 4385 428 4439 μενον
471 4369 618 4424 κατὰ
663 4370 766 4441 τῆς
799 4371 1058 4441 γνώσεως
1076 4372 1174 4426 τοῦ
1210 4372 1367 4426 Θεοῦο
1397 4374 1493 4428 καὶ⁹
1514 4373 1858 4446 αἰχμαλωτί-

243 4461 370 4528 ζων
404 4464 518 4516 πᾶν
547 4463 730 4536 νόημα
758 4464 839 4529 είς
870 4466 972 4536 τὴν
1011 4466 1267 4538 ὑπακοὴν
1315 4465 1411 4520 τοῦ
1458 4465 1720 4536 Χριστοῦ.

320 4555 439 4610 Τὸν
491 4556 727 4628 σταυρὸν
774 4557 870 4612 καὶ
908 4558 1111 4622 πάντες
1160 4558 1450 4612 ἀπόστολοι
1515 4559 1610 4613 καὶ
1652 4557 1854 4621 πάντες

243 4649 568 4722 μάρτυρες,
603 4649 768 4720 ἱερεῖς
815 4665 878 4702 τε
933 4650 1145 4721 Κυρίου
1210 4651 1416 4715 πάντες
1447 4691 1463 4718 ,
1495 4653 1592 4705 καὶ
1645 4651 1854 4716 πάντες

237 4745 399 4800 ὅσιοι
425 4739 640 4811 νοητῶς
663 4740 1144 4814 καθοπλιζόμενοιο
1181 4744 1229 4797 oi
1262 4743 1364 4816 μὲν
1389 4743 1534 4798 κατὰ
1571 4743 1671 4814 τῆς
1703 4742 1858 4796 είδωο

2034 4091 2148 4146 Hac
2193 4105 2455 4162 quoque,
2506 4090 2602 4161 qui
2658 4088 2713 4144 in
2766 4091 2909 4146 cmlo
2958 4100 3307 4156 versaretur,
3361 4090 3567 4147 Paulus

1961 4183 2171 4254 optime
2197 4183 2526 4247 instructus,
2564 4182 2888 4237 universum
2925 4191 3198 4237 terrarum
3235 4182 3427 4237 orbem
3455 4182 3565 4237 cir-

1957 4273 2465 4340 cuiviu'destruens
2491 4273 2546 4328 in
2575 4289 2643 4329 eo
2673 4273 3035 4344 cogitationes
3064 4283 3121 4329 et
3143 4289 3362 4330 omnem
3392 4274 3565 4330 subli-

1955 4368 2204 4423 mitatem
2237 4367 2594 4422 extollentem
2628 4381 2686 4420 se
2722 4365 2991 4420 adversus
3014 4367 3304 4422 scientiam
3329 4367 3427 4422 Dei
3462 4405 3477 4430 ,
3506 4374 3565 4422 et

1956 4459 2244 4530 captivans
2270 4474 2488 4515 omnem
2513 4474 2737 4514 sensum
2786 4458 2840 4513 in
2870 4457 3198 4529 obsequium
3223 4457 3432 4516 Christi
3461 4459 3563 4518 ³⁸⁸.

2029 4552 2208 4608 Cruce
2242 4567 2437 4606 omnes
2476 4558 2594 4606 tum
2620 4550 2854 4620 apostoli
2881 4561 2998 4606 tum
3041 4559 3333 4622 martyres,
3378 4567 3564 4608 sacer-

1959 4643 2229 4716 dotesque
2272 4643 2490 4699 Domini
2536 4658 2767 4708 omnes,
2815 4658 2881 4697 ac
2924 4643 2998 4713 pii
3047 4657 3242 4698 omnes
3281 4652 3338 4697 et
3381 4641 3559 4698 sancti

1961 4735 2286 4808 spiritaliter
2310 4735 2546 4798 armati;
2580 4735 2794 4805 priores
2812 4735 3061 4803 quidem,
3085 4735 3353 4792 adversus
3380 4735 3556 4790 simu-

237 4831 592 4902 λολατρείας
615 4830 890 4904 λαμπρῶς
911 4812 1318 4904 ἀριστεύοντες
1345 4835 1394 4889 οἱ
1420 4835 1478 4888 δὲ
1504 4812 1646 4889 κατᾶ
1672 4834 1856 4904 πάσης

1974 4831 2237 4884 ἱεοτοτιιῐη
2281 4828 2525 4893 cultum,
2577 4827 2736 4882 alteri
2785 4838 3006 4893 autem,
3051 4826 3323 4882 adversus
3363 4840 3559 4882 omnes

237 4923 520 4993 ἀνομίας,
557 4922 826 4988 ποικίλοις
861 4925 1145 4996 τροπαίοις
1175 4925 1334 4996 νίκης
1364 4928 1460 4980 τὸν
1501 4925 1855 4999 ἐσταυρωμέ-

235 5031 340 5069 νον
383 5013 478 5068 διὰ
506 5012 610 5085 τῆς
639 5014 925 5085 δυνάμεως
957 5015 1275 5083 δοξάζουσιν
1302 5016 1398 5070 τοῦ
1434 5018 1698 5089 σταυροῦ.

313 5191 441 5248 Τὸν
474 5192 710 5266 σταυρὸν
755 5193 854 5246 καὶ
899 5195 1312 5258 Κωνσταντῖνος
1365 5195 1560 5267 πρώην
1598 5195 1628 5248 ό
1672 5197 1850 5265 μέγας

233 5285 405 5360 φωτὶ
449 5286 872 5358 μορφαζόμενον
918 5289 977 5339 ὲν
1032 5287 1249 5359 ούρανῷ
1298 5285 1555 5352 κατιδὼν,
1611 5288 1706 5342 καὶ
1758 5288 1855 5359 τὴν

233 5380 432 5440 αὑτοῦ
470 5381 707 5454 δύναμιν
755 5383 845 5438 διὰ
898 5383 994 5438 τοῦ
1040 5383 1213 5438 τύπου
1253 5384 1457 5448 συνεὶς,
1495 5381 1722 5454 ὕστερον
1760 5386 1854 5439 καὶ

231 5475 392 5533 αὐτὸ
423 5476 605 5530 ἐκεῖνο
651 5475 714 5529 rb
753 5477 1110 5550 πρωτότυπον
1147 5475 1242 5530 τοῦ
1290 5475 1525 5548 σταυροῦ
1565 5474 1760 5542 ξύλον,
1799 5477 1856 5529 ὲν

230 5560 286 5637 ᾧ
317 5563 784 5639 προσηλούμενος
835 5565 1116 5637 κατετάθη
1146 5565 1418 5638 Χρτστὸς,
1460 5563 1566 5638 γῆς
1605 5583 1854 5637 κατορωο

317 5769 548 5843 ’ξΡειιι
583 5768 905 5843 ιτηόηειᾲθ.
983 5773 1025 5806 ³¹
1061 5772 1188 5832 Pro.
1222 5790 1304 5842 ιη,
1337 5772 1422 5841 l8;
1456 5773 1594 5833 Luc.
1627 5787 1786 5843 χχιιι,
1819 5774 1908 5832 43.

235 5840 329 5881 ³⁸*
349 5841 497 5900 Phil.
526 5857 608 5910 ιιι,
629 5840 733 5910 ως
758 5840 794 5897 ll
821 5841 947 5900 Cor.
968 5859 1026 5912 ι,
1049 5844 1104 5902 ό.

1961 4920 2238 4987 haereses,
2269 4920 2540 4992 postremi
2580 4919 2639 4977 ιιέ
2656 4936 2848 4977 versus
2887 4935 3107 4976 omnem
3139 4916 3558 4991 improbitatem

1958 5024 2187 5070 strenue
2208 5013 2559 5076 dimicantes,
2583 5015 2754 5067 variis
2773 5014 3020 5070 victoria:
3049 5011 3270 5083 tropaeis
3292 5025 3394 5082 per
3428 5025 3560 5066 cru-

1959 5109 2039 5163 cis
2077 5107 2382 5178 potentiam
2414 5105 2744 5161 crucifixum
2767 5104 3097 5162 clariﬁcant.

2030 5199 2269 5256 Crucem
2300 5214 2525 5270 quoque
2568 5213 2801 5270 magnus
2831 5197 2962 5253 olim
3002 5193 3406 5253 Constantinus
3427 5192 3560 5249 luce

1963 5293 2252 5350 formatam
2288 5309 2416 5349 cum
2450 5291 2506 5347 in
2536 5291 2680 5349 celo
2707 5291 2960 5355 vidisset,
2984 5305 3163 5361 exque
3188 5290 3383 5361 ﬁgura,
3408 5285 3558 5343 illius

1963 5387 2270 5457 potentiam
2308 5383 2706 5450 intellexisset,
2754 5393 2945 5454 postea
2978 5383 3114 5440 illud
3149 5383 3331 5455 ipsum
3371 5389 3563 5454 proto-

1965 5487 2154 5550 typum
2195 5478 2446 5549 lignum,
2486 5476 2544 5532 in
2586 5489 2700 5546 quo
2735 5475 2996 5531 Christus
3037 5475 3316 5531 distentus
3353 5473 3561 5539 fuerat,

1962 5569 2074 5624 alta
2091 5568 2373 5626 defossum
2396 5569 2589 5634 humo,
2611 5580 2712 5638 per
2732 5566 3104 5624 beatissimam
3124 5565 3298 5637 ipsius
3322 5573 3560 5622 matrem

2004 5773 2086 5810 ³¹⁸
2108 5773 2314 5832 Hahae.
2344 5791 2382 5844 ι,
2406 5773 2459 5830 8.
2485 5773 2646 5847 Vulg.
2675 5771 3025 5845 Vespertinor.
3100 5769 3147 5806 ³³
3169 5769 3314 5826 Zacli
3361 5785 3433 5836 xi,
3463 5767 3555 5829 ac.
