4086 6282
543 405 618 473 35
1767 386 2063 467 meam
2097 402 2629 466 PAPHLAGONIS
3741 395 3812 464 36

539 522 1014 597 (augustissimam
1041 522 1254 579 scilicet
1278 520 1566 591 Helenam)
1597 519 1894 593 diligenter
1919 529 2131 577 scruta-

2248 522 2516 592 ρυγμένον
2548 519 2794 591 βάθεσιν,
2831 516 2924 573 διὰ
2945 515 3047 589 τῆς
3083 514 3379 580 πανολδίας
3399 514 3563 571 αὐτοῦ
3593 515 3814 588 μητρὸς,

539 626 631 672 tus
657 615 903 686 reperit,
945 624 1339 687 repertumque
1381 613 1640 684 religiose
1691 613 1832 669 adeo
1873 613 2049 670 coluit
2081 623 2140 668 et

535 707 838 774 exaltavit,
893 715 956 763 ut
982 707 1105 781 ejus
1134 705 1299 778 longe
1327 705 1552 763 claritas
1592 705 1650 761 in
1683 719 1908 760 omnem
1944 703 2138 764 orbem

535 796 829 852 exuberet.

606 979 745 1046 Quis
775 992 911 1033 vero
933 977 1013 1034 illi
1037 991 1139 1050 spe
1171 976 1484 1042 devinctus,
1507 975 1577 1032 ad
1599 974 1724 1048 ejus
1747 972 2133 1031 adorationem

537 1088 648 1127 non
682 1073 932 1128 occurrit
951 1072 976 1125 ?
993 1071 1129 1137 Quis
1158 1087 1268 1126 non
1302 1070 1507 1126 exaltat
1526 1076 1693 1140 atque
1708 1067 1904 1123 adorat
1920 1066 2138 1123 scabel-

535 1166 651 1221 lum
686 1166 890 1237 pedum
920 1165 1137 1222 Domini
1173 1165 1269 1220 Dei
1295 1164 1491 1224 nostri.
1520 1163 1651 1234 quia
1688 1170 1917 1218 sanctus
1943 1172 2029 1216 est
2052 1160 2147 1230 "3

537 1259 675 1325 Quis
701 1256 1029 1314 nonlaudat
1072 1273 1136 1312 ac
1171 1256 1642 1327 magniﬁcateam,
1669 1271 1791 1325 quae
1819 1263 2135 1308 emortuum

537 1365 718 1422 genus
738 1358 991 1406 nostrum
1025 1365 1093 1403 ex
1119 1357 1294 1403 morte
1318 1357 1376 1403 et
1414 1346 1618 1401 inferni
1641 1346 1954 1416 perditione
1978 1345 2134 1400 exal-

539 1441 684 1496 tavit
729 1448 788 1495 et
838 1439 1188 1496 viviﬁcavit?
1232 1439 1394 1494 Nunc
1448 1438 1691 1508 gaudent
1739 1437 1921 1509 angeli
1967 1447 2135 1507 atque

536 1532 818 1589 exsultant
862 1531 1198 1602 archangeli,
1233 1546 1358 1585 cum
1386 1531 1590 1602 quibus
1613 1530 1777 1585 etiam
1803 1530 2004 1586 choros
2028 1529 2134 1585 du-

2241 613 2342 685 τῆς
2383 611 2776 685 κοσμιωτάτης
2806 611 3027 681 Ἑλένης
3059 611 3226 680 λέγω,
3275 605 3575 680 φιλοπόνως
3601 608 3820 680 hapsu-

2239 706 2549 777 νησάμενος
2578 697 2775 777 εὗρενσ
2807 704 2901 758 καὶ
2936 703 3136 774 εὑρὼν,
3179 701 3447 772 φιλοοὲως
3481 698 3736 771 tripudio
3760 716 3820 754 τι

2239 801 2336 854 καὶ
2370 799 2589 871 ῦψωσεν
2622 799 2718 852 ἐπὶ
2747 797 3037 864 τοσοῦτον,
3071 797 3149 862 ὡς
3195 798 3296 868 τὴν
3342 795 3509 850 αὐτοῦ
3540 794 3695 859 δόξαν
3739 795 3821 858 είς

2239 895 2423 947 πᾶσαν
2457 890 2958 964 ύπερπερισσεύειν
2999 889 3099 956 τὴν
3137 889 3266 959 γῆν.

2307 984 2421 1038 Καὶ.
2472 985 2555 1049 τίς
2601 981 2713 1037 τῶν
2756 983 2838 1047 εἰς
2891 981 3057 1036 αὐτὸν
3102 983 3418 1052 ἡλπικότων
3464 983 3564 1036 οὐκ
3611 982 3824 1054 ἀπαντᾷ

2237 1077 2379 1151 πρὸς
2426 1078 2526 1146 τὴν
2577 1075 2771 1130 τούτου
2827 1075 3248 1146 προσκύνησιν;
3287 1076 3384 1138 Τίς
3430 1075 3527 1146 οὐχ
3567 1074 3690 1144 {nisi
3734 1076 3822 1128 καὶ

2238 1173 2539 1242 προσκυνεῖ
2568 1170 2651 1239 τῷ
2681 1169 2964 1237 ὑποποδίῳ
3004 1168 3212 1238 Κυρίου
3247 1167 3342 1222 τοῦ
3374 1167 3510 1220 Θεοῦ
3547 1167 3722 1237 ἡμῶν,
3746 1167 3825 1220 ὅτι

2237 1262 2394 1330 ἅγιός
2431 1263 2625 1326 ὲστιν;
2663 1260 2760 1322 Τίς
2816 1259 2878 1312 οὐ
2916 1257 3130 1322 δοξάζει
3184 1257 3278 1310 καὶ
3318 1255 3610 1326 μεγαλύνει
3644 1254 3732 1308 τδν
3765 1256 3825 1306 ἐκ

2239 1354 2468 1407 θανάτου
2519 1353 2616 1406 καὶ
2663 1350 2941 1413 ἀπωλείας
2972 1349 3120 1420 ᾅδου,
3155 1348 3256 1418 τὴν
3297 1348 3577 1416 ἡμετέραν
3617 1343 3826 1414 ἀνυψώο

2240 1463 2410 1501 σαντα
2463 1446 2557 1500 καὶ
2595 1442 2892 1507 ζωὼσαντα
2955 1441 3254 1512 νέκρωσινς
3287 1438 3403 1494 Νῦν
3445 1438 3667 1506 ἄγγελοι
3711 1435 3827 1506 χαί-

2238 1554 2414 1609 ρουσι,
2475 1537 2569 1590 καὶ
2615 1536 2916 1606 σκιρτῶσιν
2967 1531 3333 1604 ἀρχάγγελοι,
3397 1529 3589 1600 Ἀρχαί
3627 1545 3686 1582 τε
3735 1529 3831 1583 σὺν

538 1634 675 1681 cunt
700 1623 1137 1696 supermundani
1173 1623 1518 1694 principatus
1563 1632 1619 1677 et
1655 1631 1978 1693 potestates,
2006 1638 2130 1678 om-

2248 1629 2448 1694 ιούτοις
2481 1628 2853 1700 ὑπερκόσμιαι
2902 1628 2996 1679 καὶ
3028 1624 3322 1691 Ἐξουσίαι,
3348 1622 3442 1677 καὶ
3489 1623 3665 1676 πᾶσαι
3721 1618 3830 1674 τῶν

537 1732 747 1786 nosque
780 1716 1048 1773 caelorum
1081 1715 1313 1770 virtutes
1342 1756 1357 1780 ,
1390 1713 1774 1785 invisibilique
1811 1716 2130 1784 prmsentia,

2233 1723 2483 1794 οὐρανῶν
2526 1725 2582 1778 αἱ
2613 1722 2885 1791 Δυνάμεις
2932 1720 3242 1790 χορεύουσι,
3278 1716 3376 1771 καὶ
3416 1717 3665 1788 ἀοράτως
3691 1727 3831 1785 παρ-

539 1810 838 1865 salutarem
875 1815 994 1862 toto
1020 1806 1157 1862 orbe
1189 1805 1412 1861 adorari
1440 1815 1608 1876 atque
1648 1805 1878 1861 exaltari
1908 1821 2131 1861 crucem

2248 1815 2494 1877 εστῶσαι.
2526 1815 2620 1868 καὶ
2678 1813 2769 1866 τὸν
2820 1815 3089 1882 σωτήριον
3130 1813 3188 1865 ἐν
3219 1811 3369 1882 πάσῃ
3390 1812 3456 1880 τῇ
3485 1811 3558 1879 γῇ
3592 1823 3831 1877 προσκυ-

540 1901 816 1963 videntes,
838 1914 964 1954 cum
980 1897 1244 1954 Ecclesiis
1264 1897 1362 1952 Dei
1380 1875 1748 1952 collaitantur.
1771 1895 1963 1967 Neque
1985 1896 2135 1953 enim

2248 1907 2332 1962 νού
2341 1924 2502 1977 μενον
2519 1907 2611 1960 καὶ
2634 1904 2768 1975 ὑψοῦ
2777 1922 2937 1976 μενον
2953 1875 3159 1975 δρῶσαι
3179 1875 3583 1973 οταν-ταὶς
3598 1875 3828 1968 Ἐκκλη-

541 1993 652 2048 ulla
678 1991 787 2047 alia
814 1999 900 2047 est
936 1991 1098 2046 bonis
1128 1989 1340 2061 angelis
1367 2003 1523 2059 teque
1552 1987 1749 2043 festiva
1789 1988 2024 2060 lanaque
2047 2003 2139 2043 so-

2248 2001 2387 2063 σίαις
2427 1998 2927 2069 συνευφραίνονται
2979 1995 3075 2049 τοῦ
3129 1992 3289 2049 Θεοῦ.
3332 1996 3470 2050 Οὐδὲ
3525 1994 3635 2065 γάρ
3685 1993 3829 2046 ἐστιν

537 2085 821 2151 lemnitas,
841 2099 906 2138 ac
923 2098 1046 2154 qua!
1063 2082 1260 2138 salutis
1279 2081 1569 2137 hominum
1585 2088 1912 2152 argumento
1933 2082 2137 2152 agitur.

611 2368 776 2428 Nunc
825 2366 1062 2441 apostoli
1093 2367 1410 2420 clarescunt
1429 2403 1444 2427 ,
1477 2373 1534 2419 et
1563 2362 1868 2434 prophetae,
1899 2362 1988 2417 bis
2015 2379 2138 2433 qua:

545 2469 846 2534 geruntur,
888 2456 1178 2530 magnifice
1219 2454 1635 2527 splendescunt.
1676 2454 1837 2510 Nunc
1869 2465 2140 2526 martyres

540 2551 943 2629 jucundantur,
967 2565 1033 2605 ac
1056 2549 1395 2606 decorantur
1450 2546 1789 2603 sacerdotes.
1821 2547 1981 2603 Nunc
2009 2547 2141 2602 relic

544 2647 827 2720 giosorum
860 2651 1291 2714 sanctorumque
1323 2639 1479 2696 chori
1531 2652 1729 2694 omnes
1753 2639 1902 2694 diem
1935 2637 2139 2695 festum

545 2745 718 2810 agunt
758 2733 1115 2808 gestiuntque
1136 2773 1154 2799 ,
1186 2733 1284 2804 qui
1319 2730 1585 2788 nimirum
1615 2744 1782 2803 quam
1822 2730 1900 2786 illi
1934 2729 2141 2786 clariﬁo

546 2837 769 2896 carunt,
800 2834 859 2884 et
884 2843 1008 2898 quas
1044 2841 1144 2882 eos
1180 2824 1526 2889 clariﬁcavit,
1572 2839 1731 2880 sacro
1763 2823 1876 2878 ritu
1917 2838 2140 2878 crucem

547 2920 846 2977 clariﬁcari
874 2919 1131 2979 videant.
1156 2926 1324 2988 atque
1355 2933 1386 2973 c
1415 2927 1558 2973 terra
1594 2916 1767 2972 sacris
1797 2916 2054 2971 manibus
2083 2915 2140 2971 in

546 3016 721 3069 altum
760 3011 919 3068 tolli:
948 3027 1076 3067 cum
1118 3027 1227 3081 qua
1279 3010 1487 3081 pariter
1536 3009 1775 3073 sublati,
1827 3024 1926 3079 per
1973 3024 2138 3080 quam

547 3106 698 3161 bono
751 3105 1000 3161 omnium
1055 3104 1329 3161 Salvatori
1374 3104 1674 3177 gratiarum
1724 3106 1998 3162 actionem
2057 3103 2142 3157 in-

2239 2090 2375 2162 ἄλλη
2420 2093 2534 2153 τοῖς
2582 2089 2812 2157 ἀγαθοῖς
2864 2088 3122 2156 ἀγγέλοις
3189 2085 3362 2149 οὕτως
3418 2088 3580 2158 ἑορτή
3639 2101 3698 2138 τε
3738 2083 3829 2138 καὶ

2241 2181 2515 2253 χαρμονὴ,
2544 2179 2620 2243 ὡς
2663 2181 2697 2251 ἡ
2732 2180 2826 2232 ἐπὶ
2861 2177 3110 2251 σωτηρίᾳ
3147 2178 3453 2251 τελουμὲνη
3495 2177 3605 2230 τῶν
3630 2177 3832 2245 ἀνθρω-

2240 2270 2417 2325 πίνων
2441 2270 2652 2342 ψυχῶν.

2311 2360 2430 2415 Νῦν
2505 2359 2796 2415 ἀπόστολοι
2873 2358 3381 2432 ὲλλαμπρύνονται,
3419 2361 3517 2415 καὶ
3561 2360 3834 2431 προφῆται

2241 2454 2358 2516 τοῖς
2386 2452 2663 2524 παροῦσιν
2705 2453 3146 2522 ὲναγλαῖζονται.
3179 2451 3296 2507 Νῦν
3341 2453 3394 2507 οί
3443 2454 3715 2526 μάρτυρες
3739 2470 3837 2508 κα·-

2240 2543 2624 2618 τατὲρπονται,
2656 2546 2756 2601 καὶ
2804 2547 2853 2601 οἱ
2909 2546 3078 2619 ἱερεῖς
3108 2544 3468 2619 ὡραῖζονται.
3503 2545 3618 2601 Νῦν
3647 2547 3840 2606 πάντες

2239 2635 2409 2693 όσίων
2441 2637 2536 2692 καὶ
2569 2636 2745 2707 ἁγίων
2775 2637 3100 2711 ἑορτάζουσι
3127 2639 3223 2693 καὶ
3246 2639 3560 2710 γεγήθασιν
3594 2640 3644 2692 οἱ
3671 2636 3836 2709 χοροὶ,

2240 2732 2335 2786 τὸν
2365 2731 2458 2787 ὑπ’
2483 2731 2668 2787 αὐτῶν
2697 2731 3110 2807 δεδοξασμένον,
3155 2732 3252 2787 καλ⁵
3293 2732 3503 2798 αὐτοὺς
3523 2731 3838 2799 δοξάσαντα,

2247 2822 2538 2894 βλέποντες
2576 2822 2816 2895 σταυρὸν
2856 2823 3022 2896 ἱερῶς
3055 2823 3448 2896 δοξαζόμενον,
3474 2825 3572 2884 καὶ
3609 2823 3716 2880 ἀπὸ
3740 2822 3842 2893 γῆς

2247 2915 2424 2985 ἱεραῖς
2453 2917 2648 2986 χερσὶν
2684 2917 2768 2978 είς
2809 2914 2943 2985 ὕψος
2990 2915 3321 2988 αἰρόμενονο
3373 2918 3482 2974 καὶ
3525 2915 3678 2988 αὐτῷ
3725 2930 3842 2970 σνν-

2247 3007 2650 3078 επαιρόμενοι,
2681 3006 2760 3078 τῷ
2793 3008 3100 3078 παναγάθῳ
3134 3008 3245 3064 τῶν
3295 3008 3445 3065 ὅλων
3493 3011 3708 3083 Σωτῆρι
3755 3008 3843 3064 τὸν
3905 3010 3907 3013 ’

2245 3102 2602 3175 χαριστήριον
2647 3101 3095 3166 ἀκαταπαύστοις
3155 3102 3250 3156 καὶ
3293 3106 3595 3174 μυστικαῖς
3619 3099 3846 3176 ἀναμέλ-

547 3197 911 3256 cessabilibus
949 3199 1307 3271 mysticisque
1358 3197 1589 3252 vocibus
1656 3197 2016 3254 modulantur
2075 3211 2141 3252 ac

2253 3211 2418 3249 πουσι
2448 3196 2568 3260 ταῖς
2597 3197 2823 3265 φωναῖς.

547 3298 838 3365 promunt.

619 3394 813 3453 Omnis
854 3395 967 3468 jam
1024 3394 1272 3451 Ecclesia
1318 3395 1536 3451 laetatur
1583 3411 1652 3452 ac
1695 3395 1898 3452 decore
1952 3396 2148 3469 fulget,

549 3487 815 3559 velutq‘ue
857 3486 1085 3541 caaleste
1139 3485 1378 3553 donum,
1427 3497 1490 3541 ut
1542 3487 1883 3542 immortales
1921 3485 2151 3543 delicias

550 3579 859 3651 pignusque
887 3577 1206 3633 inviolabile
1232 3618 1247 3644 ,
1293 3578 1370 3633 ita
1406 3594 1630 3633 crucem
1668 3578 1793 3633 sinu
1826 3578 2152 3652 complecti-

553 3684 665 3736 tur,
698 3670 1198 3742 universorumque
1236 3671 1633 3740 conspectibus
1666 3671 1737 3725 ad
1770 3670 2148 3741 spectaculum

549 3762 713 3818 simul
761 3773 818 3817 et
857 3762 1253 3818 exaltationem
1293 3778 1358 3817 ac
1396 3762 1774 3817 adorationem
1811 3777 2150 3832 preponens,

555 3853 684 3910 ﬁliis
719 3853 835 3907 suis
873 3853 1095 3908 fortiter
1129 3854 1198 3908 ad
1235 3853 1527 3910 Dominum
1564 3854 1955 3917 clamantibus.
2002 3854 2151 3909 illius

554 3961 787 4001 munere
830 3946 1270 4002 misericordiam
1307 3954 1366 4004 et
1407 3948 1901 4005 sanctiﬁcationem
1927 3957 1984 4004 et
2020 3949 2150 4004 illu-

550 4036 914 4094 minationem
947 4037 1098 4109 large
1138 4037 1474 4109 impertitur.
1513 4039 1745 4111 Jamque
1783 4057 1978 4098 omnes
2022 4057 2156 4113 gen-

554 4136 673 4194 tes,
707 4138 945 4200 quantas
991 4129 1126 4185 fecit
1171 4129 1469 4195 Dominus,
1513 4132 1779 4197 veniunt,
1828 4147 1892 4188 ac
1929 4133 2153 4188 viviﬁeo

557 4229 755 4289 terque
792 4217 956 4273 beato
986 4217 1136 4290 ligno
1174 4219 1661 4291 procumbunt”'.
1687 4221 1935 4277 Adorant
1965 4238 2153 4278 coram

557 4309 691 4375 illo,
736 4325 802 4363 ac
850 4326 948 4383 per
983 4326 1205 4367 crucem
1260 4310 1520 4368 Cruciﬁxi
1562 4328 1766 4369 nomen
1808 4314 2150 4380 clariﬁcant,

563 4401 711 4472 quod
741 4416 937 4459 revera
963 4419 1197 4477 magnus
1214 4407 1288 4461 sit
1312 4415 1369 4461 et
1392 4405 1600 4463 faciens
1618 4408 1890 4464 mirabilia
1916 4409 2068 4466 solus
2086 4408 2150 4464 ³⁸.

555 4493 676 4550 lam
698 4493 1193 4566 damonumperea
1214 4500 1394 4554 omnis
1417 4500 1644 4571 aerique
1665 4500 1933 4556 incubans
1955 4502 2156 4558 cohors

2329 3391 2494 3464 Ἀρτι
2524 3391 2627 3459 μὲν
2642 3390 2944 3461 Ἐκκλησία
2962 3392 3114 3446 πᾶσα
3144 3389 3507 3464 φαιδρύνεται
3537 3394 3635 3450 καὶ
3652 3387 3844 3451 καλλύ-

2251 3500 2426 3541 νεταν
2455 3485 2553 3539 καὶ
2581 3483 2771 3556 ὥσπερ
2807 3500 2861 3537 τι
2886 3483 3064 3555 δῶρον
3112 3484 3387 3555 οὐράνιον,
3421 3483 3505 3553 ὡς
3529 3486 3688 3542 ὄλϐον
3719 3484 3850 3555 ἁκή-

2253 3593 2445 3650 ρατον,
2470 3576 2551 3642 ὡς
2575 3576 2869 3649 κειμήλιον
2904 3575 3214 3645 ἄψαυστον.
3242 3575 3417 3642 οὕτως
3453 3577 3846 3650 ὲγκολπίζεται

2249 3668 2344 3725 τδν
2379 3667 2652 3740 σταυρὸν,
2703 3669 2798 3723 καὶ
2837 3668 3028 3722 τοῦτον
3066 3671 3190 3734 ταῖς
3237 3670 3508 3727 ἁπάντων
3543 3672 3736 3744 ὄψεσιν
3775 3671 3852 3734 είς

2253 3761 2495 3833 θεωρίαν
2520 3777 2581 3815 τε
2612 3761 2731 3832 ἅμα
2757 3761 2852 3816 καὶ
2881 3760 3092 3831 ῦψωσιν
3121 3763 3217 3817 καὶ
3250 3764 3635 3838 προσκύνησιν
3661 3780 3852 3838 προτι-

2254 3854 2431 3918 Belua,
2465 3855 2581 3917 τοῖς
2598 3856 2810 3917 τέκνοις
2841 3853 3014 3925 αὐτῆς
3053 3854 3298 3928 στερρῶς
3327 3855 3734 3930 ἐπιϐοωμένοις
3765 3856 3854 3911 τὸν

2253 3945 2486 4016 Κύριον,
2516 3942 2586 3999 δι’
2622 3944 2790 3998 αὑτοῦ
2845 3944 2939 3999 τὸν
2983 3945 3133 4000 ἐλεόν
3174 3964 3235 4000 τε
3284 3948 3572 4016 πλουσίως
3617 3952 3716 4006 καὶ
3762 3947 3854 4003 τὸν

2255 4033 2529 4106 ἁγιασμδν
2579 4036 2907 4107 ἐπιχορηγεῖ
2953 4036 3049 4090 καὶ
3089 4038 3182 4091 τὸν
3231 4041 3540 4109 φωτισμόν.
3593 4041 3753 4111 Ἄρτι
3796 4037 3855 4093 δὶ

2255 4129 2438 4182 πάντα
2463 4125 2535 4181 τὰ
2555 4125 2711 4198 ἔθνη,
2736 4127 2839 4180 ὅσα
2865 4129 3129 4200 ἐποίησεν
3157 4131 3185 4184 ό
3215 4130 3447 4202 Κύριος,
3495 4134 3733 4205 ἥκοντα,
3763 4132 3856 4187 καὶ

2254 4223 2336 4295 τῷ
2379 4221 2633 4295 ζωοποιῴ
2694 4219 2836 4294 ξύλῳ
2890 4222 2990 4278 καὶ
3039 4222 3332 4295 τρισολὸίῳ
3393 4225 3855 4294 προσπίπτοντα,

2257 4314 2662 4388 προσκυνοῦσιν
2690 4314 2926 4369 ἐνώπιον
2970 4315 3162 4369 αὐτοῦ’
3197 4315 3294 4368 καὶ
3333 4315 3424 4368 διὰ
3466 4319 3565 4372 τοῦ
3612 4315 3858 4389 σταυροῦ

2254 4410 2319 4465 τὸ
2348 4407 2446 4463 τοῦ
2485 4407 2916 4479 ἐσταυρωμένον
2959 4405 3275 4473 δοξάζουσιν
3312 4406 3506 4478 ὄνομα.
3552 4410 3639 4464 ὅτι
3679 4410 3858 4482 μέγας

2257 4499 2378 4554 ἐστὶ
2404 4497 2486 4570 τῷ
2531 4499 2649 4553 δντι
2697 4497 2795 4551 καὶ
2826 4497 2999 4551 ποιῶν
3033 4496 3320 4568 θαυμάσια
3367 4497 3555 4568 μόνος.
3594 4502 3765 4571 Ἀρτι
3799 4499 3859 4554 δὲ

556 4601 623 4642 ac
660 4603 859 4659 pompa
907 4591 1228 4662 triumphali
1264 4592 1493 4648 ceditur
1540 4594 1721 4665 ligno,
1766 4593 2145 4668 frangiturque

2253 4592 2407 4645 πᾶσα
2433 4589 2543 4643 τῶν
2570 4588 2846 4660 δαιμόνων
2882 4588 3108 4660 ἐνάερος
3149 4585 3379 4656 στρατιὰ
3411 4587 3508 4643 καὶ
3548 4589 3750 4664 πομπὴ
3779 4587 3860 4665 τῷ

557 4687 614 4734 et
639 4680 940 4751 rumpitur,
972 4697 1150 4754 exque
1188 4683 1512 4739 ccelestibus
1539 4685 1664 4756 jure
1692 4687 1893 4742 merito
1921 4686 2150 4744 sedibus

556 4772 888 4830 deturbatur
912 4793 928 4830 :
953 4787 1276 4846 cunctaeque
1295 4784 1613 4832 sanctorum
1639 4776 1899 4834 Ecclesiae
1931 4787 1989 4834 et
2023 4778 2152 4851 pio-

559 4881 685 4920 rum
708 4876 890 4922 emtus
910 4869 1066 4922 velut
1095 4882 1223 4922 cum
1253 4867 1402 4922 scala
1434 4883 1465 4924 e
1505 4879 1650 4924 terra
1691 4868 1746 4925 in
1776 4871 1976 4927 ccelum
2000 4871 2152 4928 exal-

559 4965 693 5021 tata,
704 4958 914 5029 pariter
935 4958 1183 5023 exaltati,
1207 4958 1359 5013 velut
1387 4960 1555 5031 virga
1576 4959 1919 5019 fortitudinis
1945 4962 2146 5031 innixi,

561 5048 712 5102 velut
733 5049 1019 5120 praelatum
1053 5058 1337 5120 sceptrum
1363 5052 1597 5124 regium,
1617 5056 1866 5127 supremi
1898 5057 2148 5114 omnium

562 5140 726 5210 Regis
766 5158 987 5198 crucem
1027 5143 1194 5199 hodie
1243 5144 1612 5213 deducentes,
1664 5149 1949 5206 omlestem
1999 5167 2155 5208 com-

561 5241 778 5287 mutant
829 5232 1033 5298 loeum,
1054 5250 1155 5304 pro
1180 5236 1417 5292 terrenis
1434 5239 1712 5307 caelestes,
1733 5256 1798 5296 ac
1825 5258 1928 5312 pro
1949 5252 2158 5298 morta-

560 5324 707 5378 libus
734 5325 1074 5381 immortales
1090 5327 1273 5382 cﬂ‘ccti
1302 5346 1315 5383 :
1342 5331 1608 5400 ignesque
1647 5332 1922 5402 romplima
1962 5336 2159 5389 trium-

563 5415 712 5486 phali
747 5417 896 5487 ligno
959 5429 1236 5488 superata,
1273 5421 1342 5475 ad
1378 5437 1680 5492 supernum
1711 5425 2030 5496 paradisum
2094 5441 2159 5480 ac

565 5510 770 5583 lignum
794 5512 918 5570 vita:
946 5526 1094 5570 recta
1122 5517 1451 5588 procedunt.

2254 4680 2522 4754 νικοποιῷ
2560 4681 2856 4753 ραπίζεται
2879 4679 3044 4749 ξύλῳ.
3075 4679 3170 4734 καὶ
3202 4679 3394 4734 Ολᾶται
3424 4678 3520 4734 καὶ
3557 4681 3857 4753 ῥήγνυται,

2255 4777 2352 4832 καὶ
2375 4773 2483 4830 τῶν
2515 4772 2787 4845 οὐρανίων
2821 4772 3050 4838 Mth
3095 4772 3435 4844 οἰκητηρίων
3469 4778 3853 4830 κατασπᾶταιο

2259 4870 2432 4923 πᾶσαι
2471 4867 2529 4922 δὲ
2565 4864 2676 4921 τῶν
2719 4863 2896 4932 ἁγίων
2951 4863 3008 4919 αἱ
3045 4863 3340 4935 ἰκκλησίαι
3393 4865 3491 4920 καὶ
3539 4867 3860 4940 όμηγύρεις

2254 4961 2365 5015 τῶν
2420 4958 2701 5023 causam,
2741 4957 2818 5022 ὡς
2864 4958 3095 5029 κλίμακι
3140 4956 3310 5028 γῆθεν
3365 4957 3658 5033 ῦψουμένῃ
3717 4959 3859 5031 πρὸς

2255 5051 2490 5125 οὐρανὸν
2541 5049 2971 5121 συνυψούμεναι,
3007 5047 3088 5114 ὡς
3129 5049 3312 5121 ῥάϐδῳ
3344 5049 3530 5122 ἰσχύος
3563 5050 3858 5123 ἐπερειδό-

2263 5165 2444 5218 μεναι,
2475 5143 2551 5208 ὼς
2584 5146 2849 5214 σκήπτρῳ
2874 5141 3142 5214 βασιλικῷ
3176 5144 3444 5214 προῖόντι,
3461 5144 3539 5216 τῷ
3564 5144 3666 5199 τοῦ
3699 5163 3859 5218 παμ·

2261 5236 2532 5298 ϐασιλέως
2574 5236 2820 5305 σήμερον
2869 5234 3237 5305 συνεπόμεναι
3279 5235 3522 5308 σταυρῷ,
3557 5237 3656 5290 τὸν
3682 5236 3862 5310 οὐρά-

2265 5347 2378 5383 νιον
2406 5327 2787 5398 διαμείῦονται
2818 5325 3018 5397 χῶρονθ
3056 5327 3177 5379 ἀντὶ
3210 5329 3417 5397 γηΐνων
3446 5327 3723 5399 οὐράνιοι,
3761 5327 3861 5382 καὶ

2258 5419 2382 5474 ἀντὶ
2414 5417 2628 5488 θνητῶν
2663 5415 2924 5469 ἀθάνατοι
2951 5417 3366 5486 καθιστάμενοι·
3402 5419 3497 5474 καί⁵
3523 5420 3627 5489 τὴν
3661 5418 3860 5488 φλογί-

2260 5531 2356 5582 νην
2411 5511 2693 5583 ρομςαίαν
2746 5508 2823 5580 τῷ
2872 5513 3258 5584 τροπαιοφόρῳ
3318 5513 3610 5586 παριόντες
3669 5513 3859 5584 ξύλῳ,

2255 5606 2392 5676 πρὸς
2421 5605 2512 5658 τὸν
2545 5603 2660 5658 ἄνω
2705 5601 3038 5674 παράδεισον
3082 5607 3177 5662 καὶ
3204 5606 3266 5659 τὸ
3295 5605 3454 5674 ξύλον
3485 5603 3861 5661 κατευθύνον-

2253 5717 2345 5752 ται
2367 5701 2466 5769 τῆς
2497 5696 2666 5770 ζωῆς,

635 5866 682 5901 ⁸³
705 5866 849 5926 Psal.
877 5884 1066 5941 xcvui,
1101 5869 1153 5926 5.
1229 5872 1310 5908 ⁸³³⁵
1339 5873 1484 5932 Psal.
1524 5888 1720 5943 uxxv,
1747 5874 1801 5934 9.
1877 5873 1920 5908 "
1947 5874 2087 5930 Psal.
2116 5890 2307 5948 :xxxv,
2331 5876 2389 5934 4.
