4086 6282
463 389 539 459 39
1670 382 1965 449 ΝΙΒΕΤᾸΞ
2001 384 2060 446 Pi

2162 382 2535 449 HLAGONIS
3677 374 3752 444 40

465 505 699 579 spiritus
745 500 1105 562 fabricatione
1149 508 1383 559 cunctos
1451 508 1810 575 coaptantes,
1851 499 1923 555 ad
1966 498 2060 557 Dei

2172 499 2425 573 τεκτονία
2446 501 2542 554 τοῦ
2572 496 2923 567 πανευαγοῦς
2975 492 3158 555 αὐτῶν
3214 494 3527 566 πνεύματος
3581 490 3755 566 ἁρμό.

464 594 682 652 cantica
723 593 1026 666 laudesque
1066 591 1460 660 celebrandas,
1487 592 1846 665 ipsorumque
1886 590 2061 646 hone-

466 683 718 741 standam
766 683 1232 756 magniﬁcentiam
1276 697 1343 739 ac
1389 681 1733 756 spargendus
1777 682 2056 749 honores,

466 788 823 849 congregant.

537 869 710 941 igitur
731 884 798 926 ea
829 884 1112 936 sonemus,
1140 882 1262 939 quae
1295 866 1565 939 Spiritum
1597 868 1761 926 nobis
1793 868 2061 927 insonan-

466 970 580 1018 tem
617 962 953 1018 addeceantl
985 960 1264 1018 Canamus
1296 962 1429 1017 tuba
1463 961 1520 1017 in
1568 960 1703 1019 Sion
1742 980 1757 1018 :
1792 963 2061 1036 praedice-

466 1070 594 1111 mus
640 1055 699 1111 in
742 1063 931 1110 monte
978 1063 1214 1119 sancto,
1268 1051 1326 1108 in
1376 1054 1482 1110 hae
1528 1053 1747 1111 scilicet
1808 1055 2061 1111 Ecclesia

468 1148 722 1222 (mystica
751 1163 816 1203 ac
849 1145 1166 1218 prredilecta
1196 1146 1294 1201 Dei
1323 1146 1572 1211 civitate.
1605 1161 1670 1202 ac
1694 1161 1887 1203 saeros
1909 1146 2062 1203 ordi-

466 1250 666 1297 nantes
697 1241 923 1306 choros,
953 1254 1236 1294 sacrorum
1271 1238 1655 1311 theologorum
1687 1238 2061 1296 sacratissime

467 1333 837 1404 religiosaque
888 1331 1101 1403 pietate
1148 1332 1367 1386 cantica
1410 1331 1717 1403 laudesque
1764 1330 2063 1404 deproma-

464 1438 594 1481 mus
615 1426 680 1480 “.
703 1424 824 1491 Qua
845 1440 979 1480 vero
1008 1423 1063 1479 id
1089 1424 1336 1479 ratione?
1356 1424 1480 1480 Non
1504 1424 1888 1496 SOphistarum
1910 1425 2061 1495 leges

465 1518 645 1575 secuti
691 1536 708 1586 ;
761 1532 872 1573 non
916 1533 1175 1574 sermone
1219 1517 1594 1585 celebrantes,
1621 1533 1787 1588 quam
1824 1518 2060 1590 quisque

465 1610 524 1670 in
591 1611 754 1667 terris
818 1610 1053 1682 patriam
1125 1618 1322 1666 nactus
1386 1610 1461 1666 sit
1520 1629 1536 1678 ;
1601 1627 1712 1666 non
1774 1620 2057 1667 terrenum

465 1702 758 1775 magniﬁce
792 1718 968 1775 genus
1002 1704 1333 1758 extollentes
1364 1720 1381 1771 ;
1414 1719 1526 1759 non
1559 1703 1861 1760 nativitatis
1892 1713 2058 1775 atque

464 1797 903 1855 conversationis
939 1797 1262 1853 civilitatem
1303 1812 1562 1853 sermone
1606 1806 1889 1853 ornantes.
1924 1798 2057 1865 Qua:

464 1891 619 1948 enim
670 1892 791 1946 laus
841 1892 924 1946 eis
968 1891 1293 1962 proveniat,
1329 1890 1427 1961 qui
1472 1899 1684 1962 patrem
1732 1890 2055 1947 habuerunt

463 1982 853 2039 universorum
893 1983 1066 2037 Deum
1086 2022 1101 2047 ,
1140 1982 1374 2053 patriam
1404 1998 1559 2048 vero,
1585 1984 1867 2038 caelestem
1893 1983 2057 2039 Jeru-

464 2077 670 2143 salem,
706 2092 902 2150 genus,
935 2076 1318 2131 beatissimum
1346 2075 1719 2148 patriarcham
1744 2076 2060 2131 Abraham?

465 2172 601 2243 quin
634 2171 823 2242 potius
856 2170 1008 2224 illius
1039 2170 1203 2225 ﬁdem
1237 2176 1296 2223 et
1324 2168 1619 2238 justitiam,
1648 2168 1855 2237 quibus
1888 2166 2057 2222 etiam

465 2263 543 2320 illi
573 2278 804 2335 prorsus
845 2260 1056 2317 similes
1097 2262 1432 2316 exstiterunt
1474 2276 1489 2315 :
1537 2258 2057 2325 conversationem,

462 2358 768 2420 virtutem,
811 2362 871 2408 et
918 2367 1043 2424 qua:
1092 2351 1163 2407 ad
1214 2348 1499 2406 Christum
1555 2360 1641 2405 est
1694 2367 1795 2421 per
1847 2350 2057 2422 legem,

465 2445 699 2517 primam
730 2444 1140 2502 institutionem
1168 2458 1234 2500 ac
1259 2443 1712 2514 praeparationem
1735 2445 1759 2498 ?
1780 2443 1850 2498 At
1878 2459 2058 2516 neque

465 2549 669 2596 cuncta
695 2538 890 2594 ordine
918 2537 1181 2609 praeclare
1208 2538 1323 2593 illis
1350 2552 1416 2592 ac
1446 2537 1737 2607 magniﬁce
1765 2537 1863 2592 Dei
1891 2536 2059 2593 Verbi

465 2648 635 2689 causa
679 2641 833 2704 gesta
876 2630 1158 2703 sigillatim
1190 2627 1501 2688 laudemus.
1534 2629 1627 2685 Sic
1653 2629 1800 2684 enim
1834 2639 2063 2700 praeter-

469 2737 643 2795 quam
676 2721 827 2793 quod
866 2718 1231 2792 impossibilis
1260 2736 1327 2777 ea
1362 2721 1577 2778 molitio
1609 2730 1715 2784 est,
1743 2721 1906 2791 justas
1941 2737 2061 2777 me-

2084 1856 2133 1917 B

2162 597 2373 664 ζοντις.
2438 596 2522 661 είς
2565 594 2801 667 ὕμνησιν
2853 592 2955 663 μὲν
2987 590 3084 648 καὶ
3139 588 3298 654 δόξαν
3329 587 3489 655 Θεοῦ,
3532 585 3753 643 ιπαινον

2157 691 2218 747 δὲ
2252 692 2351 747 καὶ
2380 688 2548 764 τιμὴν
2585 688 2684 760 τῆς
2707 687 2915 753 οἰκείας
2975 681 3460 757 μεγαλοπρεπείας
3510 697 3749 755 συγκρο-

2160 786 2368 841 τοῦσιν.

2233 876 2445 933 Οὐκοῦν
2470 877 2767 949 ἠχήσωμεν
2808 874 2904 931 τοῦ
2945 872 3273 946 ὲνηχοῦντος
3303 872 3439 945 ἡμῖν
3488 867 3749 939 Πνεῦμα-

2160 988 2252 1036 τος
2309 970 2550 1040 ἐπάξια·
2602 969 2958 1040 σαλπίσωμεν
3003 968 3271 1036 σάλπιγγι
3317 968 3377 1019 ὲν
3418 962 3559 1019 Σιών
3591 978 3608 995 ο
3641 979 3750 1033 κη-

2164 1062 2418 1137 ρύξωμεν
2472 1065 2532 1118 ὲν
2586 1061 2706 1135 δρει
2761 1061 2929 1133 ἁγίῳ,
2990 1064 3057 1131 τῇ
3105 1057 3407 1130 Ἐκκλησία
3457 1054 3653 1127 ταύτῃ,
3684 1055 3751 1126 τῇ

2165 1158 2404 1230 μυστικῇ
2441 1156 2538 1211 καὶ
2584 1156 2845 1228 ἀγαπητῇ
2880 1153 2975 1209 τοῦ
3038 1152 3173 1208 Θεοῦ
3216 1152 3370 1206 πόλει
3405 1166 3421 1179 ⁸
3471 1148 3569 1203 καὶ
3596 1145 3750 1219 ἱερὰς

2162 1251 2566 1323 συστησάμενοι
2590 1248 2973 1322 χοροστασίαις,
3005 1246 3106 1311 τὰς
3129 1246 3241 1302 τῶν
3290 1242 3452 1315 ἱερῶν
3484 1240 3753 1310 Θεολόγων

2161 1344 2441 1416 πανιέρως
2499 1345 2857 1415 κροτὴσωμεν
2887 1338 3238 1413 ὑμνολογίας.
3284 1337 3663 1409 Κροτήσωμεν
3696 1332 3754 1385 δὲ

2160 1435 2281 1500 πῶς
2311 1452 2329 1503 ;
2362 1435 2439 1489 Οὐ
2499 1433 2775 1504 σοφιστῶν
2820 1431 3080 1503 ἑπόμενοι
3142 1428 3330 1502 νόμοις
3364 1441 3380 1455 ο
3413 1425 3475 1478 οὐ
3501 1423 3581 1493 τῷ
3604 1422 3753 1493 λόγῳ

2158 1529 2259 1592 τὰς
2311 1527 2464 1583 κάτω
2504 1525 2862 1597 σεμνύνοντες
2915 1522 3223 1595 πατρίδας;
3275 1520 3338 1574 οὐ
3388 1518 3451 1571 τὸ
3479 1515 3589 1572 ἀπὸ
3646 1517 3754 1588 γῆς

2161 1619 2636 1695 μεγαλαυχοῦντες
2678 1618 2873 1688 γένος·
2934 1616 2997 1669 οὐ
3055 1615 3402 1686 γεννήσεως,
3464 1610 3565 1665 οὐκ
3614 1609 3751 1663 ἀνα·-

2159 1715 2404 1787 στροφῆς
2438 1712 2765 1784 ἀστειότητα
2789 1711 3099 1779 διεξιόντες.
3132 1708 3228 1771 Τίς
3281 1706 3393 1778 γὰρ
3425 1706 3491 1759 ἐκ
3545 1701 3753 1757 τούτων

2159 1804 2331 1874 αἷνος,
2363 1810 2477 1872 τοῖς
2505 1807 2725 1876 Πατέρα
2750 1806 2873 1878 μὲν,
2898 1806 2993 1859 τὸν
3026 1804 3134 1859 τῶν
3173 1802 3315 1858 ὅλων
3355 1798 3544 1871 σχοῦσι
3568 1797 3703 1852 Θεόν
3730 1810 3747 1827 ⁶

2162 1895 2399 1967 πατρίδα
2451 1895 2530 1961 δὲ,
2582 1895 2682 1967 τὴν
2741 1894 2855 1949 ἄνω
2910 1891 3303 1966 Ἰερουσαλήμ·
3360 1890 3517 1960 γένος
3564 1888 3622 1942 δὲ
3647 1887 3750 1942 λα·-

2161 1987 2337 2059 χοῦσι,
2390 1986 2487 2043 τὸν
2542 1987 2815 2059 μακάριον
2868 1987 3221 2059 πατριάρχην
3281 1983 3579 2056 Ἀδραάμ“
3615 1980 3752 2053 μᾶλ-

2158 2078 2253 2133 λον
2284 2079 2366 2143 δὲ,
2386 2078 2486 2151 τὴν
2512 2078 2723 2133 ἐκείνου
2752 2078 2938 2134 πίστιν
2964 2077 3059 2130 καὶ
3086 2074 3458 2145 δικαιοσύνην,
3486 2070 3569 2137 οίς
3598 2072 3749 2144 αὐτῷ

2159 2172 2256 2225 καὶ
2304 2172 2661 2226 παντάπασιν
2725 2170 3037 2241 ὼμοίωνται
3071 2185 3085 2202 ·
3138 2167 3488 2239 ἀναστροφὴν
3536 2166 3594 2221 δὲ
3648 2165 3751 2235 τὴν

2160 2265 2386 2335 ἀρετὴν,
2444 2263 2540 2318 καὶ
2592 2262 2693 2335 τὴν
2733 2263 2869 2334 πρὸς
2934 2260 3172 2334 Χριστὸν
3219 2261 3309 2315 διὰ
3368 2260 3538 2331 νόμου
3589 2256 3749 2312 παιδ-

2160 2354 2408 2423 αγωγίαν
2458 2371 2517 2409 τε
2543 2353 2638 2407 καὶ
2696 2353 3170 2426 προκατάρτισιν;
3210 2351 3348 2407 Ἀλλ’
3401 2350 3526 2404 οὐδὲ
3569 2350 3751 2413 πάσας

2160 2446 2290 2515 ἑξῆς
2311 2447 2410 2510 τὰς
2458 2444 2602 2518 ὑπὲρ
2626 2444 2722 2499 τοῦ
2778 2444 2914 2500 Θεοῦ
2954 2446 3131 2515 Λόγου
3171 2442 3619 2516 κατωρθωμένας
3652 2442 3753 2495 αὐ-

2157 2540 2272 2603 τοῖς
2329 2537 2734 2609 μεγαλουργίας
2789 2538 2913 2594 κατ’
2966 2534 3109 2602 εἶδος
3130 2538 3570 2609 ὲξυμνήσωμεν*
3605 2538 3751 2592 οὕτω

2159 2630 2272 2702 γὰρ
2293 2631 2429 2701 πρὸς
2456 2631 2533 2700 τῷ
2562 2631 2843 2704 ἀνεφίκτῳ
2872 2632 2973 2703 τῆς
2993 2634 3385 2706 ἐγχειρήσεως,
3418 2634 3515 2686 καὶ
3538 2632 3631 2688 τὸν
3649 2633 3750 2703 τῆς

2163 2723 2508 2796 συμμετρίας
2546 2723 2614 2779 ἂν
2646 2724 2811 2795 νόμον
2846 2725 3264 2797 παραϐαίημεν.
3325 2724 3639 2791 Ἐπαινετὺς
3692 2724 3754 2779 δὲ

466 2817 780 2873 diocritatis
813 2817 993 2888 legem
1025 2818 1453 2874 excesserimus.
1480 2814 1576 2873 lla:
1604 2833 1738 2872 vero
1796 2818 1988 2883 etiam,
2013 2817 2060 2873 si

2165 2816 2264 2871 καὶ
2322 2811 2501 2883 οὗτος,
2537 2818 2698 2889 εἰπερ
2726 2816 2886 2883 ἄλλος
2912 2836 3020 2884 τις,
3076 2817 3267 2889 ὥσπερ
3296 2818 3599 2889 ἐνεργείαις
3646 2816 3754 2873 πά-

470 2921 581 2978 qua
609 2907 738 2972 alia,
764 2905 1234 2977 quemadmodum
1264 2906 1320 2962 in
1353 2907 1616 2963 omnibus
1646 2908 2060 2978 operationibus

2164 2928 2287 2976 σαις
2316 2913 2414 2966 καὶ
2466 2910 2666 2968 πάθεσι
2715 2912 2812 2968 καὶ
2858 2912 3159 2983 πράξεσιν,
3216 2910 3364 2966 οὕτω
3398 2912 3462 2983 δὴ
3488 2911 3585 2966 καὶ
3638 2912 3755 2975 τοῖς

469 2997 937 3070 passionibusque
958 3006 1017 3054 et
1044 2999 1284 3065 actibus,
1312 3000 1395 3055 sic
1428 3010 1485 3055 et
1518 2999 1575 3056 in
1614 3001 1749 3071 ipsis
1785 3002 2060 3057 intellecta

2162 3001 2344 3071 λόγοις
2377 3000 2557 3065 αὐτοῖς
2592 2999 3050 3070 ὲνθεωρούμενος.
3098 2998 3264 3054 Ἀλλὰ
3320 2999 3393 3053 τὰ
3428 2998 3530 3070 μὶν
3579 2998 3756 3068 ἑτέρῳ

470 3091 795 3162 integraque
829 3091 1220 3155 sermonibus,
1242 3090 1464 3148 laudem
1498 3092 1690 3149 habet.
1719 3094 1923 3150 Verum
1956 3094 2060 3149 alia

2162 3090 2545 3166 τεταμιιύσθω
2579 3092 2761 3166 καιρῷ
2796 3092 2895 3147 καὶ
2929 3092 3077 3163 λόγῳ
3104 3108 3121 3126 ο
3154 3091 3224 3146 τὰ
3257 3091 3308 3145 δὲ
3342 3089 3439 3145 νῦν
3480 3083 3629 3145 αἶνον
3659 3090 3757 3146 καὶ

472 3181 702 3255 quidem
734 3181 829 3237 alii
858 3181 1094 3253 tempori
1124 3192 1290 3254 atque
1320 3183 1565 3239 sermoni
1596 3193 1763 3239 sunto
1790 3186 2059 3254 reposita;

2165 3187 2322 3254 δόξαν
2359 3189 2472 3251 τοῖς
2508 3186 2866 3256 λογιωτάτοις
2921 3184 3287 3255 προσάξωμεν
3329 3184 3426 3239 τοῦ
3456 3184 3633 3253 Λόγου
3660 3186 3754 3254 φί-

468 3275 579 3330 alia
627 3289 760 3331 vero
811 3289 964 3331 nunc
1019 3274 1201 3333 laudis
1269 3285 1598 3347 argumento
1652 3286 1817 3347 atque
1874 3278 2061 3348 gloriae

471 3364 857 3421 disertissimis
889 3364 1168 3421 sermonis
1200 3364 1397 3421 amicis
1428 3364 1731 3421 offeramus
1767 3383 1783 3421 :
1817 3365 2061 3423 directi»

469 3472 581 3528 que
610 3458 679 3513 ad
707 3473 805 3513 eos
834 3456 1014 3513 laudis
1048 3457 1290 3525 cantico,
1319 3457 1376 3513 in
1408 3457 1530 3515 haec
1560 3458 1728 3514 verba
1767 3474 1893 3514 cum
1926 3474 2060 3531 pro—

468 3550 643 3625 pheta
669 3568 685 3611 ;
715 3550 899 3616 Aucte,
927 3550 1029 3619 ﬁlii
1058 3548 1187 3605 Sion
1204 3550 1271 3616 ³⁷,
1299 3550 1451 3623 ipsos
1478 3551 1815 3623 alloquamur
1833 3591 1846 3605 .

544 3644 740 3712 Avete,
778 3654 1022 3717 paterna:
1056 3646 1259 3702 divinae
1291 3644 1527 3717 originis
1559 3646 1695 3701 clari
1731 3661 2055 3717 praecones:

472 3736 791 3794 divinorum
824 3735 949 3791 Filii
983 3750 1214 3807 Operum
1248 3734 1581 3792 divinissimi
1619 3735 2006 3805 explanatores
2042 3748 2062 3789 :

470 3829 709 3887 viviﬁca:
746 3828 987 3899 Spiritus
1026 3827 1254 3885 virtutis
1292 3828 1418 3883 viva
1458 3842 1663 3899 organa
1708 3841 1773 3882 ac
1812 3825 2064 3882 modula-

474 3923 714 3985 tissima,
758 3936 882 3993 qua:
921 3920 1185 3976 videlicet
1234 3919 1578 3977 dulcissimis
1618 3918 1851 3975 vocibus
1896 3927 2064 3990 atque

472 4016 715 4073 modulis
759 4013 1237 4080 concinnissimis,
1279 4015 1603 4071 universum
1653 4014 1818 4070 simul
1866 4012 2061 4068 urbem

436 4118 679 4164 xterram
712 4107 809 4163 uni
839 4106 1021 4162 Verbo
1055 4116 1113 4161 et
1140 4106 1256 4162 Deo
1288 4105 1681 4170 adhibueritis,
1712 4115 1769 4160 et
1793 4103 1861 4159 ad
1892 4104 1971 4159 illi
2005 4104 2061 4159 in

469 4198 672 4271 Spiritu
695 4206 753 4253 et
777 4199 1009 4254 veritate
1038 4198 1391 4253 serviendum
1425 4197 1779 4252 instituerilis
1797 4196 1864 4253 ⁸⁸.

544 4288 705 4347 Salve
721 4290 818 4353 sis,
834 4291 1016 4352 Petre,
1038 4290 1127 4345 cui
1154 4291 1337 4347 claves
1360 4289 1515 4360 regni
1542 4288 1811 4345 caelorum
1837 4288 2063 4344 credite

471 4391 603 4439 sunt
656 4400 673 4449 ;
732 4398 902 4454 super
950 4398 1115 4453 quem
1164 4382 1421 4439 Christus
1471 4381 1711 4436 ﬁrmavit
1758 4380 2060 4437 Ecclesiam

470 4490 663 4543 suam;
707 4490 875 4546 quem
924 4474 992 4529 ad
1036 4476 1252 4530 Patrem
1295 4474 1635 4547 migraturus
1697 4472 1815 4530 suis
1863 4473 2063 4529 ovibus

470 4575 751 4639 pastorem
778 4566 1020 4639 praefecit
1037 4566 1102 4621 ".

544 4777 706 4834 Salve
732 4775 1049 4843 sis,‘Pauie,
1078 4772 1173 4844 qui
1203 4772 1383 4829 ﬁdelis
1410 4780 1468 4827 et
1497 4770 1743 4842 prudens
1771 4770 2060 4841 dispensa-

472 4882 562 4929 tor
582 4880 825 4944 paterna:
851 4868 1052 4924 domus
1078 4866 1369 4929 enitueris,
1392 4880 1624 4933 eamque
1648 4863 1719 4918 ob
1747 4879 1862 4919 rem
1891 4862 2059 4921 etiam

471 4978 642 5033 super
675 4960 861 5017 omnia
896 4973 1019 5029 qua:
1052 4957 1202 5012 illius
1232 4965 1396 5019 sunt,
1425 4954 1765 5011 constitutus
1802 4954 1879 5009 sis
1912 4970 1928 5019 ;
1962 4953 2058 5023 qui

466 5054 662 5111 adhuc
680 5053 875 5107 vivens
905 5063 1161 5120 corpore,
1180 5049 1238 5103 in
1266 5049 1490 5105 tertium
1518 5046 1721 5103 coelum
1747 5053 1936 5117 raptus
1961 5045 2058 5112 sis,

471 5146 905 5222 paradisumque
922 5140 1131 5199 mentis
1152 5141 1331 5197 oculis
1352 5140 1745 5212 aspectabilem
1767 5153 2062 5204 conspexe-

473 5241 576 5306 ris,
599 5254 665 5295 ac
689 5237 864 5295 verba
898 5250 1099 5292 arcana
1136 5234 1246 5291 tuis
1278 5234 1398 5304 ipse
1430 5232 1665 5291 auribus
1698 5230 1976 5290 audiveris
1992 5232 2059 5281 ⁸⁸.

540 5332 708 5389 Salve
730 5331 831 5392 sis,
860 5331 1044 5393 Petre,
1073 5327 1168 5397 qui
1201 5327 1360 5393 prius
1392 5325 1615 5397 quidem
1647 5332 1831 5381 mutos
1859 5336 2060 5394 sagena

475 5425 658 5497 pisces
686 5421 945 5494 capiebas
962 5420 1007 5452 “
1036 5438 1050 5475 :
1082 5428 1273 5491 postea
1302 5436 1457 5485 vero,
1486 5419 1675 5474 divino
1706 5420 1862 5488 plexa
1893 5432 2061 5487 opere

478 5513 596 5583 ipse
640 5527 743 5582 per
787 5509 1075 5565 Christum
1125 5525 1326 5580 sagena
1368 5509 1630 5574 eﬁ‘ectus,
1666 5518 1724 5563 et
1772 5506 1828 5563 in
1874 5504 2063 5562 saeculi

478 5605 683 5660 missus
720 5616 905 5667 mare,
942 5610 1108 5672 atque
1141 5617 1211 5658 ex
1241 5603 1394 5659 omni
1429 5600 1787 5657 rationalium
1820 5598 2061 5674 piscium

548 5807 595 5843 ³⁸
614 5805 732 5864 loel
756 5822 815 5867 ιι.
841 5805 891 5869 l,
914 5806 1010 5873 l5;
1035 5806 1184 5863 Psal.
1206 5822 1266 5867 ιι,
1289 5805 1343 5859 6.
1421 5803 1794 5865 "10611.23.

477 5890 627 5949 xm,
648 5876 746 5951 46;
779 5878 821 5936 ll
849 5877 982 5937 Cor.
1008 5894 1105 5947 xit,
1128 5879 1183 5934 2.
1262 5876 1304 5910 “
1331 5875 1522 5933 Matth.
1546 5893 1620 5946 iv,
1648 5874 1743 5943 l9;
1772 5888 1887 5942 xm,
1910 5873 2001 5931 47.

1905 5803 1951 5836 ⁸⁸
1970 5802 2131 5861 Joan.
2156 5817 2229 5872 iv,
2251 5802 2341 5859 2‘5.

2169 3280 2281 3343 λοις
2315 3294 2331 3311 ο
2387 3279 2484 3334 καὶ
2534 3278 2673 3350 πρὸς
2712 3277 2913 3343 αὐτοὺς
2964 3278 3059 3333 τὸν
3108 3277 3282 3349 ὕμνον
3335 3277 3754 3342 ἀποτείναντες,

2171 3372 2253 3425 Τὰ
2290 3368 2472 3425 τέκνα
2489 3370 2669 3438 Σιὼν,
2694 3370 2954 3442 χαίρετε,
2986 3368 3126 3442 μετᾶ
3144 3367 3238 3423 τοῦ
3268 3373 3570 3441 προφήτου,
3593 3384 3760 3440 προσ.

2169 3464 2556 3535 φθεγγώμεθα.

2239 3642 2500 3715 Χαίρετε,
2530 3641 2632 3710 τῆς
2656 3640 2936 3713 πατρικῆς
2965 3639 3230 3713 θεαρχίας
3274 3637 3592 3711 διαπρύσιοι
3658 3638 3760 3711 κή-

2172 3752 2339 3805 ρυκες
2371 3751 2386 3767 ·
2409 3736 2513 3806 τῆς
2550 3732 2647 3788 τοῦ
2679 3732 2811 3788 Υἱοῦ
2850 3732 3141 3805 Θεουργίας
3190 3733 3572 3805 ίεροφάντορες
3620 3732 3759 3787 om.

2166 3845 2322 3884 τατοι
2344 3844 2364 3861 ·
2388 3831 2484 3899 τῆς
2522 3827 2800 3899 ζωαρχίας
2829 3827 2924 3881 τοῦ
2952 3825 3272 3899 Πνεύματος
3327 3825 3536 3899 ὄργανα
3578 3825 3759 3890 ζῶντα

2168 3922 2264 3975 καὶ
2287 3920 2665 3991 πολυαρμόνια
2696 3934 2712 3951 ’
2767 3922 2839 3973 τὰ
2871 3920 3132 3989 φθόγγοις
3159 3919 3398 3990 ἡδίστοις
3437 3916 3533 3974 καὶ
3564 3918 3755 3989 μέλεσι

2169 4014 2586 4086 παναρμονίοις,
2618 4012 2717 4085 τὴν
2743 4013 3069 4085 οἰκουμένην
3100 4012 3237 4085 όμοῦ
3258 4013 3464 4079 πᾶσαν,
3495 4013 3577 4066 lvi.
3594 4012 3756 4081 Λόγῳ

2169 4107 2263 4159 καὶ
2291 4106 2412 4176 Θεῷ
2450 4107 2944 4177 παραστησάμενα,
2982 4106 3077 4161 καὶ
3127 4104 3303 4178 τούτῳ
3341 4104 3619 4177 πνεύματι
3662 4104 3758 4161 καὶ

2168 4200 2400 4273 ἀληθείᾳ
2426 4197 2708 4270 λατρεύειν
2738 4200 3179 4271 συμϐιϐάσαντα.

2240 4292 2488 4365 Χαίροις,
2521 4292 2713 4364 Πέτρε,
2745 4294 2774 4346 ὁ
2796 4293 2896 4363 τῆς
2921 4292 3031 4348 τῶν
3068 4292 3319 4365 οὐρανῶν
3344 4292 3625 4363 βασιλείας
3653 4291 3755 4357 τὰς

2169 4388 2320 4451 κλεῖς
2348 4384 2823 4457 πεπιστευμένος·
2850 4386 2936 4456 ἐφ’
2987 4380 3033 4455 ᾧ
3077 4386 3179 4454 τὴν
3244 4384 3384 4438 ιδίαν
3430 4389 3459 4440 ό
3519 4385 3755 4454 Χριστὸς

2181 4483 2511 4554 Ἐκκλησίαν
2536 4482 2862 4555 ιστηρίξατο
2892 4498 2907 4513 ·
2944 4481 3004 4535 ὃν
3034 4482 3130 4535 καὶ
3159 4479 3419 4549 ποιμένα.
3464 4478 3603 4548 πρὸς
3661 4477 3756 4532 τὸν

2095 4580 2142 4639 ι)
2169 4576 2364 4631 ἑαυτοῦ
2394 4578 2615 4647 Πατέρα
2646 4576 3010 4648 μεταϐαίνων,
3054 4574 3148 4627 ἐπὶ
3180 4572 3292 4626 τῶν
3323 4570 3489 4627 αὑτοῦ
3541 4569 3757 4640 προϐάς

2165 4685 2276 4722 των
2304 4671 2703 4738 κατεστήσατο.

2240 4759 2491 4831 Χαίροις,
2528 4756 2733 4824 Παῦλε,
2770 4759 2798 4811 ό
2828 4758 3019 4821 πιστὸς
3051 4756 3336 4825 οἰκονόμος
3367 4753 3463 4809 καὶ
3490 4754 3755 4822 φρόνιμος

2166 4850 2266 4921 τῆς
2293 4849 2389 4903 τοῦ
2442 4851 2657 4921 Harpe;
2697 4850 3043 4921 ἀποδειχθεὶς
3088 4849 3267 4912 οίκίας
3301 4865 3315 4881 ·
3346 4846 3413 4901 δι’
3453 4846 3483 4899 ὃ
3515 4848 3611 4900 καὶ
3658 4846 3754 4898 ἐπὶ

2167 4944 2302 4997 πᾶσι
2350 4944 2463 5003 τοῖς
2510 4942 2849 5012 ὑπάρχουσιν
2903 4941 3052 5011 αὐτῷ
3090 4939 3538 5007 καθεσταμένον
3583 4939 3613 4991 ό
3670 4936 3753 4989 Eri.

2168 5034 2383 5105 σώματι
2403 5034 2534 5101 ζῶν,
2572 5034 2706 5104 πρὸς
2734 5036 2827 5088 τὸν
2846 5035 3031 5107 τρίτον
3061 5034 3333 5105 ἁρπαγεὶς
3376 5030 3625 5103 οὐρανὸν,
3659 5031 3754 5083 καὶ

2167 5124 2259 5179 τὸν
2305 5125 2497 5195 νοητὸν
2554 5126 2885 5196 παράδεισον
2924 5125 3276 5195 τεθεαμένος,
3335 5125 3432 5179 καὶ
3488 5122 3755 5195 ῥημάτων

2166 5222 2425 5293 ἀρρήτων
2456 5223 2721 5293 αὐτήκοος
2748 5222 3135 5293 γεγενημένος.

2239 5313 2489 5387 Χαίροις,
2545 5314 2745 5386 Πέτρε,
2781 5318 2809 5368 ό
2860 5314 3126 5385 πρότερον
3180 5311 3282 5383 μὲν
3310 5312 3522 5378 ἀλόγων
3556 5311 3754 5381 ίχθύων

2170 5406 2515 5476 σαγηνευτής
2550 5422 2564 5434 ·
2594 5405 2789 5459 ἔπειτα
2823 5409 3033 5477 σαγήνῃ
3070 5404 3362 5468 οεόπλοκος
3394 5403 3483 5457 διὰ
3512 5401 3754 5475 Χριστοῦ

2174 5498 2463 5568 γενόμενος
2515 5498 2699 5563 αὐτὸς,
2751 5500 2846 5551 καὶ
2896 5500 2978 5561 είς
3030 5498 3130 5568 τὴν
3172 5497 3446 5568 κοσμικὴν
3479 5496 3755 5553 Θάλασσαν

2171 5592 2602 5664 ἐμϐεϐλημένος,
2634 5594 2728 5649 καὶ
2766 5594 2831 5645 ἐκ
2864 5591 3065 5655 παντὸς
3117 5590 3311 5659 γένους
3361 5588 3471 5641 τῶν
3521 5586 3755 5656 λογικῶν

2436 5802 2480 5836 ³⁵
2501 5798 2694 5858 Matth.
2722 5815 2829 5866 xvr,
2876 5798 2969 5865 l8;
2997 5796 3154 5854 Joan.
3179 5812 3290 5864 xxi,
3314 5796 3401 5852 l7.
3495 5795 3541 5829 ”
3561 5788 3751 5851 Matth.
