4088 6304
501 335 578 403 43
1735 337 2035 400 NlCETxE
2073 339 2120 400 P

2233 337 2614 400 HLAGONIS

3819 342 3914 406 44

505 451 656 525 quod
705 449 900 506 divino
943 448 1231 520 proditum
1276 447 1528 519 eloquio,
1559 457 1670 515 est,
1705 448 1765 505 in
1798 451 2108 522 parabolis,

2233 452 2272 506 ῑέ
2308 451 2541 516 λοιποῖς,
2597 451 2740 505 κατὰ
2771 451 2866 506 τὸν
2908 453 3057 507 θεῖον
3085 452 3284 522 Λόγον,
3334 453 3396 507 ἐν
3457 456 3911 527 παραϐολαῖς,

506 561 614 617 pro
647 546 921 616 cujusque
957 541 1228 598 nimirum
1261 547 1415 596 certa
1443 541 1683 612 quadam
1719 544 1938 599 ratione
1979 559 2111 599 eum

507 651 769 694 sermone
817 635 1116 705 Verbaque
1166 633 1604 690 necessitudine.
1642 635 1814 692 Vobis
1854 637 2115 693 sublimis

507 717 815 802 divinaque:
848 745 917 786 ac
956 729 1280 786 immediata
1314 729 1372 785 in
1405 730 1646 786 excelsis
1673 731 1823 786 circa
1856 732 2113 790 inacces-'

507 823 931 881 sum'thranum
963 821 1162 894 prima:
1195 821 1346 879 sedis
1377 823 1683 878 constituta
1715 823 1980 895 dignitas.
2011 842 2116 895 pro

507 924 694 971 vestra
729 913 822 969 illa
851 928 983 969 cum
1015 910 1374 967 divinissimo
1403 928 1666 968 sermone
1693 914 1992 986 Verbaque
2018 930 2118 971 ne-

509 1006 851 1064 cessitudine
881 1004 1047 1076 digne
1066 1019 1140 1061 ac
1166 1004 1460 1075 magniﬁce
1487 998 1756 1060 attributa
1790 1023 1806 1060 :
1834 1021 1940 1063 nec
1961 994 2118 1063 dictu

511 1099 874 1157 temerarium
901 1098 1177 1162 arbitror,
1197 1113 1328 1167 quae
1359 1111 1392 1152 a
1424 1095 1638 1154 dextris
1669 1106 1838 1169 atque
1871 1086 2120 1157 sinistris

511 1191 717 1249 summi
737 1191 1140 1247 universorum
1170 1187 1339 1259 Regis
1368 1189 1546 1245 sessio
1571 1197 1680 1255 est,
1704 1190 1869 1247 vobis
1893 1206 1926 1246 a
1950 1191 2119 1246 Patre

509 1289 880 1355 praeparatam
907 1296 1033 1339 esse
1051 1281 1119 1336 “.

584 1375 728 1441 Vos,
756 1382 908 1432 terra
939 1375 1168 1445 quidem
1205 1384 1472 1445 tanquam
1503 1374 1835 1442 veritatem,
1859 1375 2020 1448 juxta
2054 1391 2121 1432 ac

512 1467 954 1526 sacratissimum
980 1467 1189 1523 cecinit
1212 1467 1408 1534 melos,
1429 1467 1608 1524 edidit
1633 1485 1649 1521 :
1681 1469 1885 1525 coelum
1910 1478 2117 1535 autem,

507 1560 742 1634 iustitiae
783 1574 1074 1631 praecones
1114 1558 1464 1630 produxit".
1493 1559 1633 1617 Nam
1680 1571 1832 1617 terra
1868 1562 2118 1632 quidem,

510 1655 670 1712 velut
706 1653 1017 1724 elegantem
1060 1651 1250 1709 emisit
1283 1651 1528 1708 fructum
1566 1670 1581 1709 :
1619 1669 1725 1709 sua
1755 1669 1893 1711 vero
1929 1655 2121 1710 Domi-

511 1765 644 1815 nus,
673 1749 732 1804 in
765 1746 925 1803 vobis
957 1747 1069 1802 alte
1101 1744 1285 1802 deﬁxa
1315 1749 1550 1819 rataque
1584 1746 1950 1820 benignitate,
1977 1743 2121 1806 cmi-

512 1842 775 1898 cantibus
798 1855 871 1896 ex
889 1837 1054 1894 vobis
1072 1835 1246 1894 radiis
1275 1847 1591 1898 creaturam
1616 1831 1844 1898 omnem
1872 1841 2126 1899 bonitate

511 1934 739 1990 imbuit.

585 2027 698 2083 Vos
729 2027 942 2099 primas
972 2029 1104 2085 vasa
1141 2026 1577 2096 misericordiae,
1608 2043 1955 2101 suarumque
1993 2045 2124 2102 gra-

513 2119 719 2175 tiarum
757 2119 1036 2191 pretiosas
1075 2135 1258 2191 penus
1295 2118 1570 2185 candens,
1603 2128 2124 2176 sacrosanctorum-

511 2227 622 2282 que
644 2212 921 2268 donorum
943 2227 1175 2268 suorum
1199 2211 1549 2283 plenitudine
1573 2211 1834 2284 implens,
1853 2227 1924 2268 ex
1937 2221 2124 2269 vestra

509 2317 734 2360 rursum
759 2300 1137 2373 plenitudine,
1155 2309 1388 2358 cunctas
1409 2300 1678 2372 deinceps
1697 2300 1946 2373 gentium
1967 2315 2128 2373 gene-

511 2397 763 2452 rationes
793 2410 1031 2451 munere
1059 2379 1228 2450 allicit
1245 2392 1313 2449 ⁸⁸.
1339 2393 1423 2450 Ac
1448 2391 1597 2448 sicut
1622 2392 1764 2464 legis
1785 2391 1920 2448 olim
1951 2392 2127 2448 inter-

498 2496 730 2559 pretem
777 2501 844 2541 ac
884 2487 1388 2557 promulgatorem,
1414 2499 1547 2541 eum
1585 2499 1688 2540 suo
1723 2483 1884 2540 illum
1923 2484 2124 2556 Spiritu

511 2579 709 2650 illique
739 2578 970 2648 proprio
1000 2577 1385 2649 adimplesset,
1417 2576 1707 2649 subjectos
1735 2575 1792 2632 ei
1823 2576 2124 2648 legisperi-

514 2679 604 2726 tos
625 2683 696 2726 ex
723 2668 822 2724 illo
851 2669 1102 2739 impartit
1133 2667 1305 2742 (quod
1335 2667 1418 2724 ita
1444 2664 1739 2722 manifeste
1765 2664 2124 2738 Septuaginta

511 2761 835 2824 seniorum,
872 2759 1033 2831 juxta
1087 2759 1470 2830 Scripturam,
1513 2758 1738 2815 vacatio
1787 2757 2007 2828 prodit;
2061 2773 2127 2814 ac

511 2851 665 2922 quod
691 2867 733 2907 α
763 2849 1009 2908 Massica
1041 2850 1289 2906 ablatum
1309 2890 1326 2917 ,
1359 2846 1604 2921 Spiritus
1644 2848 1757 2904 illis
1794 2847 2125 2904 demensum

510 2943 899 3006 contributum
933 2944 1066 3012 est),
1102 2943 1185 2999 sic
1215 2943 1274 2998 in
1305 2957 1408 2998 vos
1439 2955 1664 3012 quoque
1682 2948 1876 3012 postea
1915 2940 2124 3012 princi-

510 3049 636 3107 pes,
661 3031 856 3106 gratiae
889 3032 1152 3090 doctores
1187 3032 1617 3102 ministrosque,
1646 3046 1762 3087 non
1804 3045 2125 3086 commensa

508 3124 797 3196 largitate;
844 3123 943 3180 sed
993 3125 1149 3180 velut
1191 3125 1252 3179 in
1303 3137 1523 3179 summe
1554 3121 1959 3188 necessarios,
2005 3131 2124 3178 toto

2217 543 2502 613 ἀναλόγως
2531 545 2631 616 τῆς
2662 543 2801 614 πρὸς
2822 544 2918 599 τὸν
2973 544 3145 614 Λόγον
3183 545 3434 599 ἑκάστων
3463 546 3910 621 οἰκειότητος.

2232 636 2394 708 Ὑμῖν
2421 638 2604 710 ὑψηλή
2647 654 2707 690 τε
2735 637 2834 690 καὶ
2871 635 2993 692 θεία
3029 637 3126 691 καὶ
3175 637 3457 709 προσεχὴς
3508 638 3577 691 ἐν
3617 637 3919 711 ὑψηλοῖς

2217 728 2352 798 περὶ
2396 728 2491 782 τδν
2547 729 2852 801 ἀπρόσιτον
2903 727 3097 800 θρόνον
3153 727 3471 800 ἡτοιμάσθη
3535 731 3911 804 προεδρία,

2217 820 2361 874 κατὰ
2389 820 2490 891 τὴν
2509 819 2650 889 πρὸς
2699 818 2794 872 τὸν
2824 817 3271 890 θεαρχικώτατον
3322 819 3500 888 Λόγον
3557 821 3919 879 οἱκείωσιν

2212 908 2577 979 ’ἀξιοπρεπῶς
2632 909 3171 982 άποκεκληρωμένη.
3213 908 3380 981 ’Υμῖν
3427 911 3490 965 οὐ
3555 912 3911 986 τολμηρὸν

2217 995 2375 1070 οἶμαι
2397 1000 2566 1070 φάναι
2590 999 2691 1071 τὴν
2728 1002 2795 1054 ἐκ
2816 1000 3011 1067 δεξιῶν
3055 1019 3118 1056 τε
3155 1003 3253 1056 καὶ
3277 1003 3337 1068 ἐξ
3377 1000 3730 1068 εὐωνύμων
3787 1008 3909 1060 τοῦ

2219 1092 2624 1163 Παμϐασιλέως
2650 1093 2929 1166 καθέδραν
2977 1093 3087 1148 ὑπὸ
3142 1092 3240 1148 τοῦ
3291 1092 3509 1164 [ἰατρὸς
3576 1110 3908 1167 προητοι-

2223 1185 2452 1258 μάσθαι.
3862 1191 3864 1193 ’

2305 1371 2506 1441 ’Υμᾶς,
2533 1372 2568 1442 ἡ
2596 1371 2670 1442 γῆ
2701 1371 2800 1444 μὲν
2821 1373 2900 1437 ὡς
2928 1371 3210 1444 ἀλήθειαν,
3244 1371 3390 1427 κατὰ
3447 1373 3509 1425 τὸ
3540 1373 3908 1446 ἱερώτατον

2226 1464 2410 1535 μέλος,
2442 1463 2786 1530 ἐξανέτειλεν
2815 1479 2829 1495 ⁶
2864 1468 2893 1519 ὁ
2925 1465 3158 1538 οὐρανὸς
3183 1466 3242 1519 δὲ
3272 1464 3653 1537 δικαιοσύνης
3687 1470 3902 1542 κήρυ..

2223 1572 2330 1618 κας
2355 1554 2642 1627 ἐξέφανεν.
2669 1558 2784 1612 Καὶ
2815 1556 2980 1629 γὰρὴ
3014 1557 3088 1628 γῆ
3141 1559 3266 1627 μὲν,
3297 1557 3374 1620 ὡς
3433 1555 3674 1627 ὡραῖον
3746 1581 3904 1634 προ-

2219 1648 2414 1718 ΐσχετο
2452 1649 2674 1721 καρπόν
2710 1665 2725 1681 ⁶
2751 1649 2883 1719 ὑμῖν
2903 1650 2959 1704 δὲ
2982 1652 3010 1703 ὁ
3030 1647 3237 1717 Κύριος
3250 1649 3352 1721 τὴν
3386 1649 3617 1704 οἰκείαν
3655 1653 3902 1725 ἐνιδρυ-

2228 1739 2467 1811 σάμενος
2504 1744 2884 1813 χρηστότητα,
2902 1741 3024 1804 ταῖς
3049 1738 3445 1813 ἐξαλλομέναις
3461 1741 3646 1812 ὑμῶν
3685 1746 3902 1802 ἀκτῖσι

2230 1835 2416 1888 πᾶσαν
2440 1833 2786 1905 ἀγαθουργεῖ
2815 1833 2919 1906 τὴν
2945 1832 3153 1889 κτίσιν.

2307 2009 2489 2078 Ὕμᾶς
2521 2010 2776 2084 πρώτους
2805 2010 2994 2073 ἐλέους
3018 2010 3215 2083 σκεύη,
3245 2012 3344 2067 καὶ
3399 2019 3657 2083 ταμιεῖα
3696 2021 3881 2092 τίμια

2225 2101 2338 2156 τῶν
2357 2101 2527 2157 αὐτοῦ
2553 2102 2800 2176 χαρίτων
2831 2105 3423 2175 κατασκευασάμενος,
3465 2109 3577 2161 καὶ
3641 2113 3720 2166 ἐκ
3777 2114 3887 2167 τοῦ

2227 2193 2604 2265 πληρώματος
2653 2194 2764 2248 τῶν
2801 2193 3214 2267 τελεταρχικῶν
3247 2196 3418 2251 αὐτοῦ
3467 2197 3731 2272 δωρεῶν
3778 2222 3889 2258 πε-

2227 2283 2563 2356 πληρωκὼς,
2590 2287 2657 2340 ἐκ
2673 2285 2770 2340 τοῦ
2799 2286 3075 2358 ἡμετέρου
3106 2286 3273 2342 πάλιν
3296 2287 3730 2361 πληρώματος,
3774 2295 3885 2360 τὰς

2225 2371 2355 2436 ὅλας
2379 2373 2510 2445 ἑξῆς
2543 2375 2741 2442 γενεὰς
2763 2375 2875 2430 τῶν
2926 2374 3101 2431 ἐθνῶν
3147 2376 3435 2448 εὐεργετεῖ
3467 2395 3483 2411 ⁸
3527 2384 3640 2436 καὶ
3667 2383 3882 2454 ὥσπερ

2226 2463 2322 2518 τὸν
2349 2465 2448 2518 τοῦ
2489 2464 2824 2536 γράμματος
2869 2466 3066 2540 πρώην
3098 2468 3428 2541 ὑποφήτην,
3480 2473 3592 2526 τοῦ
3659 2475 3881 2548 ἐκείνῳ

2226 2557 2604 2626 προσήκοντος
2631 2558 2952 2629 πνεύματος
2972 2560 3382 2632 πεπληρωκὼς,
3427 2562 3489 2630 ἐξ
3527 2567 3720 2620 αὑτοῦ
3753 2573 3886 2634 τοῖς

2225 2646 2322 2700 ὑπ’
2351 2646 2505 2718 αὒτῷ
2531 2649 2866 2719 μεταδίδωσι
2899 2652 3310 2721 νομιζομένοις·
3355 2653 3518 2724 εἴπερ
3563 2655 3878 2726 ἀπόδειξις

2225 2733 2422 2790 τούτου
2473 2737 2685 2810 σαφὴς,
2744 2742 2778 2807 ἠ
2831 2741 2945 2793 τῶν
3015 2741 3422 2814 Ἐϐδομήκοντα
3493 2743 3880 2820 πρόσκλησις

2226 2832 2646 2906 πρεσϐυτέρων,
2702 2837 2848 2891 κατὰ
2873 2838 2974 2908 τὴν
3005 2839 3236 2912 Γραφήν
3265 2853 3280 2869 ο
3318 2839 3414 2894 καὶ
3467 2842 3717 2915 πνεῦμα
3767 2846 3870 2900 τοῦ

2225 2924 2533 2979 Μωσαῖκοῦ
2567 2927 2670 2998 μὲν
2691 2929 3131 3000 ἀφαιρούμενον,
3173 2932 3362 2995 αὐτοῖς
3390 2933 3450 2987 δὲ
3496 2933 3870 3010 ἐπιμετροῦ-

2229 3031 2396 3083 μενον
2423 3035 2441 3050 ο
2469 3015 2616 3072 οὕτω
2645 3019 2745 3073 καὶ
2786 3020 2920 3090 ὑμῖν
2964 3020 3196 3094 ὕστερον
3225 3025 3340 3088 τοῖς
3381 3028 3740 3097 κορυφαίοις
3764 3030 3867 3096 τῆς

2226 3108 2453 3178 χάριτος
2483 3115 2876 3182 μυπαγωγοῖς
2909 3117 3005 3168 καὶ
3030 3115 3328 3178 διακόνοις,
3368 3115 3480 3170 οὐκ
3537 3120 3612 3173 ἐκ
3651 3097 3862 3196 μέτρου

4009 2997 4018 3056 ἑ

4007 3071 4020 3136 ’.

511 3189 696 3273 eﬂ’uso
728 3189 1054 3289 adoptionis
1083 3215 1328 3286 Spiritu,
1351 3222 1540 3271 vestra
1574 3227 1646 3270 ex
1677 3213 2027 3286 plenitudine
2061 3226 2122 3272 ut

2233 3202 2286 3255 τὸ
2318 3199 2544 3275 Πνεῦμα
2574 3202 2679 3274 τῆς
2730 3205 3012 3269 υἱοθεσίας
3046 3222 3062 3239 ο
3122 3206 3242 3259 ἀλλ’
3269 3207 3404 3261 ὄλον-
3455 3211 3544 3274 ὡς
3575 3189 3860 3269 οἰκειοτά-

509 3323 585 3366 ex
617 3305 961 3365 inexhausta
1002 3307 1178 3375 fonte,
1211 3305 1411 3378 gratia:
1451 3304 1599 3364 ﬁlios
1636 3320 1835 3363 omnes
1872 3307 2124 3364 bonitate

505 3399 717 3458 imbuit
744 3409 803 3458 et
829 3399 1059 3457 deitate.

583 3580 699 3638 Vos
729 3579 977 3637 mundus
1011 3580 1308 3643 universus
1338 3594 1453 3636 non
1487 3590 1641 3637 recte
1671 3581 1987 3648 amulatus,
2014 3581 2125 3638 hoc

511 3684 738 3749 quoque
771 3684 1028 3746 satagens
1059 3683 1120 3732 ut
1149 3675 1483 3745 perditionis
1514 3675 1792 3746 profundo
1821 3689 2120 3747 mergeret,

511 3769 599 3826 sic
662 3769 920 3824 nesciens
985 3769 1424 3838 imprudensque
1480 3782 1581 3838 spe
1639 3766 1942 3822 frustratus
2001 3775 2121 3832 est,

514 3870 579 3918 ut
627 3875 760 3916 suos
809 3859 988 3930 magis
1034 3859 1203 3915 heros
1249 3874 1522 3931 regesque
1548 3859 1878 3931 agnoverit.
1912 3858 2125 3929 Nempe

515 3969 706 4024 reges,
739 3969 852 4007 non
894 3949 1000 4023 qui
1037 3953 1233 4022 rapina
1272 3966 1507 4022 regnum
1549 3950 1823 4007 caducum
1864 3950 2122 4017 inierint,

513 4043 614 4101 sed
655 4042 754 4115 qui
796 4043 1029 4114 gloriam
1074 4041 1446 4097 immortalem
1489 4055 1558 4096 ac
1596 4042 2003 4114 sempiternum
2041 4056 2129 4096 re-

512 4151 685 4208 gnum
716 4135 1027 4193 induerint.
1056 4133 1252 4191 Omnis
1281 4133 1435 4190 enim
1464 4143 1615 4190 terra
1643 4142 1703 4190 et
1731 4150 1884 4190 mare
1915 4133 2127 4190 excita-

513 4227 612 4293 tis,
646 4241 1031 4298 aquarumque
1056 4241 1214 4282 more
1241 4225 1586 4297 importabili
1622 4226 1835 4297 impetu
1863 4227 2128 4298 praeeipi-

515 4319 762 4376 xantium
814 4317 1096 4384 eﬂ‘eratis,
1139 4318 1458 4391 linguaeque
1501 4318 1830 4390 multiplicis
1877 4318 2125 4389 gentium

515 4413 752 4478 cuneis,
797 4411 1070 4467 adversus
1130 4426 1323 4468 sacros
1382 4411 1535 4483 ipsos
1596 4411 1923 4482 theologos;
1976 4413 2127 4468 viros

2230 3310 2348 3358 τοις
2377 3293 2738 3367 ἐκχεάμενος,
2762 3296 2839 3361 ὡς
2865 3296 2924 3362 ἐξ
2970 3297 3253 3353 ἁκενώτου
3296 3302 3489 3374 πηγῆς
3527 3305 3638 3379 τῆς
3659 3306 3860 3378 ὑμετέ-

2235 3404 2337 3459 ρας
2405 3388 2792 3461 πληρότητος,
2850 3391 2923 3445 τὰ
2970 3391 3145 3447 τέκνα
3208 3392 3394 3447 πάντα
3455 3397 3567 3469 τῆς

2230 3481 2497 3551 ἁγαθύνει
2536 3483 2632 3536 καὶ
2655 3483 2932 3556 θεουργεῖ.

2311 3573 2492 3644 ’Υμᾶς
2518 3575 2549 3628 ὁ
2578 3575 2909 3647 πᾶςκόσμος
2939 3575 3198 3647 ζηλώσας
3218 3577 3280 3631 οὐ
3308 3577 3530 3648 καλῶς,
3557 3588 3661 3640 καὶ
3681 3586 3856 3655 βυθοϊς

2230 3664 2509 3729 ἀπωλείας
2543 3667 2894 3738 καταχώσειν
2928 3668 3287 3740 βιασάμενος,
3331 3671 3527 3741 οὕτως
3557 3678 3726 3733 ἔλαθε
3757 3676 3856 3732 τῶν

2231 3757 2468 3812 ἐλπίδων
2519 3758 2834 3831 ἀποτυχὼν,
2882 3761 3024 3816 ὥστε
3077 3763 3282 3833 μᾶλλον
3339 3765 3638 3838 δεσπότας
3700 3773 3858 3833 ἰδίους
4023 3777 4028 3842 ί

2232 3851 2536 3919 ἐπιγνῶναι
2564 3854 2662 3907 καὶ
2685 3853 2932 3924 βασιλεῖς
2961 3871 2976 3886 ο
3012 3853 3259 3927 βασιλεῖς
3284 3858 3389 3930 οὐχ
3431 3863 3731 3937 ἁρπαγμῷ
3761 3862 3839 3935 βα-

2233 3944 2435 4000 σίλειον
2455 3947 2751 4018 εἰληφότας
2782 3949 3237 4023 καταργούμενον
3281 3969 3298 3984 ⁸
3329 3952 3462 4011 ἀλλ’
3507 3959 3852 4014 ἀκατάλυτον

2231 4035 2392 4103 δόξαν
2405 4038 2503 4092 καὶ
2523 4029 2945 4104 διαιωνίζουσαν
2962 4043 3388 4114 ἠμφιεσμένους
3403 4049 3726 4119 βασιλείαν.
3744 4043 3848 4102 Καὶ

2231 4129 2344 4202 γὰρ
2378 4133 2410 4203 ἡ
2443 4130 2518 4200 γῆ
2570 4132 2674 4202 μὲν
2707 4135 2861 4189 πᾶσα
2913 4135 3012 4188 καὶ
3044 4133 3318 4201 Θάλασσα,
3367 4139 3480 4205 τὰς
3518 4141 3845 4208 ἐκτεθηριω-

2235 4222 2408 4292 μένας
2443 4226 2545 4279 καὶ
2583 4223 3011 4295 πολυγλώσσους
3038 4228 3246 4295 ἀγέλας
3279 4228 3396 4282 τῶν
3439 4234 3644 4299 ἐθνῶν,
3678 4221 3834 4285 καθά-

2233 4331 2345 4387 περ
2371 4317 2586 4372 ὑδάτων
2612 4319 2736 4391 βίαν
2757 4320 3158 4388 ἀνυπόστατον,
3185 4321 3332 4376 κατὰ
3365 4327 3491 4380 τῶν
3525 4326 3687 4399 ἱερῶν
3713 4315 3838 4372 τού-

2231 4424 2347 4462 των
2387 4409 2662 4480 θεολόγων
2690 4410 3118 4479 κατεγείρουσα.
3169 4414 3281 4466 τῶν
3305 4418 3561 4486 σεμνῶν,
3593 4416 3696 4470 τῶν
3752 4423 3839 4478 μι-

3633 3369 3856 3472 χάὶριτος
4015 3369 4022 3456 l

515 4503 734 4561 scilicet
764 4502 1050 4559 modestos
1079 4518 1144 4559 ac
1175 4518 1396 4574 graves,
1421 4501 1685 4570 humiles,
1708 4502 1866 4560 brevi
1900 4505 2122 4560 lacerna

2235 4499 2409 4572 κρῶν,
2437 4501 2548 4555 τῶν
2581 4501 2782 4573 βραχεῖ
2805 4505 2965 4574 ρἀει
2989 4504 3054 4558 τὺ
3074 4505 3236 4574 σῶμα
3267 4511 3646 4580 σκεπομένων
3680 4521 3693 4537 ⁸
3719 4498 3840 4558 ἄλλο
3931 4550 3933 4553 .

513 4606 763 4668 opertos,
786 4611 893 4651 nec
914 4594 1090 4650 ullum
1118 4567 1392 4665 praeterea
1411 4595 1602 4652 seculi
1625 4567 1795 4667 hujus
1819 4595 2122 4653 inferentes

2233 4567 2292 4646 δέ
2328 4567 2724 4660 καθάπαξ
2748 4567 2848 4650 νέν
2871 4596 3074 4660 αἰῶνος
3117 4567 3274 4651 οθδὲν
3327 4567 3593 4670 ἐφόλκιον
3642 4603 3837 4662 ἐπάγη·

513 4699 925 4756 commeatum;
954 4696 1122 4758 atque
1152 4687 1242 4743 bis
1267 4703 1472 4760 corpus
1499 4687 1758 4759 perdere,
1779 4688 2102 4759 praedicatio

513 4797 642 4838 nem
673 4781 1052 4851 exstinguere,
1080 4795 1424 4852 sensumque
1456 4795 1523 4836 ac
1553 4778 1716 4836 fidem
1747 4781 1830 4837 sic
1855 4780 2128 4837 radicitus

511 4872 756 4928 evellere
808 4869 1203 4936 molientibus,
1235 4878 1298 4926 ut
1344 4885 1452 4927 nec
1498 4874 1785 4927 memoriae
1827 4871 2122 4943 vestigium

511 4963 727 5018 mundo
755 4969 1032 5018 exstaret:
1059 4962 1143 5018 sic
1170 4960 1417 5019 vicissim
1444 4977 1663 5030 aversa,
1683 4972 1742 5019 et
1769 4962 1840 5019 ab
1865 4963 2126 5019 absurdis

512 5054 756 5111 inhibita
797 5054 1096 5110 conatibus
1133 5061 1286 5122 sunt,
1320 5061 1385 5110 u:
1423 5055 1676 5110 divinum
1719 5055 1855 5111 illud
1900 5070 1962 5110 re
2005 5055 2125 5127 ipsa

509 5147 869 5203 oraculorum
897 5148 1187 5216 impletum
1211 5149 1678 5219 conspiciatur”.
1697 5148 1902 5203 Eorum
1925 5163 2129 5219 nempe

510 5254 773 5295 sermone
805 5253 1126 5309 compressa
1159 5248 1489 5311 tempestate
1519 5241 1690 5312 inque
1717 5241 1900 5296 lenem
1931 5242 2128 5297 tradu-

510 5341 604 5386 cta
628 5347 858 5397 auram;
885 5343 1056 5402 atque
1081 5332 1233 5388 illius
1252 5333 1480 5403 quidem
1505 5320 2126 5397 silentibusﬁuctibus;

509 5422 732 5478 ctmctis
755 5437 890 5477 vero
915 5438 1032 5492 pra:
1063 5422 1469 5493 tranquillitate
1494 5424 1925 5491 laetantibus,‘ac
1945 5426 2040 5496 qui
2068 5425 2123 5478 in

510 5513 718 5568 divinae
746 5512 1053 5569 voluntatis
1079 5523 1307 5585 portum
1332 5514 1705 5571 deducantur.

611 5721 664 5756 ‘°
689 5698 906 5797 ‘M'attln
932 5741 1050 5797 xm.
1081 5725 1139 5779 ll
1164 5743 1186 5791 λ
1211 5725 1348 5780 Luc.
1393 5741 1510 5795 vm,
1539 5726 1638 5794 i0;
1671 5725 1864 5783 Matth.
1911 5745 2021 5793 xix,
2047 5727 2147 5797 28;
2183 5728 2375 5784 Matth.
2401 5747 2490 5795 xx,
2514 5731 2586 5786 ‘23

509 5789 559 5827 ⁸⁸
581 5793 725 5850 Psal.
751 5810 858 5861 CVI,
883 5795 972 5852 9.9.
1009 5789 1177 5852 Num.
1203 5813 1279 5862 xl,
1306 5798 1392 5854 l7.

2237 4685 2458 4753 μένωνο
2524 4687 2622 4738 καὶ
2671 4685 2890 4750 τούτοις
2943 4687 3132 4740 ὀλέσαι
3164 4689 3266 4759 μὲν
3319 4691 3510 4764 σῶμα,
3547 4691 3740 4746 σσέσαι
3783 4683 3837 4734 δὲ

2233 4775 2395 4844 λόγον
2425 4792 2443 4809 ο
2473 4775 2603 4831 νοῦν
2627 4777 2687 4831 δὲ
2722 4777 2821 4831 καὶ
2863 4777 3050 4832 πίστιν
3084 4777 3264 4844 οὕτως
3292 4778 3550 4852 ὁλόριζον
3596 4779 3823 4835 ἑκτῖλαιν

2230 4869 2310 4933 ὠς
2336 4870 2475 4940 μηδὲ
2527 4871 2754 4942 μνήμης
2779 4869 2928 4940 ἴχνος
2972 4871 3052 4944 τῷ
3093 4872 3196 4944 βίῳ
3219 4876 3552 4930 καταλιπεῖν
3585 4880 3834 4944 μηχανω⁶

2234 4963 2374 5034 μένη
2400 4981 2415 4994 ·
2467 4962 2646 5028 οὕτως
2700 4965 3116 5034 ἁντὲστραπται
3154 4967 3258 5038 τῆς
3303 4967 3528 5030 κακίας,
3578 4963 3674 5017 καὶ
3727 4952 3832 5008 τῶν

2231 5059 2456 5114 ἀτόπων
2520 5061 2949 5132 ἐγχειρημάτων
2996 5061 3382 5128 ἀνακὲκοπτο,
3451 5063 3530 5125 ὡς
3576 5058 3639 5111 τὸ
3696 5051 3832 5107 θεῖον
3869 5105 3874 5112 .

2231 5148 2415 5203 ἐκεῖνο
2479 5151 2664 5219 λόγιον
2709 5150 3112 5219 ἐνεργούμενον
3159 5154 3296 5223 ὁρᾷν
3330 5170 3346 5186 ο
3411 5150 3492 5222 τῷ
3537 5147 3681 5213 λόγῳ
3732 5136 3829 5223 μὲγ

2231 5238 2418 5292 αὐτῶν
2437 5239 2539 5310 τῆς
2564 5240 2887 5307 καταιγίδος
2912 5221 3373 5312 ἐπι-τεταγμένης,
3408 5242 3488 5302 εἰς
3535 5233 3760 5306 πραεῖαν
3774 5221 3826 5274 δὲ

2235 5326 2414 5401 αὔραν
2446 5332 2752 5403 ἱσταμένης
2775 5350 2791 5364 ο
2825 5333 3056 5387 καὶτῶν
3084 5335 3350 5403 κυμάτων
3384 5331 3488 5402 μὲν
3521 5323 3694 5390 αὐτῆς
3734 5330 3820 5403 καῇ

2232 5401 2740 5493 τασιγαξομέίνωνλ
2771 5401 3226 5496 εὐφραινομένὼν
3260 5424 3319 5477 δὲ
3370 5401 3592 5474 πάντων
3631 5409 3723 5464 ιπι
3761 5401 3821 5470 τῇ

2229 5516 2457 5587 ἠσυχίᾳ,
2486 5518 2584 5570 καὶ
2609 5517 2704 5570 ἐπὶ
2732 5517 2936 5589 λιμένα
2960 5520 3058 5574 τοῦ
3087 5520 3238 5573 θείου
3271 5515 3582 5586 θελήματος
3603 5506 3822 5570 δδηΤ⁰⁰“

2232 5608 2432 5678 μένων.

2689 5733 2734 5764 ⁸⁷
2756 5731 2898 5788 Psal.
2928 5748 3143 5797 Luxtv,
3171 5731 3258 5787 ﬁ.
3336 5726 3382 5760 ⁸⁸
3405 5724 3561 5779 Rom.
3589 5729 3696 5773 vm,
3719 5701 3814 5760 35‘
3829 5775 3832 5779 .
