4086 6282
495 307 563 375 51
1720 315 2019 376 ΝΙΟΕΤΧΕ
2056 316 2098 376 Ρ

2204 316 2597 377 HLAGONIS
3735 313 3811 381 52

492 423 859 495 Evangelium
904 423 1297 496 defungentes,
1328 424 1468 496 legis
1504 425 1734 479 umbras
1761 440 1825 479 ac
1862 424 2098 496 tignrali:

2218 440 2313 476 και
2364 422 2578 487 Παῦλος
2637 423 2899 494 γεγόνασι
2948 424 3030 497 τῷ
3094 424 3394 496 πνεὺματν
3455 427 3551 482 καὶ
3594 427 3661 483 τὸ
3722 430 3822 499 τῆς

497 515 759 572 mandata
798 516 856 571 in
891 515 989 573 illo
1025 517 1301 589 dissipant
1329 525 1497 587 atque
1535 526 1817 573 evertunt.

570 775 901 838 Enimvero,
945 778 1077 847 quid
1112 778 1226 833 haec
1248 778 1317 834 ad
1340 778 1565 835 laudem
1592 779 1863 835 claritatis
1891 780 2108 853 magni-

498 869 735 926 ﬁcentia:
778 879 981 927 vestra:
1023 873 1361 927 videantur?
1405 873 1606 928 Certus
1638 874 1786 928 enim
1818 890 1964 938 sum,
2005 889 2106 930 ve-

493 968 666 1013 stram
692 960 844 1014 illam
866 960 1195 1027 claritatem,
1220 961 1425 1017 nedum
1443 963 1837 1018 historicorum
1856 963 2107 1018 omnium

496 1051 893 1107 dexteritatem
941 1062 1343 1126 oratorumque
1392 1055 1504 1110 vim
1550 1056 1774 1113 dicendi
1815 1056 2106 1124 excedere,

501 1158 704 1200 verum
757 1145 925 1201 etiam
980 1161 1228 1201 summos
1270 1146 1416 1216 apud
1456 1163 1559 1203 nos
1612 1149 1916 1222 theologos,
1967 1149 2109 1205 nihil

501 1246 685 1292 vestra
727 1237 953 1307 dignum
986 1237 1150 1293 laude
1187 1255 1348 1309 posse
1376 1240 1599 1298 ell‘erre.
1631 1241 2107 1309 Quemadmodum

495 1330 645 1384 enim
707 1331 895 1385 nullus
951 1347 1136 1386 sermo
1180 1342 1285 1399 est,
1334 1333 1430 1403 qui
1469 1336 1805 1390 eminentem
1847 1336 2108 1392 omnibus

497 1424 844 1492 maiestatem
880 1425 1081 1478 merito
1126 1424 1405 1494 explicare
1449 1424 1687 1482 suﬂiciat
1714 1426 1927 1497 (divina
1954 1426 2106 1481 enim

500 1517 698 1586 gloria,
721 1517 927 1572 nedum
951 1533 1291 1583 sermonem,
1317 1534 1510 1573 verum
1538 1529 1592 1574 et
1616 1529 1898 1588 mentem;
1926 1536 2109 1593 neque

500 1610 800 1665 humanam
847 1612 1048 1675 solum,
1099 1612 1195 1666 sed
1230 1619 1285 1666 et
1321 1610 1701 1681 Seraphicam,
1736 1613 1897 1683 longe
1939 1628 2110 1685 supe-

498 1704 767 1767 rat),<sic
813 1718 1035 1775 quoque
1061 1704 1179 1775 ipsa
1211 1720 1430 1770 eorum,
1462 1706 1559 1776 qui
1609 1704 1757 1774 apud
1803 1705 1951 1761 illam
1975 1722 2106 1762 vere

502 1792 646 1847 ﬁrmi
684 1802 974 1870 steterunt.
1002 1809 1439 1865 supremumque
1470 1795 1621 1850 nacti
1650 1797 1919 1852 honorem
1951 1805 2101 1864 sunt,
2136 1790 2179 1846 Β

497 1892 650 1939 tanta
680 1883 903 1939 claritas
958 1894 1067 1950 est,
1098 1894 1159 1938 ut
1187 1900 1293 1940 nec
1320 1884 1510 1940 verbis
1539 1884 1797 1956 exprimi,
1832 1903 1938 1943 nec
1967 1888 2102 1944 satis

497 1984 684 2031 mente
727 1976 946 2048 concipi
991 1978 1203 2048 possit:
1252 1987 1420 2048 atque
1475 1978 1529 2033 id
1580 1980 1837 2050 amplius,
1890 1997 2001 2052 quo
2045 1991 2102 2038 et

495 2070 672 2141 magis
704 2086 933 2127 accessu
980 2070 1048 2125 ad
1083 2072 1697 2141 supersubstantialcm,
1740 2074 2014 2147 quidquid
2043 2075 2100 2131 in

495 2164 699 2220 creatis
736 2172 842 2231 est,
876 2163 1119 2222 excedit.

572 2257 1033 2330 Quandoquidem
1065 2260 1237 2331 igitur
1288 2271 1511 2317 terrena
1559 2262 1741 2318 omnis
1782 2262 1971 2335 lingua
2007 2279 2103 2319 ve-

498 2351 630 2404 stris
654 2351 832 2419 impar
858 2350 1117 2406 laudibus
1140 2360 1245 2415 est,
1273 2352 1368 2407 ubi
1394 2352 1578 2408 adhuc
1613 2368 1792 2422 pauca
1829 2352 2105 2424 adieceri-

497 2457 641 2507 mus,
678 2442 990 2512 spirituque
1035 2443 1342 2511 spiritalius
1368 2444 1817 2510 salutaverimus,
1846 2442 2102 2516 magniﬁ—

497 2534 737 2590 centiam
781 2533 969 2606 gloria:
997 2535 1310 2591 sanctitatis
1341 2545 1535 2592 vestraz
1573 2537 1795 2592 silentio
1820 2537 2099 2599 dabimus.

499 2626 738 2693 Salvete,
771 2635 993 2692 natura,
1021 2627 1075 2681 id
1105 2638 1191 2682 est
1216 2628 1421 2684 deitate
1452 2631 1759 2699 conjunctae
1790 2613 2098 2695 Trinitatis,

497 2732 665 2786 quam
738 2718 1142 2780 annuntiastis,
1195 2734 1260 2773 ac
1312 2720 1473 2791 cujus
1522 2721 1776 2775 notitiam
1834 2729 2102 2775 creaturae

493 2809 647 2864 omni
691 2806 977 2876 intulistis,
1016 2810 1377 2867 sacratissimi
1431 2828 1715 2883 praiconcs
1758 2821 1815 2869 et
1861 2813 2098 2885 apostoli

491 2907 548 2954 οι
575 2907 765 2956 testes.

571 2992 822 3060 Salvete,
854 2994 984 3064 equi
1016 2994 1227 3050 ratione
1260 3004 1557 3064 menteque
1587 2994 1828 3066 praediti,
1861 2994 2104 3067 singula-

492 3090 631 3146 riter
652 3091 878 3163 Deoque
899 3090 1091 3162 judice
1120 3090 1251 3147 lecti
1274 3106 1340 3146 ac
1369 3089 1570 3147 delecti
1598 3108 1612 3145 :
1642 3105 1752 3147 non
1785 3100 1846 3147 ut
1873 3091 2098 3161 quidam

2212 515 2441 585 χάριτος
2476 516 2816 583 Εὐαγγέλιον
2849 512 3269 587 ἱερουργοῦντες
3293 561 3309 581 ,
3363 521 3435 575 τὰ
3471 520 3684 591 σκιώδη
3724 521 3824 575 τοῦ

2214 610 2387 679 νόμου
2420 611 2514 663 καὶ
2544 610 2766 666 τυπικὰ
2800 610 3254 684 παραγγέλματα
3280 613 3739 680 διασκεδὰξουσιν
3760 616 3823 674 ἰν

2219 700 2375 771 αὐτῷ
2415 703 2512 756 καὶ
2546 720 2693 757 κατα
2702 702 2951 773 ργοῦσιν.

2296 793 2460 850 Ἀλλὰ
2507 795 2561 849 τί
2607 794 2787 851 ταῦτα
2832 797 2969 865 πρὸς
3021 796 3252 852 ἔπαινον
3304 797 3469 869 δόξης
3514 800 3615 868 τῆς
3668 799 3821 871 ὑμῶν

2210 887 2328 942 ἐστι
2368 888 2803 961 μεγαλωσύνηςς
2858 889 3132 960 Πείθομαι
3180 889 3314 962 γὰρ,
3352 891 3416 944 οὐ
3462 891 3627 957 μόνον
3663 889 3819 958 λογο·

2210 982 2442 1052 γράφων
2463 998 2524 1033 τε
2552 981 2736 1054 πάσης
2766 982 3054 1053 περινοίας
3091 983 3187 1037 καὶ
3219 983 3474 1054 ρητόρων
3506 983 3819 1053 δυνάμεως,

2209 1073 2313 1143 τὴν
2339 1072 2618 1143 ὑμετέραν
2653 1073 2971 1144 ὑπερῆρθαι
3010 1072 3196 1139 δόξαν,
3227 1073 3367 1128 ἀλλὰ
3404 1076 3501 1127 καὶ
3529 1073 3658 1137 τοὺς
3684 1073 3818 1145 παρ’

2210 1167 2345 1235 ἡμῖν
2378 1165 2721 1237 ἀκροτάτους
2753 1165 3065 1231 θεολόγους,
3096 1164 3268 1235 μηδὲν
3302 1148 3484 1218 εἰπεῖν
3527 1164 3679 1231 ἄξιον
3719 1164 3816 1218 δύ-

2210 1258 2411 1314 νασθαι
2442 1258 2545 1328 τῆς
2597 1258 2878 1329 ὑμετέρας
2925 1256 3292 1327 τελειότητος.
3328 1255 3547 1328 Ὠσπερ
3574 1258 3688 1327 γὰρ
3712 1256 3816 1310 οὑκ

2211 1352 2329 1406 ἔστι
2386 1351 2546 1418 λόγος
2590 1350 2818 1416 ἐπάξιος
2846 1352 2950 1420 τῆς
3003 1350 3385 1423 ὑπερεχούσης
3417 1351 3818 1421 ὲκφαντορεκος

2207 1442 2404 1513 δόξης·
2450 1440 2547 1495 καὶ
2580 1439 2690 1511 γὰρ
2718 1441 2780 1495 οὑ
2814 1439 2979 1509 λόγου
3018 1441 3203 1510 μόνον,
3240 1440 3377 1493 ἀλλὰ
3408 1441 3502 1493 καὶ
3536 1439 3811 1503 διανοίας⁹

2208 1533 2312 1587 οὑκ
2372 1528 2736 1603 ἀνθρωπικῆς
2772 1531 2978 1603 μόνον,
3034 1532 3175 1586 ἀλλὰ.
3245 1532 3340 1587 καὶ
3399 1531 3739 1603 Σεραφικῆς,
3779 1534 3814 1603 ἡ

2211 1624 2333 1678 θεία
2384 1623 2749 1696 μεγαλειότης
2798 1623 3156 1695 ὑπερίδρυται
3191 1640 3207 1655 ο
3244 1623 3389 1677 οὕτω
3422 1622 3651 1677 καὶτῶν
3681 1623 3816 1694 παρ’

2211 1716 2354 1789 αὑτῇ
2401 1717 2649 1788 γνησίως
2690 1717 3021 1788 ἱδρυμένων,
3066 1717 3162 1769 καὶ
3201 1715 3302 1785 τῆς
3348 1715 3617 1771 ἀνωτάτω
3645 1717 3817 1787 τιμῆς

2210 1810 2650 1882 εὑμοιρηκότων,
2676 1810 3061 1881 ἀνὲκφραστός
3091 1808 3150 1861 τέ
3176 1810 3294 1862 ἐστι
3324 1809 3420 1862 καὶ
3450 1810 3814 1880 ὰπερινόητος

2209 1904 2243 1974 ἡ
2278 1902 2449 1967 δόξα’
2492 1901 2590 1956 καὶ
2642 1902 2886 1973 τοσούτῳ
2935 1900 3125 1966 πλέον,
3174 1902 3287 1972 ὅσῳ
3337 1901 3435 1954 καὶ
3488 1899 3693 1973 μᾶλλον
3743 1903 3811 1973 τῇ

2210 1994 2346 2065 πρὸς
2381 1994 2474 2049 τὸν
2522 1994 2851 2064 ὑπερούσιον
2896 1992 3164 2063 ὲγγὺτητι
3214 1993 3315 2064 τὴν
3343 1992 3480 2066 ὅλην
3528 1993 3812 2065 ὑπερανα-

2210 2086 2385 2141 6αίνει
2416 2086 2624 2142 κτίσιν.

2282 2260 2618 2330 Τοιγαροῦν,
2676 2259 2871 2332 ἐπειδὴ
2925 2260 3079 2314 πᾶσα
3138 2260 3379 2334 γηγενὴς
3432 2261 3657 2331 γλῶσσα
3708 2261 3814 2333 τῆς

2209 2353 2333 2404 κατ’
2384 2351 2543 2418 ἀξίαν
2596 2352 2887 2421 αἰνέσεωςδ
2911 2350 3173 2422 ὑφεῖται,
3241 2352 3421 2426 μικρά
3484 2349 3673 2407 λοιπὸν
3727 2352 3814 2408 ἔτι

2208 2443 2628 2512 προσειπόντες,
2664 2442 2761 2495 καὶ
2804 2441 2885 2514 τῷ
2917 2440 3195 2513 πνεύματι
3227 2441 3642 2514 μυστικώτερον
3671 2460 3813 2498 κατ-

2209 2539 2631 2608 ασπασάμενοι,
2670 2539 2797 2609 σιγῇ
2837 2536 2937 2609 τὴν
2968 2536 3454 2607 μεγαλοπρέπειαν
3507 2536 3613 2607 τῆς
3645 2535 3815 2608 δόξης

2207 2633 2310 2702 τῆς
2372 2631 2648 2701 ὑμετέρας
2701 2629 2933 2702 θείημεν
2994 2628 3330 2700 ἁγιωσύνης.
3385 2628 3648 2698 Χαίρετε,
3698 2629 3814 2699 τῆς

2208 2722 2495 2794 τριαδικῆς
2526 2722 2807 2791 συμφυΐας
2847 2721 2879 2793 ἢ
2914 2721 3191 2785 συνθεῖας,
3221 2722 3321 2793 τῆς
3352 2721 3422 2774 δι’
3468 2718 3627 2791 ὑμῶν
3664 2738 3810 2775 κατ-

2209 2813 2569 2882 αγγελείσης,
2593 2812 2686 2867 καὶ
2711 2811 2858 2883 πάσῃ
2893 2814 2960 2884 τῇ
2992 2812 3169 2866 κτίσει
3186 2812 3550 2883 γνωσθείσης,
3572 2810 3811 2882 epam,

2207 2921 2293 2958 τοι
2320 2904 2566 2975 κήρυκες
2598 2902 2695 2958 καὶ
2724 2904 3015 2958 ἀπόστολοι
3042 2904 3139 2957 καὶ
3175 2903 3478 2975 μάρτυρες.

2280 2996 2541 3070 Χαίρετε,
2578 2997 2740 3050 ἵπποι
2770 2996 2982 3066 λογικοὶ
3028 2998 3125 3051 καὶ
3154 2998 3355 3071 νοεροὶ,
3399 2996 3679 3052 ἐπίλεκτοι
3710 2996 3802 3052 καὶ

2213 3088 2508 3154 θεόλεκτοι,
2558 3090 2661 3159 οὑχ
2707 3086 2783 3155 ὥς
2831 3106 2979 3152 τινες
3028 3087 3303 3157 λέγονται,
3334 3088 3435 3160 τὴν
3489 3087 3662 3163 χρόαν
3707 3089 3796 3142 τοῦ

490 3191 798 3251 vocantur,
848 3183 1107 3254 corporis
1160 3183 1350 3238 colore
1400 3184 1530 3238 nive
1576 3182 1945 3247 candidiores.
2001 3184 2098 3239 sed

2206 3180 2460 3253 σώματος
2486 3155 2803 3253 λευκότεροι
2825 3181 3007 3253 χιόνος
3024 3199 3039 3214 ·
3070 3155 3188 3236 ἀλλ’
3220 3155 3363 3255 ὑπὲρ
3387 3155 3567 3253 ἀιόᾲἆ,
3607 3184 3673 3255 τῇ
3701 3183 3800 3253 τῆς

491 3289 662 3345 supra
693 3274 879 3329 nivem
906 3275 1081 3330 animi
1112 3276 1355 3347 puritate
1391 3276 1635 3332 nitentes
1655 3277 1739 3331 “z
1786 3292 1890 3332 nec
1932 3292 2100 3332 cursu

488 3372 673 3426 ventis
704 3386 891 3440 pares,
924 3371 1023 3427 sed
1068 3370 1272 3426 mentis
1323 3366 1614 3426 velocitate
1658 3378 1825 3442 atque
1871 3370 2101 3426 numine

488 3471 786 3516 ventorum
848 3459 1095 3516 volatum
1148 3469 1480 3532 superantes
1523 3478 1537 3515 :
1596 3476 1700 3516 nec
1747 3468 2019 3531 quantum
2067 3473 2101 3516 θ

487 3554 710 3623 specula
759 3552 986 3623 dispicit
1028 3551 1247 3616 oculus,
1287 3560 1504 3606 tantum
1538 3558 1767 3621 repente
1795 3550 2097 3606 subsilien-

488 3660 605 3712 tes,
666 3648 745 3702 uti
804 3656 967 3717 poeta
1025 3646 1304 3716 loquitur,
1374 3644 1474 3700 sed
1527 3653 1795 3714 quantum
1855 3644 1938 3699 sol
1994 3643 2099 3699 iste

486 3754 687 3809 magna
725 3739 855 3795 luce
908 3736 1324 3809 complectitur,
1371 3746 1683 3793 creaturam
1734 3752 1955 3792 omnem
1991 3736 2102 3790 ful-

486 3833 645 3901 guris
692 3832 867 3886 instar
898 3847 1154 3887 sermone
1217 3817 1631 3902 percurrentes.
1693 3826 1907 3895 Quibus
1952 3828 2102 3883 Deus

485 3922 729 3978 Verbum
753 3925 1093 3988 conscensis,
1132 3932 1192 3978 ut
1218 3924 1467 3993 loquitur
1511 3919 1737 3975 divinus
1764 3918 2094 3986 Ambacum,

485 4015 732 4085 atquein
758 4014 1009 4086 spiritale
1037 4015 1147 4072 hoc
1176 4030 1328 4070 mare
1354 4013 1635 4077 deductis,
1660 4012 1717 4065 in
1743 4012 1902 4068 vobis
1927 4028 2099 4083 aquas

484 4105 689 4162 multas
715 4108 987 4178 (gentium
1034 4108 1246 4165 scilicet
1296 4110 1535 4178 mentes)
1590 4106 1835 4162 turbavit
1858 4106 1924 4158 °'.
1966 4106 2100 4178 Ejus

482 4216 620 4255 vero
688 4200 1011 4270 equitatus,
1089 4218 1287 4259 eorum
1354 4202 1455 4270 qui
1526 4200 1887 4255 turbarentur
1947 4201 2098 4255 salus

479 4292 715 4350 exstitit.

554 4384 807 4454 Salvete,
853 4389 1066 4459 lapides
1111 4390 1380 4459 pretiosi,
1438 4401 1563 4461 post
1606 4390 1762 4444 illum
1815 4402 2093 4444 summum

2201 3274 2385 3346 ψυχῆς
2412 3272 2820 3345 διαλάμποντες
2862 3272 3240 3345 καθαρότητιο
3273 3273 3395 3328 οὐδε
3443 3273 3540 3329 τδν
3594 3275 3803 3346 δρόμον

2203 3368 2431 3439 ἀνέμοις
2494 3365 2915 3437 παραπλήσιον
2966 3366 3084 3421 ἀλλ’
3139 3366 3284 3437 ὑπὲρ
3334 3366 3555 3439 ἀνέμων
3598 3366 3803 3445 πτῆσιν

2202 3459 2451 3532 ὀξύτεροι
2482 3462 2551 3533 τῇ
2582 3458 2677 3514 τοῦ
2702 3460 2797 3514 νοῦ
2830 3459 3095 3533 ταχύτητι
3128 3459 3225 3514 καὶ
3265 3460 3519 3531 θεότητι’
3547 3460 3656 3515 οὐδ’
3677 3460 3806 3513 ὅσον

2201 3551 2482 3622 ὀφθαλμὸς
2536 3552 2646 3608 ἀπὸ
2688 3552 2927 3615 σκοπιᾶς
2955 3552 3080 3623 ὁρᾷ,
3129 3551 3390 3607 τοσοῦτον
3420 3551 3637 3626 ἀθρόως
3674 3554 3804 3606 ἐπιο

2204 3645 2576 3717 θρώσκοντες,
2630 3644 2773 3699 κατὰ
2817 3644 2920 3713 τὴν
2973 3645 3197 3715 ποίησιν
3219 3661 3235 3677 ο
3265 3644 3385 3700 ἀλλ’
3437 3647 3565 3699 ὅσον
3593 3647 3623 3699 ό
3648 3646 3804 3717 ἥλιος

2201 3731 2360 3801 οὗτος
2381 3737 2461 3808 τῷ
2494 3737 2720 3807 μεγάλῳ
2750 3739 2892 3805 φωτὶ
2938 3738 3365 3810 περιλαμϐάνει,
3401 3742 3581 3795 κτίσιν
3616 3743 3804 3795 πᾶσαν

2202 3827 2495 3900 ἀστραπῆς
2526 3826 2728 3896 τρόπον
2769 3825 2847 3897 τῷ
2884 3826 3029 3897 λόγῳ
3078 3827 3491 3898 διατρέχοντες·
3530 3825 3617 3896 ἐφ’
3659 3822 3741 3890 οἷς
3771 3830 3803 3880 ὁ

2201 3920 2335 3983 Θεὸς
2367 3918 2561 3985 Λόγος,
2596 3918 2738 3971 κατὰ
2765 3919 2856 3973 τὸν
2896 3918 3043 3973 θετον
3085 3919 3284 3983 ἐπιϐὰς
3323 3920 3670 3989 ’Λμδακοὺμ.
3702 3921 3802 3973 καὶ

2156 4042 2160 4046 υ
2200 4015 2279 4075 εἰς
2306 4012 2406 4082 τὴν
2438 4009 2636 4081 νοητὴν
2658 4008 2866 4081 ταύτην
2894 4010 3175 4065 θάλασσαν
3203 4011 3556 4075 ἐπιϐιϐάσας,
3580 4011 3637 4065 ὲν
3666 4012 3802 4082 ὑμῖν

2200 4103 2375 4161 ὕδατα
2410 4103 2605 4169 πολλὰ,
2633 4102 2735 4167 τὰς
2760 4104 2870 4156 τῶν
2894 4102 3065 4157 ὲθνῶν
3099 4104 3344 4168 διανοίας
3375 4105 3693 4176 διετάραξεν
3721 4120 3736 4135 '
3762 4105 3799 4175 ig

2201 4196 2444 4250 ίππασία
2503 4196 2562 4249 δὲ
2618 4194 2811 4249 τούτου
2888 4195 3139 4266 σωτηρία
3193 4194 3304 4248 τῶν
3374 4196 3802 4269 ταραττομένων

2199 4289 2456 4362 ἐγενήθη.
2546 4348 2547 4351 η

2271 4385 2535 4456 Χαίρετε,
2570 4383 2729 4437 λίθοιέ
2752 4384 2950 4454 τίμιοι,
3003 4384 3051 4436 οἱ
3088 4383 3227 4452 μετὰ
3252 4382 3345 4437 τὸν
3374 4384 3798 4454 ἁκρογωνιαίον,

478 4476 798 4547 angularem
855 4479 911 4535 in
970 4481 1241 4550 spiritalis
1300 4482 1434 4537 Sion
1492 4483 1853 4539 fundamenta
1911 4478 2091 4535 missi.

2204 4480 2278 4542 είς
2296 4479 2366 4532 τὰ
2386 4477 2488 4547 τῆς
2518 4476 2727 4547 νοητῆς
2753 4475 3065 4547 τεθειμένοι
3090 4475 3323 4545 θεμέλια
3348 4475 3509 4533 Σιών.
3535 4478 3794 4546 Χαίρετε,

478 4570 721 4639 Salvete,
748 4574 1097 4630 venerabiles
1124 4576 1223 4629 Dei
1252 4574 1422 4641 servi,
1448 4575 1659 4631 Christi
1684 4574 1875 4630 ﬁdeles
1904 4572 2091 4638 amici,

476 4663 697 4718 Domini
753 4663 995 4736 Spiritus
1054 4666 1198 4721 sacri
1261 4666 1454 4731 liberi,
1510 4668 1839 4738 angelorum
1894 4664 2091 4737 gloria,

473 4752 938 4824 archangelorum
971 4755 1114 4817 laus,
1165 4756 1588 4825 Principatuum
1621 4756 1954 4818 sublimitas,
1987 4757 2093 4813 Po-

478 4852 737 4900 testatum
782 4846 1059 4918 gloriatio,
1113 4846 1398 4903 Virtutum
1445 4849 1791 4919 iucunditas,
1822 4848 2089 4903 Domina-

470 4935 687 4990 tionum
731 4939 1065 5005 exsultatio,
1098 4942 1453 4995 Thronorum
1512 4942 1726 5007 honor,
1783 4940 2089 4996 Cherubim

469 5026 789 5094 oblectatio,
828 5033 1115 5105 Scrapbim
1150 5037 1512 5107 pulchritudo
1550 5048 1608 5093 et
1644 5037 1818 5091 decor
1838 5038 1903 5092 ⁸⁸.

484 5246 491 5254 .
537 5203 781 5273 Salvete,
814 5209 1020 5267 diaboli
1067 5216 1467 5281 destructorcs,
1517 5216 1841 5271 hominibus
1884 5232 2082 5271 mune-

462 5312 589 5351 rum
646 5299 784 5371 largi
840 5305 1191 5372 pralbitores,
1251 5308 1463 5363 erroris
1510 5307 1783 5373 vindices,
1831 5307 2085 5361 veritatis

464 5390 709 5477 patroni,
746 5392 1022 5449 idolorum
1051 5397 1388 5461 destructio,
1416 5398 1707 5453 Trinitatis
1732 5398 2078 5468 prmdicatio,

465 5498 752 5554 ιιωι-εεεοη
797 5486 1051 5556 abolitio,
1098 5502 1455 5561 peccatorum
1501 5491 1854 5562 propitiatio;
1882 5506 2079 5545 eorum

467 5604 594 5659 qua:
652 5596 978 5642 veterantur
1036 5583 1278 5649 eversio,
1332 5599 1527 5637 eorum
1578 5600 1702 5655 qua:
1739 5584 2079 5638 innovantur

470 5682 801 5740 conversio:
832 5680 1030 5735 littera:
1065 5677 1381 5742 destitutio,
1412 5679 1641 5748 spiritus
1666 5678 2039 5734 conﬁrmatio.

2192 4569 2290 4625 τοῦ
2327 4569 2461 4623 Θεοῦ
2496 4569 2689 4623 σεπτοὶ
2717 4569 2917 4634 δοῦλοι,
2959 4569 3057 4623 τοῦ
3103 4568 3351 4640 Χριστοῦ
3397 4571 3583 4623 πιστοὶ
3624 4568 3795 4637 φίλοι,

2195 4662 2296 4717 τοῦ
2342 4662 2556 4731 Κυρίου
2597 4659 2919 4732 Πνεύματος
2954 4660 3079 4731 ἱερὰ
3110 4662 3299 4725 τέκνα,
3343 4661 3456 4715 τῶν
3522 4660 3799 4731 ’Δγγέλων

2188 4754 2340 4820 δόξα,
2372 4753 2482 4806 τῶν
2516 4751 2908 4823 ’Δρχαγγέλων
2955 4754 3205 4819 ἔπαινος,
3247 4752 3359 4808 τῶν
3395 4753 3610 4824 Ἀρχῶν
3640 4754 3792 4824 ὑψω-

2191 4867 2292 4921 μα,
2324 4847 2432 4902 τῶν
2489 4845 2781 4910 Ἐξουσιῶν
2835 4847 3120 4919 καύχημα,
3152 4847 3263 4900 τῶν
3312 4848 3608 4917 Δυνάμεων
3651 4847 3797 4921 Θυμο

2193 4941 2357 5007 ηδία,
2429 4938 2540 4994 τῶν
2606 4940 2959 5012 Κυριοτήτων
3011 4940 3369 5009 ἀγαλλίαμα,
3416 4941 3530 4996 τῶν
3576 4941 3798 5014 Θρόνων

2192 5034 2353 5103 τιμὴ,
2381 5033 2491 5086 τῶν
2517 5032 2838 5103 Χερουϐεὶμ
2874 5031 3154 5103 τερπωλὴ,
3178 5032 3288 5085 τῶν
3314 5034 3606 5105 Σεραφεὶμ
3657 5033 3794 5089 καλ-

2195 5123 2347 5191 λονή.

2264 5216 2526 5284 Χαίρετε,
2566 5215 2817 5269 διαϐόλου
2841 5214 3192 5286 καθαιρέται,
3218 5216 3528 5287 ἀνθρώπων
3558 5218 3790 5289 εὐεργέα

2188 5324 2301 5368 ται.
2341 5306 2553 5378 πλάνης
2586 5306 2874 5370 ἀντίδικοι,
2914 5307 3178 5377 ἀληθείας
3213 5310 3530 5382 συνήγοροι,
3557 5312 3791 5365 εἰδώλων

2189 5400 2536 5471 καθαίρεσις,
2564 5400 2797 5471 Τριὰδος
2817 5402 3148 5473 ἁνάρῤησις,
3171 5405 3440 5474 αἱρέσεων
3458 5406 3787 5477 ἀφανισμός,

2192 5487 2488 5561 ἁμαρτιῶν
2520 5488 2771 5560 Ξλασμὸς,
2801 5489 2915 5545 τῶν
2949 5490 3375 5564 παλαιουμένων
3413 5495 3786 5567 καταστροφὴ.

2187 5582 2302 5635 τῶν
2368 5582 2859 5652 ἁνακαινουμένων
2912 5582 3248 5656 ἐπιστροφὴ,
3313 5588 3411 5643 τοῦ
3459 5588 3788 5661 γράμματος

2191 5678 2482 5751 ἀθετηταὶ,
2516 5677 2611 5730 τοῦ
2645 5680 2964 5752 πνεύματος
2988 5682 3255 5753 κυρωταί.

556 5799 836 5860 ’δ’ΠιτεΙι.
871 5815 945 5868 iv,
977 5801 1029 5855 7.
1107 5798 1152 5832 ⁸⁸
1181 5796 1386 5854 llabac.
1421 5813 1502 5867 tu,
1540 5798 1594 5854 8.
1673 5798 1840 5855 “lsa.
1872 5814 2058 5867 xxvm,
2102 5796 2201 5867 l6;
2239 5795 2285 5852 ll
2329 5795 2457 5854 Cor.
2491 5815 2573 5863 in,
2611 5798 2695 5854 l7.
