4088 6304
245 329 322 393 53
1178 332 1468 413 ORATIO
1504 331 1600 394 tv.
1642 357 1715 369 —
1744 330 1828 392 1N
1869 331 1889 392 ι

1998 329 2191 391 IDEM
2232 331 2303 392 S.
2342 327 2713 395 ANDRE/E.‘
3515 327 3587 394 54

328 443 596 517 Χαίρετε.
624 442 739 498 τῶν
775 442 1130 514 Ἑκκλησιῶν
1162 444 1490 511 ἀνάστασις,
1517 443 1629 498 τῶν
1654 446 1862 517 κατερ-

2042 441 2288 508 Salvete,
2330 441 2710 497 Ecclesiarum
2754 437 3022 496 excimtio
3083 438 3356 497 elisorum
3384 438 3601 507 instau-

252 536 553 608 ῥαγμένων
578 536 1039 608 ἀνάκτησις,τῶν
1060 536 1512 610 ἀπηλπισμένων
1540 537 1872 608 ἀνάκλησις,

249 632 366 687 τῶν
388 632 449 685 ὲν
480 630 671 693 πόνοις
704 632 1052 704 παρηγορία,
1080 631 1191 685 τῶν
1224 633 1285 686 ὲν
1325 630 1531 684 πάθεσι
1576 630 1873 703 θεραπεία,

251 724 367 778 τῶν
393 725 457 778 ὲν
484 722 683 778 πένθει
712 724 1068 795 παραμυθία,
1098 724 1211 779 τῶν
1257 724 1680 797 χειμαζομένων
1708 724 1876 796 λιμὴν

249 816 539 893 ἀσφαλὴς,
567 817 686 871 τῶν
732 818 1055 887 πενομένων
1103 818 1339 882 πλοῦτος
1388 817 1712 889 ἀνελλιπὴς,
1764 817 1876 870 τῶν

252 908 652 964 πλουτούντων
724 908 1014 979 ἀντίληψις
1050 910 1324 983 ἀψευδὴς,
1380 910 1494 964 τῶν
1546 910 1875 980 ὀφειλόντων

254 1001 564 1072 ἐγγυηταὶ,
598 998 711 1055 τῶν
741 1001 1071 1072 σωζομένων
1098 1002 1496 1075 προασπισταί.

330 1094 585 1164 Χαίρετε
616 1095 713 1152 καὶ
743 1095 1105 1169 εὐφραίνεσθε
1133 1135 1150 1161 ,
1203 1096 1451 1168 οὐρανοὶ,
1485 1096 1606 1168 ἀμα
1632 1098 1711 1169 τῷ
1745 1099 1877 1170 ὑμῖν

266 1182 362 1241 οἷα
388 1188 570 1260 θρόνῳ
595 1190 919 1262 θεοπρεπῶς
944 1191 1303 1262 ὲποχουμένῳ
1322 1207 1337 1221 ·
1368 1191 1594 1262 οὐρανοὶ
1624 1192 1759 1247 θεῖοι
1780 1195 1877 1248 καὶ⁹

268 1283 483 1353 νοητοὶ,
526 1284 621 1336 καὶ
650 1282 753 1352 τῆς
784 1283 844 1336 ὲν
871 1284 1128 1353 οὐρανοῖς
1162 1282 1496 1354 Ἐκκλησίας
1529 1286 1880 1355 μυστικώτα-

267 1388 366 1425 τον
407 1373 698 1441 στερέωμα
743 1394 757 1405 ·
809 1373 860 1425 oi
908 1372 1010 1444 τὴν
1065 1372 1209 1426 Θεοῦ
1258 1372 1419 1439 δόξαν
1461 1374 1879 1443 μαγαλοφώνως

270 1462 651 1534 διηγούμενοι,
716 1465 813 1517 καὶ
855 1464 957 1535 τὴν
1009 1463 1122 1517 τῶν
1169 1465 1377 1536 χειρῶν
1426 1464 1593 1520 αὑτοῦ
1658 1466 1879 1536 ποίησιν

268 1554 517 1615 ἀεννάως
550 1554 983 1621 ἀναγγέλλοντες
1012 1571 1028 1587 ο
1062 1548 1137 1609 ὧν
1182 1558 1210 1609 ὁ
1254 1556 1498 1626 φθόγγος
1548 1559 1632 1621 εἰς
1692 1561 1881 1613 πᾶσαν

269 1646 542 1719 λαμπρῶς
571 1646 864 1717 ἐξελήλυθε
916 1648 1019 1719 τὴν
1046 1651 1179 1721 γῆν,
1237 1651 1335 1704 καὶ
1380 1650 1494 1705 τῶν
1544 1652 1813 1724 ῥημάτων
1844 1654 1881 1725 ἠ

259 1738 497 1809 δύναμις
521 1741 604 1803 είς
631 1739 703 1793 τὰ
726 1740 948 1812 πέρατα
966 1741 1231 1813 διέδραμε
1253 1743 1355 1811 τῆς
1386 1743 1741 1815 οἰκουμένης.

335 1829 556 1901 Ὠσπερ
597 1824 693 1883 οὖν
731 1829 829 1899 ἀφ’
874 1830 1055 1901 ὑμῶν,
1106 1831 1141 1903 ἢ
1195 1830 1264 1887 δι’
1306 1832 1463 1903 ὑμῶν
1515 1836 1551 1905 ἡ
1606 1834 1879 1906 θεαρχικὴ

256 1921 429 1994 χάρις
468 1925 587 1988 τοῖς
625 1925 868 1993 πέρασιν
894 1926 1185 1996 ἐξήχηται,
1219 1925 1366 1981 οὕτω
1393 1928 1489 1983 καὶ
1521 1927 1697 1994 δεξιὸν
1726 1929 1881 1992 τέλος

262 2016 426 2085 ὑμεῖς
470 2016 538 2084 τῇ
586 2014 740 2086 δεξιᾷ
790 2015 1170 2071 καταϐάλλετε
1213 2016 1384 2089 ἀρχῇ,
1426 2017 1529 2071 καὶ
1582 2018 1678 2073 τὸν
1736 2019 1884 2073 θετον

265 2103 435 2175 λόγον
466 2109 584 2171 τοῖς
625 2110 800 2163 πᾶσιν
829 2108 1018 2163 ἔθνεσι
1046 2108 1436 2182 κρατύνοντες,
1466 2112 1569 2181 τὴν
1604 2112 1760 2184 ίερὰν
1789 2113 1883 2167 πε-

276 2211 397 2249 στιν
432 2196 493 2249 ὲν
531 2199 712 2270 τούτῳ
745 2198 1096 2269 βεϐαιώσατε
1116 2220 1130 2232 ·
1176 2201 1307 2265 τοὺς
1334 2198 1733 2272 πλανωμένους
1758 2205 1883 2261 ἔπι-

285 2286 585 2358 στρέψατε,
608 2291 738 2351 τοὺς
774 2290 1115 2360 ἀμφιδόλους
1138 2293 1457 2365 στηρίξατε,
1489 2296 1619 2359 τοὺς
1647 2297 1884 2362 ἀναιδῶς

278 2379 625 2446 ἀθετοῦντες
651 2381 979 2453 διορθώσατε
1011 2384 1045 2455 ἢ
1077 2385 1333 2439 mem
1354 2403 1369 2417 ·
1404 2387 1501 2441 καί¹
1526 2388 1657 2452 τοὺς
1686 2388 1789 2457 μὲν
1808 2389 1887 2460 τῷ

288 2471 547 2545 ὑμετέρῳ
572 2473 757 2529 κανόνι
791 2474 1165 2545 στοιχοῦντας,
1194 2476 1472 2548 ἑδραίους,
1497 2479 1888 2549 ἀμετακλινεϊς

286 2565 410 2629 ταῖς
450 2564 628 2635 ἱεραῖς
674 2568 1055 2639 συντηρήσατε
1096 2568 1491 2638 θεσμοθεσίαις
1512 2586 1525 2599 ·
1555 2570 1655 2634 τὰς
1678 2569 1806 2634 ὅλας
1832 2572 1889 2626 δὲ

287 2658 398 2711 τῶν
444 2657 655 2712 πιστῶν
685 2659 998 2732 ὀμηγὺρεις
1030 2665 1098 2733 τῇ
1127 2661 1429 2736 ὁλοκληρίᾳ
1469 2662 1566 2717 τοῦ
1597 2661 1746 2717 θείου
1783 2664 1891 2717 σώ-

286 2766 458 2821 ματος
502 2749 564 2805 ἐν
592 2752 737 2824 ἁγίῳ
767 2753 1055 2825 Πνεὺματι
1107 2754 1450 2821 συνδέοντες,
1497 2758 1562 2811 τὸ
1612 2753 1893 2831 πλήρωμα

287 2847 388 2915 τῆς
418 2844 759 2917 Ἔκκλησίας
778 2846 903 2902 ὅλον
931 2848 1013 2912 είς
1043 2848 1142 2901 ἕνα
1170 2848 1361 2904 καινὸν
1407 2849 1720 2923 ἄνθρωπον,
1759 2849 1822 2908 οὗ
1856 2856 1893 2927 ή

275 2935 495 3012 κεφαλὴ
534 2938 820 3009 Χριστὸς,
872 2938 1248 3008 καταρτίσατε
1308 2943 1406 2996 καὶ
1477 2946 1891 3019 συναρμόσατε’

273 3029 523 3101 πόλεμον
546 3030 610 3085 δὲ
642 3032 742 3084 καὶ
762 3031 910 3086 ὅπλα
935 3034 1119 3086 πάντα
1147 3032 1471 3105 πρεσϐείαις
1496 3036 1656 3108 ὑμῶν
1675 3038 1896 3103 δεκταϊς

1982 535 2145 601 ratio,
2192 534 2620 605 desperatorum
2661 531 2975 603 revocatio,
3022 532 3401 589 laborantium
3451 534 3603 591 refo-

1978 632 2123 697 ctio,
2189 646 2477 702 aegrorum
2541 629 2797 693 curatio,
2866 628 3182 699 lugentium
3250 626 3603 693 consolatio,

1977 740 2176 781 eorum
2239 724 2337 795 qui
2387 731 2721 794 tempestate
2786 721 3069 793 jactantur
3138 726 3259 776 tuta
3322 721 3605 779 statioac

1980 827 2178 889 portus
2234 832 2546 888 pauperum
2600 813 2994 871 indcﬁcientes
3053 812 3302 879 divitiae,
3362 812 3602 868 divitum

1979 925 2113 967 vera
2160 906 2441 974 defensio,
2497 909 2819 964 debitorum
2878 921 3200 976 sponsores,
3251 907 3450 962 eorum
3499 907 3600 977 qui

1980 1006 2218 1062 salutem
2240 1012 2439 1076 parant
2458 1003 2805 1060 defensores.

2053 1100 2276 1157 Salvete
2306 1085 2686 1173 etrexsultate,
2710 1099 2859 1166 caeli,
2882 1115 2990 1155 una
3020 1114 3148 1155 cum
3171 1112 3262 1163 eo,
3293 1097 3387 1169 qui
3412 1096 3603 1154 divina

1981 1194 2039 1249 in
2067 1193 2231 1250 vobis
2257 1192 2672 1265 magniﬁcentia
2696 1192 2855 1263 quasi
2881 1193 2947 1247 in-
2970 1191 3178 1247 throno
3211 1190 3386 1245 sedet.
3414 1189 3603 1246 Divini

1981 1287 2111 1343 casti
2157 1295 2216 1342 et
2257 1286 2580 1358 spiritales;
2619 1285 2855 1358 ejusque
2883 1284 3173 1347 Ecclesia,
3209 1299 3335 1354 quas
3363 1283 3421 1338 in
3443 1281 3606 1338 caelis

1980 1390 2098 1448 est,
2172 1380 2617 1437 sacratissimum
2683 1379 3093 1435 ﬁrmamentum
3121 1378 3223 1433 στι
3288 1375 3449 1441 cadi,
3503 1374 3604 1430 Dei

1983 1474 2223 1547 gloriam
2273 1475 2387 1529 alto
2440 1474 2595 1529 vocis
2637 1481 2967 1528 enarrantes
3010 1470 3330 1543 prteconio,
3369 1471 3607 1542 ejusque

1983 1583 2128 1638 opus
2163 1582 2431 1622 manuum
2463 1566 2671 1638 jugiter
2696 1563 3099 1620 annuntiantes
3124 1582 3138 1618 :
3167 1578 3408 1635 quorum
3433 1575 3608 1617 sonus

1985 1660 2041 1715 in
2072 1674 2298 1714 omnem
2341 1658 2489 1713 clare
2530 1656 2705 1713 exivit
2744 1665 2972 1722 terram,
3003 1671 3079 1713 ac
3100 1654 3405 1711 verborum
3438 1653 3524 1709 vis
3548 1652 3605 1707 in

1986 1751 2126 1806 ﬁnes
2156 1749 2314 1806 orbis
2344 1749 2621 1805 excurrit.
3596 1794 3597 1797 η

2056 1844 2543 1912 Quemadmodum
2591 1834 2761 1915 igitur
2786 1858 2817 1898 a
2845 1842 3029 1908 vobis,
3062 1850 3365 1912 vestraque
3410 1852 3605 1909 opera,

1985 1937 2176 1993 divina
2207 1934 2383 2005 gratia
2428 1932 2636 1988 ﬁnibus
2680 1932 2954 2000 insonuit,
2995 1929 3079 1987 sic
3110 1944 3337 2002 quoque
3361 1928 3611 1984 faustum

1985 2030 2169 2086 fausto
2203 2028 2368 2084 initio
2410 2026 2578 2083 ﬁnem
2628 2025 2924 2093 adhibete,
2976 2023 3349 2093 divinumque
3388 2036 3611 2078 sermo-

1988 2138 2116 2179 nem
2162 2121 2384 2179 cunctis
2425 2120 2754 2177 nationibus
2805 2118 3130 2184 ﬁrmantes,
3182 2131 3401 2174 sacram
3442 2115 3610 2170 ineo

1991 2216 2156 2275 ﬁdem
2178 2216 2529 2273 conﬁrmate.
2557 2214 2827 2272 Errantes
2848 2211 3185 2276 convertite,
3206 2210 3411 2267 dubios
3432 2207 3605 2264 animi

1989 2310 2259 2376 solidata,
2320 2306 2687 2380 impudenter
2749 2314 3081 2378 spernentes
3148 2302 3446 2362 emendate
3510 2310 3608 2357 aut

1989 2403 2213 2459 evellite
2257 2421 2271 2457 :
2333 2416 2401 2458 ac
2455 2417 2557 2459 eos
2612 2398 2840 2473 quidem
2895 2398 2994 2471 qui
3051 2406 3299 2455 vestram
3357 2393 3612 2466 regulam

1992 2503 2340 2566 sequuntur,
2406 2493 2600 2549 ﬁrmos
2656 2488 3079 2548 indeclinabiles
3131 2488 3337 2546 vestris
3388 2486 3612 2559 legibus

1992 2596 2360 2643 conservato:
2395 2584 2802 2655 universasque
2836 2581 3085 2639 ﬁdelium
3124 2582 3408 2643 collectas,
3433 2578 3621 2635 divini

1994 2676 2241 2748 Spiritus
2285 2677 2607 2749 integritate
2650 2675 2707 2731 in
2750 2682 2947 2731 sancto
2994 2674 3209 2745 Spiritu
3258 2673 3466 2728 arctius
3497 2671 3621 2728 col:-

1994 2770 2253 2842 ligantes,
2307 2768 2575 2825 Ecclesiae
2626 2776 2837 2824 emtum
2891 2781 3115 2822 omnem
3170 2763 3229 2819 in
3283 2777 3461 2819 unum
3510 2776 3615 2818 no-

1994 2876 2126 2916 vum
2172 2858 2480 2918 hominem.
2523 2858 2684 2930 cujus
2718 2866 2891 2928 caput
2933 2855 3216 2919 Christus,
3258 2852 3512 2925 perﬁcite
3546 2867 3619 2909 ac

1995 2962 2403 3025 coagmentate.
2434 2952 2647 3007 Bellum
2674 2959 2862 3007 autem
2888 2962 3153 3020 armaque
3174 2947 3388 3019 omnia,
3412 2946 3619 3003 vestris

1999 3045 2115 3103 Deo
2144 3045 2387 3116 acceptis
2435 3043 2937 3101 intercessionibus
2964 3058 2996 3097 e
3018 3041 3306 3099 contrario
3327 3038 3620 3103 tollentes,

269 3120 700 3191 ἀντανελόντες,
735 3126 833 3178 καὶ
862 3126 1155 3196 τροπαίοις
1183 3127 1344 3201 νίκης
1385 3128 1598 3194 ἐνθέοις
1626 3132 1720 3185 τὸν
1748 3132 1888 3202 ἀλη-

1998 3137 2315 3208 divinisque
2346 3136 2595 3192 victoriae
2648 3137 2873 3206 tropaeis
2924 3134 3077 3205 pium
3122 3147 3257 3189 vere
3304 3131 3614 3203 imperato-

273 3216 390 3281 θῶς
432 3218 645 3289 εὐσεϐῆ
684 3217 919 3289 βασιλέα
960 3218 1431 3287 καταστέφοντες,
1467 3222 1698 3295 εἰρήνης
1739 3224 1893 3290 θείας

272 3307 584 3372 εὐσταθοῦς
626 3326 687 3362 τε
730 3309 829 3362 καὶ
871 3308 1181 3380 γαληναίας
1216 3309 1367 3381 ζωῆς
1408 3312 1741 3385 πληρώσατε
1793 3314 1893 3386 τὴν

277 3402 419 3472 γῆνο
446 3402 659 3473 ἠρεμον
684 3402 745 3455 δὲ
776 3401 895 3473 βίον
929 3403 1030 3457 καὶ
1049 3402 1376 3475 φιλευσεῦἧ,
1404 3404 1504 3459 καὶ
1530 3408 1633 3476 τῆς
1668 3408 1729 3460 ὲν
1757 3407 1894 3477 Χρι-

285 3495 402 3563 στῴ
445 3493 626 3564 Ἰησοῦ
663 3495 1019 3565 δικαιοσύνης
1054 3495 1150 3549 καὶ
1193 3494 1553 3567 χαρμοσύνης
1593 3495 1894 3566 ὲπίμεστον

294 3590 367 3657 ea
415 3587 795 3661 Χριστωνύμῳ
823 3587 1249 3659 παρεσχηκότες
1292 3585 1563 3659 πολιτείᾳ,
1607 3588 1701 3640 καὶ
1754 3588 1895 3658 πρὸς

293 3679 397 3750 τὴν
441 3677 559 3733 ἀνω
606 3676 984 3753 Ἰερουσαλὴμ,
1036 3673 1107 3752 ἦς
1145 3678 1307 3750 ὑμεῖς
1355 3680 1683 3751 πρωτότοκα
1724 3680 1896 3735 τέκνα

286 3772 388 3825 καὶ
409 3770 662 3826 πολισταὶ
702 3773 1009 3843 γεγένησθε
1031 3772 1127 3825 καὶ
1154 3771 1459 3843 πολιοῦχοι,
1486 3771 1895 3841 διακυϐερνῶν-

280 3883 397 3929 τες,
412 3866 497 3930 είς
521 3867 623 3937 τὴν
645 3866 743 3920 τοῦ
766 3865 909 3919 θεοῦ
926 3866 1138 3928 πάντας
1163 3865 1482 3933 εἰσάγοντες
1505 3862 1895 3918 κατα-παύσετε

274 3962 685 4015 κατάπαυσιν·
738 3960 799 4013 ὲν
837 3959 1065 4031 Χριστῷ
1108 3958 1290 4031 Ἰησοῦ
1338 3957 1418 4031 τῷ
1471 3958 1666 4030 Κυρίῳ
1711 3958 1893 4029 ἡμῶν,

273 4047 319 4123 ᾧ
343 4057 377 4126 ἡ
409 4055 546 4121 δόξα
569 4052 671 4110 καὶ
696 4054 759 4108 τὺ
782 4054 1012 4125 κράτος,
1040 4055 1161 4125 ἃμα.
1194 4053 1272 4124 τῷ
1308 4052 1489 4123 Ila.va
1511 4052 1607 4105 zeal.
1633 4049 1715 4119 τῷ
1752 4051 1897 4123 ἀγίῳ

278 4150 593 4219 Πνεῦματι,
638 4148 723 4212 είς
749 4148 879 4212 τοὺς
902 4146 1113 4209 αἶῶνας
1144 4145 1255 4201 τῶν
1275 4145 1514 4199 αίώνων.
1548 4145 1756 4221 ⁸Ἀμήν.

927 4302 1152 4358 ΛΟΓΟΣ
1187 4301 1265 4356 Δ’.

385 4424 493 4490 Εἰς
522 4421 633 4477 τὸν
659 4422 838 4493 ἅγιον
865 4421 965 4475 καί
990 4422 1395 4493 επανεύφημον
1427 4417 1791 4471 ἀπόστολον

887 4490 1169 4559 Ἀνδρέαν
1207 4491 1307 4561 ((5).

360 4620 512 4677 ﬂia:
542 4621 641 4694 μὲν
668 4623 791 4686 τοῖς
811 4617 913 4674 τοῦ
944 4618 1083 4673 Θεοῦ
1121 4616 1300 4687 Λόγου
1348 4615 1528 4687 φίλοις
1583 4612 1682 4667 καὶ
1721 4610 1904 4685 μαθη-

284 4716 425 4780 ταῖς,
479 4713 519 4784 ἡ
562 4712 655 4767 διὰ
711 4710 827 4767 τῶν
881 4711 1061 4780 λόγων
1119 4710 1354 4772 αῐνεσις,
1408 4707 1602 4778 ὥσπερ
1648 4704 1746 4760 οὖν
1806 4708 1904 4759 καὶ

280 4807 315 4878 ἠ
342 4808 431 4863 διά
478 4806 599 4861 τῶν
627 4807 813 4878 ἔργων
853 4804 1114 4876 μίμησις,
1151 4801 1298 4857 κατά
1329 4801 1563 4871 δύναμιν
1582 4800 1862 4870 ὀφείλεται
1884 4813 1901 4829 ο

270 4901 493 4959 τούτων
539 4900 601 4955 δὲ
670 4899 917 4970 μάλιστα
967 4899 1084 4960 τοίς
1135 4895 1466 4969 κορυφαίοις
1509 4913 1571 4949 τε
1622 4894 1719 4948 καὶ
1764 4911 1903 4962 πρε-

269 4997 587 5058 σϐυτάτοις
614 5009 629 5025 ·
662 4974 728 5046 οὗ
765 4990 930 5061 μόνον
966 4989 1050 5043 ὅτι
1075 4988 1203 5042 καθ’
1250 4987 1448 5042 ἑαυτὸν
1496 4987 1526 5040 ὁ
1575 4985 1687 5040 τῶν
1739 4982 1904 5040 θείων

264 5087 495 5160 ἀνδρῶν
562 5083 793 5148 ἔπαινος
849 5080 1137 5135 ἐπαινετόν
1185 5096 1241 5133 τι
1303 5077 1502 5151 χρῆμα
1569 5075 1692 5148 Θεῷ
1719 5116 1733 5139 ,
1804 5076 1902 5128 καὶ

264 5183 385 5246 τοῖς
444 5173 895 5248 ἐπαινουμένοις
942 5172 1131 5235 αὐτοῖς
1186 5170 1423 5244 ἑραστόν
1453 5188 1467 5203 ·
1520 5168 1640 5223 ἀλλ’
1686 5169 1770 5222 ὅτι
1808 5168 1904 5221 καὶ

269 5275 391 5338 τοῖς
443 5269 662 5334 αἰσίως
719 5267 973 5323 inciver
1029 5263 1222 5327 εἰδόσι,
1275 5248 1547 5334 σωτήριος
1581 5278 1597 5294 ο
1648 5260 1749 5313 καὶ
1788 5261 1903 5323 τοῖς

273 5360 649 5418 σιιναινοῦσιν
710 5355 995 5429 ὠφέλιμος
1024 5373 1038 5388 ο
1113 5354 1213 5407 καὶ
1286 5354 1424 5408 πᾶσι
1485 5354 1597 5416 τοῖς
1661 5352 1904 5415 συνετῶς

342 5524 391 5558 ⁶’
420 5521 590 5580 Psal.
615 5535 738 5584 xm,

350 5682 433 5749 (ϐ)
452 5676 847 5735 Floridissima
866 5674 1276 5749 hatelaudatio,
1301 5670 1743 5749 magni_Andreae
1762 5684 1891 5749 apo-

289 5742 568 5807 stolorum
594 5750 893 5805 vix-alioue
920 5747 1111 5819 primi.
1140 5760 1306 5819 quem
1331 5742 1459 5800 ideo
1478 5743 1653 5798 ϐηευί
1685 5742 1899 5807 πρωτό-

286 5821 493 5894 κλητον
511 5818 740 5890 vocant,
772 5816 1093 5890 habentque
1114 5816 1457 5890 pitecipuum
1477 5829 1643 5871 suum
1670 5821 1901 5884 apost0~

1934 4494 1981 4552 D

1996 3246 2117 3287 rem
2163 3237 2519 3295 coronantes,
2568 3227 2758 3284 divina
2810 3242 2946 3299 pace
2996 3224 3318 3296 stabilique,
3359 3238 3426 3279 ac
3456 3230 3614 3281 tran-

1995 3320 2171 3392 quilla
2206 3317 2561 3391 iucunditate
2610 3327 2818 3372 terram
2851 3315 3077 3386 implete
3102 3320 3135 3378 ;‘
3160 3314 3525 3384 quietamque
3548 3326 3615 3369 ac

1998 3413 2336 3484 religiosam,
2357 3412 2589 3484 ejusque
2605 3411 2858 3482 justiti-,2,
2888 3425 3014 3480 quas
3034 3418 3125 3465 est
3157 3407 3212 3463 in
3234 3406 3461 3464 Christo
3478 3404 3615 3463 Iesu

1998 3517 2165 3578 atque
2206 3505 2396 3577 gaudii
2443 3504 2687 3575 plenam,
2711 3504 3035 3560 christiana:
3079 3500 3404 3571 reipublicae
3438 3498 3614 3554 vitam

2001 3597 2346 3668 praebentes,
2395 3605 2565 3666 atque
2609 3593 2681 3650 ad
2722 3594 3010 3651 caelestem
3052 3592 3398 3657 Jerusalem,
3450 3590 3616 3662 cujus

2000 3705 2103 3746 vos
2154 3688 2421 3760 primitivi
2476 3687 2575 3743 ﬁlii
2618 3686 3015 3758 principesque
3039 3683 3259 3756 patroni
3307 3693 3477 3755 atque
3522 3698 3616 3738 re-

2000 3790 2188 3838 ctores
2215 3780 2534 3848 exstitistis,
2556 3779 2953 3855 gubernantcs,
2985 3778 3043 3833 in
3067 3778 3164 3833 Dei
3189 3788 3423 3833 cunctos
3451 3776 3616 3831 indu-

1999 3886 2195 3933 centes
2243 3875 2521 3946 requiem,
2575 3872 2828 3945 requiem
2871 3870 3240 3943 prmstabitis;
3286 3870 3342 3926 in
3386 3868 3615 3925 Christo

1998 3966 2130 4024 Jesu
2171 3966 2409 4023 Domino
2462 3973 2681 4028 nostro.
2740 3963 2831 4021 cui
2880 3974 2967 4018 est
3012 3962 3188 4034 gloria
3242 3968 3301 4017 et
3346 3968 3613 4031 potestas,

2002 4075 2111 4115 una
2136 4075 2267 4116 cum
2291 4060 2457 4115 Patre
2477 4066 2533 4115 et
2564 4057 2777 4130 Spiritu
2816 4065 3032 4122 sancto,
3068 4056 3124 4111 in
3155 4054 3357 4112 saecula
3385 4053 3617 4109 saeculo-

2002 4169 2150 4209 rum.
2185 4151 2384 4208 Amen.

2614 4304 2877 4360 ORATIO
2913 4304 3006 4361 IV.

2109 4415 2379 4471 Laudatio
2415 4417 2590 4470 sancti
2621 4414 3259 4540 laudeqt‘terceleberrimi
3294 4414 3523 4470 Andreas

2690 4503 2818 4540 anas
2846 4505 2873 4540 υ
2901 4504 2940 4540 ι.

2690 4503 2940 4557 aposwu.

2076 4610 2307 4668 Cunctis
2341 4625 2475 4666 sane
2501 4610 2601 4666 Dei
2640 4609 2805 4666 Verbi
2837 4609 3035 4667 amicis
3066 4625 3132 4667 ac
3153 4608 3470 4680 discipulis,
3496 4626 3620 4667 vcr-

2005 4704 2093 4761 bis
2134 4711 2401 4773 concepta
2432 4703 2681 4759 laudatio
2721 4718 2823 4774 pro
2867 4702 3018 4759 virili
3057 4702 3322 4758 facultate
3355 4701 3617 4769 debetur,

2003 4795 2085 4850 uti
2130 4803 2189 4850 et
2227 4792 2491 4858 imitatio,
2542 4809 2667 4864 quae
2705 4792 2974 4864 operibus
3012 4800 3350 4863 praestatur;
3382 4792 3621 4848 maxime

2003 4904 2141 4945 vero
2183 4889 2293 4955 his,
2318 4904 2416 4958 qut
2461 4886 2609 4942 inter
2654 4886 2781 4942 illos
2820 4885 3106 4956 principes
3146 4898 3212 4940 ac
3240 4883 3623 4953 antiquissimi

2011 4991 2178 5040 sunt:
2219 4980 2428 5037 nedum
2451 4995 2517 5034 ea
2541 4980 2782 5044 ratione,
2812 4978 2963 5048 quod
2995 4978 3115 5047 ipsa
3145 4992 3175 5030 ο
3211 4990 3271 5030 se
3300 4974 3623 5030 divinorum

2011 5077 2263 5130 virorum
2302 5072 2572 5133 laudatio,
2599 5086 2691 5127 res
2713 5077 2800 5126 est
2827 5069 3022 5124 divino
3043 5066 3260 5138 judicio
3277 5067 3403 5137 jure
3428 5065 3624 5121 lauda-

2014 5166 2146 5221 bilis
2167 5180 2231 5221 ac
2261 5179 2429 5234 quam
2468 5162 2506 5218 ii
2541 5162 2648 5232 ipsi
2690 5162 2788 5231 qui
2812 5159 3136 5221 laudantur,
3173 5157 3353 5211 amori
3381 5156 3623 5222 ducant;

2011 5271 2208 5311 verum
2233 5238 2402 5310 etiam
2435 5252 2585 5325 quod
2631 5253 2731 5317 iis,
2771 5252 2869 5321 qui
2908 5248 3089 5304 Fauste
3123 5246 3353 5303 laudare
3393 5256 3623 5311 norunt,

2013 5347 2277 5404 salutaris
2299 5346 2401 5411 sit;
2423 5354 2594 5414 atque
2616 5343 2706 5399 his
2734 5344 2829 5413 qui
2858 5340 3139 5397 laudando
3166 5337 3306 5394 socii
3331 5338 3625 5400 accedant,

2008 5669 2148 5731 lum.
2174 5668 2228 5724 in
2253 5667 2463 5725 Gracia
2491 5666 2730 5724 maxime
2754 5664 3063 5735 apostolico
3088 5677 3327 5735 numere
3347 5660 3626 5723 functum,

2011 5755 2077 5864 ξε
2136 5740 2359 5814 tandem
2418 5741 2474 5795 in
2529 5755 2597 5795 ea
2659 5733 2863 5816 illustri
2928 5733 3195 5806 martyrio
3233 5739 3237 5743 '
3271 5746 3631 5786 consummato

2039 5827 2154 5864 um.

2039 5827 2154 5866 um.
