4088 6304
501 318 575 379 55
1725 315 2024 375 ΝΙΕΕΤΑΞ
2054 314 2087 374 P

2189 313 2588 375 'HLAGONIS
3719 309 3795 372 56

502 422 695 491 milis;
756 422 1084 493 cunctisque
1143 421 1368 477 demum
1421 420 1658 477 solerter
1715 420 2087 484 audientibus,

2202 420 2611 492 ἀκροωμένοις,
2669 418 3005 489 τελεωτέρας
3063 415 3275 484 γίνεται
3325 413 3587 486 πρόξενον
3641 416 3795 471 obto-

497 531 664 573 causa
697 516 768 571 sit
800 529 865 570 ac
892 513 1035 567 ratio
1063 511 1411 583 perfectioris
1441 509 1844 566 aedificationis.

569 605 757 677 Igitur,
810 620 844 658 0
893 603 1032 659 virii
1067 603 1136 676 ad
1168 619 1464 658 commune
1527 601 1691 656 nobis
1747 599 2094 671 propositum

496 706 776 753 certamen
820 697 1147 751 excitemur.
1175 695 1482 751 Commune
1515 694 1664 748 enim
1707 693 1872 748 nobis
1909 691 2094 746 omni-

497 789 606 845 bus
637 798 919 844 certamen
960 789 1127 844 hodie
1169 789 1541 858 proponitur;
1578 787 1712 840 mihi
1748 784 1995 854 quidem,
2034 794 2098 842 ut

496 881 896 952 discipulorum
925 882 1270 944 coronidem,
1294 881 1670 948 apostolorum
1693 879 2093 944 summitatem,

494 989 526 1026 ο
560 972 889 1027 fortitudine
919 982 1300 1041 nuncupatum
1327 971 1629 1032 Andream,
1651 977 1912 1038 tanquam
1944 984 2098 1024 rosa-

495 1079 622 1118 rum
653 1064 918 1126 ﬂosculis,
956 1079 1278 1118 sermonum
1309 1063 1569 1117 laudibus
1605 1061 1900 1116 ambitiose
1929 1076 2096 1116 coro-

495 1171 646 1223 nem,
691 1159 924 1227 ejusque
971 1157 1237 1212 memoria
1267 1155 1495 1210 suavius
1523 1155 1805 1220 delecter;
1850 1168 1916 1209 ac
1940 1154 2097 1208 velut

496 1264 624 1303 cum
655 1260 930 1319 przesente
955 1260 1120 1321 atque
1143 1249 1322 1304 oculis
1352 1248 1678 1316 conspicuo,
1713 1246 1794 1301 sic
1833 1259 1959 1300 cum
2000 1245 2096 1300 illo

495 1342 712 1411 loquar,
733 1344 961 1414 ejusque
989 1341 1318 1398 enarrandis
1343 1341 1512 1396 rebus
1547 1339 1836 1411 magniﬁce
1856 1339 2091 1408 glorier;

493 1429 657 1484 vobis
704 1440 911 1494 autem,
963 1439 1024 1484 ut
1068 1446 1340 1501 propcuse
1389 1428 1581 1485 feratis
1622 1443 1807 1498 opem,
1851 1426 2095 1498 totisque

494 1522 712 1575 viribus
738 1521 1013 1576 laboranti
1044 1521 1231 1576 animo
1267 1538 1331 1576 ac
1360 1519 1659 1584 fatiscenti,
1694 1519 1880 1575 tacitis
1910 1519 2094 1589 preci-

492 1611 600 1665 bus
649 1613 1041 1678 coiiahoretis;
1083 1628 1150 1667 ac
1187 1627 1502 1666 sermonem
1554 1611 1690 1664 tanti
1738 1610 1882 1664 mole
1929 1624 2097 1679 argu-

492 1703 666 1756 menti
697 1705 789 1758 vix
817 1721 928 1758 non
963 1719 1290 1774 oppressum
1313 1719 1379 1758 ac
1401 1703 1910 1773 elanguescentem,
1942 1699 2095 1756 altis-

490 1797 632 1850 simo
653 1795 756 1867 ipsi
792 1798 1014 1852 silentio
1039 1806 1094 1852 et
1123 1797 1428 1851 attentione
1450 1794 1623 1850 animi
1663 1793 1915 1865 erigatis.

557 1886 819 1957 Prompte
857 1888 1026 1959 igitur
1063 1889 1313 1944 debitum
1354 1887 1690 1954 reddamus;
1726 1887 1870 1942 alius
1901 1883 2088 1941 laudis

490 1979 870 2046 praeconium;
910 1981 1055 2035 alius
1109 1979 1435 2046 auditione;
1485 1988 1653 2049 atque
1695 1978 1838 2032 adeo
1888 1976 2087 2032 fructi-

489 2070 757 2136 ficentus;
798 2073 941 2126 alius
973 2071 1225 2142 quidem,
1255 2072 1535 2128 actionem
1569 2069 1787 2124 ratione
1812 2069 2086 2125 nitentem

487 2179 552 2217 ac
594 2164 909 2230 eruditam;
940 2164 1082 2219 alius
1126 2179 1282 2230 vero,
1320 2179 1635 2218 sermonem
1687 2171 1980 2216 actuosum
2030 2167 2088 2216 et

487 2253 821 2310 efficacem:
874 2256 1019 2312 alius
1070 2257 1394 2322 canticum;
1446 2255 1590 2310 alius
1644 2254 1984 2310 desiderium
2030 2259 2089 2307 et

487 2362 761 2414 amorem;
790 2348 932 2404 alius
958 2348 1445 2418 compunctionem
1464 2365 1480 2412 ;
1501 2346 1643 2402 alius
1668 2344 2082 2417 precationem:

485 2454 630 2493 unus
679 2455 865 2494 veram
914 2438 1106 2506 fidem,
1156 2440 1298 2493 alter
1345 2437 1659 2508 religiosam
1705 2437 1760 2490 in
1800 2434 2087 2489 Christum

485 2527 834 2583 charitatem.
870 2528 1079 2585 Inferat
1109 2529 1426 2599 quispiam;
1454 2525 1599 2582 alius
1620 2524 1846 2596 quidem
1877 2539 2089 2580 sermo-

485 2636 608 2674 nem
641 2620 963 2689 sapientiae;
984 2621 1128 2675 alius
1149 2636 1303 2684 vero,
1322 2633 1638 2674 sermonem
1662 2614 1912 2672 scientia:
1929 2614 2048 2647 ‘M'
2067 2630 2103 2681 ;>

485 2721 650 2781 atque
693 2711 807 2775 hic,
846 2727 946 2766 cor
990 2712 1116 2766 lene
1150 2727 1216 2767 ac
1244 2711 1538 2782 quietum;
1576 2708 1694 2771 ille,
1725 2708 1940 2762 nullum
1983 2706 2088 2760 ha-

485 2802 707 2856 bentem
733 2803 895 2858 finem
924 2804 1227 2875 jugemque
1279 2803 1412 2859 Iesu
1467 2801 1814 2857 memoriam.
1847 2798 2084 2864 Hic,in-

483 2899 835 2954 deficientem
873 2906 1061 2956 animo
1092 2899 1357 2970 precandi
1378 2898 1493 2954 vim
1520 2917 1536 2964 ;
1565 2897 1657 2953 ille
1677 2896 1886 2952 claram
1918 2904 2086 2965 atque

484 2991 723 3045 lucidam
754 2993 1033 3063 cogitante
1066 2994 1255 3048 animo
1295 2991 1507 3048 Christi
1552 2990 1848 3046 visionem.
1879 2988 2088 3044 Omnes

484 3081 582 3136 Dei
630 3081 908 3145 timorem,
954 3096 1150 3137 omnes
1197 3081 1624 3143 continentiam,
1671 3091 1869 3132 omnes
1909 3075 2085 3131 animi

482 3167 792 3242 sensusque
825 3172 1151 3228 modestiam
1186 3180 1266 3239 et,
1304 3183 1368 3228 ut
1392 3188 1493 3243 per
1513 3168 1838 3242 patientiam
1867 3168 1937 3224 ad
1968 3167 2088 3239 pie—

483 3271 653 3317 tatem
709 3279 814 3317 nos
869 3263 1019 3334 ipsos
1067 3263 1455 3320 extendamus.
1508 3262 1602 3318 Sic
1647 3261 1800 3316 enim
1852 3274 2086 3329 magnus

482 3361 780 3429 Apostolus
815 3360 870 3414 in
917 3358 1084 3415 nobis
1127 3358 1549 3424 ciariiicahitur,
1592 3372 1721 3412 cum
1752 3354 1896 3410 alius
1932 3351 2086 3408 aliud

484 3449 618 3519 quid
667 3449 817 3504 illius
850 3450 1125 3505 bonorum
1173 3449 1478 3520 praestabit,
1515 3448 1874 3516 universique
1917 3441 2086 3499 simul

483 3557 610 3594 cum
634 3542 838 3596 clarius
867 3541 1236 3606 imitabimur,
1258 3558 1324 3596 ac
1346 3542 1498 3595 velut
1522 3540 1782 3595 festivum
1802 3536 2085 3608 quoddam

485 3650 709 3697 munus,
751 3633 1078 3690 imitationis
1113 3635 1355 3688 fructum
1396 3632 1448 3687 ei
1479 3631 1848 3703 proferemus.
1892 3628 1985 3684 Sic
2026 3636 2085 3681 et

485 3727 604 3795 ipse
640 3726 920 3790 Christus,
956 3725 1051 3796 qui
1097 3725 1154 3779 in
1199 3724 1406 3779 sa’nctis
1449 3721 1783 3792 requiescat,
1815 3732 1983 3790 atque
2025 3719 2084 3773 in

485 3819 557 3873 iis
593 3817 689 3888 qui
723 3817 1101 3872 clarificantur
1148 3816 1508 3880 clariﬁcetur,
1549 3830 1582 3868 a
1624 3828 1739 3883 quo
1783 3813 1966 3867 omnis
2011 3813 2084 3870 ad

482 3912 748 3965 virtutem
794 3909 1086 3975 incitatio;
1125 3924 1189 3964 ac
1244 3907 1338 3976 qui
1388 3905 1570 3960 omnis
1617 3904 1778 3959 bona:
1824 3903 2082 3971 actionis,

483 4007 820 4078 principium
849 4017 906 4062 et
933 4007 1178 4061 medium
1213 4021 1279 4060 ac
1309 4006 1435 4059 linis
1471 4013 1577 4058 est.

552 4102 919 4170 Posteaquam
976 4115 1145 4162 vero,
1205 4115 1306 4167 pro
1354 4097 1502 4152 virili
1565 4104 1757 4151 nostra
1820 4095 2082 4150 facultate

480 4193 759 4247 theatrum
806 4190 1046 4246 orationi
1104 4189 1611 4259 praeinstruximus,
1661 4203 1762 4259 age
1802 4189 1916 4256 jam
1963 4201 2084 4257 ipsa

479 4283 784 4339 certamina
837 4282 1259 4352 aggrediamur,
1303 4289 1471 4350 atque
1526 4279 1596 4334 ad
1650 4280 2083 4350 apostolicarum

478 4375 708 4429 laudum
726 4373 1116 4428 celsitudinem
1139 4371 1274 4427 eniti
1298 4371 1683 4436 connitamur;
1704 4386 1816 4425 non
1843 4380 2077 4435 temere.

2205 515 2400 584 δομῆς.

2277 607 2488 661 Οὐκοῦν
2526 604 2925 673 διαναστῶμεν,
2979 597 3025 656 ὦ
3066 601 3294 670 ἀνδρεςί
3333 601 3470 672 πρὸς
3503 602 3598 656 ’τὸν
3654 621 3797 674 προ-

2207 697 2460 768 κείμενον
2498 699 2630 766 ἡμῖν
2660 695 2852 762 ἀγῶνα
2876 712 2889 724 ·
2939 694 3115 756 κοινὸς
3151 696 3262 764 γὰρ
3289 695 3464 750 ἅπασι
3508 695 3800 768 πρόκειται

2207 793 2450 861 σήμερον
2505 793 2533 843 ό
2592 789 2786 856 ἀγῶν’
2835 789 2958 856 ἐμοὶ
3018 788 3154 858 μὲν,
3212 789 3310 860 τὴν
3367 791 3639 859 κορωνίδα
3686 791 3800 844 τῶν

2209 882 2490 952 μαθητῶν,
2554 881 2666 934 τῶν
2720 881 3040 934 ἀποστόλων
3071 879 3189 949 τὴν
3239 881 3505 951 κορυφὴν,
3556 881 3648 935 τὸν
3697 883 3799 951 τῆς

2205 974 2430 1043 ἀνδρίας
2490 972 2783 1041 ἐπώνυμον
2854 973 3148 1041 Ἀνδρέαν,
3204 974 3320 1036 τοῖς
3385 973 3627 1038 ἐπαίνοις
3685 974 3801 1026 τῶν

2203 1067 2402 1133 λόγων,
2426 1065 2503 1126 ὡς
2529 1064 2720 1118 ἀνθεσι
2769 1064 2939 1132 ῥόδων
2976 1064 3265 1134 ἀναδῆσαι,
3319 1065 3418 1117 καὶ
3438 1065 3537 1135 τῆς
3574 1065 3802 1136 μνήμης

2204 1157 2626 1225 κατατρυφῆσαι
2657 1170 2672 1185 ο
2711 1152 2808 1206 καὶ
2833 1151 3023 1223 ὥσπερ
3054 1152 3204 1223 αὐτῷ
3235 1155 3467 1224 παρόντι
3513 1153 3608 1205 καὶ
3657 1155 3802 1224 ὁρω-

2205 1248 2353 1317 μένῳ
2403 1246 2829 1318 προσλαλῆσαι⁸
2887 1246 2983 1298 καὶ
3034 1245 3146 1308 τοῖς
3198 1247 3329 1315 περὶ
3362 1233 3557 1297 αὐτοῦ
3603 1244 3804 1314 διηγή-

2207 1356 2374 1408 μασιν
2439 1337 2956 1407 ἐγκαλλωπίσασθαι
2997 1353 3012 1364 ⁶
3048 1338 3177 1407 ὑμῖν
3227 1336 3307 1401 δὲ,
3381 1336 3483 1406 τῆς
3551 1336 3802 1404 ἀγωνίας

2203 1431 2331 1501 ἐμοὶ
2386 1432 2699 1496 κοινωνεῖν,
2752 1430 2850 1484 καὶ
2897 1429 3000 1498 ὃση
3061 1427 3294 1500 δύναμις
3345 1430 3666 1500 συνεργεῖν,
3718 1427 3802 1500 τῷ

2204 1525 2537 1594 προσευχαῖς
2563 1521 2853 1589 ἀλαλήτοις
2879 1504 2976 1592 (7)
3008 1522 3271 1587 κάμνοντι
3320 1520 3414 1573 τὸν
3473 1521 3619 1583 νοῦν,
3652 1536 3803 1591 συμ-

2205 1615 2419 1675 πονεῖν,
2462 1613 2558 1666 καὶ
2609 1613 2746 1682 πρὸς
2795 1611 2858 1665 τδ
2909 1615 3008 1682 τῆς
3064 1610 3376 1672 ὑποθέσεως
3429 1610 3658 1678 μέγεθος
3703 1611 3805 1690 τὸν

2204 1704 2362 1772 λόγον
2403 1703 2713 1769 ὀκλάζοντι,
2741 1704 2831 1757 διὰ
2865 1703 3086 1774 βαθείας
3127 1703 3289 1772 σιγῆς
3343 1703 3802 1773 παραθαρρύνειν

2120 1786 2163 1842 Β
2194 1797 2288 1850 κα)⁵
2318 1797 2613 1866 προσοχῆς.

2280 1889 2597 1956 Ἀποδὼμεν
2623 1888 2805 1942 τοίνυν
2833 1886 3134 1958 προθύμως
3169 1888 3268 1958 τὴν
3302 1889 3524 1959 ὀφειλὴν
3552 1905 3569 1919 °
3592 1889 3625 1941 6
3672 1888 3796 1957 μὲν,

2189 1983 2292 2055 τὴν
2315 1982 2594 2051 εὐφημίαν
2626 2021 2643 2045 ,
2691 1982 2741 2033 oi
2787 1980 2866 2045 δὲ,
2917 1980 3019 2050 τὴν
3077 1981 3345 2052 ἀκρόασιν
3373 1997 3387 2012 ο
3445 1981 3540 2034 καὶ
3583 1997 3799 2050 καρπο-

2190 2074 2450 2146 φορῶμεν
2479 2090 2492 2104 ο
2527 2072 2557 2126 6
2608 2072 2710 2146 μὲν
2757 2071 2959 2144 πρᾶξιν
3016 2071 3239 2140 εὔλογον
3263 2088 3279 2102 ·
3328 2073 3358 2125 6
3393 2073 3451 2127 δὲ
3492 2072 3651 2140 λόγον
3690 2073 3796 2146 ιμ-

2190 2180 2474 2238 πρακτον·
2523 2167 2554 2218 6
2619 2163 2722 2234 μὲν
2769 2165 2865 2217 τὸν
2916 2163 3126 2235 ῦμνον·
3168 2166 3198 2217 6
3243 2165 3300 2218 δὲ
3354 2166 3446 2219 τὸν
3497 2166 3702 2219 πόθον·
3763 2164 3797 2221 6

2193 2258 2294 2328 μὲν
2349 2255 2686 2320 κατάνυξινο
2771 2258 2801 2308 6
2852 2255 2910 2309 δὲ
2975 2257 3292 2326 προσευχήν
3323 2272 3338 2287 ο
3390 2255 3551 2318 ἀλλος
3603 2255 3792 2310 πίστιν

2188 2350 2498 2420 εἰλικρινῆ,
2563 2348 2723 2412 ἄλλος
2779 2347 3006 2418 ἀγάπην
3058 2347 3405 2418 χριστοφιλῆ.
3468 2348 3792 2420 Είσφερὲτω

2188 2459 2274 2502 τις
2298 2458 2313 2472 ’
2344 2443 2372 2492 6
2401 2442 2525 2511 μὲν,
2561 2439 2722 2508 λόγον
2754 2441 2948 2508 σοφίας
2971 2454 2986 2468 ·
3005 2441 3165 2502 ἀλλος
3188 2440 3268 2502 δὲ,
3291 2438 3454 2507 λόγον
3484 2438 3741 2507 γνώσεως
3769 2453 3785 2470 ⁸

2187 2533 2360 2601 ὁμὲν,
2399 2534 2636 2600 πραεῖαν
2670 2532 2904 2604 καρδίαν
2930 2533 3024 2585 καὶ
3067 2532 3274 2600 ἥσυχον
3306 2546 3320 2560 ο
3363 2534 3391 2583 6
3441 2531 3521 2596 δὲ,
3567 2531 3789 2600 μνήμην

2185 2625 2424 2692 ἄληκτον
2469 2625 2566 2678 καὶ
2618 2625 2848 2678 ἁένναον
2907 2623 3120 2694 Ἰησοῦ’
3165 2625 3196 2676 6
3248 2625 3372 2691 μὲν,
3432 2623 3789 2677 ἀνέκλειπτον

2189 2716 2331 2767 κατά
2357 2715 2486 2768 νοῦν
2518 2717 2836 2787 προσευχήν
2867 2731 2881 2744 ·
2927 2718 2957 2769 ό
3000 2715 3059 2769 δὲ
3099 2714 3350 2785 καθαρὰν
3381 2712 3621 2784 Χριστοῦ
3649 2729 3786 2781 φαν-

2187 2808 2382 2859 τασίαν
2412 2808 2506 2860 καὶ
2536 2807 2856 2875 φωτοφανῆ.
2914 2807 3123 2870 Πάντες
3174 2806 3340 2874 φόϐον
3375 2804 3536 2870 Θεοῦ,
3583 2806 3788 2868 πάντες

2188 2898 2561 2970 ἐγκράτειαν,
2634 2899 3146 2970 ταπεινοφροσύνην
3222 2900 3463 2963 πάντες,
3522 2898 3621 2952 καὶ
3674 2899 3787 2963 τοῖς

2190 2993 2328 3063 πρὸς
2353 2991 2640 3064 εὐσέϐειαν
2681 2992 2752 3045 δι’
2807 2991 3090 3062 ὑπομονῆς
3137 2992 3574 3048 ἑπεκτείνεσθαι.
3627 2989 3787 3046 Οῦτω

2110 3129 2158 3188 c
2191 3086 2301 3154 γὰρ
2354 3085 2384 3136 6
2449 3083 2628 3155 μέγας
2683 3082 3008 3146 Ἀπόστολος
3062 3084 3122 3136 ὲν
3187 3085 3322 3153 ἡμῖν
3370 3082 3778 3153 δοξασθήσεται,

2189 3175 2354 3229 ἄλλου
2415 3177 2552 3245 πρὸς
2617 3174 2747 3230 ἀλλο
2804 3192 2857 3228 τι
2911 3175 3023 3228 τῶν
3077 3175 3289 3227 ἐκείνου
3346 3173 3778 3243 κατορθουμένου

2189 3267 2394 3330 καλῶν,
2446 3267 2544 3320 καὶ
2598 3269 2818 3322 πάντων
2875 3266 3016 3337 ὁμοῦ
3082 3268 3445 3338 τρανεστέραν
3491 3262 3592 3333 τὴν
3640 3262 3774 3331 πρὸς

2188 3359 2353 3414 αὐτὸν
2421 3359 2886 3430 ἐπιδεικνυμένων
2934 3361 3275 3430 ὁμοιότητα·
3323 3359 3416 3411 καὶ
3464 3354 3652 3425 ὥσπερ
3720 3368 3767 3404 τι

2186 3454 2359 3524 δῶρον
2408 3453 2620 3520 ὲόρτιον
2652 3452 2752 3524 τὴν
2803 3454 3039 3524 μίμησιν
3091 3452 3241 3522 αὐτῷ
3287 3448 3776 3521 καρποφορούντων

2184 3544 2288 3612 τῆς
2314 3545 2539 3614 ἀρετῆς.
2576 3543 2736 3597 Οὕτω
2764 3545 2859 3599 καὶ
2884 3545 3120 3615 Χριστὸς
3169 3545 3356 3609 αὐτὸς,
3414 3543 3445 3596 6
3493 3543 3550 3595 ὲν
3606 3540 3780 3609 ἁγίοις

2187 3639 2638 3708 ἀναπαυόμενος,
2687 3637 2783 3690 καὶ
2824 3636 3186 3706 δοξαζόμενος
3243 3637 3306 3689 ἑν
3373 3632 3780 3705 δοξαζομένοις,

2187 3731 2319 3802 παρ’
2347 3723 2410 3783 οὗ
2471 3731 2626 3783 πᾶσα
2676 3729 2818 3800 πρὸς
2875 3728 3080 3799 ἀρετὴν
3135 3728 3372 3797 κίνησις,
3423 3729 3520 3781 καὶ
3565 3727 3625 3791 ὃς
3667 3727 3785 3780 ἐστι

2187 3821 2368 3889 πάσης
2397 3819 2653 3890 πράξεως
2683 3818 2900 3890 ἀγαθῆς
2937 3819 3080 3890 ἁρχὴ
3113 3819 3209 3872 καὶ⁸
3257 3817 3496 3889 μεσότης
3553 3816 3651 3871 καὶ
3694 3832 3786 3869 τε-

2186 3913 2370 3983 λευτὴ.

2272 4091 2428 4146 Ἐπεὶ
2446 4092 2503 4144 δὲ
2529 4088 2607 4161 τῷ
2645 4090 2792 4162 λόγῳ
2820 4091 2880 4141 τδ
2913 4089 3170 4160 θέατρον,
3209 4088 3286 4150 ὡς
3341 4087 3487 4152 ἐνὸν,
3539 4100 3788 4156 προκατ-

2185 4186 2554 4258 ηρτισάμεθα,
2606 4184 2740 4254 φέρε
2783 4183 2972 4236 λοιπὸν
3004 4183 3188 4236 αὐτῶν
3217 4181 3326 4234 τῶν
3369 4180 3602 4249 ἀγώνων
3636 4176 3790 4250 ἁψώ-

2189 4277 2352 4349 μεθα,
2390 4277 2488 4332 καὶ
2527 4277 2640 4331 τῶν
2685 4276 3060 4330 ἀποστολικῶν
3095 4275 3282 4345 ὕμνων
3323 4273 3400 4343 τῷ
3439 4271 3568 4342 ὕψει
3616 4286 3787 4343 προσ-

2187 4371 2349 4441 ϐῆναι
2394 4367 2754 4439 πειραθῶμεν
2786 4379 2801 4396 ⁸
2857 4369 2918 4420 οὐ
2969 4367 3267 4438 τολμηρῶς
3323 4364 3640 4433 ἀνεφίκτοις
3695 4365 3788 4432 ἑγ-

477 4481 604 4536 quae
652 4466 976 4519 inconcessa
1011 4471 1143 4518 sunt
1172 4470 1494 4526 tentantes;
1537 4460 1635 4515 sed
1680 4461 1880 4516 timore
1923 4461 2078 4516 inac—

2189 4461 2521 4534 χειροῦντες,
2546 4459 2684 4513 ἀλλὰ
2713 4459 2868 4530 φόϐῳ
2910 4461 3024 4524 τοῖς
3070 4458 3393 4529 ἀπροσίτοις
3442 4455 3782 4526 προσιόντες.

478 4572 634 4611 cessa
667 4557 976 4620 adeuntes;
1017 4571 1121 4609 nec
1161 4554 1384 4624 procaci
1431 4551 1664 4606 audacia
1697 4551 1901 4607 intacta
1945 4567 2078 4622 per-

477 4659 824 4718 rumpentes,
855 4647 953 4703 sed
979 4648 1214 4719 pudore,
1238 4645 1505 4715 omnique
1539 4645 1804 4716 religione
1835 4659 1899 4698 ac
1926 4652 2079 4698 metu

476 4741 542 4794 ad
580 4755 644 4796 ea
672 4755 797 4810 qua:
830 4739 1106 4794 rationem
1135 4737 1361 4806 vimque
1392 4749 1616 4790 omnem
1661 4734 1938 4789 sermonis
1982 4749 2078 4788 suv

474 4840 693 4904 perant,
719 4840 960 4888 mentem
991 4831 1412 4903 pertendentes,
1439 4828 1826 4896 rationemque
1860 4843 1926 4882 ac
1953 4842 2077 4880 ser-

474 4924 659 4979 monis
698 4921 811 4979 vim
863 4921 933 4977 ad
982 4937 1049 4977 ea
1081 4937 1206 4992 quae
1254 4927 1498 4974 mentem
1553 4918 1730 4988 ipsam
1775 4917 2075 4984 excedunt,

475 5015 870 5084 provehentes,
904 5014 974 5068 de
1017 5014 1348 5068 inexhausta
1389 5009 1780 5064 thesaurorum
1832 5008 2077 5079 Spiritus

473 5105 757 5175 opulentia
779 5121 876 5177 spe
893 5119 1296 5175 praesumamus
1313 5117 1331 5169 ;
1349 5116 1417 5157 ex
1432 5115 1541 5170 qua
1560 5099 1823 5171 exiguum
1850 5099 2076 5168 aliquod

471 5197 760 5254 efﬂuvium
800 5199 1015 5271 (gratia:
1057 5198 1272 5253 scilicet
1320 5194 1550 5262 stillam}
1585 5206 1686 5262 per
1729 5195 1874 5261 ejus,
1908 5207 2075 5263 quem

546 5383 668 5418 "°“
697 5383 718 5439 l
747 5385 879 5440 Cor.
910 5399 1008 5450 xu,
1033 5384 1087 5440 8.

545 5543 622 5611 (7)
674 5541 1054 5614 Προσευααῒς
1095 5540 1461 5614 Δἀλαλήτοις.
1519 5541 1716 5614 Ipsum,
1776 5549 1862 5596 est
1914 5539 2067 5614 quod

473 5615 679 5671 Paulus
706 5614 868 5669 Rom.
895 5611 1012 5682 Vili,
1045 5611 1141 5673 26,
1192 5614 1523 5682 στεναγμοῖς
1555 5613 1871 5682 ἀλαλήτοις,
1913 5613 2076 5682 gemi-

476 5686 612 5739 tibus
646 5681 1140 5745 enenarrabilibus;
1179 5683 1313 5735 tanti
1345 5681 1566 5737 scilicet
1593 5681 1852 5750 fervoris,
1881 5681 1943 5737 ut
1971 5697 2076 5738 nec

477 5754 664 5812 verbis
707 5753 946 5824 exprimi
996 5752 1195 5823 possit,
1246 5753 1368 5818 sive
1415 5752 1587 5809 etiam
1633 5751 1837 5821 tacitis,
1884 5760 2074 5809 mente
2118 5825 2126 5828 γ

2186 4553 2324 4606 Οὐδὲ
2356 4553 2553 4623 θράσει
2601 4551 2713 4604 τῶν
2763 4551 3062 4621 ἀψαύστων
3102 4549 3560 4620 κατατολμῶν-τες
3585 4563 3605 4578 ο
3646 4545 3788 4601 αιδοῖ

2185 4644 2368 4697 δὲκαὶ
2420 4641 2677 4712 εὐλαϐείᾳ
2711 4641 2866 4714 πάσῃ
2921 4641 3014 4695 τόν
3057 4657 3118 4694 τε
3171 4639 3296 4692 νοῦν
3347 4638 3484 4708 πρὸς
3538 4637 3608 4691 τὰ
3641 4636 3787 4706 ὑπὲρ

2182 4735 2344 4804 λόγον
2404 4735 2800 4798 ἀνατείνοντες,
2857 4734 2948 4786 τόν
3007 4751 3068 4787 τε
3115 4732 3276 4801 λόγον
3332 4732 3470 4803 πρὸς
3511 4730 3584 4783 τὰ
3639 4729 3784 4798 ὁπὶρ

2183 4827 2308 4881 νοῦν
2333 4827 2781 4892 ἀναϐιϐάζοντες,
2818 4828 2912 4880 ἐπὶ
2935 4827 3030 4880 τὸν
3064 4825 3342 4880 ἀκένωτον
3388 4822 3623 4877 πλοῦτον
3670 4822 3786 4876 τῶν

2181 4918 2278 4972 τοῦ
2304 4919 2622 4985 [Ινεύματος
2642 4918 2958 4990 ἐλπίσωμεν
2979 4918 3273 4989 Θησαυρῶν
3292 4933 3308 4950 ο
3332 4918 3392 4984 ἐξ
3422 4911 3484 4969 οῦ
3519 4914 3785 4986 βραχείας

2180 5011 2483 5082 ἀπορροῆς,
2515 5011 2636 5082 ῆτοι
2678 5012 2943 5081 σταγόνος
2991 5013 3236 5083 χάριτος,
3284 5010 3374 5064 διὰ
3416 5009 3517 5079 τῆς
3546 5005 3644 5061 τοῦ
3675 5006 3786 5076 ὕμ-

2181 5102 2444 5172 νουμένου
2471 5103 2717 5173 σήμερον
2741 5103 3163 5174 καταξιούμενοι
3199 5099 3522 5172 πρεσϐείας,
3555 5099 3778 5170 πρῶτον

2190 5195 2292 5263 μὲν
2321 5194 2420 5265 τὴν
2449 5194 2614 5248 αὐτοῦ
2645 5195 2780 5265 πρὸς
2833 5197 2934 5266 τὴν
2979 5195 3141 5266 χάριν
3188 5193 3299 5246 ἀπὸ
3353 5192 3449 5247 τοῦ
3474 5191 3644 5261 νόμου
3675 5205 3778 5263 με·

2178 5550 2343 5595 tenus
2399 5537 2693 5608 conceptis;
2751 5536 2921 5608 inque
2992 5533 3085 5587 illa
3139 5531 3403 5608 occultis.
3471 5532 3771 5608 interpret.

2181 5609 2460 5677 Ethiop.,
2516 5604 2978 5677 in'amiclionibus
3010 5617 3060 5658 et
3103 5604 3480 5677 tentationibus
3542 5604 3775 5677 nostris;

2181 5681 2343 5750 quasi
2375 5673 2595 5750 legerit,
2637 5673 3062 5750 inanimum};
3092 5673 3438 5750 __ﬂp.5‘tépou;,
3490 5674 3657 5750 cui“?
3688 5686 3774 5728 ιι..

2182 5744 2310 5806 men
2338 5744 2594 5806 lectionis
2617 5744 2841 5802 nulluiu’
2877 5745 3023 5816 apud
3057 5745 3195 5798 alios
3220 5750 3401 5798 exstat
3455 5744 3771 5817 vestigium.
