4088 6304
283 332 360 397 57
981 352 986 354 '
1240 337 1529 401 ORATIO
1566 340 1665 400 IV.
1693 341 1866 402 -IN
1905 341 2225 405 LAUDEM
2265 344 2328 406 S.
2376 346 2729 411 ANDREIE.
3550 356 3625 425 58

282 445 526 500 τάοεσιν
557 443 971 516 ἐπαινεσόμεθα
999 461 1016 474 ·
1063 445 1259 500 ἔπειτα
1294 448 1374 513 δὲ,
1407 467 1509 520 την
1543 451 1602 502 ὲν
1622 449 1700 519 τῷ
1735 450 1913 517 Εὐαγ-

2020 454 2185 509 hodie
2215 455 2558 512 laudandum
2587 459 2958 529 suscepimus,
3001 460 3623 526 intercessioneveon-

281 538 462 610 γελίῳ
493 541 698 593 τούτου
731 537 1096 607 σιιντεμόντες
1150 540 1530 612 εὐδοκίμησιν,
1577 544 1676 612 τὴν
1725 546 1914 610 τιμίαν

278 630 434 685 οὕτω
464 633 573 686 καὶ
603 632 1005 706 Χριστοπρεπῆ
1036 636 1406 706 προσοίσομεν
1433 634 1716 706 τελευτήν.

2025 547 2242 615 secuti;
2297 548 2539 618 primum
2589 549 2814 620 quidem
2862 551 3012 607 illius
3055 567 3086 607 a
3121 555 3240 624 lege
3289 556 3358 610 ad
3389 560 3625 628 gratiam

2029 638 2447 694 translationem
2479 639 2871 695 laudabimus:
2901 652 3018 696 tum
3049 659 3184 699 vero
3212 646 3334 718 ejus
3361 648 3417 700 in
3443 649 3627 706 Evan-

281 731 432 800 gelio
462 730 746 801 praclare
777 739 932 802 gesta
964 731 1429 804 perstringentes,
1479 731 1559 787 sic
1604 733 1908 802 pretiosam
1950 749 2191 806 vereque
2219 734 2592 791 Christianam
2627 736 2776 792 illius
2840 748 3076 794 mortem
3134 750 3301 811 atque
3335 755 3624 799 excessum

281 828 624 884 all‘eremus.

369 919 650 990 Ἀνδρέας
675 920 866 974 τοίνυν
894 919 978 982 (τὸ
1021 921 1362 991 τιμιώτατον
1390 922 1512 993 Θεῷ
1544 925 1786 994 πρᾶγμα
1818 927 1912 978 καὶ

284 1010 522 1082 ὃνομα),
589 1015 622 1068 6
646 1013 845 1077 πιστὸς
896 1013 993 1067 καὶ
1054 1015 1324 1084 φρόνιμος
1381 1016 1478 1068 τοῦ
1541 1017 1758 1088 Πατρὺς
1805 1016 1918 1070 τῶν

291 1107 496 1173 φώτων
527 1107 908 1176 οἰκονόμος,ό
954 1106 1136 1176 μέγας
1185 1107 1284 1162 τοῦ
1339 1108 1480 1162 Θεοῦ
1529 1109 1710 1177 Λόγου
1741 1110 1919 1182 κῆρυξ

295 1198 396 1252 καὶ
429 1199 823 1270 δοκιμώτατος
852 1200 1120 1270 ὁμιλητὴς
1159 1217 1175 1231 ·
1207 1204 1237 1256 ό
1270 1201 1365 1255 τοῦ
1397 1203 1557 1270 ἁγίου
1594 1203 1919 1274 Πνεὺματος

301 1290 616 1360 ἁγιώτατος
656 1292 944 1365 ὑπηρέτης
976 1294 1072 1347 καὶ
1097 1295 1442 1366 Θεραπευτής
1464 1312 1480 1326 ·
1517 1291 1674 1360 οὗτος
1719 1296 1810 1351 ἀεὶ
1837 1295 1918 1366 τῷ

303 1383 427 1454 Θεῷ
459 1385 950 1455 προεγνωσμένος,
975 1385 1052 1448 ὡς
1096 1385 1313 1454 ἀγαθῆς
1342 1403 1402 1439 τε
1443 1385 1627 1457 ψυχῆς
1655 1389 1750 1440 καὶ
1783 1385 1921 1455 γνὼ-

310 1493 419 1548 μης
455 1478 725 1545 ἐσόμενος
773 1478 857 1531 ὅτι
911 1476 1155 1544 μάλιστα
1215 1477 1398 1544 δεξιᾶς
1453 1481 1565 1544 ἀεὶ,
1618 1477 1707 1532 διὰ
1756 1478 1920 1532 τοῦτο

308 1572 402 1622 καὶ
458 1567 784 1642 προιῖιριστο
831 1568 1164 1641 σύμμορφος
1216 1570 1441 1624 ἔσεσθαι
1485 1572 1583 1624 τοῦ
1643 1569 1780 1625 Θεοῦ
1836 1570 1920 1644 τῷ

305 1660 632 1731 Μονογενεῖ.

389 1751 552 1806 ἐπεὶ
578 1752 676 1808 οὖν
727 1755 758 1808 ό
791 1753 894 1824 τῆς
943 1756 1265 1824 οἰκονομίας
1315 1754 1412 1810 τοῦ
1453 1755 1653 1824 Λόγου,
1686 1757 1783 1812 καὶ
1818 1758 1922 1827 τῆς

2089 925 2342 984 Andreas
2394 928 2564 1000 igitur
2590 930 2703 994 (res
2745 931 2860 988 Deo
2907 931 3235 990 charissima
3285 951 3349 992 ac
3391 939 3620 1009 nomen)

2020 1017 2203 1073 lidelis
2231 1033 2296 1073 ac
2319 1019 2570 1089 prudens
2595 1021 2777 1076 Patris
2804 1022 3079 1078 luminum
3115 1039 3463 1092 oeconomus,
3496 1043 3618 1084 ma-

2017 1127 2161 1184 gnus
2184 1113 2281 1169 Dci
2313 1113 2481 1170 Verbi
2509 1130 2690 1186 praeco
2717 1116 3254 1189 probatissimusque
3274 1119 3622 1192 discipulus;

2018 1204 2264 1275 Spiritus
2293 1205 2475 1262 sancti
2521 1206 2912 1264 sanctissimus
2954 1208 3211 1266 minister
3251 1226 3319 1267 ac
3355 1210 3617 1268 famulus.

2019 1294 2122 1350 Hic
2169 1295 2268 1350 Dei
2316 1310 2540 1365 semper
2583 1295 2934 1365 praiseientia
2983 1299 3280 1368 cognitus,
3315 1300 3437 1357 fore
3486 1301 3621 1357 boni

2018 1385 2193 1441 animi
2243 1402 2310 1443 ac
2356 1403 2523 1457 quam
2571 1388 2810 1445 maxime
2859 1391 3081 1447 solertis
3126 1394 3362 1465 ingenii,
3410 1394 3621 1452 idcirco

2020 1480 2189 1534 etiam
2217 1495 2440 1552 semper
2475 1481 2904 1552 pradestinatus
2923 1493 3010 1541 est
3044 1494 3108 1540 ut
3136 1495 3288 1545 esset
3316 1487 3623 1545 conformis

2021 1569 2322 1643 Unigenito
2358 1572 2457 1630 Dei
2481 1573 2548 1630 ’⁸.

2089 1775 2249 1845 Quod
2285 1777 2456 1849 igitur
2482 1776 2916 1849 dispensationis
2944 1775 3136 1844 Verbi,
3167 1777 3402 1849 ejusque
3429 1777 3621 1835 deela-

303 1844 641 1910 ἀναδείξεως
680 1845 878 1917 ἐνέστη
941 1845 1162 1916 καιρὸς,
1216 1845 1326 1898 ἔδει
1378 1844 1599 1911 πάντως
1645 1846 1743 1901 καὶ
1791 1848 1915 1912 τοὺς

2020 1844 2258 1926 rationis
2307 1844 2533 1941 tempus
2573 1844 2900 1936 advenerat,
2928 1869 3159 1925 omnino
3189 1844 3426 1927 decebat
3460 1877 3524 1926 ut
3564 1880 3621 1926 et

305 1938 548 2001 οίκείους
597 1937 750 2010 αὑτῷ
803 1939 1368 1993 συναναδείκνυτθαι.’
1416 1939 1576 1994 Ἔδει
1621 1939 1721 1995 τοῧ
1761 1939 1922 2010 βασι-

2021 1959 2086 2026 ii,
2113 1959 2214 2031 qui
2241 1959 2365 2030 eius
2389 1965 2601 2026 essent,
2631 1973 2699 2016 ae
2721 1959 3026 2016 necessarii
3058 1959 3265 2026 forent,
3293 1959 3504 2031 pariter
3529 1959 3624 2016 de-

307 2030 450 2094 λέως
476 2034 772 2100 παρόντος,
801 2032 898 2084 καὶ
926 2029 1055 2094 τοὺς
1075 2029 1240 2085 αὑτοῦ
1275 2034 1533 2102 παρεῖναι
1555 2031 1914 2104 δορυφόρους.

2022 2029 2372 2108 clararentur
2399 2053 2468 2107 ".
2497 2050 2734 2109 Necesse
2767 2062 2892 2108 erat
2913 2060 2976 2107 ut
3009 2050 3160 2124 Rege
3181 2029 3480 2123 praesente,
3498 2053 3625 2124 ejus

326 2122 491 2176 Ἀλλὰ
518 2123 572 2178 τί
601 2123 662 2177 τὸ
700 2125 930 2194 σημεῖον
951 2123 1056 2192 τῆς
1082 2122 1178 2177 τοῦ
1215 2122 1488 2194 βασιλέως
1513 2125 1918 2196 φανερώσεως;

321 2216 496 2282 Φωνὴ
526 2212 796 2280 βοῶντος
821 2216 893 2269 ἐν
918 2212 997 2284 τῆ
1031 2214 1260 2284 ἐρήμῳ.
1287 2214 1446 2288 Φωνὴ
1479 2217 1588 2288 πρὸ
1618 2214 1920 2286 προσώπου

327 2306 426 2359 τοῦ
446 2307 620 2376 Λόγου
652 2307 953 2379 προϊοῦσα,
1011 2311 1108 2364 καὶ
1170 2309 1274 2372 τὰς
1318 2309 1474 2374 ὁδοὺς
1520 2309 1689 2364 αὐτοῦ
1749 2327 1921 2364 κατα-

333 2401 707 2467 σκευάζουσα,
764 2400 834 2455 τὰ
879 2403 1230 2473 ανερῤωγότα
1268 2402 1589 2473 πληροῦσα,
1614 2401 1687 2456 τὰ
1737 2402 1921 2474 ὑψηλὰ

329 2491 682 2558 ταπεινοῦσα,
710 2493 804 2548 καὶ
851 2495 918 2547 τὰ
960 2495 1151 2548 σκολιὰ
1208 2499 1308 2564 μιν
1353 2495 1766 2549 κατευθύνουσα
1789 2537 1804 2561 ,
1849 2498 1920 2548 τὰ

327 2584 528 2654 τραχέα
555 2584 612 2638 δὲ
642 2586 1076 2641 καταλεαίνουσα
1117 2587 1231 2641 τῶν
1288 2588 1460 2658 ἠθῶν.
1515 2589 1630 2644 Καὶ
1689 2589 1749 2645 οὐ
1786 2589 1920 2662 ψιλὴ

328 2679 473 2745 φωνή
503 2677 640 2748 μόνη
683 2678 744 2731 τὸ
769 2681 1100 2751 τεκμήριον,
1143 2681 1282 2734 ἀλλὰ
1333 2683 1429 2735 καὶ
1477 2681 1768 2753 βάπτισμα
1823 2702 1922 2756 με·

319 2770 530 2834 τανοίας
562 2786 578 2803 ο
634 2771 729 2826 καὶ
769 2773 799 2826 6
857 2773 960 2843 μὲν
992 2773 1332 2846 ,Βαπτιστὴς
1386 2777 1482 2829 ἐπὶ
1542 2777 1638 2832 τοῦ
1699 2777 1917 2845 ὓδατος,

315 2862 410 2916 καὶ
442 2862 473 2916 ό
503 2862 774 2928 Βασιλεὺς
823 2867 973 2920 κατὰ
1019 2867 1191 2931 πόδας
1233 2869 1400 2933 εὐθὺς
1450 2871 1546 2923 ἐπὶ
1601 2870 1666 2924 τὸ
1716 2871 1921 2942 βαπτί-

308 2954 496 3019 ζεσθαι
529 2957 768 3029 παρών·
819 2959 916 3012 καὶ
969 2961 1002 3029 ἡ
1057 2960 1389 3034 ἀνάρῤησις,
1419 2962 1496 3026 ὡς
1556 2963 1912 3034 θεοπρεπήςί

303 3048 557 3118 οὐρανῶν
611 3049 727 3121 γὰρ
771 3049 924 3122 αὐτῷ
967 3050 1355 3123 βαπτιζομενῳ
1401 3053 1630 3121 γέγονεν
1669 3054 1916 3109 ἀνάπτυ-

303 3141 405 3207 ξις,
460 3142 792 3213 Πνεόματος
846 3145 1156 3210 ὲπέλευσις,
1194 3146 1347 3217 φωνή
1380 3164 1439 3200 τε
1491 3147 1702 3218 Κυρίου
1755 3149 1918 3220 βρον-

300 3236 528 3301 τῶντος,
562 3238 658 3290 επί
679 3236 795 3290 τῶν
826 3237 1060 3302 ὑδάτων,
1090 3233 1182 3292 οἶα
1200 3238 1473 3310 δακτύλῳ,
1512 3241 1580 3310 τῇ
1613 3243 1917 3314 περιστερᾷ

299 3333 395 3386 τὸν
417 3332 716 3401 ἀγαπητὸν
738 3332 948 3386 ἄνωθεν
973 3332 1404 3412 ὲπιδεξκνύντος.

377 3423 538 3478 Οὕτω
559 3424 651 3478 τοῦ
685 3424 946 3496 οὐρανίου
982 3425 1281 3491 Βασιλέως,
1309 3429 1412 3497 τῆς
1447 3427 1699 3482 Ἰωάννου
1734 3429 1913 3500 μείζω

312 3517 414 3585 τὴν
465 3516 575 3568 (sub
615 3515 706 3569 τοῦ
750 3517 968 3586 Πατρὸς
995 3517 1294 3588 ἐσχηκότος
1347 3520 1660 3590 μαρτυρίαν
1691 3538 1704 3550 ·
1745 3519 1915 3584 αὐτός

320 3626 378 3660 τε
439 3609 654 3678 ,πρῶτος
697 3614 722 3664 δ
769 3610 1111 3681 Βαπτιστὴς,
1171 3612 1269 3665 καὶ
1325 3615 1446 3681 μετ’
1505 3614 1672 3667 αὐτὸν
1725 3614 1910 3680 εὐθὺς,

317 3694 363 3754 ὦ
384 3702 769 3772 μακαριώτατε
803 3703 893 3767 σὺ,
934 3705 1003 3774 τῇ
1041 3702 1136 3757 τοῦ
1199 3704 1520 3775 Πνεύματος
1569 3707 1914 3778 συνεκράθης

308 3795 388 3866 τῷ
436 3797 880 3868 μαρτυρουμένῳ
929 3799 1157 3868 στοργῇ.
1216 3798 1327 3850 Καὶ
1380 3799 1492 3870 γὰρ
1536 3800 1640 3852 οὐκ
1690 3800 1913 3870 ἀμέσως

301 3888 382 3959 τῷ
432 3889 870 3959 θεαρχικωτάτῳ
923 3889 1380 3961 προσελήλυθας·
1441 3889 1564 3943 οὐδὲ
1625 3890 1686 3958 ἐξ
1717 3891 1908 3959 αὐτῆς,

296 3978 377 4042 ὡς
447 3980 653 4042 εἰπεῖν,
699 3980 801 4048 τῆς
836 3979 1064 4050 πρώτης
1095 3979 1192 4033 τοῦ
1239 3979 1360 4052 βίου
1418 3981 1668 4051 βαλϐῖδος
1723 3982 1912 4036 ἐπισέ-

298 4071 483 4141 θηκας
538 4072 642 4141 τῆς
691 4072 1030 4142 τελειότητος
1061 4090 1078 4104 ο
1133 4073 1253 4137 πῶς
1301 4072 1459 4145 γάρς
1521 4075 1668 4128 Ἔδει
1718 4074 1777 4130 δὲ
1831 4075 1911 4148 τῷ

297 4165 450 4236 νόμῳ
497 4164 598 4218 τοῦ
651 4165 986 4236 γράμματος
1016 4167 1624 4239 προπαιδαγωγηθέντα
1677 4167 1758 4240 τῷ
1810 4170 1909 4224 τοῦ

301 4257 628 4327 Πνεὺματος
649 4258 798 4312 οὕτω
824 4261 1144 4331 περιτυχεῖν
1175 4277 1191 4292 ·
1239 4260 1334 4314 καὶ
1362 4261 1484 4324 ταῖς
1516 4259 1630 4312 τῶν
1678 4260 1910 4316 ἐντολῶν

299 4350 524 4404 ἀτελέσι
558 4350 1118 4422 προστοιχειωθιντα,
1165 4351 1313 4406 οὕτω
1349 4352 1446 4406 τοῦ
1473 4352 1813 4422 Εὑαγγελίου
1839 4356 1908 4426 τῇ

308 4440 612 4514 τελειότητι
669 4447 1044 4515 προσχωρεῖν,
1100 4446 1178 4508 ὡς
1222 4445 1448 4517 ἑδραίαν
1506 4447 1564 4499 ἑν
1617 4448 1754 4518 αὐτῇ
1812 4447 1909 4500 καὶ

311 4531 644 4601 ἀμετάθετον
675 4535 776 4608 τὴν
808 4536 1024 4607 ἵδρυσιν
1076 4537 1245 4609 ἔχειν.
1301 4538 1450 4592 Ἔδει
1499 4538 1579 4610 τῷ
1615 4540 1908 4612 προδρόμῳ

308 4623 509 4698 λύχνῳ.
555 4629 652 4693 τὰς
707 4630 811 4698 τῆς
859 4630 1091 4700 καρδίας
1136 4631 1793 4701 πωκατασκευασθέντας
1817 4632 1910 4685 κό-

1935 3377 1982 3440 C

2021 2159 2247 2216 quoque
2300 2145 2568 2200 satellites
2609 2154 2814 2216 praesto
2845 2153 3057 2200 essent.
3090 2144 3295 2200 Verum
3337 2143 3623 2215 quodnam

2021 2238 2242 2308 signum
2282 2237 2682 2294 declarationis
2722 2236 2932 2308 Regis?
2959 2237 3069 2292 Vos:
3110 2236 3397 2294 clamantis
3444 2239 3502 2293 in
3532 2239 3624 2293 de-

2020 2339 2186 2386 serto.
2238 2329 2358 2385 Vox
2409 2329 2645 2400 praeiens
2692 2337 2821 2385 ante
2863 2329 3066 2385 faciem
3105 2328 3318 2394 Verbi,
3359 2329 3622 2401 illiusque

2022 2436 2340 2492 praeparans
2377 2423 2518 2486 vias,
2554 2437 2681 2492 quae
2727 2421 2949 2492 dirupta
2995 2421 3274 2492 compleat
3303 2429 3362 2478 et
3405 2421 3624 2479 confra-

2021 2529 2190 2584 gosa;
2226 2513 2448 2570 excelsa
2489 2513 2772 2579 humiliet,
2816 2530 2914 2570 seu
2951 2515 3250 2586 deprimat,
3283 2531 3452 2586 prava
3483 2515 3625 2572 diri-

2020 2617 2133 2678 gat,
2153 2621 2350 2676 aspera
2383 2621 2601 2662 morum
2631 2607 2948 2677 complanet
2975 2617 3034 2663 et
3075 2607 3250 2664 leniat
3277 2609 3345 2664 ".
3367 2607 3481 2665 Nec
3503 2608 3623 2665 sola

2019 2716 2126 2755 vox
2157 2701 2377 2772 signum
2412 2709 2518 2765 est,
2567 2701 2666 2756 sed
2694 2709 2752 2757 et
2795 2701 3106 2773 baptismus
3149 2701 3518 2774 paenitentiae.
3546 2704 3626 2759 Ac

2020 2792 2246 2862 quidem
2297 2793 2546 2863 Baptista
2593 2808 2763 2864 super
2785 2810 2990 2864 aquas;
3018 2794 3246 2865 Rexque
3275 2803 3479 2866 praesto
3507 2805 3624 2852 sta-

2021 2885 2122 2940 tim
2171 2893 2233 2940 ut
2280 2886 2588 2958 intingatur
2625 2903 2640 2952 ;
2687 2902 2753 2941 ac
2801 2887 3144 2957 praeconium
3185 2902 3356 2958 quam
3393 2887 3626 2958 plenum

2017 2977 2310 3050 majestate
2335 2993 2404 3034 ac
2432 2978 2688 3034 divinum
2718 2982 2732 3033 ί
2764 2978 2874 3050 Ipsi
2904 2980 3056 3035 enim
3082 2980 3178 3050 qui
3205 2995 3349 3050 aqua
3376 2980 3627 3052 tingeba-

2021 3077 2132 3135 tur,
2181 3067 2526 3140 explicatum
2574 3068 2778 3124 ccelum
2817 3084 2833 3133 ;
2883 3067 3113 3123 advenit
3161 3067 3426 3138 Spiritus,
3477 3069 3626 3123 facta

2019 3174 2126 3214 vox
2167 3160 2387 3214 Domini
2420 3160 2665 3216 tonantis
2696 3175 2866 3231 super
2906 3175 3102 3229 aquas,
3132 3161 3398 3230 velutque
3425 3159 3622 3230 digito,

2019 3252 2292 3308 columba:
2347 3251 2570 3322 illapsu,
2609 3251 3006 3308 charissimum
3053 3267 3119 3307 ac
3169 3251 3552 3322 pradilectum
3589 3267 3625 3306 e

2017 3346 2162 3403 cmlo
2187 3345 2539 3401 ostendentis
2567 3346 2634 3400 ⁷³.

2092 3437 2154 3493 In
2183 3437 2338 3493 hunc
2366 3437 2592 3492 modum
2621 3437 2833 3494 cmlesti
2863 3435 3034 3508 Rege,
3082 3434 3264 3506 majus
3295 3435 3509 3491 Joanne
3541 3442 3626 3492 te-

2019 3530 2349 3586 stimonium
2390 3545 2424 3585 e
2468 3529 2611 3586 ctelo
2659 3535 2970 3585 eonsecuto
2995 3528 3046 3560 ’δ
3081 3543 3210 3582 cum
3259 3527 3378 3598 ipse
3407 3526 3626 3598 primus

2021 3622 2293 3694 Baptista,
2315 3631 2433 3678 tum
2465 3623 2654 3678 statim
2689 3622 2759 3678 ab
2786 3621 2904 3686 illo,
2932 3629 2992 3675 tu
3017 3619 3364 3685 beatissime,
3392 3619 3622 3676 arctiori

2021 3716 2256 3787 spiritus
2305 3716 2516 3770 amoris
2548 3714 2627 3781 vi,
2659 3714 2751 3770 cui
2798 3712 3180 3769 testimonium
3230 3711 3622 3775 deferebatur,

2021 3805 2266 3877 proclive
2306 3803 2613 3860 adhaesisti.
2660 3805 2773 3859 Nec
2806 3804 2958 3858 enim
3003 3805 3214 3874 absque
3257 3803 3372 3858 ullo
3413 3803 3621 3867 medio,

2019 3897 2372 3954 divinissimo
2410 3895 2491 3950 illi
2512 3893 2798 3950 accessisti
2821 3910 2836 3961 ;
2861 3909 2967 3949 nec
2992 3892 3066 3947 ab
3098 3891 3235 3964 ipsis
3267 3893 3455 3948 statim
3495 3891 3626 3947 vitae

2019 3987 2342 4044 carceribus
2368 3985 2453 4058 (ut
2481 3986 2565 4042 sic
2591 3984 2810 4056 loquar)
2834 3983 3193 4055 perfectionis
3219 3983 3328 4040 alta
3356 3998 3626 4039 conscen-

2018 4079 2191 4135 disti:
2222 4077 2329 4147 Qui
2359 4078 2512 4135 enim
2551 4079 2606 4134 id
2635 4079 2831 4135 ﬁeret?
2856 4080 3097 4136 Necesse
3113 4093 3248 4134 vero
3271 4087 3395 4133 erat
3416 4085 3481 4132 ut
3501 4077 3623 4153 lege

2016 4164 2227 4244 scripta
2253 4183 2385 4230 ante
2406 4171 2683 4238 eruditus,
2705 4173 2789 4228 sic
2817 4172 2956 4244 legis
2981 4172 3218 4241 spiritus
3245 4185 3475 4240 compos
3503 4169 3624 4226 em-

2017 4263 2266 4329 cereris;
2305 4272 2476 4334 atque
2511 4271 2573 4319 ut
2608 4263 3124 4334 imperfectioribus
3155 4262 3316 4334 prius
3344 4261 3626 4318 mandatis

2017 4352 2298 4420 eruditus,
2338 4353 2424 4410 sic
2465 4353 2815 4426 Evangelieze
2855 4352 3187 4426 perfectioui
3215 4353 3617 4420 admovet-eris,

2019 4447 2079 4500 in
2109 4460 2221 4517 qua
2245 4445 2513 4501 nimirum
2545 4445 2762 4501 llrmam
2791 4446 2983 4503 sedem
3013 4462 3084 4502 ac
3109 4454 3315 4502 statum
3360 4444 3622 4502 immobi-

2019 4539 2130 4595 lem
2171 4539 2470 4595 habiturus
2495 4553 2673 4594 esses.
2705 4539 2812 4594 Par
2837 4547 2962 4596 erat
3000 4549 3063 4596 ut
3108 4548 3486 4611 praeurrente
3537 4542 3620 4592 lu-

2015 4646 2209 4697 cerna,
2239 4630 2411 4688 animi
2445 4631 2655 4702 pupilla
2677 4632 2792 4702 jam
2836 4640 2968 4688 ante
3013 4642 3342 4704 praparata,
3368 4631 3450 4687 sic
3479 4631 3622 4689 locis

300 4734 427 4789 ρας,
449 4719 511 4772 τὸ
539 4721 940 4792 ὑπέρλαμπρον
977 4722 1121 4774 οὓτω
1154 4722 1252 4775 καὶ
1305 4724 1454 4792 μέγα
1501 4723 1907 4789 καταδέξασθαι

2020 4737 2216 4779 omnes
2245 4722 2493 4794 fulgores
2516 4728 2795 4778 excedens
2817 4739 3078 4796 magnum
3097 4724 3290 4779 iumen
3319 4722 3616 4794 reciperet.

294 4809 458 4880 ῳῶςο
493 4813 586 4866 διὰ
636 4813 820 4877 τοῦτο,
851 4814 931 4877 ὡς
991 4814 1155 4883 μόνον
1205 4814 1304 4884 τὴν
1364 4814 1552 4884 φωνὴν
1609 4816 1668 4867 ὲν
1714 4816 1912 4886 ἐρήμῳ

294 4903 518 4975 βοῶσαν
547 4907 892 4977 ἱπακήκοας,
920 4908 1021 4978 οὐχ
1038 4908 1114 4970 ὡς
1146 4908 1269 4977 εἰκῆ
1302 4907 1592 4976 φωνοῦσαν
1622 4909 1913 4963 ἁπεσείσω

293 5000 444 5055 κατὰ
463 5001 594 5063 τοὺς
626 5001 848 5066 ἀσεϐεῖς
883 5017 900 5033 ο
955 5002 1070 5056 οὐδ’
1127 5001 1492 5067 ἁξιὰκουστον
1543 5002 1644 5072 μὲν
1691 5003 1910 5072 ἡγήσω,

291 5094 366 5166 τῇ
427 5094 530 5148 τοῦ
591 5094 711 5164 βίου
756 5095 822 5149 δὲ
875 5096 1203 5166 ματαιότητι
1263 5097 1757 5168 κατατεινόμενος,
1810 5096 1912 5166 τὴν

290 5186 576 5260 ἀκρόασιν
605 5190 916 5261 παρῃτήσω
968 5189 1115 5246 κατὰ
1149 5191 1278 5254 to);
1335 5190 1570 5254 πολλούς
1599 5205 1616 5222 ο
1647 5190 1759 5244 οὐδ’
1789 5191 1917 5259 ἐγέ-

294 5297 393 5334 νου
418 5281 524 5352 μὲν
562 5279 799 5353 πλησίον
845 5283 1045 5352 αὐτῆς,
1098 5282 1313 5354 βαρέως
1363 5283 1422 5336 δὲ
1461 5281 1608 5337 κατὰ
1631 5283 1761 5346 τοὺς
1791 5283 1912 5352 du}:-

296 5373 502 5447 κόρους
529 5373 809 5445 ἀκηκοιὶις,
863 5376 1028 5441 εὐθὺς
1073 5379 1157 5441 εἰς
1185 5377 1255 5431 τὰ
1293 5376 1475 5430 ὀπίσω
1527 5375 1872 5438 παλινοστεῖς
1894 5390 1912 5407 ·

296 5465 440 5521 ἀλλὰ
471 5467 695 5538 πρῶτον
743 5469 844 5538 μὲν
877 5469 977 5523 τὸν
1019 5471 1122 5542 τῆς
1167 5469 1481 5540 γεννήσεως
1542 5467 1769 5540 τρόπον,
1809 5469 1912 5538 τῆς

295 5560 645 5634 ὁνατροςρῆς,
679 5561 777 5634 τῆς
803 5561 1040 5633 διαίτης,
1068 5563 1162 5617 καὶ
1215 5563 1316 5634 τῆς
1359 5563 1489 5632 ὅλης
1538 5558 1635 5614 τοῦ
1667 5562 1913 5632 κήρυκος

369 5745 418 5816 ’,⁸
448 5744 581 5801 Luc.
623 5760 721 5813 xu,
787 5746 878 5814 42;
909 5745 1030 5816 Jac.
1059 5763 1096 5810 ι,
1151 5749 1240 5814 17;
1277 5749 1435 5806 Rom.
1478 5767 1595 5816 vm,
1641 5751 1729 5807 20.

307 5814 354 5849 ⁷³
380 5815 528 5872 l’sal.
560 5832 750 5884 sum,
779 5816 816 5873 5
887 5815 934 5850 τδ
965 5816 1126 5875 Joan.
1167 5835 1220 5887 ν,
1247 5818 1338 5877 '56.

2019 4816 2257 4877 Idcirco.
2295 4832 2423 4872 mox
2450 4832 2520 4872 ac
2563 4831 2758 4872 vocem
2790 4818 3126 4874 clamantem
3156 4817 3214 4872 in
3253 4818 3475 4873 deserto
3512 4833 3618 4872 au-

2015 4907 2172 4975 disti,
2197 4923 2311 4964 non
2336 4909 2491 4964 velut
2512 4918 2728 4966 temere
2753 4909 3110 4975 clamantem,
3139 4909 3437 4980 impiorum
3459 4923 3618 4965 more

2020 5001 2306 5072 repulisti:
2328 5017 2435 5056 nec
2455 5001 2681 5073 dignam
2703 5003 3012 5058 arbitratus
3038 5003 3131 5059 cui
3153 5003 3382 5059 auditus
3401 5017 3622 5059 accom-

2017 5093 2379 5161 modaretur,
2436 5094 2628 5150 saeculi
2687 5096 2920 5152 vanitati
2983 5096 3286 5152 intendens
3331 5095 3618 5166 animum,

2017 5185 2174 5255 vulgi
2223 5199 2378 5241 more
2413 5185 2612 5242 audire
2647 5187 2929 5243 renuisti:
2975 5202 3081 5244 nec
3127 5187 3361 5259 propius
3389 5185 3621 5258 quidem

2019 5277 2326 5346 accessisti,
2349 5278 2596 5349 graviter
2621 5288 2808 5335 autem
2835 5279 3095 5344 audiens.
3130 5281 3284 5337 velut
3315 5280 3622 5338 fastidiosis

1997 5389 2125 5444 usu
2146 5372 2324 5440 venit,
2346 5374 2532 5429 statim
2566 5373 2765 5444 pedem
2796 5373 3038 5431 retulisti
3063 5394 3078 5428 :
3104 5375 3200 5430 sed
3230 5375 3472 5446 primum
3503 5375 3620 5431 nati

2019 5465 2295 5536 pmconis
2339 5466 2589 5532 modum,
2616 5467 2875 5523 eximiam
2928 5467 3339 5525 institutionem
3381 5469 3620 5539 vitaeque

2018 5575 2243 5622 omnem
2277 5558 2551 5615 rationem
2577 5559 2924 5630 demiratus;
2949 5573 3178 5635 tumque
3206 5559 3620 5636 praedicationis

1817 5753 1847 5784 ”
1881 5751 2017 5807 Luc.
2071 5766 2108 5808 ι.
2143 5753 2229 5808 80.
2314 5752 2356 5784 τ’
2392 5750 2498 5809 lsa.
2533 5767 2620 5820 ιι,
2649 5753 2716 5819 '5;
2766 5750 2959 5807 Matth.
3019 5762 3102 5814 ιιι,
3152 5747 3219 5817 5;
3273 5742 3415 5806 Luc.
3445 5756 3533 5810 ut,
3557 5747 3592 5802 3
