4086 6282
475 331 550 397 59
1698 344 1998 407 NICETzE
2038 350 2574 412 PAPHLAGONIS
3732 366 3805 428 60

477 448 530 502 vi
561 446 859 504 attendens
900 448 1171 514 animum,
1211 466 1276 506 ac
1306 452 1461 509 velut
1510 453 1762 512 divinum
1803 461 2051 529 quoddar

2157 462 2420 531 ,ἀγωγῆς
2481 462 2543 516 τὸ
2595 463 2874 536 ὑπερφυὲς
2939 467 3427 537 ἔεκτεθσιυμακώς⁸
3481 470 3676 527 ἔπειτα
3733 477 3801 547 τῇ

474 541 710 595 verbum
739 542 1071 612 cunctisque
1117 544 1361 600 salutare
1393 546 1732 618 intelligens,
1767 568 1796 604 a
1825 554 2078 622 parenti-

471 633 579 688 bus
605 641 770 704 atque
793 635 1079 700 fratribus,
1094 638 1361 708 omnique
1382 642 1713 710 cognatione
1735 643 2077 712 abscessisti,

470 737 640 798 atque
671 729 821 782 illius
852 737 904 784 te
935 739 1111 784 totum
1136 730 1444 802 disciplina:
1470 733 1758 801 addicens,
1788 745 2077 806 paternam

472 819 853 875 [nereditatem
879 831 937 877 et
970 822 1361 892 piscationem,
1387 841 1452 880 ac
1483 827 1881 882 naviculariam
1915 844 2077 898 spre-

469 913 640 967 visti:
679 913 772 968 sed
807 921 864 969 et
903 914 1208 970 mulcentia
1239 918 1446 983 omnia,
1474 929 1641 989 atque
1674 920 1740 976 ad
1781 920 2075 978 libidinem

469 1003 831 1072 pellicientia,
859 1009 1267 1076 contempsisti.
1294 1009 1528 1078 Jamque
1558 1011 1754 1066 melius
1779 1028 1944 1081 quam
1973 1029 2076 1083 pro

467 1096 714 1152 hominis
742 1098 957 1153 ratione
982 1099 1225 1168 sapiens,
1253 1102 1500 1157 urbanos
1536 1112 1715 1158 cattus
1753 1120 2072 1174 morasque,

465 1189 729 1254 deserto;
765 1191 1039 1247 tumultus
1067 1192 1306 1260 vitaeque
1340 1196 1584 1264 negotia,
1617 1197 1809 1266 quiete
1839 1213 1905 1252 ac
1935 1198 2074 1252 soli-

471 1278 704 1347 tudine;
754 1280 1017 1346 delicias,
1060 1285 1406 1340 continentia
1453 1302 1518 1341 ac
1569 1288 1835 1358 jejunio;
1880 1305 2070 1345 rerum

463 1371 808 1428 affluentiam
835 1413 850 1438 ,
885 1376 1158 1431 tenuitate
1206 1393 1408 1432 census
1449 1380 1844 1436 commutasti:
1885 1382 2074 1452 Bapti-

461 1473 673 1535 staequc
697 1467 1152 1534 contubernium,
1177 1484 1370 1539 regum
1401 1470 1528 1525 aula
1555 1470 1772 1539 potiore
1815 1472 1940 1528 loco
1965 1473 2070 1530 du-

461 1571 619 1622 cens,
653 1572 874 1612 omnem
907 1557 1065 1613 brevi
1111 1563 1472 1631 praeceptoris
1501 1562 1769 1619 virtutem
1802 1564 2068 1621 imitatio-

458 1646 549 1702 nis
593 1648 745 1703 cultu
790 1650 1106 1720 attraxisti;
1151 1663 1403 1708 exactam
1447 1654 1721 1711 doctrinae
1765 1656 2064 1723 rationem,

455 1739 826 1792 constantiam
853 1739 1048 1805 animi,
1075 1740 1292 1797 nierum
1322 1742 1688 1809 honestatem,
1725 1745 1853 1802 vitae
1882 1746 2067 1817 splen—

455 1828 670 1896 dorem,
697 1838 1048 1888 terronorum
1077 1843 1481 1905 contemptum,
1531 1846 1855 1902 contentum
1888 1839 2059 1895 maleo
2091 1808 2142 1868 Β

457 1920 629 1974 stium
678 1921 960 1977 desiderio
997 1925 1285 1991 animum;
1331 1935 1496 1997 atque
1533 1927 1618 1999 (ut
1650 1929 1822 1983 semel
1847 1929 2053 1996 dicam,

451 2027 676 2068 onmem
705 2018 828 2086 ejus
858 2016 1102 2070 divinam
1143 2018 1460 2072 studiorum
1494 2021 1768 2074 rationem
1809 2036 1874 2075 ac
1915 2021 2052 2077 cha-

451 2116 716 2172 racteres,
752 2107 896 2164 bona
923 2110 1128 2164 mentis
1156 2110 1344 2166 indole
1377 2113 1724 2182 expressisti.

2181 551 2275 604 τοῦ
2343 553 2704 624 κηρύγματος
2763 554 2993 624 δυνάμει
3067 559 3515 631 προσεσχηκὼς,
3563 565 3667 616 καὶ
3724 565 3801 630 ὼς

2181 643 2324 695 θεῖὲν
2374 663 2427 697 τι
2484 645 2548 697 τὸ
2604 646 2783 716 ρἦα,
2836 649 2935 700 καὶ
2993 650 3104 703 τῶν
3156 653 3300 704 ὅλων
3359 653 3447 721 εἴη
3501 656 3798 725 σωτήριον,

2179 738 2482 808 ἐπιστήσας
2501 738 2595 790 τὸν
2628 737 2772 806 νοῦν,
2824 740 3114 806 ἐξίσταται
3162 746 3267 810 μὲν
3298 745 3505 809 γονέων
3531 749 3627 798 καὶ
3656 745 3783 801 ἀδελ

2179 829 2332 896 φῶν,
2400 829 2686 894 ἐξίστασαι
2742 834 3035 902 συγγενῶν
3068 850 3082 865 °
3133 837 3256 901 ὅλος
3295 836 3358 891 δὲ
3423 837 3523 905 τῆς
3583 839 3800 892 ἐκείνου

2176 921 2470 992 γενόμενος
2514 923 2877 994 φιλοσοφίας,
2933 927 3220 1000 ὑπερεῖδες
3271 931 3379 997 μὲν
3420 929 3624 1002 κλήρου
3688 950 3797 986 πα-

2175 1012 2392 1084 τρῴου,
2464 1017 2561 1070 καὶ
2621 1017 2810 1082 άλείας
2866 1020 2965 1074 πιιαλ⁸
3018 1024 3341 1087 ναυτιλίας·
3403 1023 3692 1092 ὑπερεῖδες
3737 1025 3797 1078 δὲ

2175 1103 2401 1158 καὶτῶν
2429 1105 2532 1158 ὅσα
2585 1110 2938 1179 καταθέλγει.
2991 1113 3093 1167 καὶ
3139 1115 3279 1184 πρὸς
3335 1112 3658 1183 φιληδονίαν
3689 1133 3794 1169 κα-

2173 1196 2404 1266 τασύρει
2460 1198 2557 1250 τὸν
2618 1201 2768 1254 νοῦν.
2812 1204 3082 1272 Κρεῖττον
3135 1205 3195 1259 δὲ
3257 1206 3482 1270 λοιπὸν,
3551 1206 3585 1275 ἢ
3644 1208 3791 1261 κατὰ

2174 1288 2465 1358 ἄνορωπον
2490 1291 2727 1360 φρονῶν,
2755 1293 2855 1363 τὴν
2894 1293 3106 1366 ἔρημον
3151 1297 3271 1367 μὲν,
3316 1299 3428 1352 τῶν
3462 1302 3518 1352 ἐν
3560 1299 3790 1352 πόλεσιν

2172 1379 2392 1448 ὴλλάξω
2419 1380 2714 1452 διατριϐῶν
2742 1399 2755 1415 ·
2796 1383 3045 1456 θορύϐων
3085 1387 3166 1453 δὲ,
3202 1389 3304 1460 τὴν
3337 1392 3580 1462 ἡσυχίαν
3603 1408 3618 1423 ⁸
3651 1409 3787 1460 τρυ-

2171 1470 2280 1539 φῆς
2309 1470 2389 1540 δὲ,
2418 1469 2518 1543 τὴν
2565 1474 2900 1545 ἐγκράτειαν
2927 1494 2942 1508 ·
3005 1482 3331 1551 περιουσίας
3376 1483 3457 1548 δὲ,
3501 1485 3602 1556 τὴν
3633 1483 3785 1539 λιτό-

2169 1579 2356 1632 τηταο
2414 1565 2508 1618 καὶ
2555 1564 2657 1637 τὴν
2727 1568 2872 1637 μετὰ
2916 1568 3013 1624 τοῦ
3067 1571 3384 1628 Βαπτιστοῦ
3434 1577 3783 1647 συνοίκησιν.

2173 1655 2469 1728 βασιλείων
2500 1659 2809 1731 ἡγούμενος
2848 1666 3282 1737 προτιμοτέραν,
3317 1668 3448 1739 ὃλην
3488 1670 3547 1723 ὲν
3578 1671 3786 1743 βραχεῖ

2169 1749 2264 1802 τοῦ
2288 1750 2619 1805 διδασκάλου
2648 1753 2740 1807 διὰ
2768 1757 3060 1826 μιμήσεως
3093 1761 3400 1814 ἐπεσπάσω
3424 1761 3528 1833 τὴν
3554 1763 3777 1836 ἀρετὴν,

2169 1843 2266 1894 καὶ
2298 1841 2398 1896 τοῦ
2427 1843 2590 1912 λόγου
2615 1845 2679 1899 τὸ
2709 1847 2961 1917 ἀκριϐὲς,
2996 1850 3091 1902 καὶ
3120 1851 3217 1904 τοῦ
3246 1854 3453 1924 τρόπου
3482 1856 3546 1910 τὸ
3575 1856 3778 1910 εὐσταη

2166 1929 2281 1996 θὲς,
2300 1931 2399 1986 καὶ
2415 1933 2479 1985 τὸ
2504 1933 2600 1987 τοῦ
2618 1934 2786 2006 ἤθους
2806 1937 3028 2008 σεμνὸν,
3046 1940 3222 1994 καὶτὸ
3242 1942 3336 1996 τοῦ
3358 1944 3477 2014 βίου
3495 1945 3777 2018 λαμπρὸν,

2163 2025 2258 2077 καὶ
2315 2023 2427 2078 τῶν
2474 2025 2742 2095 ἐπιγείων
2791 2029 2896 2100 τὴν
2946 2030 3281 2102 ὑπεροψίαν,
3338 2036 3436 2089 καὶ
3483 2037 3586 2108 τὴν
3636 2037 3776 2109 πρὸς

2159 2115 2230 2167 τά
2276 2115 2507 2186 οὐράνια
2547 2118 2856 2186 συντονίαν,
2910 2123 3005 2173 καὶ
3063 2125 3247 2177 πᾶσαν
3286 2125 3454 2180 αὑτοῦ
3500 2126 3602 2199 τὴν
3651 2129 3776 2183 θεο·

448 2199 724 2269 πρέπειαν
755 2199 856 2270 (8),
889 2201 1152 2268 καθάπαξ
1204 2205 1402 2270 εἰπεῖν,
1454 2205 1535 2276 τῷ
1591 2207 1902 2276 άγαθοειδεῖ
1927 2207 2261 2279 ὲναπεμάξω
2318 2207 2414 2261 τοῦ
2474 2208 2587 2264 νοῦ.

521 2288 797 2357 Quoniam
823 2309 958 2347 vero
987 2294 1054 2360 is,
1080 2296 1175 2365 qui
1200 2306 1322 2350 erat
1348 2307 1642 2365 venturus,
1671 2302 1787 2370 jam
1809 2317 2054 2371 priesens

446 2390 591 2447 erat,
619 2395 677 2438 et
704 2383 976 2441 Dominus
1005 2403 1132 2442 cum
1161 2391 1341 2445 servis
1374 2392 1724 2458 versabatur,
1758 2394 2055 2449 caelorum-

444 2489 557 2544 que
605 2477 722 2531 Rex
774 2478 943 2533 simili
989 2483 1254 2552 pauperis
1301 2484 1494 2540 habitu
1535 2502 1662 2540 cum
1712 2488 2053 2556 pauperibus

446 2566 646 2638 agebat
667 2569 737 2634 ⁷⁸,
763 2569 856 2626 hic
887 2579 993 2627 tua:
1029 2573 1223 2644 ingens
1259 2574 1485 2632 virtutis
1531 2578 1850 2647 pnestantia
1888 2595 2052 2634 mon-

444 2669 677 2716 stratur.
714 2662 839 2718 Mox
875 2665 1024 2718 enim
1071 2683 1135 2722 ac
1169 2669 1548 2739 praeceptoris,
1580 2669 1650 2725 de
1682 2670 1812 2727 Jesu
1851 2685 2045 2728 vocem

441 2753 675 2821 audisti,
728 2754 862 2811 Ecce
898 2757 1079 2829 Agnus
1129 2759 1220 2814 Dei
1255 2763 1319 2828 ⁷⁸,
1358 2778 1470 2817 non
1514 2763 1742 2818 dubiam
1779 2780 1904 2821 eam
1947 2764 2046 2822 lia-

444 2843 640 2910 bnisti,
671 2863 775 2903 nec
813 2848 882 2904 de
913 2851 1233 2906 testimonio
1273 2870 1480 2925 anceps
1524 2856 1712 2911 animo
1757 2857 1951 2924 fuisti;
1986 2867 2056 2926 at,

444 2950 627 3004 neque
661 2954 859 2994 eorum
902 2956 1056 2996 more
1087 2944 1180 3012 qui
1230 2954 1361 2998 sunt
1406 2946 1639 3002 modica:
1677 2947 1830 3016 ﬁdei,
1869 2951 1939 3006 ad
1975 2950 2044 3005 fi-

443 3027 570 3082 dem
605 3029 911 3086 faciendam
940 3040 1155 3088 certum
1185 3035 1410 3105 aliquod
1442 3049 1831 3108 argumentum
1864 3057 1928 3096 ac
1959 3043 2042 3096 in-

2237 2299 2463 2368 Ἐπειδὴ
2514 2301 2573 2352 δὲ
2618 2302 2648 2354 ὀ
2704 2301 3008 2372 ἐρχόμενος
3059 2305 3270 2376 παρῆν,
3320 2309 3418 2363 καὶ
3461 2311 3603 2380 μετά
3658 2315 3776 2370 τῶν

2149 2389 2357 2444 δούλων
2389 2394 2416 2444 ὁ
2442 2393 2728 2464 Δεσπότης
2759 2406 2776 2422 ⁶
2814 2397 2909 2447 καὶ
2932 2397 2963 2449 ὁ
3015 2397 3126 2453 τῶν
3172 2399 3422 2471 οὐρανῶν
3476 2402 3772 2470 Βασιλεὺς,

2151 2484 2211 2536 ὲν
2252 2482 2568 2553 ὁμοιώματι
2595 2485 2836 2557 πένητος
2885 2491 3002 2550 τοῖς
3051 2490 3284 2561 πένησιν
3337 2494 3718 2566 ὲπεχωρίαζεν
3752 2513 3770 2530 ο

2150 2574 2391 2628 ἐνταῦθά
2449 2592 2546 2627 σου
2602 2577 2666 2630 τὸ
2723 2579 2870 2648 μέγα
2932 2582 3261 2654 προτέρημα
3308 2584 3614 2657 καθορᾶται
3664 2589 3772 2661 τῆς

2154 2665 2380 2738 ἀρετῆς.
2428 2665 2519 2730 Ὡς
2550 2666 2715 2736 μόνον
2751 2670 2861 2739 γὰρ
2885 2672 2981 2724 τοῦ
3007 2674 3388 2744 καθηγεμόνος
3419 2679 3769 2749 ὲπακήκοας,

2158 2757 2284 2811 Ἴδε
2331 2759 2523 2826 ἀμνὸς
2554 2759 2664 2813 τοῦ
2713 2762 2886 2821 θεοῦ.
2928 2766 3179 2836 περὶτοῦ
3221 2768 3396 2838 Ἰησοῦ
3446 2753 3766 2837 λαλοῦντος,

2151 2849 2255 2903 οὐκ
2305 2849 2599 2914 ἐδίστασας
2652 2856 2720 2922 τῇ
2784 2857 2961 2926 φωνῇ.
3011 2856 3072 2910 οὑ
3126 2858 3409 2930 διεκρίθης
3458 2859 3602 2932 πρὸς
3663 2864 3766 2930 τὴν

2152 2941 2460 3012 μαρτυρίαν
2487 2959 2502 2974 ·
2533 2943 2643 2996 οὐδ’
2668 2940 2736 2998 αὖ
2766 2947 3057 3019 τεκμηρίῳ
3089 2951 3196 3002 τινὶ
3242 2951 3593 3023 πιστωθῆναι
3621 2956 3764 3009 κατὰ

2146 3035 2274 3097 τοὺς
2301 3033 2681 3103 ὁλιγοπίστους
2734 3038 3006 3112 άπῃτήσω
3029 3055 3044 3069 ⁶
3083 3042 3219 3112 ὁμοῦ
3247 3044 3304 3096 δὲ
3336 3044 3414 3114 τῷ
3439 3043 3588 3116 λόγῳ
3625 3030 3760 3118 πρὸς

442 3121 649 3177 dicium
679 3124 1098 3218 ﬂagitastias’ed
1133 3143 1257 3188 mox
1281 3129 1473 3183 audito
1497 3131 1686 3194 verbo,
1710 3133 1778 3188 ad
1804 3134 2047 3190 Verbum

2157 3127 2248 3178 τὸν
2274 3127 2451 3195 Λόγον
2503 3129 2822 3197 μετετίθεσο
2849 3146 2866 3163 ’
2905 3133 3000 3185 καὶ
3036 3135 3130 3188 τδν
3172 3138 3550 3206 νυμφαγωγὸν
3586 3155 3761 3192 κατα·

446 3224 617 3269 temet
638 3216 754 3286 ipse
788 3199 1116 3273 transtulisti
1143 3236 1158 3285 ;
1188 3220 1498 3292 relictoque
1526 3224 1804 3294 pronubo,
1825 3242 2042 3285 summa

442 3307 614 3362 animi
651 3310 991 3381 pcrspicacia
1042 3313 1258 3382 Sponso
1294 3315 1609 3383 adhmsisti;
1650 3334 1851 3391 nempe
1893 3323 2044 3377 velut

442 3415 701 3469 sponsam
735 3400 1172 3469 immaculatum,
1201 3416 1443 3462 mentem
1478 3409 1528 3463 ci
1562 3408 1826 3478 offerens,
1854 3428 2043 3469 sacra-

446 3493 699 3563 tioreque
738 3494 831 3571 illi.
866 3496 1080 3551 ratione
1121 3508 1384 3567 aptatus:
1412 3501 1548 3571 quin
1581 3515 1639 3558 et
1668 3519 1875 3574 corpus
1905 3506 2046 3562 offe—

444 3599 594 3651 rens,
625 3597 682 3641 et
717 3602 846 3643 cum
888 3605 957 3643 eo
1000 3605 1224 3644 manere
1257 3608 1514 3662 quaerens
1545 3613 1611 3651 ac
1637 3597 2042 3668 discipulorum

439 3678 750 3733 matricula:
797 3681 1000 3735 ascribi
1039 3685 1102 3750 (ο
1135 3680 1298 3737 fidem
1322 3684 1370 3753 ί)
1399 3685 1567 3755 inque
1613 3704 1794 3743 :evum
1829 3689 1909 3745 illi
1943 3706 2040 3747 co-

441 3770 1064 3843 lizrrcre,'ministrique
1113 3784 1304 3844 partes
1353 3777 1607 3847 implere,
1649 3780 1812 3836 enixe
1857 3799 2039 3854 rogas.

511 3850 654 3928 Quid
707 3878 777 3918 ex
833 3863 943 3919 tuis
995 3865 1238 3935 primum
1292 3869 1690 3928 laudabimus?
1725 3863 1861 3943 quid
1907 3850 2043 3933 vero

440 3953 814 4022 potissimum,
847 3971 882 4010 ο
922 3958 1016 4026 qui
1057 3974 1273 4016 sununa
1296 3961 1500 4033 dignus
1528 3965 1898 4024 admiratione
1938 3971 2040 4036 sis.

437 4044 882 4102 admirabimur?
920 4049 1076 4104 Fidei
1112 4052 1495 4110 sinceritatem
1519 4056 1543 4110 τ
1570 4072 1760 4113 veram
1789 4059 2044 4119 dilectio-

436 4138 615 4191 nem?
647 4152 718 4192 an
744 4154 944 4194 sensus
969 4140 1299 4196 modestiam
1331 4145 1621 4215 animique
1659 4148 1945 4207 lenitatem
1976 4170 2041 4212 ac

435 4226 754 4296 mquitatem
776 4228 800 4280 ?
821 4228 980 4294 Quod
1009 4231 1163 4285 enim
1193 4232 1382 4289 audita
1409 4237 1760 4293 solummodo
1780 4240 2040 4311 Baptistae.

438 4332 596 4383 voce,
623 4318 720 4371 illo
751 4323 939 4373 statim
970 4321 1187 4388 relicto,
1212 4324 1414 4380 festiue
1440 4336 1566 4396 post
1595 4327 1784 4385 Jcsum
1809 4332 2036 4400 abieris,

433 4427 658 4466 omnem
685 4413 846 4482 plane
877 4415 1151 4472 virtutem
1175 4419 1471 4488 perspicue
1502 4422 1710 4490 prodit.
1727 4423 1870 4479 Num
1895 4426 2039 4482 leni-

437 4505 565 4560 tatis
595 4505 759 4560 simul
785 4507 1139 4580 modestique
1175 4526 1372 4567 sensus
1402 4527 1468 4569 ac
1491 4515 1686 4582 animi,
1723 4520 1869 4587 quod
1907 4520 2036 4575 illu-

431 4598 532 4651 Stri
570 4600 666 4653 illo
690 4600 980 4670 gloriaque
1005 4601 1342 4671 clarissimo,
1375 4621 1440 4660 ac
1464 4623 1686 4663 onmem
1705 4626 1878 4682 prope
1913 4614 2035 4667 vin-

431 4702 594 4746 cente
626 4692 961 4758 claritatem,
996 4696 1216 4761 relicto,
1250 4699 1374 4754 miti
1404 4701 1573 4756 corde
1611 4713 1780 4774 atque
1811 4706 2032 4771 humili,

432 4783 784 4855 nccdumque
811 4786 1124 4842 claritatem
1158 4790 1383 4861 adepto,
1411 4793 1620 4863 qna-ris
1643 4796 1928 4852 adhaerere
1954 4800 2036 4854 7’?

427 4877 573 4931 Num
603 4888 660 4934 et
689 4879 818 4933 fidei
859 4880 1009 4936 istud
1041 4883 1489 4952 perfectissimae,
1513 4897 1844 4960 certumque
1883 4892 2030 4948 indi-

427 4970 577 5023 cium
627 4986 858 5025 summa:
891 4971 1253 5029 dilectionis?
1302 4976 1439 5029 Eum
1481 4976 1632 5032 enim
1687 4979 1783 5049 qui
1821 4980 2034 5049 primus

427 5060 612 5115 Verbo
637 5061 947 5133 discipulus
972 5065 1287 5134 accederet,
1325 5067 1649 5138 primusque
1680 5071 1882 5125 divinae
1909 5071 2034 5140 ejus

427 5154 858 5209 necessitudinis
893 5157 1234 5212 commercio
1264 5158 1489 5214 futurus
1524 5173 1693 5226 esset,
1735 5163 1885 5218 illius
1913 5173 2030 5220 tum

427 5242 674 5314 Spiritus
728 5247 1061 5319 participem
1113 5249 1271 5315 fore,
1319 5258 1440 5306 tum
1493 5252 1765 5308 virtutum
1816 5260 2031 5314 semina

501 5422 551 5455 "
584 5424 791 5482 llabac.
825 5446 888 5497 ιι,
912 5431 978 5497 4;
1011 5429 1183 5485 llebr.
1211 5445 1272 5495 ιι,
1299 5431 1390 5485 37.
1470 5429 1678 5486 "Joan.
1707 5449 1746 5497 ι,
1781 5436 1872 5490 29.

503 5587 581 5663 (Si
611 5585 826 5663 Πιῖρνιιν
855 5593 1045 5646 αὑτοῦ
1076 5593 1194 5661 τὴν
1242 5595 1657 5663 θεοπρέπειαν.
1725 5600 1832 5654 Alii
1876 5614 2028 5653 com-

429 5658 731 5739 ιιιιιιιὶιιδτρ
757 5663 1064 5733 θεοπρεπὲς
1092 5658 1310 5739 dicunt.
1337 5658 1618 5739 Quidquid
1643 5679 1730 5723 est
1755 5672 1876 5739 ejus
1893 5671 2035 5725 divi-

431 5744 624 5802 rutrum
678 5731 869 5785 dmum
901 5731 965 5788 ac
997 5731 1426 5802 perfectiouum,
1472 5731 1691 5794 divinas
1723 5731 1920 5795 omnes
1977 5741 2028 5792 in

427 5814 496 5854 co
523 5801 682 5856 dotes
709 5820 771 5856 ac
805 5801 1180 5876 characteres,
1206 5825 1270 5863 ac
1328 5810 1377 5863 si.
1426 5807 1559 5878 quid
1588 5812 1864 5879 ejusmodi
1917 5811 2029 5868 dici

1951 5438 2112 5495 Joan.

2147 3218 2348 3286 λιπὼν,
2381 3219 2695 3290 νοερώτατα
2720 3223 2801 3294 τῷ
2845 3224 3090 3295 Νυμφίῳ
3123 3227 3441 3296 προσεφύου
3471 3243 3489 3261 ⁸
3529 3224 3622 3284 οἷα
3659 3230 3761 3300 μὲν

2147 3308 2371 3380 νύμφην
2403 3310 2639 3380 ἄμωμον
2659 3351 2674 3376 ,
2701 3317 2802 3382 τὴν
2845 3313 3091 3403 διάνοιαν
3126 3316 3424 3385 προσάγων
3457 3317 3632 3387 αὐτῷ,
3666 3317 3761 3370 καὶ

2150 3401 2435 3472 μυστικῶς
2489 3401 3019 3474 πῳσαρμοζὸμενος
3047 3422 3062 3434 ·
3114 3409 3416 3477 προσάγων
3459 3410 3516 3462 δὲ
3569 3412 3665 3463 καὶ
3701 3411 3760 3464 rb

2148 3492 2332 3565 σῶμα,
2369 3495 2465 3547 καὶ
2497 3495 2628 3566 παρ’
2662 3497 2815 3568 αὐτῷ
2864 3499 3051 3567 μένειν
3100 3499 3284 3569 ζητῶν
3322 3501 3416 3552 καὶ
3471 3502 3761 3573 μαθητιῶν

2147 3585 2217 3656 (ὦ
2245 3586 2345 3655 τῆς
2374 3587 2608 3651 πίστεως
2632 3591 2698 3657 ί),
2733 3590 2826 3642 καὶ
2869 3589 3020 3662 αὑτῷ
3051 3590 3122 3646 δι’
3155 3590 3352 3658 αἰῶνος
3382 3598 3626 3650 συνεῖναι.
3665 3598 3760 3650 καὶ

2147 3679 2519 3735 διακονεῖσθαι
2544 3683 2908 3754 παρακαλῶν.
3503 3676 3510 3682 ’
3788 3678 3794 3685 ”

2141 3920 2144 3924 ’
2216 3896 2284 3950 Τί
2324 3915 2419 3952 σου
2475 3901 2696 3971 πρῶτον
2744 3902 3196 3973 ἐπαινεσόμεθα;
3246 3907 3299 3958 τί
3357 3907 3416 3960 δὲ
3449 3908 3680 3977 μᾶλλον,
3713 3903 3761 3961 ὦ

2145 3987 2610 4058 θαυμασιώτατε,
2673 3993 3122 4063 θαυμασόμεθας
3200 3996 3266 4050 τὸ
3339 3998 3444 4069 τῆς
3513 4001 3758 4064 πίστεως
3841 4029 3844 4032 ~

2141 4080 2446 4151 ἀκραιφνὲς
2472 4121 2487 4146 ,
2514 4083 2575 4136 τὸ
2605 4085 2704 4156 τῆς
2732 4085 2958 4153 ἀγάπης
2990 4086 3307 4156 εἱλικρινὲς,
3346 4089 3380 4159 ἣ
3432 4091 3494 4143 τὸ
3529 4091 3762 4162 μέτριον

2136 4171 2239 4224 ’τοῦ
2273 4177 2627 4243 φρονήματος
2660 4178 2755 4229 καὶ
2785 4176 2928 4242 άγαν
2973 4177 3218 4240 ἐπιεικές
3245 4194 3260 4243 ;
3313 4180 3388 4232 Τὸ
3421 4182 3535 4251 γάρ
3586 4182 3763 4254 μόνης

2141 4262 2238 4315 τοῦ
2299 4263 2613 4318 Βαπτιστοὺ
2675 4267 2777 4335 τῆς
2831 4269 3018 4337 φωνῆς
3077 4269 3380 4335 ἀκηκοότα,
3431 4272 3606 4326 αὑτὸν
3659 4274 3764 4344 μὲν

2141 4354 2344 4409 αὐτίκα
2386 4356 2595 4419 λιπεῖν,
2637 4357 2717 4428 τῷ
2777 4359 2954 4428 Ἰησοῦ
3005 4359 3064 4410 δὲ
3121 4361 3526 4434 προσδραμεῖν,
3571 4358 3763 4437 πάσης

2140 4447 2349 4513 ἀρετῆς
2380 4448 2661 4510 ἀπόδειξις
2698 4451 2960 4519 ἐναργής.
2999 4453 3071 4503 Ἢ
3119 4452 3182 4503 οὑ
3232 4456 3552 4524 πραΰτητος
3597 4458 3766 4529 ἔργον

2062 4516 2283 4605 Βόμοῦ
2338 4538 2435 4590 καὶ
2486 4540 3037 4610 ταπεινοφροσύνης,
3095 4543 3189 4593 τὸν
3240 4544 3600 4617 περιώνυμον
3660 4550 3765 4618 μὲν

2145 4629 2357 4679 ἐκεῖνον
2409 4627 2507 4681 καὶ
2561 4631 2663 4696 τὴν
2730 4629 2893 4693 δόξαν
2944 4631 3348 4703 ὑπέρλαμπρον
3406 4639 3761 4704 καταλιπεῖν,

2145 4718 2425 4788 τῷπραεῖ
2480 4718 2538 4770 δὲ
2581 4722 2648 4788 τῇ
2704 4721 2909 4790 καρδίᾳ
2969 4724 3065 4774 καὶ
3117 4725 3382 4796 ταπεινῷ,
3443 4729 3543 4781 καὶ
3601 4730 3764 4786 οὔπω

2144 4807 2526 4880 δεδοξασμένῳ
2549 4810 2848 4863 κολλᾶσθαι
2881 4811 3009 4881 ζητε
3021 4816 3104 4877 ῖν;
3133 4815 3203 4868 Ἥ
3232 4816 3356 4885 οὑχί
3388 4822 3483 4871 καὶ
3514 4821 3765 4888 πίστεως

2143 4901 2305 4954 τοῦτο
2332 4901 2431 4971 τῆς
2456 4901 2831 4972 τελειοτάτης,
2878 4905 2976 4956 καὶ
3019 4905 3250 4976 ἀγάπης
3279 4909 3418 4962 Θεοῦ
3447 4913 3765 4985 τεκμήριον

2141 4993 2242 5060 τῆς
2281 4991 2598 5063 ἀκροτάτης
2630 5010 2645 5060 ;
2680 4995 2785 5047 Τὸν
2819 4995 2930 5064 γὰρ
2978 4996 3197 5065 πρῶτον
3229 4999 3310 5068 τῷ
3370 5002 3537 5071 Λόγῳ
3583 5007 3764 5077 μαθη.

2142 5081 2403 5154 τευθῆναι
2455 5085 2790 5155 προσιόντα,
2831 5085 2927 5139 καὶ
2983 5086 3205 5157 πρῶτον
3262 5091 3323 5142 ὲν
3383 5098 3592 5166 μετοχῇ
3656 5100 3762 5168 τῆς

2141 5172 2445 5243 θεαρχικῆς
2494 5173 2830 5243 οἰκειότητος
2885 5174 3153 5244 μέλλοντα
3203 5177 3596 5249 καθίστασθαι,
3647 5187 3760 5240 εδει

2143 5262 2374 5332 μέτοχον
2405 5279 2465 5316 τε
2500 5259 2642 5316 εἶναι
2671 5264 2766 5317 τοῦ
2816 5263 3138 5335 Πνεύματος
3169 5266 3408 5333 ἐκείνου,
3444 5274 3543 5325 καὶ
3574 5275 3757 5345 σπέρ-

2143 5458 2182 5506 ι,
2208 5440 2298 5497 58.
2379 5443 2423 5474 ’⁷
2456 5442 2651 5498 Matth.
2683 5459 2762 5509 XI,
2785 5443 2880 5499 29.

2135 5611 2318 5669 potest
2347 5621 2359 5655 :
2388 5606 2645 5682 quofcre
2682 5603 3095 5682 modoEustat.
3131 5606 3362 5671 exponit
3408 5609 3470 5661 τὸ
3517 5612 3758 5682 0301:96-

2141 5688 2238 5748 _—.:_o;
2277 5673 2428 5748 apud;
2475 5676 2697 5748 llonter.
2737 5673 2866 5748 _Sed
2906 5683 2998 5748 cst
3030 5689 3250 5748 proprie
3300 5688 3470 5748 rates,
3510 5673 3755 5748 divinus,

2137 5740 2284 5796 idem
2319 5758 2383 5799 ac
2407 5745 2618 5817 θεωρός
2644 5757 2701 5803 et
2731 5740 3060 5814 θεοπροπία,
3093 5740 3427 5803 vaticinium.
