4086 6282
310 343 383 415 6i
1257 353 1549 417 ORATIO
1586 356 1686 418 Iv.
1719 359 1901 445 -1.N
1945 412 1947 415 ,

2049 359 2265 423 UDEM
2307 362 2372 423 S.
2412 360 2769 425 ΑΝΠΒΕᾹΞ.
3577 363 3650 428 62

310 482 473 541 ματα
521 463 795 537 προέχειν
854 465 965 520 τῶν
1011 466 1247 538 ἀρετῶν.
1295 469 1465 525 Ὅθεν
1520 470 1743 536 οἰκείως
1792 471 1934 544 ἔχων

2049 476 2387 546 praebaberc,
2405 477 2662 534 decebat.
2680 474 3212 544 Quamobrem,cum
3241 484 3437 532 natura
3462 490 3651 548 quam-

316 558 472 627 κατὰΔ
521 558 694 630 φύσιν
754 558 932 631 αὑτῷ,
986 560 1206 631 πρῶτος
1267 564 1411 633 μετὰ
1459 564 1555 618 τὸν
1615 564 1943 634 Βαπτιστὴν

314 647 551 717 ὶπὲγνω.
602 648 861 703 Μεσσίαν
914 646 1080 711 εἶναι,
1145 650 1243 703 τὸν
1300 650 1410 705 ὑπὸ
1462 651 1574 707 τῶν
1628 655 1937 726 προφητῶν

320 735 789 810 μαρτυρούμενον
830 736 1073 809 Χριστόν
1097 753 1114 772 ο
1152 739 1250 794 καὶ
1292 739 1515 810 πρῶτος
1557 740 1672 797 τῶν
1700 742 1940 798 ἀποστό-

315 825 432 882 λων
490 827 836 898 αὐτομάτοις
891 828 1058 895 ποσὶ,
1117 830 1181 884 τὸ
1232 831 1331 885 τοῦ
1391 831 1556 902 λόγου
1606 834 1936 908 φερόμενον,

321 923 649 993 προσχωρεί
674 922 775 976 καὶ
808 920 988 992 τούτῳ
1034 923 1427 988 συνοικίζεται.

399 1014 537 1069 Οὐδὲ
575 1013 688 1086 γὰρ
736 1012 998 1084 ἀνέχεταί
1036 1032 1193 1079 τινας
1232 1017 1343 1089 πρὸ
1390 1016 1561 1073 αὑτοῦ
1627 1018 1938 1088 φοιτῶντας

326 1104 510 1175 θρᾷν,
566 1106 667 1159 καὶ
720 1107 1255 1177 παρευδοκιμεῖσθαι
1310 1106 1388 1177 τῷ
1448 1108 1645 1181 ἀγαθῷ
1668 1125 1682 1140 ·
1743 1109 1938 1165 δειλῶν

339 1197 571 1267 μᾶλλον,
610 1196 644 1268 ἦ
691 1199 1184 1270 περιεσκεμμένων
1217 1202 1280 1256 τὸ
1324 1201 1500 1264 πάθος
1532 1202 1888 1274 λογιζόμενος
1920 1219 1937 1235 ·

336 1288 468 1342 οὐδὲ
523 1288 619 1361 τὴν
663 1290 793 1363 παρ’
845 1291 1062 1344 ἐκείνου
1122 1291 1317 1362 κλῆσιν
1370 1296 1513 1350 κατὰ
1567 1296 1695 1358 τοὺς
1740 1296 1938 1362 ἄλλους

339 1381 611 1453 ἀναμένει
636 1399 651 1413 ·
677 1381 898 1449 ὀξύτητι
924 1383 980 1437 δὲ
1027 1384 1123 1438 νοῦ
1172 1386 1270 1439 καὶ
1326 1387 1581 1461 ἀγχινοίᾳ
1621 1390 1712 1446 τδν
1738 1389 1940 1456 ζητού-

339 1491 508 1543 μενον
558 1474 771 1548 εὑρὼν,
813 1476 1115 1549 θερμότητι
1176 1480 1356 1552 τούτῳ
1418 1482 1663 1547 πίστεως
1732 1485 1939 1547 εὐθέως

336 1566 670 1637 συμφύεται.
725 1568 930 1642 Τρόπῳ
981 1569 1039 1623 δὲ
1075 1571 1368 1645 φιλαγάθῳ
1414 1576 1784 1646 κεχρημένος,
1836 1576 1942 1630 οὑκ

330 1657 593 1729 ἀνέχεται
647 1660 814 1731 μόνος
854 1660 953 1716 τοῦ
1004 1661 1219 1731 ἀγαθοῦ
1278 1668 1640 1739 κατατρυφᾷν
1673 1683 1690 1697 ·
1748 1667 1940 1741 ὥσπερ

324 1749 389 1803 δὲ
452 1750 734 1823 θησαυρόν
792 1770 918 1809 τινα
978 1755 1161 1827 μέγαν
1214 1757 1312 1809 τὸν
1377 1758 1594 1830 Ἰησοῦν
1646 1760 1936 1832 εὑρηκὼς,

2040 568 2169 625 dam
2199 585 2328 624 cum
2362 585 2433 626 eo
2468 568 2944 626 necessitudinem
2973 568 3228 631 haberet,
3260 568 3482 639 primus
3521 579 3647 638 post

2039 660 2367 731 Baptistam,
2390 675 2515 716 esse
2548 676 2680 716 eum
2705 659 2963 715 Messiam
2997 669 3056 715 et
3076 658 3362 714 Christum
3405 660 3650 729 prophe-

2039 762 2226 810 tarum
2272 754 2518 809 oraculis
2554 753 2987 826 praenuntiatum
3022 751 3287 824 agnovit;
3316 751 3650 822 primusque

2038 844 2443 917 apostolorum,
2469 844 2747 900 ultroneis
2769 843 2944 916 (quod
2982 841 3162 909 aiunt)
3200 841 3460 913 pedibus,
3492 858 3650 898 acce-

2041 939 2144 1003 dit,
2171 953 2237 994 ac
2270 938 2701 994 contubernalis
2730 937 2786 992 ei
2814 935 3079 993 elllcitur.

2113 1033 2236 1089 Non
2271 1033 2423 1087 enim
2458 1030 2721 1097 sustinet,
2752 1038 2816 1085 ut
2865 1046 2925 1087 se
2954 1029 3177 1101 priores
3219 1028 3438 1099 aliquos
3474 1028 3649 1098 Magi-

2042 1134 2224 1183 strum
2254 1124 2552 1188 adeuntes,
2583 1125 2750 1195 eique
2779 1122 3114 1193 discipulos,
3144 1120 3361 1187 videat,
3394 1120 3645 1192 bonique

2041 1217 2233 1275 studio
2274 1216 2353 1272 illi
2389 1224 2760 1288 praestantes:
2802 1214 3263 1270 meticulosorum
3293 1210 3482 1281 potius
3516 1225 3649 1266 eum

2041 1321 2200 1366 ratus
2219 1308 2504 1375 aﬂ‘ectum,
2522 1324 2691 1379 quam
2710 1323 2909 1363 eorum
2925 1307 3021 1377 qui
3038 1304 3319 1361 solertiori
3347 1302 3651 1377 prudentia

2041 1403 2341 1459 ducantur.
2375 1404 2568 1473 Neque
2597 1408 2904 1471 exspectat,
2938 1396 3413 1471 quemadmodum
3442 1396 3561 1464 alii,
3586 1402 3652 1453 ut

2041 1493 2113 1550 ab
2144 1495 2268 1565 ipso
2303 1503 2572 1558 vocetur;
2599 1491 2699 1547 sed
2727 1491 2933 1547 mentis
2961 1489 3266 1560 sagacitate
3292 1487 3522 1542 invento
3552 1486 3651 1543 illo

2041 1585 2139 1657 qui
2171 1585 2556 1657 quaerebatur,
2586 1582 2807 1640 fervore
2843 1581 2974 1638 ﬁdei
3021 1582 3104 1637 illi
3149 1581 3339 1638 statim
3379 1580 3648 1637 cohaeret.

2041 1678 2581 1750 Benignissimisque
2610 1693 2745 1732 usus
2780 1676 3058 1741 moribus,
3089 1690 3202 1731 non
3246 1675 3356 1730 fert
3401 1680 3464 1729 ut
3496 1672 3653 1728 solus

2041 1771 2191 1827 bono
2243 1770 2531 1843 potiatur;
2561 1767 2659 1825 sed
2704 1767 2861 1824 velut
2904 1768 2999 1838 qui
3030 1767 3311 1838 ingentem
3351 1763 3649 1837 quemdam

320 1840 518 1913 τρέχει
573 1844 672 1899 καὶ
721 1845 935 1916 Σίμωνι
991 1848 1188 1901 τοῦτον
1248 1850 1578 1922 παραδεῖξαι
1609 1869 1627 1886 ο
1690 1852 1934 1923 Σίμωνι,

2049 1840 2368 1921 thesaurum
2405 1862 2593 1918 Je’sum
2639 1868 2838 1917 nactus
2883 1866 3056 1925 esset,
3084 1858 3254 1914 etiam
3298 1856 3511 1911 Simoni
3566 1857 3650 1917 fe-

322 1931 555 2006 ἀδελφῷ
576 1935 679 2007 τὴν
703 1936 890 2007 φύσιν.
918 1938 1139 2010 ἀδελφῷ
1171 1940 1274 2012 τὴν
1313 1942 1546 2014 γνώμην
1575 1959 1590 1975 ·
1622 1943 1724 2016 τὴν
1744 1945 1942 2017 τέχνην

321 2027 586 2099 ὁμοτίμῳ
616 2044 632 2061 ⁸
666 2028 842 2099 ἄμφω
881 2029 992 2101 γὰρ
1026 2032 1204 2096 ἁλιεῖς
1227 2050 1243 2066 ο
1273 2034 1368 2086 τὸν
1397 2036 1602 2107 τρόπον
1631 2037 1891 2107 ὁμοζήλῳ
1922 2055 1937 2072 ο

323 2120 672 2192 νομομαθείς
723 2124 837 2193 γὰρ
884 2124 1080 2193 ἄμφω.
1133 2126 1231 2179 καὶ
1288 2126 1391 2197 τῆς
1452 2127 1627 2200 αὐτῆς
1677 2130 1940 2201 ἀληθείας

326 2214 535 2286 ὁμοίως
558 2216 871 2287 συζητηταὶ
914 2216 1014 2271 καὶ
1034 2218 1293 2290 ἐρασταί.

410 2488 611 2548 Τοῦτον
638 2491 864 2559 πρῶτον
910 2493 943 2545 ό
1001 2491 1261 2565 Ἀνδρέας
1322 2494 1527 2567 εὑρὼν,
1554 2498 1939 2570 Εὑρήκαμεν,

338 2581 612 2653 εφη,τὸν
667 2583 974 2639 Μεσσίαν.
1031 2585 1406 2656 Περιχαρείας
1433 2587 1626 2659 γέμων
1678 2591 1709 2643 ὁ
1758 2592 1940 2661 λόγος,

338 2671 434 2725 καὶ
467 2671 788 2745 θαυμασίας
810 2674 1029 2746 ἡδονῆς.
1064 2678 1236 2731 Οὐδὲν
1267 2681 1378 2751 γὰρ
1414 2677 1592 2744 οὑτως
1624 2681 1942 2753 εὐφραίνειν

329 2758 439 2818 οἶδε
467 2763 673 2837 ψυχὴν,
702 2766 782 2831 ὼς
807 2767 873 2821 τὸ
918 2769 1059 2839 μετὰ
1089 2769 1257 2823 πόνου
1283 2774 1376 2824 καὶ
1404 2772 1669 2843 πλείστης
1700 2773 1938 2845 ἐρεύνης

326 2855 727 2928 εὑρισκόμενον
759 2873 777 2889 ’
812 2851 897 2922 οἷς
944 2858 1059 2931 γὰρ
1098 2860 1170 2915 ἂν
1199 2862 1267 2915 ἐκ
1308 2862 1406 2915 τοῦ
1460 2862 1728 2936 ἀδοκήτου
1783 2881 1943 2932 περι-

324 2948 632 3020 τύχοιμεν,
691 2950 796 3004 κᾶν
855 2952 1076 3023 μεγάλα
1131 2954 1290 3026 δοκῇ,
1346 2954 1409 3009 οὑ
1466 2957 1609 3027 μετὰ
1668 2955 1943 3030 τοσαύτης

326 3039 745 3112 προσηκάμεθα
776 3043 877 3109 τῆς
914 3042 1198 3113 σπουδῆςο
1240 3045 1340 3099 καὶ
1381 3045 1471 3101 διὰ
1522 3046 1687 3103 τοῦτο
1734 3045 1943 3119 μόνιμά
1995 3038 1997 3041 ’

323 3150 391 3187 τε
468 3134 555 3205 τῷ
631 3134 961 3208 κεκτημένῳ
1033 3136 1365 3193 καθίσταται
1437 3140 1536 3195 καὶ
1590 3139 1941 3212 βεϐαιότερα.

324 3230 425 3283 Διὸ
475 3229 574 3283 καὶ
635 3223 791 3292 οὗτος
851 3229 1001 3300 ψυχῇ
1060 3229 1165 3299 μὲν
1219 3230 1520 3305 φιλοπόνῳ,
1565 3234 1837 3306 φιλολόγῳ
1881 3234 1939 3288 δὲ

327 3325 548 3397 διανοίᾳ
602 3326 892 3397 προσέχων
964 3329 1090 3389 ταῖς
1166 3325 1441 3395 Γραφαῖς.
1509 3326 1630 3398 ᾔδει
1699 3329 1800 3398 μὲν
1848 3327 1942 3383 τὸν

334 3417 581 3487 Χριστὸν
603 3418 683 3479 εἰς
713 3415 996 3487 σωτηρίαν
1029 3414 1343 3487 ἀνθρώπων
1371 3417 1737 3487 ἑλευσόμενον
1762 3456 1777 3481 ,
1842 3418 1944 3472 κά·-

350 3525 505 3579 μνων
553 3507 658 3579 ἷμὴ
683 3508 923 3582 κάμνων]
984 3510 1046 3563 δὲ
1096 3512 1163 3581 τῇ
1217 3509 1432 3574 ἐλπίδι,
1492 3512 1626 3581 περὶ
1684 3511 1788 3581 τὴν
1845 3509 1946 3565 τοῦ

354 3600 801 3672 προσδοκωμένου
839 3603 1065 3676 εὕρεσιν
1099 3604 1308 3658 ἐπόνει.
1346 3603 1458 3658 Καὶ
1485 3603 1684 3675 ἐπειδὴ
1722 3603 1944 3673 πρῶτος

351 3695 573 3749 πάντων
601 3696 776 3766 εὑρεῖν
823 3694 1181 3768 κατηξιοῦτο,
1244 3695 1327 3759 εἷς
1383 3713 1445 3749 τε
1498 3696 1625 3765 ὕψιν
1659 3695 1812 3765 αὑτῷ
1847 3696 1946 3750 καὶ⁵

342 3787 540 3856 λόγους
563 3782 676 3859 ἧκε
715 3788 964 3861 βραχεῖς,
1023 3788 1321 3843 ἀναθάλλει
1382 3790 1482 3861 μὲν
1529 3792 1600 3861 τῇ
1638 3788 1838 3859 καρδίᾳ
1864 3787 1945 3859 τῷ

336 3882 555 3955 φίλτρῳ
606 3881 705 3935 τού
762 3881 1021 3951 ἀγαθοῦ*
1085 3882 1167 3953 τῷ
1233 3882 1379 3951 φωτὶ
1427 3883 1485 3936 δὲ
1532 3884 1633 3953 τῆς
1688 3882 1947 3951 γνώσεως

328 3975 428 4030 τὸν
475 3975 605 4030 νοῦν
627 3974 917 4046 ὰναφθεὶς,
968 3973 1185 4046 πλήρης
1226 3974 1366 4029 Θεοῦ
1391 3975 1604 4045 γίνεται
1636 3974 1813 4044 χαρᾶς
1836 3990 1851 4005 ο
1877 3967 1945 4047 ἦς

333 4070 500 4140 μόνος
552 4070 615 4123 οὐ
646 4068 835 4140 φέρων
860 4070 1247 4141 κατατρυςρᾷνέ
1295 4068 1395 4122 καὶ
1420 4068 1628 4138 Πέτρον
1659 4067 1946 4135 ἠπείγετο,

333 4156 537 4229 ὥσπερ
566 4154 717 4229 εἶχεν
760 4158 981 4225 πρῶτον
1024 4159 1125 4228 τῆς
1174 4158 1483 4229 ζητήσεως,
1529 4158 1674 4212 οὕτω
1724 4158 1821 4210 καὶ
1846 4159 1951 4229 τῆς

334 4253 619 4323 εὑρέσεως
666 4251 861 4305 λαϐεῖν
890 4251 1151 4306 κοινωνόν
1184 4266 1198 4282 ⁸
1224 4252 1310 4305 διὸ
1338 4252 1491 4319 λέγει
1514 4268 1532 4285 ⁸
1585 4250 1950 4319 Εὑρήκαμεν·

334 4346 451 4401 τὸν
507 4346 828 4412 Μεσσίαν,
892 4344 927 4398 ὅ
984 4345 1119 4404 ἐστι
1184 4345 1452 4414 Χριστός
1485 4362 1501 4375 ·
1556 4343 1657 4399 καὶ
1723 4343 1953 4414 ἤγαγεν

316 4436 533 4493 ,αὑτὸν
564 4435 721 4507 πρὸς
763 4436 1038 4505 Ἰησοῦν.
1083 4436 1327 4500 Τούτους
1378 4436 1658 4507 πρώτους,
1690 4436 1951 4507 καθάπερ

2043 1956 2220 2014 stinat
2258 1955 2597 2011 ostendere:
2626 1951 2840 2009 Simoni
2873 1951 3087 2007 scilicet
3111 1959 3313 2004 natura
3346 1961 3647 2019 germano;

2042 2063 2309 2122 germano
2336 2047 2622 2101 voluntate
2657 2052 2827 2114 atque
2866 2042 3098 2105 animo;
3128 2054 3437 2111 paremque
3470 2047 3649 2093 artem

2042 2140 2331 2214 prolltenti
2374 2140 2604 2210 (quippe
2637 2153 2767 2193 cum
2798 2136 2960 2191 ambo
2992 2140 3186 2190 essent
3213 2131 3542 2204 piscatores)
3581 2145 3649 2186 ac

2042 2236 2137 2305 qui
2164 2232 2286 2304 pari
2314 2232 2657 2286 ducerentur
2685 2227 3040 2282 aemulatione
3077 2226 3310 2296 (quippe
3344 2222 3511 2276 ambo
3540 2220 3650 2275 Le-

2043 2320 2322 2396 gisperiti)
2347 2336 2412 2376 ac
2438 2320 2536 2391 qui
2570 2318 2862 2374 veritatem
2894 2316 3106 2389 pariter
3136 2312 3547 2385 conquirerent
3579 2324 3647 2365 ac

2045 2415 2390 2486 deperirem.
2804 2414 2818 2427 ‘

2119 2507 2276 2561 llunc
2295 2506 2537 2576 primum
2560 2502 2813 2559 Andreas
2829 2516 2953 2556 cum
2973 2497 3300 2563 invenisset,
3318 2494 3649 2563 Invenimus,

2047 2598 2250 2670 inquit,
2285 2598 2541 2653 Messium
2566 2597 2635 2651 ".
2658 2596 2824 2651 Laeta;
2849 2607 3035 2651 sermo
3062 2591 3263 2663 plenus
3278 2587 3651 2662 iucunditatis

2045 2711 2112 2749 ac
2130 2690 2473 2747 admiranda:
2490 2689 2819 2760 voluptatis.
2846 2685 2997 2743 Nihil
3029 2684 3182 2741 enim
3218 2698 3376 2753 aeque
3400 2681 3648 2737 animum

2046 2784 2250 2859 gaudio
2277 2785 2493 2853 replere
2518 2780 2915 2845 consuevit,ac
2941 2778 3025 2834 rei
3054 2777 3177 2848 ejus
3202 2771 3449 2830 inventio
3480 2788 3651 2844 quam

2045 2879 2224 2935 multo
2267 2876 2462 2932 labore
2504 2874 2829 2947 ingentique
2878 2871 3169 2942 diligentia
3225 2866 3536 2940 quesieris.
3587 2865 3649 2921 In
3710 2912 3713 2915 λ

2045 2986 2172 3043 qum
2214 2969 2368 3025 enim
2412 2983 2484 3023 ex
2528 2966 2857 3037 improviso,
2896 2979 2963 3019 ac
3013 2975 3157 3033 pene
3196 2975 3329 3016 casu
3379 2956 3651 3015 incideri-

2049 3074 2194 3125 mus,
2230 3057 2453 3114 tametsi
2497 3072 2697 3128 magna
2740 3055 3060 3113 videantur.
3104 3067 3219 3108 non
3262 3060 3417 3107 tanto
3461 3049 3652 3105 studio

2046 3151 2361 3221 all'cctuque
2386 3148 2799 3219 amplectimur.
2820 3145 3197 3214 Quamobrem
3224 3145 3394 3200 etiam
3425 3142 3651 3198 illorum

2045 3242 2371 3298 diuturnior
2394 3238 2719 3310 ﬁrmiorque
2745 3236 3027 3309 possessio
3048 3245 3157 3291 est.
3180 3234 3232 3291 is
3256 3234 3446 3305 itaque
3479 3232 3649 3287 etiam

2044 3331 2235 3389 animo
2293 3329 2583 3386 laboribus
2652 3327 2970 3395 indefesso,
3033 3335 3334 3397 menteque
3400 3325 3651 3381 studiosa

2045 3423 2609 3495 Scripturisvacans,
2646 3431 2948 3475 venturum
2982 3418 3270 3474 Christum
3312 3417 3380 3471 ad
3412 3416 3649 3470 salutem

2046 3514 2392 3571 hominibus
2414 3512 2788 3584 przestandam
2821 3528 2932 3566 non
2974 3510 3282 3573 nesciebat,
3311 3523 3521 3580 speque
3550 3523 3649 3561 ve-

2046 3618 2229 3681 getus,
2268 3615 2331 3663 ut
2370 3615 2757 3677 exspectatum
2785 3604 3121 3675 quandoque
3150 3603 3449 3667 inveniret,
3480 3615 3651 3671 opera

2047 3701 2355 3772 satagebat.
2409 3698 2687 3768 Quodque
2740 3696 2993 3753 omnium
3048 3695 3265 3765 primus
3334 3694 3391 3750 id
3452 3703 3653 3748 nactus

2049 3805 2199 3851 esset
2259 3804 2320 3850 ut
2370 3792 2673 3855 inveniret,
2723 3791 2893 3861 inque
2940 3799 3304 3859 conspectum
3348 3786 3651 3851 admissus,

2050 3886 2280 3941 brevem
2303 3898 2430 3939 cum
2461 3881 2558 3936 illo
2587 3894 2903 3937 sermonem
2938 3878 3258 3933 miscuisset
3289 3880 3420 3950 (qua
3442 3876 3654 3932 amoris

2051 3977 2105 4030 vi
2130 3977 2276 4031 bono
2295 3974 2557 4036 adicitur)
2586 3974 2773 4028 animo
2793 3971 3053 4028 retieret:
3080 3960 3379 4041 menteque
3404 3968 3655 4025 scientia

2051 4071 2175 4125 luce
2216 4083 2472 4129 accensa,
2506 4065 2603 4121 Dei
2639 4064 2842 4136 gaudio
2872 4063 3179 4119 exuberat:
3214 4076 3326 4133 quo
3358 4060 3511 4115 solus
3540 4058 3650 4115 frui

2051 4175 2167 4219 non
2204 4159 2416 4223 ferens,
2459 4157 2688 4212 Petrum
2737 4169 2963 4226 quoque
3001 4152 3252 4216 lestinat,
3282 4150 3365 4207 uti
3406 4149 3651 4221 primum

2052 4250 2341 4323 quaerendi
2370 4246 2693 4320 diligentiae,
2732 4247 2816 4301 sic
2842 4256 2901 4302 et
2929 4243 3275 4300 inventionis
3306 4242 3522 4298 socium
3561 4256 3652 4295 as-

2053 4356 2297 4397 sumere.
2346 4338 2561 4394 Idcirco
2595 4340 2713 4394 ait:
2752 4336 3060 4392 Invenimus
3086 4334 3355 4399 Messium,
3392 4331 3533 4405 quod
3575 4337 3653 4384 est

2055 4431 2296 4487 Christus
2321 4448 2339 4485 :
2369 4438 2417 4484 et
2445 4431 2597 4484 duxit
2622 4445 2745 4483 cum
2769 4428 2841 4483 ad
2869 4426 3078 4483 Iesum.
3103 4423 3218 4482 llos
3249 4424 3483 4496 primos,
3499 4421 3653 4478 velut

334 4530 641 4593 ἐκλεκτοὺς
672 4528 883 4593 λίθους,
914 4528 1157 4599 τιμίους,
1179 4527 1464 4598 δοκίμους,
1493 4530 1522 4582 ὁ
1546 4530 1947 4600 ἁκρογωνιαῖος

2055 4518 2272 4597 lapides
2314 4525 2546 4588 electos,
2585 4521 2886 4592 pretiosos,
2925 4518 3193 4591 probatos
3231 4514 3516 4587 angularia
3560 4514 3654 4569 illc

334 4622 644 4694 οἰκοδομῶν
686 4624 773 4692 ἐφ’
822 4621 1042 4689 ἑαυτὸν,
1102 4623 1201 4677 καὶ
1251 4619 1332 4693 τῷ
1380 4621 1485 4691 τῆς
1530 4619 1758 4690 ἀγάπης
1815 4635 1948 4673 συν-

333 4716 531 4787 δέσμῳ
601 4713 1122 4786 καταδεσμούμενος
1156 4713 1254 4768 καὶ
1341 4712 1949 4784 συναρμολογούμενος,

337 4808 432 4863 ἐπ’
455 4810 645 4874 αὐτοῖς
670 4811 769 4863 καὶ
796 4809 890 4863 τὸν
930 4807 1056 4864 ὅλον
1106 4807 1237 4879 ἑξῆς
1293 4806 1441 4879 ἱερὸν
1498 4804 1761 4877 μαθητῶν
1797 4804 1953 4859 ἑποι-

336 4903 571 4971 κοδομεῖ
590 4903 777 4973 χορόν.

415 4992 565 5061 Εἶεν,
596 4996 660 5049 τὸ
711 4995 812 5065 μὲν
861 4993 927 5065 δὴ
973 4991 1139 5065 μέχρι
1188 4992 1398 5047 τούτων
1441 4989 1763 5064 ἰδιοτρόπως
1818 4989 1954 5060 ἡμῖν
2050 5048 2053 5051 Α

338 5088 660 5158 ὑπογράφει
706 5089 799 5139 τὸν
848 5085 1243 5157 πρωτόκλητον
1271 5086 1300 5138 ὁ
1332 5082 1524 5151 λόγος’
1559 5081 1816 5136 ἐντεῦθεν
1866 5080 1949 5147 δὲ,

337 5180 523 5244 κοινὸς
553 5179 727 5233 πᾶσιν
750 5180 780 5231 ό
809 5180 1017 5248 τρόπος
1056 5179 1160 5249 τῆς
1210 5176 1356 5231 κατά
1382 5177 1447 5230 τὺ
1486 5175 1824 5246 Εὖαγγέλιον
1858 5175 1952 5228 εὐ-

335 5273 713 5343 δοκιμήσεως.
746 5270 823 5323 Ἤ
852 5287 914 5324 τε
960 5270 1073 5341 γὰρ
1116 5268 1324 5333 πίστις,
1360 5267 1460 5321 καὶ
1500 5268 1535 5338 ἡ
1569 5267 1708 5337 πρὸς
1739 5266 1833 5319 τὸν
1866 5266 1953 5319 διο

338 5366 621 5421 δάσκαλον
658 5362 986 5435 ἀγαπητικὴ
1012 5362 1254 5427 διάθεσις
1284 5363 1472 5432 κοινή·
1499 5361 1659 5432 ὁμοία
1680 5361 1793 5421 τοῖς
1822 5358 1959 5411 ἀπο-

343 5460 558 5522 στόλοις
596 5459 767 5512 πᾶσιν
796 5457 832 5526 ἦ
855 5474 916 5510 τε
953 5457 1170 5526 κλῆσις,
1193 5457 1288 5510 καὶ
1316 5455 1349 5525 ἠ
1382 5453 1613 5523 ἐκλογὴ,
1637 5453 1730 5507 καὶ
1760 5452 1795 5521 ή
1823 5451 1954 5504 ἀκο-

340 5548 734 5622 λούθησιςητοῢ
758 5548 1001 5621 Χριστοῦ
1028 5564 1041 5579 ’
1070 5548 1166 5601 καί
1196 5564 1261 5616 γε
1286 5546 1399 5599 τῶν
1422 5544 1750 5615 θαυμασίων
1776 5541 1956 5613 ἔργων

340 5647 381 5719 ἡ
411 5647 628 5716 ὅρασις,
676 5642 774 5697 καὶ
811 5643 922 5695 τῶν
963 5639 1188 5710 ὑψηλῶν
1229 5638 1551 5712 μυστηρίων
1587 5638 1622 5709 ἡ
1662 5635 1952 5707 ἀκρόασις.

419 5829 468 5863 ⁷⁸
493 5827 656 5886 Joan.
686 5843 728 5897 ς,
763 5827 855 5883 42.
931 5826 973 5861 τ’
1006 5827 1113 5883 lsa.
1135 5842 1329 5894 xxvm,
1362 5825 1466 5893 l6;
1499 5826 1519 5883 l
1556 5825 1706 5883 Petr.
1738 5838 1799 5890 ιι,
1830 5820 1884 5877 6.

2056 4618 2200 4690 lapis
2227 4617 2284 4672 in
2320 4617 2505 4686 seipse
2534 4614 2841 4678 :edilicans,
2873 4629 2938 4668 ac
2962 4611 3257 4667 cbaritatis
3286 4609 3509 4664 vinculo
3535 4608 3656 4664 col-

2054 4711 2259 4782 ligatus
2287 4724 2351 4763 ac
2379 4715 2693 4778 cooptatus,
2738 4707 2795 4760 in
2826 4706 2910 4761 eis
2958 4704 3128 4760 etiam
3169 4711 3349 4757 totum
3392 4701 3659 4771 deinceps

2060 4818 2284 4859 sacrum
2309 4799 2714 4871 discipulorum
2745 4797 2981 4853 chorum
3009 4792 3420 4866 supermdiﬁcat
3444 4792 3513 4843 ".

2135 4980 2365 5045 Verum,
2406 4979 2680 5033 hactenus
2693 4974 2921 5048 quidem
2953 4972 3311 5045 peculiariter
3344 4984 3409 5025 ac
3435 4966 3662 5040 propria

2065 5072 2305 5128 scorsim
2346 5069 2596 5132 ratione,
2620 5083 2774 5130 eum,
2807 5064 2906 5137 qui
2938 5064 3234 5121 vocatione
3273 5061 3490 5132 primus
3520 5074 3660 5130 apo-

2065 5165 2244 5220 stolus
2289 5170 2395 5227 est,
2432 5160 2594 5216 nobis
2629 5159 2809 5213 oratio
2843 5157 3091 5213 delineat
3123 5167 3291 5225 atque
3336 5152 3607 5209 describit
3640 5166 3658 5205 :

2066 5255 2419 5328 postmodum
2441 5269 2575 5308 vero
2603 5251 2918 5307 connnunis
2940 5248 3143 5304 modus
3164 5254 3274 5312 est,
3293 5260 3405 5317 quo
3432 5259 3661 5316 operam

2069 5361 2335 5409 navantcs
2374 5348 2695 5419 Evangelia,
2748 5346 3097 5402 claruerunt.
3132 5342 3274 5397 Tum
3305 5341 3455 5397 enim
3498 5338 3659 5405 lides,

2069 5454 2187 5500 tum
2222 5439 2538 5498 dilectionis
2568 5456 2697 5510 erga
2734 5438 3061 5511 magistrum
3096 5433 3409 5497 communis
3437 5431 3545 5486 illis
3582 5428 3669 5484 af-

2065 5534 2234 5591 fectio
2261 5544 2368 5591 est.
2402 5534 2508 5591 Par
2545 5531 2815 5603 apostolis
2843 5529 3108 5586 omnibus
3127 5536 3243 5581 tum
3274 5522 3516 5587 vocatio,
3546 5528 3665 5574 tum

2062 5628 2289 5696 electio,
2320 5642 2386 5684 ac
2424 5625 2574 5699 quod
2609 5625 2898 5683 Christum
2934 5619 3112 5680 secuti
3140 5627 3274 5677 sunt
3303 5635 3319 5675 :
3349 5614 3500 5689 quod
3531 5612 3667 5669 item
