4088 6304
268 351 347 419 65
1212 351 1498 414 ORATIO
1537 353 1637 413 IV.
1671 374 1741 386 -
1773 347 1856 410 IN
1895 345 2217 410 LAUDEM
2255 347 2320 408 S.
2356 347 2712 411 ANDREJE.
3509 343 3584 410 66

268 464 373 533 τῆς
409 462 738 533 ἁγιωσύνης
788 463 1137 535 ύπερφερὴς,
1191 463 1315 518 καθ’
1367 466 1492 518 ὅσον
1528 465 1622 518 καὶ
1681 465 1716 534 ἡ
1769 459 1880 515 τῶν

2000 461 2310 530 saevitiaque
2348 474 2416 516 ac
2443 458 2633 513 feritas
2672 455 2943 514 illustrior
2972 463 3140 526 atque
3168 453 3377 519 notior,
3427 460 3580 509 tanto

270 558 450 611 ἐθνῶν
483 556 756 626 ἰταμότης
783 555 1010 623 τούτων,
1043 552 1140 611 καὶ
1178 556 1214 627 ἡ
1244 555 1515 627 θηριωδία
1544 555 1880 626 περιφανής.

339 736 552 804 Ἔγνω
580 734 713 804 γὰρ,
745 734 900 804 φησι,
931 733 1149 801 Κύριος
1171 731 1316 799 τοὺς
1350 733 1533 799 ὄντας
1559 732 1769 799 αὐτοῦ,
1789 734 1884 787 καὶ

263 830 396 891 τοὺς
431 828 581 898 πρὸς
613 828 856 894 ἑκάστην
899 825 1181 880 διακονίαν
1212 826 1552 897 ιπιτηδείους
1576 825 1754 888 εἰδὼς,
1788 826 1883 878 καὶ

266 922 388 992 ἅμα
421 924 493 992 τῇ
520 921 722 994 πρώτῃ
755 918 955 973 πλάσει
979 919 1191 982 τούτοις
1212 919 1544 991 ἀθεωρὴτως
1573 917 1881 982 συνεισιὼν,

270 1013 572 1082 ἀναλόγως
605 1030 669 1067 τε
710 1014 814 1084 τῆς
832 1011 1068 1066 ἑκάστου
1116 1011 1432 1086 προθέσεως
1469 1012 1572 1084 τὴν
1597 1012 1731 1085 παρ’
1754 1015 1883 1066 ἑαυ-

270 1109 367 1163 τοῦ
397 1105 773 1179 χαριζόμενος
819 1103 1015 1177 ῥοπὴν.
1056 1106 1198 1176 πρὸς
1234 1107 1334 1174 τὴν
1362 1105 1489 1159 κατ’
1539 1107 1704 1160 αὐτὸν
1752 1107 1882 1160 ἱκα-

279 1217 405 1259 στον
447 1201 782 1255 κατευθύνει
836 1198 1180 1269 τελειότητα.
1217 1199 1457 1262 Ἐκεῖνος
1483 1203 1577 1252 καὶ
1613 1201 1752 1271 μετὰ
1786 1199 1882 1252 σοῦ

280 1294 397 1357 τοῖς
439 1291 994 1360 ἀπηλλοτριωμένοις
1054 1291 1148 1344 καὶ
1183 1289 1585 1362 ζοφερωτάτοις
1634 1291 1884 1361 ἐπιδεδη-

289 1381 504 1455 μηκὼς,
534 1381 727 1450 νοητὰς
779 1380 968 1444 αὐτοῖς
1023 1381 1282 1450 ἐπαφῆκε
1328 1382 1726 1453 μαρμαρυγὰς.
1778 1375 1884 1435 Οἷα

285 1476 393 1546 γὰρ
425 1475 626 1547 νεφέλῃ
645 1475 846 1544 φωτὸς,
871 1473 1070 1545 νεφέλῃ
1089 1473 1270 1546 κούφῃ
1287 1477 1384 1529 καὶ
1412 1477 1650 1546 μυστικῇ
1677 1479 1745 1546 τῇ
1769 1474 1886 1530 δια-

285 1568 403 1640 νοίᾳ
421 1568 816 1638 ἐποχούμενος,
841 1568 1071 1630 καὶτοῖς
1094 1566 1407 1638 ἀλαμπέσιν
1425 1569 1653 1633 ἐκείνοις
1672 1569 1884 1623 ἔθνεσιν

283 1659 622 1728 ἇπιφοιτῶν,
686 1658 1006 1731 σύμμετρον
1050 1659 1256 1724 αὐτοῖς,
1289 1659 1385 1715 καὶ
1430 1660 1506 1724 ὡς
1538 1656 1609 1732 ἦν
1637 1661 1881 1732 θεμιτὸν,

279 1755 380 1824 τὴν
400 1755 504 1822 τῆς
532 1753 871 1823 θεογνωσίας
900 1756 1099 1808 ἀκτῖνα
1126 1751 1533 1825 παρεγύμνωσε
1571 1753 1662 1810 διὰ
1691 1752 1809 1808 σού.

364 1905 531 1963 Ἀλλὰ
584 1905 673 1970 τίς
734 1908 766 1961 ό
815 1907 1019 1980 τρόπος
1067 1908 1172 1980 τῆς
1221 1908 1319 1965 τοῦ
1351 1909 1878 1984 φιλανθρωποτάτου

285 2001 571 2072 πρὸςτοὺς
600 2001 1138 2072 ἁπανθρωποτάτους
1168 2005 1495 2072 συνουσίας;
1525 2005 1753 2078 Πρῶτον
1781 2007 1884 2078 μὲν

286 2093 371 2164 τῷ
433 2091 772 2166 όμογλώσσῳ
805 2093 945 2164 πρὸς
984 2093 1180 2149 ἑαυτὸν
1241 2096 1600 2153 ἐπεσπάσατο
1644 2098 1747 2172 τὴν
1789 2099 1885 2153 ἁν-

295 2182 502 2254 ήμερον
525 2183 698 2256 ἀκοήν
719 2200 734 2217 ο
769 2183 849 2256 τῷ
871 2184 1047 2258 ὁμοίῳ
1070 2187 1181 2258 γὰρ
1211 2188 1374 2256 φύσει
1390 2188 1452 2242 τὸ
1471 2190 1658 2259 ὅμοιον
1684 2191 1886 2259 ἐφέπε-

302 2290 418 2328 ται.
450 2274 546 2328 Διὰ
575 2273 733 2330 τοῦτο
762 2275 858 2330 καὶ
880 2276 1144 2345 γλωσσῶν
1175 2279 1236 2332 ὲν
1264 2278 1396 2332 εἴδει
1420 2281 1482 2332 τὸ
1513 2280 1740 2352 Πνεῦμα
1770 2284 1885 2344 τοῖς

310 2364 630 2428 ἀποστόλοις
660 2367 950 2436 ἐπεφοίτα·
979 2368 1078 2422 καὶ
1099 2370 1210 2441 πρὸ
1248 2369 1360 2423 τῶν
1400 2369 1578 2426 ἄλλων
1614 2374 1882 2444 σημείων,

313 2457 346 2510 ὁ
381 2456 645 2530 μερισμὸς
681 2458 864 2523 αὐτοῖς
912 2459 1179 2533 ἔνήργητο
1209 2463 1320 2516 τῶν
1370 2463 1659 2531 γλωσσῶν,
1687 2465 1764 2530 ὡς
1812 2469 1884 2537 τῇ

315 2549 566 2621 κοινωνίᾳ
589 2548 684 2605 τοῦ
716 2549 872 2619 λόγου
897 2552 1122 2624 μᾶλλον,
1146 2553 1180 2627 ἢ
1205 2556 1321 2618 τοῖς
1349 2555 1532 2620 ἄλλοις
1561 2557 1734 2609 ἅπασι
1756 2556 1889 2610 θαύ-

317 2658 450 2712 μασι
473 2641 577 2697 τῶν
598 2642 870 2699 ἀτιθάσων
893 2645 1298 2717 ήμερουμένων
1328 2645 1539 2718 ψυχῶν.
1580 2645 1674 2718 Τῷ
1702 2647 1887 2720 ταυτῷ

310 2737 484 2792 τοίνυν
532 2737 626 2792 τοῦ
685 2735 1028 2810 φθέγματος,
1066 2739 1131 2794 ἰδ
1184 2739 1504 2809 ὰγαθοειδὲς
1532 2742 1630 2796 τοῦ
1677 2743 1886 2813 τρόπου

305 2829 520 2900 μιγνὺς,
547 2828 645 2884 καὶ
691 2830 876 2901 ἤπιον,
902 2830 1000 2886 καὶ
1037 2831 1212 2903 πραῢ,
1241 2835 1340 2894 καὶ
1379 2833 1442 2888 τὸ
1472 2833 1649 2904 τραχὺ
1682 2834 1888 2887 τούτων

303 2923 396 2974 καὶ
424 2922 618 2992 ἄγριον
649 2921 709 2973 ὲν
752 2921 964 2985 τούτοις
1011 2923 1461 2993 καταμαλάσσων
1524 2925 1623 2981 καὶ
1654 2927 1884 2995 ἀπηνὲς,

295 3011 418 3066 κατ’
443 3012 625 3082 ὀλίγον
649 3013 852 3078 αὐτοὺς
878 3014 1214 3069 ὐπετωιείτο.

363 3099 521 3169 Εἶτα,
553 3101 733 3173 φίλιον
777 3103 959 3175 ἑαυτῷ
998 3107 1094 3160 καὶ
1128 3107 1470 3177 προσήγορον
1518 3108 1586 3178 τῇ
1629 3107 1890 3178 συνηθείᾳ

291 3195 354 3249 τὸ
387 3195 658 3267 δυσμενὲς
679 3197 1194 3267 καταστησάμενος,
1221 3199 1396 3262 οὕτως
1449 3199 1722 3271 εὐκαίρως
1753 3201 1890 3271 πρὸς
1919 3186 1968 3250 C

295 3291 593 3359 ἐπίγνωσιν
623 3288 832 3361 ὡδήγει
872 3289 1034 3344 Θεοῦ.
1072 3292 1181 3345 Καὶ
1240 3291 1351 3362 γὰρ
1375 3293 1436 3346 τὸ
1461 3293 1721 3365 ἐξαίφνης
1747 3293 1893 3363 ἅψα-

299 3381 426 3436 σθαι
447 3381 548 3453 τῆς
575 3382 793 3453 ὑψηλῆς
821 3381 1126 3452 θεολογίας,
1164 3382 1225 3438 ού
1261 3384 1423 3453 μόνον
1449 3385 1552 3439 οὐκ
1584 3384 1797 3456 ὤνησεν
1821 3384 1891 3439 ἂν

303 3475 430 3537 τοὺς
457 3474 697 3545 ἄφρονας
741 3474 841 3528 καὶ
890 3476 1108 3545 παχεῖς,
1140 3475 1280 3529 ἀλλὰ
1307 3478 1403 3530 καὶ
1426 3476 1601 3547 ὀργῆς
1628 3477 1895 3540 πολλάκις

311 3566 410 3618 καὶ
441 3565 641 3630 κακίας
669 3565 918 3636 μείζονος
959 3565 1137 3637 ἀνῆψε
1192 3569 1493 3639 πυρκαϊάν.
1538 3567 1614 3622 Τὸ
1659 3569 1719 3624 δὲ
1767 3572 1894 3634 ταῖς

317 3659 526 3721 κοιναῖς
555 3657 787 3730 ὁμιλίαις
813 3658 1091 3731 πρότερον
1117 3663 1230 3726 τοῖς
1259 3660 1516 3716 ἀσεϐέσιν
1547 3661 1892 3732 ἐθιζόμενον,

313 3749 406 3803 καὶ
432 3749 708 3821 ὁμοιότητι
731 3748 948 3815 τούτοις
971 3752 1216 3824 ἀνομοίῳ
1240 3751 1610 3822 φιλιούμινον,
1643 3757 1898 3824 φυσικοῖς

303 3857 359 3892 τε
390 3840 488 3892 καὶ
510 3839 834 3910 συντρόφοις
851 3839 1217 3913 ὑποδείγμασι
1254 3840 1561 3914 χρώμενον,
1589 3843 1734 3898 οὕτω
1757 3845 1899 3899 κατὰ

300 3932 506 4003 μικρὸν
551 3931 919 4002 ωμόιῦἀζειν
961 3930 1100 4004 πρὸς
1155 3931 1467 3999 εύσέόειαν,
1490 3935 1725 4006 ἀρίστην
1755 3931 1899 3989 εἶναι

296 4023 456 4088 τάξιν
478 4022 838 4086 διδασκαλίας
868 4021 965 4077 καὶ
987 4023 1151 4096 ιργον
1179 4024 1548 4099 ἀσωστολικῆς
1579 4021 1742 4100 οἶμαι
1765 4042 1900 4099 φρε-

299 4113 410 4180 νός.

368 4320 564 4386 Οὕτως
590 4323 620 4374 ὁ
653 4321 828 4392 μέγας
879 4322 1206 4389 ἀπόστολος,
1232 4323 1304 4377 τὰ
1345 4323 1557 4396 πλευρὰ
1588 4322 1686 4380 τοῦ
1720 4327 1906 4398 Βορῤᾶ

315 4415 540 4483 μετιὼν,
575 4416 679 4486 ὅρη
723 4415 1031 4486 κατέστησε
1055 4416 1220 4470 Σιὼν.
1259 4417 1371 4471 Καὶ
1414 4416 1522 4486 γὰρ
1574 4417 1722 4480 ὅσοις
1753 4418 1902 4489 ίχνος

1992 552 2218 609 virtutis
2241 563 2350 608 tum
2379 551 2816 622 magniﬁcentia,
2845 562 2908 603 ac
2943 547 3174 620 iustitiae
3202 546 3451 610 clarius,
3484 559 3582 601 ex-

1990 645 2284 702 cellentior
2308 654 2476 715 atque
2509 643 2696 698 altior.

2063 735 2218 792 Novit
2256 733 2431 799 enim,
2464 732 2670 804 inquit,
2699 731 2958 787 Dominus
2997 729 3090 799 qui
3111 738 3238 784 sunt
3268 728 3386 798 ejus
3411 726 3460 758 ⁸⁸
3496 734 3586 781 at—

1991 844 2101 899 que
2129 829 2198 884 ad
2231 828 2446 898 singula
2469 840 2706 897 queque
2748 822 3058 879 ministeria
3101 820 3333 877 idoneos
3380 833 3587 888 cogno-

1993 935 2178 987 scens,
2209 919 2433 991 illisque
2459 935 2491 975 a
2507 918 2684 991 prima
2710 915 2898 973 statim
2927 914 3261 970 formatione
3276 915 3589 981 inaspecta-

1991 1015 2092 1070 bili
2137 1016 2354 1071 ratione
2383 1027 2548 1070 suum
2592 1011 2677 1068 eis
2700 1009 2969 1066 auxilium
3004 1005 3406 1078 benignissime
3440 1018 3585 1074 prae-

1991 1105 2155 1173 bens,
2208 1118 2667 1176 unumquemque
2695 1103 2765 1159 ad
2795 1116 2942 1170 sam,
2975 1116 3100 1173 qua:
3128 1115 3198 1156 ex
3222 1099 3377 1154 illius
3408 1095 3584 1152 ratio-

1993 1199 2162 1254 nibus
2192 1207 2300 1261 est,
2336 1195 2738 1267 perfectionem
2766 1193 2978 1263 dirigit.
3014 1191 3112 1248 ille
3137 1205 3246 1246 una
3287 1203 3480 1245 comes
3513 1185 3588 1242 ad

1990 1304 2089 1346 eos
2107 1287 2413 1360 proiectus,
2428 1287 2526 1357 qui
2545 1287 2710 1357 longe
2731 1284 3058 1341 alienissimi
3081 1299 3146 1340 ac
3185 1280 3590 1352 caliginosissi-

1991 1377 2068 1433 mi
2102 1385 2287 1442 erant,
2315 1376 2599 1448 spiritales
2627 1377 2713 1430 eis
2734 1374 2982 1446 fulgores
3007 1372 3258 1430 immisit.
3293 1373 3590 1443 Tanquam

1989 1471 2141 1529 enim
2194 1472 2344 1527 nube
2384 1469 2568 1526 lucida
2606 1466 2780 1541 (nube
2827 1466 3044 1524 scilicet
3073 1465 3182 1522 levi
3235 1480 3302 1521 ac
3335 1463 3589 1537 mystica)

1994 1572 2088 1621 tua
2136 1563 2394 1620 invectus
2431 1569 2645 1628 mente,
2697 1561 3127 1629 obscuratisque
3177 1558 3289 1624 illis
3328 1557 3602 1629 gentibus.

1992 1655 2317 1722 adveniens,
2342 1655 2718 1722 moderatum,
2749 1667 2815 1708 ac
2841 1659 3111 1724 quantum
3135 1650 3362 1715 licebat,
3384 1648 3592 1704 divina

1990 1748 2327 1820 cognitionis
2350 1763 2417 1803 ac
2444 1746 2573 1802 ﬁdei
2599 1745 2838 1812 radium,
2867 1753 2921 1801 te
2948 1749 3202 1810 auctore,
3231 1740 3341 1798 illis
3357 1738 3592 1797 manife-

1911 1823 1963 1885 Β
1989 1839 2158 1895 stavit
2180 1838 2247 1891 ⁸⁸.

2059 1931 2131 1985 At
2152 1927 2411 1999 quisnam
2439 1924 2665 1988 modus,
2715 1938 2830 1995 quo
2863 1923 2951 1978 vir
2991 1920 3427 1978 humanissimus
3458 1932 3590 1975 cum

1988 2016 2407 2075 immanissimis
2421 2013 2911 2088 congrediebatur?
2925 2013 3171 2071 Primum
3194 2012 3421 2084 quidem
3443 2013 3594 2083 ejus-

1989 2108 2118 2166 dem
2165 2106 2444 2167 sermonis
2484 2123 2614 2171 usu.
2644 2106 2890 2163 ferocem
2930 2106 3186 2162 auditum
3216 2104 3288 2162 ad
3325 2119 3386 2161 se
3417 2113 3593 2160 attra-

1991 2202 2183 2259 hebat.
2217 2202 2310 2258 Sic
2343 2202 2495 2257 enim
2527 2210 2726 2256 natura
2759 2208 3170 2272 comparatum,
3193 2207 3260 2256 ut
3284 2197 3470 2255 simile
3502 2197 3587 2255 si-

1991 2290 2111 2348 mili
2137 2290 2388 2363 proclive
2422 2289 2756 2346 adducatur.
2786 2288 3005 2346 Idcirco
3039 2288 3216 2346 etiam
3247 2285 3496 2361 Spiritus
3527 2287 3588 2342 in

1991 2386 2178 2459 specie
2205 2386 2528 2459 linguarum
2551 2383 2821 2466 apostolis
2846 2383 3093 2446 advenit.
3115 2385 3352 2457 ejusque
3380 2381 3594 2446 allatu,

1991 2489 2124 2537 ante
2153 2480 2264 2536 alia
2287 2479 2466 2552 signa,
2492 2478 2691 2534 divisis
2722 2475 2928 2547 linguis
2950 2475 3223 2547 impartiti
3249 2485 3417 2542 sunt;
3443 2471 3600 2546 quod

1991 2571 2264 2628 nimirum
2295 2569 2577 2627 sermonis
2600 2570 2790 2642 potius
2813 2568 3209 2625 communione
3226 2609 3242 2635 ,
3265 2582 3434 2638 quam
3467 2566 3600 2622 ullis

1993 2664 2120 2722 aliis
2161 2665 2468 2733 miraculis,
2497 2674 2746 2736 agrestes
2769 2663 2940 2718 animi
2967 2669 3028 2717 et
3056 2659 3314 2716 indomiti
3338 2674 3602 2716 musae-

1993 2768 2158 2817 scant
2175 2773 2242 2815 ac
2261 2757 2604 2816 eicerentur.
2648 2755 2733 2812 illi
2765 2755 2953 2826 itaque
2981 2751 3131 2824 paris
3157 2749 3366 2822 eloquii
3389 2747 3468 2815 vi,
3491 2746 3598 2803 bo-

1994 2853 2225 2908 nitatem
2243 2850 2614 2907 commiscens
2629 2857 2688 2904 et
2702 2847 2988 2903 lenitatem
3007 2853 3065 2900 et
3085 2843 3597 2905 mansuetudinem,

1995 2944 2197 3016 hisque
2225 2959 2332 3014 qua
2360 2941 2690 3005 horrebant,
2716 2953 2936 2996 morum
2964 2937 3327 3010 asperitatem
3361 2944 3419 2990 et
3449 2934 3601 2997 feros

1995 3039 2136 3094 ciam
2166 3052 2234 3093 ac
2261 3035 2528 3092 saevitiam
2559 3034 2834 3106 subigens,
2868 3047 2967 3088 eos
2995 3030 3261 3102 paulatim
3292 3027 3606 3084 alliciebat.

2069 3130 2280 3187 Deinde
2308 3143 2436 3186 cum
2463 3127 2673 3184 amicos
2697 3141 2762 3183 ac
2807 3123 3087 3195 colloquio
3119 3121 3312 3179 faciles
3353 3119 3604 3177 infensos

1997 3219 2209 3289 alioqui
2226 3216 2442 3274 animos
2471 3215 2877 3272 consuetudine
2892 3216 3010 3286 ipsa
3037 3211 3480 3280 reddidisset,sic
3496 3225 3603 3281 op-

1992 3321 2234 3383 portune
2261 3309 2330 3365 ad
2348 3309 2449 3365 Dei
2478 3307 2736 3364 notitiam
2764 3307 3042 3377 ﬁdemque
3073 3304 3410 3361 adducebat.
3433 3302 3596 3370 Quod

1993 3405 2145 3460 enim
2167 3401 2294 3475 quis
2307 3413 2536 3472 repente
2550 3400 2849 3458 sublimem
2865 3397 3196 3469 theologiam
3224 3397 3601 3470 aggrediatur,

1995 3500 2204 3556 nedum
2233 3498 2374 3555 nihil
2396 3498 2726 3568 insipientes
2747 3496 3138 3565 crassioreque
3166 3492 3393 3565 ingenio
3417 3492 3606 3548 homi-

1997 3612 2100 3653 nes
2123 3595 2352 3668 juverit,
2381 3609 2579 3650 verum
2629 3593 2799 3649 etiam
2843 3608 2957 3648 non
2981 3606 3112 3648 raro
3141 3590 3238 3647 ira:
3260 3589 3604 3662 maiorisque

1999 3688 2261 3760 nequitia:
2291 3686 2567 3743 ﬂammam
2596 3683 2932 3742 accenderit.
2964 3681 3380 3740 Communibus
3414 3689 3604 3738 autem

1999 3776 2297 3849 colloquiis
2318 3772 2474 3849 prius
2495 3776 2686 3846 impiis
2713 3782 3197 3840 consuescentem,
3227 3773 3605 3844 dissimiliqne

2001 3869 2372 3927 similitudine
2421 3885 2622 3926 eorum
2659 3869 2949 3924 ineuntem
3007 3867 3266 3939 gratiam,
3319 3875 3490 3939 atque
3533 3881 3607 3923 ex

2000 3971 2204 4019 natura
2226 3963 2415 4033 petitis
2434 3962 2915 4033 familiaribusque
2934 3960 3207 4032 exemplis
3227 3969 3502 4026 utentem,
3523 3959 3608 4015 sic

2002 4054 2272 4127 paulatim
2297 4054 2493 4125 pietati
2518 4066 2710 4126 aptare
2736 4068 2804 4111 ac
2845 4067 3199 4125 componere,
3225 4067 3357 4109 eum
3378 4052 3605 4108 demum

2004 4145 2278 4215 optimum
2307 4145 2543 4202 docendi
2570 4145 2826 4202 ordinem
2860 4158 2927 4200 ac
2946 4144 3267 4214 apostolica:
3294 4146 3504 4200 mestis
3523 4141 3607 4200 fa-

2006 4238 2167 4293 cinus
2207 4237 2488 4292 existimo.

2089 4329 2229 4382 Eum
2259 4330 2315 4382 in
2343 4327 2568 4382 modum
2585 4341 2818 4397 magnus
2847 4326 3146 4394 Apostolus
3175 4329 3349 4384 latera
3380 4328 3603 4399 aquilo-

2009 4420 2098 4475 nis
2126 4421 2439 4486 incessens,
2490 4430 2708 4476 montes
2739 4421 2926 4476 eﬂ'ecit
2976 4419 3166 4477 Sionis
3188 4416 3256 4476 ".
3294 4417 3608 4492 Quodun

315 4505 609 4576 εὐθύτητος
657 4507 853 4577 μετῆν,
879 4508 1028 4568 ὅσοις
1084 4509 1252 4578 μοῖρα
1292 4505 1524 4576 λογικῆς
1563 4507 1762 4578 φρενὸς
1812 4509 1895 4561 καῖ

2010 4514 2162 4568 enim
2203 4513 2559 4569 rectitudinis
2600 4514 2894 4584 vestigium
2921 4514 3136 4581 inerat;
3175 4523 3450 4585 quotquot
3475 4528 3608 4571 sen-

316 4597 576 4664 διανοίας,
617 4599 909 4671 ἇνθρωπον
948 4599 1205 4668 ὁρῶντες,
1240 4602 1306 4669 τῇ
1351 4616 1413 4652 τε
1442 4597 1537 4652 τοῦ
1572 4599 1736 4668 λόγου
1771 4601 1916 4672 λαμ-

312 4691 576 4761 πρότητι,
609 4694 685 4761 ’τῇ
715 4707 774 4743 τε
826 4690 922 4743 τοῦ
961 4689 1080 4758 βίου
1131 4691 1431 4760 τελειότητι
1480 4690 1625 4743 κατὰ
1656 4689 1914 4747 τοσοῦτον

301 4782 556 4846 ἐκείνους
600 4783 1001 4853 ὑπεραίροντα.
1053 4783 1174 4835 καθ’
1205 4780 1331 4835 ὅσον
1357 4784 1515 4836 αὐτοὶ
1559 4784 1668 4836 τῶν
1706 4782 1916 4855 θηρίων

300 4877 400 4929 καὶ
425 4874 541 4929 τῶν
565 4874 785 4942 κτηνῶν
820 4875 1114 4944 ὑπερέχειν
1146 4875 1560 4947 ὑπελάμϐανον,
1597 4880 1694 4930 καὶ
1718 4878 1911 4932 τούτου

296 4967 666 5024 παντὰιπσιν
711 4966 1019 5037 ἡττώμενοι
1058 4971 1158 5040 τῆς
1203 4970 1428 5039 ἀρετῆς,
1489 4970 1916 5024 ὑπεκατέκλινον

296 5065 412 5133 μὲν
441 5061 510 5131 τῇ
554 5060 793 5130 διανοίᾳ,
829 5061 1111 5133 προῄεσαν
1138 5062 1198 5115 δὲ
1253 5061 1330 5132 τῷ
1380 5062 1451 5115 δι’
1508 5064 1676 5117 αὐτοῦ
1705 5078 1919 5134 κηρυτ-

293 5154 528 5225 τομένῳ
595 5153 774 5222 φωτί·
824 5151 920 5209 καλ¹
979 5154 1060 5225 τῷ
1112 5155 1257 5226 λόγῳ
1324 5154 1423 5225 τῆς
1480 5155 1706 5226 χάριτος
1749 5175 1913 5225 φωτι-

298 5246 566 5316 ζόμενοι,
627 5246 726 5299 καὶ
769 5245 850 5316 τῷ
902 5246 1003 5316 τῆς
1056 5248 1473 5317 ἀναγεννήσεως
1505 5244 1660 5300 ὕδατι
1727 5248 1918 5304 inﬂa:-

302 5338 566 5410 ρόμενοι,
599 5337 698 5390 καὶ
729 5336 809 5408 τῷ
835 5338 939 5408 τῆς
998 5338 1273 5402 υἱοθεσίας
1326 5339 1612 5407 Πνεύματι
1671 5339 1915 5396 τελειού-

305 5448 495 5502 μενοι,
545 5431 629 5492 είς
683 5431 1017 5504 Ἐκκλησίας
1052 5433 1217 5499 ἁγίας
1273 5432 1352 5503 τῷ
1410 5431 1728 5504 ’Υπεραγίῳ
1773 5452 1906 5489 κατ·

303 5522 636 5596 ηρτίζοντο.

391 5781 442 5818 ³⁸
461 5782 509 5841 ll
545 5784 689 5842 Tim.
725 5786 894 5853 11,19.
969 5787 1017 5820 “
1047 5785 1281 5856 lsa.xtx,
1305 5790 1356 5844 l.
1435 5789 1477 5822 "
1501 5787 1641 5844 Psal.
1669 5805 1829 5856 xtvu,
1864 5789 1917 5843 3.

2018 4621 2116 4662 sus
2157 4605 2327 4660 animi
2367 4605 2584 4661 ratione
2642 4605 2853 4662 utentis
2904 4604 3220 4677 mentisque
3271 4596 3626 4676 particulam»

2015 4698 2187 4754 ullam
2227 4698 2562 4757 retinebant.
2591 4697 2873 4754 hominem
2904 4706 3259 4767 contuentes,
3287 4709 3408 4757 tum
3438 4699 3614 4755 ratio-

2017 4791 2106 4845 nis
2145 4791 2461 4860 splendorc,
2491 4799 2607 4845 tum
2632 4791 2760 4847 vitae
2785 4786 3149 4862 perfectione,
3185 4801 3298 4847 tam
3317 4789 3454 4862 ipsis
3472 4792 3614 4846 emi-

2017 4897 2174 4948 nere,
2223 4898 2390 4951 quam
2423 4881 2500 4936 illi
2535 4881 2732 4938 bestiis
2759 4892 2927 4954 atque
2951 4883 3222 4954 iumentis
3261 4893 3612 4954 praestarent,

2015 4973 2436 5029 arbitrabantur
2470 4991 2484 5027 :
2519 4973 2779 5044 illiusque
2807 4975 3037 5030 omnino
3060 4990 3124 5032 se
3150 4975 3344 5032 virtuti
3370 4977 3616 5046 impares

2020 5071 2410 5134 agnoscentes,
2459 5065 2512 5120 ei
2544 5065 2794 5119 animum
2840 5065 3267 5134 submittebant,
3319 5075 3488 5138 atque
3539 5065 3612 5123 ad

2018 5170 2164 5221 eam,
2199 5168 2365 5226 quam
2393 5156 2752 5228 praidicabat,
2783 5158 2964 5214 lucem
2997 5158 3337 5216 accedebant
3370 5177 3383 5215 :
3412 5159 3615 5217 verbo-

2011 5261 2130 5317 que
2184 5249 2382 5317 gratia:
2434 5248 2696 5305 illustrati
2744 5258 2915 5318 atque
2963 5249 3405 5320 regenerationis
3468 5265 3615 5321 aqua

2017 5345 2326 5410 emundati,
2358 5360 2463 5401 nec
2491 5359 2600 5401 non
2627 5343 2946 5416 adoptionis
2974 5343 3182 5414 Spiritu
3211 5344 3614 5408 consummati,

2023 5435 2080 5488 in
2108 5433 2386 5490 Ecclesias
2413 5443 2661 5498 sanctas,
2687 5435 2740 5490 ei
2763 5435 2860 5506 qui
2887 5449 3106 5491 munem
3135 5433 3485 5491 sanctitatem
3515 5447 3616 5488 ex-

2019 5524 2172 5580 cedit
2199 5525 2694 5595 componebantur.
