4086 6282
464 352 536 416 δτ
1689 334 1989 397 ΝῘΕΕΤιΕ
2029 335 2083 394 ΡΑ

2193 335 2570 397 L—TLAGONIS
3715 339 3792 399 68

549 461 664 519 Nec
689 458 900 528 absque
927 469 1128 512 cruore
1159 466 1421 523 magnum
1463 448 1591 502 ﬁdei
1627 448 1738 502 illis
1772 447 2060 503 constabi-

2243 450 2355 503 Καὶ
2377 451 2440 501 οὐ
2467 450 2638 520 χωρὶς
2666 449 2900 520 αἵματος
2926 451 3140 515 τούτοις
3167 453 3228 506 τὸ
3256 453 3402 524 μέγα
3427 452 3528 522 τῆς
3551 452 3793 514 πίστεως

462 553 708 610 liebatur
733 547 1061 620 mysterium
1088 561 1105 598 :
1131 543 1228 598 sed
1261 542 1410 596 sicut
1432 541 1694 611 Magister
1721 555 1785 594 ac
1807 539 2076 593 Dominus

462 645 695 718 proprio
739 639 1006 713 sanguine
1053 642 1448 694 testamentum
1499 648 1661 689 suum
1712 632 2073 702 obsignavit,

463 740 548 793 sic
574 749 798 806 quoque
821 748 923 804 par
943 738 1065 786 erat
1088 739 1151 785 ut
1172 725 1604 800 probatissimus
1624 724 1936 794 discipulus
1961 739 2073 778 non

470 828 642 884 nudis
691 826 875 881 solum
905 823 1101 878 verbis
1137 822 1383 877 salutare
1415 820 1513 874 Dei
1548 818 1929 882 annuntiaret,
1979 817 2075 872 sed

465 933 530 978 ut
579 924 750 978 etiam
807 917 1039 990 preprio
1079 916 1350 986 sanguine
1395 913 1749 982 disciplinam
1801 913 2069 967 sanciret.

464 1012 607 1080 Quia
642 1012 813 1082 igitur
830 1009 954 1065 ﬁeri
988 1024 1099 1063 non
1129 1017 1373 1077 poterat,
1400 1017 1462 1061 ut
1490 1021 1685 1061 omnes
1715 1005 1947 1075 penitus
1980 1021 2076 1059 vc-

466 1102 620 1158 ritati
650 1115 938 1156 assensum
988 1099 1340 1169 praeberent;
1373 1096 1847 1167 quemadmodum
1896 1095 2076 1150 Judzci

468 1197 627 1266 prius
675 1194 949 1248 adversus
986 1193 1174 1247 Jesum
1223 1205 1451 1244 manum
1489 1189 1830 1253 extulerant,
1864 1188 1943 1243 sic
1973 1187 2076 1241 ad-

467 1303 666 1343 versus
694 1285 973 1341 Andream
999 1283 1259 1338 instructi
1288 1281 1626 1354 Scytharum
1660 1281 1828 1335 animi
1847 1297 1861 1340 ς
1883 1295 2073 1351 regum

471 1381 556 1436 ira
586 1395 853 1450 praeceps,
879 1378 1085 1433 caedem
1115 1376 1340 1444 spirans
1366 1375 1667 1445 praesidum
1705 1376 1947 1444 impetus
1985 1382 2074 1427 at—

470 1489 582 1544 que
609 1472 884 1544 judicum,
918 1471 1250 1541 populorum
1283 1469 1398 1522 fera
1423 1468 1594 1522 coitio
1625 1485 1638 1521 :
1667 1468 1797 1521 hinc
1821 1480 2076 1521 carceres

471 1573 640 1633 atque
687 1564 942 1626 verbera,
999 1563 1264 1615 distracta
1325 1560 1576 1614 membra
1623 1575 1688 1614 ac
1720 1561 2071 1615 dilacerata:

471 1657 610 1728 quin
641 1663 699 1709 et
755 1655 905 1726 ligna
965 1663 1022 1709 ct
1052 1653 1262 1722 lapides
1294 1661 1350 1706 et
1372 1653 1563 1723 gladii,
1610 1652 1882 1723 quidquid
1911 1652 2074 1706 deni-

474 1764 585 1820 que
611 1750 863 1804 cruentis
893 1745 1217 1802 hominibus
1248 1746 1306 1800 in
1339 1762 1536 1801 manus
1567 1747 1833 1810 venisset,
1885 1760 2074 1800 armo-

2185 545 2525 615 ἐκρατύνετο
2585 544 2922 614 μυστήριον·
2981 543 3174 616 ὥσπερ
3214 546 3272 599 δὲ
3314 545 3406 598 τὸν
3455 543 3794 598 Διδάσκαλον

2185 641 2283 692 καὶ
2337 637 2543 707 Κύριον
2570 637 2650 706 τῷ
2700 636 2820 705 ἰδίῳ
2878 636 3074 707 αἵματι
3108 637 3208 706 τὴν
3258 637 3428 690 αὑτοῦ
3485 636 3795 708 σφραγίσαι

2185 731 2483 802 διαθήκην,
2513 730 2695 793 οὕτως
2723 731 2832 784 ἔδει
2864 731 2960 783 καὶ
2990 730 3081 784 τὸν
3127 729 3506 802 δοκιμώτατον
3536 729 3796 800 μαθητὴν

2188 827 2250 878 οὐ
2273 825 2453 895 ψιλοῖς
2481 825 2667 892 λόγοις
2704 823 2867 892 μόνον
2888 822 2949 877 τὸ
2975 823 3068 877 τοῦ
3100 823 3239 876 Θεοῦ
3265 823 3536 894 σωτήριον
3565 823 3799 891 εὐαγγε-

2182 916 2456 983 λίζεσθαι,
2491 915 2629 969 ἀλλὰ
2653 916 2751 969 καὶ
2775 915 2966 985 οἰκείῳ
2989 915 3190 985 αἵματι
3220 914 3320 986 τὴν
3353 914 3520 968 αὑτοῦ
3552 913 3795 983 βεϐαιῶ-

2186 1027 2279 1064 σαι
2313 1011 2558 1080 διδαχὴν.
2579 1007 2802 1077 Ἐπειδὴ
2851 1007 2946 1061 οὖν
2991 1008 3204 1072 πάντας
3249 1008 3423 1078 ἄρδην
3472 1009 3574 1060 οὐκ
3617 1001 3688 1077 ἦν
3717 1007 3794 1074 τῇ

2182 1104 2412 1175 ἀληθείᾳ
2445 1101 2921 1171 συγκαταθέσθαι·
2966 1099 3157 1172 ὥσπερ
3181 1101 3449 1170 Ἰουδαϊκῇ
3493 1100 3638 1152 κατὰ
3691 1098 3797 1151 τοῦ

2196 1200 2375 1271 Ἰησοῦ
2403 1201 2672 1271 πρότερον
2714 1200 2925 1269 ἐπῆρτο
2958 1199 3113 1270 χεὶρ,
3145 1198 3320 1261 οὕτως
3360 1202 3508 1252 κατὰ
3539 1196 3636 1251 τοῦ
3662 1196 3798 1250 Ἀν-

2181 1294 2342 1365 δρέου
2384 1292 2806 1363 παρεσκεύαστο
2849 1291 3133 1361 Σκυθική”
3178 1289 3276 1345 καὶ
3311 1289 3485 1360 θυμὸς
3519 1287 3800 1358 βασιλέων

2183 1385 2489 1456 προπετὴς,
2513 1384 2608 1437 καὶ
2641 1382 2886 1452 φονὼόης
2915 1381 3196 1452 ἀρχόντων
3239 1380 3412 1452 ὁρμὴ,
3441 1382 3540 1433 καὶ
3583 1377 3802 1451 0139th-

2181 1478 2280 1547 δης
2331 1477 2689 1539 ὲπισύστασις
2740 1475 2924 1529 λαῶν’
2971 1475 3068 1528 καὶ
3115 1475 3351 1544 είρκταὶ,
3387 1474 3480 1525 καὶ
3525 1471 3801 1542 μάστιγες

2183 1571 2456 1634 ἐντεῦθεν,
2486 1569 2752 1638 ἑλκυσμοί
2779 1586 2835 1621 τε
2870 1568 2963 1621 καὶ
2992 1567 3171 1637 μελῶν
3207 1565 3551 1635 σπαραγμοῐ.
3586 1564 3697 1616 Ναὶ
3725 1566 3799 1631 δὴ

2183 1664 2278 1716 καὶ
2313 1661 2446 1727 ξύλα
2481 1660 2577 1714 καὶ
2612 1661 2752 1712 λίθοι
2781 1659 2876 1713 καὶ
2907 1660 3201 1730 μάχαιραι,
3231 1658 3324 1710 καὶ
3355 1658 3465 1708 πᾶν
3506 1656 3567 1709 τὸ
3602 1658 3804 1707 ἔπιτνο-

2182 1757 2278 1826 χὺν
2308 1757 2429 1818 ταῖς
2469 1754 2780 1822 μιαιφόνοις
2808 1750 3020 1821 χερσὶν.
3052 1748 3219 1803 ὅπλον
3270 1749 3415 1802 κατὰ
3455 1748 3556 1814 τῆς
3598 1745 3804 1814 τιμίας

473 1856 597 1895 rum
627 1841 749 1895 loco
784 1839 1162 1894 venerandum
1215 1847 1382 1908 caput
1411 1838 1776 1908 impetcbant.
1813 1838 2074 1907 Prompta

2193 1848 2410 1921 ἐφέρετο
2439 1847 2709 1916 κεφαλῆς.
2746 1846 2860 1899 Καὶ
2889 1846 2949 1898 τὸ
2982 1844 3136 1913 θῦμα
3161 1843 3469 1912 πρόθυμον,
3492 1840 3806 1910 προθΰμως

471 1934 721 1995 victima,
757 1942 818 1987 ut
847 1947 948 2003 pro
980 1930 1400 1985 immolantibus
1431 1938 1689 2002 prompte
1722 1929 2068 1986 sacriﬁcare-

473 2033 598 2090 tur;
634 2040 701 2080 ac
743 2039 847 2079 ceu
878 2023 1150 2089 debitum,
1182 2023 1358 2094 ipsius
1385 2039 1552 2078 causa
1574 2023 1730 2094 prius
1765 2023 2072 2088 immolato,

477 2131 642 2172 suum
682 2115 799 2186 ipse
823 2115 1026 2170 libaret
1055 2129 1344 2179 cruorem;
1396 2124 1565 2185 atque
1597 2117 1653 2186 (ο
1680 2115 1775 2169 Dei
1808 2113 2076 2169 imitatio-

475 2209 671 2278 nem)!
727 2224 829 2278 pro
867 2207 992 2262 neci
1042 2207 1393 2262 tradentibus
1439 2206 1771 2263 sacriﬁcium
1823 2206 2074 2262 oﬂ'erret.

535 2298 681 2365 Quid
707 2301 839 2354 vero
867 2313 1100 2367 magnus
1123 2298 1216 2353 ille
1235 2295 1520 2367 pontifex?
1536 2296 1930 2354 Libentissime
1953 2297 2080 2366 qui-

478 2391 606 2446 dem
645 2391 816 2445 habet
845 2391 1152 2453 victimam,
1186 2391 1537 2461 volentisque
1570 2391 1744 2447 animi
1781 2394 2079 2462 perfectio-

477 2501 606 2540 nem
627 2483 896 2539 odoratur
917 2484 1146 2538 odorem
1169 2483 1458 2538 suavitatis
1474 2483 1541 2551 ⁶⁸,
1567 2482 1868 2554 perfectam
1894 2493 2075 2538 tamen

483 2582 654 2646 atque
693 2576 963 2645 integram
992 2576 1278 2630 victimam
1307 2591 1502 2630 rursus
1535 2574 1801 2638 restituit,
1853 2576 2079 2646 majori-

479 2665 588 2720 bus
613 2665 835 2719 coronis
861 2674 1028 2734 atque
1045 2665 1250 2735 praeliis
1274 2680 1596 2720 reservans.
1615 2666 1676 2722 In
1697 2682 1824 2721 eum
1849 2667 2077 2721 modum

478 2756 732 2813 Andreas
759 2756 1112 2812 adversarios
1141 2760 1475 2828 superabat;
1501 2767 1667 2828 atque
1687 2757 1911 2814 Christo
1940 2774 2078 2813 con-

480 2850 625 2906 ﬁxus
656 2850 831 2916 cruci,
861 2865 959 2921 per
986 2866 1115 2904 eum
1145 2850 1242 2919 qui
1275 2849 1565 2918 dilexerat,
1600 2851 1820 2921 potiore
1861 2851 1921 2906 in
1955 2866 2078 2906 om-

480 2943 651 3000 nibus
682 2943 918 2998 victoria
953 2943 1232 3013 gaudebat
1261 2943 1328 2997 θ’.

551 3036 760 3092 Omnes
801 3037 970 3107 igitur
1001 3034 1282 3106 aquilonis
1319 3051 1468 3099 oras,
1527 3049 1862 3105 omnemque
1914 3033 2078 3089 Ponti

479 3129 842 3195 maritimam,
882 3123 946 3184 in
969 3128 1176 3182 virtute
1203 3129 1478 3182 sermonis
1504 3127 1793 3198 sapientiae
1826 3143 1890 3182 ac
1915 3127 2081 3181 intel-

2184 1942 2326 2012 ὑπὲρ
2370 1943 2480 1994 τῶν
2530 1940 2811 2007 θυομένων
2855 1937 3020 1991 αὑτὸν
3074 1931 3690 2008 ίερουργούμενον·καὶ
3715 1932 3803 1995 ὼς

2181 2033 2457 2103 ὀφείλημα
2492 2031 2572 2101 τῷ
2613 2030 2755 2100 ὑπὲρ
2787 2030 2953 2083 αὐτοῦ
2983 2028 3267 2099 τεθυμένῳ
3299 2026 3568 2097 πρότερον
3612 2025 3675 2078 τὸ
3717 2024 3803 2077 οἱ·

2184 2127 2334 2178 κεῖον
2381 2121 2710 2175 ὲπισπένδον
2743 2115 2919 2188 αἷμα·
2978 2121 3072 2171 καὶ
3115 2115 3195 2189 (ὣ
3225 2115 3322 2185 τῆς
3356 2113 3798 2184 θεομιμησίαςί)

2186 2214 2333 2285 ὑπὲρ
2363 2213 2475 2266 τῶν
2505 2210 2882 2282 ἀναιρούντων
2914 2209 3194 2281 προσάγον
3222 2207 3304 2270 εἰς
3334 2205 3632 2275 ὲξίλασμα.

2259 2308 2371 2360 Καὶ
2412 2307 2466 2358 τί
2499 2308 2528 2358 6
2562 2304 2881 2375 Ἀρχιερεὺς
2931 2303 2962 2355 6
3012 2301 3226 2372 μέγας;
3275 2295 3645 2369 Προσιέμενος
3692 2295 3803 2366 μὲν

2185 2400 2286 2471 τὴν
2335 2398 2530 2452 θυσίαν
2573 2399 2959 2466 ἀσμενέστατα
2985 2433 3000 2458 ,
3050 2392 3149 2448 καὶ
3192 2393 3370 2464 ὀσμὴν
3415 2390 3652 2452 εὐωδίας
3689 2389 3799 2460 τὴν

2185 2492 2505 2562 τελειότητα
2553 2488 2655 2557 τῆς
2690 2487 3008 2559 προθέσεως
3059 2483 3452 2555 ὀσφρὼμενος·
3497 2482 3687 2553 ἄρτιον
3738 2481 3798 2536 δὲ

2188 2585 2282 2638 καὶ
2308 2584 2606 2653 ὁλόκληρον
2629 2577 2786 2644 αὖθις
2817 2581 2877 2634 τὸ
2899 2579 3122 2648 λογικὸν
3148 2581 3347 2648 ἱερεῖον
3373 2576 3791 2641 ἀποκαθιστῶν,

2185 2679 2284 2730 καὶ
2313 2674 2407 2727 ἐπὶ
2453 2670 2669 2741 μείζοσι
2711 2671 2870 2725 τοῦτο
2918 2671 3102 2735 δόξαις
3152 2671 3251 2723 καὶ
3293 2669 3648 2740 ἀγωνίσμασι
3698 2687 3794 2722 τα-

2190 2767 2534 2839 μιευόμενος.
2560 2765 2748 2828 Οὕτως
2768 2766 2795 2816 6
2819 2764 2993 2834 μέγας
3031 2763 3307 2834 Ἀνδρέας,
3334 2761 3443 2815 τῶν
3472 2765 3795 2830 ἀντιτεταγ-

2191 2861 2368 2930 μένων
2391 2857 2610 2929 περιῆν,
2642 2859 2736 2911 καὶ
2760 2857 2933 2918 οὕτως
2951 2855 3426 2927 συστανροῦμενος
3450 2854 3530 2925 τῷ
3550 2855 3592 2907 Χ
3601 2855 3794 2926 ριστῷ⁹

2188 2955 2249 3006 ὲν
2284 2953 2451 3004 πᾶσιν
2475 2949 2778 3019 ὑπερενίκα
2799 2949 2889 3002 διὰ
2929 2949 3024 3003 τοῦ
3053 2950 3406 3020 ἡγαπηκότος
3439 2947 3623 3003 αὐτόν.

2262 3042 2453 3097 Πάντα
2495 3041 2793 3113 τοιγαροῦν
2821 3039 2893 3093 τὰ
2919 3042 3162 3112 κλίματα
3193 3039 3289 3094 τοῦ
3320 3040 3522 3110 βορρᾶ,
3555 3041 3651 3091 καὶ
3686 3038 3790 3089 πᾶ-

2193 3153 2294 3190 σαν
2323 3135 2421 3188 τοῦ
2451 3133 2662 3188 Πόντου
2700 3133 2800 3204 τὴν
2828 3131 3098 3202 παράλιον
3119 3176 3134 3198 ,
3167 3134 3225 3186 ὲν
3254 3131 3488 3202 δυνάμει
3519 3131 3682 3198 λόγον
3708 3145 3794 3181 σο-

478 3221 743 3292 ligentiac,
771 3222 826 3275 in
853 3221 1059 3274 virtute
1081 3220 1369 3290 signorum
1399 3228 1457 3276 et
1479 3221 1884 3291 prodigiorum,
1905 3221 2078 3274 Evan-

2193 3228 2314 3298 φίας
2341 3226 2437 3281 καὶ
2467 3227 2741 3287 συνέσεως
2762 3269 2775 3288 ,
2804 3227 2862 3279 ὲν
2886 3225 3120 3293 δυνάμει
3157 3224 3405 3293 σημείων
3432 3224 3528 3277 καὶ
3549 3223 3799 3291 τεράτων

480 3314 612 3386 gelii
645 3314 970 3383 complexus
994 3311 1428 3382 prtedicatione;
1467 3313 1673 3384 ubique
1703 3313 1910 3369 erectis
1939 3313 2079 3378 aris,

2193 3321 2263 3392 τῷ
2297 3319 2621 3389 Εὑαγγελίῳ
2664 3318 2982 3389 περιλαϐών
3003 3334 3018 3349 ⁸
3073 3318 3360 3387 πανταχοῦ
3389 3332 3452 3368 τε
3487 3316 3797 3382 θυσιαστή-

479 3406 980 3475 sacerdotibusquc
1014 3419 1078 3460 ac
1097 3405 1376 3474 episcopis
1406 3405 1615 3475 ubique
1646 3405 1906 3461 ﬁdelibus
1937 3422 2081 3476 prae-

480 3498 699 3569 positis,
730 3498 798 3552 ad
828 3499 1042 3553 illustre
1075 3498 1181 3553 hoc
1201 3499 1529 3569 Byzantium
1563 3499 1816 3555 accessit.
1853 3499 1978 3554 [lue
2002 3498 2089 3552 vir

480 3588 826 3645 admirabilis
851 3589 1036 3645 obiter
1057 3591 1310 3656 veniens,
1331 3599 1724 3660 exstructaque
1755 3591 1811 3645 in
1840 3605 1966 3645 arce
1992 3590 2092 3648 Dei

484 3682 644 3737 Matri
674 3683 832 3749 atde;
886 3683 1128 3753 eleganti
1175 3683 1402 3752 quidem
1452 3684 1545 3738 illa
1598 3683 2097 3752 schemate,cuju3

481 3782 668 3829 tamen
697 3774 873 3830 moles
905 3790 1006 3845 pro
1037 3773 1282 3828 ﬁdelium
1329 3784 1460 3828 tunc
1490 3775 1769 3844 paucitate
1814 3774 2090 3844 angustiis

481 3868 602 3921 suis
627 3867 1018 3938 responderet;
1043 3865 1324 3935 dignoque
1346 3865 1614 3920 Ecclesiae
1639 3873 1859 3935 pastore
1882 3880 2082 3936 magno

483 3959 688 4031 Stachy
735 3960 1034 4031 assignato,
1069 3960 1271 4016 uberes
1318 3958 1676 4028 postmodum
1703 3959 1809 4013 hac
1844 3959 1901 4013 in
1932 3958 2072 4014 urbe

553 4145 601 4178 ⁸⁸
625 4143 892 4205 Gen.viu,
922 4141 1011 4195 Η.
1090 4143 1138 4174 ⁸³
1167 4141 1287 4198 Gal.
1321 4159 1380 4197 tt.
1411 4141 1500 4197 19.

555 4325 670 4397 (10)
696 4323 934 4397 Ὠραζον
949 4321 1064 4397 μὲν
1088 4321 1212 4397 τὴν
1228 4325 1642 4397 κατασκευήν.
1662 4324 2086 4397 Exstabatlorte

479 4393 777 4466 vestigium
797 4393 1019 4466 aliquod
1056 4393 1146 4466 sic
1165 4395 1438 4466 elegantis
1481 4395 1730 4452 aediculae
1764 4411 1829 4450 ac
1873 4395 2086 4458 sacelli,

481 4467 570 4521 vel
603 4464 651 4530 a-
672 4465 976 4536 majoribus
1009 4464 1273 4518 traditum
1332 4464 1555 4521 Nicetes
1583 4476 1898 4536 acceperat,
1957 4481 2089 4519 cum

484 4537 604 4606 ipsa
639 4533 814 4589 moles
856 4533 1056 4604 exigua
1095 4544 1264 4606 esset,
1297 4549 1377 4606 Aac
1421 4553 1524 4606 pro
1567 4533 1764 4590 eorum
1811 4536 2088 4605 paucitate

482 4604 582 4676 qui
628 4606 873 4677 Bylantii
937 4620 1141 4677 nomen
1178 4604 1731 4677 Christo’dedcrant,
1782 4604 1881 4675 per
1919 4607 2088 4660 breve

485 4674 625 4732 illud
673 4674 919 4745 tempus,
949 4690 1063 4743 quo
1107 4674 1362 4728 Andreas
1384 4677 1486 4740 .ille
1525 4674 1870 4746 praedicavit.
1903 4677 2089 4746 ipsum

485 4747 751 4818 oppidum
797 4763 867 4818 ac
925 4746 1144 4818 urbem,
1179 4746 1456 4812 πολίχνιον
1507 4748 1691 4802 adhuc
1745 4755 1877 4801 tunc
1929 4757 2092 4802 vocat

485 4815 729 4888 Metapb.
763 4817 879 4870 sive
919 4815 1174 4888 quisquis
1221 4826 1417 4869 auctor
1472 4827 1557 4872 est
1599 4818 1999 4888 Commentarii
2035 4818 2092 4872 iu

484 4886 763 4943 Andream
795 4886 1132 4957 apostolum,
1164 4902 1197 4940 a
1238 4901 1326 4957 mc
1361 4889 1738 4955 repracsentati
1794 4887 1991 4941 Latine
2022 4905 2088 4942 ex

485 4960 613 5013 cod.
645 4959 797 5013 card.
826 4956 1026 5011 Mazar.
1064 4966 1120 5010 et
1157 4956 1303 5025 quod
1339 4957 1661 5012 Graecorum
1695 4959 1901 5011 Nemea
1950 4960 2095 5014 inte-

443 5066 448 5072 ι
485 5045 646 5108 grum
690 5031 746 5082 in
775 5027 1024 5108 ejusdie
1050 5027 1191 5108 festo
1221 5028 1652 5108 liabeut..Quod_
1678 5045 1811 5108 vero
1843 5030 2095 5084 Andreas

487 5096 608 5168 ipse
630 5115 752 5153 eam
779 5096 1033 5151 fundavit
1065 5096 1394 5170 Ecclesiam,
1424 5099 1590 5170 eique
1621 5099 1860 5170 Stachin
1919 5117 2093 5154 unum

484 5186 516 5224 e
544 5170 927 5239 Septuaginta,
965 5176 1026 5220 ut
1053 5168 1372 5239 Graecorum
1405 5168 1628 5224 traditio
1685 5168 2091 5238 esu—praefecit,

486 5238 628 5294 nihil
678 5239 1040 5308 apostolicam
1074 5238 1376 5292 Ecclesiam
1435 5240 1585 5302 facit,
1633 5250 1730 5294 aut
1793 5241 2092 5294 adtnodum

448 5360 450 5362 ,
486 5311 790 5373 celebrem,
827 5318 957 5363 ante
988 5309 1315 5380 translatam
1345 5324 1414 5362 eo
1472 5311 1691 5380 imperii
1732 5311 1944 5374 sedem,
1985 5327 2094 5380 qua

488 5382 758 5451 Byzantio
817 5395 976 5434 novae
1035 5379 1426 5451 “crumillam
1484 5379 1774 5451 dignitas,
1842 5379 2095 5436 saeculari

490 5448 734 5520 primum
797 5452 965 5511 fastu,
1016 5448 1483 5520 postmodumque
1522 5448 1691 5506 etiam
1740 5453 2092 5519 sacerdotio;

486 5537 806 5592 quanquam
835 5521 930 5574 diu
958 5520 1279 5574 obluctante
1300 5522 1545 5575 Romana
1583 5523 1752 5586 sede;
1798 5523 1887 5575 cui
1921 5525 2094 5578 mole-

491 5602 641 5646 stum
679 5594 969 5647 videretur
1001 5592 1251 5646 saeculari
1285 5607 1354 5645 eo
1378 5593 1593 5646 ambitu
1637 5593 1874 5646 convelli
1905 5593 2096 5648 Eccle-

490 5663 700 5716 siarum
753 5660 1088 5733 privilegia.
1120 5663 1405 5733 Aviamque
1455 5664 1747 5717 schismati
1803 5664 2096 5732 przestrui,

483 5743 544 5804 et
583 5742 647 5785 ut
675 5749 704 5786 a
738 5731 916 5787 matre
945 5731 1278 5804 discederet,
1319 5750 1443 5802 qua:
1471 5735 1598 5804 jure
1632 5735 1716 5786 vel
1751 5731 1953 5804 injuria
2011 5752 2102 5788 re-

485 5803 654 5873 liquis
673 5815 875 5876 przcter
904 5819 1050 5871 eam,
1075 5803 1239 5873 eique
1273 5803 1516 5860 secunda
1544 5805 1657 5878 jam
1692 5803 1819 5859 tum
1845 5820 2102 5875 praeesse

2187 3431 2299 3486 ρια,
2337 3415 2504 3484 ἱερεῖς
2549 3429 2610 3465 τε
2647 3414 2745 3466 καὶ
2793 3413 3059 3483 ίερὰρχας
3092 3405 3224 3475 ,τοῖς
3270 3408 3596 3464 πιστεύουσι
3649 3407 3792 3461 καθ-

2193 3506 2362 3559 ιστῶν
2391 3504 2694 3574 πανταχοῦ,
2725 3505 2900 3572 τούτῳ
2932 3503 2997 3573 δὴ
3025 3502 3106 3572 τῷ
3137 3501 3478 3571 περιωνύμῳ
3512 3499 3804 3571 Βυζαντίῳ

2193 3591 2918 3664 προσεπέλασεν.Ἐνταῦθα
2967 3592 3112 3645 κατὰ
3138 3591 3374 3662 πάροδον
3416 3591 3446 3642 6
3493 3589 3804 3666 θαυμάῡιος

2194 3682 2460 3753 γεγονὼς,
2488 3684 2587 3738 καὶ
2617 3683 2742 3735 ναὸν
2774 3684 2929 3752 παρὰ
2961 3685 3028 3754 τῇ
3058 3682 3357 3752 ἀκροπόλει
3382 3684 3451 3753 τῇ
3484 3680 3802 3752 Θεομήτορι

2193 3775 2549 3846 δειμάμενος,
2581 3775 2710 3828 ναὺν
2739 3775 2941 3842 ὡραῖον
2988 3775 3086 3844 μὲν
3126 3775 3229 3844 τὴν
3258 3778 3612 3843 κατασκευήν
3639 3771 3755 3844 (10)
3783 3788 3799 3803 ·

2191 3866 2566 3936 ἀναλογοῦντα
2596 3866 2654 3919 δὲ
2682 3865 2744 3919 τὸ
2778 3865 3012 3937 μέγεθος
3051 3868 3120 3937 τῇ
3152 3866 3266 3919 τῶν
3289 3869 3348 3919 ὲν
3377 3867 3520 3936 ἀρχῇ
3552 3865 3675 3920 τότε
3702 3882 3806 3918 πε-

2191 3961 2571 4013 πιστευκότων
2623 3958 2930 4029 ὀλιγότητιο
2972 3961 3068 4012 καὶ
3119 3960 3363 4029 ποιμένα
3407 3959 3467 4013 δὲ
3511 3959 3664 4024 ἀξιον
3700 3959 3804 4031 τῆς

2195 4326 2368 4379 vellet
2410 4346 2421 4377 :
2461 4341 2525 4379 ac
2579 4340 2702 4396 qua:
2759 4323 3114 4394 postmodum
3149 4338 3398 4379 errorem
3453 4323 3683 4393 aﬂinxit,
3743 4337 3811 4388 ut.

2196 4398 2319 4464 ejus
2352 4397 2526 4466 ipsius
2590 4397 2784 4464 jugum
2809 4404 3130 4466 excuteret;
3181 4410 3402 4466 unaque
3427 4396 3650 4451 audiret
3697 4398 3794 4453 Ec-

2199 4464 2705 4546 clesia'Catltolica,
2733 4465 2984 4545 omnium
3024 4464 3450 4546 ip‘sa'rzpos6plg,
3485 4468 3637 4546 nulla
3683 4468 3799 4539 jam

2200 4538 2278 4592 illi
2307 4538 2514 4592 veteris
2568 4538 2755 4591 Roma:
2785 4537 2883 4607 τῆς
2920 4534 3222 4607 προεδρίας
3267 4534 3536 4604 dignitate
3583 4553 3646 4591 ac
3684 4534 3804 4607 'po-

2197 4608 2395 4662 tentia.
2422 4609 2554 4673 Quae
2587 4608 2763 4676 prima
2787 4605 2972 4658 Photii
3010 4615 3218 4666 strues.
3251 4613 3483 4674 tumque
3522 4605 3802 4662 eaerularii

2194 4680 2265 4732 ab
2294 4695 2473 4748 eoque
2503 4679 2844 4748 reliquorum
2902 4691 3023 4730 eam
3063 4677 3255 4730 sedem
3305 4692 3416 4731 non
3457 4681 3803 4742 ornantinm,

2195 4751 2291 4805 sed
2328 4746 2474 4803 foédc
2504 4746 2881 4819 stuprantium
2908 4764 2922 4808 ;
2960 4761 3108 4819 caeca
3125 4762 3259 4819 sane
3279 4748 3617 4811 temeritate,
3640 4751 3803 4819 quasi

2198 4838 2307 4874 non
2337 4819 2544 4874 Christi
2572 4817 2688 4872 hiec
2715 4817 2772 4870 in
2797 4817 2960 4870 Petro
2983 4817 3286 4880 institutio,
3334 4819 3431 4872 sed
3469 4817 3673 4886 regunt
3705 4838 3810 4874 au-

2197 4893 2424 4945 ctoritas
2452 4901 2619 4958 atque.
2649 4890 2739 4958 jus
2768 4888 2820 4941 in
2849 4890 3084 4956 palpone
3113 4889 3462 4952 incubatore,
3505 4888 3590 4941 vel
3631 4893 3810 4944 etiam

2200 4962 2254 5014 in
2299 4971 2553 5032 tyranno,
2603 4961 2850 5032 ἀντάρτῃ
2887 4970 3028 5032 _tuin
3078 4959 3294 5032 imperii
3337 4969 3450 5012 tum
3506 4958 3806 5032 Ecclesia);

2197 5029 2569 5102 quo‘utroq‘ue
2593 5029 2795 5102 rubros
2821 5029 3038 5102 calceos
3063 5030 3373 5102 ambiissct,
3397 5045 3463 5084 ac
3485 5045 3724 5098 quorum
3746 5031 3808 5085 in

2201 5104 2320 5171 ipsa
2351 5103 2599 5156 Ecclesia
2637 5101 2878 5171 repulsa,
2908 5101 3002 5168 qui
3031 5101 3259 5168 aequalis
3281 5102 3532 5154 Romano
3567 5102 3808 5156 antistiti

2199 5170 2322 5226 esse
2346 5175 2693 5241 nequiverat,
2727 5170 3001 5223 diabolica
3030 5171 3312 5239 superbia,
3350 5171 3426 5224 illi
3461 5185 3519 5222 se
3551 5175 3806 5239 superio-

2203 5259 2317 5296 rem
2352 5240 2744 5296 adsumuntur
2780 5241 3042 5294 Ecclesiae
3081 5240 3346 5310 πρόεδρον
3384 5241 3650 5309 praefecit.
3687 5245 3807 5307 Qua

2201 5314 2270 5366 tit:
2301 5331 2357 5366 re
2393 5315 2446 5366 in
2481 5313 2720 5366 Historia
2751 5311 2976 5377 llyzant.
3011 5327 3078 5364 ex
3116 5313 3494 5365 monumentis
3515 5328 3637 5380 qua:
3659 5316 3807 5381 apud

2203 5400 2291 5438 me
2322 5394 2562 5454 exstant,
2595 5382 2745 5454 oinni
2788 5384 2994 5454 majora
3026 5383 3379 5454 exceptione,
3409 5382 3479 5435 ad
3512 5385 3810 5454 utriusque

2205 5455 2426 5525 tyranni
2457 5452 2521 5506 ac
2550 5452 2867 5525 sehisniatis
2919 5453 3227 5521 inccptoris
3255 5463 3539 5525 tenuiora;
3580 5453 3809 5525 jamque

2203 5522 2363 5594 prelo
2389 5534 2577 5594 parata
2611 5531 2763 5594 sunt,
2801 5522 3115 5594 siquando
3167 5526 3330 5594 regia
3383 5523 3623 5594 Lupara.
3682 5523 3810 5576 aliis

2204 5592 2366 5664 plene
2389 5592 2691 5663 Superlltiis
2718 5593 2965 5662 fatigata,
3013 5594 3082 5646 ad
3129 5592 3260 5662 ejus
3288 5595 3543 5647 Historia:
3578 5593 3810 5646 absolu~

2205 5667 2412 5719 tionem
2454 5667 2823 5723 convalescat,
2882 5679 3058 5732 eaque
3110 5664 3239 5724 sibi,
3276 5665 3503 5731 regique
3537 5664 3810 5717 Christia-

2206 5736 2438 5790 nissimo
2459 5751 2678 5803 semper
2693 5738 2945 5804 Augusto
2963 5745 3129 5804 atque
3154 5735 3375 5800 victori,
3405 5733 3593 5805 gloria:
3613 5748 3810 5800 omnu-

2207 5808 2321 5864 lum
2347 5817 2579 5877 quierat.
