4088 6304
207 350 278 413 73
1102 341 1388 404 ORATIO
1422 342 1523 404 IV.
1563 365 1628 392 ξ·-
1657 338 1740 400 ΙΝ
1779 339 2100 399 LAUDEM
2137 340 2201 399 S.
2242 337 2595 399 ANDREE.
3424 339 3498 403 74

208 474 363 522 τατος
392 453 704 529 βεϐιωκὼς,
731 454 795 507 τὸ
815 453 976 523 ἔργον
1005 453 1334 514 ,τετελείωκε
1384 448 1484 506 τοῦ
1520 447 1764 522 Χριστοῦ
1786 464 1801 479 ·

1930 461 2103 518 ongos
2124 462 2300 503 annos
2332 455 2616 518 protracta
2648 446 2787 515 vita,
2837 445 3050 504 Christi
3087 463 3232 519 opus
3263 464 3497 520 perege-

201 552 290 614 καὶ
316 549 489 613 αὐτὸς
539 546 638 618 μὲν
695 546 914 616 ἐσχάτῳ
956 545 1120 616 γήρει
1171 544 1234 598 τὺ
1264 544 1426 615 σῶμα
1468 537 1801 610 πεπονηκὼς

169 703 174 712 η
200 642 378 699 ἐπόθει
409 641 514 712 τὴν
533 637 820 704 ἀνάλυσιν,
840 637 1029 690 ὲκὰλει
1057 637 1115 690 δὲ
1133 636 1328 691 τοῦτον
1349 635 1558 691 ἄνωθεν
1578 637 1608 690 ὁ
1634 634 1803 704 ὑπερ-

164 717 454 806 1ουράνιος
511 728 773 801 Νυμφίας
825 727 963 797 πρὸς
1011 728 1247 788 ἑαυτόν
1292 715 1391 782 καὶ
1414 728 1446 781 ὀ
1469 726 1660 798 Πατὴρ
1687 725 1745 780 δὲ
1773 725 1803 780 ὁ

196 823 471 896 ὑπέρθεος
513 822 657 894 (12),
715 821 816 886 τὰς
841 820 1090 889 ἀγκάλας
1131 817 1500 891 ὑφηπλωκὼς,
1563 818 1646 884 είς
1675 819 1803 882 τοὺς

194 918 413 988 γάμους
457 914 824 988 προσεδέχετο
841 911 939 968 τοῦ
960 912 1326 980 Μονογενοῦς,
1355 912 1452 968 καὶ
1470 910 1551 967 -τδ
1576 910 1803 982 Πνεῦμα

196 1006 252 1061 δὲ
279 1010 339 1061 τὸ
373 1005 545 1078 ἅγιον
566 1008 823 1062 ὡδοποίει
850 1004 1032 1079 τούτῳ
1057 1007 1158 1078 τὴν
1179 1007 1368 1062 ἄνοδον
1386 1006 1487 1062 καὶ
1518 1005 1800 1062 κατίθυνε·

199 1100 228 1155 ὅ
253 1118 312 1155 τε
334 1098 581 1172 νυμφὼν
603 1101 757 1171 αὐτῷ
776 1098 853 1164 ὥς
874 1100 1142 1170 πανάγνῳ
1159 1099 1459 1167 παγκάλως
1480 1099 1804 1169 διηνέῳκτο,

200 1193 293 1247 καὶ
309 1194 367 1246 οι
391 1190 685 1263 Σεραφεὶμ
705 1190 807 1263 μὲν
828 1188 1111 1244 κύκλωθεν
1138 1189 1372 1253 ἑστῶτες
1393 1187 1497 1261 τὴν
1523 1188 1807 1260 τρισάγιον

204 1284 420 1338 ιιῐνεσιν
481 1282 827 1355 ἡρμόζοντοο
890 1281 942 1334 οἰ
1007 1280 1324 1352 Χερουδεὶμ
1353 1281 1431 1344 δὲ,
1471 1279 1552 1351 τῷ
1591 1281 1684 1333 ἐπὶ
1711 1278 1807 1333 τοῦ

211 1373 409 1444 θρόνου
445 1374 542 1443 τὴν
570 1372 729 1440 δόξαν
773 1370 1157 1441 εὐλογημένην
1202 1370 1584 1435 ἁνεσάλλοντο,
1631 1370 1727 1424 καὶ
1757 1369 1808 1423 οῖ

211 1465 412 1536 Θρόνοι
439 1464 575 1536 πρὸς
602 1463 895 1536 ὑποδοχὴν,
928 1463 1024 1516 καὶ
1050 1465 1223 1517 πᾶσαι
1248 1464 1305 1516 δὲ
1331 1463 1440 1515 τῶν
1463 1462 1733 1534 οὐρανίων
1752 1461 1811 1515 αῖ

217 1556 484 1627 Δυνάμεις
508 1554 589 1628 τῷ
614 1557 936 1625 τιμιωτάτῳ
969 1553 1065 1608 τοῦ
1105 1553 1242 1608 Θεοῦ
1272 1555 1427 1608 παιδὶ
1463 1553 1602 1626 πρὸς
1622 1552 1810 1621 δεξίω-

213 1662 296 1701 σιν
324 1644 814 1716 παρεσκευάζοντο
831 1659 849 1676 ·
901 1645 998 1698 καί
1025 1645 1077 1697 oi
1111 1645 1208 1715 μὲν
1235 1645 1345 1698 τῶν
1372 1645 1533 1718 ἱερῶν
1559 1645 1698 1699 νόων
1722 1643 1810 1698 ἐπ’

207 1736 370 1794 αὑτὸν
390 1736 687 1809 οὐρανόθεν
710 1738 830 1790 ἐκεῖ
863 1735 1309 1803 καταϐαίνοντες,
1329 1738 1381 1791 oi
1411 1736 1470 1790 δί
1489 1735 1814 1792 ἀναϐαίνον-

1906 549 1994 596 rat
2008 539 2088 606 ";
2133 555 2199 596 ac
2239 539 2481 612 quidem
2513 541 2634 613 ipse
2665 550 2911 596 extrema
2939 549 3226 597 senectute
3284 543 3506 598 defesso

1905 632 2489 703 corpusculo,solvene
2516 632 2775 705 cupiebat
2802 633 2906 700 "";
2935 633 3351 705 supercmlestis
3370 649 3505 690 vero

1908 719 2160 795 Sponsus
2209 741 2241 780 e
2291 725 2450 781 caelis
2491 725 2563 782 ad
2618 741 2680 782 se
2711 724 2947 783 vocabat
2976 742 2994 792 ;
3021 725 3284 797 omnique
3329 726 3508 799 major

1910 818 2118 875 deitate
2164 818 2329 874 Pater
2352 858 2368 885 ,
2406 819 2589 889 passis
2621 817 2771 876 ulnis
2820 818 2892 875 ad
2925 817 3228 889 ‘Unigenitl
3283 819 3508 890 nuptias

1908 911 2303 983 exspectabat;
2337 911 2434 967 sed
2451 920 2509 967 et
2529 911 2778 982 Spiritus
2805 920 3032 967 sanctus
3066 925 3360 966 ascensum
3380 925 3510 981 pro-

1910 1019 2075 1076 spere
2116 1003 2409 1060 muniebat
2443 1003 2665 1075 iterque
2711 1004 2989 1075 dirigebat
3043 1021 3059 1072 ;
3095 1003 3506 1075 thalamusque,

1912 1098 2071 1155 velut
2103 1097 2255 1154 omni
2289 1097 2548 1154 castitate
2585 1106 2805 1161 ornato,
2834 1097 3035 1153 decore
3063 1099 3217 1153 omni
3239 1097 3508 1168 patebat;

1912 1206 1980 1248 ac
2003 1190 2294 1262 Seraphim
2324 1191 2548 1262 quidem
2590 1190 2646 1246 in
2679 1190 2917 1246 circuitu
2951 1199 3165 1246 stantes
3191 1190 3351 1246 trinae
3380 1190 3507 1245 lau-

1911 1282 2154 1338 dationis
2164 1283 2440 1338 canticum
2452 1281 2716 1351 aptabant
2729 1282 2798 1346 ",
2826 1279 3131 1338 Cherubim
3147 1292 3281 1336 vero
3296 1280 3513 1336 sedenti

1917 1390 2090 1445 super
2117 1375 2382 1430 thronum
2421 1373 2772 1429 benedictum
2806 1373 3040 1445 gloriam
3085 1375 3342 1444 repetitis
3362 1374 3513 1430 voci.

1917 1465 2023 1520 bus
2051 1465 2426 1535 personabant
2457 1465 2561 1532 "l‘;
2595 1464 2920 1536 Thronique
2961 1464 3331 1537 susceptionis
3353 1481 3511 1537 ergo,

1917 1572 1986 1612 ac
2013 1557 2274 1613 caelestes
2321 1572 2517 1613 omnes
2564 1555 2874 1614 Potestates
2899 1600 2914 1623 ,
2969 1557 3041 1612 ad
3101 1558 3518 1614 nobilissimum

1919 1647 2020 1706 Dei
2053 1647 2320 1704 famulum
2347 1648 2632 1720 triumpho
2651 1648 3040 1720 accipiendum
3068 1660 3274 1721 paratas
3307 1658 3469 1706 erant
3495 1667 3512 1718 ;

1919 1745 2087 1809 atque
2165 1738 2283 1796 alia:
2336 1739 2561 1810 quidem
2609 1755 2895 1796 sacrarum
2945 1741 3219 1798 mentium
3276 1742 3346 1798 ad
3382 1758 3514 1799 eum

206 1848 322 1897 τες,
375 1832 533 1885 λείαν
586 1828 742 1901 αὐτῷ
787 1831 884 1884 καὶ
921 1828 1064 1900 ἄγαν
1115 1829 1350 1902 εὔπορον
1400 1831 1505 1904 τὴν
1545 1831 1811 1888 ἀνάϐασιν

1926 1831 2052 1887 illuc
2075 1846 2108 1887 e
2131 1830 2290 1888 ccelis
2318 1830 2747 1895 descendentes,
2775 1831 2899 1887 aliae
2941 1847 3075 1887 vero
3120 1833 3511 1902 ascendentes,

206 1923 596 1996 ἡτοιμάζοντο,
632 1921 743 1978 εδει
767 1921 957 1975 λοιπὸν
977 1921 1140 1975 αὑτὸν
1161 1923 1316 1977 κάτω
1342 1924 1405 1976 τὸ
1432 1924 1528 1978 τοῦ
1559 1926 1813 1997 σώματος

209 2014 437 2089 ἔλυτρον
481 2016 718 2086 ἀφέντα,
781 2015 923 2087 πρὸς
961 2021 1056 2071 τὸν
1117 2016 1446 2088 ὑπερούσιον
1503 2017 1814 2090 ἀσωμάτως

215 2110 532 2178 ἀναπτῆναι
556 2125 570 2138 ’
600 2109 699 2162 καὶ
746 2107 843 2162 τοῦ
892 2107 996 2176 τῆς
1042 2109 1248 2178 σαρκὸς
1289 2109 1499 2181 πάχους
1555 2111 1814 2183 ῥαγέντα,

219 2204 419 2272 γυμνῷ
448 2200 529 2272 τῷ
561 2199 838 2270 Πνεῦματι
869 2201 1008 2271 πρὸς
1027 2201 1089 2255 τὺ
1120 2202 1347 2273 Πνεῦμα
1367 2202 1628 2276 καθαρῶς
1662 2204 1820 2274 ἐνδη-

237 2294 382 2361 μεῖν.
408 2293 560 2346 Ἔδει
614 2295 797 2361 μεῖναι
841 2292 939 2361 τὴν
964 2293 1069 2364 γῆν
1102 2296 1195 2346 ἐπὶ
1237 2295 1364 2364 γῆς,
1417 2296 1498 2359 εἰς
1541 2296 1820 2365 ἁγιασμὺν

237 2382 505 2455 ἰωμένην
555 2386 622 2454 τῇ
676 2385 770 2454 γῇ,
805 2383 1011 2454 καὶτῆς
1041 2382 1210 2438 αὑτοῦ
1269 2385 1506 2450 πίστεως
1536 2385 1821 2458 ἐνέχυρον,

237 2470 305 2525 τδ
336 2472 479 2544 ἱερὸν
511 2474 710 2542 σκῆνος
745 2474 1058 2528 καταλιπεῖν
1106 2479 1221 2539 τοῖς
1277 2478 1516 2543 πιστοῖς,
1565 2476 1732 2530 αὑτὸν
1763 2477 1820 2532 δὲ

243 2562 447 2631 κοῦφον
469 2564 700 2638 ἀρθῆναι
723 2566 858 2638 πρὸς
884 2567 1134 2639 οὐρανὸν,
1157 2565 1236 2639 τῷ
1273 2569 1656 2641 ὑπερουρανίῳ
1695 2585 1821 2623 συνο

239 2655 514 2726 εσύμενον.

318 2832 478 2888 Ἀλλά
509 2832 565 2887 τί
591 2835 654 2887 τὸ
685 2833 786 2903 τῆς
815 2833 1132 2898 ἀναλύσεως
1162 2834 1395 2906 ὄργανον
1417 2852 1439 2903 ;
1465 2836 1730 2907 Σταυρδς,
1764 2793 1829 2889 τῦ

223 2927 454 2997 σημεῖον
480 2924 580 2980 τοῦ
615 2927 1062 2997 ἐσταυρωμένον,
1099 2928 1162 2981 τὸ
1206 2930 1488 2998 σκῆπτρον
1538 2926 1635 2982 τοῦ
1666 2929 1827 2999 Παμ-

219 3015 517 3083 εασιλάως,
549 3019 584 3082 ὴ
609 3017 738 3084 δόξα
758 3018 858 3072 τοῦ
880 3017 1150 3102 Χριστοῦ,
1184 3021 1244 3073 τὸ
1274 3019 1586 3092 ἄθραυστον
1605 3021 1829 3074 πάντων

1914 1921 2142 1994 planum
2177 1921 2446 1992 valdeque
2471 1921 2790 1992 expeditum
2819 1937 3112 1979 ascensum
3133 1923 3461 1982 muniebant
3492 1943 3515 1995 ;

1911 2014 2026 2086 jam
2065 2030 2305 2071 necesse
2341 2023 2462 2069 erat
2490 2023 2552 2069 ut
2584 2014 2782 2070 relicto
2817 2015 2875 2070 in
2911 2024 3060 2072 terra
3089 2018 3517 2088 corporisinvo—

1916 2107 2100 2172 lucro.
2126 2107 2196 2163 ad
2241 2107 2556 2164 substantia
2607 2108 2762 2164 omni
2812 2110 3079 2181 majorem
3123 2110 3378 2180 corporis
3417 2125 3519 2166 ex-

1916 2214 2050 2272 pers
2079 2198 2328 2255 evolaret
2347 2215 2364 2263 ;
2381 2200 2734 2271 abruptaque
2763 2201 2949 2256 carnis
2976 2200 3124 2256 mole
3145 2215 3212 2257 ac
3239 2200 3516 2264 crassitie,

1919 2289 2074 2347 nudo
2106 2290 2308 2363 spiritu
2332 2291 2400 2347 ad
2437 2289 2705 2362 Spiritum
2743 2306 2886 2362 pure
2921 2290 3244 2362 emigraret.
3277 2291 3520 2348 Necesse

1919 2388 2040 2438 erat
2062 2389 2126 2438 ut
2150 2390 2300 2438 terra
2330 2382 2389 2438 in
2421 2390 2574 2440 terra
2603 2391 2888 2448 manente,
2913 2381 3216 2454 futuraque
3235 2381 3328 2438 illa
3358 2390 3521 2439 terras

1924 2474 1983 2531 in
2008 2473 2525 2542 sanctiﬁcationem,
2571 2474 2830 2546 illiusque
2883 2474 3086 2551 pignus
3139 2472 3290 2540 ﬁdei,
3352 2490 3525 2531 sacrae

1926 2565 2177 2622 exsuviae
2203 2565 2463 2623 ﬁdelibus
2489 2567 2777 2632 cederent,
2804 2566 3033 2638 ipseque
3054 2566 3195 2623 levis
3227 2568 3284 2623 in
3317 2568 3524 2624 cmlum

1929 2656 2245 2731 tolleretur,
2270 2674 2397 2715 cum
2428 2673 2498 2716 eo
2529 2668 2876 2728 versaturus,
2917 2659 3016 2730 qui
3047 2659 3321 2716 excelsior
3375 2659 3522 2718 calo

1926 2757 2034 2804 est.

2001 2842 2294 2910 Quodnam
2366 2857 2502 2898 vero
2548 2825 2992 2917 sicvlemigrandi
3029 2852 3197 2916 atque
3267 2843 3523 2900 solvendi

1929 2950 2201 3007 organum
2243 2932 2390 2990 fuit?
2420 2927 2697 2990 Nimirum
2747 2951 2905 3001 crux,
2976 2937 3196 3008 signum
3248 2935 3523 3004 cruciﬁxi,

1931 3035 2218 3097 sceptrum
2254 3025 2640 3081 universorum
2681 3027 2868 3098 Regis,
2906 3025 3116 3084 Christi
3166 3027 3363 3099 gloria,
3397 3043 3528 3083 san-

221 3111 332 3166 τῶν
354 3111 534 3182 ἁγίων
564 3112 756 3165 ὅπλον.
788 3112 1053 3182 Σταυρὸς,
1080 3111 1273 3183 ὥσπερ
1298 3112 1531 3184 ὄργανον
1560 3114 1657 3184 μὲν
1689 3115 1822 3185 πρό-

1935 3124 2154 3173 ctornm
2173 3114 2423 3170 omnium
2452 3115 2790 3172 inviolabilis
2815 3126 3118 3173 armatura.
3161 3117 3331 3184 Crux,
3378 3118 3530 3175 sicut

222 3222 382 3278 τερον
405 3208 706 3263 θανατικδν
727 3207 809 3279 τῷ
837 3207 1012 3280 Ἰησοῦ
1039 3208 1176 3280 πρὸς
1198 3207 1308 3262 τῶν
1359 3206 1628 3262 Ἰουδαίων
1652 3224 1818 3260 κατα-

223 3297 576 3362 σκευασθεὶς,
606 3295 882 3369 σῦμδολον
909 3298 968 3352 δὲ
1006 3297 1154 3368 ζωῆς
1183 3297 1313 3369 παρ’
1331 3296 1496 3352 αὑτοῦ
1514 3302 1628 3360 τοῖς
1650 3298 1827 3367 ἁγίοις

225 3392 370 3447 πᾶσι
397 3391 578 3456 δοθείς
598 3407 614 3423 ⁶
656 3393 802 3447 οὕτω
838 3395 935 3446 καὶ
961 3391 1040 3464 τῷ
1074 3394 1386 3464 πιστοτάτῳ
1413 3392 1512 3447 τοῦ
1543 3395 1827 3466 ἐσταυρω-

237 3483 406 3552 μένον
462 3482 702 3554 Χριστοῦ
754 3484 998 3557 μαθητῇ,
1025 3485 1122 3540 τοῦ
1179 3486 1413 3540 θανάτου
1448 3486 1550 3558 μὶν
1594 3486 1828 3558 ὄργανον

241 3575 386 3646 πρὸς
417 3577 514 3630 τοῦ
553 3579 814 3646 Αἰγιάτου
853 3578 1251 3651 καταπηχθεὶς,
1307 3580 1490 3635 καὶτὸ
1512 3580 1708 3646 αίτιον,
1744 3581 1829 3634 ὅτι
1857 3576 1866 3585 ’

243 3669 312 3740 δὴ
337 3670 595 3739 γυναικὸς
623 3671 839 3743 ἠστόχει
872 3673 970 3726 καὶ
993 3670 1248 3742 ἀδελφοῦ,
1292 3673 1394 3744 τῆς
1459 3672 1709 3744 ’Δνδρέου
1737 3671 1830 3726 πί-

241 3777 420 3827 στεως
440 3763 534 3816 καὶ
555 3762 847 3837 θεηγορίας
869 3764 1196 3835 ἠρτημένων
1213 3778 1230 3795 ο
1259 3763 1404 3835 ζωῆς
1447 3763 1504 3819 δὲ
1556 3763 1734 3830 ξύλον,
1762 3764 1826 3817 οὐ

228 3853 579 3927 Μαξιμίλλῃ,
607 3857 705 3910 καὶ
733 3856 813 3927 τῷ
837 3855 1171 3928 Στρατοκλεῖ
1205 3859 1368 3926 μόνον
1387 3897 1403 3923 ,
1440 3857 1576 3912 ἀλλὰ
1601 3859 1694 3911 καὶ
1721 3855 1827 3911 πᾶ-

231 3960 351 4012 σαις
407 3946 554 4019 ὁμοῦ
600 3950 721 4012 ταῖς
757 3949 1025 4021 Πάτραις,
1071 3951 1166 4004 καὶ
1196 3951 1266 4024 τῇ
1303 3949 1499 4022 ’Δχαῖςι
1551 3949 1831 4022 σωτηρίας

235 4037 494 4102 ὑπόθεσις
519 4039 784 4107 γεγονώς.
1556 4050 1558 4052 '

303 4119 418 4174 Καὶ
458 4121 575 4192 γὰρ
607 4121 847 4192 ὑψωθεὶς
899 4123 930 4176 δ
960 4124 1338 4194 πρεσϐύτατος
1365 4124 1461 4178 επὶ
1508 4123 1604 4179 τοῦ
1634 4123 1826 4190 ξύλόυο

234 4209 331 4263 καὶ
350 4209 416 4263 οὐ
443 4211 898 4284 προσηλωμένος,
919 4214 1036 4269 ἀλλ’
1075 4214 1162 4284 ἐφ’
1200 4213 1440 4286 ἡμέραις
1478 4214 1628 4283 αὺτῷ
1659 4232 1829 4286 προσ.

230 4285 521 4370 ’δεδεμένος
539 4303 742 4368 τρισὶν,
768 4301 962 4375 ὥσπερ
987 4303 1096 4360 ἀπὸ
1123 4305 1359 4368 σκοπιᾶς
1393 4321 1540 4369 τινος
1576 4303 1612 4375 ἢ
1642 4285 1829 4374 ἀκρω-

254 4391 401 4461 ρείας
425 4395 553 4454 τοὺς
576 4395 939 4465 παρεστῶτας
976 4396 1125 4468 αὐτῷ
1155 4397 1322 4460 λαοὺς
1349 4395 1585 4470 ἐφορῶν,
1620 4397 1719 4451 καὶ
1759 4398 1833 4450 τὰ

1928 3207 2087 3278 prius
2116 3224 2147 3262 a
2183 3206 2391 3264 Judzis
2410 3208 2540 3264 Jesu
2565 3215 2774 3265 structa
2803 3209 2958 3264 velut
2993 3210 3187 3266 mortis
3235 3226 3526 3282 organum,

1930 3301 2259 3371 cunctisque
2283 3301 2354 3356 ab
2375 3315 2444 3356 eo
2460 3301 2667 3355 sanctis
2689 3300 2817 3356 data
2841 3309 3102 3371 tauquam
3125 3303 3253 3359 vitae
3267 3303 3485 3373 signum
3507 3319 3524 3370 ;

1929 3391 2012 3446 sic
2044 3402 2102 3447 et
2122 3391 2448 3448 ﬁdelissimo
2474 3391 2683 3448 Christi
2704 3391 2860 3447 cruci
2875 3391 3022 3448 aﬁixi
3047 3393 3346 3464 discipulo,
3370 3409 3524 3450 mor-

1930 3481 2004 3536 tis
2043 3496 2313 3550 organum
2367 3478 2689 3551 ahEgeate
2741 3480 2848 3536 ﬁxa
2878 3481 2993 3552 (ea
3043 3481 3259 3540 scilicet
3310 3484 3530 3540 ratione

1927 3574 2078 3646 quod
2105 3589 2278 3630 uxore
2298 3574 2580 3645 l'ratreque
2602 3570 2994 3641 frustraretur,
3020 3572 3091 3628 ab
3121 3572 3359 3630 Andreae
3388 3590 3529 3647 pen-

1929 3665 2196 3722 dentibus
2260 3665 2371 3722 ﬁde
2436 3666 2668 3737 ejusque
2718 3663 2926 3721 divinis
2988 3665 3366 3735 sermonibus)
3405 3681 3531 3736 quas

1928 3767 2118 3815 tamen
2145 3758 2353 3814 nedum
2380 3757 2695 3814 Maximilla:
2739 3763 2797 3810 et
2832 3754 3114 3821 Stratocli,
3153 3753 3254 3812 sed
3281 3764 3340 3812 et
3387 3770 3533 3812 cuu-

1930 3852 2037 3907 ctis
2063 3845 2883 3919 Patrarum'civihus,omnique
2899 3846 3120 3904 Achaia:
3141 3848 3337 3904 salutis
3363 3862 3535 3905 causa

1929 3943 2232 4000 exstiterit.

2001 4123 2267 4181 Sublatus
2296 4123 2444 4180 enim
2493 4123 2553 4178 in
2581 4137 2804 4178 crucem
2831 4129 3110 4194 provecta:
3139 4120 3318 4177 aetatis
3339 4134 3530 4188 senex,

1932 4233 2040 4273 nec
2072 4217 2156 4272 illi
2189 4217 2466 4283 conﬁxus,
2499 4214 2596 4270 sed
2647 4213 2819 4270 tridui
2853 4213 3036 4285 spatio
3060 4213 3338 4283 alligatus,
3374 4212 3532 4268 velut

1931 4324 1966 4364 e
1997 4307 2222 4378 specula
2265 4307 2602 4377 montisque‘
2627 4304 2836 4361 vertice
2876 4313 3120 4360 astantes
3175 4303 3411 4375 populos
3444 4303 3531 4357 in-

1937 4407 2125 4463 tuens,
2175 4397 2607 4466 sacratiorisque
2653 4393 2924 4451 doetrinte
2968 4393 3136 4449 verba
3183 4407 3526 4464 proponens,

253 4479 352 4550 τῆς
385 4486 766 4554 μυσταγωγίας
800 4487 1026 4558 ῥήματα
1066 4487 1414 4557 παρατιθεὶς,
1471 4487 1676 4558 σαρκὸς
1736 4481 1822 4557 μὲῆ

1940 4488 2272 4545 hortabatur
2289 4503 2514 4545 carnem
2542 4487 2853 4556 despicere,
2886 4485 3027 4543 nulli
3055 4489 3310 4554 corporis
3370 4485 3531 4541 volu-

251 4568 488 4642 παρῄνει
531 4575 898 4645 παραμελεῖνο
954 4576 1147 4648 ἡδονῆς
1172 4592 1234 4629 τε
1277 4573 1532 4646 σώματος
1564 4577 1834 4648 ἡττᾶσθαι

241 4659 543 4733 μηδεμιᾶς,
574 4665 712 4734 μηδέ
748 4682 806 4720 τι
839 4665 948 4719 τῶν
977 4666 1272 4738 ὁρωμένων
1304 4665 1644 4738 ῆλυομένων
1681 4666 1836 4732 ἄξιον

229 4754 495 4826 ἡγεῖσθαι
523 4756 766 4828 σπουδῆς
795 4770 810 4785 ·
845 4757 1016 4829 μόνης
1043 4757 1100 4812 δὲ
1125 4757 1304 4829 ψυχῆς
1330 4758 1426 4812 καὶ
1453 4758 1553 4828 τῆς
1584 4760 1705 4814 κατ’
1737 4763 1837 4813 αῦ-

219 4851 332 4922 τὴν
355 4849 804 4922 ἐνεργείας,-τῆς
833 4848 977 4903 κατά
1027 4848 1211 4902 πίστιν
1243 4848 1505 4920 ἀληθείας
1536 4849 1706 4920 φημὶ,
1733 4850 1836 4921 τῆς

222 4943 372 5011 πρὸς
426 4941 493 4995 τὸ
521 4941 633 4993 τῶν
666 4938 879 5006 ἐφετῶν
922 4940 1225 5007 ἀκρότατον
1259 4940 1589 5009 ὲκστατικῆς
1619 4928 1834 5008 ἀναγω-

221 5033 364 5104 γῆς,
396 5034 498 5087 καὶ
530 5031 856 5100 κοινωνικῆς
889 5031 1207 5104 ὁμοιότητος
1239 5032 1340 5087 καὶ
1395 5034 1695 5101 συναφείας
1720 5033 1838 5085 θεο-

224 5123 490 5193 λογικῆς,
523 5121 679 5194 πάσῃ
703 5122 933 5194 σπουδῇ,
962 5123 1117 5195 πάσῃ
1142 5125 1362 5194 μηχανῇ
1389 5122 1485 5176 καὶ
1513 5124 1677 5178 παντὶ
1710 5123 1834 5176 σθέ-

234 5234 319 5272 νει
347 5212 534 5288 χρεὼν
566 5214 754 5282 ἔλεγεν
772 5214 802 5266 ὁ
834 5210 1123 5285 θεόληπτος
1148 5213 1547 5282 ἐπιμελεῖσθαι.

1938 4579 2077 4652 ptati
2105 4595 2172 4634 ac
2199 4578 2423 4634 libidini
2453 4577 2675 4643 cedere,
2712 4577 2964 4647 nihilque
3004 4591 3202 4632 eorum
3228 4592 3352 4653 qua
3373 4575 3530 4632 cerni

1939 4670 2119 4726 oculis
2137 4677 2373 4740 possunt
2389 4677 2487 4724 aut
2517 4668 2825 4734 intereunt,
2840 4666 3012 4723 studii
3022 4666 3250 4738 dignum
3280 4667 3488 4722 ducere
3512 4683 3529 4732 ;

1939 4765 2142 4820 animm
2175 4761 2690 4833 duntaxatejusque
2715 4759 3056 4831 operationis
3083 4757 3354 4830 (veritatis
3381 4757 3533 4814 scili-

1942 4863 2034 4912 cet
2058 4854 2211 4924 ﬁdei)
2239 4853 2493 4910 exstatici
2542 4853 2613 4907 ad
2655 4867 2978 4922 supremum
3015 4865 3234 4916 eorum,
3274 4865 3399 4921 quas
3429 4849 3530 4904 de-

1947 4946 2181 5003 siderari
2211 4954 2464 5016 possunt,
2503 4945 2673 5000 animi
2693 4959 2980 5009 ascensus,
3012 4943 3293 5015 sociaeque
3330 4942 3533 4999 simili-

1947 5037 2160 5094 tudinis
2221 5052 2288 5091 ac
2341 5034 2756 5106 conjunctionis
2811 5035 3163 5106 theologicae,
3200 5035 3352 5089 omni
3403 5033 3537 5089 dili-

1944 5129 2148 5198 gentia,
2180 5136 2409 5196 arteque
2430 5140 2496 5181 ac
2519 5124 2741 5191 robore,
2763 5124 2970 5179 virDeo
2997 5124 3196 5194 plenus
3217 5122 3401 5178 aiebat
3433 5140 3536 5179 cu-

1938 5233 2061 5273 ram
2095 5217 2403 5273 habendam
2428 5231 2572 5274 esse.
3519 5225 3522 5228 ’

311 5401 357 5434 υ
384 5399 555 5457 Joau.
598 5413 733 5462 xvtt,
763 5398 815 5452 ι.
886 5394 968 5430 ³³⁸
994 5395 1138 5452 Phil.
1165 5411 1204 5461 ι,
1226 5396 1319 5451 23.
1392 5396 1440 5431 ”
1465 5398 1570 5454 lsa.
1609 5411 1683 5464 vr,
1719 5397 1774 5454 5.

1943 5398 2146 5456 Ezech.
2171 5416 2252 5463 Ill,
2283 5401 2372 5456 l2.

316 5561 434 5631 (12)
459 5561 526 5614 '0
553 5558 872 5631 ﬁxépﬂeqc:
899 5555 1067 5623 Quasi
1096 5573 1262 5631 supra
1287 5574 1454 5631 quam
1483 5557 1625 5631 Deus
1641 5576 1660 5624 ;
1682 5557 1847 5631 longe

316 5575 434 5631 (12)
461 5575 526 5614 *υ
553 5575 870 5640 ῡδςερσεος.
899 5575 1067 5623 υυθδι
1096 5575 1455 5684 umquam
1641 5576 1660 5624 ;
1682 5575 1844 5656 ιοιιεε

247 5632 524 5706 excedens
543 5625 822 5706 quidquid
839 5625 1064 5706 demum
1079 5626 1150 5682 de
1229 5698 1240 5706 _
1300 5642 1844 5706 concipiamus,51ve

251 5701 431 5758 deitas
467 5696 837 5769 intelligatur,
871 5706 936 5753 ut
972 5696 1030 5769 in
1073 5698 1276 5769 creatis
1316 5696 1545 5769 dicitur,
1572 5699 1842 5769 et_parti-

251 5770 553 5843 eipatione,
576 5765 696 5825 sive
717 5767 889 5825 etiam
913 5774 976 5822 ut
992 5765 1054 5821 in
1073 5765 1209 5832 Deo,
1231 5769 1311 5825 sic
1331 5784 1364 5825 a
1385 5767 1548 5825 nobis
1573 5765 1842 5825 aiﬁrmate

583 5864 868 5928 Panos.
914 5863 1036 5927 Gn.
1072 5861 1198 5927 CV.

1944 5574 2014 5614 ex
2045 5560 2269 5622 creatis,
2301 5567 2359 5614 et
2393 5570 2459 5616 ut
2479 5559 2701 5616 illorum
2733 5569 2930 5616 auctor
2953 5571 3060 5623 est.
3092 5562 3408 5620 intellecto:
3432 5580 3535 5627 cu~

1968 5628 2185 5684 usmodi
2208 5629 2454 5705 plura__in
2475 5631 2516 5686 Ι.
2540 5629 2619 5685 De
2648 5628 3167 5705 MysticaATltgologia
3187 5650 3206 5687 :
3232 5648 3344 5705 non
3365 5634 3536 5705 ὑπέρ-

1977 5714 2085 5771 εος,
2121 5699 2282 5771 quasi
2306 5699 2432 5755 aliis
2459 5699 2718 5771 personis
2745 5700 2921 5771 magis
2955 5699 3122 5765 Deus,
3164 5712 3261 5756 aut
3290 5704 3400 5761 illis
3427 5699 3526 5760 su-

1939 5767 2128 5840 perior
2139 5767 2418 5840 exsistat;
2444 5767 2595 5842 quod
2622 5777 2773 5828 esset
2800 5767 3043 5828 Arianici
3066 5771 3317 5827 l'urfuris.
3373 5819 3377 5822 .

3095 5864 3133 5927 3
