4086 6282
521 432 595 497 75
1736 431 2039 495 NICET/E
2077 431 2614 497 PAPHLAGONIS
3778 430 3851 494 76

593 544 770 619 llujus
799 543 964 602 unius
986 560 1152 616 quam
1170 545 1408 601 maxime
1435 544 1832 601 assumendam
1859 546 2132 602 sollicitu-

2319 546 2528 602 Τούτου
2569 546 2732 617 μόνον
2792 545 3105 618 φροντίζειν
3135 544 3238 600 ’δτι
3296 544 3536 614 μάλιστα.
3571 544 3683 600 δεῖν
3708 583 3726 610 ,
3773 545 3855 607 ὡς

520 636 732 706 dinem,
759 637 965 710 quippe
985 653 1116 694 cum
1131 636 1232 692 Dei
1250 653 1391 708 opus
1407 637 1480 692 sit
1493 637 1541 672 ”
1561 654 1579 706 ;
1605 637 1777 708 inque
1793 653 1860 694 eo
1883 637 2138 709 primitus

517 730 882 787 laborandum
901 750 916 799 ;
938 745 1132 787 omnes
1148 738 1334 787 autem
1352 739 1600 788 terrenas
1615 733 2015 802 possessiones,
2033 746 2136 786 ceu

519 821 723 890 fluxas,
762 824 1107 893 spernendus
1160 840 1286 882 esse
1320 844 1335 879 :
1367 826 1571 880 bonam
1618 825 1872 896 corporis
1910 823 2135 879 habitu-

517 914 729 982 dinem,
797 923 859 970 ut
907 931 1032 987 quae
1090 917 1210 988 ipsa
1257 916 1470 989 fragilis
1497 917 1588 983 sit,
1615 917 2134 982 contemnendam;

519 1006 822 1079 animoque
870 1008 1099 1064 virtutis
1159 1025 1327 1066 causa
1381 1010 1679 1065 laborante
1727 1010 2134 1067 connitendum

524 1102 751 1159 fortiter
813 1102 1339 1169 admonebat,.ncc
1393 1103 1689 1159 laboribus
1740 1103 2132 1159 fatiscendum.

516 1195 694 1252 Unam
726 1196 870 1251 scire
896 1205 1130 1251 mortem
1153 1197 1251 1268 qui
1296 1197 1372 1252 sit
1397 1197 1766 1267 philosophus
1786 1236 1800 1262 ,
1847 1205 2134 1266 peccatum

515 1285 734 1342 scilicet
761 1301 827 1341 ac
859 1286 1224 1356 impietatem.
1269 1287 1471 1343 Veram
1511 1287 1656 1342 hanc
1718 1295 1956 1342 mortem
2013 1302 2137 1342 esse

513 1393 705 1434 veram
737 1379 1002 1434 nimirum
1035 1380 1204 1434 vitam
1275 1379 1555 1451 ignorare,
1610 1379 1895 1448 animique
1943 1380 2137 1435 oculos

515 1471 800 1536 claudere,
846 1487 919 1528 ne
950 1471 1156 1528 Christi
1187 1472 1316 1528 ﬁdei
1343 1472 1517 1528 radiis
1536 1472 1954 1528 collustrantur.
1984 1471 2138 1527 Hanc

519 1563 872 1620 tremendam
907 1564 1280 1636 acerbamque
1302 1565 1485 1619 aiebat
1514 1573 1751 1619 mortem
1785 1580 1800 1631 ;
1833 1579 2000 1634 quam
2034 1578 2133 1618 au-

515 1666 628 1712 tem
674 1655 925 1712 inﬁdeles
965 1657 1225 1724 inferant,
1267 1658 1487 1714 eunetis
1525 1657 1841 1713 suaviorem
1895 1656 2134 1720 deliciis,

512 1749 758 1820 vitaeque
807 1765 1034 1805 causam
1093 1749 1516 1806 existimandam
1556 1763 1713 1815 esse,
1757 1757 1822 1805 ut
1861 1764 1986 1820 quae
2021 1747 2127 1820 ipsi

511 1842 676 1910 Viue,
707 1841 812 1914 ipsi
845 1842 983 1897 Luci
1006 1851 1174 1914 atque
1210 1844 1484 1898 luminum
1508 1842 1661 1898 Patri
1692 1842 1896 1910 (omnis
1927 1841 2137 1917 scilicet

2248 640 2413 712 ἔργον
2434 639 2782 705 καθεστῶτος
2813 638 2974 708 Θεοῦ,
3007 640 3103 694 καὶ
3138 638 3269 712 περὶ
3307 639 3467 692 τοῦτο
3497 637 3858 707 προηγουμέ-

2246 748 2356 796 νως
2384 733 2605 786 πονεῖνο
2638 732 2890 804 κτήσεως
2919 731 2978 787 δὲ
3017 731 3212 802 mlqu
3251 730 3459 798 πάσης,
3486 728 3562 794 ὡς
3594 728 3856 800 ῥεούσης,

2248 827 2564 898 ὺπερορᾷν·
2626 825 2929 889 εὐπαθείας
2992 824 3265 896 σώματος,
3321 823 3397 890 ὡς
3442 823 3504 876 οὐ
3555 821 3857 893 μενούσης,

2248 920 2617 992 ὑπερφρονεῖν
2639 936 2651 948 ·
2699 920 2795 974 καὶ
2823 917 3005 989 ψυχῆς
3027 918 3087 971 δὲ
3113 917 3258 988 ὑπὲρ
3291 915 3502 986 ἀρετῆς
3555 916 3858 984 πονούσης,

2245 1013 2598 1084 ἀνδρίζεσθαι
2649 1011 3020 1084 παρήγγελλε,
3043 1010 3142 1065 καὶ
3188 1009 3263 1081 μὴ
3295 1011 3586 1063 ἑκκακεῖψ
3625 1008 3862 1062 θάνατον

2245 1105 2302 1160 δὲ
2334 1106 2497 1176 μόνον
2540 1105 2740 1159 ειδέναι
2795 1104 3112 1175 φιλόσοφον,
3164 1103 3264 1175 τὴν
3295 1101 3576 1173 ἁμαρτίαν
3598 1100 3693 1154 καὶ
3719 1100 3859 1154 ἀσέ-

2247 1198 2424 1254 6ειαν.
2483 1199 2729 1254 Θάνατον
2775 1199 2969 1252 τοῦτον
3024 1195 3247 1267 ἀληθῆ,
3304 1196 3405 1267 τὴν
3471 1191 3649 1264 ἀληθῆ
3707 1192 3862 1262 ζωὴν

2244 1295 2483 1364 ἀγνοεῖν,
2504 1293 2601 1347 καὶ
2635 1291 2958 1363 μυωπάζειν
2978 1292 3108 1356 τοὺς
3133 1291 3233 1360 τῆς
3255 1288 3487 1358 καρδίας
3512 1285 3860 1356 ὀφθαλμοὺς,

2245 1388 2324 1451 ὡς
2351 1387 2427 1457 μὴ
2460 1387 2584 1450 ταῖς
2609 1387 2794 1440 ἀκτῖσι
2821 1385 2923 1454 τῆς
2954 1383 3196 1446 πίστεως
3235 1380 3688 1449 καταυγασθῆναι
3712 1378 3860 1447 Χρι-

2247 1478 2397 1533 στοῦ.
2431 1477 2605 1532 Τοῦτο
2643 1477 2877 1533 θάνατον
2910 1476 3152 1544 ἔφασκεν
3180 1469 3323 1528 εἶναι
3349 1471 3582 1544 φρικτὸν
3627 1469 3726 1522 καὶ
3761 1487 3862 1522 πι-

2245 1573 2380 1644 κρόν
2399 1589 2412 1604 ·
2453 1570 2545 1627 τὸν
2571 1570 2727 1642 παρὰ
2753 1567 2866 1622 τῶν
2904 1569 3156 1623 ἀπίστων
3188 1566 3244 1622 δὲ
3276 1565 3640 1635 ἐπαγόμενον,
3669 1561 3864 1632 πάσης

2246 1666 2381 1737 ἡδίω
2438 1661 2656 1734 τρυφῆς
2693 1660 2792 1715 καὶ
2838 1661 2987 1730 ζωῆς
3037 1659 3216 1714 αἴτιον
3264 1655 3545 1729 ἡγεῖσθαι,
3603 1655 3682 1718 ὡς
3711 1653 3861 1722 αὐτῇ

2247 1754 2600 1827 προσάγοντα
2617 1755 2686 1825 τῇ
2713 1751 2989 1822 αὐτοζωῇ,
3011 1749 3094 1822 τῷ
3108 1748 3410 1818 αὑτοφωτὶ,
3433 1746 3532 1802 καὶ
3547 1745 3625 1814 τῷ
3655 1743 3863 1814 φώτων

2246 1849 2457 1921 Πατριο
2491 1846 2574 1920 τῷ
2638 1845 2824 1914 πάσης
2875 1841 3189 1915 καλλοποιῷ
3240 1839 3532 1910 καλλονῆς,
3558 1837 3640 1910 τῷ
3668 1836 3864 1908 πάσης

513 1934 954 2005 pulchritudinis
1003 1935 1219 1991 auctori
1271 1933 1564 2004 omnisque
1602 1932 1872 1988 bonitatis
1895 1932 2132 2006 parenti)

2241 1937 2580 2008 ἀγαθὸτητος
2611 1933 2954 2006 ἀγαθοποιῷ.

511 2026 824 2091 admoveat,

584 2117 666 2174 Ne
698 2120 884 2190 igitur,
909 2119 1031 2188 ﬁlii,
1066 2135 1252 2173 eorum
1277 2136 1442 2174 causa
1462 2119 1815 2190 indignemini
1840 2120 1933 2191 qui
1959 2120 2130 2173 inter-

516 2210 714 2264 imunt.
747 2209 892 2264 Nam
950 2219 999 2262 et
1038 2211 1193 2264 inviti
1223 2210 1391 2264 vitam
1412 2209 1740 2275 conciliant;
1785 2217 1836 2264 et
1881 2225 2000 2264 cum
2034 2209 2131 2265 ιω-

513 2301 640 2354 dere
695 2300 1031 2354 arbitrentur
1061 2340 1076 2365 ,
1128 2299 1440 2368 beneﬁcium
1515 2307 1830 2372 prastant:
1877 2309 2126 2372 putantes

514 2389 705 2444 honori
731 2389 1032 2451 detrahere,
1079 2387 1335 2442 honorem
1389 2386 1739 2444 accumulant
1774 2390 2131 2444 :existiman-

514 2498 591 2537 res
621 2483 850 2554 afﬂigere
907 2491 1063 2551 atque
1109 2496 1366 2536 (erumna:
1397 2487 1643 2535 auctores
1667 2497 1778 2536 esse
1799 2522 1815 2545 ,
1860 2481 1931 2536 ad
1951 2498 2133 2538 verum

515 2593 578 2631 ac
599 2592 877 2648 nunquam
932 2574 1174 2645 diffluens
1224 2574 1483 2645 gaudium
1569 2573 1966 2631 transmittunt.
2013 2574 2134 2629 Non

529 2670 697 2739 igitur
720 2667 849 2720 mihi
879 2664 1121 2720 maeroris
1177 2682 1351 2720 causa
1379 2672 1428 2719 et
1458 2665 1697 2720 tristitia:
1745 2666 2018 2735 animique
2039 2664 2136 2718 do-

529 2759 682 2822 loris,
715 2759 921 2828 injusta
944 2759 1055 2811 hcec
1112 2758 1423 2812 existimata
1454 2759 1744 2813 sententia.
1777 2757 1934 2812 Esset
2005 2757 2137 2812 mihi

519 2857 681 2925 plane
729 2851 887 2908 valde
923 2853 1148 2906 molesta
1183 2869 1248 2907 ac
1273 2853 1460 2915 tristis,
1493 2869 1557 2907 ac
1589 2868 1712 2908 vere
1734 2853 1922 2906 mortis
1946 2868 2132 2915 causa,

523 2948 790 3018 siquidem
803 2946 959 3016 justa
977 2951 1136 3000 esset.
1171 2941 1228 2998 Si
1250 2943 1564 3016 deprehensi
1610 2960 1846 2998 essemus
1881 2943 2136 3014 facinoris

516 3039 639 3101 rei;
664 3037 711 3091 si
747 3052 843 3090 nos
866 3033 1084 3108 ngeati
1107 3041 1276 3088 morte
1315 3035 1500 3105 dignos
1526 3034 1963 3089 exhibuissemus.
1983 3031 2139 3088 Nunc

509 3138 694 3184 autem
715 3144 899 3183 veram
918 3129 1104 3194 vitam,
1122 3127 1291 3182 vitam
1341 3125 1608 3192 stabilem,
1626 3125 1969 3198 ineffabilem,
2002 3124 2140 3178 inte-

518 3229 814 3285 meratam,
863 3237 1028 3290 quam
1057 3217 1224 3274 oculis
1249 3218 1503 3284 uidimus,
1523 3218 1770 3272 manibus
1790 3216 2140 3272 contrectaui-

516 3315 708 3378 mus";
731 3313 881 3384 cujus
901 3316 1015 3384 ipso
1035 3311 1112 3369 rei
1123 3308 1619 3382 periculopirtutem
1641 3308 2000 3380 cognovimus,
2016 3323 2138 3362 cum

516 3406 922 3472 annuntiemus,
967 3407 1289 3474 cunctosque
1336 3401 1498 3474 (quod
1543 3408 1854 3456 nostrarum
1898 3402 2139 3472 partium

514 3497 614 3568 est)
638 3497 760 3551 boni
779 3496 947 3552 socios
971 3510 1243 3550 assumere
1266 3493 1825 3563 studeamus,eiusque
1855 3491 1935 3547 rei
1955 3495 2139 3564 gratia

517 3589 580 3643 in
606 3587 740 3643 talia
769 3587 1095 3653 incidamus,
1122 3602 1230 3642 non
1243 3586 1425 3641 delicti
1449 3602 1635 3657 poenas
1661 3584 1880 3650 luimus,
1907 3584 2001 3640 sed
2023 3583 2140 3640 cla-

518 3665 778 3737 rescimus
811 3697 832 3745 ;
866 3696 975 3733 non
1005 3680 1284 3751 punimur,
1309 3679 1403 3734 sed
1425 3693 1707 3734 servantur
1736 3693 1757 3744 ;
1787 3691 1884 3730 nec
1908 3677 1990 3746 (ut
2018 3678 2137 3748 quis

516 3770 814 3845 putauerit)
840 3777 1012 3825 morte
1050 3770 1333 3841 aﬂicimur,
1365 3769 1458 3824 sed
1477 3770 1590 3824 vita
1615 3767 1885 3823 donamur
1899 3767 1972 3822 ”.
1991 3766 2136 3834 Quid

526 3851 686 3919 enim
725 3863 816 3917 vir
869 3861 1210 3928 fortissimus
1257 3860 1484 3917 virtutis
1529 3873 1698 3916 causa
1760 3856 1966 3931 injuria
1993 3857 2161 3915 affici

515 3968 583 4009 ac
606 3951 888 4020 cruciari,
939 3951 1264 4024 philosophi
1319 3967 1490 4008 sensu
1535 3952 1906 4015 existimaret,
1965 3965 2133 4022 quam

516 4046 819 4120 justiﬁcari
855 4061 922 4103 ac
967 4045 1279 4103 coronari?
1307 4045 1454 4112 Quid
1509 4061 1646 4102 vero
1677 4045 1809 4103 Jcsu
1868 4059 2039 4101 causa
2076 4043 2134 4099 in

515 4154 744 4196 crucem
764 4137 852 4212 agi
897 4152 964 4194 ae
988 4137 1269 4205 interimi,
1313 4153 1484 4210 quam
1512 4138 1626 4193 vita
1675 4154 1742 4194 ac
1773 4137 1982 4193 deitate
2026 4153 2131 4193 au-

514 4232 756 4304 gerizac
777 4231 923 4288 sicut
958 4229 1220 4302 supplicii
1253 4231 1564 4302 mortisque
1592 4229 1987 4295 similitudine,
2049 4229 2132 4284 sic

516 4323 786 4380 claritatis
831 4323 1099 4379 societate
1120 4323 1174 4378 ei
1204 4321 1476 4394 copulari,
1512 4337 1577 4377 ac
1607 4337 1734 4378 cum
1769 4338 1837 4378 eo
1880 4323 1936 4376 in
1964 4329 2130 4378 aeter-

516 4431 652 4472 num
683 4430 937 4486 regnare.

593 4505 774 4574 Atque
825 4504 947 4560 haec
996 4503 1227 4575 quidem
1286 4502 1356 4558 ad
1414 4501 1635 4573 plebem
1673 4520 1689 4558 :
1727 4503 1836 4559 sibi
1873 4519 2006 4558 vero
2045 4505 2132 4559 vir

2301 2121 2402 2189 Μὴ
2443 2116 2556 2176 οὖν
2589 2119 2690 2174 ἐπὶ
2726 2117 2852 2184 τοῖς
2884 2116 3266 2185 ἀναιροῦσιν,
3300 2108 3350 2169 ὦ
3383 2112 3587 2177 τέκνα,
3621 2108 3860 2175 δυσχε-

2224 2215 2483 2283 ραίνειν.
2513 2211 2794 2275 Ἀκοντες
2821 2207 2936 2279 τὰρ
2953 2205 3311 2269 ζωοποιοῦσι
3328 2220 3342 2232 °
3369 2202 3468 2256 καὶ
3493 2201 3728 2256 κακοῦν
3746 2219 3861 2255 νο-

2226 2304 2520 2376 μίζοντες,
2577 2302 2960 2372 εὐεργετοῦσι
2980 2315 2994 2329 ’
3050 2299 3152 2353 καὶ
3180 2295 3435 2368 ἀτιμοῦν
3457 2296 3741 2364 οἰόμενοι.
3769 2311 3860 2348 τι-

2227 2397 2388 2468 μῶσι
2410 2417 2425 2430 ο
2454 2395 2554 2451 καὶ
2585 2396 2814 2452 θλίϐειν
2841 2393 3191 2464 ἡγοιῖομενοι,
3223 2392 3375 2460 πρὸς
3397 2386 3859 2458 τὴναληθινὴν

2234 2490 2338 2545 καὶ
2359 2489 2700 2558 ἆρῤευστον
2723 2483 3194 2555 παραπέμπουσι
3223 2480 3691 2552 χαράν.οῦκουν
3720 2477 3857 2547 ἐμοὶ

2234 2583 2598 2652 δυσθυμίας,
2619 2583 2732 2636 οὐκ
2751 2580 2948 2645 ἀνίας,
2974 2577 3118 2633 οὐδὲ
3145 2578 3352 2644 λύπης
3377 2573 3557 2636 αἰτία,
3581 2572 3621 2639 si
3641 2571 3854 2638 ἄδικος

2235 2678 2388 2747 αὕτη
2419 2675 2775 2748 νομιζομένη
2807 2667 3160 2743 κρίσις.“Ἠν
3192 2669 3273 2724 ἄν
3299 2687 3424 2739 μοι,
3458 2666 3676 2736 φησιν,
3697 2665 3852 2735 σφό-

2236 2769 2350 2837 δρα
2377 2770 2646 2835 λυπηρὰ,
2683 2765 2794 2819 καὶ¹
2815 2764 3003 2831 ὄντως
3026 2761 3290 2818 θανάτοιν
3319 2760 3639 2830 πρόξενος,
3678 2756 3849 2824 ειπερ

2237 2858 2480 2925 ἔνδικος
2511 2853 2592 2929 ἦν
2611 2874 2623 2887 ·
2648 2858 2701 2911 εὶ
2731 2854 3213 2924 κακουργοῦντες
3231 2853 3502 2921 ἑάλωμεν
3520 2866 3534 2881 ο
3565 2852 3616 2904 el
3636 2850 3846 2912 ἀξίους

2237 2948 2493 3015 ἑαυτοὺς
2513 2948 2788 3004 θανάτου
2816 2945 2898 3012 τῷ
2912 2945 3165 3014 Αὶγεάτῃ
3202 2942 3706 3014 παρεστήσαμενο
3732 2939 3839 2995 νῦν

2238 3041 2307 3095 δὲ
2344 3039 2500 3108 ζωὴν
2525 3037 2749 3109 ἀληθῆ,
2774 3037 2928 3106 ζωὴν
2948 3038 3268 3108 μένουσαν
3295 3036 3581 3106 ἄρρητον,
3619 3031 3696 3101 ἢν
3724 3030 3830 3095 τοῖς

2240 3131 2573 3202 ὀφθαλμοῖς
2601 3130 2967 3200 ἑωράκαμεν,
3009 3128 3138 3193 ταῖς
3187 3126 3404 3196 χερσὶν
3438 3121 3842 3195 ἐψηλαφήσα-

2149 3240 2207 3294 ἠ
2240 3240 2353 3294 μεν
2370 3238 2385 3254 ⁸
2420 3217 2498 3292 ἧς
2514 3221 2615 3276 διὰ
2643 3221 2857 3289 πείρας
2884 3217 3232 3290 ἐγνώκαμεν
3254 3216 3370 3284 τὴν
3390 3215 3671 3283 δύναμιν,
3706 3211 3847 3264 ταύ-

2240 3332 2356 3384 την
2375 3311 2912 3385 εὐαγγελιζόμενοι,
2935 3311 3030 3364 καὶ
3051 3310 3421 3378 ,ϐουλόμενοι
3436 3305 3670 3369 πάντας
3697 3303 3851 3357 ὅσον

2240 3407 2334 3477 ἐφ’
2364 3405 2533 3476 ἡμῖν,
2569 3404 2677 3459 τοῦ
2703 3403 2932 3476 ἀγαθοῦ
2961 3400 3172 3457 λαϐεῖν
3204 3397 3555 3465 κοινωνοὺς,
3592 3394 3694 3450 καὶ
3725 3412 3849 3449 τοι-

2242 3501 2444 3564 ούτοις
2473 3499 2936 3568 περιπίπτοντες
2957 3495 3035 3549 δι’
3058 3493 3277 3563 αὐτὴν,
3313 3493 3384 3546 οὐ
3414 3490 3848 3560 τιμωρούμεθα.

2240 3590 2606 3661 δοξαζόμεθα
2663 3590 2766 3644 δέο
2819 3589 2893 3643 οὐ
2942 3585 3328 3656 κολαζόμεθα,
3384 3580 3692 3651 σωζόμεθα
3757 3580 3849 3633 δέ’

2239 3682 2371 3738 οὐδ’
2395 3683 2476 3749 ὡς
2507 3681 2588 3736 ἄν
2609 3699 2702 3748 τις
2734 3679 3050 3743 ὑπολάϐοι,
3071 3677 3504 3746 θανατούμεθα,
3543 3672 3850 3742 ζωούμεθα

2239 3774 2328 3831 δέ.
2359 3774 2424 3830 Τί
2455 3775 2567 3847 γὰρ
2596 3774 2660 3827 τὸ
2689 3773 2831 3844 ὑπὲρ
2863 3773 3069 3841 ἀρετῆς
3101 3770 3409 3825 ἀδικεῖσθαι
3443 3768 3540 3820 καὶ
3582 3765 3854 3837 τιμωρεῖ-

2242 3868 2368 3923 σθαι
2412 3869 2441 3921 ὁ
2475 3866 2859 3938 ἀνδρειότατος
2888 3863 3227 3933 ἐφιλοσόφει,
3275 3860 3391 3914 ἀλλ’
3423 3859 3458 3930 ἦ
3498 3858 3850 3911 δικαιοῦσθαι

2239 3962 2333 4015 καὶ
2365 3957 2767 4030 στεφανοῦσθαι
2796 3976 2810 4025 ;
2870 3957 2937 4011 TE
2965 3957 3021 4010 δὲ
3056 3956 3118 4008 τὸ
3148 3955 3290 4024 ὑπὲρ
3319 3955 3417 4024 τῆς
3451 3950 3633 4020 Ἰησοῦ
3685 3950 3851 4023 δόξης

2238 4050 2612 4121 σταυροῦσθαι
2659 4052 2759 4104 καὶ
2787 4045 3138 4121 νεκροῦσθαι,
3197 4044 3312 4099 ἀλλ’
3365 4044 3399 4116 ἢ
3457 4040 3848 4106 ζωοποιεῖσῡαι

2235 4143 2334 4198 καὶ
2376 4141 2636 4197 Θεοῦσθαι
2655 4159 2670 4175 ·
2709 4143 2806 4195 καὶ
2837 4140 3030 4209 ὥσπερ
3075 4142 3145 4212 τῇ
3176 4137 3462 4209 ὁμοιότητι
3485 4133 3583 4189 τοῦ
3608 4134 3844 4196 πάθους,

2232 4234 2376 4288 οὕτω
2402 4237 2500 4290 καὶ
2518 4238 2584 4306 τῇ
2609 4234 2870 4307 κοινωνξᾳ
2886 4234 2987 4304 τῆς
3007 4233 3167 4302 δόξης
3187 4230 3557 4302 συμφύεσθαι,
3582 4228 3682 4281 καὶ
3706 4245 3834 4298 συμ-

2235 4326 2547 4380 ϐασιλεύειν
2569 4326 2720 4398 αὐτῷ
2747 4327 2826 4389 εἰς
2849 4326 2977 4389 τοὺς
3005 4325 3244 4388 αἰῶνας;

2303 4502 2416 4555 Καὶ
2443 4502 2623 4556 ταῦτα
2652 4501 2751 4571 μὲν
2779 4501 2919 4573 πρὸς
2949 4501 3013 4554 τὸ
3057 4500 3268 4571 πλῆθος
3292 4517 3310 4532 ο
3344 4499 3542 4553 ἑαυτοῦ
3580 4499 3640 4553 δὲ
3675 4499 3845 4553 πάλιν

516 4599 701 4669 reipsa
731 4596 1181 4668 sapientissimus
1238 4595 1612 4663 incumbens,
1642 4604 1811 4665 atque
1850 4595 1918 4651 ad
1969 4612 2120 4662 eum,

2241 4596 2256 4648 i
2283 4593 2361 4665 τῷ
2395 4594 2509 4647 ὄντι
2539 4592 2986 4664 φιλοσοφώτατος
3030 4594 3342 4664 γινόμενος,
3375 4595 3472 4647 καὶ
3499 4593 3638 4662 πρὶς
3662 4593 3755 4644 τὸν
3783 4595 3846 4645 ἐν

515 4705 682 4760 quem
712 4687 771 4743 in
795 4703 855 4744 se
885 4695 1205 4743 manentem
1240 4686 1502 4751 habebat,
1526 4700 1846 4741 sermonem
1886 4701 2121 4742 eonver»

516 4792 664 4846 lens,
697 4780 939 4846 Gratias,
959 4779 1165 4850 inquit,
1212 4795 1313 4850 ago
1349 4778 1462 4841 tibi,
1489 4794 1607 4832 mea
1637 4776 1883 4850 uoluptas
1909 4795 1973 4833 ac
2010 4779 2128 4851 glo-

513 4875 708 4939 riatio,
741 4887 863 4927 mea
893 4870 1181 4925 exsultatio
1237 4886 1302 4925 ac
1329 4868 1611 4934 exultatio,
1666 4887 1785 4925 mea
1835 4870 1928 4925 lux
1955 4911 1972 4937 ,
2009 4888 2127 4926 mea

515 4971 769 5034 potestas,
815 4976 933 5017 mea
955 4977 1174 5026 corona,
1227 4977 1348 5016 mea
1371 4963 1709 5024 substantia,
1744 4977 1864 5016 mea
1880 4961 2126 5027 claritas,

516 5074 636 5112 mea
681 5055 898 5127 gratia,
955 5068 1150 5109 nomen
1189 5050 1578 5120 desiderabile,
1633 5053 1979 5124 divinumque
2026 5069 2122 5108 no-

511 5163 658 5202 men.

581 5236 807 5294 Eratias
849 5235 968 5301 tibi,
998 5235 1148 5302 Iesu,
1213 5236 1338 5291 uiue
1373 5251 1524 5302 mele,
1564 5251 1695 5293 mete
1747 5236 2115 5308 respirationi,

513 5331 627 5384 atto
696 5327 871 5384 cordis
939 5327 1045 5382 mei
1104 5327 1317 5395 sensui,
1361 5328 1552 5384 mentis
1613 5343 1747 5384 mete
1776 5329 2115 5400 gloriationi,

511 5435 672 5495 quem
694 5419 792 5474 Dei
821 5435 1006 5474 amore
1036 5437 1160 5476 amo
1193 5437 1295 5492 quo
1325 5421 1436 5490 frui
1459 5420 1616 5477 liceat
1641 5429 1850 5478 eterna
1873 5420 2121 5492 volupta-

519 5525 614 5580 te;
649 5529 809 5585 quem
838 5513 1026 5582 habeo,
1060 5531 1218 5586 quem
1236 5515 1379 5583 sitio,
1400 5515 1489 5570 cui
1516 5516 1650 5583 vivo,
1684 5530 1749 5569 ac
1779 5515 1867 5570 cui
1892 5531 2013 5569 sum
2034 5513 2123 5569 al-

521 5606 736 5676 ligatus,
776 5614 827 5660 et
854 5604 926 5661 ad
958 5622 1119 5678 quem
1138 5621 1333 5677 urgeor
1361 5606 1744 5678 provehorque,
1770 5623 1834 5662 ac
1878 5613 2124 5662 contente

523 5695 788 5755 contendo.

771 5905 826 5941 ιι.
850 5902 926 5954 Vl,
954 5886 1045 5942 29.
1121 5887 1168 5920 "
1198 5886 1220 5942 l
1247 5885 1406 5942 Joan.
1438 5902 1477 5954 ι,
1499 5885 1552 5941 2.

2228 4684 2379 4758 αὐτῷ
2439 4687 2673 4756 μένοντα
2720 4686 2814 4739 τὸν
2869 4685 3030 4755 λόγον
3089 4685 3440 4757 ποιούμενος,
3480 4683 3852 4753 Εὐχαριστῶ

2226 4792 2350 4842 σοι,
2383 4778 2541 4846 φησι,
2575 4774 2642 4829 τὸ
2697 4774 2848 4845 ἐμὸν
2874 4777 3227 4847 ἐντρύφημα
3260 4777 3362 4832 καὶ
3405 4777 3846 4844 καλλὼπισμα,

2225 4867 2295 4922 τὸ
2331 4867 2482 4938 ἐμὸν
2508 4868 2858 4939 ἀταλλίαμα
2883 4868 2986 4923 καὶ
3019 4869 3259 4940 ὕψωμα,
3302 4869 3386 4946 τὸ,
3409 4869 3559 4938 ἐμὸν
3583 4867 3734 4936 φῶς,
3773 4867 3851 4920 τὸ

2226 4960 2375 5029 ἐμὸν
2397 4958 2639 5028 κράτος,
2669 4960 2735 5014 τὸ
2761 4959 3128 5030 στεφάνωμα
3151 4962 3217 5015 τὸ
3243 4961 3414 5031 ἐμὸν,
3435 4963 3476 5030 ἡ
3509 4964 3660 5033 ἐμοῦ
3682 4981 3860 5037 περι-ο

2227 5054 2433 5119 ουσία,
2465 5054 2502 5123 ἠ
2525 5051 2640 5123 ἐμὴ
2670 5051 2845 5118 δόξα,
2870 5053 2911 5121 ἠ
2937 5051 3111 5123 χάρις
3138 5049 3177 5121 ἡ
3201 5053 3338 5123 ἐμὴ,
3378 5053 3448 5108 τὸ
3471 5057 3858 5125 ἐπιπόθητον

2229 5145 2442 5214 ὄνομα,
2483 5142 2552 5198 τὸ
2586 5143 2870 5213 θεάρχιον
2893 5143 3105 5214 ὄνομα.

2297 5231 2654 5305 Εὐχαριστῶ
2705 5249 2828 5297 σοι,
2885 5233 3116 5303 Ἰησοῦ,
3163 5233 3240 5304 τῇ
3266 5233 3383 5306 ζ’ωῇ
3403 5253 3549 5306 μου,
3585 5236 3665 5307 τῇ
3693 5239 3853 5294 ἀνα-

2226 5325 2388 5395 πνοῇ
2412 5344 2556 5396 μου,
2606 5324 2689 5391 τῷ
2718 5325 3072 5396 γαυριάματι
3124 5327 3240 5398 τῆς
3280 5328 3532 5398 καρδίας
3575 5348 3724 5399 μου,
3763 5333 3854 5400 τῷ

2228 5417 2574 5490 καυχήματι
2597 5416 2712 5487 τῆς
2735 5417 3009 5483 διανοίας
3023 5437 3166 5490 μου,
3213 5417 3288 5477 οὗ
3312 5420 3426 5488 ἐρῶ
3459 5423 3610 5477 Θεοῦ
3639 5424 3848 5492 ἔρωτι,

2230 5505 2303 5566 οὗ
2336 5510 2599 5579 ὀναίμην
2653 5512 2873 5576 αιωνίῳ
2926 5511 3152 5581 τρυφῇ,
3197 5512 3271 5566 ὃν
3297 5512 3434 5583 ἔχω,
3467 5515 3542 5569 ὃν
3563 5514 3746 5586 διψῶ,
3789 5513 3851 5585 ὦ

2232 5600 2326 5664 ζ’ὤ,
2377 5603 2477 5655 καὶ
2506 5595 2556 5668 ᾧ
2598 5601 2874 5673 τδέδεμαι,
2912 5603 3014 5658 καὶ
3050 5606 3202 5674 πρὸς
3255 5605 3330 5661 ὃν
3381 5606 3692 5679 ἐπείγομαι
3732 5609 3846 5667 καὶ

2232 5693 2549 5764 ᾶηίτομαι,
2589 5695 2685 5750 καὶ
2718 5699 3179 5765 συντεταμένως
3204 5700 3608 5766 ἀνιιτείνομαι.
