4086 6282
500 459 572 523 79
1711 461 2006 521 NICET/E
2042 463 2577 525 PAPHLAGONIS
3723 468 3800 533 80

502 568 716 643 primus
773 568 1016 640 pronuui
1075 568 1397 624 testimonio
1454 569 1776 634 didicisses,
1834 581 2091 642 totusque

2201 589 2288 636 τος
2313 573 2408 626 τοῦ
2459 570 2835 643 νυμφαγωγοῦ
2898 576 3018 636 ταῖς
3076 573 3409 644 μαρτυρίαις
3442 573 3798 643 ἐπεγνωκὼς,

500 662 685 717 statim
715 661 1005 716 cbaritatis
1054 660 1236 716 modis
1285 662 1610 718 vulneratus
1651 678 1823 726 esses,
1863 681 1926 719 ac
1973 669 2095 736 ejus

499 775 731 829 prorsus
767 767 964 830 captus
989 759 1306 825 dulcedine,
1338 758 1602 828 cervique
1627 758 1685 813 in
1731 758 1958 812 modum
2002 758 2093 813 siti

503 848 741 902 maxima
775 857 829 902 te
857 848 936 902 illi
986 847 1354 919 adjunxisses,
1383 862 1449 903 ac
1493 847 1648 902 vitali
1671 848 1836 902 latice
1881 848 2095 903 aﬂatim

502 949 724 1011 potatus
752 951 917 1013 atque
962 941 1273 997 inebriatus
1326 956 1498 1007 esses,
1525 955 1590 996 ex
1611 943 1734 1012 ejus
1758 941 1816 996 in
1877 952 1930 996 te
1968 943 2095 1012 pin-

502 1033 761 1106 guedinis
785 1033 1133 1089 abundantia
1166 1034 1356 1104 plures
1390 1033 1703 1100 inebriasti,
1763 1044 2096 1106 torrensque

502 1125 805 1196 voluptatis
840 1126 1100 1197 gentibus
1128 1126 1319 1181 multis
1339 1125 1601 1182 exstitisti
1620 1125 1687 1192 ”,
1710 1124 1914 1196 quibus
1941 1127 2097 1183 velut

503 1232 702 1290 aquam
727 1219 959 1273 multam
979 1219 1324 1288 operientem
1371 1218 1547 1274 maria
1585 1217 1794 1275 Christi
1836 1219 2094 1275 notitiam

503 1313 746 1368 ubertim
780 1313 1046 1368 eructasti
1064 1310 1168 1367 ³⁸⁸.

573 1404 758 1471 Salve,
787 1404 938 1475 quod
967 1405 1142 1474 ipsam
1175 1404 1307 1461 Jesu
1341 1404 1540 1460 faciem
1591 1405 1787 1461 videre
1817 1405 2092 1470 meruisti,

501 1500 735 1570 ipsoque
753 1497 1124 1570 gubernatore
1150 1507 1266 1553 tum
1297 1498 1556 1570 spiritali,
1592 1508 1708 1555 tum
1744 1499 1894 1569 quod
1915 1497 2089 1554 ‘sensu

504 1590 831 1661 percipitur,
886 1590 1182 1662 enavigato
1242 1590 1405 1655 mari,
1453 1599 1621 1661 atque
1660 1591 1730 1645 ad
1766 1590 2094 1645 crudivoras

501 1691 694 1755 gentes
718 1681 1022 1754 profectus,
1057 1697 1172 1737 non
1195 1683 1264 1738 ab
1292 1685 1373 1738 eis
1407 1683 1705 1739 devoratus
1753 1698 1835 1748 es,
1859 1683 1958 1738 sed
1997 1698 2096 1738 eos

502 1775 725 1832 Christo
750 1786 955 1831 venatu
986 1776 1183 1847 cepisti
1218 1795 1233 1842 ;
1268 1792 1370 1831 nec
1391 1777 1460 1831 ab
1491 1776 1573 1832 eis
1606 1783 1972 1846 consumptus
2006 1789 2090 1841 es,

500 1867 596 1925 sed
632 1876 689 1922 et
741 1866 1048 1922 latitantem
1081 1868 1136 1921 in
1169 1867 1252 1921 eis
1303 1867 1600 1922 draconem
1630 1866 1915 1937 peremisti
1940 1882 1955 1920 :
1984 1866 2092 1920 mi-

501 1954 804 2026 randisque
826 1955 1094 2025 operibus
1138 1952 1193 2008 in
1228 1964 1514 2024 stuporem
1560 1969 1749 2025 agens,
1777 1967 2093 2025 cogensque

499 2045 570 2101 ad
599 2045 819 2101 Domini
855 2045 1040 2112 ﬁdem,
1070 2045 1347 2101 Ecclesias
1375 2044 1600 2101 Christo
1624 2045 1876 2102 erexisti.

572 2218 734 2276 Salve
755 2219 852 2283 sis,
902 2206 1153 2275 cruciﬁxi
1213 2221 1497 2287 cruciﬁxe,
1523 2222 1807 2279 benedicti
1858 2223 2091 2281 benedi-

499 2323 610 2382 cte,
628 2314 974 2372 dilectissimi
994 2313 1378 2381 dilectissime,
1404 2315 1682 2387 discipule
1718 2328 1776 2372 et
1806 2333 2010 2388 praeco,
2034 2326 2093 2375 et

501 2408 750 2479 apostole
782 2408 1145 2477 ministerque
1174 2394 1584 2475 divinissime;
1629 2409 1952 2480 angelorum
1993 2411 2092 2466 de-
2138 2413 2142 2416 ’

500 2514 623 2564 cus,
655 2500 1035 2570 apostolorum
1059 2497 1214 2552 ﬁrma
1248 2498 1416 2564 basis,
1439 2502 1762 2554 sanctorum
1799 2498 2093 2557 fulcimen-

502 2601 644 2656 tum,
675 2591 936 2646 Ecclesiaa
984 2589 1407 2646 fundamentum
1431 2601 1488 2646 et
1514 2591 1711 2663 gloria.
1790 2616 1793 2617 ν

571 2682 755 2747 Salve,
787 2690 846 2736 et
874 2681 1087 2737 exsulta
1110 2682 1269 2735 valde
1297 2683 1353 2736 in
1377 2681 1604 2738 Christo
1625 2682 1778 2750 Jesu,
1807 2683 1902 2755 qui
1937 2683 2092 2740 velut

499 2775 557 2830 in
610 2789 780 2831 curru
807 2761 1124 2830 Cherubico
1155 2774 1211 2828 iu
1239 2786 1292 2828 te
1339 2774 1676 2844 requiescit;
1705 2790 1773 2831 ac
1827 2783 2091 2848 tanquam

497 2877 704 2924 nostra!
764 2867 946 2940 gentis
1008 2867 1290 2937 apostolus
1323 2907 1338 2932 ,
1399 2869 1704 2939 patriaeque
1739 2869 1995 2924 tutelaris
2025 2886 2092 2926 ac

499 2969 727 3016 curator
759 3001 774 3025 ,
816 2959 1122 3015 clementer
1188 2973 1321 3030 rogo
1381 2970 1438 3014 et
1501 2959 1836 3014 miseranter
1888 2969 2092 3016 nostra:

498 3065 720 3122 quoque
772 3049 1105 3111 humilitatis
1156 3049 1474 3118 miserere;
1517 3051 2089 3123 benignissimumque

497 3140 719 3197 Patrem
791 3147 947 3196 tuum
1026 3156 1091 3196 ac
1161 3140 1338 3197 Deum
1411 3155 1652 3196 exorans
1694 3182 1710 3206 ,
1768 3142 1838 3197 ad
1906 3143 2087 3213 ipsum

495 3233 660 3288 nobis
713 3235 861 3288 viam
928 3232 1130 3304 dirige,
1191 3245 1254 3289 ut
1339 3249 1408 3288 ex
1464 3236 1594 3302 ejus
1675 3235 1933 3290 doctrina
1988 3252 2088 3291 ex-

497 3338 606 3396 que
628 3324 970 3396 judiciorum
999 3325 1228 3395 iustitiae
1256 3325 1567 3382 rationibus
1600 3327 1878 3396 iuculpate
1923 3344 2092 3398 super

498 3425 706 3474 terram
757 3419 1093 3482 conversati,
1120 3419 1369 3473 omnium
1403 3418 1537 3492 Regi
1567 3419 1811 3486 Christo,
1836 3431 1888 3478 te
1920 3423 2096 3478 inter-

498 3525 748 3579 cessore,
778 3527 908 3568 cum
948 3513 1124 3583 gloria
1167 3516 1489 3584 praesentari
1533 3531 1892 3582 mereamur;
1928 3532 2097 3586 quem

495 3601 657 3659 decet
679 3603 861 3659 omnis
881 3605 1076 3675 gloria,
1100 3606 1302 3670 honor,
1322 3607 1593 3673 adoratio,
1628 3624 1737 3663 una
1783 3625 1910 3664 cum
1934 3611 2098 3665 Patre

491 3704 551 3751 et
601 3695 813 3766 Spiritu
845 3707 1058 3766 sancto,
1109 3714 1260 3755 nunc
1303 3711 1363 3756 et
1405 3715 1659 3771 semper,
1686 3709 1744 3756 et
1772 3702 1828 3755 in
1895 3703 2096 3758 saecula

491 3789 824 3845 seculorum
861 3792 1058 3846 Amen.

1113 4075 1376 4132 ORATIO
1416 4077 1481 4131 ν.

563 4181 828 4243 Laudatio
853 4189 1029 4244 sancti
1067 4199 1118 4244 et
1144 4190 1548 4316 célebbzatissimi
1579 4194 1807 4264 apostoli
1831 4195 2019 4250 Jacobi

1205 4279 1233 4316 e
1269 4280 1296 4316 e
1335 4279 1421 4316 an.

1205 4279 1421 4319 eaeam.

572 4371 733 4430 Haud
760 4374 837 4430 ita
866 4377 1086 4446 pridem
1117 4379 1280 4436 vivus
1304 4396 1408 4437 nos
1438 4397 1583 4438 verae
1604 4384 1918 4456 Theotogiae
1944 4387 2088 4451 fons,

496 4468 796 4538 mysticum
827 4469 1098 4527 Paraclcti
1133 4474 1464 4539 tonitruum,
1496 4477 1771 4532 concinna
1815 4495 1880 4533 ac
1919 4495 2090 4536 suave

549 4617 606 4664 ’⁸ο
641 4631 782 4690 Psal.
811 4630 1026 4699 xxxv,9
1069 4632 1150 4667 m‘
1182 4632 1285 4686 isa.
1306 4646 1383 4692 ιι,
1408 4632 1462 4688 9.

2199 665 2429 726 καὶτοῖς
2452 663 2551 732 τῆς
2570 663 2797 733 ἀγάπης
2821 662 3042 734 μέτροις
3067 663 3231 727 εὐθὺς
3251 665 3370 727 ὅλος
3394 665 3797 734 κατατρωθεὶς,

2198 759 2294 808 xa‘t
2321 756 2668 827 κατακράτος
2692 753 2793 825 τῆς
2818 753 2986 808 αὑτοῦ
3013 753 3353 826 γλυκύτητος
3385 756 3666 826 ἡττηθεὶς.
3703 759 3802 813 καὶ

2197 846 2348 916 αύτῷ
2374 847 2577 919 τρόπον
2603 848 2807 916 ἐλάφου
2834 846 3250 919 διψητικώτατα
3287 848 3678 919 προσδραμὼν,
3703 851 3804 902 καὶ

2195 939 2307 995 τῶν
2337 938 2570 1012 ζωτιρῶν
2590 941 2852 1011 ναμάτων
2872 939 3244 1012 ἀναπλησθείς
3270 957 3331 992 τε
3363 942 3457 993 καὶ
3482 941 3800 1010 μεθυσθεὶς,

2198 1031 2264 1084 ἐκ
2291 1029 2387 1084 τοῦ
2417 1030 2861 1103 περισσεύματος
2889 1031 2988 1101 τῆς
3022 1033 3080 1083 ἐν
3122 1031 3206 1084 σοὶ
3239 1031 3497 1101 πιότητος
3525 1030 3804 1100 ὲμέθυσας

2198 1124 2466 1189 πολλούς·
2527 1126 2624 1179 καὶ
2678 1125 3021 1196 χειμάρρους
3057 1124 3273 1196 τρυφῆς
3331 1125 3512 1177 ἔθνεσι
3565 1123 3804 1191 γέγονας

2197 1218 2416 1282 πολλοῖς
2437 1258 2452 1285 ,
2479 1210 2564 1281 οἷς
2593 1215 2783 1288 ὥσπερ
2809 1217 2953 1288 ὕδωρ
2984 1217 3120 1270 πολὺ
3143 1215 3567 1270 κατακαλύπτον
3598 1217 3805 1270 θαλάτ-

2199 1326 2321 1374 σας,
2345 1309 2444 1379 τὴν
2476 1308 2679 1378 γνῶσιν
2704 1308 3028 1378 κατακόρως
3057 1305 3419 1378 ἐναπηρεύξω
3455 1306 3718 1375 Χριστοῦ.

2269 1405 2480 1474 Χαῖρε,
2536 1404 2619 1456 ὅτι
2674 1403 2771 1473 τῆς
2824 1401 3260 1471 αὑτοπροσὼπου
3304 1402 3433 1462 θέας
3464 1400 3561 1454 τοῦ
3620 1399 3802 1470 Ἰησοῦ

2197 1496 2563 1563 καταξιωθεὶς
2585 1538 2600 1558 ,
2638 1494 2741 1566 τήν
2779 1511 2839 1547 τε
2875 1493 3076 1564 νοητὴν
3107 1493 3408 1556 θάλασσαν,
3454 1491 3552 1545 καὶ
3584 1491 3684 1561 τὴν
3715 1494 3805 1544 αι-

2200 1587 2404 1659 σθητὴν
2438 1586 2529 1640 ὑπ’
2559 1585 2713 1655 αὐτῷ
2737 1586 3050 1656 κυὸερνήτῃ
3076 1584 3344 1646 διατελεῖς,
3382 1585 3478 1637 καὶ
3506 1585 3616 1646 τοῖς
3651 1583 3805 1650 ὠμο-

2200 1681 2397 1749 φάγοις
2425 1679 2536 1733 τῶν
2555 1679 2863 1749 ἀνθρώπων
2894 1679 3204 1749 ἐπιδημῶν,
3226 1681 3289 1732 ού
3319 1676 3676 1748 κατεϐρώθης
3707 1675 3805 1729 ὑπ’

2198 1769 2404 1836 αὐτῶν,
2437 1769 2552 1823 ἀλλ’
2588 1768 2913 1839 ὲζώγρησας
2959 1770 3035 1837 τῷ
3090 1766 3343 1838 Χριστῷ·
3373 1767 3435 1819 οὑ
3477 1765 3804 1837 κατηναλῶ-

2199 1867 2320 1935 θης,
2352 1865 2445 1920 τὸν
2475 1862 2870 1936 ἐμφωλεύοντα
2915 1862 2974 1916 δὲ
3022 1861 3234 1923 τούτοις
3251 1859 3534 1931 δράκοντα
3566 1858 3801 1922 ἀνεῖλεςο

2197 1959 2399 2023 αὐτοὺς
2433 1957 2512 2020 δὲ.
2551 1956 2880 2028 θαυμασίοις
2909 1957 3094 2026 ἔργοις
3121 1955 3418 2025 ὲκστήσας,
3452 1953 3547 2006 καὶ
3573 1952 3652 2022 τῷ
3683 1953 3802 2004 Κυ-

2199 2053 2303 2124 ρίῳ
2337 2051 2618 2106 πιστεύειν
2647 2050 2989 2118 ἀναγκάσας,
3017 2047 3317 2120 ἐκκλησίας
3346 2047 3636 2118 ἀνεστήσω
3657 2047 3801 2117 Χρι-

2199 2142 2331 2214 στῷ.

2267 2235 2442 2307 Χαῖρὲ
2476 2252 2590 2306 μοι,
2626 2234 3010 2304 ἔσταυρωμένε
3038 2231 3134 2286 τοῦ
3156 2232 3577 2304 ἐσταυρωμένον
3596 2248 3615 2264 ο
3647 2230 3805 2284 εὐλο-

2197 2327 2407 2398 γημένε
2431 2325 2524 2379 τού
2554 2325 2752 2396 εὐλογη
2764 2325 2924 2394 μένου
2945 2342 2961 2356 ο
3000 2324 3332 2394 ἡγαπημὲνε
3380 2323 3474 2376 τοῦ
3501 2325 3691 2392 ἠγαπη
3702 2323 3803 2394 μέ.

2195 2436 2310 2483 νου,
2346 2417 2566 2489 μαθητὰ
2600 2417 2696 2470 καὶ
2724 2415 2903 2486 κήρυξ
2950 2415 3046 2469 καὶ
3085 2413 3354 2470 ἀπόστολε
3377 2456 3394 2481 ,
3424 2415 3522 2468 καὶ
3552 2413 3800 2469 fleti-rate

2195 2511 2480 2583 λειτουργέ
2501 2529 2516 2543 ο
2557 2511 2618 2564 τὸ
2649 2509 2759 2563 τῶν
2807 2508 3059 2579 ἀγγέλων
3109 2508 3391 2580 ὡράῖσμα,
3439 2507 3498 2560 τὸ
3520 2503 3629 2558 τῶν
3660 2509 3804 2560 ἀπο-

2197 2601 2400 2654 στόλων
2436 2600 2638 2670 ῐόρυμα
2658 2641 2673 2664 ,
2706 2597 2814 2652 τῶν
2841 2597 3014 2666 ἁγίων
3065 2598 3372 2668 στήριγμα,
3401 2595 3497 2647 καὶ
3527 2594 3630 2663 τῆς
3669 2592 3804 2647 Ἑκ-

2195 2693 2426 2763 κλησίας
2460 2691 2743 2763 ἑδραίωμα
2775 2690 2871 2744 καὶ
2906 2684 3298 2759 καλλώπισμα.

2266 2786 2440 2854 Χαῖρε
2481 2785 2577 2837 καὶ
2615 2783 2850 2850 ἀγαλλία
2888 2781 3095 2853 σφόδρα
3133 2783 3193 2834 ὲν
3220 2780 3442 2852 Χριστῷ
3487 2779 3690 2851 Ἰησοῦ,
3722 2778 3802 2850 τῷ

2195 2874 2387 2946 ὥσπερ
2419 2875 2478 2927 ἐν
2509 2874 2718 2944 ἅρματι
2753 2872 3067 2943 Χερουθεὶμ
3097 2870 3576 2940 ὲπαναπαυομένῳ
3603 2872 3662 2922 ὲν
3693 2869 3798 2923 σοί·

2195 2969 2292 3023 καὶ
2324 2968 2400 3030 ὡς
2425 2967 2519 3020 τοῦ
2549 2966 2671 3020 καθ’
2699 2964 3056 3035 ἡμᾶςέθνους
3087 2963 3408 3028 ἀπόστολος,
3442 2965 3540 3016 καὶ
3595 2979 3794 3031 προγο-

2194 3059 2345 3122 νικδς
2369 3057 2812 3128 ὑπερασπιστὴς,
2854 3055 2949 3108 καὶ
2981 3053 3059 3112 ὡς
3113 3054 3386 3123 πατρικὸς
3442 3052 3788 3122 ἀντιλήπιωρ

2193 3152 2288 3205 καὶ
2302 3152 2431 3218 κηδε
2441 3149 2974 3222 μὼν,εὺσπλάγχνως
2994 3146 3188 3217 δέομαί
3207 3164 3300 3200 σου
3322 3147 3414 3200 καὶ
3435 3147 3615 3216 οἰκτιρ
3622 3143 3799 3214 μόνως

2195 3245 2290 3295 καὶ
2347 3243 2445 3312 τῆς
2492 3241 2769 3312 ἡμετέρας
2825 3239 3220 3305 ταπεινότητος
3265 3240 3537 3308 μέμνησο,
3583 3234 3802 3289 καὶτὸν

2199 3335 2404 3403 ἀγαθόν
2434 3350 2528 3386 σου
2561 3331 2786 3402 Πατέρα
2815 3333 2920 3408 καὶ¹
2959 3330 3094 3385 Θεὸν
3145 3329 3435 3393 δυσωπῶν,
3469 3327 3806 3383 κατεύθυνον

2201 3429 2335 3499 ἡμῖν
2360 3425 2461 3495 τὴν
2489 3424 2607 3478 ὁδὸν
2633 3425 2769 3496 πρὸς
2790 3423 2973 3487 αὐτὸν,
2999 3422 3087 3476 ἵνα
3119 3421 3264 3476 κατὰ
3291 3422 3384 3474 τὸν
3411 3420 3570 3488 λόγον
3605 3419 3805 3485 αὑτοῦ,

2199 3518 2390 3572 καὶτὰ
2435 3517 2684 3588 κρίματα
2737 3517 2838 3587 τῆς
2881 3515 3235 3585 δικαιοσύνης
3285 3512 3535 3584 ἀμώμως
3565 3512 3663 3566 ἐπὶ
3701 3512 3809 3581 τῆς

2199 3609 2304 3678 γῆς
2333 3606 2812 3677 πολιτευσάμενοι,
2863 3603 3297 3674 καταξιωθῶμεν
3325 3602 3405 3674 τῷ
3460 3600 3811 3673 παμϐασιλεῖ

2198 3701 2286 3754 διὰ
2313 3698 2409 3751 σοῦ
2439 3697 2873 3769 προσενεχθῆναι
2904 3696 3043 3767 μετὰ
3071 3694 3254 3764 δόξης,
3280 3692 3538 3765 Χριστῷ·
3585 3685 3630 3761 ᾧ
3663 3692 3806 3762 πρέ-

2197 3807 2292 3843 πει
2319 3792 2467 3844 πᾶσα
2499 3788 2650 3855 δόξα,
2676 3790 2811 3860 τιμὴ
2839 3789 2936 3842 καὶ
2958 3786 3354 3860 προσκύνησις,
3384 3785 3501 3856 ἅμα
3516 3785 3598 3855 τῷ
3621 3783 3808 3854 Πατρὶ

2195 3885 2292 3936 καὶ
2321 3884 2400 3953 τῲ
2427 3885 2569 3953 ἁγίῳ
2593 3884 2895 3954 Πνεύματι,
2911 3882 3009 3937 νῦν
3036 3882 3132 3935 καὶ
3155 3880 3268 3947 ἀεὶ,
3291 3881 3388 3934 καὶ
3409 3883 3490 3945 εἰς
3515 3881 3648 3944 τοὺς
3670 3879 3810 3934 aith

2191 3992 2290 4038 νας
2317 3973 2429 4027 τῶν
2462 3972 2700 4028 αἰώνων.
2743 3974 2939 4044 Ἀμήν.

2802 4084 3026 4138 ΛΟΓΟΣ
3065 4085 3144 4137 Ε’.

2195 4200 2432 4268 Εἰς-’τὸν
2467 4201 2642 4272 ἅγιον
2669 4200 2764 4254 καὶ
2799 4194 3570 4272 παζεύῖςςημρνιάπόᾳτ-ολον
3603 4193 3811 4248 Ἰάκω-

2545 4275 2655 4327 ϐον
2683 4275 2791 4326 τὸν
2818 4269 2926 4323 τοῦ
2956 4265 3284 4321 Ζεϐεδαίου
3315 4265 3452 4335 (llo).

2261 4387 2464 4460 Πρὼην
2496 4388 2597 4459 μὲν
2623 4388 2771 4458 ἡμᾶς
2797 4389 2832 4459 ὴ
2887 4385 3040 4451 ζῶσα
3090 4383 3190 4453 τῆς
3217 4381 3481 4451 ἀληθινῆς
3512 4377 3805 4448 θεολογίας

2191 4482 2368 4553 πηγὴ,
2398 4484 2432 4550 ἡ
2470 4479 2710 4552 μυστικὴ
2760 4478 2858 4532 τοῦ
2893 4477 3262 4548 Παρακλήτου
3297 4472 3522 4545 βροντὴ,
3558 4474 3594 4542 ἡ
3635 4476 3804 4546 ἐναρ-

561 4788 676 4861 (14)
720 4790 866 4846 Sunt
911 4790 1163 4864 quaedam
1217 4808 1284 4864 ex
1337 4793 1660 4862 Evangelio,
1713 4810 1891 4863 exque
1942 4796 2084 4850 libro
2117 4800 2162 4854 D
2191 4806 2397 4859 essent,
2453 4811 2517 4850 ac
2565 4809 2665 4864 per
2709 4809 2830 4849 eam
2867 4795 3035 4850 etiam
3081 4795 3433 4864 occasionem
3485 4790 3610 4846 aliis
3664 4793 3806 4848 locis

487 4862 728 4935 Acutum
758 4861 1188 4935 apostolicorum
1235 4863 1305 4917 de
1342 4861 1548 4918 Iacobo
1577 4861 1862 4932 explora—ta
1886 4909 1901 4930 ,
1937 4881 2086 4935 quae-

489 4931 618 5004 dam
644 4929 876 5004 vero'de
895 4931 1054 5004 illius
1086 4934 1251 5004 rebus
1274 4935 1443 5002 gestis
1473 4943 1599 4988 ante
1631 4929 2088 5004 passionem'am-

487 5001 692 5076 bigu_a_:
728 5002 798 5076 de
844 4999 1086 5055 adventu
1134 4999 1350 5076 scilicet
1398 4999 1861 5076 inrHisp'aniam,
1904 5008 2085 5076 deque

487 5071 906 5146 prtedicatione,
954 5087 1084 5146 nunt
1133 5074 1518 5146 solisJudazis
1563 5071 2084 5146 pradicaveritfau

487 5141 657 5215 etiam
696 5142 975 5215 gentibus.
1013 5143 1094 5215 ill.
1134 5145 1318 5198 anna].
1352 5155 1509 5215 pater
1543 5141 1598 5200 in
1643 5147 1812 5210 notis,
1839 5149 1930 5200 vix
1961 5156 2082 5200 tan-

485 5213 612 5266 dem
641 5212 1004 5287 acquiescens
1031 5212 1601 5287 dicentibus‘venisse
1640 5217 1697 5271 in
1738 5216 2083 5287 Hispaniam,

486 5296 591 5362 nec
625 5297 746 5362 rem
771 5282 910 5337 adeo
932 5284 1228 5362 absurdam
1255 5286 1461 5362 videri,
1479 5297 1540 5362 ut
1563 5303 1674 5342 non
1694 5282 2088 5362 decoquipos-

487 5353 581 5416 sit,
620 5352 786 5423 modo
819 5368 888 5408 ne
922 5355 1090 5410 etiam
1120 5357 1380 5423 gentibus
1404 5357 1688 5413 Christum
1723 5352 2083 5414 annuntiasse

485 5422 1001 5497 existimetur,_sed
1058 5422 1407 5482 solummodo
1459 5428 1704 5494 Iudaeis;
1751 5438 1909 5497 putat
1951 5437 2084 5482 tunc

485 5495 737 5615 potuisse
769 5495 983 5559 venire.
1013 5513 1138 5552 cum
1172 5498 1315 5554 facta
1344 5506 1431 5554 est
1469 5513 1666 5569 magna
1701 5495 1792 5552 ill'a
1822 5499 2083 5552 Hieroso—

509 5577 649 5615 vmis
681 5568 996 5615 persecutio
1027 5569 1290 5615 Stenhani
1320 5570 1490 5615 mede-
1511 5569 1734 5615 nnamln
1763 5577 1820 5615 et
1842 5569 2082 5615 disnersi

509 5564 649 5632 ymis
681 5568 996 5638 persecutio
1027 5569 1292 5638 Stephani
1320 5570 1490 5632 crede,
1511 5564 1734 5638 quando
1763 5577 1820 5622 et
1842 5569 2083 5636 dispersi

487 5634 690 5709 omnes
713 5634 972 5709 discipuli
1018 5634 1456 5708 per—Samariam
1497 5634 1554 5692 et
1585 5637 1889 5703 Galilaeam,
1927 5634 2088 5709 exce-

489 5704 599 5772 ptis
620 5704 908 5780 apostolis,
927 5704 1034 5777 qui
1049 5719 1108 5762 ut
1126 5709 1308 5780 gregis
1329 5711 1531 5780 arietes
1550 5724 1614 5761 ac
1638 5710 1867 5780 reliquis
1897 5704 2089 5780 fortio-

491 5789 583 5847 res
617 5775 730 5832 illic
777 5775 1179 5840 remanserant.
1226 5775 1288 5833 ut
1320 5781 1401 5834 sic
1439 5775 2086 5847 dispersam—Ecclesiam

490 5844 1120 5920 denuocongregarent.
1145 5850 1294 5904 Nihil
1315 5850 1464 5920 enim
1493 5844 1646 5920 vetat
1669 5847 1838 5902 etiam
1872 5849 2088 5920 aliquos

493 5918 774 5984 apostolos
805 5918 1150 5988 discessisse,
1181 5921 1277 5991 qui
1318 5919 1423 5990 ipsi
1461 5919 1543 5974 sic
1579 5918 1848 5988 dispersis
1889 5919 2088 5975 solatio

2189 4867 2473 4921 Christum
2504 4863 2990 4935 ev’augelizarent;
3023 4867 3178 4919 velut
3206 4865 3374 4935 etiam
3411 4863 3660 4917 Auanias
3693 4865 3808 4918 Da-

2193 4937 2386 4997 masci,
2420 4937 2626 5006 aliique
2655 4934 2793 4988 aliis
2837 4935 3000 4989 locis.
3031 4935 3236 5006 Verum
3285 4934 3401 4987 sive
3441 4942 3577 5006 tunc
3623 4949 3809 5006 eaque

2191 5007 2506 5067 t'mcasimze,
2536 5003 2664 5060 sive
2707 5015 2898 5075 postea
2934 5005 3250 5078 atque‘alia
3285 5018 3394 5057 non
3429 5003 3591 5078 satis
3639 5003 3810 5078 nobis

2193 5089 2344 5140 nota,
2397 5078 2534 5131 nihil
2580 5074 2732 5131 vetat
2768 5074 3184 5130 sanctissimum
3233 5074 3543 5144 apostolum
3595 5075 3808 5127 adiisse

2195 5147 2540 5215 Hispaniam,
2576 5150 2781 5210 utejus
2816 5146 3080 5200 Ecclesia:
3113 5145 3349 5200 suadent
3390 5155 3758 5199 monumenta
3787 5161 3802 5206 ;

2191 5218 2387 5270 eodem
2416 5218 2532 5272 fere
2569 5217 2833 5270 instinctu
2859 5231 2972 5284 quo
2999 5217 3202 5272 Paulus
3240 5223 3467 5285 postea:
3513 5222 3573 5267 ut
3601 5220 3805 5284 nempe

2192 5289 2415 5348 ludatis,
2449 5303 2688 5356 quorum
2712 5289 2914 5356 ingens
2945 5287 3106 5341 turba
3142 5303 3209 5340 ex
3241 5285 3411 5356 priori
3445 5285 3804 5356 dispersione

2197 5373 2296 5425 per
2347 5355 2641 5425 Hispanias
2691 5355 3052 5412 disseminata
3102 5368 3244 5416 erat.
3281 5355 3569 5422 Evangelii
3616 5355 3803 5409 lucem

2195 5426 2448 5481 inferret.
2479 5427 2536 5480 Id
2570 5437 2722 5482 certe
2775 5427 2934 5479 trimo
2980 5428 3302 5498 satagebant
3332 5425 3595 5493 apostoli.
3639 5439 3804 5478 antc-

2195 5513 2356 5550 uuam
2408 5498 2463 5550 in
2515 5507 2706 5550 centes
2737 5445 3143 5550 dividerentur.
3177 5498 3371 5550 eisoue
3420 5510 3484 5546 ex
3539 5495 3801 5549 instituto

2190 5513 2356 5566 quam
2408 5498 2463 5552 iu
2515 5507 2706 5567 gentes
2737 5495 3143 5559 dividerentur,
3177 5498 3371 5564 eisque
3420 5510 3484 5546 ex
3539 5495 3801 5567 instituto

2197 5565 2431 5632 (relictis
2481 5565 2687 5622 Judaeis
2745 5577 2806 5621 ut
2865 5567 3250 5635 pervicacibus
3304 5573 3475 5632 atque
3551 5565 3801 5634 indignis

2194 5635 2402 5692 Christi
2439 5641 2692 5692 munerel
2718 5638 3000 5692 Christum
3037 5638 3440 5706 praedicarent;
3477 5645 3538 5688 ut
3581 5637 3800 5690 scilicet

2196 5718 2358 5778 antea
2389 5707 2446 5761 in
2485 5709 2618 5766 illis.
2645 5710 2799 5778 quasi
2831 5708 3037 5762 Christi
3085 5708 3364 5767 mandato,
3398 5720 3627 5778 operam
3656 5720 3799 5778 pro—

2196 5777 2434 5841 barent;
2463 5794 2645 5848 neque
2663 5773 2727 5832 "id
2753 5780 2931 5833 solum
2956 5778 3099 5830 intra
3127 5785 3390 5848 augustos
3423 5773 3629 5829 Juda'ae
3654 5773 3803 5829 limi-

2196 5856 2303 5908 tes,
2333 5850 2428 5902 sed
2455 5859 2511 5902 et
2536 5845 2743 5918 ubique
2761 5848 3030 5918 gentium.
3063 5847 3153 5900 ubi
3177 5845 3521 5918 celebriores
3550 5857 3712 5918 erant
3734 5858 3800 5918 ac

2197 5919 2613 5976 numerosiores
2633 5914 2955 5975 Judanrum
2987 5928 3184 5983 cattus,
3213 5916 3330 5970 sive
3355 5917 3490 5970 alias
3510 5915 3652 5986 legis
3676 5914 3801 5969 cul-
