4086 6282
533 270 606 336 δη
672 232 675 233 ί
1298 272 1299 275 ‘
1752 275 2054 338 manu
2090 278 2619 346 PAPHLAGONIS
2987 335 2993 344 .
3738 293 3814 358 ss

531 386 652 442 visa
694 394 871 445 tentet
900 386 1185 457 dividere;
1230 404 1297 445 ac
1338 368 1463 461 qua
1501 399 1701 447 natura
1726 408 1795 449 ac
1840 395 2120 451 voluntate

2229 395 2367 468 μόνα
2393 399 2719 471 πειράσαιτο
2753 397 2996 476 διιστᾷνς
3028 400 3151 470 Πῶς
3196 403 3256 461 δὲ
3281 404 3392 459 τῶν
3423 406 3810 479 προκειμένων
3902 422 3911 428 ’

531 479 811 547 copulata,
846 478 1205 550 dispescere?
1233 481 1485 549 Quonam
1510 498 1645 539 vero
1692 484 1860 541 modo
1888 501 1959 542 ex
1988 503 2118 557 pro-

530 571 729 640 positis
757 572 916 628 alteri
947 573 1181 628 seorsim
1214 575 1439 629 contexi
1472 561 1718 632 laudatio
1764 588 1933 648 queat
1952 577 1977 631 τ
1997 591 2120 649 qua!

528 663 681 718 enim
709 665 837 734 quis
869 664 938 720 de
961 665 1139 723 altero
1161 667 1366 723 dixerit
1393 666 1510 723 hare
1543 667 1731 723 forsan
1759 669 1927 725 etiam
1959 670 2120 724 alteri

502 757 889 813 .conveniant.
930 758 1075 813 Num
1108 775 1267 827 vero,
1303 774 1431 815 cum
1471 742 1597 818 aliis
1628 760 1880 831 quidem,
1922 761 2005 817 uti
2037 761 2123 817 di-

529 858 683 905 ctum
732 858 838 917 est,
884 860 1118 918 coeant;
1154 852 1319 912 modo
1352 862 1536 909 tamen
1580 868 1693 924 quo
1734 853 1806 908 ad
1834 850 2122 910 Christum

527 943 899 1014 emigrarunt,
924 944 1147 1000 abunde
1172 945 1622 1019 distinguantur;
1650 947 1875 1004 illorum
1893 947 2121 1018 quidem

530 1042 769 1098 ratione,
785 1034 1096 1090 communis
1128 1036 1422 1092 amborum
1445 1036 1695 1094 laudatio
1718 1054 1734 1105 ;
1759 1038 1962 1094 horum
1987 1055 2123 1097 vero

527 1127 731 1183 merito
752 1128 955 1198 cuique
987 1129 1211 1200 propria
1235 1145 1299 1185 ac
1328 1130 1590 1186 distincta
1617 1132 1732 1188 sit?

604 1219 822 1279 Etenim
858 1235 985 1275 cum
1019 1221 1264 1292 primum
1289 1222 1540 1278 eamdem
1562 1221 1809 1280 humano
1836 1235 1959 1280 satu
1976 1225 2123 1281 nati-

528 1311 758 1367 vitatem
806 1327 871 1368 ac
911 1311 1304 1369 educationem
1338 1315 1486 1370 nacti
1539 1324 1762 1383 essent;
1811 1316 2122 1389 iisdemque

528 1402 779 1459 moribus
808 1410 866 1459 et
894 1402 1204 1472 disciplinis
1233 1403 1474 1459 instituti
1503 1404 1763 1471 fuissent,
1794 1421 1860 1460 ac
1878 1414 2124 1476 paternae

526 1496 840 1567 piscatoriae
883 1498 988 1553 arti
1039 1512 1262 1567 operam
1307 1498 1657 1567 posuissent;
1699 1513 1954 1569 magnam
1996 1498 2126 1555 vitae

527 1596 742 1661 partem
782 1588 1002 1643 inmarl
1026 1588 1255 1652 versati,
1298 1588 1397 1659 qui
1423 1588 1649 1643 hamum
1689 1588 1999 1654 mitterent,
2026 1603 2123 1653 sa-

2220 490 2353 560 ήμτν
2375 490 2624 563 ἑκατέρῳ
2648 491 2741 546 τδν
2768 488 2918 548 αἶνον
2948 494 3055 568 ίδίᾳ
3085 492 3512 570 διαπλέκυιμεν;
3536 497 3573 552 ἃ
3603 499 3715 570 γὰρ
3741 500 3813 554 ἄν

2220 596 2304 643 τις
2328 581 2472 634 είποι
2500 583 2631 653 περὶ
2651 582 2744 637 τοῦ
2765 584 2907 649 ἑνὸς,
2933 587 3106 641 ταῦτά
3129 604 3193 655 γε
3211 586 3377 659 τυχδν
3407 590 3504 643 καί
3522 588 3602 661 τῷ
3630 591 3817 662 ἑτέρῳ

2220 669 2606 741 ἐφαρμόσειεν.
2659 671 2754 737 Ἦ,
2801 674 2873 727 τὰ
2923 675 3025 747 μὲν
3073 676 3232 746 ἄλλα,
3272 678 3527 752 καθάπερ
3572 681 3820 752 εῐρηται,

2220 762 2671 833 ταυτιζομένους,
2710 765 2791 839 τῷ
2838 769 3026 841 τρόπῳ
3071 769 3130 825 δὲ
3158 771 3260 843 τῆς
3285 771 3425 843 πρὸς
3450 772 3544 827 τδν
3576 774 3823 846 Χριστὸν

2218 852 2684 927 διαφορουμένους
2734 858 3083 927 ἀναλύσεως
3113 866 3518 934 κοινοποιητέον
3552 864 3654 936 μὲν
3688 867 3823 920 κατ’

2220 947 2409 1002 tum
2427 963 2441 978 °
2481 949 2785 1025 διαιρετέον
2811 952 2871 1006 δὲ
2894 952 2987 1009 τὸν
3013 953 3171 1024 λόγον
3198 955 3342 1010 κατά
3368 957 3572 1013 ταῦτα.

2296 1213 2411 1271 Καὶ
2445 1216 2554 1289 γὰρ
2596 1217 2698 1289 τὴν
2744 1217 2806 1285 ἐξ
2835 1217 3140 1290 ἀνθρώπων
3164 1221 3422 1292 γέννησιν
3453 1221 3675 1293 πρῶτον
3723 1225 3829 1280 καὶ

2220 1308 2535 1379 ἀνατροφήν
2558 1307 2817 1379 λαχόντες
2841 1311 2942 1382 τὴν
2969 1310 3160 1383 αὐτὴν,
3199 1310 3296 1366 καὶ
3323 1312 3429 1366 ὑπὸ
3460 1316 3577 1378 τοῖς
3622 1314 3827 1380 αὐτοῖς

2222 1399 2382 1473 ήθεσι
2434 1400 2529 1454 καὶ
2565 1401 2856 1473 μαθήμασι
2894 1401 3427 1475 παιδπριὸούμενοι,
3464 1405 3562 1459 καὶ
3596 1407 3668 1476 τῇ
3705 1424 3823 1462 πα-

2221 1492 2387 1562 τρικῇ
2418 1490 2583 1564 τέχνῃ
2622 1493 2723 1563 τῆς
2772 1493 2959 1556 ἀλείας
3005 1495 3567 1566 προσασχολούμενοι,
3617 1499 3719 1553 καὶ
3753 1500 3827 1552 τά

2220 1584 2399 1639 πολλὰ
2459 1588 2526 1657 τῇ
2587 1584 2834 1658 θαλάσσῃ
2892 1587 3292 1658 προσέχοντες,
3359 1587 3458 1643 καὶ
3513 1587 3841 1663 ἄγκιστρον-

528 1695 725 1750 genam
748 1679 1020 1745 laxarent,
1054 1695 1119 1733 ac
1146 1695 1339 1735 rursus
1367 1680 1508 1735 retia
1536 1681 1931 1745 emundarent,
1960 1695 2117 1735 eam-

2225 1676 2533 1742 καθιέντες,
2566 1678 2663 1732 καὶ
2692 1676 2907 1732 δίκτυον
2936 1677 3233 1749 χαλῶντες,
3259 1678 3359 1734 καὶ
3400 1676 3558 1744 αὖθις
3604 1681 3828 1737 ἀνακα-

527 1770 653 1825 dem
690 1779 881 1840 postea
904 1768 1236 1825 divinissimi
1268 1769 1401 1827 Iesu
1423 1769 1770 1826 vocationem
1805 1768 2115 1836 consecuti;

2223 1766 2540 1838 θαίροντες’
2576 1766 2715 1838 μετά
2762 1746 3025 1829 ταῦτα-δε
3068 1768 3175 1840 τῆς
3210 1769 3385 1841 αὐτῆς
3419 1771 3625 1841 ὁμοίως
3677 1754 3822 1843 πρὸς

525 1878 593 1919 ac
618 1871 879 1934 tanquam
908 1862 1104 1918 eodem
1147 1854 1335 1917 animo
1364 1862 1687 1932 duplicique
1722 1875 1960 1932 corpore
1990 1869 2120 1917 ute-

526 1962 745 2021 rentur,
777 1955 974 2011 eodem
1005 1954 1171 2010 ambo
1212 1954 1417 2009 divina:
1446 1953 1696 2009 scientia:
1718 1968 1749 2009 e
1777 1953 1920 2009 melo
1948 1967 2119 2008 coru—

526 2056 743 2114 scante,
782 2046 969 2103 cuncti
1000 2048 1095 2118 qui
1140 2046 1372 2102 attentis
1419 2044 1622 2100 animis
1662 2045 1797 2112 sint,
1845 2058 1960 2100 uno
1996 2044 2122 2114 ejus

525 2140 741 2210 fulgore
794 2145 960 2209 atque
1012 2139 1217 2195 micatu
1260 2138 1470 2208 pariter
1505 2138 1890 2193 irradiantur:
1936 2136 2019 2192 sic
2063 2143 2122 2191 et

526 2234 608 2292 illi
638 2234 926 2289 Dominica
950 2233 1244 2289 vocatione
1262 2233 1475 2298 donati,
1494 2247 1620 2303 quae
1638 2231 1799 2302 sequi
1827 2229 1954 2286 illos
1975 2246 2120 2301 pra:-

528 2324 764 2394 ciperet,
778 2332 943 2393 atque
964 2324 1256 2380 hominum
1273 2324 1581 2394 piscatores
1597 2320 1873 2377 facturum
1887 2320 2119 2393 pollice-

526 2423 707 2483 retur,
750 2416 889 2471 nihil
928 2416 1088 2472 verbi
1140 2416 1387 2472 novitate
1440 2412 1744 2471 difﬁdentia
1788 2414 1903 2470 acti
1942 2422 2118 2470 sunt:

526 2507 683 2563 nulla
724 2505 1075 2564 vocationem
1105 2505 1391 2562 dubietate
1432 2505 1799 2576 repulerunt;
1829 2518 1935 2559 nec
1976 2502 2124 2559 sicut

528 2597 766 2657 Paulum
814 2598 1185 2655 Athenienses
1230 2599 1290 2654 in
1335 2597 1642 2654 crastinum
1681 2579 2026 2653 distulerunt
2057 2595 2118 2650 ³ι

532 2689 633 2745 sed
650 2689 817 2746 simul
847 2698 1016 2761 atque
1034 2704 1289 2745 sermone
1314 2689 1574 2745 illabente
1601 2686 1913 2746 collustrati
1930 2686 2121 2751 animo

532 2790 686 2846 sunt,
723 2797 790 2838 ac
829 2782 986 2838 velut
1033 2782 1295 2839 incendio
1323 2782 1605 2854 paratiore
1621 2781 1889 2850 materia,
1914 2778 2123 2849 mentis

530 2874 869 2931 rectitudine
898 2874 1182 2935 ctelestem
1212 2875 1394 2945 ignem
1434 2882 1823 2944 susceperunt,
1852 2873 1941 2929 sui
1973 2872 2123 2943 ipso-

532 2980 659 3020 rum
689 2964 983 3019 confestim
1013 2964 1174 3021 obliti
1195 2977 1348 3031 sunt,
1376 2980 1443 3020 ac
1482 2973 1639 3035 patre
1678 2980 1804 3020 cum
1852 2964 1980 3019 navi
2020 2979 2115 3019 re-

2217 1859 2316 1912 τοῦ
2349 1858 2794 1929 θεαρχικωτάτου
2826 1859 3071 1931 κλήσεως
3099 1860 3450 1927 ἀξιωθέντες·
3476 1860 3671 1933 ὥσπερ
3710 1865 3820 1936 μιᾷ

2225 1949 2328 2021 μὲν
2345 1948 2517 2020 ψυχῇ,
2540 1948 2663 2002 δυσὶ
2688 1949 2747 2003 δὲ
2773 1949 2991 2020 σώμασι
3020 1950 3317 2022 χρώμενοι,
3347 1952 3478 2023 μίαν
3509 1954 3827 2026 ἀμφότεροι

2219 2040 2322 2110 τὴν
2347 2043 2448 2111 τῇς
2499 2040 2831 2109 θεογνωσίας
2885 2042 3377 2115 περιελάμφθησαν
3424 2043 3642 2099 ἀκτῖνα.
3700 2046 3824 2101 Καὶ

2219 2131 2474 2203 καθάπερ
2510 2132 2798 2203 ἀστραπῆς
2839 2130 3057 2201 ᾇνωθεν
3087 2132 3493 2207 διαλαμψάσης,
3542 2136 3679 2207 μίαν
3714 2136 3822 2209 τὴν

2219 2224 2315 2278 ἀπ’
2349 2224 2522 2294 αὐτῆς
2549 2223 2727 2297 αὐγὴν
2756 2224 2961 2289 πάντες
2991 2224 3195 2296 δμοίως
3231 2225 3283 2281 οί
3322 2227 3684 2298 προσέχοντες
3733 2232 3824 2284 ἑν-

2219 2312 2730 2385 απαστράπτονται,
2748 2313 2894 2369 οὕτω
2928 2312 2995 2387 δὴ
3026 2313 3125 2369 καὶ
3157 2308 3305 2371 οῦτοι
3340 2316 3443 2388 τῆς
3473 2319 3823 2391 Δεσποτικῆς

2221 2405 2465 2480 κλήσεως
2488 2405 2803 2476 ἠξιωμένοι,
2833 2405 3067 2461 ῑπεσθαι
3088 2406 3191 2478 μὲν
3215 2406 3369 2479 αὐτῷ
3385 2409 3820 2483 παρεγγυῶσηςη

2220 2498 2529 2569 ἀνθρώπιον
2557 2498 2615 2554 δὲ
2647 2498 2823 2563 ἁλιεῖς
2882 2489 3061 2554 ποιεῖν
3089 2500 3554 2573 ὕπισχνουμένης,
3585 2503 3695 2559 οὐκ
3728 2506 3819 2560 εν-

2230 2591 2483 2645 εδοίασαν
2509 2590 2590 2663 τῷ
2628 2588 2889 2656 ξενίζοντι
2927 2590 3024 2645 τοῦ
3054 2592 3323 2665 ῥήματος.
3352 2594 3455 2649 οὐκ
3478 2593 3692 2668 ἀπορίᾳ
3716 2597 3820 2670 τὴν

2220 2682 2409 2755 κλῆσιν
2442 2682 2855 2755 διεκρούσαντο,
2874 2683 2989 2737 οὐδ’
3015 2683 3211 2757 ὥσπερ
3246 2684 3522 2758 Ἀθηναῖοι
3550 2686 3644 2742 τὸν
3665 2687 3814 2743 Παῦ-

2220 2774 2313 2831 λον
2339 2779 2422 2841 είς
2468 2779 2570 2847 τὴν
2616 2776 2744 2849 ἑξῆς
2792 2776 3218 2849 ύπερετίθεντοο
3252 2778 3390 2849 ὁμοῦ
3442 2780 3500 2833 δὲ
3539 2779 3621 2854 τῷ
3669 2779 3812 2853 λόγῳ

2219 2867 2764 2939 περιαστραφθὲντες
2796 2865 2889 2924 τδν
2918 2866 3065 2933 νοῦν,
3094 2869 3188 2925 καί⁵
3217 2867 3412 2942 ὥσπερ
3444 2871 3577 2945 ῦλης
3610 2874 3802 2945 επιτη-

2218 2959 2478 3031 δειότητι,
2507 2961 2575 3033 τῇ
2601 2961 2701 3031 τῆς
2722 2960 2962 3024 διανοίας
2992 2958 3252 3032 εὐθύτητι
3285 2960 3346 3016 τὺ
3400 2958 3656 3034 οὐράνιον
3706 2980 3795 3016 κα-

528 3056 700 3123 licto,
756 3064 1051 3127 spretaque
1096 3056 1538 3128 propinquorum
1588 3055 2001 3112 necessitudine
2050 3069 2118 3111 ac

2223 3051 2575 3123 ταδεξάμενοι
2627 3052 2774 3124 πῦρ,
2836 3052 3163 3107 ἐπελάθοντο
3195 3053 3294 3125 μὲν
3343 3053 3511 3119 εὐθὺς
3561 3056 3791 3109 ὶαυτωνε

530 3158 797 3204 consueta
837 3149 1188 3209 institutione
1222 3149 1564 3222 posthabita,
1609 3149 1938 3219 cunctisque
1976 3148 2119 3205 deli-

532 3242 637 3297 ciis
660 3257 725 3305 ac
757 3243 945 3299 carnis
971 3242 1355 3323 voluptatibus
1386 3244 1740 3314 contemptis,
1765 3243 1863 3299 uni
1896 3257 1956 3299 se
1987 3242 2119 3300 Jesu

530 3332 708 3395 amori
738 3332 1090 3394 addixerunt.

2224 3143 2553 3199 ἐπελάθοντο
2580 3141 2639 3198 δὲ
2668 3144 3003 3216 οἰκειότητος
3034 3146 3271 3215 φυσικῆς
3291 3164 3304 3179 ο
3337 3148 3431 3201 καὶ
3461 3147 3555 3200 τὸν
3594 3146 3809 3218 πατέρα

2232 3236 2375 3307 μετά
2400 3232 2497 3288 τοῦ
2524 3234 2713 3289 πλοίου
2743 3234 3158 3305 καταλιπόντες,
3179 3237 3274 3290 καὶ
3301 3239 3624 3307 συγγενείας
3643 3238 3815 3309 ὑπερ-

2229 3328 2471 3394 ιδόντες,
2522 3326 2757 3399 καὶτῆς
2827 3327 3092 3401 συνήθους
3147 3328 3428 3401 διαγωγῆς
3490 3330 3816 3398 ἐκστάντες.

528 3427 628 3484 καὶ
679 3427 865 3499 πάσης
906 3426 1156 3499 τέρψεως
1212 3429 1307 3482 καὶ
1377 3428 1559 3499 πάσης
1619 3428 1883 3500 σαρκίνης
1936 3423 2429 3499 παραμελήσαντες
2472 3421 2707 3495 ⁴ίιδονῆς,
2754 3420 2917 3495 μόνου
2974 3420 3274 3495 γεγὲνηντο
3326 3422 3424 3478 τοῦ
3456 3422 3661 3494 Ξρωτος
3716 3418 3816 3477 τοῦ

544 3520 737 3589 Ἰησοῦ.

600 3608 981 3669 Terrenorqu
1031 3625 1254 3667 omnem
1292 3609 1722 3683 iucunditatem,
1758 3628 1869 3669 una
1894 3612 1998 3669 hac
2026 3628 2122 3669 su-

529 3700 689 3763 blimi
753 3695 1057 3773 cupiditate
1108 3711 1525 3761 commutarunt
1564 3720 1586 3759 τ
1616 3720 1799 3776 neque
1852 3704 2121 3761 duntaxat

531 3793 843 3849 naturalem
887 3795 1141 3864 corporis
1190 3795 1485 3851 libidinem
1530 3796 1701 3852 animi
1739 3796 2121 3867 magnitudine

531 3883 899 3955 supergressi,
932 3884 1094 3955 Legis
1126 3892 1310 3941 tamen
1334 3886 1534 3946 litterae
1572 3902 1636 3942 ac
1661 3886 1914 3942 Mosaicis
1944 3887 2119 3942 tradi-

534 3974 782 4031 tionibus
802 3974 954 4046 justo
982 3976 1218 4047 amplius
1246 3976 1478 4043 addicti,
1526 3978 1811 4049 segniores
1840 3977 1909 4033 ad
1941 3976 2123 4049 Spiri-

531 4074 652 4123 tum
674 4069 1049 4135 aceedebant;
1083 4085 1265 4139 neque
1293 4068 1511 4125 fervore
1538 4070 1763 4139 quidem
1790 4084 1857 4126 ac
1891 4069 1997 4125 lide
2025 4084 2124 4125 ac.

533 4158 819 4225 cedentes,
865 4174 1071 4215 novum
1116 4168 1302 4215 tamen
1334 4160 1709 4231 legislatorem
1742 4160 2115 4231 spernebant;

533 4262 631 4311 aut
659 4253 715 4309 ei
742 4252 968 4324 quidem
993 4255 1264 4313 honorem
1296 4254 1599 4321 habebant,
1624 4263 1683 4310 at
1709 4255 1929 4325 qualem
1955 4254 2119 4321 Mosi,

432 4384 436 4388 ~
532 4360 633 4402 seu
700 4345 917 4401 cuidam
956 4344 1049 4402 alii
1084 4346 1520 4417 prophetarum:
1554 4344 1807 4417 quinimo
1864 4347 2117 4403 omnium

2297 3614 2448 3677 Μιᾶς
2482 3612 2689 3685 ταύτης
2710 3612 2875 3681 ἁγίας
2900 3612 2996 3666 καὶ
3021 3610 3235 3683 ὑψηλῆς
3273 3610 3592 3683 ἐπιθυμίας,
3630 3611 3819 3664 πᾶσαν

2219 3702 2523 3776 ἠλλάξαντο
2548 3704 2648 3775 τήν
2677 3705 2980 3758 ἀπόλαυσιν
3018 3704 3129 3758 τῶν
3165 3704 3389 3775 γεηρῶν
3412 3718 3427 3736 ·
3485 3702 3582 3759 καὶ
3611 3703 3673 3757 οὐ
3712 3704 3820 3773 τῆς

2220 3798 2365 3853 κατὰ
2395 3797 2457 3851 τὸ
2493 3797 2655 3869 σῶμα
2704 3797 2943 3867 φυσικῆς
2973 3797 3215 3871 σχέσεως
3266 3796 3430 3868 μόνον
3467 3794 3822 3868 μεγαλοφυτᾳ

2223 3887 2575 3960 φρονήματος
2627 3887 3049 3961 ὑπερανωησαν
3074 3927 3091 3953 ,
3154 3887 3235 3959 τῷ
3268 3886 3564 3960 γράμματι
3598 3886 3660 3941 δὲ
3713 3884 3818 3939 τοῦ

2224 3980 2396 4049 νόμου
2420 3980 2514 4033 καὶ
2542 3980 2663 4045 ταῖς
2697 3981 3023 4044 Μωσαῖκαῐς
3063 3980 3399 4052 παραδόσεσι
3428 3978 3591 4033 πλέον
3628 3978 3662 4050 ἢ
3703 3976 3819 4033 εδει

2226 4072 2611 4145 κρατούμενοι,
2653 4072 2792 4144 πρδς
2822 4072 2885 4127 τδ
2913 4072 3134 4143 πνεῦμα
3164 4071 3499 4145 νωθέστερον
3523 4069 3772 4142 ἐχώρουν
3795 4087 3817 4103 ο

2224 4164 2348 4219 οὐδὲ
2388 4164 2654 4228 συντόνως
2689 4164 2790 4237 μὶν
2824 4164 2922 4220 καὶ
2950 4160 3169 4227 πιστῶς
3195 4161 3493 4234 προσίεσαν
3522 4160 3600 4233 τῷ
3644 4158 3823 4215 πνεύ-

2227 4272 2380 4325 ματι,
2432 4254 2528 4310 τοῦ
2582 4254 2774 4310 καινοῦ
2817 4255 2877 4309 δὲ
2930 4254 3343 4327 ὑπερεφρόνουν
3394 4254 3686 4325 νομοθέτου
3716 4271 3733 4287 ο
3777 4254 3818 4330 ἢ

2223 4348 2428 4419 ετίμων
2444 4348 2570 4420 μὶν,
2604 4346 2697 4401 ῐσα
2733 4346 2792 4403 δὲ
2820 4347 3092 4410 Μωσέως,
3124 4347 3160 4418 ἡ
3187 4364 3335 4412 τινος
3359 4347 3521 4402 ἄλλου
3548 4346 3660 4402 τῶν
3684 4364 3821 4420 προ-

534 4451 567 4493 a
595 4438 799 4493 sarculo
834 4450 1151 4497 sanctorum
1208 4439 1381 4494 Deum
1431 4453 1497 4494 ac
1548 4437 1865 4506 Dominum,
1911 4438 2118 4510 Deique

2223 4439 2446 4511 φητῶν·
2482 4439 2703 4501 πάντων
2730 4439 2787 4492 δὲ
2816 4438 2929 4493 τῶν
2961 4438 3021 4505 ἐξ
3066 4439 3267 4505 αίῶνος
3317 4436 3493 4507 ἁγίων
3524 4437 3660 4494 Θεδν
3715 4438 3817 4493 καὶ

533 4528 774 4583 viventis
786 4527 986 4588 Filium
1006 4528 1048 4593 δ,
1068 4543 1132 4587 ac
1158 4528 1485 4599 prophetam
1506 4528 1639 4586 olim
1656 4528 1956 4602 Scripturis
1981 4545 2126 4600 prae-

533 4617 852 4673 nuntiatum
883 4617 1280 4689 Christumque
1306 4629 1604 4675 venturum
1643 4620 1835 4679 Jesum
1881 4620 2119 4678 creden-

533 4718 639 4775 tes,
662 4709 743 4767 sic
768 4709 968 4765 ardore
999 4709 1126 4765 ﬁdei
1146 4712 1326 4788 ipsum
1346 4712 1727 4782 sequebantur
1744 4712 1821 4782 δή
1838 4728 1954 4770 non
1981 4714 2119 4771 sub-

530 4802 674 4874 jecta
692 4803 869 4860 oculis
898 4804 1085 4873 specie
1114 4802 1485 4868 oﬂendentes,
1532 4806 1628 4861 sed
1660 4805 1756 4877 qui
1787 4806 1858 4863 ad
1902 4821 1969 4863 ea
1994 4822 2119 4879 quin

470 4909 490 4931 ο
535 4903 724 4950 mente
776 4894 1233 4966 intelligebantnr
1270 4894 1503 4966 spiritus
1548 4897 1763 4955 ratione
1807 4897 2121 4971 dirigeren-

536 4995 648 5044 tur.
678 4987 802 5045 Non
856 4988 1008 5044 enim
1059 4988 1201 5059 lapis
1223 4988 1305 5044 eis
1341 4988 1691 5053 offensionis,
1720 4992 1878 5047 velut
1904 4992 1995 5048 his
2024 4993 2120 5065 qui

534 5088 724 5134 essent
740 5094 907 5152 prava
925 5093 1130 5141 mente,
1147 5095 1253 5136 nec
1270 5089 1422 5151 petra
1444 5081 1690 5137 scandali
1712 5083 1925 5154 positus
1940 5093 2059 5141 erat
2076 5085 2125 5147 ⁵,

535 5169 636 5225 sed
664 5171 806 5242 lapis
829 5171 1059 5239 electus,
1083 5171 1388 5244 angularis,
1406 5174 1683 5244 pretiosus
1703 5172 1761 5229 in
1793 5175 2123 5231 fundamen-

537 5261 611 5323 tis
639 5261 825 5318 Sionis
857 5264 1157 5320 collocatus
1181 5264 1259 5319 ³⁸.

609 5420 787 5496 Ηυιιο
818 5440 1061 5499 Iacobus
1089 5452 1256 5515 atque
1292 5445 1536 5503 Joannes
1584 5448 1824 5519 lapidem
1874 5463 2033 5504 suam
2061 5449 2119 5503 in

535 5533 736 5607 spiritu
767 5533 1098 5592 en‘odientes
1140 5546 1383 5594 mentem
1413 5554 1479 5595 ac
1518 5554 1615 5596 cor
1650 5539 1761 5597 alte
1806 5539 2122 5600 scindentes

2228 4532 2435 4606 Κύριον
2485 4535 2581 4590 καὶ
2617 4533 2749 4589 Υίδν
2787 4533 2923 4589 Θεοῦ
2951 4534 3176 4600 ζῶντος,
3214 4535 3310 4591 καὶ
3345 4534 3442 4589 τδν
3492 4551 3818 4607 προκατηγ-

2224 4626 2492 4700 γελμένον
2530 4630 2822 4700 προφήτην
2858 4631 2977 4691 ταῖς
3011 4627 3280 4698 Γραφακ,
3319 4629 3417 4683 καὶ
3452 4628 3691 4701 Χριστὸν
3729 4621 3818 4681 el-

2224 4735 2314 4773 ναι
2341 4717 2433 4772 τὸν
2461 4719 2759 4791 ἐρχόμενον
2796 4718 3225 4784 πεπιστευκότες
3256 4719 3350 4773 τδν
3384 4717 3613 4793 Ἰησοῦν,
3637 4718 3817 4784 οὕτως

2222 4808 2374 4882 αὐτῷ
2400 4810 2697 4882 θερμότητι
2738 4812 2974 4876 πίστεως
3004 4813 3441 4887 ιπηκολούθουν,
3477 4814 3539 4868 ού
3572 4811 3652 4885 τῷ
3679 4812 3817 4883 δρω-

2218 4901 2367 4973 μένῳ
2396 4901 2856 4973 προσκόπτοντες,
2892 4903 3029 4959 ἀλλὰ
3061 4903 3139 4977 τῷ
3173 4905 3453 4976 νοουμένῳ
3486 4903 3817 4959 κατευθυνο-

2220 5010 2371 5066 μενοι
2405 4994 2499 5049 τοῦ
2535 4994 2868 5065 Πνεύματος.
2896 4998 2974 5051 Οὔ
3003 4998 3115 5070 γὰρ
3141 4998 3289 5063 λίθος
3312 4997 3498 5061 αὐτοῖς
3526 4996 3815 5068 προσκόμ-

2221 5103 2411 5157 ματος,
2447 5086 2636 5160 ὦσπερ
2665 5091 2777 5155 τοῖς
2804 5089 2899 5143 τὸν
2925 5088 3053 5145 νοῦν
3082 5089 3472 5155 σκολιοῖς,ούδὲ
3518 5089 3696 5159 πέτρα
3725 5089 3816 5141 τέ-

2220 5176 2397 5233 θειται
2458 5179 2783 5248 σκανδάλου,
2827 5180 2966 5236 ἀλλά
3018 5180 3166 5246 λίθος
3217 5181 3496 5246 ικλεκτδς,
3562 5181 3813 5253 ἀκρογω-

2228 5273 2400 5336 νιαῖος
2424 5310 2441 5338 ,
2509 5271 2786 5345 ἔντιμος,
2836 5276 2952 5337 τοῖς
3019 5272 3291 5345 θεμελίοις
3356 5269 3805 5343 ύποὸεσλημένος

2227 5360 2389 5419 Σιών.

2297 5451 2501 5507 Τοῦτον
2536 5452 2627 5507 τδν
2655 5452 2803 5508 λίθον
2846 5452 3103 5517 Ἰάκωϐος
3133 5453 3226 5507 καὶ
3271 5454 3545 5524 Ἰωάννης,
3573 5452 3675 5525 τήν
3699 5452 3803 5505 τῶν

2226 5545 2288 5599 ιν
2312 5545 2389 5619 τῷ
2418 5546 2692 5618 πνεύματι
2727 5545 3033 5618 σκάψαντες
3062 5545 3304 5601 διάνοιαν
3324 5547 3419 5600 καὶ
3441 5544 3539 5625 τὴν
3578 5542 3806 5617 καρδίαν

610 5715 634 5757 ⁸
667 5714 785 5805 Act.
830 5732 963 5785 xm,
990 5717 1080 5777 τε.
1153 5718 1178 5752 δ
1212 5717 1409 5781 Matth.
1432 5736 1545 5788 ιγι,
1577 5721 1669 5778 16;
1734 5723 1793 5758 “‘
1825 5724 1987 5785 Dent.
2015 5725 2270 5795 xvm,l5.
2345 5726 2367 5761 '
2402 5725 2421 5781 Ι
2460 5726 2607 5789 Petr.
2634 5740 2695 5795 tl,
2717 5725 2770 5782 8.
2850 5728 2905 5764 "‘
2931 5729 3034 5785 lsa.
3065 5744 3255 5795 xxvm,
3290 5729 3387 5786 t6.
