4086 6282
258 282 367 348 ,89
1073 279 1363 344 ORATIO
1393 283 1463 346 ν.
1493 305 1566 323 σ-
1594 282 1683 348 IN
1718 284 1890 348 LAU]

1991 289 2038 351 li
2074 288 2138 351 s.
2170 289 2433 378 meum
2469 296 2838 362 misum.

3503 303 3592 370 .90

291 394 653 472 βαθύναντες,
688 392 788 449 καὶ
811 391 905 447 τὸν
934 389 1062 448 νοῦν
1091 391 1562 464 μιταλλεῦσαντες
1588 398 1686 452 καὶ⁵
1718 398 1887 469 εὑρη-

1991 400 2372 478 animumque,
2397 410 2681 469 curiosius
2714 413 3129 486 investigantes,
3161 430 3292 479 cum
3321 417 3589 476 offendis-

286 488 468 550 κότος,
501 488 599 540 καὶ
625 486 689 538 ὲν
715 481 867 554 αὐτῷ
890 482 993 553 τῆς
1030 480 1213 537 αὐτῶν
1266 483 1506 548 πίστεως
1545 487 1616 538 τά
1653 484 1888 557 θεμέλια

288 578 770 649 καταπηξάμενοι,
818 574 1072 648 κραταιοί
1125 591 1273 639 τινες
1309 578 1407 629 καὶ
1449 576 1722 632 ἀνένδοτοι
1749 579 1890 648 πρός

283 688 350 725 τε
402 670 532 734 τοὺς
565 667 901 740 νοουμένους
935 666 1138 738 ὁμοίως
1166 669 1264 722 καὶ
1299 670 1427 733 τοὺς
1445 670 1759 742 ὁρωμένους
1789 688 1889 742 γε·
1945 682 1952 696 "

268 764 522 839 xiv-moro
575 759 951 834 πειρασμοῦςο
987 760 1111 815 ὅθεν
1157 761 1260 830 τῆς
1304 763 1616 831 κορυφαίας
1649 763 1771 833 ἃμα
1808 761 1888 837 τῷ

284 857 514 930 μεγάλῳ
531 855 727 925 Πέτρῳ
753 852 852 908 καὶ
887 852 1202 923 ἀκροτάτης
1232 851 1363 924 παρ’
1386 853 1536 923 αὐτῷ
1565 853 1891 919 καταξιοῦν-

281 968 378 1005 ται
401 949 596 1020 τιμῆς,
624 947 726 1002 καὶ
751 946 857 1018 τὴν
893 945 1005 1001 ἀπὸ
1045 945 1143 1000 τοῦ
1179 944 1475 1017 θεαρχικοῦ
1506 946 1760 1019 σώματος
1792 947 1889 1000 ἐπὶ

283 1042 384 1098 τοῦ
421 1042 583 1114 ὅρους
608 1037 994 1112 ἀστράψασαν,
1026 1036 1104 1102 ὡς
1121 1037 1469 1102 πιστοτάτοις
1494 1038 1888 1109 παραδεικνύει

291 1132 542 1204 μορφήν.
576 1129 802 1194 Τούτοις
831 1129 929 1183 καὶ
957 1129 1058 1200 τὴν
1079 1129 1225 1184 κατά
1260 1128 1323 1183 τὸ
1350 1129 1525 1191 πάθος
1547 1131 1647 1199 τῆς
1677 1129 1894 1201 ἀνθρω-

293 1221 467 1292 πίνης
511 1221 571 1275 iv
607 1217 757 1290 αὐτῷ
794 1217 1012 1289 φύσεως
1033 1220 1278 1288 ἀγωνίαν
1316 1219 1412 1273 καλ⁸
1447 1221 1771 1289 ἀδημονίαν,
1812 1219 1890 1283 ὡς

292 1313 660 1375 οἰκειοτάτοις
696 1310 1049 1382 ἀνατίθησιν⁸
1096 1312 1192 1365 καὶ
1228 1311 1368 1381 μετά
1421 1311 1484 1364 τὸ
1546 1311 1764 1365 δεῖπνον
1801 1312 1893 1364 εὗ-

297 1405 425 1470 θὺς,
463 1407 831 1475 συλλήπτορας
868 1404 1070 1467 αὐτοὺς
1123 1404 1458 1473 παρειλήφει
1503 1403 1608 1474 τῆς
1646 1421 1891 1474 προσευ-

295 1499 404 1569 χῆς
426 1513 441 1527 ·
480 1497 530 1551 εί
558 1496 653 1550 καὶ
684 1496 745 1550 τὸ
776 1496 910 1549 πολὺ
939 1496 1041 1565 τῆς
1070 1496 1252 1564 λυπης
1268 1496 1559 1560 άπέκναιε,
1601 1496 1698 1549 καὶ
1731 1494 1888 1567 ὕπνῳ

292 1590 511 1654 τούτοις
534 1591 850 1661 κατενάρκα
881 1591 970 1644 τὸν
1000 1590 1288 1659 λογισμόν.

267 1672 270 1676 ’
362 1683 477 1736 Καὶ
495 1681 639 1737 κατά
677 1685 862 1738 πᾶσαν
891 1681 949 1736 δὲ
987 1683 1095 1735 τῶν
1115 1681 1209 1734 δύο
1236 1681 1442 1735 τούτων
1463 1678 1560 1734 τοῦ
1597 1679 1734 1734 Θεοῦ
1764 1679 1892 1734 παί-

1987 506 2134 563 sent,
2164 508 2332 570 atque
2362 501 2420 558 in
2446 517 2517 560 eo
2553 518 2670 561 suae
2719 505 2848 563 ﬁdei
2888 507 3252 565 fundamenta
3295 509 3543 569 fixissent
3566 555 3584 580 ,

1989 587 2134 646 ﬁrmi
2161 607 2227 648 ac
2255 602 2578 653 constantes
2631 597 2901 654 adversus
2945 598 3230 668 spiritales
3278 602 3488 672 pariter
3526 611 3586 660 et

1987 697 2112 752 quze
2172 685 2352 755 oculis
2404 687 2773 760 subiiciantur
2805 730 2822 756 ,
2885 693 3224 748 tentationes
3279 695 3584 763 exstitere;

1987 775 2139 830 unde
2170 777 2351 846 primo
2373 785 2539 849 atque
2590 782 2843 853 principe
2886 799 3259 854 supremoque
3307 802 3417 842 una
3458 802 3586 844 cum

1988 880 2190 936 magno
2231 866 2396 923 Petro
2420 869 2566 938 apud
2606 885 2735 924 eum
2783 870 2998 926 honore
3041 872 3358 939 donantur;
3404 874 3589 945 iisque

1989 970 2087 1010 seu
2119 955 2458 1013 fidelissimis
2477 958 2835 1030 eﬂ'nlgentem
2867 961 3042 1016 divini
3064 964 3320 1030 corporis
3347 963 3586 1021 formam

1990 1043 2049 1100 in
2079 1057 2268 1102 monte
2294 1047 2558 1104 ostendit.
2586 1046 2670 1104 Ad
2699 1063 2799 1104 eos
2827 1064 3052 1120 quoque
3074 1058 3338 1121 tanquam
3369 1067 3587 1109 summe

1989 1141 2357 1206 necessarios,
2389 1141 2646 1214 humana
2669 1143 2728 1199 in
2762 1143 2886 1214 ipso
2924 1153 3139 1201 natura!
3172 1146 3396 1202 anxium
3440 1163 3590 1204 mor-

1992 1230 2064 1286 tis
2091 1233 2348 1286 timorem
2387 1248 2454 1288 ac
2484 1221 2827 1301 maestitiam,
2852 1235 2957 1290 sub
3001 1236 3183 1306 ipsum
3219 1243 3442 1309 tempus
3463 1254 3586 1310 pas-

1990 1322 2165 1377 sionis
2219 1323 2422 1388 refert;
2478 1339 2716 1394 moxque
2771 1341 2800 1380 a
2859 1342 3041 1391 coena,
3094 1327 3367 1383 orationis
3403 1329 3586 1386 socios

1991 1411 2247 1466 adhibuit
2288 1430 2306 1480 ;
2346 1428 2665 1484 quanquam
2713 1415 2885 1472 nimia
2932 1417 3172 1487 tristitia.-
3228 1418 3316 1476 vis
3358 1419 3586 1481 exulce-

1991 1504 2172 1566 rahat,
2205 1517 2274 1559 ac
2297 1513 2612 1576 torpentem
2647 1524 2842 1564 eorum
2885 1511 3135 1567 animum
3160 1527 3358 1568 somno
3381 1512 3584 1583 degra-

1991 1592 2176 1647 vabat.

2061 1684 2339 1752 Quantum
2373 1685 2615 1758 denique
2657 1689 2728 1745 ad
2772 1705 2996 1746 onmem
3037 1692 3330 1747 amborum
3382 1692 3585 1748 horum

282 1775 399 1832 δων
429 1775 532 1848 τὴν
573 1774 718 1847 μετά
747 1775 845 1830 τοῦ
896 1775 1103 1846 Κυρίου
1135 1775 1237 1845 τὴν
1273 1773 1750 1845 συναναστροφὴν,
1793 1773 1889 1827 καὶ

1994 1777 2090 1833 Dei
2115 1794 2415 1847 puerorum
2439 1794 2567 1835 cum
2607 1781 2845 1840 Domino
2873 1784 3379 1848 conversationem,
3415 1794 3586 1855 atque
3672 1804 3675 1807 ·

279 1867 387 1922 τοῦ
427 1867 598 1939 ζήλου
623 1867 725 1938 τὴν
751 1866 1087 1938 θερμότητα,
1119 1867 1217 1918 καὶ
1239 1865 1342 1935 τῆς
1376 1865 1618 1929 πίστεως
1660 1868 1762 1937 τὴν
1799 1865 1889 1919 δο-

281 1959 598 2031 κιμότητα,
627 1960 723 2012 καὶ
775 1958 874 2028 τῆς
906 1958 1128 2029 ἀγάπης
1171 1956 1273 2029 τὴν
1309 1958 1632 2024 τελειότητα.
1654 1972 1669 1988 ⁸
1699 1959 1790 2011 ναὶ
1822 1955 1888 2029 δὴ

281 2051 386 2105 καὶ
422 2049 574 2104 κατά
607 2049 708 2122 τὴν
739 2050 834 2103 τοῦ
875 2048 1195 2120 Πνεύματος
1226 2048 1436 2102 ἄνωθεν
1473 2048 1766 2103 ἑπέλευσιν
1792 2048 1889 2102 καὶ

246 2125 381 2198 ’τὸν
419 2142 536 2218 τῶν
572 2141 840 2212 γλωσσῶν
869 2141 1140 2213 μερισμὸν
1188 2141 1284 2195 καὶ
1327 2141 1430 2212 τὴν
1464 2139 1732 2212 διανομὴν
1776 2141 1890 2194 τῶν

284 2235 540 2308 δωρεῶν,
574 2234 730 2289 οὐδὲν
757 2234 947 2306 ἕτερον
975 2233 1114 2305 ἡγοῦ
1123 2251 1222 2305 μαι
1243 2231 1340 2288 τοῦ
1359 2233 1550 2307 ἑτέρου
1569 2233 1887 2302 διενεγκεῖν.

291 2327 461 2384 Ὅθεν
501 2323 586 2390 εἷς
614 2326 949 2398 ἀμφοτέρων
995 2327 1092 2380 καὶ
1114 2327 1298 2391 κοινὸς
1347 2327 1478 2397 ἄχρι
1518 2323 1730 2380 τούτων
1784 2325 1886 2380 αὺ-

292 2421 410 2485 τοῖς
444 2421 474 2474 δ
516 2415 690 2482 αῐνος.
731 2420 833 2490 μιᾷ
882 2417 1125 2490 Χριστοῦ
1177 2419 1639 2491 μεμορφωμένοις
1681 2421 1889 2489 μορφῇν

295 2511 399 2566 καὶ
431 2512 510 2565 ἑνὶ
527 2510 606 2580 τῷ
638 2510 791 2582 αὐτῷ
818 2511 1129 2580 Πνεύματι,
1165 2511 1256 2564 τὸν
1302 2511 1417 2564 ίσον
1456 2511 1657 2580 τρόπον
1682 2505 1890 2582 κατηρ-

295 2605 572 2676 τισμένοις
625 2604 725 2658 καλ⁸
782 2605 1370 2677 χαρακτηριζομένοις.
1443 2604 1600 2658 Ἐπεὶ
1653 2602 1710 2656 δὲ
1759 2603 1892 2666 ίδιος

294 2697 541 2770 ἐκατέρῳ
565 2697 667 2769 τῆς
698 2697 1086 2767 μεταστάσεως
1133 2698 1164 2751 ὅ
1207 2713 1268 2750 τε
1301 2696 1492 2768 χρόνος
1525 2697 1763 2767 ὑπάρχει
1792 2694 1892 2749 καὶ

288 2791 568 2863 ὀτρόπος,
606 2790 717 2862 ίδίᾳ
757 2788 947 2844 λοιπδν
978 2789 1074 2842 καὶ
1120 2787 1214 2842 τὸν
1259 2788 1419 2857 λόγον
1455 2787 1892 2858 τῶνίὲγκωμίων

285 2881 613 2953 ἀποδῶμεν.

357 2972 455 3044 Τῷ
471 2971 575 3044 μὲν
590 2965 685 3026 οῦν
701 2969 1082 3039 Εὑαγγελιστῇ
1105 2970 1375 3040 πρότερον
1403 2967 1725 3037 ἀφωσίωται
1749 2966 1893 3021 κατὰ

281 3065 526 3136 δύναμιν
559 3065 594 3136 ἡ
624 3065 835 3126 αίνεσις
856 3077 871 3094 ·
911 3061 1004 3115 καὶ
1034 3060 1430 3131 πνευματικῶς
1460 3058 1631 3115 αὐτοῦ
1667 3061 1767 3128 τῆς
1795 3077 1893 3130 με-

283 3157 466 3228 γάλης
504 3152 968 3225 κατατρυφῶντες
997 3151 1223 3224 ἀρετῆς,
1272 3149 1458 3214 καθὼς
1490 3144 1595 3204 οἷοί
1624 3166 1686 3201 τε
1721 3144 1886 3220 ἧμιν,

285 3247 636 3316 ἀπετίσαμεν
680 3244 921 3315 μετρίως
978 3241 1078 3314 τὴν
1132 3241 1380 3312 ὀφειλὴν.
1437 3240 1556 3294 Νῦν
1587 3240 1644 3293 δέ
1684 3256 1798 3311 μοι,
1841 3233 1889 3294 ὦ

287 3341 486 3410 ἄριστε
513 3339 612 3396 καὶ
640 3335 985 3409 δοκιμώτατα
1036 3332 1276 3408 Χριστοῦ
1301 3332 1568 3405 μαθητὰ,
1597 3332 1760 3403 δεῦρο
1791 3333 1889 3387 καὶ

296 3433 365 3487 σὺ
395 3429 661 3502 σήμερον,
691 3429 938 3492 Ἰάκωϐε,
973 3431 1004 3482 ό
1031 3428 1142 3481 τῶν
1166 3425 1392 3497 ὑψηλῶν
1415 3423 1510 3480 τοῦ
1541 3423 1682 3478 Θεοῦ
1711 3425 1888 3499 Λόγου

303 3521 508 3592 θεατὴς
533 3520 630 3573 καὶ
655 3521 880 3591 ποιητὴς
912 3519 1094 3591 ἔργων
1116 3533 1135 3552 ο
1165 3517 1396 3572 καὶτῶν
1425 3517 1756 3588 ἀπορρήτων
1781 3513 1888 3586 μύ-

312 3629 452 3683 στης
480 3615 575 3667 καὶ
629 3613 981 3683 μυσταγωγὸς
1009 3613 1209 3679 λόγων.
1260 3608 1328 3664 Ἦ
1356 3607 1558 3679 κινύρα
1587 3608 1683 3662 τοῦ
1721 3605 1890 3661 [Ινεύ-

308 3719 502 3774 ματος,
535 3704 564 3772 ἡ
605 3700 876 3774 ηδύφωνος
912 3702 1011 3756 καὶ
1065 3699 1439 3770 καλλίφωνιις⁹
1461 3701 1516 3770 ,ἡ
1556 3699 1764 3769 εὐμελῆ
1792 3700 1889 3752 καὶ

295 3795 639 3866 εὐάρμοστον
687 3798 801 3858 τοῖς
828 3794 1015 3848 εὐθέσι
1049 3795 1143 3849 τὸν
1164 3793 1310 3858 νοῦν,
1341 3790 1442 3865 τὴν
1475 3795 1575 3864 τῆς
1610 3791 1889 3862 θεολογίας

288 3886 722 3964 ἀνακρουομένη
768 3888 992 3957 φωνήν·
1042 3888 1077 3958 ἡ
1154 3885 1370 3957 μεγάλη
1403 3883 1500 3938 τοῦ
1543 3885 1678 3938 Θεοῦ
1711 3885 1889 3953 Λόγου

287 3980 513 4053 βροντὴ,
543 3981 578 4052 ἡ
605 3979 922 4050 ὑψηγόρως,
951 3979 986 4050 ἡ
1031 3977 1432 4049 μεγαληγόρως
1461 3975 1564 4048 τὴν
1593 3976 1891 4032 ἀνάστασιν

285 4072 384 4127 τοῦ
427 4072 629 4144 Ἰησοῦ,
678 4075 804 4136 ταῖς
867 4073 1196 4135 Ἰουδαῖκατς
1245 4071 1508 4133 διανοίαις
1538 4070 1888 4139 ὲνηχήσασα,

285 4161 384 4216 καὶ
415 4161 518 4232 τὴν
544 4159 892 4231 σκληρότητα
917 4160 1018 4230 τῆς
1069 4158 1251 4213 αὐτῶν
1307 4157 1537 4228 καρδίας
1567 4157 1892 4228 καταθραύε-

286 4265 438 4304 σασα
463 4263 480 4281 ο
515 4248 617 4318 τὴν
666 4247 874 4318 ἔρημον
915 4245 975 4299 δὲ
1023 4246 1162 4310 τέως
1203 4245 1506 4316 ἐκκλησίαν
1555 4245 1892 4297 συσσείσασα

282 4338 396 4394 τῶν
426 4337 620 4404 ἐθνῶν,
657 4341 752 4394 καὶ
785 4335 969 4408 ἡρέμα
996 4336 1133 4407 πρὸς
1180 4336 1436 4407 αίσθησιν
1482 4335 1578 4389 τοῦ
1619 4352 1891 4406 κηρυττο-

1990 1868 2359 1951 aemulationis
2392 1870 2690 1936 fervorem,
2716 1874 3119 1943 probatamque
3145 1873 3310 1929 fidem
3344 1891 3410 1931 ac
3439 1874 3582 1929 dile-

1991 1960 2194 2016 ctionis
2233 1960 2691 2044 perfectionem;
2723 1963 2822 2019 sed
2851 1971 2910 2018 et
2942 1973 3210 2044 quantum
3239 1965 3310 2020 ad
3345 1965 3586 2036 Spiritus

1990 2069 2022 2111 ο
2053 2053 2196 2111 coelo
2240 2054 2518 2125 illapsum,
2561 2041 2990 2126 linguarumque
3032 2041 3476 2125 dispertitionem
3519 2071 3586 2112 ac

1992 2148 2266 2221 donorum
2301 2139 2656 2213 divisionem,
2691 2145 2830 2203 nihil
2880 2147 3183 2219 quidquam
3223 2149 3461 2205 alterum
3513 2148 3587 2205 ab

1990 2242 2166 2296 altero
2193 2240 2454 2295 existimo
2497 2239 2748 2321 differre.
2779 2238 3156 2306 Quamobrem
3181 2253 3290 2293 una
3314 2238 3586 2294 hactenus

1992 2349 2058 2388 ac
2087 2333 2399 2387 communis
2429 2333 2537 2386 erit
2567 2347 2763 2387 eorum
2796 2331 3065 2395 laudatio,
3106 2330 3204 2403 qui
3231 2345 3340 2386 una
3374 2329 3586 2386 Christi

1990 2428 2166 2482 forma
2217 2423 2440 2491 imbuti,
2489 2439 2715 2494 unoque
2764 2439 2831 2480 ac
2875 2423 3071 2480 eodem
3120 2424 3330 2493 pariter
3371 2421 3585 2494 Spiritu

1991 2513 2221 2593 perfecti
2253 2513 2464 2570 fuerint
2495 2529 2560 2569 ac
2585 2511 2938 2585 conﬂgurati.
2975 2513 3138 2580 Quod
3175 2526 3316 2568 vero
3359 2512 3586 2584 propria

1992 2610 2196 2679 cuique
2229 2605 2575 2683 migrationis
2601 2613 2720 2660 tum
2752 2612 2994 2676 tempus,
3023 2614 3143 2659 tum
3183 2604 3385 2660 modus
3416 2604 3588 2662 exsti-

1994 2701 2195 2779 terint,
2217 2699 2452 2756 seorsim
2481 2698 2674 2766 etiam,
2704 2713 2814 2769 qua
2863 2697 2948 2754 eis
2980 2697 3358 2769 defungimur,
3386 2696 3585 2753 lauda-

1992 2795 2203 2849 tionem
2231 2791 2561 2869 reddemus,
2645 2863 2650 2867 η

2063 2967 2227 3024 Prius
2279 2966 2465 3035 itaque
2509 2978 2612 3035 pro
2675 2959 2827 3016 virili
2883 2968 3076 3016 nostra
3139 2958 3475 3016 laudationis
3530 2959 3587 3015 in

1993 3059 2387 3130 evangelistam
2406 3055 2655 3126 partibus
2675 3053 2852 3109 functi
2879 3068 3093 3117 sumus,
3117 3053 3351 3123 ejusque
3369 3065 3587 3107 summa

1991 3151 2199 3207 virtute
2249 3149 2580 3221 spiritaliter
2615 3146 2898 3209 delectati,
2935 3145 3086 3219 quod
3121 3161 3223 3216 per
3270 3145 3588 3200 facultatem

1988 3243 2170 3309 licuit,
2217 3243 2301 3297 vel
2332 3241 2549 3296 modice
2578 3240 2830 3296 debitum
2861 3237 3230 3310 dependimus
3287 3237 3448 3293 Nunc
3492 3252 3592 3291 au-

1989 3343 2124 3400 tem,
2163 3334 2373 3405 optime
2399 3332 2722 3403 Christique
2749 3330 3156 3401 discipulorum
3199 3329 3592 3402 probatissimo

1987 3428 2216 3492 Jacobe,
2259 3433 2319 3482 tu
2354 3439 2578 3497 quoque
2625 3423 2764 3500 mihi
2789 3422 2981 3478 adesto
3007 3421 3217 3488 hodie;
3247 3434 3457 3491 nempe
3491 3435 3591 3476 su-

1988 3522 2246 3581 blimium
2291 3518 2390 3574 Dei
2447 3515 2617 3573 Verbi
2667 3523 2950 3587 spectator
2993 3513 3280 3584 factorque
3326 3526 3585 3583 operum.

1989 3625 2432 3680 arcanorumquc
2477 3608 2752 3679 discipule
2801 3623 2866 3662 ac
2912 3607 3180 3677 magister
3222 3619 3586 3662 sermonum:

1991 3704 2280 3761 dulcisona
2314 3717 2379 3756 ac
2406 3699 2763 3770 pulchrisona
2795 3697 3035 3772 Spiritus
3079 3699 3292 3769 cinyra,
3334 3695 3589 3752 modula-

1994 3809 2105 3855 tam
2139 3795 2583 3865 concinnamque
2616 3790 2706 3847 his
2748 3791 2846 3861 qui
2889 3798 3045 3847 recto
3093 3789 3282 3844 animo
3325 3788 3439 3847 sint
3466 3787 3591 3860 pul-

1991 3905 2121 3946 sans
2169 3886 2460 3957 theologia:
2505 3898 2700 3955 vocem
2732 3901 2748 3938 :
2778 3897 3038 3955 magnum
3087 3881 3182 3937 Dei
3225 3879 3397 3936 Verbi
3438 3877 3590 3936 toni-

1991 3990 2202 4045 truum,
2233 3978 2457 4033 sublimi
2488 3989 2801 4048 magnoque
2816 3974 3035 4045 fragore
3063 3973 3197 4030 Jesu
3225 3971 3588 4028 resurrectio—

1992 4087 2120 4126 nem
2153 4070 2472 4126 Judaeorum
2513 4065 2799 4122 mentibus
2839 4066 3126 4131 insonans,
3180 4073 3349 4134 atque
3392 4078 3586 4119 eorum

1991 4163 2180 4218 cordis
2220 4160 2482 4232 frangens
2525 4159 2839 4215 duritiam:
2888 4158 3266 4228 hactenusque
3308 4155 3588 4212 desertam

1993 4252 2321 4321 concutiens
2346 4251 2594 4323 gentium
2624 4248 2960 4314 Ecclesiam,
2982 4249 3146 4318 eique
3178 4247 3385 4303 sensim
3416 4245 3588 4302 Verbi

1995 4343 2298 4416 evangelici
2329 4356 2554 4398 sensum
2595 4341 2877 4412 ingerens,
2909 4348 3076 4410 atque
3107 4338 3374 4411 improbae
3407 4338 3587 4411 Syna-

288 4431 458 4504 μένου
486 4430 666 4499 Λόγου
686 4432 1041 4501 προσάγουσα
1059 4469 1075 4494 ,
1103 4429 1196 4482 καὶ
1222 4432 1287 4500 τῇ
1317 4429 1556 4499 ἀποδολῇ
1579 4429 1681 4498 τῆς
1711 4427 1890 4494 ἀγνώ-

1993 4455 2145 4512 gogae
2174 4439 2410 4511 repudio
2438 4437 2674 4512 probam
2706 4445 3034 4508 gratamque
3077 4450 3336 4508 sponsam
3364 4435 3587 4494 Christo

286 4538 459 4591 μονος
512 4523 849 4593 Συναγωγῆς
914 4521 1017 4591 τὴν
1089 4521 1413 4591 εὐγνώμονα
1473 4519 1886 4591 μνηστευομένη

283 4615 544 4686 Χριστῷ.

365 4705 540 4776 Δεῦρό
577 4721 691 4774 μοι,
720 4702 1111 4773 μακαριώτατε
1156 4701 1405 4764 Ἰάκωϐε,
1439 4703 1467 4754 ὀ
1511 4701 1590 4772 τῷ
1624 4699 1890 4770 ἀπλάστῳ

280 4795 386 4852 τοῦ
413 4798 581 4868 ἧθους
612 4796 708 4850 καὶ⁵
734 4795 1045 4865 άγαθοειδεϊ
1072 4795 1170 4848 καὶ
1200 4794 1542 4866 μονοτρόπῳ,
1571 4793 1648 4864 τῷ
1685 4794 1768 4847 ἑνὶ
1795 4792 1891 4847 καὶ

281 4873 487 4960 ἀγαθῴ
539 4888 688 4959 μόνῳ
738 4887 841 4957 τὴν
870 4887 1036 4956 φύσιν
1067 4885 1397 4956 ἀγαπηθεὶς,
1427 4884 1660 4940 καὶτῶν
1687 4900 1889 4956 πατρι-

256 4981 405 5036 νκῶν
436 4981 700 5048 εὐλογιῶν
741 4979 1085 5051 κληρονόμος
1140 4977 1513 5048 ἀποδειχθεὶς,
1563 4976 1661 5031 καὶ
1715 4977 1892 5052 ταύτῃ

279 5077 382 5129 τὸν
405 5073 515 5144 πρὸ
553 5076 862 5145 γεννήσεως
903 5070 1278 5144 μεμισημένον
1347 5069 1517 5124 Ἡσαῦ
1553 5067 1891 5141 ιπτερνικὼς

279 5166 384 5222 καὶ
417 5162 938 5236 παρευδοκιμηκὼς,
973 5163 1050 5228 ὡς
1074 5163 1186 5218 τῶν
1212 5163 1599 5234 πρωτοτοκίων
1621 5163 1723 5233 τῆς
1745 5161 1892 5218 κατά

283 5254 511 5327 πνεῦμα
536 5255 850 5326 γεννήσεως
871 5251 1198 5325 ἠξιωμένος.
1224 5252 1284 5306 Ὀ
1297 5253 1374 5324 τῷ
1396 5250 1636 5324 ἀληθινῷ
1675 5250 1886 5319 Ἰσαάκ,

285 5350 386 5422 τὴν
417 5347 642 5422 άληθῶς
669 5347 834 5418 φίλην
876 5343 1028 5418 αὐτῷ
1061 5347 1162 5417 τῆς
1190 5343 1430 5409 πίστεως
1463 5343 1887 5417 προεισενεγκά-

291 5458 453 5515 μενος
489 5441 731 5515 τροφὴν,
766 5439 864 5492 καὶ
895 5439 984 5493 διὰ
1026 5436 1194 5492 τοῦτο
1225 5438 1514 5493 κατέναντι
1545 5436 1643 5490 τοῦ
1675 5435 1887 5508 πατρὸς

293 5532 706 5608 εὐηρεστηκὼς,
734 5531 831 5585 καὶ
856 5529 944 5584 διὰ
988 5526 1152 5583 τοῦτο
1179 5526 1385 5594 τελέως
1412 5525 1759 5600 εὐλογηθείς·
1793 5526 1890 5580 καὶ

1988 4529 2267 4585 adhibens
2300 4529 2346 4584 ⁸.

2066 4701 2215 4757 Ades
2244 4701 2401 4766 dum,
2433 4696 2755 4755 beatissime
2793 4697 3022 4764 Jacobe,
3054 4712 3273 4753 morum
3320 4695 3589 4767 simplici-

1991 4802 2104 4851 tate
2131 4801 2190 4849 et
2217 4793 2468 4848 bonitate
2497 4799 2556 4847 et
2586 4787 2988 4854 uniformitate,
3014 4789 3066 4844 ei
3093 4788 3191 4858 qui
3223 4803 3368 4842 unus
3407 4786 3590 4842 solus-

1999 4898 2110 4956 que
2163 4891 2364 4939 natura
2410 4881 2596 4938 bonus
2642 4889 2750 4947 est,
2808 4879 3069 4948 dilectus,
3115 4884 3590 4949 paternarumque

1997 4972 2455 5031 benedictionum
2511 4972 2690 5028 haeres
2729 4970 2931 5028 eﬁ‘ecte
2946 4971 2990 5036 ',
3008 4985 3073 5027 ac
3129 4969 3224 5042 qui
3265 4971 3338 5024 ea
3374 4969 3591 5025 ratione

1999 5067 2143 5123 Esau
2175 5072 2304 5120 ante
2335 5071 2521 5120 ortum
2544 5062 2853 5119 nativitatis
2883 5061 3013 5119 odio
3042 5062 3294 5117 habitum
3323 5060 3590 5131 supplan-

2000 5153 2231 5216 taveris,
2266 5167 2334 5208 ac
2365 5151 2543 5223 gloria
2582 5150 2958 5221 superaveris,
3003 5150 3156 5205 velut
3186 5149 3452 5205 nimirum
3490 5149 3588 5220 qui

1995 5246 2266 5318 spiritalis
2293 5243 2600 5301 nativitatis
2620 5243 2902 5316 primitiva
2922 5253 3117 5299 nactus
3147 5242 3316 5299 sis".
3331 5241 3436 5311 Qui
3457 5257 3590 5299 vero

1995 5336 2173 5405 lsaac,
2208 5351 2342 5393 vere
2367 5334 2447 5390 illi
2476 5343 2736 5405 acceptos
2766 5332 2897 5390 ﬁdei
2935 5334 3094 5390 cibos
3127 5333 3404 5400 intuleris,
3437 5349 3588 5390 eam-

1996 5444 2108 5501 que
2139 5427 2213 5485 ob
2259 5443 2378 5484 rem
2409 5443 2595 5484 coram
2624 5426 2789 5483 Patre
2828 5424 3132 5498 placueris,
3175 5441 3242 5483 ac
3293 5436 3586 5499 propterea
3627 5431 3636 5470 ι

1995 5521 2298 5595 perfectam
2330 5520 2779 5577 benedictionem
2799 5529 3136 5578 consecutus
3155 5521 3267 5590 sis;
3296 5521 3589 5576 frumenti-

355 5718 378 5752 '
598 5724 794 5774 xxvm,
823 5709 877 5778 5,
904 5709 959 5768 8.
1033 5709 1056 5745 '
1090 5708 1233 5766 Gen.
1261 5725 1388 5779 xxv,
1419 5709 1511 5778 25,
1539 5705 1629 5778 27;
1700 5707 1758 5757 ’.³⁵
1781 5707 1942 5764 Rom.
1975 5721 2052 5773 Ix,
2087 5706 2146 5761 tl
2172 5722 2188 5775 ;
2231 5703 2463 5761 Malach.
2492 5718 2530 5772 ι,
2564 5701 2621 5757 2.
