  <div class='ocr_page' id='page_1' title='image "/cluster/home/n/w/nwhite01/storage/ocr_20150623/105/mdp.39015008714183/053.png"; bbox 0 0 4086 6282; ppageno 0'>
   <div class='ocr_carea' id='block_1_1' title="bbox 509 258 2183 333">
    <p class='ocr_par' dir='ltr' id='par_1_1' title="bbox 509 258 2183 332">
     <span class='ocr_line' id='line_1_1' title="bbox 509 258 2183 332; baseline 0.004 -8"><span class='ocrx_word' id='word_1_1' title='bbox 509 258 578 325; x_wconf 84' lang='grc'><strong>91</strong></span> <span class='ocrx_word' id='word_1_2' title='bbox 1735 267 2037 332; x_wconf 66' lang='grc' dir='ltr'><strong>ΝΙΟΕΤΕ</strong></span> <span class='ocrx_word' id='word_1_3' title='bbox 2072 270 2183 332; x_wconf 81' lang='lat' dir='ltr'><strong>PA]</strong></span> 
     </span>
    </p>
   </div>
   <div class='ocr_carea' id='block_1_2' title="bbox 2224 258 3829 333">
    <p class='ocr_par' dir='ltr' id='par_1_2' title="bbox 2224 268 3829 332">
     <span class='ocr_line' id='line_1_2' title="bbox 2224 268 3829 332; baseline 0 -1"><span class='ocrx_word' id='word_1_4' title='bbox 2224 268 2611 332; x_wconf 77' lang='lat' dir='ltr'><strong>HLAGONIS</strong></span> <span class='ocrx_word' id='word_1_5' title='bbox 3742 268 3829 331; x_wconf 69' lang='lat'><strong>91</strong></span> 
     </span>
    </p>
   </div>
   <div class='ocr_carea' id='block_1_3' title="bbox 505 381 2183 459">
    <p class='ocr_par' dir='ltr' id='par_1_3' title="bbox 505 382 2183 459">
     <span class='ocr_line' id='line_1_3' title="bbox 505 382 2183 459; baseline 0.007 -23"><span class='ocrx_word' id='word_1_6' title='bbox 505 398 618 452; x_wconf 87' lang='lat' dir='ltr'><strong>que</strong></span> <span class='ocrx_word' id='word_1_7' title='bbox 646 395 714 439; x_wconf 84' lang='lat' dir='ltr'><strong>ac</strong></span> <span class='ocrx_word' id='word_1_8' title='bbox 750 382 867 439; x_wconf 84' lang='lat' dir='ltr'><strong>vini</strong></span> <span class='ocrx_word' id='word_1_9' title='bbox 913 382 1076 451; x_wconf 90' lang='lat' dir='ltr'><strong>loco,</strong></span> <span class='ocrx_word' id='word_1_10' title='bbox 1125 382 1413 456; x_wconf 84' lang='lat' dir='ltr'><strong>Unigenlti</strong></span> <span class='ocrx_word' id='word_1_11' title='bbox 1454 398 1695 456; x_wconf 87' lang='lat' dir='ltr'><strong>corpore</strong></span> <span class='ocrx_word' id='word_1_12' title='bbox 1735 394 1795 443; x_wconf 87' lang='lat' dir='ltr'><strong>et</strong></span> <span class='ocrx_word' id='word_1_13' title='bbox 1841 385 2112 459; x_wconf 83' lang='lat' dir='ltr'><strong>sanguine</strong></span> <span class='ocrx_word' id='word_1_14' title='bbox 2140 388 2183 447; x_wconf 83' lang='grc' dir='ltr'><strong>Δ</strong></span> 
     </span>
    </p>
   </div>
   <div class='ocr_carea' id='block_1_4' title="bbox 2224 381 3834 459">
    <p class='ocr_par' dir='ltr' id='par_1_4' title="bbox 2224 381 3834 456">
     <span class='ocr_line' id='line_1_4' title="bbox 2224 381 3834 456; baseline -0.005 -14"><span class='ocrx_word' id='word_1_15' title='bbox 2224 387 2363 442; x_wconf 61' lang='grc' dir='ltr'>ἀντὶ·</span> <span class='ocrx_word' id='word_1_16' title='bbox 2400 386 2553 441; x_wconf 81' lang='grc' dir='ltr'><strong>σίτου</strong></span> <span class='ocrx_word' id='word_1_17' title='bbox 2610 383 2708 440; x_wconf 76' lang='grc' dir='ltr'>καὶ</span> <span class='ocrx_word' id='word_1_18' title='bbox 2756 385 2928 449; x_wconf 71' lang='grc' dir='ltr'>οἴνου,</span> <span class='ocrx_word' id='word_1_19' title='bbox 2972 381 3055 451; x_wconf 79' lang='grc' dir='ltr'><strong>τῷ</strong></span> <span class='ocrx_word' id='word_1_20' title='bbox 3086 383 3305 456; x_wconf 81' lang='grc' dir='ltr'>σώματι</span> <span class='ocrx_word' id='word_1_21' title='bbox 3358 382 3458 439; x_wconf 76' lang='grc' dir='ltr'>καὶ</span> <span class='ocrx_word' id='word_1_22' title='bbox 3501 384 3699 455; x_wconf 73' lang='grc' dir='ltr'>αἵματι</span> <span class='ocrx_word' id='word_1_23' title='bbox 3724 385 3834 437; x_wconf 65' lang='lat' dir='ltr'><strong>toil</strong></span> 
     </span>
    </p>
   </div>
   <div class='ocr_carea' id='block_1_5' title="bbox 504 462 2183 548">
    <p class='ocr_par' dir='ltr' id='par_1_5' title="bbox 504 474 2107 547">
     <span class='ocr_line' id='line_1_5' title="bbox 504 474 2107 547; baseline 0.003 -19"><span class='ocrx_word' id='word_1_24' title='bbox 504 474 918 541; x_wconf 74' lang='lat' dir='ltr'><strong>constabilitas,</strong></span> <span class='ocrx_word' id='word_1_25' title='bbox 966 475 1351 547; x_wconf 89' lang='lat' dir='ltr'><strong>Dominusque</strong></span> <span class='ocrx_word' id='word_1_26' title='bbox 1390 484 1452 532; x_wconf 92' lang='lat' dir='ltr'><strong>et</strong></span> <span class='ocrx_word' id='word_1_27' title='bbox 1485 475 1658 547; x_wconf 77' lang='lat' dir='ltr'><strong>iudex</strong></span> <span class='ocrx_word' id='word_1_28' title='bbox 1702 478 2107 535; x_wconf 83' lang='lat' dir='ltr'><strong>contribulium</strong></span> 
     </span>
    </p>
   </div>
   <div class='ocr_carea' id='block_1_6' title="bbox 2224 462 3837 548">
    <p class='ocr_par' dir='ltr' id='par_1_6' title="bbox 2224 462 3837 548">
     <span class='ocr_line' id='line_1_6' title="bbox 2224 462 3837 548; baseline -0.004 -16"><span class='ocrx_word' id='word_1_29' title='bbox 2224 476 2557 548; x_wconf 67' lang='grc' dir='ltr'><strong>Μονογενοῦς</strong></span> <span class='ocrx_word' id='word_1_30' title='bbox 2604 476 2956 548; x_wconf 71' lang='grc' dir='ltr'>στηριχθείςο</span> <span class='ocrx_word' id='word_1_31' title='bbox 2990 476 3087 531; x_wconf 79' lang='grc' dir='ltr'>καὶ</span> <span class='ocrx_word' id='word_1_32' title='bbox 3125 475 3320 548; x_wconf 82' lang='grc' dir='ltr'>κύριος</span> <span class='ocrx_word' id='word_1_33' title='bbox 3348 474 3448 529; x_wconf 74' lang='grc' dir='ltr'>καὶ</span> <span class='ocrx_word' id='word_1_34' title='bbox 3487 474 3685 546; x_wconf 83' lang='grc' dir='ltr'><strong>κριτὴς</strong></span> <span class='ocrx_word' id='word_1_35' title='bbox 3711 462 3837 527; x_wconf 76' lang='grc' dir='ltr'><strong>τῶν</strong></span> 
     </span>
    </p>
   </div>
   <div class='ocr_carea' id='block_1_7' title="bbox 506 567 2183 641">
    <p class='ocr_par' dir='ltr' id='par_1_7' title="bbox 506 567 1108 625">
     <span class='ocr_line' id='line_1_7' title="bbox 506 567 1108 625; baseline 0.008 -4"><span class='ocrx_word' id='word_1_36' title='bbox 506 567 576 621; x_wconf 84' lang='lat' dir='ltr'><strong>ab</strong></span> <span class='ocrx_word' id='word_1_37' title='bbox 600 581 669 620; x_wconf 85' lang='lat' dir='ltr'><strong>eo</strong></span> <span class='ocrx_word' id='word_1_38' title='bbox 699 567 1036 625; x_wconf 88' lang='lat' dir='ltr'><strong>constitutus</strong></span> <span class='ocrx_word' id='word_1_39' title='bbox 1064 568 1108 625; x_wconf 73' lang='grc'><strong>⁸.</strong></span> 
     </span>
    </p>
   </div>
   <div class='ocr_carea' id='block_1_8' title="bbox 2224 567 3140 641">
    <p class='ocr_par' dir='ltr' id='par_1_8' title="bbox 2224 568 3140 641">
     <span class='ocr_line' id='line_1_8' title="bbox 2224 568 3140 641; baseline 0.001 -18"><span class='ocrx_word' id='word_1_40' title='bbox 2224 568 2490 641; x_wconf 80' lang='grc' dir='ltr'>5μογενῶν</span> <span class='ocrx_word' id='word_1_41' title='bbox 2522 568 2616 622; x_wconf 83' lang='grc' dir='ltr'><strong>ὑπ’</strong></span> <span class='ocrx_word' id='word_1_42' title='bbox 2648 568 2815 622; x_wconf 80' lang='grc' dir='ltr'><strong>αὐτοῦ</strong></span> <span class='ocrx_word' id='word_1_43' title='bbox 2841 569 3140 633; x_wconf 81' lang='grc' dir='ltr'><strong>καταστάς.</strong></span> 
     </span>
    </p>
   </div>
   <div class='ocr_carea' id='block_1_9' title="bbox 568 657 2183 733">
    <p class='ocr_par' dir='ltr' id='par_1_9' title="bbox 568 657 2109 732">
     <span class='ocr_line' id='line_1_9' title="bbox 568 657 2109 732; baseline 0.006 -20"><span class='ocrx_word' id='word_1_44' title='bbox 568 657 889 725; x_wconf 82' lang='lat' dir='ltr'><strong>Adesdum;</strong></span> <span class='ocrx_word' id='word_1_45' title='bbox 919 676 981 714; x_wconf 89' lang='lat' dir='ltr'><strong>os</strong></span> <span class='ocrx_word' id='word_1_46' title='bbox 1010 660 1359 732; x_wconf 89' lang='lat' dir='ltr'><strong>deiloquium</strong></span> <span class='ocrx_word' id='word_1_47' title='bbox 1392 660 1649 729; x_wconf 83' lang='lat' dir='ltr'><strong>admove,</strong></span> <span class='ocrx_word' id='word_1_48' title='bbox 1690 664 1967 721; x_wconf 81' lang='lat' dir='ltr'><strong>excelsam</strong></span> <span class='ocrx_word' id='word_1_49' title='bbox 2007 678 2109 721; x_wconf 83' lang='lat' dir='ltr'><strong>vo-</strong></span> 
     </span>
    </p>
   </div>
   <div class='ocr_carea' id='block_1_10' title="bbox 2224 657 3830 733">
    <p class='ocr_par' dir='ltr' id='par_1_10' title="bbox 2285 658 3830 733">
     <span class='ocr_line' id='line_1_10' title="bbox 2285 658 3830 733; baseline -0.003 -18"><span class='ocrx_word' id='word_1_50' title='bbox 2285 661 2457 733; x_wconf 80' lang='grc' dir='ltr'><strong>Δεῦρό</strong></span> <span class='ocrx_word' id='word_1_51' title='bbox 2489 678 2604 732; x_wconf 89' lang='grc' dir='ltr'><strong>μοι,</strong></span> <span class='ocrx_word' id='word_1_52' title='bbox 2637 660 2885 731; x_wconf 80' lang='grc' dir='ltr'>πρόσαγε</span> <span class='ocrx_word' id='word_1_53' title='bbox 2915 660 2977 713; x_wconf 79' lang='grc' dir='ltr'><strong>τὸ</strong></span> <span class='ocrx_word' id='word_1_54' title='bbox 3004 659 3270 732; x_wconf 81' lang='grc' dir='ltr'>θεηγόρον</span> <span class='ocrx_word' id='word_1_55' title='bbox 3296 660 3497 729; x_wconf 82' lang='grc' dir='ltr'>στόμα,</span> <span class='ocrx_word' id='word_1_56' title='bbox 3537 658 3830 729; x_wconf 77' lang='grc' dir='ltr'><strong>ὕψηγόρον</strong></span> 
     </span>
    </p>
   </div>
   <div class='ocr_carea' id='block_1_11' title="bbox 506 751 2183 827">
    <p class='ocr_par' dir='ltr' id='par_1_11' title="bbox 506 753 2110 826">
     <span class='ocr_line' id='line_1_11' title="bbox 506 753 2110 826; baseline 0.003 -19"><span class='ocrx_word' id='word_1_57' title='bbox 506 767 628 807; x_wconf 89' lang='lat' dir='ltr'><strong>cem</strong></span> <span class='ocrx_word' id='word_1_58' title='bbox 663 768 729 807; x_wconf 90' lang='lat' dir='ltr'><strong>ac</strong></span> <span class='ocrx_word' id='word_1_59' title='bbox 753 753 1046 808; x_wconf 89' lang='lat' dir='ltr'><strong>deisonum</strong></span> <span class='ocrx_word' id='word_1_60' title='bbox 1082 753 1391 809; x_wconf 88' lang='lat' dir='ltr'><strong>immittens</strong></span> <span class='ocrx_word' id='word_1_61' title='bbox 1431 755 1741 826; x_wconf 86' lang='lat' dir='ltr'><strong>eloquium,</strong></span> <span class='ocrx_word' id='word_1_62' title='bbox 1769 755 1955 823; x_wconf 88' lang='lat' dir='ltr'><strong>aspira</strong></span> <span class='ocrx_word' id='word_1_63' title='bbox 1980 772 2110 812; x_wconf 81' lang='lat' dir='ltr'><strong>ver-</strong></span> 
     </span>
    </p>
   </div>
   <div class='ocr_carea' id='block_1_12' title="bbox 2224 751 3832 827">
    <p class='ocr_par' dir='ltr' id='par_1_12' title="bbox 2224 751 3832 827">
     <span class='ocr_line' id='line_1_12' title="bbox 2224 751 3832 827; baseline -0.002 -19"><span class='ocrx_word' id='word_1_64' title='bbox 2224 755 2465 827; x_wconf 78' lang='grc' dir='ltr'>ιρθέγμα,</span> <span class='ocrx_word' id='word_1_65' title='bbox 2520 755 2619 808; x_wconf 73' lang='grc' dir='ltr'><strong>καὶ</strong></span> <span class='ocrx_word' id='word_1_66' title='bbox 2671 754 3008 824; x_wconf 83' lang='grc' dir='ltr'>θεόφθογγον</span> <span class='ocrx_word' id='word_1_67' title='bbox 3055 755 3222 818; x_wconf 78' lang='grc' dir='ltr'><strong>ἐνιεὶς</strong></span> <span class='ocrx_word' id='word_1_68' title='bbox 3252 752 3467 818; x_wconf 82' lang='grc' dir='ltr'>λαλιὰν,</span> <span class='ocrx_word' id='word_1_69' title='bbox 3501 751 3832 823; x_wconf 71' lang='grc' dir='ltr'>ἐμπνευσον</span> 
     </span>
    </p>
   </div>
   <div class='ocr_carea' id='block_1_13' title="bbox 508 844 2183 924">
    <p class='ocr_par' dir='ltr' id='par_1_13' title="bbox 508 845 2115 920">
     <span class='ocr_line' id='line_1_13' title="bbox 508 845 2115 920; baseline 0.004 -21"><span class='ocrx_word' id='word_1_70' title='bbox 508 845 639 900; x_wconf 91' lang='lat' dir='ltr'><strong>bum</strong></span> <span class='ocrx_word' id='word_1_71' title='bbox 678 845 842 901; x_wconf 79' lang='lat' dir='ltr'><strong>lldele</strong></span> <span class='ocrx_word' id='word_1_72' title='bbox 868 861 934 907; x_wconf 87' lang='lat' dir='ltr'><strong>ac</strong></span> <span class='ocrx_word' id='word_1_73' title='bbox 963 863 1199 914; x_wconf 86' lang='lat' dir='ltr'><strong>verum;</strong></span> <span class='ocrx_word' id='word_1_74' title='bbox 1239 863 1439 918; x_wconf 84' lang='lat' dir='ltr'><strong>nempe</strong></span> <span class='ocrx_word' id='word_1_75' title='bbox 1474 848 1711 903; x_wconf 79' lang='lat' dir='ltr'><strong>verbum</strong></span> <span class='ocrx_word' id='word_1_76' title='bbox 1749 860 1939 905; x_wconf 88' lang='lat' dir='ltr'><strong>vestra</strong></span> <span class='ocrx_word' id='word_1_77' title='bbox 1979 865 2115 920; x_wconf 83' lang='lat' dir='ltr'><strong>apo-</strong></span> 
     </span>
    </p>
   </div>
   <div class='ocr_carea' id='block_1_14' title="bbox 2224 844 3840 924">
    <p class='ocr_par' dir='ltr' id='par_1_14' title="bbox 2224 844 3840 924">
     <span class='ocr_line' id='line_1_14' title="bbox 2224 844 3840 924; baseline -0.012 -18"><span class='ocrx_word' id='word_1_78' title='bbox 2224 852 2374 924; x_wconf 78' lang='grc' dir='ltr'>ῥῆμα</span> <span class='ocrx_word' id='word_1_79' title='bbox 2404 849 2597 904; x_wconf 79' lang='grc' dir='ltr'>πιστὸν</span> <span class='ocrx_word' id='word_1_80' title='bbox 2626 851 2723 903; x_wconf 81' lang='grc' dir='ltr'>καὶ</span> <span class='ocrx_word' id='word_1_81' title='bbox 2750 848 3029 917; x_wconf 79' lang='grc' dir='ltr'>ἀληθινὸν,</span> <span class='ocrx_word' id='word_1_82' title='bbox 3064 848 3217 920; x_wconf 81' lang='grc' dir='ltr'>ῥῆμα</span> <span class='ocrx_word' id='word_1_83' title='bbox 3245 846 3349 915; x_wconf 80' lang='grc' dir='ltr'><strong>τῆς</strong></span> <span class='ocrx_word' id='word_1_84' title='bbox 3375 844 3655 916; x_wconf 67' lang='grc' dir='ltr'>ὑμετέρας</span> <span class='ocrx_word' id='word_1_85' title='bbox 3682 847 3840 898; x_wconf 79' lang='grc' dir='ltr'><strong>ἀπο..</strong></span> 
     </span>
    </p>
   </div>
   <div class='ocr_carea' id='block_1_15' title="bbox 509 936 2183 1014">
    <p class='ocr_par' dir='ltr' id='par_1_15' title="bbox 509 939 2110 1013">
     <span class='ocr_line' id='line_1_15' title="bbox 509 939 2110 1013; baseline 0.003 -20"><span class='ocrx_word' id='word_1_86' title='bbox 509 940 692 994; x_wconf 89' lang='lat' dir='ltr'><strong>stolici</strong></span> <span class='ocrx_word' id='word_1_87' title='bbox 720 943 971 995; x_wconf 87' lang='lat' dir='ltr'><strong>muneris</strong></span> <span class='ocrx_word' id='word_1_88' title='bbox 1001 939 1313 1008; x_wconf 85' lang='lat' dir='ltr'><strong>functione,</strong></span> <span class='ocrx_word' id='word_1_89' title='bbox 1344 940 1461 996; x_wconf 89' lang='lat' dir='ltr'><strong>sive</strong></span> <span class='ocrx_word' id='word_1_90' title='bbox 1491 944 1800 998; x_wconf 72' lang='lat' dir='ltr'><strong>certamine</strong></span> <span class='ocrx_word' id='word_1_91' title='bbox 1857 943 2110 1013; x_wconf 80' lang='lat' dir='ltr'><strong>dignum.</strong></span> 
     </span>
    </p>
   </div>
   <div class='ocr_carea' id='block_1_16' title="bbox 2224 936 3845 1014">
    <p class='ocr_par' dir='ltr' id='par_1_16' title="bbox 2224 936 3845 1014">
     <span class='ocr_line' id='line_1_16' title="bbox 2224 936 3845 1014; baseline -0.006 -16"><span class='ocrx_word' id='word_1_92' title='bbox 2224 944 2439 1014; x_wconf 82' lang='grc' dir='ltr'><strong>στολῆς,</strong></span> <span class='ocrx_word' id='word_1_93' title='bbox 2477 943 2578 997; x_wconf 73' lang='grc' dir='ltr'><strong>εἶτ’</strong></span> <span class='ocrx_word' id='word_1_94' title='bbox 2621 940 2718 997; x_wconf 80' lang='grc' dir='ltr'>οὖν</span> <span class='ocrx_word' id='word_1_95' title='bbox 2752 942 3037 1011; x_wconf 84' lang='grc' dir='ltr'><strong>ἀθλήσεως</strong></span> <span class='ocrx_word' id='word_1_96' title='bbox 3083 940 3266 1006; x_wconf 82' lang='grc' dir='ltr'>ἀξιον·</span> <span class='ocrx_word' id='word_1_97' title='bbox 3296 940 3359 993; x_wconf 82' lang='grc' dir='ltr'><strong>οὐ</strong></span> <span class='ocrx_word' id='word_1_98' title='bbox 3399 940 3511 1013; x_wconf 82' lang='grc' dir='ltr'><strong>γάρ</strong></span> <span class='ocrx_word' id='word_1_99' title='bbox 3546 956 3637 1007; x_wconf 81' lang='grc' dir='ltr'>μοι</span> <span class='ocrx_word' id='word_1_100' title='bbox 3665 936 3845 1007; x_wconf 77' lang='grc' dir='ltr'>θέμις</span> 
     </span>
    </p>
   </div>
   <div class='ocr_carea' id='block_1_17' title="bbox 511 1027 2183 1109">
    <p class='ocr_par' dir='ltr' id='par_1_17' title="bbox 511 1031 2115 1106">
     <span class='ocr_line' id='line_1_17' title="bbox 511 1031 2115 1106; baseline 0.001 -18"><span class='ocrx_word' id='word_1_101' title='bbox 511 1031 679 1088; x_wconf 82' lang='lat' dir='ltr'><strong>Nefas</strong></span> <span class='ocrx_word' id='word_1_102' title='bbox 707 1032 856 1087; x_wconf 90' lang='lat' dir='ltr'><strong>enim</strong></span> <span class='ocrx_word' id='word_1_103' title='bbox 886 1049 948 1087; x_wconf 83' lang='lat' dir='ltr'><strong>ea</strong></span> <span class='ocrx_word' id='word_1_104' title='bbox 981 1035 1228 1104; x_wconf 75' lang='lat' dir='ltr'><strong>aggredi,</strong></span> <span class='ocrx_word' id='word_1_105' title='bbox 1252 1051 1377 1106; x_wconf 60' lang='lat' dir='ltr'><strong>quae</strong></span> <span class='ocrx_word' id='word_1_106' title='bbox 1404 1037 1613 1105; x_wconf 82' lang='lat' dir='ltr'><strong>majora</strong></span> <span class='ocrx_word' id='word_1_107' title='bbox 1634 1052 1799 1105; x_wconf 87' lang='lat' dir='ltr'><strong>quam</strong></span> <span class='ocrx_word' id='word_1_108' title='bbox 1827 1051 1928 1105; x_wconf 86' lang='lat' dir='ltr'><strong>pro</strong></span> <span class='ocrx_word' id='word_1_109' title='bbox 1959 1036 2115 1091; x_wconf 83' lang='lat' dir='ltr'><strong>tenui</strong></span> 
     </span>
    </p>
   </div>
   <div class='ocr_carea' id='block_1_18' title="bbox 2224 1027 3842 1109">
    <p class='ocr_par' dir='ltr' id='par_1_18' title="bbox 2224 1027 3842 1109">
     <span class='ocr_line' id='line_1_18' title="bbox 2224 1027 3842 1109; baseline 0.002 -18"><span class='ocrx_word' id='word_1_110' title='bbox 2224 1038 2490 1109; x_wconf 69' lang='grc' dir='ltr'>ἐγχειρεῖν</span> <span class='ocrx_word' id='word_1_111' title='bbox 2512 1040 2619 1100; x_wconf 80' lang='grc' dir='ltr'><strong>τοῖς</strong></span> <span class='ocrx_word' id='word_1_112' title='bbox 2656 1037 2800 1107; x_wconf 81' lang='grc' dir='ltr'>ὑπὲρ</span> <span class='ocrx_word' id='word_1_113' title='bbox 2834 1038 2967 1107; x_wconf 77' lang='grc' dir='ltr'>ἐμέο</span> <span class='ocrx_word' id='word_1_114' title='bbox 3004 1036 3228 1103; x_wconf 85' lang='grc' dir='ltr'><strong>Βροτὸς</strong></span> <span class='ocrx_word' id='word_1_115' title='bbox 3260 1034 3431 1109; x_wconf 63' lang='lat'><strong>[85:31.</strong></span> <span class='ocrx_word' id='word_1_116' title='bbox 3473 1027 3842 1105; x_wconf 66' lang='grc' dir='ltr'><strong>’Δνθρωποςι</strong></span> 
     </span>
    </p>
   </div>
   <div class='ocr_carea' id='block_1_19' title="bbox 509 1123 2183 1200">
    <p class='ocr_par' dir='ltr' id='par_1_19' title="bbox 509 1124 2118 1182">
     <span class='ocr_line' id='line_1_19' title="bbox 509 1124 2118 1182; baseline 0.002 -4"><span class='ocrx_word' id='word_1_117' title='bbox 509 1140 635 1181; x_wconf 88' lang='lat' dir='ltr'><strong>mea</strong></span> <span class='ocrx_word' id='word_1_118' title='bbox 662 1124 925 1181; x_wconf 75' lang='lat' dir='ltr'><strong>facultate</strong></span> <span class='ocrx_word' id='word_1_119' title='bbox 946 1134 1098 1181; x_wconf 88' lang='lat' dir='ltr'><strong>sunt.</strong></span> <span class='ocrx_word' id='word_1_120' title='bbox 1128 1126 1374 1182; x_wconf 79' lang='lat' dir='ltr'><strong>Mortalis</strong></span> <span class='ocrx_word' id='word_1_121' title='bbox 1401 1130 1550 1182; x_wconf 87' lang='lat' dir='ltr'><strong>enim</strong></span> <span class='ocrx_word' id='word_1_122' title='bbox 1585 1138 1780 1181; x_wconf 80' lang='lat' dir='ltr'><strong>temere</strong></span> <span class='ocrx_word' id='word_1_123' title='bbox 1817 1138 1973 1182; x_wconf 83' lang='lat' dir='ltr'><strong>natat</strong></span> <span class='ocrx_word' id='word_1_124' title='bbox 1998 1144 2118 1182; x_wconf 77' lang='lat' dir='ltr'><strong>ser-</strong></span> 
     </span>
    </p>
   </div>
   <div class='ocr_carea' id='block_1_20' title="bbox 2224 1123 3842 1200">
    <p class='ocr_par' dir='ltr' id='par_1_20' title="bbox 2224 1123 3842 1200">
     <span class='ocr_line' id='line_1_20' title="bbox 2224 1123 3842 1200; baseline -0.007 -17"><span class='ocrx_word' id='word_1_125' title='bbox 2224 1128 2331 1200; x_wconf 86' lang='grc' dir='ltr'><strong>γὰρ</strong></span> <span class='ocrx_word' id='word_1_126' title='bbox 2382 1128 2591 1195; x_wconf 71' lang='grc' dir='ltr'><strong>ἄλλως</strong></span> <span class='ocrx_word' id='word_1_127' title='bbox 2640 1128 2895 1195; x_wconf 74' lang='grc' dir='ltr'>νήχεται</span> <span class='ocrx_word' id='word_1_128' title='bbox 2946 1129 3190 1197; x_wconf 68' lang='grc' dir='ltr'><strong>λόγοις,</strong></span> <span class='ocrx_word' id='word_1_129' title='bbox 3239 1124 3384 1179; x_wconf 80' lang='grc' dir='ltr'>κατὰ</span> <span class='ocrx_word' id='word_1_130' title='bbox 3414 1124 3517 1195; x_wconf 83' lang='grc' dir='ltr'><strong>τὴν</strong></span> <span class='ocrx_word' id='word_1_131' title='bbox 3562 1123 3842 1195; x_wconf 72' lang='grc' dir='ltr'>Γραφήν·</span> 
     </span>
    </p>
   </div>
   <div class='ocr_carea' id='block_1_21' title="bbox 513 1212 2183 1291">
    <p class='ocr_par' dir='ltr' id='par_1_21' title="bbox 513 1215 2117 1290">
     <span class='ocr_line' id='line_1_21' title="bbox 513 1215 2117 1290; baseline 0.004 -21"><span class='ocrx_word' id='word_1_132' title='bbox 513 1215 794 1281; x_wconf 75' lang='lat' dir='ltr'><strong>monibus,</strong></span> <span class='ocrx_word' id='word_1_133' title='bbox 850 1224 911 1271; x_wconf 90' lang='lat' dir='ltr'><strong>ut</strong></span> <span class='ocrx_word' id='word_1_134' title='bbox 963 1217 1152 1273; x_wconf 83' lang='lat' dir='ltr'><strong>divina</strong></span> <span class='ocrx_word' id='word_1_135' title='bbox 1217 1218 1506 1289; x_wconf 83' lang='lat' dir='ltr'><strong>Scriptura</strong></span> <span class='ocrx_word' id='word_1_136' title='bbox 1560 1220 1811 1290; x_wconf 85' lang='lat' dir='ltr'><strong>loquitur</strong></span> <span class='ocrx_word' id='word_1_137' title='bbox 1866 1238 1880 1274; x_wconf 90' lang='lat'>:</span> <span class='ocrx_word' id='word_1_138' title='bbox 1943 1229 2117 1276; x_wconf 79' lang='lat' dir='ltr'><strong>status</strong></span> 
     </span>
    </p>
   </div>
   <div class='ocr_carea' id='block_1_22' title="bbox 2224 1212 3834 1291">
    <p class='ocr_par' dir='ltr' id='par_1_22' title="bbox 2224 1212 3834 1291">
     <span class='ocr_line' id='line_1_22' title="bbox 2224 1212 3834 1291; baseline -0.003 -19"><span class='ocrx_word' id='word_1_139' title='bbox 2224 1218 2382 1288; x_wconf 72' lang='grc' dir='ltr'><strong>πνοὴ</strong></span> <span class='ocrx_word' id='word_1_140' title='bbox 2408 1218 2498 1283; x_wconf 81' lang='grc' dir='ltr'><strong>δὲ,</strong></span> <span class='ocrx_word' id='word_1_141' title='bbox 2519 1219 2709 1291; x_wconf 66' lang='grc' dir='ltr'>φησιν,</span> <span class='ocrx_word' id='word_1_142' title='bbox 2734 1217 3222 1287; x_wconf 74' lang='grc' dir='ltr'><strong>παντοκράτορος</strong></span> <span class='ocrx_word' id='word_1_143' title='bbox 3240 1216 3281 1287; x_wconf 77' lang='grc' dir='ltr'><strong><em>ἠ</em></strong></span> <span class='ocrx_word' id='word_1_144' title='bbox 3320 1212 3705 1271; x_wconf 79' lang='grc' dir='ltr'>διδάσκουσά</span> <span class='ocrx_word' id='word_1_145' title='bbox 3722 1230 3834 1281; x_wconf 68' lang='grc' dir='ltr'>με.</span> 
     </span>
    </p>
   </div>
   <div class='ocr_carea' id='block_1_23' title="bbox 511 1307 2183 1385">
    <p class='ocr_par' dir='ltr' id='par_1_23' title="bbox 511 1312 2115 1383">
     <span class='ocr_line' id='line_1_23' title="bbox 511 1312 2115 1383; baseline 0.006 -20"><span class='ocrx_word' id='word_1_146' title='bbox 511 1316 691 1363; x_wconf 80' lang='lat' dir='ltr'><strong>autem</strong></span> <span class='ocrx_word' id='word_1_147' title='bbox 706 1312 943 1364; x_wconf 85' lang='lat' dir='ltr'><strong>omnium</strong></span> <span class='ocrx_word' id='word_1_148' title='bbox 969 1313 1373 1378; x_wconf 78' lang='lat' dir='ltr'><strong>conservatoris,</strong></span> <span class='ocrx_word' id='word_1_149' title='bbox 1392 1312 1591 1383; x_wconf 86' lang='lat' dir='ltr'><strong>inquit,</strong></span> <span class='ocrx_word' id='word_1_150' title='bbox 1610 1316 1722 1383; x_wconf 76' lang='lat' dir='ltr'><strong>ipse</strong></span> <span class='ocrx_word' id='word_1_151' title='bbox 1741 1315 1890 1368; x_wconf 81' lang='lat' dir='ltr'><strong>docet</strong></span> <span class='ocrx_word' id='word_1_152' title='bbox 1911 1332 2008 1369; x_wconf 79' lang='lat' dir='ltr'><strong>nos</strong></span> <span class='ocrx_word' id='word_1_153' title='bbox 2036 1316 2115 1372; x_wconf 66' lang='lat'><strong>“.</strong></span> 
     </span>
    </p>
   </div>
   <div class='ocr_carea' id='block_1_24' title="bbox 2224 1307 3839 1385">
    <p class='ocr_par' dir='ltr' id='par_1_24' title="bbox 2226 1307 3839 1385">
     <span class='ocr_line' id='line_1_24' title="bbox 2226 1307 3839 1385; baseline -0.004 -18"><span class='ocrx_word' id='word_1_154' title='bbox 2226 1313 2387 1383; x_wconf 80' lang='grc' dir='ltr'><strong>Ἀρτι</strong></span> <span class='ocrx_word' id='word_1_155' title='bbox 2442 1312 2555 1385; x_wconf 80' lang='grc' dir='ltr'><strong>γὰρ</strong></span> <span class='ocrx_word' id='word_1_156' title='bbox 2581 1311 2677 1366; x_wconf 80' lang='grc' dir='ltr'><strong>τοῦ</strong></span> <span class='ocrx_word' id='word_1_157' title='bbox 2708 1312 3153 1383; x_wconf 84' lang='grc' dir='ltr'>θεαρχικωτάτου</span> <span class='ocrx_word' id='word_1_158' title='bbox 3184 1311 3388 1379; x_wconf 85' lang='grc' dir='ltr'><strong>Λόγου.</strong></span> <span class='ocrx_word' id='word_1_159' title='bbox 3421 1309 3615 1381; x_wconf 77' lang='grc' dir='ltr'>ὥσπερ</span> <span class='ocrx_word' id='word_1_160' title='bbox 3641 1307 3731 1363; x_wconf 74' lang='grc' dir='ltr'><strong>ἀεὶ</strong></span> <span class='ocrx_word' id='word_1_161' title='bbox 3760 1310 3839 1380; x_wconf 76' lang='grc' dir='ltr'><strong>τῇ</strong></span> 
     </span>
    </p>
   </div>
   <div class='ocr_carea' id='block_1_25' title="bbox 511 1399 2183 1480">
    <p class='ocr_par' dir='ltr' id='par_1_25' title="bbox 511 1402 2116 1477">
     <span class='ocr_line' id='line_1_25' title="bbox 511 1402 2116 1477; baseline 0.004 -20"><span class='ocrx_word' id='word_1_162' title='bbox 511 1402 631 1457; x_wconf 86' lang='lat' dir='ltr'><strong>Jam</strong></span> <span class='ocrx_word' id='word_1_163' title='bbox 664 1404 814 1457; x_wconf 88' lang='lat' dir='ltr'><strong>enim</strong></span> <span class='ocrx_word' id='word_1_164' title='bbox 859 1404 1211 1459; x_wconf 88' lang='lat' dir='ltr'><strong>divinissimo</strong></span> <span class='ocrx_word' id='word_1_165' title='bbox 1254 1405 1462 1467; x_wconf 80' lang='lat' dir='ltr'><strong>Verbo,</strong></span> <span class='ocrx_word' id='word_1_166' title='bbox 1509 1405 1587 1461; x_wconf 91' lang='lat' dir='ltr'><strong>uti</strong></span> <span class='ocrx_word' id='word_1_167' title='bbox 1621 1422 1847 1477; x_wconf 88' lang='lat' dir='ltr'><strong>semper</strong></span> <span class='ocrx_word' id='word_1_168' title='bbox 1882 1407 2116 1475; x_wconf 84' lang='lat' dir='ltr'><strong>deitate,</strong></span> 
     </span>
    </p>
   </div>
   <div class='ocr_carea' id='block_1_26' title="bbox 2224 1399 3848 1480">
    <p class='ocr_par' dir='ltr' id='par_1_26' title="bbox 2224 1399 3848 1480">
     <span class='ocr_line' id='line_1_26' title="bbox 2224 1399 3848 1480; baseline -0.006 -18"><span class='ocrx_word' id='word_1_169' title='bbox 2224 1408 2465 1480; x_wconf 81' lang='grc' dir='ltr'><strong>θεότητι,</strong></span> <span class='ocrx_word' id='word_1_170' title='bbox 2494 1405 2639 1462; x_wconf 70' lang='grc' dir='ltr'><strong>οὕτω</strong></span> <span class='ocrx_word' id='word_1_171' title='bbox 2672 1409 2764 1461; x_wconf 76' lang='grc' dir='ltr'>καὶ</span> <span class='ocrx_word' id='word_1_172' title='bbox 2795 1406 2940 1461; x_wconf 81' lang='grc' dir='ltr'>κατὰ</span> <span class='ocrx_word' id='word_1_173' title='bbox 2966 1407 3067 1477; x_wconf 77' lang='grc' dir='ltr'><strong>τὴν</strong></span> <span class='ocrx_word' id='word_1_174' title='bbox 3098 1404 3293 1474; x_wconf 84' lang='grc' dir='ltr'>νοεράν</span> <span class='ocrx_word' id='word_1_175' title='bbox 3320 1402 3491 1459; x_wconf 80' lang='grc' dir='ltr'>αὑτοῦ</span> <span class='ocrx_word' id='word_1_176' title='bbox 3518 1400 3699 1472; x_wconf 69' lang='grc' dir='ltr'>ψυχὴν</span> <span class='ocrx_word' id='word_1_177' title='bbox 3733 1399 3848 1454; x_wconf 75' lang='grc' dir='ltr'>καὶ</span> 
     </span>
    </p>
   </div>
   <div class='ocr_carea' id='block_1_27' title="bbox 511 1491 2183 1571">
    <p class='ocr_par' dir='ltr' id='par_1_27' title="bbox 511 1496 2121 1570">
     <span class='ocr_line' id='line_1_27' title="bbox 511 1496 2121 1570; baseline 0.004 -19"><span class='ocrx_word' id='word_1_178' title='bbox 511 1496 610 1552; x_wconf 88' lang='lat' dir='ltr'><strong>sed</strong></span> <span class='ocrx_word' id='word_1_179' title='bbox 642 1506 700 1551; x_wconf 91' lang='lat' dir='ltr'><strong>et</strong></span> <span class='ocrx_word' id='word_1_180' title='bbox 730 1498 915 1551; x_wconf 87' lang='lat' dir='ltr'><strong>anima</strong></span> <span class='ocrx_word' id='word_1_181' title='bbox 965 1513 1063 1552; x_wconf 89' lang='lat' dir='ltr'><strong>sua</strong></span> <span class='ocrx_word' id='word_1_182' title='bbox 1106 1498 1453 1569; x_wconf 80' lang='lat' dir='ltr'><strong>intelligente</strong></span> <span class='ocrx_word' id='word_1_183' title='bbox 1488 1510 1545 1554; x_wconf 89' lang='lat' dir='ltr'><strong>et</strong></span> <span class='ocrx_word' id='word_1_184' title='bbox 1592 1517 1715 1570; x_wconf 75' lang='lat' dir='ltr'><strong>quae</strong></span> <span class='ocrx_word' id='word_1_185' title='bbox 1765 1501 1931 1557; x_wconf 91' lang='lat' dir='ltr'><strong>simul</strong></span> <span class='ocrx_word' id='word_1_186' title='bbox 1968 1503 2121 1559; x_wconf 85' lang='lat' dir='ltr'><strong>Deus</strong></span> 
     </span>
    </p>
   </div>
   <div class='ocr_carea' id='block_1_28' title="bbox 2224 1491 3849 1571">
    <p class='ocr_par' dir='ltr' id='par_1_28' title="bbox 2224 1491 3849 1571">
     <span class='ocr_line' id='line_1_28' title="bbox 2224 1491 3849 1571; baseline -0.004 -17"><span class='ocrx_word' id='word_1_187' title='bbox 2224 1502 2476 1571; x_wconf 80' lang='grc' dir='ltr'>ὁμόθεον,</span> <span class='ocrx_word' id='word_1_188' title='bbox 2535 1499 2599 1553; x_wconf 74' lang='grc' dir='ltr'><strong>τὸ</strong></span> <span class='ocrx_word' id='word_1_189' title='bbox 2659 1499 2840 1553; x_wconf 79' lang='grc' dir='ltr'>πάντα</span> <span class='ocrx_word' id='word_1_190' title='bbox 2875 1496 3121 1569; x_wconf 78' lang='grc' dir='ltr'>πληροῦν</span> <span class='ocrx_word' id='word_1_191' title='bbox 3179 1494 3575 1567; x_wconf 68' lang='grc' dir='ltr'><strong>ἐπειγομένου*</strong></span> <span class='ocrx_word' id='word_1_192' title='bbox 3626 1494 3723 1548; x_wconf 82' lang='grc' dir='ltr'><strong>καὶ</strong></span> <span class='ocrx_word' id='word_1_193' title='bbox 3768 1491 3849 1547; x_wconf 83' lang='grc' dir='ltr'><strong>τά</strong></span> 
     </span>
    </p>
   </div>
   <div class='ocr_carea' id='block_1_29' title="bbox 512 1585 2183 1665">
    <p class='ocr_par' dir='ltr' id='par_1_29' title="bbox 512 1589 2117 1664">
     <span class='ocr_line' id='line_1_29' title="bbox 512 1589 2117 1664; baseline 0.005 -20"><span class='ocrx_word' id='word_1_194' title='bbox 512 1589 766 1655; x_wconf 80' lang='lat' dir='ltr'><strong>exsistat,</strong></span> <span class='ocrx_word' id='word_1_195' title='bbox 794 1590 980 1644; x_wconf 85' lang='lat' dir='ltr'><strong>omnia</strong></span> <span class='ocrx_word' id='word_1_196' title='bbox 1014 1590 1245 1661; x_wconf 88' lang='lat' dir='ltr'><strong>implere</strong></span> <span class='ocrx_word' id='word_1_197' title='bbox 1274 1602 1559 1664; x_wconf 80' lang='lat' dir='ltr'><strong>satagente</strong></span> <span class='ocrx_word' id='word_1_198' title='bbox 1590 1611 1605 1647; x_wconf 87' lang='lat'><strong>:</strong></span> <span class='ocrx_word' id='word_1_199' title='bbox 1637 1608 1705 1649; x_wconf 84' lang='lat' dir='ltr'><strong>ac</strong></span> <span class='ocrx_word' id='word_1_200' title='bbox 1745 1608 1871 1648; x_wconf 85' lang='lat' dir='ltr'><strong>cum</strong></span> <span class='ocrx_word' id='word_1_201' title='bbox 1898 1594 2117 1652; x_wconf 83' lang='lat' dir='ltr'><strong>inferna</strong></span> 
     </span>
    </p>
   </div>
   <div class='ocr_carea' id='block_1_30' title="bbox 2224 1585 3847 1665">
    <p class='ocr_par' dir='ltr' id='par_1_30' title="bbox 2226 1585 3847 1665">
     <span class='ocr_line' id='line_1_30' title="bbox 2226 1585 3847 1665; baseline -0.006 -16"><span class='ocrx_word' id='word_1_202' title='bbox 2226 1594 2529 1665; x_wconf 75' lang='grc' dir='ltr'>ὑποχθόνια</span> <span class='ocrx_word' id='word_1_203' title='bbox 2578 1593 2681 1665; x_wconf 67' lang='grc' dir='ltr'>μὲν</span> <span class='ocrx_word' id='word_1_204' title='bbox 2729 1592 2873 1647; x_wconf 84' lang='grc' dir='ltr'><strong>κατά</strong></span> <span class='ocrx_word' id='word_1_205' title='bbox 2904 1593 3005 1662; x_wconf 84' lang='grc' dir='ltr'>τὴν</span> <span class='ocrx_word' id='word_1_206' title='bbox 3052 1592 3235 1645; x_wconf 79' lang='grc' dir='ltr'>ἐκεῖσε</span> <span class='ocrx_word' id='word_1_207' title='bbox 3290 1590 3379 1645; x_wconf 82' lang='grc' dir='ltr'><strong>διὰ</strong></span> <span class='ocrx_word' id='word_1_208' title='bbox 3433 1588 3530 1643; x_wconf 80' lang='grc' dir='ltr'><strong>τοῦ</strong></span> <span class='ocrx_word' id='word_1_209' title='bbox 3592 1585 3847 1658; x_wconf 78' lang='grc' dir='ltr'>σταυροῦ</span> 
     </span>
    </p>
   </div>
   <div class='ocr_carea' id='block_1_31' title="bbox 524 1678 2183 1756">
    <p class='ocr_par' dir='ltr' id='par_1_31' title="bbox 524 1678 2183 1756">
     <span class='ocr_line' id='line_1_31' title="bbox 524 1678 2183 1756; baseline 0.005 -24"><span class='ocrx_word' id='word_1_210' title='bbox 524 1678 777 1748; x_wconf 90' lang='lat' dir='ltr'><strong>quidem,</strong></span> <span class='ocrx_word' id='word_1_211' title='bbox 806 1695 907 1734; x_wconf 87' lang='lat' dir='ltr'><strong>suo</strong></span> <span class='ocrx_word' id='word_1_212' title='bbox 938 1679 1070 1734; x_wconf 90' lang='lat' dir='ltr'><strong>illuc</strong></span> <span class='ocrx_word' id='word_1_213' title='bbox 1100 1696 1198 1750; x_wconf 91' lang='lat' dir='ltr'><strong>per</strong></span> <span class='ocrx_word' id='word_1_214' title='bbox 1219 1697 1441 1737; x_wconf 89' lang='lat' dir='ltr'><strong>crucem</strong></span> <span class='ocrx_word' id='word_1_215' title='bbox 1467 1681 1739 1738; x_wconf 82' lang='lat' dir='ltr'><strong>descensu</strong></span> <span class='ocrx_word' id='word_1_216' title='bbox 1768 1684 2023 1754; x_wconf 85' lang='lat' dir='ltr'><strong>impleret</strong></span> <span class='ocrx_word' id='word_1_217' title='bbox 2047 1686 2115 1741; x_wconf 87' lang='lat' dir='ltr'><strong>ad</strong></span> <span class='ocrx_word' id='word_1_218' title='bbox 2154 1737 2183 1756; x_wconf 53' lang='grc' dir='ltr'>,η</span> 
     </span>
    </p>
   </div>
   <div class='ocr_carea' id='block_1_32' title="bbox 2224 1678 3841 1756">
    <p class='ocr_par' dir='ltr' id='par_1_32' title="bbox 2226 1680 3841 1756">
     <span class='ocr_line' id='line_1_32' title="bbox 2226 1680 3841 1756; baseline -0.004 -16"><span class='ocrx_word' id='word_1_219' title='bbox 2226 1687 2454 1741; x_wconf 76' lang='grc' dir='ltr'>κάθοδον</span> <span class='ocrx_word' id='word_1_220' title='bbox 2486 1684 2652 1741; x_wconf 81' lang='grc' dir='ltr'>αὐτοῦ</span> <span class='ocrx_word' id='word_1_221' title='bbox 2680 1702 2742 1739; x_wconf 86' lang='grc' dir='ltr'><strong>τε</strong></span> <span class='ocrx_word' id='word_1_222' title='bbox 2777 1683 3138 1756; x_wconf 79' lang='grc' dir='ltr'>πληροῦντος.</span> <span class='ocrx_word' id='word_1_223' title='bbox 3172 1681 3268 1738; x_wconf 71' lang='grc' dir='ltr'><strong>καὶ</strong></span> <span class='ocrx_word' id='word_1_224' title='bbox 3299 1681 3439 1754; x_wconf 70' lang='grc' dir='ltr'>πρὸς</span> <span class='ocrx_word' id='word_1_225' title='bbox 3469 1680 3663 1735; x_wconf 73' lang='grc' dir='ltr'>ἑαυτὸν</span> <span class='ocrx_word' id='word_1_226' title='bbox 3688 1682 3841 1735; x_wconf 71' lang='grc' dir='ltr'>ἀνα·-</span> 
     </span>
    </p>
   </div>
   <div class='ocr_carea' id='block_1_33' title="bbox 512 1737 2183 1848">
    <p class='ocr_par' dir='ltr' id='par_1_33' title="bbox 512 1737 2183 1841">
     <span class='ocr_line' id='line_1_33' title="bbox 512 1737 2183 1841; baseline 0.004 -18"><span class='ocrx_word' id='word_1_227' title='bbox 512 1783 687 1837; x_wconf 82' lang='lat' dir='ltr'><strong>seque</strong></span> <span class='ocrx_word' id='word_1_228' title='bbox 748 1785 963 1823; x_wconf 88' lang='lat' dir='ltr'><strong>summa</strong></span> <span class='ocrx_word' id='word_1_229' title='bbox 1045 1770 1373 1839; x_wconf 77' lang='lat' dir='ltr'><strong>colligeret;</strong></span> <span class='ocrx_word' id='word_1_230' title='bbox 1436 1786 1501 1826; x_wconf 91' lang='lat' dir='ltr'><strong>ac</strong></span> <span class='ocrx_word' id='word_1_231' title='bbox 1556 1787 1751 1827; x_wconf 86' lang='lat' dir='ltr'><strong>rursus</strong></span> <span class='ocrx_word' id='word_1_232' title='bbox 1821 1775 2103 1841; x_wconf 65' lang='lat' dir='ltr'><strong>coelestia,</strong></span> <span class='ocrx_word' id='word_1_233' title='bbox 2153 1737 2183 1794; x_wconf 61' lang='grc' dir='ltr'><strong><em>Ε</em></strong></span> 
     </span>
    </p>
   </div>
   <div class='ocr_carea' id='block_1_34' title="bbox 2224 1737 3846 1848">
    <p class='ocr_par' dir='ltr' id='par_1_34' title="bbox 2229 1737 3846 1848">
     <span class='ocr_line' id='line_1_34' title="bbox 2229 1737 3846 1848; baseline -0.005 -16"><span class='ocrx_word' id='word_1_234' title='bbox 2229 1737 2789 1847; x_wconf 40' lang='grc' dir='ltr'>κεφαλαιοίίντοςίτά</span> <span class='ocrx_word' id='word_1_235' title='bbox 2833 1737 3137 1848; x_wconf 46' lang='grc' dir='ltr'>ἐξουρωια</span> <span class='ocrx_word' id='word_1_236' title='bbox 3172 1775 3231 1829; x_wconf 75' lang='grc' dir='ltr'><strong>δὲ</strong></span> <span class='ocrx_word' id='word_1_237' title='bbox 3261 1737 3441 1838; x_wconf 57' lang='grc' dir='ltr'>αὗόις,</span> <span class='ocrx_word' id='word_1_238' title='bbox 3473 1773 3563 1826; x_wconf 82' lang='grc' dir='ltr'><strong>διὰ</strong></span> <span class='ocrx_word' id='word_1_239' title='bbox 3596 1773 3698 1843; x_wconf 78' lang='grc' dir='ltr'><strong>τῆς</strong></span> <span class='ocrx_word' id='word_1_240' title='bbox 3734 1769 3846 1825; x_wconf 66' lang='grc' dir='ltr'><strong>ἐπὶ</strong></span> 
     </span>
    </p>
   </div>
   <div class='ocr_carea' id='block_1_35' title="bbox 512 1862 2183 1944">
    <p class='ocr_par' dir='ltr' id='par_1_35' title="bbox 512 1862 2121 1937">
     <span class='ocr_line' id='line_1_35' title="bbox 512 1862 2121 1937; baseline 0.004 -20"><span class='ocrx_word' id='word_1_241' title='bbox 512 1877 612 1917; x_wconf 87' lang='lat' dir='ltr'><strong>sua</strong></span> <span class='ocrx_word' id='word_1_242' title='bbox 672 1862 727 1916; x_wconf 91' lang='lat' dir='ltr'><strong>in</strong></span> <span class='ocrx_word' id='word_1_243' title='bbox 794 1864 964 1919; x_wconf 81' lang='lat' dir='ltr'><strong>ccelos</strong></span> <span class='ocrx_word' id='word_1_244' title='bbox 1036 1864 1419 1928; x_wconf 75' lang='lat' dir='ltr'><strong>exaltatione,</strong></span> <span class='ocrx_word' id='word_1_245' title='bbox 1488 1866 1774 1937; x_wconf 80' lang='lat' dir='ltr'><strong>majestate</strong></span> <span class='ocrx_word' id='word_1_246' title='bbox 1840 1883 1937 1922; x_wconf 86' lang='lat' dir='ltr'><strong>sua</strong></span> <span class='ocrx_word' id='word_1_247' title='bbox 2017 1869 2121 1923; x_wconf 80' lang='lat' dir='ltr'><strong>im-</strong></span> 
     </span>
    </p>
   </div>
   <div class='ocr_carea' id='block_1_36' title="bbox 2224 1862 3844 1944">
    <p class='ocr_par' dir='ltr' id='par_1_36' title="bbox 2227 1864 3844 1944">
     <span class='ocr_line' id='line_1_36' title="bbox 2227 1864 3844 1944; baseline -0.005 -19"><span class='ocrx_word' id='word_1_248' title='bbox 2227 1872 2359 1934; x_wconf 81' lang='grc' dir='ltr'><strong>τοὺς</strong></span> <span class='ocrx_word' id='word_1_249' title='bbox 2409 1871 2675 1944; x_wconf 78' lang='grc' dir='ltr'>οὐρανοὺς</span> <span class='ocrx_word' id='word_1_250' title='bbox 2704 1870 2989 1940; x_wconf 74' lang='grc' dir='ltr'>ὑψώσεως,</span> <span class='ocrx_word' id='word_1_251' title='bbox 3033 1871 3129 1941; x_wconf 79' lang='grc' dir='ltr'><strong>τῆς</strong></span> <span class='ocrx_word' id='word_1_252' title='bbox 3176 1870 3386 1931; x_wconf 76' lang='grc' dir='ltr'>οἰκείας</span> <span class='ocrx_word' id='word_1_253' title='bbox 3441 1864 3844 1940; x_wconf 75' lang='grc' dir='ltr'><strong>ἐμπιπλῶντος</strong></span> 
     </span>
    </p>
   </div>
   <div class='ocr_carea' id='block_1_37' title="bbox 511 1953 2183 2032">
    <p class='ocr_par' dir='ltr' id='par_1_37' title="bbox 511 1957 2124 2031">
     <span class='ocr_line' id='line_1_37' title="bbox 511 1957 2124 2031; baseline 0.004 -20"><span class='ocrx_word' id='word_1_254' title='bbox 511 1957 696 2026; x_wconf 88' lang='lat' dir='ltr'><strong>pleret</strong></span> <span class='ocrx_word' id='word_1_255' title='bbox 741 1976 755 2012; x_wconf 89' lang='lat'><strong>:</strong></span> <span class='ocrx_word' id='word_1_256' title='bbox 815 1972 1054 2028; x_wconf 86' lang='lat' dir='ltr'><strong>cumque</strong></span> <span class='ocrx_word' id='word_1_257' title='bbox 1108 1959 1249 2014; x_wconf 90' lang='lat' dir='ltr'><strong>adeo</strong></span> <span class='ocrx_word' id='word_1_258' title='bbox 1300 1975 1583 2031; x_wconf 83' lang='lat' dir='ltr'><strong>congeneo</strong></span> <span class='ocrx_word' id='word_1_259' title='bbox 1649 1960 1899 2030; x_wconf 83' lang='lat' dir='ltr'><strong>Spiritu,</strong></span> <span class='ocrx_word' id='word_1_260' title='bbox 1954 1963 2124 2018; x_wconf 84' lang='lat' dir='ltr'><strong>vehe-</strong></span> 
     </span>
    </p>
   </div>
   <div class='ocr_carea' id='block_1_38' title="bbox 2224 1953 3842 2032">
    <p class='ocr_par' dir='ltr' id='par_1_38' title="bbox 2227 1953 3842 2032">
     <span class='ocr_line' id='line_1_38' title="bbox 2227 1953 3842 2032; baseline -0.006 -15"><span class='ocrx_word' id='word_1_261' title='bbox 2227 1962 2407 2032; x_wconf 74' lang='grc' dir='ltr'><strong>δόξης,</strong></span> <span class='ocrx_word' id='word_1_262' title='bbox 2465 1960 2559 2017; x_wconf 80' lang='grc' dir='ltr'><strong>τοῦ</strong></span> <span class='ocrx_word' id='word_1_263' title='bbox 2594 1953 2981 2031; x_wconf 76' lang='grc' dir='ltr'><strong>συμφυοῦςδὲ</strong></span> <span class='ocrx_word' id='word_1_264' title='bbox 3009 1959 3331 2029; x_wconf 75' lang='grc' dir='ltr'>Πνεῦματος</span> <span class='ocrx_word' id='word_1_265' title='bbox 3365 1958 3597 2020; x_wconf 78' lang='grc' dir='ltr'>ἀνωθεν,</span> <span class='ocrx_word' id='word_1_266' title='bbox 3636 1954 3842 2027; x_wconf 79' lang='grc' dir='ltr'>ὥσπερ</span> 
     </span>
    </p>
   </div>
   <div class='ocr_carea' id='block_1_39' title="bbox 510 2048 2183 2125">
    <p class='ocr_par' dir='ltr' id='par_1_39' title="bbox 510 2049 2123 2124">
     <span class='ocr_line' id='line_1_39' title="bbox 510 2049 2123 2124; baseline 0.006 -22"><span class='ocrx_word' id='word_1_267' title='bbox 510 2049 717 2105; x_wconf 88' lang='lat' dir='ltr'><strong>mentis</strong></span> <span class='ocrx_word' id='word_1_268' title='bbox 780 2049 944 2105; x_wconf 82' lang='lat' dir='ltr'><strong>ﬂatus</strong></span> <span class='ocrx_word' id='word_1_269' title='bbox 1008 2050 1184 2105; x_wconf 87' lang='lat' dir='ltr'><strong>instar</strong></span> <span class='ocrx_word' id='word_1_270' title='bbox 1234 2066 1267 2106; x_wconf 88' lang='lat' dir='ltr'><strong>e</strong></span> <span class='ocrx_word' id='word_1_271' title='bbox 1325 2053 1468 2107; x_wconf 63' lang='lat' dir='ltr'><strong>coelo</strong></span> <span class='ocrx_word' id='word_1_272' title='bbox 1533 2053 1586 2107; x_wconf 90' lang='lat' dir='ltr'><strong>in</strong></span> <span class='ocrx_word' id='word_1_273' title='bbox 1642 2054 1948 2124; x_wconf 86' lang='lat' dir='ltr'><strong>discipulos</strong></span> <span class='ocrx_word' id='word_1_274' title='bbox 2021 2072 2123 2111; x_wconf 89' lang='lat' dir='ltr'><strong>ve-</strong></span> 
     </span>
    </p>
   </div>
   <div class='ocr_carea' id='block_1_40' title="bbox 2224 2048 3850 2125">
    <p class='ocr_par' dir='ltr' id='par_1_40' title="bbox 2230 2048 3850 2125">
     <span class='ocr_line' id='line_1_40' title="bbox 2230 2048 3850 2125; baseline -0.002 -19"><span class='ocrx_word' id='word_1_275' title='bbox 2230 2052 2413 2124; x_wconf 81' lang='grc' dir='ltr'>βιαίας</span> <span class='ocrx_word' id='word_1_276' title='bbox 2462 2053 2634 2125; x_wconf 82' lang='grc' dir='ltr'>πνοῆς</span> <span class='ocrx_word' id='word_1_277' title='bbox 2664 2052 2758 2107; x_wconf 68' lang='grc' dir='ltr'><strong>ἐπὶ</strong></span> <span class='ocrx_word' id='word_1_278' title='bbox 2799 2054 2928 2117; x_wconf 76' lang='grc' dir='ltr'>τοὺς</span> <span class='ocrx_word' id='word_1_279' title='bbox 2965 2050 3218 2123; x_wconf 81' lang='grc' dir='ltr'><strong>μαθητὰς</strong></span> <span class='ocrx_word' id='word_1_280' title='bbox 3251 2052 3457 2115; x_wconf 82' lang='grc' dir='ltr'>ίόντος,</span> <span class='ocrx_word' id='word_1_281' title='bbox 3514 2048 3612 2103; x_wconf 75' lang='grc' dir='ltr'>καὶ</span> <span class='ocrx_word' id='word_1_282' title='bbox 3643 2048 3850 2104; x_wconf 72' lang='grc' dir='ltr'>πᾶσαν</span> 
     </span>
    </p>
   </div>
   <div class='ocr_carea' id='block_1_41' title="bbox 510 2139 2183 2219">
    <p class='ocr_par' dir='ltr' id='par_1_41' title="bbox 510 2142 2121 2217">
     <span class='ocr_line' id='line_1_41' title="bbox 510 2142 2121 2217; baseline 0.006 -21"><span class='ocrx_word' id='word_1_283' title='bbox 510 2142 719 2210; x_wconf 88' lang='lat' dir='ltr'><strong>niente,</strong></span> <span class='ocrx_word' id='word_1_284' title='bbox 734 2158 1066 2215; x_wconf 86' lang='lat' dir='ltr'><strong>omnemque</strong></span> <span class='ocrx_word' id='word_1_285' title='bbox 1087 2143 1168 2200; x_wconf 87' lang='lat' dir='ltr'><strong>eis</strong></span> <span class='ocrx_word' id='word_1_286' title='bbox 1192 2160 1417 2201; x_wconf 86' lang='lat' dir='ltr'><strong>sensum</strong></span> <span class='ocrx_word' id='word_1_287' title='bbox 1436 2161 1501 2201; x_wconf 86' lang='lat' dir='ltr'><strong>ac</strong></span> <span class='ocrx_word' id='word_1_288' title='bbox 1515 2148 1766 2217; x_wconf 90' lang='lat' dir='ltr'><strong>corporis</strong></span> <span class='ocrx_word' id='word_1_289' title='bbox 1786 2149 2121 2217; x_wconf 88' lang='lat' dir='ltr'><strong>membrum,</strong></span> 
     </span>
    </p>
   </div>
   <div class='ocr_carea' id='block_1_42' title="bbox 2224 2139 3840 2219">
    <p class='ocr_par' dir='ltr' id='par_1_42' title="bbox 2228 2139 3840 2219">
     <span class='ocr_line' id='line_1_42' title="bbox 2228 2139 3840 2219; baseline -0.003 -20"><span class='ocrx_word' id='word_1_290' title='bbox 2228 2148 2415 2210; x_wconf 77' lang='grc' dir='ltr'><strong>αὐτοῖς</strong></span> <span class='ocrx_word' id='word_1_291' title='bbox 2450 2147 2733 2219; x_wconf 75' lang='grc' dir='ltr'>αἴσθησιν,</span> <span class='ocrx_word' id='word_1_292' title='bbox 2764 2147 2872 2199; x_wconf 74' lang='grc' dir='ltr'><strong>πᾶν</strong></span> <span class='ocrx_word' id='word_1_293' title='bbox 2898 2161 2961 2198; x_wconf 84' lang='grc' dir='ltr'><strong>τε</strong></span> <span class='ocrx_word' id='word_1_294' title='bbox 2994 2145 3157 2215; x_wconf 77' lang='grc' dir='ltr'>μέλος</span> <span class='ocrx_word' id='word_1_295' title='bbox 3186 2142 3281 2196; x_wconf 77' lang='grc' dir='ltr'><strong>τοῦ</strong></span> <span class='ocrx_word' id='word_1_296' title='bbox 3315 2143 3572 2213; x_wconf 81' lang='grc' dir='ltr'>σώματος</span> <span class='ocrx_word' id='word_1_297' title='bbox 3600 2139 3698 2195; x_wconf 75' lang='grc' dir='ltr'><strong>καὶ</strong></span> <span class='ocrx_word' id='word_1_298' title='bbox 3721 2139 3840 2194; x_wconf 65' lang='lat'><strong>7:3-</strong></span> 
     </span>
    </p>
   </div>
   <div class='ocr_carea' id='block_1_43' title="bbox 512 2230 2183 2311">
    <p class='ocr_par' dir='ltr' id='par_1_43' title="bbox 512 2238 2121 2310">
     <span class='ocr_line' id='line_1_43' title="bbox 512 2238 2121 2310; baseline 0.006 -24"><span class='ocrx_word' id='word_1_299' title='bbox 512 2248 849 2303; x_wconf 84' lang='lat' dir='ltr'><strong>omnemque</strong></span> <span class='ocrx_word' id='word_1_300' title='bbox 909 2242 1123 2289; x_wconf 90' lang='lat' dir='ltr'><strong>motum</strong></span> <span class='ocrx_word' id='word_1_301' title='bbox 1170 2252 1237 2291; x_wconf 88' lang='lat' dir='ltr'><strong>ac</strong></span> <span class='ocrx_word' id='word_1_302' title='bbox 1293 2238 1679 2307; x_wconf 88' lang='lat' dir='ltr'><strong>operationem</strong></span> <span class='ocrx_word' id='word_1_303' title='bbox 1732 2240 1802 2294; x_wconf 88' lang='lat' dir='ltr'><strong>ad</strong></span> <span class='ocrx_word' id='word_1_304' title='bbox 1856 2242 2121 2310; x_wconf 85' lang='lat' dir='ltr'><strong>pietatem</strong></span> 
     </span>
    </p>
   </div>
   <div class='ocr_carea' id='block_1_44' title="bbox 2224 2230 3837 2311">
    <p class='ocr_par' dir='ltr' id='par_1_44' title="bbox 2230 2230 3837 2311">
     <span class='ocr_line' id='line_1_44' title="bbox 2230 2230 3837 2311; baseline -0.006 -18"><span class='ocrx_word' id='word_1_305' title='bbox 2230 2256 2329 2293; x_wconf 79' lang='grc' dir='ltr'><strong>σαν</strong></span> <span class='ocrx_word' id='word_1_306' title='bbox 2390 2238 2628 2311; x_wconf 78' lang='grc' dir='ltr'>κίνησιν,</span> <span class='ocrx_word' id='word_1_307' title='bbox 2689 2240 2787 2292; x_wconf 79' lang='grc' dir='ltr'>καὶ</span> <span class='ocrx_word' id='word_1_308' title='bbox 2843 2238 3026 2289; x_wconf 79' lang='grc' dir='ltr'>πᾶσαν</span> <span class='ocrx_word' id='word_1_309' title='bbox 3083 2235 3373 2305; x_wconf 68' lang='grc' dir='ltr'>ἀνέργειαν</span> <span class='ocrx_word' id='word_1_310' title='bbox 3427 2230 3837 2302; x_wconf 68' lang='grc' dir='ltr'><strong>κατορθοῦντος</strong></span> 
     </span>
    </p>
   </div>
   <div class='ocr_carea' id='block_1_45' title="bbox 512 2323 2183 2404">
    <p class='ocr_par' dir='ltr' id='par_1_45' title="bbox 512 2326 2121 2404">
     <span class='ocr_line' id='line_1_45' title="bbox 512 2326 2121 2404; baseline 0.006 -25"><span class='ocrx_word' id='word_1_311' title='bbox 512 2326 882 2394; x_wconf 88' lang='lat' dir='ltr'><strong>complente:</strong></span> <span class='ocrx_word' id='word_1_312' title='bbox 930 2327 1157 2397; x_wconf 82' lang='lat' dir='ltr'><strong>quando</strong></span> <span class='ocrx_word' id='word_1_313' title='bbox 1201 2328 1356 2384; x_wconf 82' lang='lat' dir='ltr'><strong>visus</strong></span> <span class='ocrx_word' id='word_1_314' title='bbox 1405 2330 1632 2399; x_wconf 87' lang='lat' dir='ltr'><strong>quidem</strong></span> <span class='ocrx_word' id='word_1_315' title='bbox 1685 2332 1890 2403; x_wconf 82' lang='lat' dir='ltr'><strong>linguis</strong></span> <span class='ocrx_word' id='word_1_316' title='bbox 1940 2334 2121 2404; x_wconf 81' lang='lat' dir='ltr'><strong>igneis</strong></span> 
     </span>
    </p>
   </div>
   <div class='ocr_carea' id='block_1_46' title="bbox 2224 2323 3821 2404">
    <p class='ocr_par' dir='ltr' id='par_1_46' title="bbox 2229 2323 3821 2401">
     <span class='ocr_line' id='line_1_46' title="bbox 2229 2323 3821 2401; baseline -0.004 -18"><span class='ocrx_word' id='word_1_317' title='bbox 2229 2330 2369 2401; x_wconf 82' lang='grc' dir='ltr'>πρὸς</span> <span class='ocrx_word' id='word_1_318' title='bbox 2402 2328 2687 2383; x_wconf 76' lang='grc' dir='ltr'>εὐσέϐειαν</span> <span class='ocrx_word' id='word_1_319' title='bbox 2709 2346 2724 2359; x_wconf 90' lang='grc'><strong>·</strong></span> <span class='ocrx_word' id='word_1_320' title='bbox 2776 2327 2942 2399; x_wconf 80' lang='grc' dir='ltr'><strong>ἡνίκα</strong></span> <span class='ocrx_word' id='word_1_321' title='bbox 2971 2325 3187 2387; x_wconf 80' lang='grc' dir='ltr'><strong>τούτοις</strong></span> <span class='ocrx_word' id='word_1_322' title='bbox 3222 2326 3413 2396; x_wconf 79' lang='grc' dir='ltr'>ὅρασις</span> <span class='ocrx_word' id='word_1_323' title='bbox 3445 2323 3547 2395; x_wconf 77' lang='grc' dir='ltr'>μὲν</span> <span class='ocrx_word' id='word_1_324' title='bbox 3580 2323 3705 2387; x_wconf 80' lang='grc' dir='ltr'><strong>ταῖς</strong></span> <span class='ocrx_word' id='word_1_325' title='bbox 3729 2339 3821 2377; x_wconf 71' lang='grc' dir='ltr'>πυ</span> 
     </span>
    </p>
   </div>
   <div class='ocr_carea' id='block_1_47' title="bbox 515 2414 2183 2493">
    <p class='ocr_par' dir='ltr' id='par_1_47' title="bbox 515 2417 2119 2489">
     <span class='ocr_line' id='line_1_47' title="bbox 515 2417 2119 2489; baseline 0.007 -20"><span class='ocrx_word' id='word_1_326' title='bbox 515 2417 805 2471; x_wconf 85' lang='lat' dir='ltr'><strong>collucens</strong></span> <span class='ocrx_word' id='word_1_327' title='bbox 852 2417 1430 2489; x_wconf 84' lang='lat' dir='ltr'><strong>circumfulgebatur;</strong></span> <span class='ocrx_word' id='word_1_328' title='bbox 1480 2422 1707 2477; x_wconf 89' lang='lat' dir='ltr'><strong>auditus</strong></span> <span class='ocrx_word' id='word_1_329' title='bbox 1748 2439 1903 2489; x_wconf 90' lang='lat' dir='ltr'><strong>vero,</strong></span> <span class='ocrx_word' id='word_1_330' title='bbox 1940 2423 2119 2481; x_wconf 81' lang='lat' dir='ltr'><strong>divini</strong></span> 
     </span>
    </p>
   </div>
   <div class='ocr_carea' id='block_1_48' title="bbox 2224 2414 3833 2493">
    <p class='ocr_par' dir='ltr' id='par_1_48' title="bbox 2233 2414 3833 2493">
     <span class='ocr_line' id='line_1_48' title="bbox 2233 2414 3833 2493; baseline -0.005 -19"><span class='ocrx_word' id='word_1_331' title='bbox 2233 2422 2411 2493; x_wconf 85' lang='grc' dir='ltr'>ρίναις</span> <span class='ocrx_word' id='word_1_332' title='bbox 2486 2418 2766 2489; x_wconf 78' lang='grc' dir='ltr'><strong>γλώσσαις</strong></span> <span class='ocrx_word' id='word_1_333' title='bbox 2827 2416 3265 2489; x_wconf 74' lang='grc' dir='ltr'>λαμπρυνομένη</span> <span class='ocrx_word' id='word_1_334' title='bbox 3329 2414 3833 2487; x_wconf 71' lang='grc' dir='ltr'><strong>κατηστράπτιτο·</strong></span> 
     </span>
    </p>
   </div>
   <div class='ocr_carea' id='block_1_49' title="bbox 515 2503 2183 2586">
    <p class='ocr_par' dir='ltr' id='par_1_49' title="bbox 515 2508 2121 2586">
     <span class='ocr_line' id='line_1_49' title="bbox 515 2508 2121 2586; baseline 0.005 -22"><span class='ocrx_word' id='word_1_335' title='bbox 515 2508 732 2564; x_wconf 88' lang='lat' dir='ltr'><strong>sonitus</strong></span> <span class='ocrx_word' id='word_1_336' title='bbox 763 2509 983 2579; x_wconf 79' lang='lat' dir='ltr'><strong>fragore</strong></span> <span class='ocrx_word' id='word_1_337' title='bbox 1007 2511 1502 2567; x_wconf 79' lang='lat' dir='ltr'><strong>sanctificabatnr:</strong></span> <span class='ocrx_word' id='word_1_338' title='bbox 1532 2523 1700 2583; x_wconf 84' lang='lat' dir='ltr'><strong>atque</strong></span> <span class='ocrx_word' id='word_1_339' title='bbox 1728 2514 1967 2571; x_wconf 87' lang='lat' dir='ltr'><strong>olfactus</strong></span> <span class='ocrx_word' id='word_1_340' title='bbox 1993 2518 2121 2586; x_wconf 89' lang='lat' dir='ltr'><strong>qui-</strong></span> 
     </span>
    </p>
   </div>
   <div class='ocr_carea' id='block_1_50' title="bbox 2224 2503 3831 2586">
    <p class='ocr_par' dir='ltr' id='par_1_50' title="bbox 2226 2503 3831 2582">
     <span class='ocr_line' id='line_1_50' title="bbox 2226 2503 3831 2582; baseline -0.006 -15"><span class='ocrx_word' id='word_1_341' title='bbox 2226 2512 2367 2582; x_wconf 81' lang='grc' dir='ltr'>ἀκοὴ</span> <span class='ocrx_word' id='word_1_342' title='bbox 2396 2511 2450 2565; x_wconf 75' lang='grc' dir='ltr'>δὲ</span> <span class='ocrx_word' id='word_1_343' title='bbox 2485 2510 2560 2581; x_wconf 77' lang='grc' dir='ltr'><strong>τῷ</strong></span> <span class='ocrx_word' id='word_1_344' title='bbox 2585 2511 2878 2581; x_wconf 69' lang='grc' dir='ltr'>ῥοιζήματι</span> <span class='ocrx_word' id='word_1_345' title='bbox 2922 2510 3024 2580; x_wconf 81' lang='grc' dir='ltr'><strong>τῆς</strong></span> <span class='ocrx_word' id='word_1_346' title='bbox 3053 2507 3205 2572; x_wconf 78' lang='grc' dir='ltr'>θείας</span> <span class='ocrx_word' id='word_1_347' title='bbox 3230 2508 3372 2578; x_wconf 81' lang='grc' dir='ltr'><strong>ὴχῆς</strong></span> <span class='ocrx_word' id='word_1_348' title='bbox 3413 2503 3793 2576; x_wconf 53' lang='lat' dir='ltr'><strong>nomen»</strong></span> <span class='ocrx_word' id='word_1_349' title='bbox 3814 2517 3831 2536; x_wconf 80' lang='lat'><strong>&#39;</strong></span> 
     </span>
    </p>
   </div>
   <div class='ocr_carea' id='block_1_51' title="bbox 514 2598 2183 2679">
    <p class='ocr_par' dir='ltr' id='par_1_51' title="bbox 514 2600 2121 2679">
     <span class='ocr_line' id='line_1_51' title="bbox 514 2600 2121 2679; baseline 0.006 -24"><span class='ocrx_word' id='word_1_350' title='bbox 514 2600 640 2655; x_wconf 88' lang='lat' dir='ltr'><strong>dem</strong></span> <span class='ocrx_word' id='word_1_351' title='bbox 674 2602 922 2673; x_wconf 84' lang='lat' dir='ltr'><strong>mysticis</strong></span> <span class='ocrx_word' id='word_1_352' title='bbox 949 2603 1140 2673; x_wconf 62' lang='lat' dir='ltr'><strong>gratia:</strong></span> <span class='ocrx_word' id='word_1_353' title='bbox 1169 2604 1363 2671; x_wconf 88' lang='lat' dir='ltr'><strong>radiis,</strong></span> <span class='ocrx_word' id='word_1_354' title='bbox 1388 2613 1651 2675; x_wconf 84' lang='lat' dir='ltr'><strong>tanquam</strong></span> <span class='ocrx_word' id='word_1_355' title='bbox 1684 2616 1964 2677; x_wconf 77' lang='lat' dir='ltr'><strong>unguenta</strong></span> <span class='ocrx_word' id='word_1_356' title='bbox 1993 2626 2121 2679; x_wconf 90' lang='lat' dir='ltr'><strong>per-</strong></span> 
     </span>
    </p>
   </div>
   <div class='ocr_carea' id='block_1_52' title="bbox 2224 2598 3827 2679">
    <p class='ocr_par' dir='ltr' id='par_1_52' title="bbox 2227 2598 3827 2675">
     <span class='ocr_line' id='line_1_52' title="bbox 2227 2598 3827 2675; baseline -0.006 -15"><span class='ocrx_word' id='word_1_357' title='bbox 2227 2607 2324 2661; x_wconf 65' lang='grc' dir='ltr'><strong>κα)⁴</strong></span> <span class='ocrx_word' id='word_1_358' title='bbox 2362 2606 2631 2675; x_wconf 79' lang='grc' dir='ltr'>ὄσφρησις</span> <span class='ocrx_word' id='word_1_359' title='bbox 2669 2604 2792 2674; x_wconf 86' lang='grc' dir='ltr'>μὲν,</span> <span class='ocrx_word' id='word_1_360' title='bbox 2838 2604 2961 2665; x_wconf 81' lang='grc' dir='ltr'><strong>ταῖς</strong></span> <span class='ocrx_word' id='word_1_361' title='bbox 2998 2603 3291 2669; x_wconf 83' lang='grc' dir='ltr'><strong>μυστικαῖς</strong></span> <span class='ocrx_word' id='word_1_362' title='bbox 3330 2599 3511 2654; x_wconf 77' lang='grc' dir='ltr'><strong>ἀκτῖσι</strong></span> <span class='ocrx_word' id='word_1_363' title='bbox 3534 2598 3640 2668; x_wconf 83' lang='grc' dir='ltr'><strong>τῆς</strong></span> <span class='ocrx_word' id='word_1_364' title='bbox 3670 2598 3827 2670; x_wconf 80' lang='grc' dir='ltr'>χάρι·</span> 
     </span>
    </p>
   </div>
   <div class='ocr_carea' id='block_1_53' title="bbox 516 2690 2183 2768">
    <p class='ocr_par' dir='ltr' id='par_1_53' title="bbox 516 2691 2117 2768">
     <span class='ocr_line' id='line_1_53' title="bbox 516 2691 2117 2768; baseline 0.006 -21"><span class='ocrx_word' id='word_1_365' title='bbox 516 2691 863 2761; x_wconf 74' lang='lat' dir='ltr'><strong>epirantibus</strong></span> <span class='ocrx_word' id='word_1_366' title='bbox 924 2694 1385 2765; x_wconf 84' lang='lat' dir='ltr'><strong>suavissimaeque</strong></span> <span class='ocrx_word' id='word_1_367' title='bbox 1443 2696 1766 2767; x_wconf 56' lang='lat' dir='ltr'><strong>fragrantia;</strong></span> <span class='ocrx_word' id='word_1_368' title='bbox 1814 2699 2117 2768; x_wconf 86' lang='lat' dir='ltr'><strong>odoribus,</strong></span> 
     </span>
    </p>
   </div>
   <div class='ocr_carea' id='block_1_54' title="bbox 2224 2690 3827 2768">
    <p class='ocr_par' dir='ltr' id='par_1_54' title="bbox 2225 2690 3827 2767">
     <span class='ocr_line' id='line_1_54' title="bbox 2225 2690 3827 2767; baseline -0.006 -16"><span class='ocrx_word' id='word_1_369' title='bbox 2225 2714 2339 2760; x_wconf 78' lang='grc' dir='ltr'>τος,</span> <span class='ocrx_word' id='word_1_370' title='bbox 2372 2691 2459 2751; x_wconf 73' lang='grc' dir='ltr'><strong>οἵα</strong></span> <span class='ocrx_word' id='word_1_371' title='bbox 2501 2698 2821 2767; x_wconf 82' lang='grc' dir='ltr'>μνριπνόοις</span> <span class='ocrx_word' id='word_1_372' title='bbox 2859 2694 3119 2749; x_wconf 83' lang='grc' dir='ltr'>ἀνέθαλλε</span> <span class='ocrx_word' id='word_1_373' title='bbox 3156 2692 3546 2753; x_wconf 72' lang='grc' dir='ltr'><strong>εὐωδεστάτοις</strong></span> <span class='ocrx_word' id='word_1_374' title='bbox 3591 2690 3827 2764; x_wconf 71' lang='grc' dir='ltr'><strong>ὀσμᾳῐς’</strong></span> 
     </span>
    </p>
   </div>
   <div class='ocr_carea' id='block_1_55' title="bbox 514 2781 2183 2862">
    <p class='ocr_par' dir='ltr' id='par_1_55' title="bbox 514 2784 2120 2862">
     <span class='ocr_line' id='line_1_55' title="bbox 514 2784 2120 2862; baseline 0.005 -22"><span class='ocrx_word' id='word_1_375' title='bbox 514 2784 843 2853; x_wconf 85' lang='lat' dir='ltr'><strong>elllorebat;</strong></span> <span class='ocrx_word' id='word_1_376' title='bbox 879 2785 1083 2857; x_wconf 66' lang='lat' dir='ltr'><strong>linguae</strong></span> <span class='ocrx_word' id='word_1_377' title='bbox 1105 2802 1239 2842; x_wconf 89' lang='lat' dir='ltr'><strong>vero</strong></span> <span class='ocrx_word' id='word_1_378' title='bbox 1270 2787 1361 2843; x_wconf 88' lang='lat' dir='ltr'><strong>his</strong></span> <span class='ocrx_word' id='word_1_379' title='bbox 1390 2788 1593 2845; x_wconf 80' lang='lat' dir='ltr'><strong>eximie</strong></span> <span class='ocrx_word' id='word_1_380' title='bbox 1637 2790 1850 2857; x_wconf 77' lang='lat' dir='ltr'><strong>amatae,</strong></span> <span class='ocrx_word' id='word_1_381' title='bbox 1882 2793 2120 2862; x_wconf 88' lang='lat' dir='ltr'><strong>potiori-</strong></span> 
     </span>
    </p>
   </div>
   <div class='ocr_carea' id='block_1_56' title="bbox 2224 2781 3823 2862">
    <p class='ocr_par' dir='ltr' id='par_1_56' title="bbox 2227 2781 3823 2859">
     <span class='ocr_line' id='line_1_56' title="bbox 2227 2781 3823 2859; baseline -0.003 -17"><span class='ocrx_word' id='word_1_382' title='bbox 2227 2790 2469 2858; x_wconf 75' lang='grc' dir='ltr'><strong>γλῶσσαι</strong></span> <span class='ocrx_word' id='word_1_383' title='bbox 2519 2790 2575 2843; x_wconf 81' lang='grc' dir='ltr'><strong>δὲ</strong></span> <span class='ocrx_word' id='word_1_384' title='bbox 2624 2790 2839 2852; x_wconf 81' lang='grc' dir='ltr'><strong>τούτοις</strong></span> <span class='ocrx_word' id='word_1_385' title='bbox 2891 2788 3190 2859; x_wconf 70' lang='grc' dir='ltr'>ὑπερφυῶς</span> <span class='ocrx_word' id='word_1_386' title='bbox 3250 2784 3684 2855; x_wconf 77' lang='grc' dir='ltr'>θεοφορούμενιιι</span> <span class='ocrx_word' id='word_1_387' title='bbox 3734 2781 3823 2837; x_wconf 65' lang='grc' dir='ltr'>καὶ</span> 
     </span>
    </p>
   </div>
   <div class='ocr_carea' id='block_1_57' title="bbox 517 2872 2183 2952">
    <p class='ocr_par' dir='ltr' id='par_1_57' title="bbox 517 2873 2120 2949">
     <span class='ocr_line' id='line_1_57' title="bbox 517 2873 2120 2949; baseline 0.007 -22"><span class='ocrx_word' id='word_1_388' title='bbox 517 2888 628 2944; x_wconf 91' lang='lat' dir='ltr'><strong>que</strong></span> <span class='ocrx_word' id='word_1_389' title='bbox 655 2873 930 2946; x_wconf 84' lang='lat' dir='ltr'><strong>theologia</strong></span> <span class='ocrx_word' id='word_1_390' title='bbox 963 2877 1184 2939; x_wconf 75' lang='lat' dir='ltr'><strong>excitae,</strong></span> <span class='ocrx_word' id='word_1_391' title='bbox 1213 2877 1295 2932; x_wconf 89' lang='lat' dir='ltr'><strong>sic</strong></span> <span class='ocrx_word' id='word_1_392' title='bbox 1325 2878 1570 2949; x_wconf 88' lang='lat' dir='ltr'><strong>Spiritus</strong></span> <span class='ocrx_word' id='word_1_393' title='bbox 1590 2881 1643 2934; x_wconf 91' lang='lat' dir='ltr'><strong>vi</strong></span> <span class='ocrx_word' id='word_1_394' title='bbox 1684 2881 1751 2935; x_wconf 88' lang='lat' dir='ltr'><strong>ad</strong></span> <span class='ocrx_word' id='word_1_395' title='bbox 1775 2897 1994 2937; x_wconf 90' lang='lat' dir='ltr'><strong>omnem</strong></span> <span class='ocrx_word' id='word_1_396' title='bbox 2022 2899 2120 2939; x_wconf 88' lang='lat' dir='ltr'><strong>na-</strong></span> 
     </span>
    </p>
   </div>
   <div class='ocr_carea' id='block_1_58' title="bbox 2224 2872 3820 2952">
    <p class='ocr_par' dir='ltr' id='par_1_58' title="bbox 2229 2872 3820 2952">
     <span class='ocr_line' id='line_1_58' title="bbox 2229 2872 3820 2952; baseline -0.005 -17"><span class='ocrx_word' id='word_1_397' title='bbox 2229 2884 2537 2952; x_wconf 87' lang='grc' dir='ltr'>κρείττονος</span> <span class='ocrx_word' id='word_1_398' title='bbox 2563 2879 2975 2951; x_wconf 75' lang='grc' dir='ltr'>ἐμφορούμεναι</span> <span class='ocrx_word' id='word_1_399' title='bbox 3008 2876 3326 2946; x_wconf 82' lang='grc' dir='ltr'>Θεολογίας,</span> <span class='ocrx_word' id='word_1_400' title='bbox 3371 2876 3518 2931; x_wconf 75' lang='grc' dir='ltr'><strong>οὕτω</strong></span> <span class='ocrx_word' id='word_1_401' title='bbox 3550 2872 3691 2946; x_wconf 67' lang='grc' dir='ltr'><strong>πρὸς</strong></span> <span class='ocrx_word' id='word_1_402' title='bbox 3717 2874 3820 2942; x_wconf 61' lang='grc' dir='ltr'><strong>πᾷ-</strong></span> 
     </span>
    </p>
   </div>
   <div class='ocr_carea' id='block_1_59' title="bbox 515 2965 2183 3046">
    <p class='ocr_par' dir='ltr' id='par_1_59' title="bbox 515 2966 2120 3046">
     <span class='ocr_line' id='line_1_59' title="bbox 515 2966 2120 3046; baseline 0.007 -25"><span class='ocrx_word' id='word_1_403' title='bbox 515 2966 731 3023; x_wconf 90' lang='lat' dir='ltr'><strong>tionum</strong></span> <span class='ocrx_word' id='word_1_404' title='bbox 763 2971 1039 3025; x_wconf 85' lang='lat' dir='ltr'><strong>sermonis</strong></span> <span class='ocrx_word' id='word_1_405' title='bbox 1062 2971 1175 3025; x_wconf 90' lang='lat' dir='ltr'><strong>vim</strong></span> <span class='ocrx_word' id='word_1_406' title='bbox 1202 2986 1267 3027; x_wconf 90' lang='lat' dir='ltr'><strong>ac</strong></span> <span class='ocrx_word' id='word_1_407' title='bbox 1287 2972 1686 3043; x_wconf 79' lang='lat' dir='ltr'><strong>preprietatem</strong></span> <span class='ocrx_word' id='word_1_408' title='bbox 1709 2977 2120 3046; x_wconf 87' lang='lat' dir='ltr'><strong>componeban-</strong></span> 
     </span>
    </p>
   </div>
   <div class='ocr_carea' id='block_1_60' title="bbox 2224 2965 3808 3046">
    <p class='ocr_par' dir='ltr' id='par_1_60' title="bbox 2229 2965 3808 3041">
     <span class='ocr_line' id='line_1_60' title="bbox 2229 2965 3808 3041; baseline -0.006 -15"><span class='ocrx_word' id='word_1_409' title='bbox 2229 2989 2329 3026; x_wconf 77' lang='grc' dir='ltr'><strong>σαν</strong></span> <span class='ocrx_word' id='word_1_410' title='bbox 2358 2972 2529 3026; x_wconf 76' lang='grc' dir='ltr'>ἐθνῶν</span> <span class='ocrx_word' id='word_1_411' title='bbox 2577 2972 2861 3025; x_wconf 82' lang='grc' dir='ltr'>διάλεκτον</span> <span class='ocrx_word' id='word_1_412' title='bbox 2922 2968 3337 3041; x_wconf 80' lang='grc' dir='ltr'>μεθηρμὸζοντο</span> <span class='ocrx_word' id='word_1_413' title='bbox 3392 2966 3473 3037; x_wconf 84' lang='grc' dir='ltr'><strong>τῷ</strong></span> <span class='ocrx_word' id='word_1_414' title='bbox 3530 2965 3808 3035; x_wconf 74' lang='grc' dir='ltr'>πνεύματι,</span> 
     </span>
    </p>
   </div>
   <div class='ocr_carea' id='block_1_61' title="bbox 518 3055 2183 3160">
    <p class='ocr_par' dir='ltr' id='par_1_61' title="bbox 518 3064 2183 3160">
     <span class='ocr_line' id='line_1_61' title="bbox 518 3064 2183 3160; baseline 0.006 -44"><span class='ocrx_word' id='word_1_415' title='bbox 518 3070 634 3128; x_wconf 90' lang='lat' dir='ltr'><strong>tur,</strong></span> <span class='ocrx_word' id='word_1_416' title='bbox 668 3069 728 3117; x_wconf 87' lang='lat' dir='ltr'><strong>ut</strong></span> <span class='ocrx_word' id='word_1_417' title='bbox 759 3071 815 3119; x_wconf 86' lang='lat' dir='ltr'><strong>et</strong></span> <span class='ocrx_word' id='word_1_418' title='bbox 845 3064 1186 3121; x_wconf 63' lang='lat' dir='ltr'><strong>temulentite</strong></span> <span class='ocrx_word' id='word_1_419' title='bbox 1211 3065 1426 3136; x_wconf 89' lang='lat' dir='ltr'><strong>profani</strong></span> <span class='ocrx_word' id='word_1_420' title='bbox 1462 3082 1580 3122; x_wconf 90' lang='lat' dir='ltr'><strong>rem</strong></span> <span class='ocrx_word' id='word_1_421' title='bbox 1605 3068 1949 3124; x_wconf 86' lang='lat' dir='ltr'><strong>ascriberent</strong></span> <span class='ocrx_word' id='word_1_422' title='bbox 1975 3086 1988 3124; x_wconf 90' lang='lat'><strong>:</strong></span> <span class='ocrx_word' id='word_1_423' title='bbox 2018 3085 2119 3139; x_wconf 90' lang='lat' dir='ltr'><strong>per</strong></span> <span class='ocrx_word' id='word_1_424' title='bbox 2148 3100 2183 3160; x_wconf 62' lang='grc' dir='ltr'><strong>ρ</strong></span> 
     </span>
    </p>
   </div>
   <div class='ocr_carea' id='block_1_62' title="bbox 2224 3055 3815 3160">
    <p class='ocr_par' dir='ltr' id='par_1_62' title="bbox 2226 3055 3815 3134">
     <span class='ocr_line' id='line_1_62' title="bbox 2226 3055 3815 3134; baseline -0.004 -18"><span class='ocrx_word' id='word_1_425' title='bbox 2226 3062 2370 3116; x_wconf 82' lang='grc' dir='ltr'><strong>ὥστε</strong></span> <span class='ocrx_word' id='word_1_426' title='bbox 2406 3063 2499 3117; x_wconf 79' lang='grc' dir='ltr'><strong>καὶ</strong></span> <span class='ocrx_word' id='word_1_427' title='bbox 2530 3063 2702 3134; x_wconf 77' lang='grc' dir='ltr'>μέθην</span> <span class='ocrx_word' id='word_1_428' title='bbox 2732 3064 2846 3125; x_wconf 78' lang='grc' dir='ltr'><strong>τοῖς</strong></span> <span class='ocrx_word' id='word_1_429' title='bbox 2878 3058 3149 3131; x_wconf 85' lang='grc' dir='ltr'>ἀμύστοις</span> <span class='ocrx_word' id='word_1_430' title='bbox 3182 3058 3365 3114; x_wconf 83' lang='grc' dir='ltr'>αὐτῶν</span> <span class='ocrx_word' id='word_1_431' title='bbox 3407 3055 3815 3127; x_wconf 58' lang='grc' dir='ltr'>καταγινώσκεα</span> 
     </span>
    </p>
   </div>
   <div class='ocr_carea' id='block_1_63' title="bbox 518 3149 2183 3229">
    <p class='ocr_par' dir='ltr' id='par_1_63' title="bbox 518 3149 2183 3229">
     <span class='ocr_line' id='line_1_63' title="bbox 518 3149 2183 3229; baseline 0.005 -20"><span class='ocrx_word' id='word_1_432' title='bbox 518 3169 742 3211; x_wconf 89' lang='lat' dir='ltr'><strong>omnem</strong></span> <span class='ocrx_word' id='word_1_433' title='bbox 791 3164 979 3211; x_wconf 86' lang='lat' dir='ltr'><strong>autem</strong></span> <span class='ocrx_word' id='word_1_434' title='bbox 1023 3164 1254 3224; x_wconf 88' lang='lat' dir='ltr'><strong>tactum,</strong></span> <span class='ocrx_word' id='word_1_435' title='bbox 1291 3173 1625 3229; x_wconf 89' lang='lat' dir='ltr'><strong>omnemque</strong></span> <span class='ocrx_word' id='word_1_436' title='bbox 1659 3162 1891 3217; x_wconf 82' lang='lat' dir='ltr'><strong>rationis</strong></span> <span class='ocrx_word' id='word_1_437' title='bbox 1934 3178 1999 3217; x_wconf 89' lang='lat' dir='ltr'><strong>ac</strong></span> <span class='ocrx_word' id='word_1_438' title='bbox 2030 3163 2120 3218; x_wconf 76' lang='lat' dir='ltr'><strong>in-</strong></span> <span class='ocrx_word' id='word_1_439' title='bbox 2154 3149 2183 3160; x_wconf 72' lang='grc'><em>’</em></span> 
     </span>
    </p>
   </div>
   <div class='ocr_carea' id='block_1_64' title="bbox 2224 3149 3814 3229">
    <p class='ocr_par' dir='ltr' id='par_1_64' title="bbox 2228 3149 3814 3226">
     <span class='ocr_line' id='line_1_64' title="bbox 2228 3149 3814 3226; baseline -0.003 -17"><span class='ocrx_word' id='word_1_440' title='bbox 2228 3154 2353 3209; x_wconf 82' lang='grc' dir='ltr'><strong>σθαι</strong></span> <span class='ocrx_word' id='word_1_441' title='bbox 2378 3172 2393 3188; x_wconf 76' lang='grc' dir='ltr'><strong><em>ο</em></strong></span> <span class='ocrx_word' id='word_1_442' title='bbox 2424 3155 2493 3209; x_wconf 82' lang='grc' dir='ltr'><strong>δι’</strong></span> <span class='ocrx_word' id='word_1_443' title='bbox 2524 3156 2668 3226; x_wconf 76' lang='grc' dir='ltr'><strong>ἁφῆς</strong></span> <span class='ocrx_word' id='word_1_444' title='bbox 2718 3154 2777 3209; x_wconf 84' lang='grc' dir='ltr'><strong>δὲ</strong></span> <span class='ocrx_word' id='word_1_445' title='bbox 2831 3154 3035 3225; x_wconf 81' lang='grc' dir='ltr'><strong>πάσης,</strong></span> <span class='ocrx_word' id='word_1_446' title='bbox 3093 3153 3189 3207; x_wconf 71' lang='grc' dir='ltr'>καὶ</span> <span class='ocrx_word' id='word_1_447' title='bbox 3224 3152 3407 3224; x_wconf 78' lang='grc' dir='ltr'>πάσης</span> <span class='ocrx_word' id='word_1_448' title='bbox 3438 3150 3666 3220; x_wconf 80' lang='grc' dir='ltr'><strong>λογικῆς</strong></span> <span class='ocrx_word' id='word_1_449' title='bbox 3732 3149 3814 3205; x_wconf 68' lang='grc' dir='ltr'><strong>δυσ</strong></span> 
     </span>
    </p>
   </div>
   <div class='ocr_carea' id='block_1_65' title="bbox 520 3240 2183 3325">
    <p class='ocr_par' dir='ltr' id='par_1_65' title="bbox 520 3247 2123 3325">
     <span class='ocr_line' id='line_1_65' title="bbox 520 3247 2123 3325; baseline 0.006 -24"><span class='ocrx_word' id='word_1_450' title='bbox 520 3247 842 3319; x_wconf 81' lang='lat' dir='ltr'><strong>telligentiae</strong></span> <span class='ocrx_word' id='word_1_451' title='bbox 864 3248 1001 3313; x_wconf 88' lang='lat' dir='ltr'><strong>vim,</strong></span> <span class='ocrx_word' id='word_1_452' title='bbox 1034 3250 1224 3305; x_wconf 86' lang='lat' dir='ltr'><strong>divina</strong></span> <span class='ocrx_word' id='word_1_453' title='bbox 1263 3251 1577 3321; x_wconf 84' lang='lat' dir='ltr'><strong>pervadens</strong></span> <span class='ocrx_word' id='word_1_454' title='bbox 1610 3252 1783 3323; x_wconf 84' lang='lat' dir='ltr'><strong>gratia</strong></span> <span class='ocrx_word' id='word_1_455' title='bbox 1811 3295 1824 3319; x_wconf 92' lang='lat'><strong>,</strong></span> <span class='ocrx_word' id='word_1_456' title='bbox 1864 3260 2123 3325; x_wconf 88' lang='lat' dir='ltr'><strong>totosque</strong></span> 
     </span>
    </p>
   </div>
   <div class='ocr_carea' id='block_1_66' title="bbox 2224 3240 3826 3325">
    <p class='ocr_par' dir='ltr' id='par_1_66' title="bbox 2240 3240 3826 3320">
     <span class='ocr_line' id='line_1_66' title="bbox 2240 3240 3826 3320; baseline -0.006 -17"><span class='ocrx_word' id='word_1_457' title='bbox 2240 3249 2463 3319; x_wconf 82' lang='grc' dir='ltr'>νάμεως</span> <span class='ocrx_word' id='word_1_458' title='bbox 2492 3249 2589 3303; x_wconf 77' lang='grc' dir='ltr'><strong>καὶ</strong></span> <span class='ocrx_word' id='word_1_459' title='bbox 2620 3250 2817 3320; x_wconf 84' lang='grc' dir='ltr'>νοερᾶς</span> <span class='ocrx_word' id='word_1_460' title='bbox 2843 3248 2877 3318; x_wconf 80' lang='grc' dir='ltr'>ἡ</span> <span class='ocrx_word' id='word_1_461' title='bbox 2908 3247 3029 3299; x_wconf 82' lang='grc' dir='ltr'>θεία</span> <span class='ocrx_word' id='word_1_462' title='bbox 3058 3244 3474 3301; x_wconf 84' lang='grc' dir='ltr'>καταδεδωκυῖα</span> <span class='ocrx_word' id='word_1_463' title='bbox 3522 3244 3706 3314; x_wconf 80' lang='grc' dir='ltr'>χάρις,</span> <span class='ocrx_word' id='word_1_464' title='bbox 3738 3240 3826 3295; x_wconf 64' lang='grc' dir='ltr'>καὶ</span> 
     </span>
    </p>
   </div>
   <div class='ocr_carea' id='block_1_67' title="bbox 520 3334 2183 3418">
    <p class='ocr_par' dir='ltr' id='par_1_67' title="bbox 520 3338 2124 3418">
     <span class='ocr_line' id='line_1_67' title="bbox 520 3338 2124 3418; baseline 0.007 -25"><span class='ocrx_word' id='word_1_465' title='bbox 520 3338 647 3394; x_wconf 89' lang='lat' dir='ltr'><strong>illos</strong></span> <span class='ocrx_word' id='word_1_466' title='bbox 672 3356 804 3397; x_wconf 90' lang='lat' dir='ltr'><strong>vere</strong></span> <span class='ocrx_word' id='word_1_467' title='bbox 837 3341 1211 3413; x_wconf 84' lang='lat' dir='ltr'><strong>undequaque</strong></span> <span class='ocrx_word' id='word_1_468' title='bbox 1229 3343 1577 3415; x_wconf 90' lang='lat' dir='ltr'><strong>adimplens;</strong></span> <span class='ocrx_word' id='word_1_469' title='bbox 1607 3354 1876 3415; x_wconf 79' lang='lat' dir='ltr'><strong>extraque</strong></span> <span class='ocrx_word' id='word_1_470' title='bbox 1909 3348 2124 3418; x_wconf 84' lang='lat' dir='ltr'><strong>seipsos</strong></span> 
     </span>
    </p>
   </div>
   <div class='ocr_carea' id='block_1_68' title="bbox 2224 3334 3831 3418">
    <p class='ocr_par' dir='ltr' id='par_1_68' title="bbox 2227 3334 3831 3413">
     <span class='ocr_line' id='line_1_68' title="bbox 2227 3334 3831 3413; baseline -0.007 -15"><span class='ocrx_word' id='word_1_471' title='bbox 2227 3344 2386 3407; x_wconf 80' lang='grc' dir='ltr'><strong>ὅλους</strong></span> <span class='ocrx_word' id='word_1_472' title='bbox 2438 3343 2507 3397; x_wconf 82' lang='grc' dir='ltr'><strong>δι’</strong></span> <span class='ocrx_word' id='word_1_473' title='bbox 2563 3344 2687 3396; x_wconf 79' lang='grc' dir='ltr'>ὅλου</span> <span class='ocrx_word' id='word_1_474' title='bbox 2745 3340 2973 3405; x_wconf 84' lang='grc' dir='ltr'><strong>τούτους</strong></span> <span class='ocrx_word' id='word_1_475' title='bbox 3002 3338 3328 3413; x_wconf 83' lang='grc' dir='ltr'>ἀκραιφνῶς</span> <span class='ocrx_word' id='word_1_476' title='bbox 3376 3334 3665 3407; x_wconf 74' lang='grc' dir='ltr'><strong>πληροῦσα</strong></span> <span class='ocrx_word' id='word_1_477' title='bbox 3694 3352 3709 3367; x_wconf 88' lang='grc'><strong>·</strong></span> <span class='ocrx_word' id='word_1_478' title='bbox 3738 3337 3831 3388; x_wconf 60' lang='grc' dir='ltr'>καὶ</span> 
     </span>
    </p>
   </div>
   <div class='ocr_carea' id='block_1_69' title="bbox 520 3427 2183 3511">
    <p class='ocr_par' dir='ltr' id='par_1_69' title="bbox 520 3432 2123 3511">
     <span class='ocr_line' id='line_1_69' title="bbox 520 3432 2123 3511; baseline 0.008 -27"><span class='ocrx_word' id='word_1_479' title='bbox 520 3445 587 3485; x_wconf 86' lang='lat' dir='ltr'><strong>ac</strong></span> <span class='ocrx_word' id='word_1_480' title='bbox 649 3432 922 3487; x_wconf 90' lang='lat' dir='ltr'><strong>mundum</strong></span> <span class='ocrx_word' id='word_1_481' title='bbox 976 3450 1201 3490; x_wconf 89' lang='lat' dir='ltr'><strong>omnem</strong></span> <span class='ocrx_word' id='word_1_482' title='bbox 1261 3437 1608 3492; x_wconf 85' lang='lat' dir='ltr'><strong>constituens</strong></span> <span class='ocrx_word' id='word_1_483' title='bbox 1658 3440 1711 3511; x_wconf 80' lang='grc' dir='ltr'><strong>(ο</strong></span> <span class='ocrx_word' id='word_1_484' title='bbox 1764 3440 1991 3495; x_wconf 84' lang='lat' dir='ltr'><strong>beatum</strong></span> <span class='ocrx_word' id='word_1_485' title='bbox 2065 3449 2123 3497; x_wconf 88' lang='lat' dir='ltr'><strong>et</strong></span> 
     </span>
    </p>
   </div>
   <div class='ocr_carea' id='block_1_70' title="bbox 2224 3427 3827 3511">
    <p class='ocr_par' dir='ltr' id='par_1_70' title="bbox 2228 3427 3827 3505">
     <span class='ocr_line' id='line_1_70' title="bbox 2228 3427 3827 3505; baseline -0.005 -17"><span class='ocrx_word' id='word_1_486' title='bbox 2228 3434 2334 3503; x_wconf 76' lang='grc' dir='ltr'><strong>ἔξω</strong></span> <span class='ocrx_word' id='word_1_487' title='bbox 2363 3436 2460 3505; x_wconf 76' lang='grc' dir='ltr'>μὲν</span> <span class='ocrx_word' id='word_1_488' title='bbox 2494 3434 2723 3494; x_wconf 74' lang='grc' dir='ltr'>ἑαυτῶν.</span> <span class='ocrx_word' id='word_1_489' title='bbox 2753 3432 2860 3498; x_wconf 73' lang='grc' dir='ltr'><strong>ἔξω</strong></span> <span class='ocrx_word' id='word_1_490' title='bbox 2893 3434 2951 3486; x_wconf 79' lang='grc' dir='ltr'><strong>δὲ</strong></span> <span class='ocrx_word' id='word_1_491' title='bbox 2976 3431 3071 3486; x_wconf 77' lang='grc' dir='ltr'><strong>τοῦ</strong></span> <span class='ocrx_word' id='word_1_492' title='bbox 3104 3432 3315 3500; x_wconf 83' lang='grc' dir='ltr'>κόσμου</span> <span class='ocrx_word' id='word_1_493' title='bbox 3347 3427 3667 3484; x_wconf 83' lang='grc' dir='ltr'>καθιστῶσα</span> <span class='ocrx_word' id='word_1_494' title='bbox 3693 3443 3827 3480; x_wconf 56' lang='grc' dir='ltr'>παν.</span> 
     </span>
    </p>
   </div>
   <div class='ocr_carea' id='block_1_71' title="bbox 520 3519 2183 3600">
    <p class='ocr_par' dir='ltr' id='par_1_71' title="bbox 520 3525 2125 3598">
     <span class='ocr_line' id='line_1_71' title="bbox 520 3525 2125 3598; baseline 0.006 -20"><span class='ocrx_word' id='word_1_495' title='bbox 520 3525 895 3592; x_wconf 82' lang='lat' dir='ltr'><strong>exoptandum</strong></span> <span class='ocrx_word' id='word_1_496' title='bbox 929 3530 1258 3598; x_wconf 77' lang='lat' dir='ltr'><strong>excessum!</strong></span> <span class='ocrx_word' id='word_1_497' title='bbox 1292 3545 1325 3583; x_wconf 94' lang='grc' dir='ltr'><strong>ο</strong></span> <span class='ocrx_word' id='word_1_498' title='bbox 1356 3530 1690 3585; x_wconf 85' lang='lat' dir='ltr'><strong>laudabilem</strong></span> <span class='ocrx_word' id='word_1_499' title='bbox 1729 3533 1879 3587; x_wconf 84' lang='lat' dir='ltr'><strong>illam</strong></span> <span class='ocrx_word' id='word_1_500' title='bbox 1923 3533 2125 3587; x_wconf 89' lang='lat' dir='ltr'><strong>immu-</strong></span> 
     </span>
    </p>
   </div>
   <div class='ocr_carea' id='block_1_72' title="bbox 2224 3519 3847 3600">
    <p class='ocr_par' dir='ltr' id='par_1_72' title="bbox 2226 3519 3847 3600">
     <span class='ocr_line' id='line_1_72' title="bbox 2226 3519 3847 3600; baseline 0.002 -21"><span class='ocrx_word' id='word_1_501' title='bbox 2226 3530 2355 3592; x_wconf 75' lang='grc' dir='ltr'><strong>τός·</strong></span> <span class='ocrx_word' id='word_1_502' title='bbox 2396 3529 2484 3600; x_wconf 83' lang='grc' dir='ltr'><strong>(Ὢ</strong></span> <span class='ocrx_word' id='word_1_503' title='bbox 2521 3527 2803 3599; x_wconf 72' lang='grc' dir='ltr'><strong>μακαρίας</strong></span> <span class='ocrx_word' id='word_1_504' title='bbox 2824 3527 3137 3589; x_wconf 78' lang='grc' dir='ltr'>ἐκστάσεως</span> <span class='ocrx_word' id='word_1_505' title='bbox 3170 3525 3265 3577; x_wconf 77' lang='grc' dir='ltr'>καὶ</span> <span class='ocrx_word' id='word_1_506' title='bbox 3309 3522 3598 3593; x_wconf 75' lang='grc' dir='ltr'><strong>ζηλωτῆςι</strong></span> <span class='ocrx_word' id='word_1_507' title='bbox 3640 3519 3685 3573; x_wconf 87' lang='grc' dir='ltr'><strong>ὣ</strong></span> <span class='ocrx_word' id='word_1_508' title='bbox 3735 3521 3847 3589; x_wconf 78' lang='grc' dir='ltr'><strong>τῆς,</strong></span> 
     </span>
    </p>
   </div>
   <div class='ocr_carea' id='block_1_73' title="bbox 521 3612 2183 3694">
    <p class='ocr_par' dir='ltr' id='par_1_73' title="bbox 521 3616 2124 3694">
     <span class='ocr_line' id='line_1_73' title="bbox 521 3616 2124 3694; baseline 0.005 -23"><span class='ocrx_word' id='word_1_509' title='bbox 521 3616 787 3671; x_wconf 87' lang='lat' dir='ltr'><strong>tationem</strong></span> <span class='ocrx_word' id='word_1_510' title='bbox 814 3616 878 3689; x_wconf 90' lang='lat' dir='ltr'><strong>l),</strong></span> <span class='ocrx_word' id='word_1_511' title='bbox 913 3620 1058 3675; x_wconf 88' lang='lat' dir='ltr'><strong>intra</strong></span> <span class='ocrx_word' id='word_1_512' title='bbox 1089 3620 1261 3675; x_wconf 86' lang='lat' dir='ltr'><strong>Deum</strong></span> <span class='ocrx_word' id='word_1_513' title='bbox 1286 3636 1406 3677; x_wconf 87' lang='lat' dir='ltr'><strong>esse</strong></span> <span class='ocrx_word' id='word_1_514' title='bbox 1434 3621 1676 3678; x_wconf 86' lang='lat' dir='ltr'><strong>fecerat:</strong></span> <span class='ocrx_word' id='word_1_515' title='bbox 1702 3623 1925 3694; x_wconf 88' lang='lat' dir='ltr'><strong>quando</strong></span> <span class='ocrx_word' id='word_1_516' title='bbox 1955 3625 2124 3679; x_wconf 83' lang='lat' dir='ltr'><strong>nimi-</strong></span> 
     </span>
    </p>
   </div>
   <div class='ocr_carea' id='block_1_74' title="bbox 2224 3612 3835 3694">
    <p class='ocr_par' dir='ltr' id='par_1_74' title="bbox 2228 3612 3835 3692">
     <span class='ocr_line' id='line_1_74' title="bbox 2228 3612 3835 3692; baseline -0.007 -16"><span class='ocrx_word' id='word_1_517' title='bbox 2228 3622 2519 3692; x_wconf 74' lang='grc' dir='ltr'>ἐπαινετῆς</span> <span class='ocrx_word' id='word_1_518' title='bbox 2546 3620 2763 3690; x_wconf 70' lang='grc' dir='ltr'>ἐκείνης</span> <span class='ocrx_word' id='word_1_519' title='bbox 2799 3618 3161 3682; x_wconf 81' lang='grc' dir='ltr'>ἀλλοιώσεως,</span> <span class='ocrx_word' id='word_1_520' title='bbox 3186 3618 3339 3679; x_wconf 74' lang='grc' dir='ltr'><strong>ἐντὸς</strong></span> <span class='ocrx_word' id='word_1_521' title='bbox 3369 3614 3601 3685; x_wconf 83' lang='grc' dir='ltr'>καθίστη</span> <span class='ocrx_word' id='word_1_522' title='bbox 3629 3612 3768 3667; x_wconf 79' lang='grc' dir='ltr'>Θεοῦ</span> <span class='ocrx_word' id='word_1_523' title='bbox 3789 3615 3835 3682; x_wconf 73' lang='grc'><strong>2)</strong></span> 
     </span>
    </p>
   </div>
   <div class='ocr_carea' id='block_1_75' title="bbox 522 3707 2183 3784">
    <p class='ocr_par' dir='ltr' id='par_1_75' title="bbox 522 3710 2122 3783">
     <span class='ocr_line' id='line_1_75' title="bbox 522 3710 2122 3783; baseline 0.006 -23"><span class='ocrx_word' id='word_1_524' title='bbox 522 3721 669 3769; x_wconf 88' lang='lat' dir='ltr'><strong>rum,</strong></span> <span class='ocrx_word' id='word_1_525' title='bbox 705 3721 924 3772; x_wconf 89' lang='lat' dir='ltr'><strong>eorum,</strong></span> <span class='ocrx_word' id='word_1_526' title='bbox 960 3725 1083 3779; x_wconf 69' lang='lat' dir='ltr'><strong>quae</strong></span> <span class='ocrx_word' id='word_1_527' title='bbox 1115 3710 1184 3765; x_wconf 90' lang='lat' dir='ltr'><strong>ad</strong></span> <span class='ocrx_word' id='word_1_528' title='bbox 1221 3725 1321 3766; x_wconf 81' lang='lat' dir='ltr'><strong>eos</strong></span> <span class='ocrx_word' id='word_1_529' title='bbox 1348 3713 1590 3782; x_wconf 87' lang='lat' dir='ltr'><strong>primum</strong></span> <span class='ocrx_word' id='word_1_530' title='bbox 1628 3711 1771 3767; x_wconf 88' lang='lat' dir='ltr'><strong>dicta</strong></span> <span class='ocrx_word' id='word_1_531' title='bbox 1815 3730 1844 3768; x_wconf 91' lang='lat' dir='ltr'><strong>a</strong></span> <span class='ocrx_word' id='word_1_532' title='bbox 1878 3715 2122 3783; x_wconf 82' lang='lat' dir='ltr'><strong>Christo,</strong></span> 
     </span>
    </p>
   </div>
   <div class='ocr_carea' id='block_1_76' title="bbox 2224 3707 3834 3784">
    <p class='ocr_par' dir='ltr' id='par_1_76' title="bbox 2227 3707 3834 3784">
     <span class='ocr_line' id='line_1_76' title="bbox 2227 3707 3834 3784; baseline -0.003 -19"><span class='ocrx_word' id='word_1_533' title='bbox 2227 3714 2393 3784; x_wconf 78' lang='grc' dir='ltr'>ἡνίκα</span> <span class='ocrx_word' id='word_1_534' title='bbox 2435 3711 2544 3768; x_wconf 79' lang='grc' dir='ltr'><strong>τῶν</strong></span> <span class='ocrx_word' id='word_1_535' title='bbox 2588 3712 2696 3766; x_wconf 81' lang='grc' dir='ltr'>ὑπὸ</span> <span class='ocrx_word' id='word_1_536' title='bbox 2732 3710 2974 3783; x_wconf 79' lang='grc' dir='ltr'><strong>Χριστοῦ</strong></span> <span class='ocrx_word' id='word_1_537' title='bbox 3007 3711 3227 3784; x_wconf 85' lang='grc' dir='ltr'><strong>πρῶτον</strong></span> <span class='ocrx_word' id='word_1_538' title='bbox 3272 3707 3412 3781; x_wconf 79' lang='grc' dir='ltr'>πρὸς</span> <span class='ocrx_word' id='word_1_539' title='bbox 3444 3708 3646 3771; x_wconf 78' lang='grc' dir='ltr'>αὐτοὺς</span> <span class='ocrx_word' id='word_1_540' title='bbox 3672 3708 3834 3777; x_wconf 77' lang='grc' dir='ltr'>είρη·</span> 
     </span>
    </p>
   </div>
   <div class='ocr_carea' id='block_1_77' title="bbox 522 3795 2183 3879">
    <p class='ocr_par' dir='ltr' id='par_1_77' title="bbox 522 3798 2126 3878">
     <span class='ocr_line' id='line_1_77' title="bbox 522 3798 2126 3878; baseline 0.006 -24"><span class='ocrx_word' id='word_1_541' title='bbox 522 3798 761 3855; x_wconf 87' lang='lat' dir='ltr'><strong>obscure</strong></span> <span class='ocrx_word' id='word_1_542' title='bbox 784 3809 1137 3872; x_wconf 87' lang='lat' dir='ltr'><strong>acceperant,</strong></span> <span class='ocrx_word' id='word_1_543' title='bbox 1172 3818 1297 3873; x_wconf 83' lang='lat' dir='ltr'><strong>quae</strong></span> <span class='ocrx_word' id='word_1_544' title='bbox 1342 3812 1474 3861; x_wconf 90' lang='lat' dir='ltr'><strong>tunc</strong></span> <span class='ocrx_word' id='word_1_545' title='bbox 1508 3806 1846 3878; x_wconf 83' lang='lat' dir='ltr'><strong>gerebantur</strong></span> <span class='ocrx_word' id='word_1_546' title='bbox 1874 3822 1937 3862; x_wconf 86' lang='lat' dir='ltr'><strong>ac</strong></span> <span class='ocrx_word' id='word_1_547' title='bbox 1978 3823 2126 3878; x_wconf 64' lang='lat' dir='ltr'><strong>prae-</strong></span> 
     </span>
    </p>
   </div>
   <div class='ocr_carea' id='block_1_78' title="bbox 2224 3795 3837 3879">
    <p class='ocr_par' dir='ltr' id='par_1_78' title="bbox 2232 3795 3837 3879">
     <span class='ocr_line' id='line_1_78' title="bbox 2232 3795 3837 3879; baseline -0.007 -18"><span class='ocrx_word' id='word_1_548' title='bbox 2232 3807 2409 3879; x_wconf 83' lang='grc' dir='ltr'>μένων</span> <span class='ocrx_word' id='word_1_549' title='bbox 2433 3806 2527 3860; x_wconf 72' lang='grc' dir='ltr'>καὶ</span> <span class='ocrx_word' id='word_1_550' title='bbox 2548 3803 2809 3876; x_wconf 80' lang='grc' dir='ltr'><strong>ἀμυδρῶς</strong></span> <span class='ocrx_word' id='word_1_551' title='bbox 2835 3804 3206 3874; x_wconf 76' lang='grc' dir='ltr'>ἀκουομένων,</span> <span class='ocrx_word' id='word_1_552' title='bbox 3234 3800 3457 3873; x_wconf 75' lang='grc' dir='ltr'><strong>ἔλεγχος</strong></span> <span class='ocrx_word' id='word_1_553' title='bbox 3484 3795 3554 3872; x_wconf 75' lang='grc' dir='ltr'>ἦν</span> <span class='ocrx_word' id='word_1_554' title='bbox 3579 3799 3650 3852; x_wconf 80' lang='grc' dir='ltr'><strong>τὰ</strong></span> <span class='ocrx_word' id='word_1_555' title='bbox 3680 3814 3837 3868; x_wconf 74' lang='grc' dir='ltr'>παρ-</span> 
     </span>
    </p>
   </div>
   <div class='ocr_carea' id='block_1_79' title="bbox 526 3887 2183 3970">
    <p class='ocr_par' dir='ltr' id='par_1_79' title="bbox 526 3892 2127 3970">
     <span class='ocr_line' id='line_1_79' title="bbox 526 3892 2127 3970; baseline 0.006 -24"><span class='ocrx_word' id='word_1_556' title='bbox 526 3892 730 3956; x_wconf 87' lang='lat' dir='ltr'><strong>sentia,</strong></span> <span class='ocrx_word' id='word_1_557' title='bbox 777 3895 929 3949; x_wconf 85' lang='lat' dir='ltr'><strong>clara</strong></span> <span class='ocrx_word' id='word_1_558' title='bbox 977 3895 1183 3950; x_wconf 89' lang='lat' dir='ltr'><strong>evictio</strong></span> <span class='ocrx_word' id='word_1_559' title='bbox 1229 3906 1434 3951; x_wconf 89' lang='lat' dir='ltr'><strong>erant:</strong></span> <span class='ocrx_word' id='word_1_560' title='bbox 1481 3913 1547 3955; x_wconf 86' lang='lat' dir='ltr'><strong>ac</strong></span> <span class='ocrx_word' id='word_1_561' title='bbox 1596 3914 1837 3970; x_wconf 86' lang='lat' dir='ltr'><strong>quorum</strong></span> <span class='ocrx_word' id='word_1_562' title='bbox 1869 3900 2127 3956; x_wconf 82' lang='lat' dir='ltr'><strong>obscuris</strong></span> 
     </span>
    </p>
   </div>
   <div class='ocr_carea' id='block_1_80' title="bbox 2224 3887 3841 3970">
    <p class='ocr_par' dir='ltr' id='par_1_80' title="bbox 2230 3887 3841 3968">
     <span class='ocr_line' id='line_1_80' title="bbox 2230 3887 3841 3968; baseline -0.007 -17"><span class='ocrx_word' id='word_1_563' title='bbox 2230 3898 2360 3953; x_wconf 83' lang='grc' dir='ltr'>όντα</span> <span class='ocrx_word' id='word_1_564' title='bbox 2428 3898 2611 3968; x_wconf 73' lang='grc' dir='ltr'>σαφής</span> <span class='ocrx_word' id='word_1_565' title='bbox 2636 3910 2654 3927; x_wconf 78' lang='grc'><strong><em>⁸</em></strong></span> <span class='ocrx_word' id='word_1_566' title='bbox 2689 3894 2786 3948; x_wconf 77' lang='grc' dir='ltr'>καὶ</span> <span class='ocrx_word' id='word_1_567' title='bbox 2839 3887 2916 3949; x_wconf 80' lang='grc' dir='ltr'>ὦν</span> <span class='ocrx_word' id='word_1_568' title='bbox 2964 3895 3238 3964; x_wconf 84' lang='grc' dir='ltr'><strong>ἀμαυροῖς</strong></span> <span class='ocrx_word' id='word_1_569' title='bbox 3278 3892 3452 3963; x_wconf 78' lang='grc' dir='ltr'>τχνεσι</span> <span class='ocrx_word' id='word_1_570' title='bbox 3500 3890 3740 3949; x_wconf 84' lang='grc' dir='ltr'>πίστεως</span> <span class='ocrx_word' id='word_1_571' title='bbox 3771 3888 3841 3940; x_wconf 70' lang='grc' dir='ltr'>ιν</span> 
     </span>
    </p>
   </div>
   <div class='ocr_carea' id='block_1_81' title="bbox 523 3980 2183 4063">
    <p class='ocr_par' dir='ltr' id='par_1_81' title="bbox 523 3984 2124 4063">
     <span class='ocr_line' id='line_1_81' title="bbox 523 3984 2124 4063; baseline 0.005 -22"><span class='ocrx_word' id='word_1_572' title='bbox 523 3986 775 4058; x_wconf 88' lang='lat' dir='ltr'><strong>vestigiis</strong></span> <span class='ocrx_word' id='word_1_573' title='bbox 810 3988 936 4043; x_wconf 82' lang='lat' dir='ltr'><strong>ﬁdei</strong></span> <span class='ocrx_word' id='word_1_574' title='bbox 965 3992 1193 4046; x_wconf 87' lang='lat' dir='ltr'><strong>umbras</strong></span> <span class='ocrx_word' id='word_1_575' title='bbox 1218 3992 1407 4046; x_wconf 86' lang='lat' dir='ltr'><strong>animo</strong></span> <span class='ocrx_word' id='word_1_576' title='bbox 1432 3984 1790 4063; x_wconf 80' lang='lat' dir='ltr'><strong>eﬂingebant,</strong></span> <span class='ocrx_word' id='word_1_577' title='bbox 1822 4008 2019 4050; x_wconf 88' lang='lat' dir='ltr'><strong>eorum</strong></span> <span class='ocrx_word' id='word_1_578' title='bbox 2044 3992 2124 4049; x_wconf 90' lang='lat' dir='ltr'><strong>ibi</strong></span> 
     </span>
    </p>
   </div>
   <div class='ocr_carea' id='block_1_82' title="bbox 2224 3980 3840 4063">
    <p class='ocr_par' dir='ltr' id='par_1_82' title="bbox 2229 3980 3840 4060">
     <span class='ocr_line' id='line_1_82' title="bbox 2229 3980 3840 4060; baseline -0.006 -17"><span class='ocrx_word' id='word_1_579' title='bbox 2229 3989 2516 4060; x_wconf 79' lang='grc' dir='ltr'><strong>λογισμοῖς</strong></span> <span class='ocrx_word' id='word_1_580' title='bbox 2544 3984 2842 4041; x_wconf 74' lang='grc' dir='ltr'>ἑνετύπουν</span> <span class='ocrx_word' id='word_1_581' title='bbox 2895 3988 2998 4059; x_wconf 82' lang='grc' dir='ltr'><strong>τὴν</strong></span> <span class='ocrx_word' id='word_1_582' title='bbox 3030 3984 3432 4055; x_wconf 78' lang='grc' dir='ltr'><strong>σκιαγραφίαν,</strong></span> <span class='ocrx_word' id='word_1_583' title='bbox 3467 3983 3678 4035; x_wconf 83' lang='grc' dir='ltr'>τούτων</span> <span class='ocrx_word' id='word_1_584' title='bbox 3713 3980 3840 4033; x_wconf 73' lang='grc' dir='ltr'>ἐκεῖ</span> 
     </span>
    </p>
   </div>
   <div class='ocr_carea' id='block_1_83' title="bbox 527 4071 2183 4155">
    <p class='ocr_par' dir='ltr' id='par_1_83' title="bbox 527 4079 2127 4155">
     <span class='ocr_line' id='line_1_83' title="bbox 527 4079 2127 4155; baseline 0.006 -22"><span class='ocrx_word' id='word_1_585' title='bbox 527 4085 662 4133; x_wconf 90' lang='lat' dir='ltr'><strong>tunc</strong></span> <span class='ocrx_word' id='word_1_586' title='bbox 689 4079 933 4135; x_wconf 87' lang='lat' dir='ltr'><strong>dilucida</strong></span> <span class='ocrx_word' id='word_1_587' title='bbox 962 4097 1025 4137; x_wconf 87' lang='lat' dir='ltr'><strong>ac</strong></span> <span class='ocrx_word' id='word_1_588' title='bbox 1052 4084 1346 4154; x_wconf 88' lang='lat' dir='ltr'><strong>perspicua</strong></span> <span class='ocrx_word' id='word_1_589' title='bbox 1383 4084 1784 4155; x_wconf 88' lang='lat' dir='ltr'><strong>adimpletione</strong></span> <span class='ocrx_word' id='word_1_590' title='bbox 1822 4086 2002 4143; x_wconf 90' lang='lat' dir='ltr'><strong>oculis</strong></span> <span class='ocrx_word' id='word_1_591' title='bbox 2022 4085 2127 4142; x_wconf 80' lang='lat' dir='ltr'><strong>ob-</strong></span> 
     </span>
    </p>
   </div>
   <div class='ocr_carea' id='block_1_84' title="bbox 2224 4071 3843 4155">
    <p class='ocr_par' dir='ltr' id='par_1_84' title="bbox 2229 4071 3843 4153">
     <span class='ocr_line' id='line_1_84' title="bbox 2229 4071 3843 4153; baseline -0.009 -16"><span class='ocrx_word' id='word_1_592' title='bbox 2229 4083 2351 4137; x_wconf 82' lang='grc' dir='ltr'><strong>τότε</strong></span> <span class='ocrx_word' id='word_1_593' title='bbox 2383 4081 2562 4153; x_wconf 71' lang='grc' dir='ltr'>φανὴν</span> <span class='ocrx_word' id='word_1_594' title='bbox 2594 4097 2654 4134; x_wconf 79' lang='grc' dir='ltr'><strong>τε</strong></span> <span class='ocrx_word' id='word_1_595' title='bbox 2681 4080 2779 4134; x_wconf 69' lang='grc' dir='ltr'><strong>καὶ</strong></span> <span class='ocrx_word' id='word_1_596' title='bbox 2804 4077 3029 4149; x_wconf 73' lang='grc' dir='ltr'>εὖδηλον</span> <span class='ocrx_word' id='word_1_597' title='bbox 3058 4075 3536 4146; x_wconf 81' lang='grc' dir='ltr'>καταθεασάμενοι</span> <span class='ocrx_word' id='word_1_598' title='bbox 3563 4073 3665 4143; x_wconf 76' lang='grc' dir='ltr'>τὴν</span> <span class='ocrx_word' id='word_1_599' title='bbox 3694 4071 3843 4141; x_wconf 69' lang='grc' dir='ltr'><strong>πλή-</strong></span> 
     </span>
    </p>
   </div>
   <div class='ocr_carea' id='block_1_85' title="bbox 524 4162 2183 4249">
    <p class='ocr_par' dir='ltr' id='par_1_85' title="bbox 524 4175 2129 4249">
     <span class='ocr_line' id='line_1_85' title="bbox 524 4175 2129 4249; baseline 0.007 -26"><span class='ocrx_word' id='word_1_600' title='bbox 524 4180 806 4235; x_wconf 85' lang='lat' dir='ltr'><strong>versante,</strong></span> <span class='ocrx_word' id='word_1_601' title='bbox 844 4175 1236 4246; x_wconf 87' lang='lat' dir='ltr'><strong>rationumque</strong></span> <span class='ocrx_word' id='word_1_602' title='bbox 1269 4193 1334 4231; x_wconf 86' lang='lat' dir='ltr'><strong>ac</strong></span> <span class='ocrx_word' id='word_1_603' title='bbox 1363 4176 1764 4249; x_wconf 84' lang='lat' dir='ltr'><strong>cogitationum</strong></span> <span class='ocrx_word' id='word_1_604' title='bbox 1802 4180 1970 4234; x_wconf 85' lang='lat' dir='ltr'><strong>missa</strong></span> <span class='ocrx_word' id='word_1_605' title='bbox 2020 4181 2129 4237; x_wconf 90' lang='lat' dir='ltr'><strong>du-</strong></span> 
     </span>
    </p>
   </div>
   <div class='ocr_carea' id='block_1_86' title="bbox 2224 4162 3846 4249">
    <p class='ocr_par' dir='ltr' id='par_1_86' title="bbox 2234 4162 3846 4247">
     <span class='ocr_line' id='line_1_86' title="bbox 2234 4162 3846 4247; baseline -0.009 -19"><span class='ocrx_word' id='word_1_606' title='bbox 2234 4184 2425 4247; x_wconf 77' lang='grc' dir='ltr'>ρωσιν,</span> <span class='ocrx_word' id='word_1_607' title='bbox 2452 4173 2548 4227; x_wconf 77' lang='grc' dir='ltr'><strong>καὶ</strong></span> <span class='ocrx_word' id='word_1_608' title='bbox 2579 4171 2689 4227; x_wconf 83' lang='grc' dir='ltr'><strong>τῶν</strong></span> <span class='ocrx_word' id='word_1_609' title='bbox 2719 4169 2997 4241; x_wconf 82' lang='grc' dir='ltr'><strong>λογισμῶν</strong></span> <span class='ocrx_word' id='word_1_610' title='bbox 3030 4168 3130 4238; x_wconf 76' lang='grc' dir='ltr'><strong>τὴν</strong></span> <span class='ocrx_word' id='word_1_611' title='bbox 3157 4166 3433 4238; x_wconf 80' lang='grc' dir='ltr'>διάκρισιν</span> <span class='ocrx_word' id='word_1_612' title='bbox 3463 4162 3846 4224; x_wconf 75' lang='grc' dir='ltr'>ἀποϐαλοντες</span> 
     </span>
    </p>
   </div>
   <div class='ocr_carea' id='block_1_87' title="bbox 521 4256 2183 4343">
    <p class='ocr_par' dir='ltr' id='par_1_87' title="bbox 521 4260 2126 4343">
     <span class='ocr_line' id='line_1_87' title="bbox 521 4260 2126 4343; baseline 0.007 -26"><span class='ocrx_word' id='word_1_613' title='bbox 521 4260 729 4319; x_wconf 85' lang='lat' dir='ltr'><strong>bietate</strong></span> <span class='ocrx_word' id='word_1_614' title='bbox 784 4274 1047 4337; x_wconf 85' lang='lat' dir='ltr'><strong>metuque</strong></span> <span class='ocrx_word' id='word_1_615' title='bbox 1072 4267 1326 4339; x_wconf 81' lang='lat' dir='ltr'><strong>deposito</strong></span> <span class='ocrx_word' id='word_1_616' title='bbox 1365 4289 1381 4326; x_wconf 85' lang='lat'><strong>:</strong></span> <span class='ocrx_word' id='word_1_617' title='bbox 1430 4269 1581 4325; x_wconf 89' lang='lat' dir='ltr'><strong>omni</strong></span> <span class='ocrx_word' id='word_1_618' title='bbox 1609 4270 1850 4341; x_wconf 89' lang='lat' dir='ltr'><strong>denique</strong></span> <span class='ocrx_word' id='word_1_619' title='bbox 1885 4271 2126 4343; x_wconf 85' lang='lat' dir='ltr'><strong>ignavia,</strong></span> 
     </span>
    </p>
   </div>
   <div class='ocr_carea' id='block_1_88' title="bbox 2224 4256 3843 4343">
    <p class='ocr_par' dir='ltr' id='par_1_88' title="bbox 2235 4256 3843 4343">
     <span class='ocr_line' id='line_1_88' title="bbox 2235 4256 3843 4343; baseline -0.011 -19"><span class='ocrx_word' id='word_1_620' title='bbox 2235 4270 2332 4323; x_wconf 75' lang='grc' dir='ltr'>καὶ</span> <span class='ocrx_word' id='word_1_621' title='bbox 2362 4266 2464 4339; x_wconf 77' lang='grc' dir='ltr'><strong>τὴν</strong></span> <span class='ocrx_word' id='word_1_622' title='bbox 2497 4265 2752 4336; x_wconf 77' lang='grc' dir='ltr'>διψυχίαν</span> <span class='ocrx_word' id='word_1_623' title='bbox 2780 4264 3044 4334; x_wconf 82' lang='grc' dir='ltr'>ἀφέντες,</span> <span class='ocrx_word' id='word_1_624' title='bbox 3082 4262 3177 4314; x_wconf 68' lang='grc' dir='ltr'>καὶ</span> <span class='ocrx_word' id='word_1_625' title='bbox 3209 4258 3300 4313; x_wconf 84' lang='grc' dir='ltr'>τὸν</span> <span class='ocrx_word' id='word_1_626' title='bbox 3327 4256 3494 4343; x_wconf 67' lang='grc' dir='ltr'>φοϐον</span> <span class='ocrx_word' id='word_1_627' title='bbox 3518 4256 3843 4307; x_wconf 78' lang='grc' dir='ltr'>ἀποσκευα-</span> 
     </span>
    </p>
   </div>
   <div class='ocr_carea' id='block_1_89' title="bbox 520 4346 2183 4432">
    <p class='ocr_par' dir='ltr' id='par_1_89' title="bbox 520 4352 2123 4431">
     <span class='ocr_line' id='line_1_89' title="bbox 520 4352 2123 4431; baseline 0.006 -26"><span class='ocrx_word' id='word_1_628' title='bbox 520 4352 784 4423; x_wconf 89' lang='lat' dir='ltr'><strong>omnique</strong></span> <span class='ocrx_word' id='word_1_629' title='bbox 814 4355 981 4409; x_wconf 87' lang='lat' dir='ltr'><strong>animi</strong></span> <span class='ocrx_word' id='word_1_630' title='bbox 1028 4355 1151 4411; x_wconf 85' lang='lat' dir='ltr'><strong>labe</strong></span> <span class='ocrx_word' id='word_1_631' title='bbox 1186 4357 1425 4423; x_wconf 82' lang='lat' dir='ltr'><strong>detersa,</strong></span> <span class='ocrx_word' id='word_1_632' title='bbox 1465 4357 1706 4413; x_wconf 83' lang='lat' dir='ltr'><strong>ccelestis</strong></span> <span class='ocrx_word' id='word_1_633' title='bbox 1734 4357 1849 4428; x_wconf 85' lang='lat' dir='ltr'><strong>jam</strong></span> <span class='ocrx_word' id='word_1_634' title='bbox 1876 4357 2123 4431; x_wconf 64' lang='lat' dir='ltr'><strong>vitaaguo</strong></span> 
     </span>
    </p>
   </div>
   <div class='ocr_carea' id='block_1_90' title="bbox 2224 4346 3842 4432">
    <p class='ocr_par' dir='ltr' id='par_1_90' title="bbox 2235 4346 3842 4432">
     <span class='ocr_line' id='line_1_90' title="bbox 2235 4346 3842 4432; baseline -0.011 -17"><span class='ocrx_word' id='word_1_635' title='bbox 2235 4360 2485 4432; x_wconf 79' lang='grc' dir='ltr'>σάμενοι,</span> <span class='ocrx_word' id='word_1_636' title='bbox 2521 4359 2618 4413; x_wconf 61' lang='grc' dir='ltr'>καὶ</span> <span class='ocrx_word' id='word_1_637' title='bbox 2647 4359 2830 4411; x_wconf 76' lang='grc' dir='ltr'>πᾶσαν</span> <span class='ocrx_word' id='word_1_638' title='bbox 2858 4355 3060 4410; x_wconf 75' lang='grc' dir='ltr'>δειλίαν</span> <span class='ocrx_word' id='word_1_639' title='bbox 3086 4354 3183 4406; x_wconf 73' lang='grc' dir='ltr'><strong>καὶ</strong></span> <span class='ocrx_word' id='word_1_640' title='bbox 3213 4354 3322 4406; x_wconf 77' lang='grc' dir='ltr'>πᾶν</span> <span class='ocrx_word' id='word_1_641' title='bbox 3349 4350 3522 4413; x_wconf 78' lang='grc' dir='ltr'><strong>πάθος</strong></span> <span class='ocrx_word' id='word_1_642' title='bbox 3550 4346 3842 4415; x_wconf 74' lang='grc' dir='ltr'>ἀποκαθηο</span> 
     </span>
    </p>
   </div>
   <div class='ocr_carea' id='block_1_91' title="bbox 520 4434 2183 4525">
    <p class='ocr_par' dir='ltr' id='par_1_91' title="bbox 520 4445 2183 4523">
     <span class='ocr_line' id='line_1_91' title="bbox 520 4445 2183 4523; baseline 0.005 -26"><span class='ocrx_word' id='word_1_643' title='bbox 520 4453 668 4498; x_wconf 88' lang='lat' dir='ltr'><strong>stum</strong></span> <span class='ocrx_word' id='word_1_644' title='bbox 723 4445 1285 4519; x_wconf 84' lang='lat' dir='ltr'><strong>faciebant:quando</strong></span> <span class='ocrx_word' id='word_1_645' title='bbox 1330 4451 1492 4520; x_wconf 89' lang='lat' dir='ltr'><strong>plane</strong></span> <span class='ocrx_word' id='word_1_646' title='bbox 1527 4447 1992 4521; x_wconf 80' lang='lat' dir='ltr'><strong>praemagniﬁcum</strong></span> <span class='ocrx_word' id='word_1_647' title='bbox 2048 4465 2132 4506; x_wconf 77' lang='lat' dir='ltr'><strong>re-</strong></span> <span class='ocrx_word' id='word_1_648' title='bbox 2167 4464 2183 4523; x_wconf 78' lang='grc' dir='ltr'>ι</span> 
     </span>
    </p>
   </div>
   <div class='ocr_carea' id='block_1_92' title="bbox 2224 4434 3841 4525">
    <p class='ocr_par' dir='ltr' id='par_1_92' title="bbox 2243 4434 3841 4525">
     <span class='ocr_line' id='line_1_92' title="bbox 2243 4434 3841 4525; baseline -0.012 -19"><span class='ocrx_word' id='word_1_649' title='bbox 2243 4452 2469 4525; x_wconf 85' lang='grc' dir='ltr'>ράμενοι</span> <span class='ocrx_word' id='word_1_650' title='bbox 2519 4454 2620 4520; x_wconf 79' lang='grc' dir='ltr'><strong>τῆς</strong></span> <span class='ocrx_word' id='word_1_651' title='bbox 2656 4448 2857 4519; x_wconf 77' lang='grc' dir='ltr'>ψυχῆς,</span> <span class='ocrx_word' id='word_1_652' title='bbox 2915 4446 3016 4515; x_wconf 77' lang='grc' dir='ltr'><strong>τῆς</strong></span> <span class='ocrx_word' id='word_1_653' title='bbox 3046 4442 3304 4516; x_wconf 68' lang='grc' dir='ltr'>οὐρανίας</span> <span class='ocrx_word' id='word_1_654' title='bbox 3349 4440 3535 4496; x_wconf 70' lang='grc' dir='ltr'>λοιπὸν</span> <span class='ocrx_word' id='word_1_655' title='bbox 3581 4434 3728 4510; x_wconf 82' lang='grc' dir='ltr'>ἦσαν</span> <span class='ocrx_word' id='word_1_656' title='bbox 3777 4438 3841 4490; x_wconf 71' lang='grc' dir='ltr'>ἐν</span> 
     </span>
    </p>
   </div>
   <div class='ocr_carea' id='block_1_93' title="bbox 521 4530 2183 4613">
    <p class='ocr_par' dir='ltr' id='par_1_93' title="bbox 521 4538 2118 4613">
     <span class='ocr_line' id='line_1_93' title="bbox 521 4538 2118 4613; baseline 0.006 -23"><span class='ocrx_word' id='word_1_657' title='bbox 521 4551 651 4591; x_wconf 87' lang='lat' dir='ltr'><strong>vera</strong></span> <span class='ocrx_word' id='word_1_658' title='bbox 670 4538 920 4595; x_wconf 78' lang='lat' dir='ltr'><strong>maximae</strong></span> <span class='ocrx_word' id='word_1_659' title='bbox 946 4542 1306 4613; x_wconf 87' lang='lat' dir='ltr'><strong>perfectionis</strong></span> <span class='ocrx_word' id='word_1_660' title='bbox 1333 4543 1702 4597; x_wconf 86' lang='lat' dir='ltr'><strong>arrhabonem</strong></span> <span class='ocrx_word' id='word_1_661' title='bbox 1724 4542 1895 4607; x_wconf 88' lang='lat' dir='ltr'><strong>nacti,</strong></span> <span class='ocrx_word' id='word_1_662' title='bbox 1922 4543 2118 4600; x_wconf 80' lang='lat' dir='ltr'><strong>certis-</strong></span> 
     </span>
    </p>
   </div>
   <div class='ocr_carea' id='block_1_94' title="bbox 2224 4530 3837 4613">
    <p class='ocr_par' dir='ltr' id='par_1_94' title="bbox 2226 4530 3837 4611">
     <span class='ocr_line' id='line_1_94' title="bbox 2226 4530 3837 4611; baseline -0.008 -16"><span class='ocrx_word' id='word_1_663' title='bbox 2226 4539 2583 4611; x_wconf 84' lang='grc' dir='ltr'>συναισθήσει</span> <span class='ocrx_word' id='word_1_664' title='bbox 2642 4540 2787 4608; x_wconf 75' lang='grc' dir='ltr'><strong>ζωῆς</strong></span> <span class='ocrx_word' id='word_1_665' title='bbox 2818 4553 2841 4574; x_wconf 89' lang='grc'><strong>·-</strong></span> <span class='ocrx_word' id='word_1_666' title='bbox 2884 4539 2975 4591; x_wconf 84' lang='grc' dir='ltr'><strong>ὅτε</strong></span> <span class='ocrx_word' id='word_1_667' title='bbox 3030 4536 3095 4609; x_wconf 86' lang='grc' dir='ltr'><strong>δὴ</strong></span> <span class='ocrx_word' id='word_1_668' title='bbox 3131 4534 3386 4606; x_wconf 77' lang='grc' dir='ltr'>λαμπρὸν</span> <span class='ocrx_word' id='word_1_669' title='bbox 3433 4531 3549 4585; x_wconf 77' lang='grc' dir='ltr'><strong>ὄντι</strong></span> <span class='ocrx_word' id='word_1_670' title='bbox 3595 4530 3837 4601; x_wconf 73' lang='grc' dir='ltr'>μάλιστα.</span> 
     </span>
    </p>
   </div>
   <div class='ocr_carea' id='block_1_95' title="bbox 528 4625 2183 4711">
    <p class='ocr_par' dir='ltr' id='par_1_95' title="bbox 528 4632 2054 4711">
     <span class='ocr_line' id='line_1_95' title="bbox 528 4632 2054 4711; baseline 0.006 -25"><span class='ocrx_word' id='word_1_671' title='bbox 528 4632 726 4689; x_wconf 86' lang='lat' dir='ltr'><strong>simam</strong></span> <span class='ocrx_word' id='word_1_672' title='bbox 774 4634 903 4692; x_wconf 88' lang='lat' dir='ltr'><strong>inde</strong></span> <span class='ocrx_word' id='word_1_673' title='bbox 938 4653 1092 4708; x_wconf 87' lang='lat' dir='ltr'><strong>spem</strong></span> <span class='ocrx_word' id='word_1_674' title='bbox 1139 4638 1653 4709; x_wconf 82' lang='lat' dir='ltr'><strong>divinissimamque</strong></span> <span class='ocrx_word' id='word_1_675' title='bbox 1679 4639 2054 4711; x_wconf 80' lang='lat' dir='ltr'><strong>arripuerunt.</strong></span> 
     </span>
    </p>
   </div>
   <div class='ocr_carea' id='block_1_96' title="bbox 2224 4625 3842 4711">
    <p class='ocr_par' dir='ltr' id='par_1_96' title="bbox 2224 4625 3842 4711">
     <span class='ocr_line' id='line_1_96' title="bbox 2224 4625 3842 4711; baseline -0.009 -19"><span class='ocrx_word' id='word_1_676' title='bbox 2224 4638 2311 4692; x_wconf 79' lang='grc' dir='ltr'>τὸν</span> <span class='ocrx_word' id='word_1_677' title='bbox 2340 4636 2638 4711; x_wconf 77' lang='grc' dir='ltr'>ἀρῤαὸὦνα</span> <span class='ocrx_word' id='word_1_678' title='bbox 2665 4634 2951 4701; x_wconf 82' lang='grc' dir='ltr'>δεξάμενοι</span> <span class='ocrx_word' id='word_1_679' title='bbox 2979 4634 3078 4702; x_wconf 82' lang='grc' dir='ltr'><strong>τῆς</strong></span> <span class='ocrx_word' id='word_1_680' title='bbox 3098 4631 3457 4700; x_wconf 84' lang='grc' dir='ltr'><strong>τελειότητος,</strong></span> <span class='ocrx_word' id='word_1_681' title='bbox 3473 4625 3842 4693; x_wconf 81' lang='grc' dir='ltr'>ἀξιολογωτά-</span> 
     </span>
    </p>
   </div>
   <div class='ocr_carea' id='block_1_97' title="bbox 2224 4718 3834 4802">
    <p class='ocr_par' dir='ltr' id='par_1_97' title="bbox 2224 4718 3834 4802">
     <span class='ocr_line' id='line_1_97' title="bbox 2224 4718 3834 4802; baseline -0.008 -18"><span class='ocrx_word' id='word_1_682' title='bbox 2224 4746 2325 4802; x_wconf 81' lang='grc' dir='ltr'><strong>της</strong></span> <span class='ocrx_word' id='word_1_683' title='bbox 2344 4726 2596 4783; x_wconf 68' lang='grc' dir='ltr'>ἐντεῦθεν</span> <span class='ocrx_word' id='word_1_684' title='bbox 2624 4725 2837 4789; x_wconf 74' lang='grc' dir='ltr'>ἐλπίδος</span> <span class='ocrx_word' id='word_1_685' title='bbox 2858 4724 2951 4778; x_wconf 76' lang='grc' dir='ltr'><strong>καὶ</strong></span> <span class='ocrx_word' id='word_1_686' title='bbox 2970 4722 3389 4791; x_wconf 81' lang='grc' dir='ltr'><strong>θεοτελεστάτης</strong></span> <span class='ocrx_word' id='word_1_687' title='bbox 3408 4718 3834 4790; x_wconf 79' lang='grc' dir='ltr'>κατεδράξαντο.</span> 
     </span>
    </p>
   </div>
   <div class='ocr_carea' id='block_1_98' title="bbox 590 4840 2183 4923">
    <p class='ocr_par' dir='ltr' id='par_1_98' title="bbox 590 4846 2129 4923">
     <span class='ocr_line' id='line_1_98' title="bbox 590 4846 2129 4923; baseline 0.003 -21"><span class='ocrx_word' id='word_1_688' title='bbox 590 4846 750 4903; x_wconf 87' lang='lat' dir='ltr'><strong>Tunc</strong></span> <span class='ocrx_word' id='word_1_689' title='bbox 776 4862 931 4914; x_wconf 87' lang='lat' dir='ltr'><strong>sane,</strong></span> <span class='ocrx_word' id='word_1_690' title='bbox 960 4856 1096 4905; x_wconf 90' lang='lat' dir='ltr'><strong>tunc</strong></span> <span class='ocrx_word' id='word_1_691' title='bbox 1120 4864 1317 4905; x_wconf 87' lang='lat' dir='ltr'><strong>rursus</strong></span> <span class='ocrx_word' id='word_1_692' title='bbox 1343 4850 1625 4907; x_wconf 64' lang='lat' dir='ltr'><strong>amulatio</strong></span> <span class='ocrx_word' id='word_1_693' title='bbox 1647 4850 1789 4906; x_wconf 88' lang='lat' dir='ltr'><strong>nihil</strong></span> <span class='ocrx_word' id='word_1_694' title='bbox 1811 4850 2001 4923; x_wconf 89' lang='lat' dir='ltr'><strong>priore</strong></span> <span class='ocrx_word' id='word_1_695' title='bbox 2021 4850 2129 4906; x_wconf 87' lang='lat' dir='ltr'><strong>mi-</strong></span> 
     </span>
    </p>
   </div>
   <div class='ocr_carea' id='block_1_99' title="bbox 2224 4840 3841 4923">
    <p class='ocr_par' dir='ltr' id='par_1_99' title="bbox 2304 4840 3841 4921">
     <span class='ocr_line' id='line_1_99' title="bbox 2304 4840 3841 4921; baseline -0.002 -18"><span class='ocrx_word' id='word_1_696' title='bbox 2304 4849 2441 4905; x_wconf 80' lang='grc' dir='ltr'><strong>Τότε</strong></span> <span class='ocrx_word' id='word_1_697' title='bbox 2471 4850 2558 4921; x_wconf 78' lang='grc' dir='ltr'><strong>δὴ,</strong></span> <span class='ocrx_word' id='word_1_698' title='bbox 2589 4848 2713 4903; x_wconf 84' lang='grc' dir='ltr'><strong>τότε</strong></span> <span class='ocrx_word' id='word_1_699' title='bbox 2738 4845 2900 4920; x_wconf 75' lang='grc' dir='ltr'><strong>ζῆλος</strong></span> <span class='ocrx_word' id='word_1_700' title='bbox 2927 4845 3029 4917; x_wconf 80' lang='grc' dir='ltr'>μὲν</span> <span class='ocrx_word' id='word_1_701' title='bbox 3051 4845 3216 4901; x_wconf 81' lang='grc' dir='ltr'>πάλιν</span> <span class='ocrx_word' id='word_1_702' title='bbox 3246 4846 3345 4919; x_wconf 75' lang='grc' dir='ltr'><strong>οὐχ</strong></span> <span class='ocrx_word' id='word_1_703' title='bbox 3370 4840 3535 4920; x_wconf 77' lang='grc' dir='ltr'><strong>ἦττον</strong></span> <span class='ocrx_word' id='word_1_704' title='bbox 3562 4846 3657 4901; x_wconf 83' lang='grc' dir='ltr'><strong>τοῦ</strong></span> <span class='ocrx_word' id='word_1_705' title='bbox 3684 4847 3841 4921; x_wconf 79' lang='grc' dir='ltr'>πρώ-</span> 
     </span>
    </p>
   </div>
   <div class='ocr_carea' id='block_1_100' title="bbox 523 4937 2183 5015">
    <p class='ocr_par' dir='ltr' id='par_1_100' title="bbox 523 4939 2129 5015">
     <span class='ocr_line' id='line_1_100' title="bbox 523 4939 2129 5015; baseline 0.003 -22"><span class='ocrx_word' id='word_1_706' title='bbox 523 4954 652 5004; x_wconf 90' lang='lat' dir='ltr'><strong>nor,</strong></span> <span class='ocrx_word' id='word_1_707' title='bbox 695 4939 1030 4995; x_wconf 88' lang='lat' dir='ltr'><strong>insolentem</strong></span> <span class='ocrx_word' id='word_1_708' title='bbox 1059 4942 1330 5012; x_wconf 87' lang='lat' dir='ltr'><strong>populum</strong></span> <span class='ocrx_word' id='word_1_709' title='bbox 1380 4942 1617 5011; x_wconf 86' lang='lat' dir='ltr'><strong>invasit;</strong></span> <span class='ocrx_word' id='word_1_710' title='bbox 1649 4940 1902 5015; x_wconf 80' lang='lat' dir='ltr'><strong>ignisque</strong></span> <span class='ocrx_word' id='word_1_711' title='bbox 1929 4944 2129 5000; x_wconf 82' lang='lat' dir='ltr'><strong>adver-</strong></span> 
     </span>
    </p>
   </div>
   <div class='ocr_carea' id='block_1_101' title="bbox 2224 4937 3837 5015">
    <p class='ocr_par' dir='ltr' id='par_1_101' title="bbox 2225 4937 3837 5010">
     <span class='ocr_line' id='line_1_101' title="bbox 2225 4937 3837 5010; baseline -0.009 -13"><span class='ocrx_word' id='word_1_712' title='bbox 2225 4959 2343 5007; x_wconf 87' lang='grc' dir='ltr'>του,</span> <span class='ocrx_word' id='word_1_713' title='bbox 2380 4943 2473 4997; x_wconf 79' lang='grc' dir='ltr'>τὸν</span> <span class='ocrx_word' id='word_1_714' title='bbox 2501 4939 2831 4995; x_wconf 84' lang='grc' dir='ltr'>ἀπαίδευτον</span> <span class='ocrx_word' id='word_1_715' title='bbox 2861 4938 3075 5009; x_wconf 74' lang='grc' dir='ltr'>εἰλήφει</span> <span class='ocrx_word' id='word_1_716' title='bbox 3101 4937 3231 4992; x_wconf 74' lang='grc' dir='ltr'>λαόν</span> <span class='ocrx_word' id='word_1_717' title='bbox 3252 4955 3265 4969; x_wconf 87' lang='grc'><strong>·</strong></span> <span class='ocrx_word' id='word_1_718' title='bbox 3302 4938 3415 5010; x_wconf 77' lang='grc' dir='ltr'>πῦρ</span> <span class='ocrx_word' id='word_1_719' title='bbox 3468 4938 3527 4993; x_wconf 81' lang='grc' dir='ltr'><strong>δὲ</strong></span> <span class='ocrx_word' id='word_1_720' title='bbox 3562 4939 3693 5003; x_wconf 77' lang='grc' dir='ltr'><strong>τοὺς</strong></span> <span class='ocrx_word' id='word_1_721' title='bbox 3726 4941 3837 4996; x_wconf 73' lang='grc' dir='ltr'><strong>ὑπ-</strong></span> 
     </span>
    </p>
   </div>
   <div class='ocr_carea' id='block_1_102' title="bbox 523 5029 2183 5106">
    <p class='ocr_par' dir='ltr' id='par_1_102' title="bbox 523 5030 2128 5106">
     <span class='ocr_line' id='line_1_102' title="bbox 523 5030 2128 5106; baseline 0.004 -21"><span class='ocrx_word' id='word_1_722' title='bbox 523 5030 705 5085; x_wconf 89' lang='lat' dir='ltr'><strong>sarios</strong></span> <span class='ocrx_word' id='word_1_723' title='bbox 723 5047 949 5099; x_wconf 86' lang='lat' dir='ltr'><strong>vorans,</strong></span> <span class='ocrx_word' id='word_1_724' title='bbox 979 5032 1361 5090; x_wconf 86' lang='lat' dir='ltr'><strong>adversariam</strong></span> <span class='ocrx_word' id='word_1_725' title='bbox 1390 5034 1605 5106; x_wconf 88' lang='lat' dir='ltr'><strong>Deique</strong></span> <span class='ocrx_word' id='word_1_726' title='bbox 1630 5034 1913 5092; x_wconf 85' lang='lat' dir='ltr'><strong>inimicam</strong></span> <span class='ocrx_word' id='word_1_727' title='bbox 1929 5034 2128 5092; x_wconf 82' lang='lat' dir='ltr'><strong>factio-</strong></span> 
     </span>
    </p>
   </div>
   <div class='ocr_carea' id='block_1_103' title="bbox 2224 5029 3840 5106">
    <p class='ocr_par' dir='ltr' id='par_1_103' title="bbox 2224 5029 3840 5104">
     <span class='ocr_line' id='line_1_103' title="bbox 2224 5029 3840 5104; baseline 0.001 -18"><span class='ocrx_word' id='word_1_728' title='bbox 2224 5033 2505 5095; x_wconf 73' lang='grc' dir='ltr'>ιναντίους</span> <span class='ocrx_word' id='word_1_729' title='bbox 2555 5030 2875 5097; x_wconf 79' lang='grc' dir='ltr'>κατεσθίον,</span> <span class='ocrx_word' id='word_1_730' title='bbox 2903 5031 2985 5095; x_wconf 80' lang='grc' dir='ltr'>εἰς</span> <span class='ocrx_word' id='word_1_731' title='bbox 3038 5029 3338 5085; x_wconf 81' lang='grc' dir='ltr'>ἀντίπαλον</span> <span class='ocrx_word' id='word_1_732' title='bbox 3394 5030 3492 5085; x_wconf 75' lang='grc' dir='ltr'><strong>καὶ</strong></span> <span class='ocrx_word' id='word_1_733' title='bbox 3559 5032 3840 5104; x_wconf 76' lang='grc' dir='ltr'>θεομάχον</span> 
     </span>
    </p>
   </div>
   <div class='ocr_carea' id='block_1_104' title="bbox 522 5123 2183 5198">
    <p class='ocr_par' dir='ltr' id='par_1_104' title="bbox 522 5123 2123 5198">
     <span class='ocr_line' id='line_1_104' title="bbox 522 5123 2123 5198; baseline 0.001 -18"><span class='ocrx_word' id='word_1_734' title='bbox 522 5140 676 5190; x_wconf 80' lang='lat' dir='ltr'><strong>nem,</strong></span> <span class='ocrx_word' id='word_1_735' title='bbox 704 5123 973 5180; x_wconf 86' lang='lat' dir='ltr'><strong>adversus</strong></span> <span class='ocrx_word' id='word_1_736' title='bbox 999 5126 1364 5196; x_wconf 87' lang='lat' dir='ltr'><strong>apostolicam</strong></span> <span class='ocrx_word' id='word_1_737' title='bbox 1392 5126 1666 5198; x_wconf 88' lang='lat' dir='ltr'><strong>(divinam</strong></span> <span class='ocrx_word' id='word_1_738' title='bbox 1683 5125 1925 5197; x_wconf 85' lang='lat' dir='ltr'><strong>scilicet)</strong></span> <span class='ocrx_word' id='word_1_739' title='bbox 1955 5127 2123 5184; x_wconf 80' lang='lat' dir='ltr'><strong>ﬁdem</strong></span> 
     </span>
    </p>
   </div>
   <div class='ocr_carea' id='block_1_105' title="bbox 2224 5123 3834 5198">
    <p class='ocr_par' dir='ltr' id='par_1_105' title="bbox 2230 5123 3834 5198">
     <span class='ocr_line' id='line_1_105' title="bbox 2230 5123 3834 5198; baseline 0.001 -20"><span class='ocrx_word' id='word_1_740' title='bbox 2230 5128 2447 5198; x_wconf 79' lang='grc' dir='ltr'>μοῖραν,</span> <span class='ocrx_word' id='word_1_741' title='bbox 2476 5126 2619 5179; x_wconf 83' lang='grc' dir='ltr'><strong>κατά</strong></span> <span class='ocrx_word' id='word_1_742' title='bbox 2645 5125 2743 5196; x_wconf 81' lang='grc' dir='ltr'><strong>τῆς</strong></span> <span class='ocrx_word' id='word_1_743' title='bbox 2767 5123 3131 5195; x_wconf 76' lang='grc' dir='ltr'><strong>ἀποπολικῆς</strong></span> <span class='ocrx_word' id='word_1_744' title='bbox 3158 5124 3278 5195; x_wconf 74' lang='grc' dir='ltr'><strong>ἦτοι</strong></span> <span class='ocrx_word' id='word_1_745' title='bbox 3306 5125 3605 5195; x_wconf 79' lang='grc' dir='ltr'>θεαρχικῆς</span> <span class='ocrx_word' id='word_1_746' title='bbox 3623 5126 3834 5195; x_wconf 76' lang='grc' dir='ltr'>ἐξῆπτε</span> 
     </span>
    </p>
   </div>
   <div class='ocr_carea' id='block_1_106' title="bbox 523 5214 2183 5288">
    <p class='ocr_par' dir='ltr' id='par_1_106' title="bbox 523 5216 2121 5286">
     <span class='ocr_line' id='line_1_106' title="bbox 523 5216 2121 5286; baseline 0.003 -15"><span class='ocrx_word' id='word_1_747' title='bbox 523 5231 591 5271; x_wconf 85' lang='lat' dir='ltr'><strong>ac</strong></span> <span class='ocrx_word' id='word_1_748' title='bbox 630 5216 929 5272; x_wconf 90' lang='lat' dir='ltr'><strong>consilium</strong></span> <span class='ocrx_word' id='word_1_749' title='bbox 965 5218 1375 5275; x_wconf 88' lang='lat' dir='ltr'><strong>accendebat’.</strong></span> <span class='ocrx_word' id='word_1_750' title='bbox 1414 5217 1896 5286; x_wconf 81' lang='lat' dir='ltr'><strong>Quemadmodum</strong></span> <span class='ocrx_word' id='word_1_751' title='bbox 1934 5230 2121 5275; x_wconf 82' lang='lat' dir='ltr'><strong>autem</strong></span> 
     </span>
    </p>
   </div>
   <div class='ocr_carea' id='block_1_107' title="bbox 2224 5214 3827 5288">
    <p class='ocr_par' dir='ltr' id='par_1_107' title="bbox 2226 5214 3827 5288">
     <span class='ocr_line' id='line_1_107' title="bbox 2226 5214 3827 5288; baseline -0.002 -15"><span class='ocrx_word' id='word_1_752' title='bbox 2226 5218 2464 5281; x_wconf 79' lang='grc' dir='ltr'>πίστεως</span> <span class='ocrx_word' id='word_1_753' title='bbox 2497 5216 2593 5271; x_wconf 68' lang='grc' dir='ltr'><strong>καὶ</strong></span> <span class='ocrx_word' id='word_1_754' title='bbox 2621 5216 2838 5288; x_wconf 81' lang='grc' dir='ltr'><strong>βουλῆς.</strong></span> <span class='ocrx_word' id='word_1_755' title='bbox 2880 5216 3094 5286; x_wconf 82' lang='grc' dir='ltr'>Ὠσπερ</span> <span class='ocrx_word' id='word_1_756' title='bbox 3122 5214 3180 5269; x_wconf 80' lang='grc' dir='ltr'><strong>δὲ</strong></span> <span class='ocrx_word' id='word_1_757' title='bbox 3208 5215 3307 5287; x_wconf 82' lang='grc' dir='ltr'><strong>τὴν</strong></span> <span class='ocrx_word' id='word_1_758' title='bbox 3331 5215 3507 5288; x_wconf 80' lang='grc' dir='ltr'>ἀρχὴν</span> <span class='ocrx_word' id='word_1_759' title='bbox 3549 5217 3579 5269; x_wconf 86' lang='grc' dir='ltr'>ὁ</span> <span class='ocrx_word' id='word_1_760' title='bbox 3623 5216 3827 5287; x_wconf 79' lang='grc' dir='ltr'>δυσμε-</span> 
     </span>
    </p>
   </div>
   <div class='ocr_carea' id='block_1_108' title="bbox 527 5306 2183 5384">
    <p class='ocr_par' dir='ltr' id='par_1_108' title="bbox 527 5306 2122 5384">
     <span class='ocr_line' id='line_1_108' title="bbox 527 5306 2122 5384; baseline 0.003 -22"><span class='ocrx_word' id='word_1_761' title='bbox 527 5306 692 5363; x_wconf 89' lang='lat' dir='ltr'><strong>iuitio</strong></span> <span class='ocrx_word' id='word_1_762' title='bbox 741 5309 1170 5367; x_wconf 78' lang='lat' dir='ltr'><strong>scelestissimus</strong></span> <span class='ocrx_word' id='word_1_763' title='bbox 1220 5310 1337 5377; x_wconf 79' lang='lat' dir='ltr'><strong>ille,</strong></span> <span class='ocrx_word' id='word_1_764' title='bbox 1385 5326 1546 5368; x_wconf 83' lang='lat' dir='ltr'><strong>suam</strong></span> <span class='ocrx_word' id='word_1_765' title='bbox 1588 5310 1722 5368; x_wconf 70' lang='lat' dir='ltr'><strong>Iesu</strong></span> <span class='ocrx_word' id='word_1_766' title='bbox 1772 5310 2122 5384; x_wconf 82' lang='lat' dir='ltr'><strong>apparitione</strong></span> 
     </span>
    </p>
   </div>
   <div class='ocr_carea' id='block_1_109' title="bbox 2224 5306 3829 5384">
    <p class='ocr_par' dir='ltr' id='par_1_109' title="bbox 2229 5306 3829 5382">
     <span class='ocr_line' id='line_1_109' title="bbox 2229 5306 3829 5382; baseline -0.001 -18"><span class='ocrx_word' id='word_1_767' title='bbox 2229 5310 2328 5382; x_wconf 75' lang='grc' dir='ltr'><strong>νὴς</strong></span> <span class='ocrx_word' id='word_1_768' title='bbox 2358 5308 2804 5381; x_wconf 80' lang='grc' dir='ltr'>καθαιρουμένην</span> <span class='ocrx_word' id='word_1_769' title='bbox 2818 5306 2989 5362; x_wconf 74' lang='grc' dir='ltr'><strong>αὐτοῦ</strong></span> <span class='ocrx_word' id='word_1_770' title='bbox 3013 5306 3113 5378; x_wconf 75' lang='grc' dir='ltr'><strong>τὴν</strong></span> <span class='ocrx_word' id='word_1_771' title='bbox 3144 5307 3438 5379; x_wconf 81' lang='grc' dir='ltr'>τυραννίδα</span> <span class='ocrx_word' id='word_1_772' title='bbox 3470 5307 3560 5361; x_wconf 75' lang='grc' dir='ltr'><strong>διὰ</strong></span> <span class='ocrx_word' id='word_1_773' title='bbox 3580 5309 3679 5379; x_wconf 78' lang='grc' dir='ltr'><strong>τῆς</strong></span> <span class='ocrx_word' id='word_1_774' title='bbox 3706 5312 3829 5363; x_wconf 63' lang='lat' dir='ltr'><strong>tm-</strong></span> 
     </span>
    </p>
   </div>
   <div class='ocr_carea' id='block_1_110' title="bbox 526 5398 2183 5474">
    <p class='ocr_par' dir='ltr' id='par_1_110' title="bbox 526 5398 2122 5474">
     <span class='ocr_line' id='line_1_110' title="bbox 526 5398 2122 5474; baseline 0.001 -19"><span class='ocrx_word' id='word_1_775' title='bbox 526 5398 950 5456; x_wconf 85' lang='lat' dir='ltr'><strong>eonvellendam</strong></span> <span class='ocrx_word' id='word_1_776' title='bbox 986 5402 1336 5473; x_wconf 85' lang='lat' dir='ltr'><strong>tyrannidem</strong></span> <span class='ocrx_word' id='word_1_777' title='bbox 1360 5403 1636 5467; x_wconf 86' lang='lat' dir='ltr'><strong>sentiens,</strong></span> <span class='ocrx_word' id='word_1_778' title='bbox 1664 5400 1861 5459; x_wconf 73' lang='lat' dir='ltr'><strong>ludam</strong></span> <span class='ocrx_word' id='word_1_779' title='bbox 1891 5400 2122 5474; x_wconf 84' lang='lat' dir='ltr'><strong>quidem</strong></span> 
     </span>
    </p>
   </div>
   <div class='ocr_carea' id='block_1_111' title="bbox 2224 5398 3823 5474">
    <p class='ocr_par' dir='ltr' id='par_1_111' title="bbox 2231 5399 3823 5473">
     <span class='ocr_line' id='line_1_111' title="bbox 2231 5399 3823 5473; baseline -0.003 -14"><span class='ocrx_word' id='word_1_780' title='bbox 2231 5403 2458 5473; x_wconf 80' lang='grc' dir='ltr'>φανείας</span> <span class='ocrx_word' id='word_1_781' title='bbox 2503 5402 2830 5471; x_wconf 78' lang='grc' dir='ltr'>αἰσθόμενος</span> <span class='ocrx_word' id='word_1_782' title='bbox 2849 5399 2948 5456; x_wconf 80' lang='grc' dir='ltr'><strong>τοῦ</strong></span> <span class='ocrx_word' id='word_1_783' title='bbox 2988 5399 3191 5470; x_wconf 77' lang='grc' dir='ltr'><strong>Ἰησοῦ,</strong></span> <span class='ocrx_word' id='word_1_784' title='bbox 3238 5399 3438 5453; x_wconf 76' lang='grc' dir='ltr'>Ἰούδαν</span> <span class='ocrx_word' id='word_1_785' title='bbox 3470 5400 3570 5468; x_wconf 85' lang='grc' dir='ltr'><strong>μὲν</strong></span> <span class='ocrx_word' id='word_1_786' title='bbox 3600 5401 3823 5473; x_wconf 75' lang='grc' dir='ltr'>ἤγειρεν</span> 
     </span>
    </p>
   </div>
   <div class='ocr_carea' id='block_1_112' title="bbox 529 5490 2183 5568">
    <p class='ocr_par' dir='ltr' id='par_1_112' title="bbox 529 5492 2120 5568">
     <span class='ocr_line' id='line_1_112' title="bbox 529 5492 2120 5568; baseline 0.004 -22"><span class='ocrx_word' id='word_1_787' title='bbox 529 5502 593 5547; x_wconf 85' lang='grc' dir='ltr'><strong>ιιι</strong></span> <span class='ocrx_word' id='word_1_788' title='bbox 620 5492 876 5563; x_wconf 87' lang='lat' dir='ltr'><strong>proditor</strong></span> <span class='ocrx_word' id='word_1_789' title='bbox 905 5504 1075 5562; x_wconf 85' lang='lat' dir='ltr'><strong>esset,</strong></span> <span class='ocrx_word' id='word_1_790' title='bbox 1108 5496 1509 5563; x_wconf 81' lang='lat' dir='ltr'><strong>suscitaverat;</strong></span> <span class='ocrx_word' id='word_1_791' title='bbox 1541 5510 1880 5568; x_wconf 83' lang='lat' dir='ltr'><strong>omnemque</strong></span> <span class='ocrx_word' id='word_1_792' title='bbox 1906 5496 2120 5568; x_wconf 79' lang='lat' dir='ltr'><strong>incom-</strong></span> 
     </span>
    </p>
   </div>
   <div class='ocr_carea' id='block_1_113' title="bbox 2224 5490 3819 5568">
    <p class='ocr_par' dir='ltr' id='par_1_113' title="bbox 2230 5490 3819 5567">
     <span class='ocr_line' id='line_1_113' title="bbox 2230 5490 3819 5567; baseline -0.005 -17"><span class='ocrx_word' id='word_1_793' title='bbox 2230 5497 2313 5560; x_wconf 79' lang='grc' dir='ltr'><strong>εἰς</strong></span> <span class='ocrx_word' id='word_1_794' title='bbox 2338 5495 2631 5567; x_wconf 85' lang='grc' dir='ltr'>προδοσίαν</span> <span class='ocrx_word' id='word_1_795' title='bbox 2654 5511 2667 5524; x_wconf 91' lang='grc'><strong>·</strong></span> <span class='ocrx_word' id='word_1_796' title='bbox 2703 5493 2882 5549; x_wconf 79' lang='grc' dir='ltr'>πάντα</span> <span class='ocrx_word' id='word_1_797' title='bbox 2928 5492 2988 5548; x_wconf 74' lang='grc' dir='ltr'><strong>δὲ</strong></span> <span class='ocrx_word' id='word_1_798' title='bbox 3036 5492 3127 5548; x_wconf 71' lang='grc' dir='ltr'><strong>τὸν</strong></span> <span class='ocrx_word' id='word_1_799' title='bbox 3166 5490 3466 5548; x_wconf 80' lang='grc' dir='ltr'>ἀσύνθετον</span> <span class='ocrx_word' id='word_1_800' title='bbox 3496 5492 3819 5567; x_wconf 64' lang='grc' dir='ltr'><strong>ὀχλαγωγῆ-</strong></span> 
     </span>
    </p>
   </div>
   <div class='ocr_carea' id='block_1_114' title="bbox 531 5581 2183 5662">
    <p class='ocr_par' dir='ltr' id='par_1_114' title="bbox 531 5585 2124 5662">
     <span class='ocr_line' id='line_1_114' title="bbox 531 5585 2124 5662; baseline 0.002 -21"><span class='ocrx_word' id='word_1_801' title='bbox 531 5585 768 5657; x_wconf 87' lang='lat' dir='ltr'><strong>positam</strong></span> <span class='ocrx_word' id='word_1_802' title='bbox 792 5586 1011 5657; x_wconf 88' lang='lat' dir='ltr'><strong>plebem</strong></span> <span class='ocrx_word' id='word_1_803' title='bbox 1040 5604 1263 5662; x_wconf 81' lang='lat' dir='ltr'><strong>cogens,</strong></span> <span class='ocrx_word' id='word_1_804' title='bbox 1311 5590 1382 5645; x_wconf 90' lang='lat' dir='ltr'><strong>ad</strong></span> <span class='ocrx_word' id='word_1_805' title='bbox 1432 5588 1774 5645; x_wconf 87' lang='lat' dir='ltr'><strong>deditionem</strong></span> <span class='ocrx_word' id='word_1_806' title='bbox 1818 5587 2124 5661; x_wconf 82' lang='lat' dir='ltr'><strong>turbasque</strong></span> 
     </span>
    </p>
   </div>
   <div class='ocr_carea' id='block_1_115' title="bbox 2224 5581 3821 5662">
    <p class='ocr_par' dir='ltr' id='par_1_115' title="bbox 2234 5581 3821 5659">
     <span class='ocr_line' id='line_1_115' title="bbox 2234 5581 3821 5659; baseline -0.003 -16"><span class='ocrx_word' id='word_1_807' title='bbox 2234 5604 2331 5655; x_wconf 86' lang='grc' dir='ltr'><strong>σας</strong></span> <span class='ocrx_word' id='word_1_808' title='bbox 2368 5588 2564 5659; x_wconf 82' lang='grc' dir='ltr'>δῆμον,</span> <span class='ocrx_word' id='word_1_809' title='bbox 2598 5591 2679 5651; x_wconf 88' lang='grc' dir='ltr'><strong>είς</strong></span> <span class='ocrx_word' id='word_1_810' title='bbox 2713 5587 3070 5641; x_wconf 76' lang='grc' dir='ltr'><strong>ὲπισύστασιν</strong></span> <span class='ocrx_word' id='word_1_811' title='bbox 3103 5581 3406 5656; x_wconf 71' lang='grc' dir='ltr'>ἔξέμηνενσ</span> <span class='ocrx_word' id='word_1_812' title='bbox 3455 5584 3736 5657; x_wconf 84' lang='grc' dir='ltr'>ἀρχιερεῖς</span> <span class='ocrx_word' id='word_1_813' title='bbox 3760 5599 3821 5639; x_wconf 73' lang='grc' dir='ltr'><strong>τε</strong></span> 
     </span>
    </p>
   </div>
   <div class='ocr_carea' id='block_1_116' title="bbox 601 5746 2183 5821">
    <p class='ocr_par' dir='ltr' id='par_1_116' title="bbox 601 5746 2183 5821">
     <span class='ocr_line' id='line_1_116' title="bbox 601 5746 2183 5821; baseline 0.004 -17"><span class='ocrx_word' id='word_1_814' title='bbox 601 5746 778 5804; x_wconf 79' lang='lat' dir='ltr'><strong>&#39;Gen.</strong></span> <span class='ocrx_word' id='word_1_815' title='bbox 815 5751 1096 5819; x_wconf 72' lang='lat' dir='ltr'><strong>uvn,%7.</strong></span> <span class='ocrx_word' id='word_1_816' title='bbox 1169 5752 1225 5786; x_wconf 83' lang='lat'><strong>&quot;‘</strong></span> <span class='ocrx_word' id='word_1_817' title='bbox 1263 5751 1367 5809; x_wconf 77' lang='lat' dir='ltr'><strong>Job</strong></span> <span class='ocrx_word' id='word_1_818' title='bbox 1394 5769 1560 5821; x_wconf 65' lang='lat' dir='ltr'><strong>ann,</strong></span> <span class='ocrx_word' id='word_1_819' title='bbox 1596 5749 1627 5808; x_wconf 87' lang='lat'><strong>8</strong></span> <span class='ocrx_word' id='word_1_820' title='bbox 1727 5753 1747 5787; x_wconf 83' lang='lat'><strong>’</strong></span> <span class='ocrx_word' id='word_1_821' title='bbox 1785 5752 1889 5809; x_wconf 82' lang='lat' dir='ltr'><strong>lsa.</strong></span> <span class='ocrx_word' id='word_1_822' title='bbox 1920 5768 2064 5819; x_wconf 74' lang='lat' dir='ltr'><strong>sxw,</strong></span> <span class='ocrx_word' id='word_1_823' title='bbox 2096 5751 2183 5812; x_wconf 84' lang='lat' dir='ltr'><strong>ll.</strong></span> 
     </span>
    </p>
   </div>
  </div>
