4086 6282
194 321 273 385 93'
995 321 1283 384 ORATIO
1319 324 1386 386 ν.
1413 347 1486 360 -
1511 322 1594 385 ΙΝ
1639 323 1954 386 LAUDEM
1995 324 2058 384 S.
2098 323 2360 385 JACOBI
2397 323 2760 384 ZEBED/EI.
3424 317 3494 382 94

197 438 296 493 καὶ
321 433 685 505 γραμματεῖς
737 432 951 497 πάντας
1003 431 1209 503 ἐξῆπτε
1261 433 1400 506 πρὸς
1451 432 1787 488 θεοκιιιονίαν⁴

1902 433 2291 500 consciverat;
2316 431 2720 503 pontiﬁcesque
2743 446 2808 487 ac
2835 429 3048 486 scribas
3077 443 3274 484 omnes
3299 443 3364 485 ac
3380 430 3496 486 dei~

199 530 295 583 καὶ
320 529 349 579 ό
372 526 614 588 Πιλάτος
639 525 734 578 τὺν
766 524 946 578 ἀθῶον
975 524 1228 592 ἐξεδίδου,
1260 525 1356 580 καὶ
1380 525 1430 578 oi
1465 525 1801 598 στρατιῶται

197 616 536 682 κατέπαιζον
557 634 573 648 ·
606 617 708 672 καὶ
732 618 762 671 ό
780 617 1015 686 σταυρὸς
1040 617 1242 688 ὕψωτο,
1271 619 1369 674 καὶ
1396 621 1425 673 δ
1454 618 1664 682 δίκαιος
1684 621 1800 683 τοῖς

196 713 422 783 ἀνόμοις
477 711 938 784 συνεσταύρωτοο
1003 711 1300 767 κάντεῦθεν
1344 712 1521 767 ἐδόκει
1582 711 1684 784 μὲν
1736 712 1800 769 τὸ

194 808 388 877 χρῆμα
410 803 558 859 κατά
585 803 714 858 νοῦν
742 805 856 868 τοῖς
877 803 1104 858 ἀσεϐέσι
1137 807 1337 875 χωρεῖν
1358 844 1375 871 ,
1411 805 1510 859 καὶ
1537 804 1797 861 τεθνάναι

191 900 288 952 τὸν
329 881 568 969 διησοῦν,
609 898 705 952 καὶ
738 895 838 967 τὴν
859 896 1025 951 αὑτοῦ
1055 896 1517 952 καταπαύσασθαι
1546 897 1793 968 διδαχὴν,

192 991 294 1043 καὶ
317 989 736 1060 διεσκορπίσθαι
763 991 894 1053 τοὺς
951 987 1202 1060 μαθητάς
1221 1006 1235 1020 ·
1275 988 1572 1043 ἐλάνθανον
1600 989 1659 1042 δὲ
1701 989 1792 1045 διὰ

193 1083 296 1152 τῆς
331 1081 514 1136 αὐτῶν
538 1079 902 1154 κακουργίας,
931 1079 1090 1145 δόξαν
1121 1081 1222 1150 μὲν
1251 1079 1633 1145 ὁδοποιοῦντες
1652 1081 1794 1151 Χρι-

200 1175 347 1246 στῷ·
393 1175 653 1244 αἰσχύνην
679 1174 736 1227 δὲ
776 1174 872 1227 καὶ
896 1172 1122 1245 ὄλεθρον
1147 1171 1368 1227 αἰώνιον
1389 1174 1607 1239 ἑαυτοῖς
1628 1190 1794 1246 περι·

203 1267 364 1319 πηοιοὺ
373 1282 547 1336 μενοι.

281 1359 502 1429 ’Ὥσπερ
527 1353 618 1411 οὗν
653 1356 757 1428 πρδ
781 1355 874 1409 τοῦ
924 1354 1246 1426 Πνεῦματος
1287 1354 1487 1414 ταῦτα.
1520 1354 1666 1410 οὕτω
1694 1358 1792 1410 καὶ

208 1452 356 1522 μετά
409 1451 471 1504 τὸ
516 1450 754 1520 Πνεῦμα,
787 1450 980 1521 ἐπειδὴ
1010 1450 1074 1502 τὸ
1112 1448 1275 1520 ἔργον
1315 1447 1496 1520 Ἰησοῦ
1532 1449 1700 1506 πάλιν
1729 1451 1790 1504 ὲν

200 1543 318 1605 τοῖς
343 1541 668 1606 ἀποστόλοις
713 1541 799 1594 διὰ
839 1541 935 1594 τοῦ
981 1541 1307 1613 Πνεύματος
1343 1541 1655 1609 ἀνενεοῦτο,
1693 1542 1791 1596 καὶ

196 1637 228 1687 ὁ
277 1637 380 1704 τῆς
410 1634 637 1705 χάριτος
697 1632 856 1701 λόγος
897 1634 1367 1706 ἐπαρρησιάζετο,
1399 1633 1494 1688 καὶ
1532 1631 1596 1686 τδ
1644 1634 1790 1704 μέγα

190 1725 382 1796 θαῦμα
406 1726 506 1796 τῆς
517 1727 870 1790 ἀναστάσεως
907 1724 1346 1795 μεγαλοπρεπῶς
1360 1724 1785 1796 ἀνεκηρύττετο.

185 1819 252 1872 Οί
288 1817 404 1888 πρὸ
437 1815 640 1888 μικροῦ
661 1818 721 1870 δὲ
748 1815 987 1886 φυγάδες
1017 1816 1114 1868 καὶ
1155 1814 1390 1878 δεδιότες
1429 1814 1528 1868 καὶ
1554 1814 1790 1886 τρέμον-

183 1924 302 1973 τες,
331 1907 433 1961 σὺν
468 1908 686 1980 μεγάλῃ
735 1905 1246 1980 παρρησιαζόμενοι
1282 1903 1515 1978 δυνάμει
1539 1904 1600 1959 τὸ
1637 1921 1787 1977 μαρ-

180 2000 379 2070 τύριον
406 2000 703 2054 ἀπεδίδουν
737 1997 818 2070 τῷ
859 1998 1009 2070 Θεῷ·
1032 1998 1132 2051 καὶ
1159 2001 1187 2052 ὁ
1222 1999 1316 2052 ἐπὶ
1344 2001 1413 2068 τῇ
1457 1996 1651 2068 Ὡραίᾳ
1689 1995 1786 2049 τοῦ

183 2091 337 2163 ἱεροῦ
361 2091 519 2164 πύλῃ
553 2090 872 2162 καθήμενος
905 2089 1198 2163 ἁνώρθωτο
1225 2089 1421 2161 χωλὸς,
1464 2088 1561 2144 καὶ
1601 2090 1667 2142 ἐκ
1706 2105 1789 2142 νε·

183 2185 337 2259 κρῶν
359 2186 628 2239 ἀνίστατο
677 2183 939 2251 naues,
973 2185 1071 2238 καὶ
1115 2186 1269 2239 πᾶσα
1309 2184 1464 2250 νόσος
1507 2186 1605 2238 καὶ
1634 2184 1788 2238 πᾶσα

195 2275 440 2346 μαλακία
485 2276 547 2330 οὐ
586 2278 864 2348 προσευχῇ
919 2275 1101 2342 μόνον,
1131 2274 1228 2330 καὶ
1251 2276 1437 2348 χειρὸς
1466 2274 1624 2340 ὁσίας
1651 2276 1789 2347 ἀφῇ,

195 2365 331 2419 ἀλλὰ
359 2366 454 2419 καὶ
496 2368 567 2438 τῇ
600 2366 730 2438 σκιᾷ
767 2367 903 2439 μόνῃ
925 2365 1035 2419 τῶν
1074 2366 1335 2439 μαθητῶν
1377 2366 1747 2438 ἐθεραπεύετο
1770 2383 1787 2399 ·

196 2459 294 2512 καὶ
314 2460 494 2513 πάντα
520 2459 757 2522 συνόλως
793 2458 964 2528 φάναι
999 2460 1068 2514 τὰ
1107 2459 1248 2532 ἔργα
1270 2460 1365 2515 τοῦ
1393 2458 1658 2530 Χριστοῦ,
1692 2462 1787 2516 καὶ

201 2549 432 2621 μείζονα
464 2544 535 2604 ὧν
566 2553 778 2614 ἐκεῖνος
812 2551 1142 2622 πεποίηκεν,
1172 2553 1250 2615 ὡς
1281 2554 1316 2624 ἡ
1342 2552 1674 2622 ἐπαγγελία,
1705 2550 1788 2623 τῷ

199 2642 429 2713 ὀνόματι
451 2644 542 2699 τοῦ
570 2646 903 2700 διδασκάλου
939 2646 1388 2718 ωτειργᾶζοντο.
1437 2646 1661 2718 Ἐπειδὴ
1694 2641 1790 2701 οὖν

194 2736 370 2792 ταῦτα
402 2736 592 2791 τοῦτον
617 2737 802 2808 ὼρᾶτο
840 2739 1106 2810 γινόμενα
1140 2737 1232 2793 τὸν
1267 2740 1490 2805 τρόπον,
1523 2740 1788 2811 ἐκμαίνε-

186 2846 282 2884 ται
323 2829 424 2900 μὲν
468 2826 627 2894 αὖθις
683 2831 712 2882 ὁ
748 2829 859 2884 τῶν
905 2831 1084 2900 φόνων
1105 2831 1292 2902 πατήρ
1322 2847 1335 2861 ο
1375 2831 1706 2900 ἐπιμαίνεται
1729 2831 1788 2886 δὲ

182 2922 282 2976 καὶ
306 2924 462 2977 πᾶσα
498 2923 531 2993 ἡ
563 2923 661 2975 ὑπ’
705 2921 906 2994 ἐκείνῳ
945 2923 1404 2994 στρατηγουμένη
1437 2923 1744 2995 Συναγωγή
1766 2937 1782 2956 ⁸

1905 525 2036 581 cidii
2073 527 2255 581 scelus
2287 525 2633 580 animaverat
2661 542 2675 578 :
2711 522 3077 591 tradebatque
3105 521 3318 577 Pilatus
3347 522 3501 577 inno-

1901 618 2074 685 xium,
2103 633 2167 673 ac
2189 617 2396 674 milites
2417 617 2660 672 illudeha
2672 623 2734 670 nt
2761 632 2776 666 τ
2799 615 3035 669 exaltata
3051 613 3292 684 denique
3306 628 3498 681 cruce,

1896 711 2083 782 justus
2106 726 2232 765 cum
2277 709 2564 765 sceleratis
2597 708 2676 763 illi
2707 707 2962 762 conﬁxus
2994 705 3180 760 fuerat
3208 724 3222 760 :
3257 705 3500 776 hincque

1899 798 2039 854 adeo
2072 814 2164 854 res
2213 814 2283 853 ex
2312 796 2504 853 animo
2551 796 2737 867 impiis
2786 795 2988 850 cedere
3035 795 3348 860 videbatur,
3405 809 3502 849 ex-

1899 889 2104 946 stincto
2123 888 2277 952 Jesu,
2312 889 2436 960 ejus
2468 887 2736 958 abrogata
2770 885 3044 951 doctrina,
3094 885 3364 956 dispersis
3408 885 3498 940 di-

1897 981 2149 1054 scipulis.
2208 983 2278 1038 At
2325 981 2712 1052 imprudentes
2754 979 3000 1049 nequitia
3053 994 3151 1034 sua
3197 979 3500 1050 pravisque

1897 1074 2148 1130 consiliis
2197 1073 2405 1130 Christi
2451 1073 2641 1144 gloriae
2691 1071 2836 1126 viam
2882 1070 3312 1141 perstruebant,
3367 1068 3506 1125 sibi-

1895 1181 2006 1237 que
2053 1166 2190 1237 ipsis
2245 1167 2513 1237 probrum
2579 1180 2645 1221 ac
2694 1165 2928 1221 exitium
2987 1174 3257 1220 aeternum
3316 1178 3506 1220 arces-

1893 1258 2113 1314 sebant.

1963 1349 2443 1418 Quemadmodum
2481 1349 2650 1422 igitur
2678 1349 2798 1404 haec
2841 1359 2968 1405 ante
2996 1348 3295 1420 Spiritum,
3336 1349 3419 1405 sic
3445 1357 3506 1405 et

1892 1449 2018 1513 post
2061 1439 2351 1508 Spiritum.
2396 1440 2552 1507 Quod
2605 1455 2845 1510 namque
2892 1439 3023 1494 Jcsu
3076 1454 3217 1509 opus
3262 1438 3505 1509 Spiritus

1892 1548 2125 1590 munere
2171 1534 2228 1589 in
2275 1534 2540 1603 apostolis
2591 1549 2814 1588 rursum
2865 1533 3318 1598 instaurabatur,
3373 1548 3495 1587 ωει-

1889 1641 2169 1698 gnumque
2265 1627 2692 1683 resurrectionis
2772 1627 3107 1682 miraculum
3203 1625 3497 1697 magniﬁce

1891 1718 2314 1788 praedicabatur.
2329 1719 2434 1787 Qui
2453 1719 2615 1790 paulo
2633 1729 2759 1775 ante
2771 1719 3006 1790 profugi,
3026 1717 3230 1789 pavidi,
3247 1727 3464 1773 tremen
3479 1745 3497 1761 υ

1893 1821 1975 1868 tes
1995 1822 2175 1878 erant,
2201 1829 2325 1867 cum
2349 1828 2545 1883 magna
2565 1812 2770 1866 virtute
2796 1811 2976 1881 palam
3009 1812 3305 1881 loquentes
3347 1810 3506 1866 testi-

1886 1904 2137 1959 monium
2175 1905 2288 1960 Deo
2322 1904 2632 1960 reddebant
2655 1905 2718 1958 ".
2742 1903 2845 1970 Qui
2869 1902 2937 1958 ad
2956 1911 3171 1973 portam
3187 1901 3508 1973 Speciosam

1885 1997 2075 2067 templi
2110 1995 2341 2052 claudus
2368 1995 2618 2062 sedebat,
2649 2005 2900 2062 erectus;
2924 1994 3160 2050 Tabitha
3189 2010 3222 2049 a
3265 1994 3504 2053 mortuis

1882 2089 2148 2146 suscitata
2175 2089 2275 2143 “*z
2309 2089 2540 2144 morbus
2571 2089 2752 2144 omnis
2778 2096 2838 2144 et
2871 2087 3352 2158 languor,inedum
3373 2101 3508 2157 pre-

1883 2183 2044 2240 cibus
2070 2197 2135 2240 ac
2169 2191 2374 2238 sanctae
2406 2197 2603 2238 manus
2635 2189 2918 2245 contactu,
2955 2180 3054 2236 sed
3083 2188 3140 2236 et
3173 2180 3289 2235 sola
3318 2178 3490 2236 disci-

1889 2277 2149 2349 pulorum
2174 2277 2372 2332 umbra
2401 2275 2728 2332 curabatur.
2751 2275 2934 2344 Atque
2956 2281 3019 2330 ut
3049 2288 3265 2330 summa
3288 2272 3493 2337 dicam,

1892 2379 2096 2426 cuncta
2116 2367 2327 2424 Christi
2348 2383 2540 2438 Opera,
2575 2367 2714 2438 quin
2743 2375 2801 2421 et
2833 2367 3042 2436 majora
3064 2379 3230 2435 quam
3256 2364 3347 2418 ille
3370 2379 3504 2435 ope-

1890 2468 2045 2517 ratus
2062 2468 2185 2516 erat
2218 2461 2342 2531 (pro
2365 2474 2433 2515 eo
2449 2474 2514 2514 ac
2537 2458 2720 2514 fuerat
2739 2455 3040 2528 pollicitus)
3061 2456 3119 2510 in
3145 2455 3392 2526 magistri
3413 2469 3512 2510 no-

1887 2554 2039 2610 mine
2064 2553 2270 2610 fiebant
2290 2551 2425 2608 ""2
2463 2550 2621 2619 Quod
2664 2551 2856 2620 itaque
2880 2549 3001 2606 haec
3030 2563 3158 2605 eum
3192 2547 3250 2605 in
3278 2546 3506 2603 modum

1892 2647 2016 2704 ﬁeri
2039 2646 2437 2712 cernebantur,
2471 2645 2662 2700 furore
2695 2658 2889 2698 rursus
2915 2639 3234 2698 incenditur
3263 2640 3502 2696 caedium

1887 2749 2120 2806 auctor;
2166 2737 2494 2793 accenditur
2523 2745 2580 2790 et
2606 2736 2685 2790 illi
2728 2733 3144 2790 suceenturiata
3175 2732 3357 2787 omnis
3398 2732 3502 2802 Sy-

1885 2847 2119 2904 nagoga.
2143 2831 2407 2888 Vibratur
2428 2831 2667 2902 gladius,
2696 2844 2860 2884 arcus
2883 2826 3171 2894 tenditur;
3214 2827 3494 2897 romphaea

1886 2923 2191 2980 suscitatur
2209 2940 2278 2980 ac
2310 2923 2519 2979 bellum
2552 2923 2819 2977 adversus
2847 2920 3155 2975 Ecclesiam
3195 2918 3495 2976 conﬂatur.

177 3018 281 3072 καὶ
307 3017 344 3087 ἡ
375 3019 630 3088 μάχαιρα
671 3016 1009 3085 στιλϐοὖται,
1051 3019 1147 3072 καὶ
1193 3018 1435 3072 τείνεται
1473 3019 1534 3072 τὸ
1589 3015 1770 3087 τόξον,
1808 3020 1904 3076 καὶ
1929 3019 2180 3092 ῥομφαία
2206 3021 2302 3075 καὶ
2339 3019 2578 3090 πόλεμος
2638 3005 2958 3091 ἐρριπίζετο
3026 3015 3175 3071 κατά
3238 3016 3340 3087 τῆς
3377 3015 3507 3070 Ἐκ-

181 3111 287 3183 κλη
296 3111 444 3176 σίας.

256 3202 490 3276 Πρῶτον
538 3202 640 3273 μὲν
663 3197 780 3264 οὖν,
827 3201 1254 3273 παραγγελίαις,
1287 3204 1567 3270 ἀπειλαῖς,
1599 3205 1777 3275 φυλα-

1956 3203 2206 3260 Primum
2232 3203 2424 3277 igitur,
2449 3202 2761 3275 praeceptis,
2791 3201 2984 3279 minis,
3005 3198 3354 3265 carceribus,
3381 3200 3504 3269 pla-

185 3297 336 3360 καῖς,
402 3294 647 3364 πληγαῖς
673 3333 689 3358 ,
737 3294 868 3356 τοὺς
906 3295 1085 3364 ίεροὺς
1130 3292 1224 3349 τοῦ
1269 3296 1445 3364 Λόγυυ
1501 3294 1787 3364 θεολόγους

185 3386 424 3456 οἰομένη
444 3386 655 3455 φοϐεῖν,
676 3384 1026 3440 ἀναστέλλειν
1057 3386 1241 3441 αὐτῶν
1261 3387 1328 3458 (ὢ
1356 3388 1458 3458 τῆς
1491 3388 1782 3452 ἀσεὸείαςί

195 3479 245 3532 ὣ
275 3478 379 3545 τῆς
414 3480 733 3547 σκαιότητος
754 3480 794 3547 i)
825 3480 1090 3550 ἐπειρᾶτο
1131 3478 1230 3551 τὴν
1267 3479 1572 3549 θεολογίαν.
1627 3479 1788 3533 Ἐπεὶ

204 3569 267 3622 δὲ
311 3568 526 3631 τούτοις
575 3571 652 3632 εἰς
698 3570 865 3640 μάτην
911 3571 1181 3642 ᾐσθάνετο
1237 3572 1478 3627 πονοῦσα
1507 3589 1520 3604 '
1563 3573 1625 3628 οὐ
1674 3576 1787 3645 γὰρ

210 3663 442 3734 μανίαις
484 3662 726 3735 ἀφρόνων
761 3663 821 3718 τὸ
855 3665 1016 3718 Θεῖον
1068 3665 1472 3737 περιτρέπεται
1497 3679 1512 3694 ·
1571 3666 1696 3720 οὐδὲ
1733 3667 1785 3721 οἱ

199 3753 429 3823 ἀληθεῖς
459 3754 642 3809 τούτου
686 3759 818 3830 ῥᾷον
871 3757 1163 3810 ὑπείκουσι
1222 3758 1560 3829 συνήγοροι·
1605 3753 1698 3811 οἷα
1720 3758 1784 3812 δὲ

182 3846 439 3918 ἄργυρος
497 3851 563 3920 τῇ
623 3848 873 3921 πυρώσει
925 3849 1344 3921 καθαιρόμενοι,
1396 3849 1782 3920 εὐφωνοτέραν

179 3938 284 4010 τῆς
325 3940 568 4004 πίστεως
612 3941 821 4015 οἴδασιν
869 3941 1181 4010 ἀποδιδόναι
1224 3941 1325 4014 τὴν
1363 3940 1652 4015 φθογγήνο
1697 3939 1788 3996 διὰ

183 4030 349 4084 τοῦτο
381 4031 480 4102 τὴν
507 4033 712 4103 συνήθη
736 4032 928 4088 λοιπὸν
951 4035 1033 4099 είς
1060 4033 1374 4104 ὑπόμνησιν
1405 4032 1599 4106 εἴληφε
1631 4050 1786 4105 μιαι-

182 4124 379 4194 φονίαν
406 4141 423 4156 ·
457 4126 555 4179 καὶ
577 4125 640 4196 δὴ
665 4125 818 4197 ζήλῳ
841 4125 1270 4197 προφητοκτόνῳ
1295 4124 1783 4198 διαθερμανθεῖσα,

174 4217 406 4288 πρῶτον
439 4217 539 4286 μὲν
587 4217 760 4282 λίθοις
786 4218 1088 4273 κατέλευσε
1123 4217 1217 4272 τὸν
1253 4217 1555 4287 Στέφανον,
1580 4213 1669 4272 οἷα
1693 4217 1785 4272 δε-

182 4310 326 4364 κτδν
383 4309 748 4381 καλλιέρημα,
789 4311 979 4364 τοῦτον
1034 4311 1345 4384 μιαιφόνοις
1417 4311 1785 4385 ίερουργοῦσα

165 4405 396 4477 χερσὶν,
425 4405 529 4477 τὴν
558 4407 701 4479 ὑπὲρ
727 4407 838 4462 τῶν
880 4407 1164 4480 θυομένων
1191 4409 1621 4492 χριστοπριεπῶς
1647 4409 1785 4465 ἀνα-

159 4515 210 4567 φ
224 4496 423 4567 ἐροντα
447 4501 784 4571 προσευχήν.

1888 3296 1994 3367 gis,
2030 3310 2221 3352 sacros
2248 3295 2418 3352 'Verbi
2450 3295 2737 3366 theologos
2767 3308 2827 3349 se
2854 3292 2946 3348 illa
2995 3292 3316 3348 territuram
3386 3293 3508 3347 cxi-

1892 3388 2170 3457 stimans;
2196 3388 2442 3458 ipsorum
2472 3398 2528 3458 (ο
2556 3386 2896 3458 impietatem
2923 3384 2936 3439 l
2967 3400 3002 3439 ο
3021 3382 3237 3440 consilii
3259 3382 3515 3455 maligni-

1891 3488 2062 3539 tatem
2099 3482 2112 3535 ί
2143 3485 2159 3550 )
2184 3480 2432 3536 divinam
2456 3480 2710 3535 inhibere
2731 3478 3044 3534 doctrinam
3069 3477 3376 3532 nitebatur.
3402 3476 3510 3534 Ubi

1889 3582 2074 3629 autem
2102 3572 2309 3628 frustra
2331 3588 2389 3628 se
2412 3571 2599 3627 conari
2624 3571 2894 3627 sensisset
2915 3571 3048 3642 (non
3067 3569 3217 3624 enim
3239 3567 3340 3623 Dei
3365 3583 3506 3624 con-

1890 3667 2079 3722 silium
2112 3667 2500 3737 insipientium
2532 3664 2722 3720 furore
2753 3663 3054 3728 evertitur,
3083 3677 3188 3717 nec
3218 3660 3383 3717 facile
3414 3676 3512 3718 ce—

1891 3758 2047 3822 dant,
2066 3759 2163 3828 qui
2193 3757 2341 3812 illius
2365 3758 2483 3812 veri
2513 3756 2733 3827 patroni
2759 3771 2824 3811 ac
2843 3755 3166 3812 defensores
3195 3757 3506 3813 exsistunt:

1889 3849 1989 3906 sed
2010 3849 2156 3906 sicut
2181 3857 2470 3922 argentmn
2490 3849 2617 3921 igne
2634 3849 3025 3919 depurgatum,
3046 3864 3306 3905 sonoram
3329 3848 3511 3922 magis

1889 3941 2020 3998 ﬁdei
2040 3956 2235 3998 vocem
2259 3941 2494 3999 reddere
2515 3953 2820 3998 sueverunt
2842 3942 2884 4011 ).
2943 3942 3160 3999 Idcirco
3181 3951 3509 3999 consuetam

1889 4037 2079 4094 animo
2111 4037 2316 4109 repetit
2338 4037 2571 4093 caedium
2596 4037 2710 4093 vim
2747 4053 2813 4093 ac
2837 4038 3103 4094 saevitiam
3132 4056 3147 4094 :
3178 4048 3345 4111 atque
3367 4040 3508 4096 adeo

1887 4129 2280 4196 aemulatione,
2345 4145 2454 4200 qua
2494 4121 2807 4201 'prOpbetas
2863 4131 3157 4186 occiderat
3215 4145 3506 4200 succensa,

1889 4223 2135 4295 primum
2169 4223 2396 4293 quidem
2429 4223 2710 4294 lapidibus
2739 4225 2933 4280 obruit
2978 4224 3346 4295 Stephanum,
3374 4235 3504 4281 tan-

1890 4331 2060 4388 quam
2088 4316 2306 4372 scilicet
2335 4315 2666 4387 placabilem
2691 4315 2934 4372 hostiam
2957 4315 3211 4371 cruentis
3244 4317 3508 4372 manibus

1889 4408 2050 4464 illum
2080 4407 2394 4471 immolans,
2421 4406 2518 4478 qui
2545 4405 2755 4462 Christi
2786 4406 3043 4478 exemplo
3077 4422 3181 4479 pro
3204 4408 3504 4465 immolan—

1891 4501 2046 4556 tibus
2073 4514 2270 4571 preces
2288 4497 2561 4555 offerebat
2581 4498 2646 4553 “.

251 4591 589 4663 Γευσαμένη
617 4592 673 4646 δὲ
709 4590 806 4647 τοῦ
834 4593 1198 4649 ἀποστολικοῢ
1226 4593 1461 4664 αἵματος
1487 4596 1522 4667 ἡ
1551 4595 1776 4666 ἐναγὴς,

1953 4590 2131 4647 Gustu
2181 4595 2447 4662 percepto
2499 4589 2792 4662 apostolici
2841 4590 3171 4664 sanguinis,
3221 4589 3504 4648 scelestis-

149 4683 273 4742 καὶ
306 4683 554 4757 ἡσθεῖσα
608 4685 831 4757 κομιδῇ,
860 4679 949 4741 οἷα
997 4686 1184 4756 ἐκείνη
1229 4687 1320 4742 ἀεὶ
1365 4691 1479 4752 τοῖς
1509 4689 1780 4754 τοιούτοις

150 4775 622 4846 ἔπι-τερπομένη,
659 4776 892 4846 ἐμελέτα
918 4778 1018 4848 μὲν
1060 4778 1294 4842 πάντας,
1337 4777 1393 4833 εί
1417 4795 1482 4850 γε
1524 4779 1779 4850 δυνατὸν,

153 4870 265 4924 ἰπὶ
325 4865 410 4922 τῶ
475 4865 788 4938 ὁμοιώματι
827 4868 1267 4942 διαχειρίσασθαι
1318 4870 1620 4938 Στεφάνου,
1680 4871 1784 4926 οὐκ

153 4957 330 5033 εἶχεν
361 4959 421 5012 δὲ
449 4964 603 5026 ὅπως
625 4960 725 5029 τὴν
749 4958 921 5033 αὐτῆς
945 4959 1185 5033 μελέτην
1224 4961 1570 5026 συντελέσαι,
1593 4960 1782 5031 δρῶσα

160 5055 241 5126 μὴ
280 5050 420 5106 καθ’
448 5051 546 5106 ’ἐνα
598 5051 679 5123 τῷ
723 5052 868 5123 λόγῳ
905 5052 1036 5116 τοὺς
1081 5051 1443 5117 πιστεύοντας
1489 5052 1786 5125 προστιθε-

1887 4682 2051 4749 sima,
2090 4696 2271 4753 eoque
2311 4679 2618 4753 plurimum
2654 4682 2930 4739 delectata
2951 4724 2970 4750 ,
3005 4692 3068 4739 ut
3102 4699 3227 4754 quae
3255 4681 3505 4739 caedibus

1891 4789 2113 4846 semper
2139 4775 2326 4846 gavisa
2344 4774 2592 4841 esset,.id
2617 4776 2766 4831 serio
2795 4775 3096 4847 cogitabat,
3124 4785 3185 4831 ut
3204 4775 3252 4832 si
3281 4776 3499 4844 liceret,

1879 4865 1999 4938 pari
2026 4880 2152 4921 cum
2189 4863 2472 4937 Stephano
2500 4881 2638 4922 nece
2661 4878 2896 4923 cunctos
2921 4869 3164 4924 tolleret.
3189 4867 3329 4925 Cum
3355 4886 3492 4926 vero

1882 4958 2182 5016 consilium
2214 4959 2446 5032 implere
2475 4975 2586 5016 non
2614 4970 2840 5031 posset:
2873 4962 3082 5032 quippe
3111 4977 3224 5017 non
3248 4961 3499 5033 singulos

1883 5051 1956 5108 ad
1999 5051 2168 5108 fidem
2229 5065 2295 5107 ac
2347 5051 2659 5109 doctrinam
2702 5053 3152 5123 amplcctendum
3190 5054 3495 5123 accedere;

166 5148 405 5217 μένους,
433 5143 572 5201 ἀλλὰ
595 5145 740 5200 κατὰ
770 5145 979 5217 χιλίους
1005 5163 1068 5200 τε
1096 5145 1195 5203 καὶ
1244 5147 1476 5219 μυρίους
1515 5147 1617 5217 τὴν
1655 5146 1785 5203 Ἐκ-

1890 5143 1982 5200 sed
2022 5144 2266 5200 millenis
2297 5143 2568 5217 denisque
2613 5144 2862 5200 millibus
2898 5161 2997 5215 per
3022 5145 3181 5202 verbi
3221 5148 3492 5216 prmsules

168 5237 416 5312 κλησίαν
455 5237 543 5293 διὰ
573 5238 686 5293 τῶν
728 5236 1060 5309 προστατῶν
1106 5237 1203 5294 τοῦ
1244 5238 1413 5304 λόγου
1439 5255 1783 5314 συγκροτου-

179 5331 352 5402 μέν-ην
383 5332 480 5384 καὶ
509 5331 957 5403 πληθυνομένην.

245 5423 316 5478 Τί
335 5419 436 5478 οὖν
470 5425 664 5490 ποιεῖ;
689 5418 802 5494 ἆρα
834 5425 947 5497 γὰρ
976 5421 1190 5500 ἡττήθη
1241 5425 1346 5499 τῆς
1383 5423 1497 5482 τῶν
1531 5425 1779 5499 σημείων

183 5510 665 5590 θιοπρεπότητοςς
725 5512 818 5589 ἆρ’
849 5517 1028 5573 ἔδεισε
1060 5517 1158 5578 τὸν
1211 5517 1595 5592 ὑπερηφάνοις
1617 5522 1774 5577 αντιφ

185 5612 545 5686 τασσόμενον,
573 5612 866 5677 ταπεινοῖς
897 5610 957 5667 ss
979 5610 1146 5685 χάριν
1192 5612 1650 5686 ιπιμιτροῦντας
1685 5614 1778 5671 ’σὺν

1883 5237 2097 5310 pariter
2109 5237 2411 5309 adjunctis,
2432 5237 2737 5295 Ecclesiam
2771 5237 3002 5296 conﬂari
3037 5253 3106 5295 ac
3133 5238 3493 5312 multiplicari

1927 5329 2140 5388 idebat.

1927 5346 1981 5387 ιιι
2022 5346 2140 5388 nat.

1887 5346 1921 5389 γ
1951 5347 2097 5494 ρῖίά
2131 5440 2268 5499 ergo
2302 5424 2435 5482 facit
2457 5425 2484 5480 τ
2521 5424 2666 5484 Num
2700 5424 2908 5484 divinis
2933 5425 3300 5500 signis-victa
3349 5439 3488 5484 con-

1878 5519 2084 5576 cessit?
2099 5535 2331 5592 operum
2349 5519 2596 5576 novitate
2611 5520 2639 5571 τ
2657 5521 2954 5594 splendore
2965 5535 3289 5578 sermonum
3301 5519 3328 5575 2
3341 5520 3488 5577 Num

1875 5627 2008 5670 eu
2037 5612 2247 5681 timuit,
2272 5614 2371 5684 qui
2397 5613 2658 5686 superbis
2686 5613 2898 5674 resistit
2925 5622 2982 5671 et
3012 5610 3322 5673 humilibus
3354 5627 3482 5687 gra-

247 5792 292 5831 “
310 5793 440 5855 Aet.
471 5811 548 5867 tv,
578 5792 674 5865 33;
700 5807 778 5864 IX,
801 5789 892 5856 ὅθ.
983 5793 1070 5831 ⁸⁸⁸
1094 5796 1221 5855 Act.
1245 5810 1330 5865 ut,
1360 5797 1417 5868 7;
1441 5813 1498 5866 ν,
1532 5795 1622 5857 15.
1718 5795 1787 5830 ⁸⁸³

1890 5811 2005 5854 oan.
2037 5811 2149 5863 xw.
2198 5793 2283 5857 l0.
2365 5797 2406 5833 η
2434 5799 2556 5856 Act.
2590 5815 2660 5868 vi,
2685 5795 2738 5854 τ.
