4086 6282
523 223 599 290 95
1745 216 2043 284 NICETE
2075 221 2129 282 P.

2231 219 2612 307 HLAGONIS
3738 211 3808 295 ss

522 339 656 396 tiam
679 334 918 392 tribuit?
946 334 1169 392 Fortem
1198 335 1354 391 illum
1381 336 1439 391 in
1461 333 1644 400 bellis,
1670 334 2030 390 clariﬁcatum
2057 332 2112 388 in

2231 304 2479 403 tparatbv
2506 333 2565 385 ὲν
2595 328 2885 399 πολέμοιςς
2939 330 3033 384 τὸν
3066 322 3464 398 δεδοξασμένον
3513 328 3574 383 ἐν
3607 291 3807 401 ἁγίοις,

521 430 766 496 sanctis,
816 427 1128 484 mirabilem
1176 427 1232 482 in
1278 428 1596 500 majestate;
1651 428 1810 497 cujus
1859 425 2121 496 potentiae

521 522 856 578 documenta
907 520 1082 576 multa
1119 527 1443 592 acceperat;
1488 528 1655 590 atque
1694 535 1726 574 a
1776 535 1956 590 pugna
1991 535 2118 575 cum

521 614 635 668 Deo
667 611 922 669 destitit?
956 611 1182 668 Minime
1226 611 1518 682 gentium:
1569 610 1666 667 sed
1714 612 1859 666 sicut
1901 611 2117 682 pridem

522 706 760 760 Pilatum
805 704 1021 769 adiens,
1068 717 1292 758 crucem
1335 717 1398 757 ac
1440 709 1708 764 mortem.
1746 699 2119 756 Sodomorum

521 795 954 866 Gomorrbaaque
980 794 1319 850 clamoribus
1346 793 1616 856 adversus
1639 792 1732 848 Dei
1758 793 1999 848 Verbum
2022 807 2121 862 po-

523 895 808 957 poscerat,
854 886 936 941 sic
978 895 1167 955 postea
1211 885 1280 938 ab
1320 884 1538 940 Herode
1580 886 1701 955 ejus
1741 884 2121 954 apostolorum

523 993 742 1044 necem,
762 979 995 1048 supplex
1024 977 1305 1048 ﬂagitabat
1329 977 1392 1032 ".

594 1069 786 1131 Nulla,
821 1071 1025 1134 aiebat,
1063 1067 1239 1134 nulla,
1269 1085 1363 1123 rex
1387 1071 1604 1139 optime,
1631 1068 1776 1139 genti
1804 1077 1910 1123 tuae
1930 1066 2122 1124 salutis

521 1175 661 1230 spes.
707 1158 1090 1224 Concidimus;
1134 1161 1384 1230 periimus
1414 1176 1434 1216 :
1488 1159 1721 1230 periculo
1772 1161 1997 1215 vertitur
2057 1173 2124 1212 ne

525 1264 742 1319 prorsus
777 1266 811 1302 a
838 1249 976 1318 facie
1015 1247 1401 1320 discipulorum
1438 1247 1568 1303 Iesu
1604 1247 1912 1317 deﬁciamus
1947 1265 2010 1303 ac
2041 1250 2124 1305 in-

526 1349 812 1394 tereamus.
843 1339 963 1395 Non
993 1342 1126 1395 satis
1153 1342 1275 1412 fuit,
1305 1341 1446 1412 quod
1481 1341 1575 1394 ille
1603 1344 1776 1396 adhuc
1803 1343 1979 1397 vivens
2007 1349 2126 1412 post

524 1448 583 1486 se
621 1431 822 1504 plebem
851 1435 1098 1488 seduxit:
1130 1434 1222 1487 sed
1249 1436 1337 1506 qui
1373 1451 1432 1488 eo
1465 1434 1788 1504 familiarius
1829 1435 1933 1500 usi,
1974 1433 2123 1489 illius

527 1523 780 1578 doctrina:
810 1535 1191 1592 successerunt,
1224 1534 1466 1580 nostram
1485 1525 1856 1581 dementarunt
1878 1536 2086 1598 gentem
2104 1542 2126 1583 :

526 1612 801 1668 duodecim
847 1617 1014 1670 tribus
1070 1627 1280 1672 nostras
1324 1617 1667 1689 perdiderunt
1703 1633 1722 1672 :
1759 1634 1952 1687 parum
1984 1619 2126 1673 abest

2221 425 2313 479 τὸν
2342 423 2659 494 θαυμαστὸν
2704 423 2764 476 ἐν
2816 421 3019 488 δόξαις,
3049 415 3111 476 οὗ
3153 421 3323 474 πολλὰ
3372 423 3473 492 τῆς
3523 420 3811 491 δυνάμεως

2223 515 2878 586 εῐληφενῦποδείγματα,
2914 515 3012 568 καὶ
3050 515 3146 569 τοῦ
3199 516 3490 586 θεομαχεῖν
3522 514 3821 584 ὑπανεχώο“

2222 624 2392 680 ρησεν
2415 623 2430 672 ;
2455 606 2723 678 οὐδαμῶς
2748 623 2762 638 ’
2797 607 2987 678 ὥσπερ
3025 609 3083 661 δὲ
3133 608 3214 680 τῷ
3264 608 3480 679 Πιλὰτῳ
3509 607 3813 679 προσιοῦσα

2223 699 2438 772 πρώην,
2479 701 2714 768 σταυρόν
2737 717 2794 753 τε
2827 701 2920 751 καὶ
2963 699 3196 752 θάνατον
3225 703 3283 752 ὲν
3325 701 3602 768 κραυγαῖς
3644 699 3808 754 Σοδό-

2225 811 2345 866 μων
2375 793 2472 848 καὶ
2501 793 2789 865 Γομόρρας
2816 793 2960 846 κατὰ
2985 791 3079 845 τοῦ
3107 791 3247 845 Θεοῦ
3274 792 3451 862 Λόγου
3487 811 3562 847 πα
3573 776 3810 865 ρτίτεῖτο,

2221 884 2367 940 οὕτω
2409 885 2551 957 μετὰ
2591 884 2768 940 ταῦτα
2798 900 2876 955 τῳ
2938 882 3157 958 Ἡρώδῃ
3205 885 3655 957 προσπίπτουσα,
3709 885 3810 955 τὴν

2222 977 2369 1032 κατὰ
2403 977 2513 1032 τῶν
2551 975 2866 1033 ἀποστόλων
2893 974 3064 1031 αὑτοῦ
3104 976 3466 1049 κατελιπάρει
3485 978 3727 1046 σφαγήν.
3823 1013 3825 1020 1

2301 1068 2586 1138 Οὐδεμία,
2619 1067 2874 1134 λέγουσα,
2903 1064 2983 1132 τῷ
3027 1067 3187 1122 ἔθνει
3226 1081 3366 1132 σου,
3395 1067 3678 1135 κράτιστε
3699 1067 3814 1131 βα-

2223 1159 2425 1225 σιλεῦ,
2451 1160 2700 1229 οὐδεμία
2721 1159 3024 1227 σωτηρίας
3047 1159 3247 1223 ἐλπίς.
3287 1157 3812 1225 Διαπεπτώκαμεν,

2223 1250 2651 1321 ἀπολώλαμεν.
2686 1249 3135 1318 Κινδυνεύομεν
3181 1249 3541 1318 οἰχήσεσθαι
3601 1250 3818 1302 τέλεον

2227 1343 2325 1397 καὶ
2367 1342 2913 1413 διαφθαρήσεσθαι,
2954 1342 3076 1396 ἀπὸ
3105 1341 3434 1411 προσώπου
3469 1340 3591 1394 τῶν
3622 1345 3820 1410 μαθη-

2224 1433 2346 1490 τῶν
2371 1435 2479 1491 τοῦ
2523 1437 2752 1504 Ἰησοῦ.
2780 1439 2902 1489 Οὐκ
2928 1432 3548 1507 ἀπέχρησενρκεῖνος
3590 1433 3674 1485 ἔτι
3707 1429 3825 1493 ζῶν

2227 1529 2422 1582 ὀπίσω
2453 1527 2639 1582 αὑτοῦ
2671 1527 2777 1582 τὸν
2809 1526 2967 1581 λαὸν
3014 1523 3389 1592 ὑποπλανᾷν
3417 1541 3432 1556 ο
3462 1525 3582 1578 νῦν
3605 1523 3673 1576 δὲ
3703 1523 3824 1589 τὴν

2226 1621 2464 1674 ἐκείνου
2486 1618 2747 1688 διδαχὴν
2765 1623 2820 1673 ol
2843 1620 3216 1689 ὡμιληκότες
3260 1615 3423 1683 αὐτῷ
3465 1616 3824 1686 διαδεξάμεο

528 1702 658 1773 quin
689 1704 944 1774 populum
971 1721 1182 1760 omnem
1213 1705 1516 1760 allexerint.
1551 1707 1906 1776 Defectionem
1947 1725 1978 1762 a
2003 1708 2124 1762 Ca!-

2231 1730 2341 1776 νοι,
2384 1710 2734 1781 ἐξέστησαν
2769 1712 2835 1765 τὸ
2885 1712 3062 1777 ἔθνος
3123 1709 3332 1779 ἡμῶν⁹
3391 1709 3723 1764 ἀπώλεσαν
3757 1706 3827 1763 τὸ

525 1813 650 1854 sare
672 1800 899 1860 docent;
928 1800 985 1852 in
1016 1801 1354 1868 majestatem
1393 1807 1541 1852 tuam
1573 1799 1939 1853 contumeliosi
1967 1810 2125 1866 sunt;

527 1892 763 1963 patriam
791 1889 958 1960 legem
986 1901 1247 1944 evertunt.
1274 1890 1449 1960 Neque
1475 1891 1530 1943 id
1560 1892 1739 1956 modo,
1763 1907 1945 1945 verum
1965 1893 2126 1946 etiam

526 1985 585 2040 in
621 1986 797 2056 ipsum
835 1984 1002 2038 Deum
1039 1982 1264 2038 Patrum
1286 1985 1452 2054 impii
1494 1983 1781 2049 exsistunt,
1821 1985 1910 2054 qui
1942 1984 2125 2038 Iesum

528 2075 704 2141 illum,
749 2077 838 2147 qui
867 2075 1150 2144 crucifixus
1192 2085 1290 2140 est,
1335 2077 1536 2146 faciant
1583 2075 1772 2131 Deum.
1803 2076 1919 2131 Nisi
1955 2078 2123 2148 igitur

530 2169 694 2234 ocius,
724 2186 906 2240 regum
935 2171 1185 2234 maxime,
1213 2170 1423 2240 justam
1453 2168 1560 2225 illis
1586 2179 1798 2242 pcen‘am
1822 2171 2109 2243 inflixeris,

530 2260 809 2332 conspicue
834 2262 914 2314 rei
947 2261 1121 2314 malus
1155 2263 1324 2315 exitus
1352 2263 1473 2317 erit.

2230 1805 2668 1872 δωδεκάφυλον
2726 1801 2916 1873 ἡμῶν.
2961 1803 3196 1870 ’ϐλίτου
3233 1801 3364 1855 δεῖν
3413 1801 3648 1865 πάντας
3681 1800 3826 1854 ἐπε-

2233 1897 2554 1951 σπάσαντο
2584 1895 2726 1962 τοὺς
2755 1895 2970 1961 λαούς.
3014 1895 3433 1949 Ἀποστασίαν
3449 1893 3567 1946 ἀπὸ
3594 1892 3827 1946 Καίσα-

2224 2005 2338 2056 ρος
2396 1987 2892 2042 ὲκδιδάσκουσιν.
2944 1985 3099 2055 Πρὸς
3147 1985 3265 2054 τὴν
3321 1984 3448 2052 σὴν
3491 1984 3834 2048 βασιλείαν

2232 2077 2672 2148 ἐξυϐρίζουσιν,
2734 2077 2847 2132 τὸν
2902 2077 3180 2147 πατρῷον
3249 2075 3535 2130 ἀθετοῦσι
3604 2074 3828 2144 νόμον.

2227 2173 2337 2227 Καὶ
2355 2175 2427 2226 οὺ
2433 2173 2647 2241 μόνον,
2671 2171 2834 2226 ἀλλὰ
2858 2170 2954 2224 καὶ
2968 2172 3057 2235 εις
3079 2167 3269 2225 αὑτὸν
3287 2168 3394 2222 τὸν
3408 2166 3530 2222 τῶν
3547 2165 3831 2235 πατέρων

2231 2265 2523 2321 ἀσεϐοῦσι
2559 2266 2728 2330 Θεὸν,
2774 2265 2883 2320 τὸν
2923 2260 3383 2331 ἐσταυρωμένον
3410 2257 3649 2314 ἐκεῖνον
3685 2263 3827 2313 θεο-

531 2349 848 2416 ποιοῦντες
890 2349 1157 2419 Ἰησοῦν.
1184 2351 1367 2420 Ειπερ
1390 2347 1505 2406 οὖν
1531 2350 1618 2421 μὴ
1653 2351 1872 2408 θᾶττον
1897 2352 2104 2420 αὐτοῖς
2144 2354 2257 2423 τὴν
2294 2356 2475 2421 ἀξίαν
2497 2355 2713 2424 δίκην,
2775 2351 2823 2413 ὦ
2878 2354 3126 2424 μέγιστε
3149 2350 3444 2420 βασιλεῦ,
3491 2349 3829 2418 ἐπιϐαλεῖς,

531 2446 623 2510 εις
651 2444 988 2512 περίοπτον
1013 2442 1080 2498 τὸ
1110 2442 1310 2514 χρῆμα
1341 2445 1518 2500 τοῦτο
1545 2447 1874 2513 καταλήξει
1895 2449 2108 2504 κακόν.

604 2533 748 2601 Quid
768 2535 935 2606 igitur
948 2551 1083 2590 vero
1109 2537 1276 2592 simili
1294 2539 1615 2609 conjectura
1636 2538 1840 2593 dixisse
1859 2537 2131 2596 Herodem

2309 2540 2500 2599 Tloﬁv
2551 2542 2924 2615 διανοηθῶμεν
2973 2543 3246 2616 Ἡρώδην,
3299 2542 3378 2607 ὡς
3419 2541 3592 2610 εἰκὸς,
3625 2539 3826 2612 φάναις

537 2627 890 2700 putabimus?
922 2626 1063 2693 Quid
1095 2644 1218 2682 vero
1236 2644 1411 2699 opera:
1437 2632 1669 2701 pretium
1697 2631 2001 2700 faciamus?
2029 2631 2129 2698 Qui

2246 2637 2308 2692 Ti
2336 2637 2402 2691 δὲ
2414 2635 2702 2704 ποιητέον
2728 2635 2876 2706 ἡμῖν
2897 2652 2915 2700 ;
2940 2636 3066 2702 πῶς
3089 2634 3157 2690 δὲ
3173 2635 3328 2691 κατὰ
3352 2634 3651 2689 τοσούτου
3675 2634 3834 2703 πρὸς

537 2728 717 2774 autem
734 2718 985 2773 adversus
1002 2728 1211 2773 tantam
1239 2721 1510 2775 hominum
1527 2721 1740 2774 turbam
1761 2723 1878 2776 neci
1896 2722 2129 2776 dandam

2240 2730 2484 2799 σφαγὰς
2518 2729 2710 2796 ὄχλου
2732 2727 3092 2798 χωροῦντες,
3141 2729 3216 2783 οὐ
3237 2725 3414 2798 μείζω
3435 2727 3551 2799 τὴν
3578 2726 3835 2796 ,βλάϐην

536 2809 891 2881 procedentes,
918 2826 1022 2864 non
1048 2811 1311 2882 majorem
1335 2828 1530 2866 noxam
1549 2812 1854 2884 malumque
1871 2814 2129 2885 difﬁcilius

2241 2821 2342 2874 καὶ
2414 2819 2866 2890 ἀργαλεώτερον
2888 2824 2898 2827 “
2918 2819 3413 2890 ἀπεργασαίμεθα
3463 2819 3529 2874 τὸ
3597 2821 3830 2888 κακόν,

538 2902 921 2957 reddiderimus
936 2903 962 2956 7
983 2905 1051 2956 At
1084 2898 1191 2956 ποί
1221 2905 1471 2958 adversus
1493 2921 1672 2959 omnes
1695 2906 1926 2977 penitus,
1950 2906 2129 2970 aiunt,

2256 2913 2424 2968 Ἀλλ’
2453 2915 2527 2968 οὐ
2559 2911 2712 2967 κατὰ
2749 2910 2995 2966 πάντων
3014 2911 3234 2982 ἄρδην,
3263 2911 3421 2981 φασὶ,
3449 2910 3514 2964 τὸ
3540 2909 3833 2982 ὑμέτερον

538 2996 834 3066 potentiam
851 3003 1083 3049 vestram
1098 2998 1413 3051 exsuscitari
1429 2998 1730 3052 hortamur.
1750 2995 1898 3050 Nam
1914 3007 2129 3068 praster-

2245 3004 2465 3074 κράτος
2494 3002 2900 3072 διαναστῆναι
2926 3001 3342 3072 παραινοῦμεν
3370 3014 3385 3032 ·
3415 3000 3520 3056 καὶ
3551 3000 3661 3072 γὰρ
3683 2999 3833 3070 πρὸς

538 3104 703 3160 quam
727 3088 868 3160 quod
901 3103 983 3142 res
1011 3087 1344 3158 difﬁcillima,
1383 3105 1558 3160 neque
1586 3090 1722 3159 forte
1750 3088 1951 3146 Casari
1982 3098 2129 3162 grata

2247 3098 2328 3164 τῷ
2355 3096 2646 3167 δυσχερεῒ
2672 3095 2783 3152 τοῦ
2816 3095 3187 3164 πράγματος,
3231 3094 3361 3150 οὐδ’
3392 3091 3556 3158 αὐτῷ
3590 3093 3670 3150 ἂν
3699 3091 3838 3161 ἀρά·

539 3179 654 3252 fore
683 3180 960 3245 videatur;
1004 3179 1165 3234 tantis
1189 3180 1387 3235 scilicet
1414 3181 1641 3237 caedibus
1670 3183 1937 3238 civitatem
1973 3181 2129 3255 pollw

2246 3206 2350 3245 σαι
2425 3190 2507 3257 τῷ
2570 3193 2828 3257 Καίσαρι
2862 3189 3180 3253 τοσούτοις
3223 3187 3438 3254 αἵμασι
3484 3184 3600 3254 τὴν
3651 3184 3844 3238 πόλιν

541 3287 608 3326 ac
627 3271 921 3342 deformari
937 3287 956 3326 :
985 3271 1078 3326 sed
1097 3273 1330 3344 insignes
1352 3274 1467 3344 ejus
1491 3274 1776 3345 discipulos
1799 3275 1944 3346 (sunt
1963 3284 2129 3332 autem

2243 3284 2507 3355 μιαίνειν
2536 3282 2634 3336 καὶ
2668 3281 2955 3350 ἀχρειοῦν
2983 3298 2996 3312 ο
3031 3279 3178 3347 τοὺς
3231 3278 3574 3347 ἐπισήμους
3603 3274 3674 3329 δὲ
3700 3274 3836 3329 τῶν

528 3363 627 3448 illi
650 3364 924 3421 duodecim
945 3382 1187 3433 numero,
1207 3383 1339 3438 quos
1367 3376 1415 3421 et
1437 3367 1582 3439 plebs
1603 3370 1776 3425 omnis
1802 3371 2000 3424 erroris
2023 3387 2129 3426 ma-

2248 3376 2438 3430 αὑτοῦ
2469 3374 2776 3444 μαθητῶν.
2816 3373 3052 3426 Δώδεκα
3103 3371 3173 3425 δὲ
3207 3371 3317 3425 τὸν
3355 3370 3608 3440 ἀριθμὸν
3644 3363 3839 3435 οὗτοι,

541 3455 736 3528 gistros
776 3456 951 3528 habet)
995 3460 1119 3523 hos,
1168 3460 1216 3513 si
1253 3459 1374 3513 duci
1406 3459 1659 3529 iusseris,
1700 3477 1794 3516 rea:
1827 3461 2129 3530 clarissime,

2249 3464 2342 3533 οἷς
2398 3469 2547 3522 καὶὸ
2583 3466 2704 3532 πᾶς
2759 3466 2946 3535 ὄχλος
2995 3465 3298 3534 ἑπόμενος
3357 3461 3796 3519 ἀποπλανᾶται
3823 3476 3841 3494 ·

545 3556 659 3605 tum
681 3549 850 3604 Deum
869 3551 1158 3621 propitium
1179 3551 1412 3615 habebis,
1434 3562 1544 3606 tum
1566 3555 1710 3608 omni
1733 3557 1874 3624 genti
1895 3564 2129 3626 pacatam

2251 3561 2527 3625 τούτους,
2566 3554 2614 3614 ὦ
2657 3558 3043 3629 λαμπρότατε
3066 3554 3362 3623 βασιλεῦ,
3402 3557 3458 3610 εί
3485 3553 3841 3625 ἀπαγάγοις,

543 3643 709 3713 vitam
742 3640 1031 3713 largieris;
1055 3645 1275 3714 ejusque
1300 3661 1394 3699 nos
1427 3645 1662 3714 beneficii
1698 3662 1977 3712 memores,
2011 3664 2129 3718 gra-

2247 3651 2409 3718 ἕξεις
2428 3652 2547 3722 μὲν
2576 3651 2684 3706 τὸν
2740 3651 2893 3706 Θεὸν
2927 3649 3152 3720 εὐμενῆ
3177 3666 3196 3682 ο
3239 3649 3363 3715 ὅλῳ
3421 3647 3491 3702 δὲ
3541 3648 3625 3712 τῷ
3674 3646 3842 3702 ἔθνει

545 3735 654 3788 tias
704 3751 870 3805 quam
921 3735 1188 3789 maximas
1234 3735 1518 3803 habentes,
1565 3737 1798 3791 debitam
1847 3739 2014 3792 uicem
2058 3754 2129 3793 re-

2250 3743 2563 3812 είρηναίαν
2609 3741 2763 3811 ζωὴν
2791 3741 2992 3814 χαριῄκ
3042 3741 3142 3796 καί
3191 3756 3294 3794 σοι
3342 3738 3454 3806 τῆς
3485 3737 3843 3808 εὐεργεσίας

493 3845 498 3849 ’
543 3825 855 3899 Ικηάθπηη·
2249 3836 2473 3902 ταύτης
2497 3837 2795 3905 μεγίστην
2826 3835 3049 3902 ειδότες
3083 3832 3294 3905 χάριν,
3344 3831 3681 3900 ἀξιόχρεων
3716 3832 3844 3884 sla-

2249 3928 2503 3995 οίσομεν
2535 3926 2812 3997 ἀμοιϐήν.

616 4016 743 4074 ΙΙοι
762 4017 931 4089 igitur
951 4015 1200 4073 Herodes
1232 4016 1477 4089 pessimo
1503 4017 1597 4073 illo
1637 4017 1934 4074 instinctus
1961 4021 2129 4076 consi-

2324 4019 2482 4092 Ἅμα
2529 4020 2709 4074 τοίνυν
2770 4023 2836 4091 τῇ
2884 4019 3102 4089 πονηρᾷ
3158 4015 3348 4086 βουλῇ,
3423 4010 3517 4066 κα)⁸
3588 4007 3842 4079 Ἡρώδης

547 4109 649 4178 lio,
677 4109 1008 4182 iniustitiam
1034 4111 1403 4182 parturiebat.
1434 4112 1610 4167 Porro
1635 4112 1859 4182 concipit
1883 4111 2122 4167 dolorem

2250 4112 2408 4168 ὥδινε
2457 4113 2556 4185 τὴν
2587 4113 2824 4168 ἀδικίαν.
2885 4107 3305 4178 Συλλαμϐάνει
3344 4106 3413 4159 δὲ
3451 4104 3666 4166 πόνον,
3698 4101 3845 4157 ἀνο-

549 4210 605 4258 et
639 4205 782 4274 parit
815 4204 1152 4274 iniquitatem
1176 4202 1241 4258 “.
1276 4202 1594 4259 Mandatum
1621 4203 1902 4274 accipiunt
1921 4206 2126 4262 milites

2247 4207 2397 4277 μίαν
2427 4206 2498 4260 δὲ
2528 4207 2717 4260 τίκτει
2742 4221 2757 4236 ⁸
2791 4208 2885 4258 καὶ
2910 4205 2962 4257 ol
2999 4200 3332 4272 στρατιῶται
3365 4194 3840 4268 παρηγγέλλοντο,

551 4295 859 4368 positisque
885 4295 1161 4351 cuniculis
1180 4293 1395 4351 insidia:
1419 4305 1734 4351 struuntur.
1752 4294 1986 4367 Jamque
2011 4297 2129 4353 adet

2252 4300 2350 4356 καὶ
2378 4302 2407 4358 ὁ
2429 4299 2586 4371 λόχος
2617 4297 2967 4370 ἡτοιμάζετο,
2997 4294 3091 4348 καὶ
3141 4291 3204 4344 τὸ
3235 4291 3452 4362 ῐνεδρον
3489 4287 3842 4343 κατεσκευά-

552 4388 959 4459 discipulorum
993 4387 1180 4454 turba,
1216 4388 1336 4459 ejus
1364 4387 1672 4443 vexationis
1702 4405 1866 4444 causa
1894 4404 2016 4458 quae
2045 4389 2129 4445 sul

2254 4393 2399 4460 ζετο.
2436 4394 2510 4447 Τὸ
2531 4391 2736 4460 πλῆθος
2763 4390 2864 4458 μὲν
2901 4382 2997 4442 οὖν
3038 4383 3149 4439 τῶν
3181 4382 3467 4456 μαθητῶν,
3495 4380 3588 4437 διὰ
3610 4380 3712 4453 τὴν
3743 4382 3846 4434 ἐπὶ

556 4480 840 4550 Stephano
875 4481 1020 4535 facta
1051 4489 1191 4546 erat,
1223 4479 1621 4553 Hierosolymis
1657 4481 1896 4548 relictis,
1939 4496 2129 4553 perque

2254 4488 2332 4558 τῷ
2360 4485 2616 4555 Στεφάνῳ
2645 4480 2849 4551 θλίψιν,
2889 4478 2991 4550 τὴν
3023 4477 3388 4551 Ἰερουσαλὴμ
3415 4474 3841 4537 καταλιπόντες,

554 4544 692 4629 alias
731 4583 888 4629 extra
934 4573 1104 4628 urbes
1142 4544 1310 4642 atque
1356 4544 1559 4643 oppida
1602 4574 1697 4628 alii
1736 4574 1846 4630 alio
1881 4544 2124 4645 dispersi

2256 4544 2353 4632 καὶ
2381 4544 2518 4647 πρδς
2547 4544 2649 4638 τας
2698 4544 2807 4638 ἔξω
2835 4544 3023 4635 πόλεις
3046 4544 3144 4624 καὶ
3179 4544 3378 4640 κώμας
3407 4568 3560 4625 ἄλλοι
3603 4568 3844 4622 διασπα-

553 4667 809 4723 veritatis
832 4666 1142 4722 doctrinam
1179 4665 1425 4722 secundo
1448 4677 1649 4722 conatu
1685 4668 2062 4740 praedicabant
2085 4667 2129 4699 “‘

2254 4671 2444 4743 ρὲντες
2467 4664 2728 4737 ἀλλαχοῦ,
2759 4664 2851 4719 τὸν
2902 4663 3063 4734 λόγον
3099 4665 3202 4736 τῆς
3243 4661 3502 4734 ἀληθείας
3559 4660 3844 4730 ἐπεκηρυ-

555 4759 786 4830 Ilagnus
807 4768 995 4813 autem
1018 4757 1278 4825 Iacobus,
1303 4774 1431 4815 cum
1452 4776 1556 4831 per
1576 4761 1891 4817 universam
1912 4761 2129 4817 Judasan

2255 4760 2484 4817 χεύοντο
2513 4775 2528 4792 ·
2566 4756 2823 4819 Ἰάκωϐος
2849 4755 2908 4809 δὲ
2928 4757 2958 4809 δ
2985 4755 3184 4826 μέγας,
3220 4755 3412 4823 ἐπειδὴ
3443 4753 3568 4808 καθ’
3589 4751 3720 4823 ὅλην
3744 4749 3847 4822 τὴν

555 4861 617 4909 et
646 4851 948 4916 Galileam,
995 4851 1079 4906 uti
1104 4867 1236 4908 vere
1279 4853 1506 4908 touitrui
1541 4851 1721 4922 ﬁlius},
1760 4853 1861 4909 Dei
1903 4852 2129 4922 Evange

2267 4851 2532 4909 Ἰουδαίαν
2558 4867 2618 4902 τε
2651 4859 2749 4903 καὶ
2779 4845 3097 4913 Γαλιλαίαν,
3128 4845 3204 4910 ὡς
3227 4846 3458 4919 βροντῆς
3489 4842 3604 4905 υἱὸς
3626 4841 3850 4912 ἀληθῶς

558 4940 698 5000 llum
739 4941 946 4998 clarius
979 4941 1344 5011 intonuisset,
1382 4943 1938 5016 Hierosolymitanam
1963 4945 2126 4999 Eccle

2255 4943 2358 5009 ὢν,
2388 4941 2560 4996 τδτοῦ
2588 4939 2725 4994 Θεοῦ
2749 4939 3088 5009 Εὑαγγέλιον
3115 4936 3496 5008 ὲμϐροντήσας
3531 4932 3842 5001 γεγωνότε-

561 5035 703 5094 siam
730 5021 1017 5090 invisurus
1058 5036 1263 5092 iterum
1303 5052 1557 5095 reversus
1591 5040 1694 5093 est.
1745 5038 1993 5108 Repente
2021 5051 2129 5106 erg:

2255 5053 2368 5106 ρον,
2439 5035 2540 5105 τὴν
2599 5035 2658 5088 ὲν
2721 5031 3131 5104 Ἱεροσολύμοις
3187 5027 3347 5091 αὖθις
3401 5023 3845 5094 ἐπισκεψόμενος

561 5126 792 5182 militari
833 5141 1003 5182 manu
1033 5128 1373 5199 corripitur,
1413 5137 1579 5200 atque
1612 5128 1849 5183 Herodis
1885 5125 2154 5183 tribunali

450 5298 452 5300 _
563 5222 805 5277 sistitur.
851 5220 1104 5292 Cumque
1137 5223 1383 5279 atrocius
1415 5223 1637 5293 injuriis
1669 5221 1899 5293 petitus,
1926 5221 2155 5292 probris

565 5315 902 5386 complutos,
955 5315 1284 5372 verberibus
1336 5315 1720 5383 exanimatus,
1774 5314 1945 5370 etiam
1985 5323 2152 5385 atque

565 5407 735 5463 etiam
757 5407 1052 5480 juberetur
1083 5409 1312 5464 omnin’o
1352 5425 1555 5480 negare
1593 5407 1910 5474 Christum;
1951 5406 2037 5462 sin
2073 5404 2155 5460 illi

567 5515 691 5560 esse
727 5510 904 5558 morte
932 5502 1196 5558 luendum
1229 5520 1243 5556 :
1283 5501 1640 5573 Impossibile,
1680 5496 2035 5588 exclamavit,
2075 5499 2157 5553 ri-

645 5680 687 5713 "
714 5679 854 5739 Gen.
877 5696 1029 5748 mn,
1053 5679 1146 5738 20.
1218 5681 1264 5716 ³³
1295 5678 1438 5740 Psal.
1476 5696 1576 5750 vn,
1613 5679 1699 5736 l5.
1781 5680 1825 5713 ²⁵
1843 5678 2109 5743 Act.vm,
2135 5675 2188 5732 ί.

2257 5128 2559 5199 ἐκκλησίαν
2598 5124 2874 5196 ἐπανῆγεν
2909 5140 2926 5155 ο
2970 5119 3385 5192 συναρπάζεται
3443 5117 3544 5188 μὲν
3576 5114 3846 5185 ἐξαπίνης

2253 5220 2400 5295 χειρὶ
2413 5214 2883 5290 στρατιωτικῇ,τῷ
2909 5212 3153 5286 Ἡρώδου
3172 5211 3229 5266 δὲ
3251 5211 3459 5284 βήματι
3480 5210 3842 5282 προσάγεται·

2251 5315 2311 5379 ὃς
2328 5313 2424 5368 καὶ
2439 5312 2632 5385 ὕϐρεσι
2653 5308 3001 5381 βαλλόμενος,
3019 5306 3114 5360 καὶ
3125 5304 3354 5358 ὀνείδεσι
3375 5302 3728 5372 πλυνόμενος,
3747 5296 3846 5353 καὶ

2261 5404 2517 5480 μάστιξιν
2543 5401 2891 5471 ὲταζόμενος,
2933 5401 3032 5454 καὶ
3058 5394 3582 5468 παραγγελλόμενος
3619 5407 3843 5462 παραγο

2259 5498 2418 5573 γελία
2445 5494 2795 5552 παντάπασιν
2837 5489 3166 5564 ἐξόμνυσθαι
3198 5488 3292 5541 τὸν
3317 5486 3582 5559 Χριστὸν,
3623 5483 3658 5554 ἢ
3679 5481 3847 5537 odua-
