4088 6304
222 412 297 513 s1
1030 454 1419 552 ORATIOIV.
1451 457 1634 519 —-IN
1674 459 1990 521 LAUDEM
2031 462 2089 523 s.
2128 462 2389 527 JACOBI
2426 468 2795 559 ZEBEDJEI.
3146 478 3147 481 ‘
3272 476 3273 479 ‘
3475 444 3546 544 98

231 578 325 616 τον
372 560 739 634 ἐπηρτῆσθαι
804 566 906 634 τὴν
946 566 1175 636 ζημίαν,
1216 566 1585 637 Ἀμήχανον,
1614 569 1796 634 ἐξεϐότ

1896 594 1917 649 ι
1945 587 2065 625 rum
2092 574 2184 643 qui
2211 573 2396 631 sobria
2427 577 2747 649 impartitus
2770 589 2983 641 ratione
3003 582 3098 648 sit.
3126 587 3339 660 optione
3373 589 3541 661 facta,

231 668 345 716 σεν,
378 650 577 722 ἄνδρα
601 657 928 723 σώφρονος
967 657 1303 726 μετέχοντα
1326 660 1655 730 λογισμοῦ,
1700 660 1839 715 eae.

226 746 372 798 σθαι
391 742 514 813 μὲν
542 746 618 798 ἐν
646 747 976 815 συγκρίσει
1004 750 1116 802 τὸν
1141 750 1375 805 σκότον
1407 750 1560 820 ὑπὲρ
1592 752 1659 805 τὸ
1686 752 1835 823 φῶς·

225 836 498 892 θάνατον
520 836 595 889 δὲ
619 839 833 893 θέσθαι
866 840 1296 911 προτιμότερον
1322 841 1435 910 τῆς
1455 841 1627 912 ζωῆς.
1670 845 1841 899 Ἄδυ-

1937 668 2183 723 tenebras
2211 668 2319 725 luci
2344 672 2649 743 anteferre;
2676 684 3005 750 mortemque
3030 680 3141 736 vita
3164 683 3423 753 potiorem
3442 684 3544 738 du-

1938 773 2099 812 eere:
2133 758 2289 831 longe
2329 777 2455 817 vero
2496 764 2731 835 amplius
2772 766 3019 824 abhorret
3057 778 3118 826 ut
3160 772 3228 826 sit
3272 772 3538 843 possibile,

1936 863 2077 909 eum,
2107 850 2199 920 qui
2229 848 2359 904 Jesu
2383 850 2579 908 Christi
2610 852 2837 910 Deitatis
2860 874 2924 913 ac
2953 858 3294 916 beatitudinis
3324 877 3540 918 sensum

223 927 574 996 νατὼτερον
626 929 698 982 δὲ
752 929 987 997 πολλῷ,
1040 932 1151 986 τὸν
1176 932 1248 988 ἐν
1273 934 1696 1007 κσυναισθήσει
1727 935 1796 1004 τῆ

1938 941 2139 1010 fecerit,
2163 939 2534 1000 universorum
2561 946 2712 1002 aliud
2730 949 3008 1021 quidpiam
3031 950 3127 1006 illo
3153 955 3411 1021 sanctius,
3442 970 3537 1011 seu

235 1021 453 1088 Ἰησοῦ
484 1020 596 1076 τοῦ
624 1022 889 1091 Χριστοῦ
924 1026 1232 1093 θειότητος
1270 1026 1369 1080 καί
1394 1027 1796 1097 μακαριότητο

1939 1031 2219 1087 dilectione
2242 1034 2454 1107 ﬁdeque
2475 1038 2533 1093 in
2564 1038 2761 1110 ipsum,
2795 1020 3009 1113 dignius
3042 1044 3321 1100 arbitrari.

172 1128 175 1129 '
219 1118 588 1188 ¹γενόμενον,
628 1118 789 1173 ἄλλο
838 1135 896 1173 τι
927 1118 1051 1174 τῶν
1097 1122 1345 1176 πάντων
1373 1122 1617 1179 ἐκείνου
1649 1125 2159 1198 σεὸασμιὼτερον,
2191 1132 2231 1199 ἡ
2258 1129 2372 1199 τῆς
2422 1134 2515 1200 εις
2568 1134 2755 1191 αὐτὸν
2826 1127 3067 1207 ἀγάπης
3132 1139 3234 1194 καί
3270 1140 3534 1209 πίστεως

221 1213 667 1282 ἀξιοθεώτερον
692 1216 1067 1284 ἡγήσασθαι.
1563 1294 1567 1298 θ

296 1311 539 1365 οὔκουν
560 1310 632 1377 ὅς
648 1328 716 1381 γε
731 1314 1150 1368 πεπίστευκεν
1176 1313 1247 1368 ἐκ
1277 1313 1428 1370 Θεοῦ
1452 1332 1518 1370 τε
1544 1314 1831 1386 γενέσθαι

227 1403 371 1458 τόδε
392 1405 458 1456 τὸ
481 1404 625 1467 πᾶν,
654 1405 758 1459 καὶ
788 1406 927 1475 παρ’
956 1406 1146 1463 αὑτοῦ
1176 1408 1463 1465 δεδόσθαι
1505 1409 1827 1479 προφήτας

227 1496 331 1549 καί
383 1498 573 1563 νόμον
610 1496 684 1549 ἐν
727 1497 1003 1567 Ἰσραὴλ.
1058 1498 1168 1551 τὸν
1225 1502 1541 1568 ἀγαπητὸν
1592 1501 1826 1556 δύναιτ’

233 1586 317 1643 ἂν
337 1588 656 1655 ἀρνεῖσθαι
686 1588 789 1643 καὶ
821 1588 1081 1659 συμφυῆ
1115 1592 1217 1645 καὶ
1255 1592 1588 1662 μονογενῆ,
1629 1593 1707 1649 δι’
1742 1591 1816 1652 οὗ

2001 1320 2148 1375 Absit
2203 1322 2398 1391 igitur,
2432 1333 2490 1378 ut
2532 1327 2622 1396 qui
2662 1343 2847 1384 rerum
2885 1330 3023 1384 hanc
3062 1331 3467 1389 universitatem
3495 1354 3532 1391 α

1928 1411 2039 1465 Deo
2077 1414 2347 1467 conditam
2376 1417 2565 1482 credit,
2598 1427 2759 1489 atque
2787 1422 2852 1474 ab
2875 1437 2935 1475 eo
2967 1421 3119 1476 datos
3151 1426 3434 1494 prophetas
3464 1444 3529 1481 ac

1928 1500 2097 1573 legem
2137 1504 2191 1556 in
2236 1503 2460 1571 lsraele,
2495 1506 2785 1575 dilectum,
2821 1510 3057 1581 ejusdem
3093 1530 3157 1568 ac
3189 1512 3285 1567 ille
3316 1524 3527 1571 natura

1925 1600 1976 1645 et
2009 1590 2370 1667 Unigenituni,
2405 1613 2501 1668 per
2525 1614 2682 1670 quem
2712 1602 2925 1657 condita
2962 1604 3171 1670 omnia,
3208 1622 3326 1677 qua:
3361 1606 3527 1663 Pater

225 1679 433 1769 πάντα
467 1680 743 1750 τέτονεν,
761 1682 799 1737 ἃ
819 1681 929 1750 τῆς
944 1682 1134 1751 δόξης
1147 1687 1441 1753 πεποίηκε
1462 1688 1689 1756 Πατὴρ,
1720 1705 1796 1742 κα

1924 1680 2109 1753 gloria
2147 1684 2413 1752 condidit,
2451 1696 2500 1742 et
2528 1689 2584 1743 in
2621 1706 2725 1760 quo
2758 1699 3004 1747 constant
3044 1696 3247 1761 omnia,
3281 1713 3521 1769 unquam

208 1767 285 1821 ἐν
303 1761 356 1836 ᾧ
377 1770 731 1837 συνέστηκε
758 1773 833 1826 τὰ
846 1773 1069 1828 πάντα.
1095 1774 1279 1830 Τοῦτο
1303 1778 1498 1845 μόνον
1510 1780 1796 1847 λυπηρὸν

1923 1786 2121 1843 negare
2145 1774 2329 1843 possit.
2359 1775 2535 1831 Unum
2560 1776 2728 1845 nobis,
2754 1796 2869 1846 rex,
2902 1782 2998 1836 hoc
3023 1783 3331 1853 molestum;
3354 1761 3520 1844 unum

214 1854 269 1915 ὧ
287 1861 587 1925 βασιλεῦ,
618 1861 794 1917 τοῦτο
838 1864 1102 1933 θλίψεως
1131 1864 1276 1935 ἡμῖν
1293 1867 1508 1932 αττιον,
1540 1869 1633 1925 ὅτι,
1658 1870 1796 1925 ἄπαι

1927 1868 2078 1935 angit
2111 1875 2161 1920 et
2191 1869 2479 1933 excruciat,
2516 1874 2655 1941 quod
2682 1872 2848 1927 semel
2878 1875 3163 1943 duntaxat,
3194 1895 3300 1932 non
3324 1878 3518 1936 millies

200 1952 430 2020 μόνον,
453 1952 599 2007 ἀλλ’
625 1954 698 2008 οὐ
739 1953 1031 2024 μυριάκις
1083 1956 1241 2026 ὑπὲρ
1276 1955 1389 2024 τῆς
1426 1957 1638 2029 Ἰησοῦ
1682 1963 1820 2017 686-

204 2058 398 2110 τητος
436 2043 536 2097 καί
558 2044 748 2115 δόξης
773 2044 1111 2101 ἀποθανεῖν
1138 2046 1430 2107 δυνατόν.

284 2133 522 2200 Τούτοις
565 2136 655 2190 τὸν
709 2136 1059 2209 μιαρώτατον
1096 2142 1546 2216 ὲμδροντηθέντα
1582 2148 1680 2203 καὶ
1710 2167 1816 2220 μα-

213 2224 412 2287 νέντα,
440 2226 690 2297 παρευθὺ
716 2225 971 2283 κελεῦσαι
997 2228 1191 2284 τοῦτον
1231 2233 1561 2303 ἀπαγαγεῖν,
1595 2238 1691 2292 καὶ
1712 2239 1814 2310 τὴν

219 2316 537 2372 πανολϐίαν
595 2318 775 2388 κάραν
826 2323 1069 2396 μαχαίρᾳ
1104 2327 1318 2395 τεμεῖν.
1366 2327 1443 2381 Οὐ
1494 2328 1812 2402 θαυμαστὸν

218 2407 282 2462 δὲ
310 2408 415 2461 elo
451 2409 555 2480 τῆς
604 2409 817 2478 ἀδικίας
855 2414 1092 2487 πυθμὴν,
1144 2419 1174 2472 ὁ
1207 2417 1456 2486 ὁδοποιδς
1491 2421 1587 2475 τοῦ
1633 2423 1810 2479 Ἀντι-

219 2500 483 2571 χρίστου,
519 2503 549 2555 ὀ
588 2504 692 2573 τῆς
722 2504 972 2571 ἀσεϐείας
1011 2495 1333 2584 πληρωτῆς,
1386 2514 1448 2566 οὐ
1488 2515 1808 2587 θαυμαστὸν

220 2592 274 2643 εί
298 2593 403 2655 τὰς
444 2596 635 2664 χεῖρας
683 2595 779 2649 ἐπὶ
824 2598 955 2661 τοὺς
997 2599 1338 2666 ἀποστόλους
1370 2603 1675 2671 ἐπιϐαλὼν,
1710 2607 1807 2661 τὸν

214 2680 395 2748 δεξιὸν
422 2684 599 2739 ἀνεῖλε
624 2685 728 2758 τῆς
766 2687 1103 2761 Ἐκκλησίας
1132 2693 1413 2764 ὀφθαλμόν
1434 2712 1449 2727 ⁸
1478 2696 1596 2751 ἀλλ’
1626 2700 1805 2754 ἒκεῖνο

166 2813 170 2816 -
210 2774 691 2849 θαυμασιώτερον,
743 2781 795 2834 εί
821 2780 900 2853 μὴ
940 2783 1023 2846 είς
1072 2784 1364 2856 οίκοδομὴν
1416 2786 1575 2842 τοῦτο
1604 2790 1801 2861 μείζω,

200 2868 303 2922 καὶ
334 2868 499 2939 νίκην
530 2870 701 2941 αὐτῆς
750 2873 1233 2946 περιφανεσεέραν
1272 2876 1627 2950 ᾠκονόμητο·
1697 2881 1794 2935 καὶ

196 2958 323 3013 οὐδὲ
382 2961 550 3016 τοῦτο
600 2965 850 3033 τοσούτῳ
901 2962 1243 3034 θαυμαστὸν,
1314 2970 1440 3023 ὅσον
1478 2973 1529 3024 εί
1578 2970 1654 3043 μὴ
1686 2974 1803 3035 τοῖς

193 3052 443 3123 Χριστοῦ
485 3052 755 3118 διώκταις
786 3054 1043 3110 ἐντεῦθεν
1073 3059 1107 3130 ἠ
1149 3061 1501 3135 πανωλεθρία
1526 3064 1801 3118 ἀπισέσει-

200 3158 345 3198 σται.

279 3234 542 3300 Ἰάκωϐος
604 3237 708 3309 μὲν
753 3233 850 3293 οὖν
884 3241 912 3294 ὀ
943 3244 1394 3314 μακαριώτατος,
1461 3244 1538 3308 ὡς
1603 3246 1794 3318 ἀρνίον

1926 1972 2025 2029 pro
2044 1956 2175 2013 Iesu
2203 1957 2412 2014 Deitate
2436 1968 2597 2033 atque
2626 1962 2801 2035 gloria
2837 1966 2973 2020 mori
2992 1978 3291 2023 concessum
3318 1971 3410 2026 sit.

1986 2133 2153 2195 Hisce
2180 2139 2609 2198 scelestissimus
2629 2144 2720 2199 ille
2750 2146 3022 2203 attonitus
3050 2164 3117 2205 ac
3139 2150 3351 2220 furens,
3379 2166 3514 2208 con-

1911 2223 2099 2282 testim
2123 2226 2248 2283 duci
2287 2228 2553 2286 Jacobum
2588 2234 2784 2305 jussit,
2822 2250 2887 2291 ac
2912 2235 3299 2296 beatissimum
3360 2242 3512 2300 illius

1911 2329 2081 2390 caput
2107 2320 2293 2392 gladio
2327 2322 2603 2379 abscindi.
2634 2325 2825 2397 Neque
2858 2326 2915 2383 id
2949 2330 3182 2397 mirum,
3224 2333 3374 2403 quod
3398 2333 3513 2390 ini-

1910 2410 2145 2480 quitatis
2181 2414 2399 2468 sentina
2443 2414 2699 2486 imusque
2738 2433 2968 2490 gurges,
3009 2419 3333 2478 Antichristi
3356 2430 3510 2495 pras-

1909 2516 2129 2573 cursor,
2170 2503 2476 2577 impietatis
2507 2507 2743 2576 artifex;
2775 2525 2902 2565 cum
2932 2511 2989 2567 in
3014 2514 3294 2585 apostolos
3320 2516 3507 2573 misis-

1907 2604 1996 2651 set
2028 2611 2259 2662 manus,
2302 2597 2559 2656 dextrum
2604 2599 2868 2657 Ecclesiae
2906 2604 3200 2660 sustulerit
3242 2607 3503 2663 oculum:

1906 2685 2004 2741 sed
2041 2687 2181 2743 illud
2216 2686 2447 2760 dignum
2477 2689 2879 2764 admiratione,
2920 2694 3028 2751 nisi
3056 2695 3115 2752 in
3150 2700 3415 2772 majorem
3446 2703 3505 2759 id

1904 2778 2328 2837 aediﬁcationem
2353 2783 2585 2854 ejusque
2605 2782 2782 2854 ipsius
2804 2784 3165 2844 illustriorem
3187 2788 3501 2859 victoriam,

1904 2871 2283 2943 dispensatum
2307 2884 2473 2932 esset.
2505 2874 2648 2942 Quin
2679 2892 2750 2933 ne
2782 2877 2890 2934 hoc
2918 2880 3145 2951 quidem
3175 2882 3257 2940 sic
3274 2884 3502 2943 mirum.

1902 2977 2070 3031 quam
2106 2964 2153 3024 si
2174 2964 2309 3019 hinc
2335 2981 2558 3037 quoque
2577 2966 2785 3024 Christi
2806 2971 3268 3041 persecutoribus
3291 2974 3499 3030 conﬂa-

1902 3060 2021 3106 tum
2041 3069 2154 3122 non
2180 3062 2327 3110 esset
2353 3056 2608 3115 exitium.

1981 3247 2341 3306 Beatissimus
2365 3251 2550 3323 itaque
2577 3254 2820 3311 Jacobus
2841 3263 3104 3330 tanquam
3138 3274 3315 3332 agnus
3336 3260 3497 3317 inno-

193 3325 425 3392 ﬁmxov,
453 3328 532 3393 ὡς
560 3330 844 3401 πρόϐατον
874 3334 1129 3406 ἄμωμον,
1154 3338 1333 3391 ὀπίσω
1360 3337 1455 3390 τοῦ
1491 3340 1667 3409 ἀμνοῦ
1697 3340 1794 3395 τοῦ

1898 3356 2065 3407 cens,
2100 3350 2363 3413 tanquam
2390 3322 2511 3401 ovis
2552 3322 2973 3418 immaculatum,—
2988 3360 3115 3423 post
3151 3322 3364 3425 Avgnum
3391 3355 3494 3413 Dei

194 3420 337 3473 θεοῦ
370 3424 749 3491 σφαγιασθεὶς,
796 3427 891 3481 καὶ
919 3429 1007 3482 διὰ
1032 3427 1128 3483 τοῦ
1161 3432 1467 3503 ἀρχιερέως
1488 3432 1583 3485 τοῦ
1618 3435 1793 3503 μεγά-

202 3508 304 3565 λου
343 3511 510 3566 θυσία.
563 3516 731 3581 ζῶσα,
782 3517 982 3597 λογική
1029 3538 1090 3576 τε
1126 3522 1224 3577 καὶ
1270 3523 1473 3595 θελητὴ
1522 3524 1601 3597 τῷ
1626 3527 1794 3591 ζῶντι

209 3602 333 3674 Θεῷ
380 3610 837 3679 προσενεχθεῖσα,
902 3614 1243 3685 ἐπρέσϐευσε
1296 3615 1399 3687 μὲν
1458 3617 1597 3688 ὑπὲρ
1680 3619 1793 3675 τῶν

206 3696 546 3766 ἀποστόλων,
589 3702 929 3773 ἐπρέσϐευσε
968 3705 1028 3760 δὲ
1088 3706 1232 3778 ὑπὲρ
1270 3709 1369 3779 τῆς
1432 3709 1786 3783 Ἑκκλησίας⁹

196 3792 313 3853 τοῖς
352 3789 480 3859 μὲν,
527 3791 589 3846 τὸ
615 3794 782 3866 ἔργον
838 3798 1153 3853 εὐοδοῦσθαι
1172 3801 1273 3871 τῆς
1301 3802 1607 3873 ἀποστολῆς
1630 3818 1647 3835 ’
1686 3804 1788 3878 τὴν

185 3880 264 3948 δὲ,
307 3882 415 3953 τῆς
464 3880 769 3957 Ἰουδαϊκῆς
812 3890 1258 3946 ἀπαλλάττεσθαι
1299 3896 1615 3965 μιαιφονίας
1640 3912 1655 3927 ο
1691 3895 1786 3951 καὶ
1818 3943 1834 3956 ,

190 3974 501 4045 ῥήγνυσθαι
544 3977 650 4047 μὲν
705 3978 835 4041 τοὺς
885 3980 965 4052 τῷ
1015 3982 1342 4055 Εὑαγγελίῳ
1395 3986 1780 4058 μαχομένους·

191 4063 522 4137 λυτροῦσθαι
542 4068 609 4135 δὲ
647 4072 773 4133 τοὺς
813 4071 1171 4137 εὐδοκοῦντας
1197 4075 1370 4147 αὐτῷ.

254 4159 484 4229 Ταύτης
532 4161 892 4235 ἀποτέλεσμα
941 4165 1042 4235 τῆς
1082 4168 1315 4234 ἱκεσίας,
1361 4168 1551 4241 ὴπαρ’
1586 4170 1782 4226 ἐλπίδα

180 4249 278 4304 τοῦ
308 4252 526 4323 Πέτρου
540 4256 802 4326 σωτηρία
822 4273 836 4287 ο
859 4256 971 4310 τῶν
989 4275 1052 4311 τε
1075 4258 1293 4329 δεσμῶν
1311 4264 1407 4317 καὶ
1435 4262 1538 4333 τῆς
1553 4264 1779 4337 εἱρκτῆς

188 4338 287 4401 καὶ
315 4341 415 4409 τῆς
436 4342 767 4415 ἀπαγωγῆς,
812 4346 878 4418 ῆν
907 4347 1073 4402 αὐτὸν
1110 4349 1337 4420 ἔμελλεν
1374 4352 1623 4425 Ἡρώδης
1668 4340 1772 4407 ἀπ’·

194 4431 426 4496 ἀγαγεῖν
478 4432 641 4497 εὐθὺς
677 4436 816 4506 μετά
845 4438 907 4490 τὸ
962 4438 1177 4509 Πάσχα,
1218 4441 1286 4493 δι’
1327 4442 1563 4510 ἀγγέλου
1591 4446 1776 4513 χειρὸς

194 4520 514 4611 ἀπαλλαγή.
546 4527 620 4580 υὺ
654 4531 819 4600 μόνον
855 4532 933 4597 δὲ,
965 4534 1104 4588 ἀλλά
1136 4538 1232 4590 καὶ.
1264 4538 1298 4607 ἠ
1327 4538 1494 4591 αὐτοῦ
1531 4539 1772 4611 Ἡρώδου

1897 3429 2239 3499 immolatus,
2258 3442 2315 3489 et
2335 3446 2436 3506 per
2452 3437 2772 3507 pontiﬁcem
2796 3456 3053 3512 magnum
3074 3442 3258 3500 hostia
3271 3444 3488 3514 vivens,

1893 3524 2295 3597 rationalisque
2323 3537 2383 3583 et
2432 3528 2778 3596 voluntaria,
2813 3530 2926 3586 Deo
2981 3530 3188 3589 viventi
3238 3534 3486 3605 oblatus,

1890 3616 2158 3688 precibus
2180 3617 2256 3695 ad
2282 3618 2456 3674 Deum
2491 3634 2592 3690 pro
2628 3622 2893 3691 apostolis
2925 3622 3274 3695 intercessit;
3308 3626 3488 3685 inter-

1890 3709 2059 3765 cessit
2079 3719 2135 3765 et
2164 3694 2267 3782 pro
2292 3712 2564 3769 Ecclesia.
2593 3713 2700 3768 Pro
2723 3713 2834 3770 illis
2862 3716 3113 3787 quidem,
3144 3728 3207 3774 ut
3254 3717 3338 3778 eis
3357 3737 3489 3793 pro-

1891 3815 2057 3873 spere
2079 3803 2305 3861 cederet
2329 3806 2629 3877 apostolica
2658 3805 3025 3879 luuctio;pro
3051 3810 3155 3866 hac
3179 3828 3338 3882 vero,
3359 3824 3421 3869 ut
3451 3832 3485 3871 a

1885 3892 2117 3950 Judaica
2157 3896 2494 3953 liberaretur
2530 3898 2739 3954 saevitia
2773 3918 2787 3953 :
2824 3915 2891 3956 ac
2928 3913 3321 3974 rumperentur
3361 3908 3486 3977 qni-

1886 3984 2012 4042 dem
2056 3987 2345 4059 Evangelii
2398 3988 2620 4058 hostes;
2668 3991 2828 4047 malis
2874 4003 3061 4049 autem
3107 3998 3480 4070 solverentur,

1887 4076 1984 4147 qui
2013 4077 2271 4133 iubentes
2291 4078 2427 4135 illud
2451 4079 2747 4139 baberent.

1950 4168 2126 4242 Hujus
2158 4169 2392 4227 eﬂectus
2417 4172 2864 4244 supplicationis,
2895 4174 3047 4235 Petri
3093 4179 3190 4236 illa
3218 4181 3477 4256 inexspe-

1880 4271 2027 4320 ctata
2064 4265 2215 4320 salus
2232 4268 2264 4336 ;‘;
2288 4268 2520 4338 ejusque
2561 4285 2595 4324 a
2627 4269 2867 4327 vinculis
2898 4282 2956 4328 et
3008 4286 3232 4332 carcere
3267 4262 3327 4333 et
3374 4278 3479 4334 du-
3524 4352 3527 4353 γ

1878 4355 2061 4410 ctione
2085 4370 2185 4425 per
2212 4357 2467 4427 angelum
2494 4358 2769 4425 liberatio,
2787 4376 2897 4432 qua
2923 4364 3108 4419 statim
3131 4366 3475 4435 postPascha

1876 4463 2003 4501 eum
2030 4446 2276 4504 Herodes
2302 4458 2420 4504 erat
2445 4450 2739 4508 ducturus.
2766 4453 2962 4526 Neque
2992 4454 3049 4509 id
3075 4457 3262 4523 modo,
3296 4460 3393 4513 sed
3416 4468 3475 4516 et

1878 4535 2112 4593 llerodis
2140 4538 2317 4609 ipsius
2351 4539 2541 4595 divino
2580 4544 2809 4600 numine
2844 4545 3025 4617 plaga,
3060 4563 3167 4617 qua
3206 4564 3332 4604 mox
3365 4550 3472 4606 im-

192 4610 457 4683 θεήλατος
483 4618 681 4691 πληγὴ,
705 4624 774 4676 δι’
818 4625 885 4694 ἢν
911 4626 1111 4680 αὐτίκα
1141 4628 1236 4682 τοῦ
1275 4630 1478 4701 μιαροῦ
1514 4610 1769 4701 σώματος

1896 4645 2019 4684 mro
2070 4645 2304 4699 corpore
2358 4631 2757 4690 ebullientibus
2817 4637 3135 4703 vermibus,
3198 4640 3471 4697 violenter

183 4703 485 4777 σκώληκας
509 4710 866 4795 ἐξέρψαντος,
893 4716 1084 4785 βιαίως
1132 4721 1417 4793 ἀπέρρηξε
1440 4724 1540 4795 τὴν
1564 4724 1765 4798 ψυχήν.

187 4796 477 4854 Ἐντεῦθεν
516 4802 575 4857 δὲ
613 4793 713 4858 καὶ
760 4808 795 4877 ἡ
830 4808 992 4879 χάρις
1026 4812 1094 4865 τά
1155 4812 1285 4883 ἔθνη
1341 4793 1769 4884 μετιοῦσαξτοῐς

182 4891 473 4958 Ἰουδαίοις
517 4896 610 4949 τὸν
638 4895 787 4951 οἷκον
822 4902 901 4964 είς
922 4903 1205 4973 ἐρήμωσιν
1233 4907 1407 4975 ἠφίει.

250 4983 421 5045 'm‘,
453 4979 503 5039 ὧ
558 4988 739 5060 κῆρυξ
794 4989 1102 5061 θερμότατε
1186 4995 1290 5064 τῆς
1342 4997 1605 5068 ἀληθείας
1670 5001 1765 5053 τοῦ

164 5075 545 5146 ’Βῦαγγελίουί
578 5080 609 5130 ὁ
656 5081 798 5150 μετά
838 5083 1050 5156 Πέτρου
1078 5088 1174 5140 καὶ
1210 5088 1458 5143 Ἰωάννου
1498 5092 1599 5161 τὴν
1621 5092 1766 5144 ἀνω·-

167 5169 318 5225 τάτω
359 5170 519 5235 τάξιν
549 5175 647 5226 καὶ
691 5176 795 5245 τὴν
842 5176 1091 5248 κορυφὴν
1123 5178 1224 5251 τῆς
1259 5180 1627 5252 ἀποστολικῆς
1659 5201 1761 5235 κα-

172 5260 367 5335 θέδρας
400 5265 698 5336 διειληχώς
720 5284 735 5298 ο
771 5270 953 5341 χαῖρε,
1000 5270 1077 5336 ὡς
1131 5273 1192 5325 τὸ
1230 5275 1491 5345 ποτήριον
1522 5272 1763 5344 Χριστοῦ

175 5358 277 5420 τοῖς
323 5359 723 5432 συμμαθηταῖς
771 5361 1043 5431 προπιὼν,
1099 5366 1197 5430 καὶ
1222 5365 1286 5418 τὸ
1328 5366 1600 5438 σωτήριον
1660 5366 1764 5438 ps:

175 5457 407 5516 πτισμα,
428 5448 581 5504 κατά
611 5450 712 5523 τὴν
734 5452 1032 5524 ὑπόσχεσιν
1085 5454 1434 5525 βαπτισθείς·
1471 5458 1568 5512 καὶ
1589 5457 1760 5531 διπλῷ

171 5540 444 5610 στεφάνῳ,
476 5540 584 5611 τῆς
632 5544 942 5615 ἀποστολῆς
970 5545 1189 5617 καὶτῆς
1220 5548 1550 5621 μαρτυρίας,
1588 5565 1759 5605 κατα-

165 5630 489 5698 κοσμηθεξς.

234 5722 431 5794 Χαῖρε,
471 5726 557 5779 ὅτι
609 5726 807 5799 νήπιος
833 5726 910 5783 ὢν
946 5728 1030 5784 ῐτι
1076 5729 1179 5804 τὴν
1212 5731 1591 5807 πνευματικὴν
1629 5732 1754 5807 ἠλι-

228 5899 275 5934 ¹⁸
292 5900 469 5961 Marc.
496 5919 554 5971 x,
574 5904 672 5960 39.

1872 4720 2110 4774 animam
2140 4723 2385 4792 abrupit.
2424 4722 2568 4790 Quin
2596 4733 2655 4779 et
2682 4723 2811 4780 inde
2843 4726 3021 4797 gratia
3048 4739 3243 4799 gentes
3273 4744 3468 4800 prose-

1868 4823 2017 4878 cuta,
2047 4812 2251 4868 Judzeis
2280 4815 2506 4871 domum
2536 4817 2593 4870 in
2622 4816 3023 4874 desolationem
3056 4820 3305 4891 reliquit.

1942 4991 2079 5057 Sed.
2120 5008 2153 5049 ο
2198 4996 2447 5051 veritatis
2479 4997 2765 5069 Evangelii
2814 4998 3142 5069 praedicator
3176 4998 3464 5057 ferventis-

1865 5084 2036 5140 sime!
2070 5087 2167 5158 qui
2196 5102 2320 5142 cum
2351 5089 2518 5144 Petro
2545 5098 2602 5145 et
2624 5089 2837 5146 Joanne
2871 5084 3188 5160 supremam
3224 5092 3460 5148 classem

1865 5186 2033 5249 atque
2075 5180 2339 5236 verticem
2379 5183 2700 5251 apostolica:
2734 5181 3023 5253 dignitatis
3068 5192 3264 5239 tenes:
3297 5181 3460 5241 Salve

1869 5270 1967 5334 sis,
1998 5279 2062 5325 ut
2085 5270 2182 5340 qui
2210 5270 2415 5328 Christi
2446 5273 2677 5329 calicem
2701 5286 2833 5330 ante
2864 5275 3275 5347 condiscipulos
3301 5274 3458 5332 bibe-

1868 5364 1949 5422 ris
1997 5384 2063 5424 ac
2114 5369 2271 5440 juxta
2328 5365 2477 5437 quod
2528 5365 2607 5422 illi
2666 5367 2949 5438 pollicitus
3002 5382 3166 5433 cras,
3222 5370 3456 5426 salutari

1866 5459 2149 5531 baptismo
2192 5459 2505 5532 baptizatus
2547 5456 2654 5525 sis,
2695 5456 3013 5529 duplicique
3053 5458 3315 5528 praeclare
3355 5473 3457 5516 co-

1865 5567 2003 5608 rona
2033 5551 2466 5618 condecoratus,
2498 5549 2788 5620 apostolici
2826 5548 3076 5606 muneris
3106 5564 3174 5607 ac
3206 5550 3450 5622 suscepti

1864 5642 2111 5713 martyrii
2147 5642 2211 5697 ¹⁸.

1929 5734 2121 5802 Salve,
2153 5735 2304 5807 quod
2333 5750 2465 5827 cuiq
2502 5736 2765 5808 parvulus
2802 5734 2986 5791 adhuc
3021 5749 3173 5791 esses
3211 5729 3446 5804 spiritali
