  <div class='ocr_page' id='page_1' title='image "/cluster/home/n/w/nwhite01/storage/ocr_20150623/105/mdp.39015008714183/057.png"; bbox 0 0 4086 6282; ppageno 0'>
   <div class='ocr_carea' id='block_1_1' title="bbox 535 407 2624 485">
    <p class='ocr_par' dir='ltr' id='par_1_1' title="bbox 535 407 2624 485">
     <span class='ocr_line' id='line_1_1' title="bbox 535 407 2624 485; baseline 0 -17"><span class='ocrx_word' id='word_1_1' title='bbox 535 420 609 485; x_wconf 73' lang='lat'><strong>99</strong></span> <span class='ocrx_word' id='word_1_2' title='bbox 1755 407 2055 470; x_wconf 67' lang='lat' dir='ltr'><strong>NICETIE</strong></span> <span class='ocrx_word' id='word_1_3' title='bbox 2091 407 2624 469; x_wconf 81' lang='lat' dir='ltr'><strong>PAPHLAGONIS</strong></span> 
     </span>
    </p>
   </div>
   <div class='ocr_carea' id='block_1_2' title="bbox 3726 408 3824 474">
    <p class='ocr_par' dir='ltr' id='par_1_2' title="bbox 3726 408 3824 474">
     <span class='ocr_line' id='line_1_2' title="bbox 3726 408 3824 474; baseline 0.02 -2"><span class='ocrx_word' id='word_1_4' title='bbox 3726 408 3824 474; x_wconf 82' lang='grc'><strong>100</strong></span> 
     </span>
    </p>
   </div>
   <div class='ocr_carea' id='block_1_3' title="bbox 534 519 2139 602">
    <p class='ocr_par' dir='ltr' id='par_1_3' title="bbox 534 519 2139 594">
     <span class='ocr_line' id='line_1_3' title="bbox 534 519 2139 594; baseline -0.007 -8"><span class='ocrx_word' id='word_1_5' title='bbox 534 541 748 586; x_wconf 77' lang='lat' dir='ltr'><strong>statura</strong></span> <span class='ocrx_word' id='word_1_6' title='bbox 783 537 841 584; x_wconf 89' lang='lat' dir='ltr'><strong>et</strong></span> <span class='ocrx_word' id='word_1_7' title='bbox 880 534 1064 594; x_wconf 70' lang='lat' dir='ltr'><strong>aetate,</strong></span> <span class='ocrx_word' id='word_1_8' title='bbox 1111 523 1323 581; x_wconf 88' lang='lat' dir='ltr'><strong>terreni</strong></span> <span class='ocrx_word' id='word_1_9' title='bbox 1371 522 1524 594; x_wconf 86' lang='lat' dir='ltr'><strong>regni</strong></span> <span class='ocrx_word' id='word_1_10' title='bbox 1564 522 1863 593; x_wconf 78' lang='lat' dir='ltr'><strong>primatum</strong></span> <span class='ocrx_word' id='word_1_11' title='bbox 1912 519 2139 590; x_wconf 76' lang='lat' dir='ltr'><strong>petieris</strong></span> 
     </span>
    </p>
   </div>
   <div class='ocr_carea' id='block_1_4' title="bbox 2241 519 3820 602">
    <p class='ocr_par' dir='ltr' id='par_1_4' title="bbox 2243 520 3820 596">
     <span class='ocr_line' id='line_1_4' title="bbox 2243 520 3820 596; baseline 0.001 -21"><span class='ocrx_word' id='word_1_12' title='bbox 2243 522 2393 588; x_wconf 89' lang='grc' dir='ltr'>κίαν,</span> <span class='ocrx_word' id='word_1_13' title='bbox 2471 520 2750 592; x_wconf 78' lang='grc' dir='ltr'><strong>βασιλείας</strong></span> <span class='ocrx_word' id='word_1_14' title='bbox 2827 522 3076 592; x_wconf 76' lang='grc' dir='ltr'><strong>ἐπιγείου</strong></span> <span class='ocrx_word' id='word_1_15' title='bbox 3147 521 3515 595; x_wconf 60' lang='grc' dir='ltr'>προ-τίμησιν»</span> <span class='ocrx_word' id='word_1_16' title='bbox 3567 523 3820 596; x_wconf 72' lang='grc' dir='ltr'>ᾔτησαςο</span> 
     </span>
    </p>
   </div>
   <div class='ocr_carea' id='block_1_5' title="bbox 534 611 2137 698">
    <p class='ocr_par' dir='ltr' id='par_1_5' title="bbox 534 611 2137 698">
     <span class='ocr_line' id='line_1_5' title="bbox 534 611 2137 698; baseline -0.009 -19"><span class='ocrx_word' id='word_1_17' title='bbox 534 626 661 698; x_wconf 89' lang='lat' dir='ltr'><strong>(nec</strong></span> <span class='ocrx_word' id='word_1_18' title='bbox 687 621 838 676; x_wconf 89' lang='lat' dir='ltr'><strong>enim</strong></span> <span class='ocrx_word' id='word_1_19' title='bbox 873 619 970 674; x_wconf 83' lang='lat' dir='ltr'><strong>fiat</strong></span> <span class='ocrx_word' id='word_1_20' title='bbox 1011 632 1255 687; x_wconf 86' lang='lat' dir='ltr'><strong>unquam</strong></span> <span class='ocrx_word' id='word_1_21' title='bbox 1299 624 1359 670; x_wconf 89' lang='lat' dir='ltr'><strong>ut</strong></span> <span class='ocrx_word' id='word_1_22' title='bbox 1400 615 1727 684; x_wconf 79' lang='lat' dir='ltr'><strong>magniﬁcus</strong></span> <span class='ocrx_word' id='word_1_23' title='bbox 1763 615 2012 676; x_wconf 89' lang='lat' dir='ltr'><strong>animus,</strong></span> <span class='ocrx_word' id='word_1_24' title='bbox 2056 611 2137 665; x_wconf 85' lang='lat' dir='ltr'><strong>rei</strong></span> 
     </span>
    </p>
   </div>
   <div class='ocr_carea' id='block_1_6' title="bbox 538 702 2137 786">
    <p class='ocr_par' dir='ltr' id='par_1_6' title="bbox 538 702 2137 786">
     <span class='ocr_line' id='line_1_6' title="bbox 538 702 2137 786; baseline -0.01 -14"><span class='ocrx_word' id='word_1_25' title='bbox 538 717 776 786; x_wconf 82' lang='lat' dir='ltr'><strong>alicujus</strong></span> <span class='ocrx_word' id='word_1_26' title='bbox 824 714 1010 768; x_wconf 89' lang='lat' dir='ltr'><strong>tenuis</strong></span> <span class='ocrx_word' id='word_1_27' title='bbox 1061 726 1127 765; x_wconf 89' lang='lat' dir='ltr'><strong>ac</strong></span> <span class='ocrx_word' id='word_1_28' title='bbox 1166 709 1381 762; x_wconf 85' lang='lat' dir='ltr'><strong>vilioris</strong></span> <span class='ocrx_word' id='word_1_29' title='bbox 1421 707 1701 760; x_wconf 88' lang='lat' dir='ltr'><strong>desiderio</strong></span> <span class='ocrx_word' id='word_1_30' title='bbox 1739 702 2032 772; x_wconf 69' lang='lat' dir='ltr'><strong>adiciatur)</strong></span> <span class='ocrx_word' id='word_1_31' title='bbox 2079 703 2137 758; x_wconf 90' lang='lat' dir='ltr'><strong>in</strong></span> 
     </span>
    </p>
   </div>
   <div class='ocr_carea' id='block_1_7' title="bbox 530 793 2139 870">
    <p class='ocr_par' dir='ltr' id='par_1_7' title="bbox 530 793 2139 870">
     <span class='ocr_line' id='line_1_7' title="bbox 530 793 2139 870; baseline -0.007 -10"><span class='ocrx_word' id='word_1_32' title='bbox 530 810 713 863; x_wconf 83' lang='lat' dir='ltr'><strong>virum</strong></span> <span class='ocrx_word' id='word_1_33' title='bbox 753 816 939 860; x_wconf 88' lang='lat' dir='ltr'><strong>autem</strong></span> <span class='ocrx_word' id='word_1_34' title='bbox 987 802 1231 864; x_wconf 84' lang='lat' dir='ltr'><strong>adultus,</strong></span> <span class='ocrx_word' id='word_1_35' title='bbox 1281 797 1415 870; x_wconf 79' lang='lat' dir='ltr'><strong>Regi</strong></span> <span class='ocrx_word' id='word_1_36' title='bbox 1449 798 1638 869; x_wconf 63' lang='lat' dir='ltr'><strong>gloria:</strong></span> <span class='ocrx_word' id='word_1_37' title='bbox 1674 797 1986 867; x_wconf 82' lang='lat' dir='ltr'><strong>proximam</strong></span> <span class='ocrx_word' id='word_1_38' title='bbox 2020 793 2139 867; x_wconf 69' lang='lat' dir='ltr'><strong>prio</strong></span> 
     </span>
    </p>
   </div>
   <div class='ocr_carea' id='block_1_8' title="bbox 533 891 1406 966">
    <p class='ocr_par' dir='ltr' id='par_1_8' title="bbox 533 891 1406 966">
     <span class='ocr_line' id='line_1_8' title="bbox 533 891 1406 966; baseline -0.013 -12"><span class='ocrx_word' id='word_1_39' title='bbox 533 913 790 966; x_wconf 76' lang='lat' dir='ltr'><strong>tuamque</strong></span> <span class='ocrx_word' id='word_1_40' title='bbox 819 895 1011 951; x_wconf 84' lang='lat' dir='ltr'><strong>sedem</strong></span> <span class='ocrx_word' id='word_1_41' title='bbox 1043 893 1281 962; x_wconf 90' lang='lat' dir='ltr'><strong>adeptus</strong></span> <span class='ocrx_word' id='word_1_42' title='bbox 1311 891 1406 944; x_wconf 89' lang='lat' dir='ltr'><strong>sis.</strong></span> 
     </span>
    </p>
   </div>
   <div class='ocr_carea' id='block_1_9' title="bbox 605 978 2137 1052">
    <p class='ocr_par' dir='ltr' id='par_1_9' title="bbox 605 978 2137 1052">
     <span class='ocr_line' id='line_1_9' title="bbox 605 978 2137 1052; baseline -0.009 -8"><span class='ocrx_word' id='word_1_43' title='bbox 605 991 799 1052; x_wconf 86' lang='lat' dir='ltr'><strong>Salve,</strong></span> <span class='ocrx_word' id='word_1_44' title='bbox 839 989 999 1042; x_wconf 89' lang='lat' dir='ltr'><strong>beate</strong></span> <span class='ocrx_word' id='word_1_45' title='bbox 1033 984 1201 1039; x_wconf 85' lang='lat' dir='ltr'><strong>Verbi</strong></span> <span class='ocrx_word' id='word_1_46' title='bbox 1240 983 1447 1050; x_wconf 84' lang='lat' dir='ltr'><strong>Deique</strong></span> <span class='ocrx_word' id='word_1_47' title='bbox 1490 980 1606 1050; x_wconf 90' lang='lat' dir='ltr'><strong>ipse</strong></span> <span class='ocrx_word' id='word_1_48' title='bbox 1630 978 1806 1034; x_wconf 86' lang='lat' dir='ltr'><strong>oculis</strong></span> <span class='ocrx_word' id='word_1_49' title='bbox 1833 978 2137 1047; x_wconf 77' lang='lat' dir='ltr'><strong>inspector,</strong></span> 
     </span>
    </p>
   </div>
   <div class='ocr_carea' id='block_1_10' title="bbox 533 1067 2136 1153">
    <p class='ocr_par' dir='ltr' id='par_1_10' title="bbox 533 1067 2136 1153">
     <span class='ocr_line' id='line_1_10' title="bbox 533 1067 2136 1153; baseline -0.011 -16"><span class='ocrx_word' id='word_1_50' title='bbox 533 1083 682 1153; x_wconf 85' lang='lat' dir='ltr'><strong>quod</strong></span> <span class='ocrx_word' id='word_1_51' title='bbox 710 1079 1085 1148; x_wconf 87' lang='lat' dir='ltr'><strong>piscationem</strong></span> <span class='ocrx_word' id='word_1_52' title='bbox 1112 1074 1439 1145; x_wconf 87' lang='lat' dir='ltr'><strong>piscatione,</strong></span> <span class='ocrx_word' id='word_1_53' title='bbox 1464 1070 1805 1124; x_wconf 86' lang='lat' dir='ltr'><strong>desiderium</strong></span> <span class='ocrx_word' id='word_1_54' title='bbox 1834 1067 2136 1133; x_wconf 90' lang='lat' dir='ltr'><strong>desiderio,</strong></span> 
     </span>
    </p>
   </div>
   <div class='ocr_carea' id='block_1_11' title="bbox 533 1159 2139 1229">
    <p class='ocr_par' dir='ltr' id='par_1_11' title="bbox 533 1159 2139 1229">
     <span class='ocr_line' id='line_1_11' title="bbox 533 1159 2139 1229; baseline -0.012 1"><span class='ocrx_word' id='word_1_55' title='bbox 533 1173 920 1229; x_wconf 67' lang='lat' dir='ltr'><strong>hzereditatem</strong></span> <span class='ocrx_word' id='word_1_56' title='bbox 946 1167 1268 1223; x_wconf 66' lang='lat' dir='ltr'><strong>haereditate</strong></span> <span class='ocrx_word' id='word_1_57' title='bbox 1295 1173 1660 1225; x_wconf 88' lang='lat' dir='ltr'><strong>commutans,</strong></span> <span class='ocrx_word' id='word_1_58' title='bbox 1700 1161 1790 1222; x_wconf 91' lang='lat' dir='ltr'><strong>iis,</strong></span> <span class='ocrx_word' id='word_1_59' title='bbox 1816 1175 1937 1226; x_wconf 72' lang='lat' dir='ltr'><strong>quae</strong></span> <span class='ocrx_word' id='word_1_60' title='bbox 1966 1159 2139 1212; x_wconf 89' lang='lat' dir='ltr'><strong>insta-</strong></span> 
     </span>
    </p>
   </div>
   <div class='ocr_carea' id='block_1_12' title="bbox 540 1252 2139 1331">
    <p class='ocr_par' dir='ltr' id='par_1_12' title="bbox 540 1252 2139 1331">
     <span class='ocr_line' id='line_1_12' title="bbox 540 1252 2139 1331; baseline -0.012 -8"><span class='ocrx_word' id='word_1_61' title='bbox 540 1269 674 1323; x_wconf 86' lang='lat' dir='ltr'><strong>bilia</strong></span> <span class='ocrx_word' id='word_1_62' title='bbox 721 1273 873 1326; x_wconf 87' lang='lat' dir='ltr'><strong>sunt,</strong></span> <span class='ocrx_word' id='word_1_63' title='bbox 917 1279 982 1316; x_wconf 86' lang='lat' dir='ltr'><strong>ea</strong></span> <span class='ocrx_word' id='word_1_64' title='bbox 1015 1276 1137 1331; x_wconf 72' lang='lat' dir='ltr'><strong>qua:</strong></span> <span class='ocrx_word' id='word_1_65' title='bbox 1167 1267 1420 1321; x_wconf 80' lang='lat' dir='ltr'><strong>manent;</strong></span> <span class='ocrx_word' id='word_1_66' title='bbox 1473 1255 1561 1318; x_wconf 89' lang='lat' dir='ltr'><strong>iis,</strong></span> <span class='ocrx_word' id='word_1_67' title='bbox 1607 1269 1729 1323; x_wconf 69' lang='lat' dir='ltr'><strong>quae</strong></span> <span class='ocrx_word' id='word_1_68' title='bbox 1773 1253 1828 1305; x_wconf 89' lang='lat' dir='ltr'><strong>in</strong></span> <span class='ocrx_word' id='word_1_69' title='bbox 1879 1252 2042 1306; x_wconf 88' lang='lat' dir='ltr'><strong>terris</strong></span> <span class='ocrx_word' id='word_1_70' title='bbox 2082 1259 2139 1304; x_wconf 88' lang='lat' dir='ltr'><strong>et</strong></span> 
     </span>
    </p>
   </div>
   <div class='ocr_carea' id='block_1_13' title="bbox 536 1348 2139 1420">
    <p class='ocr_par' dir='ltr' id='par_1_13' title="bbox 536 1348 2139 1420">
     <span class='ocr_line' id='line_1_13' title="bbox 536 1348 2139 1420; baseline -0.01 -6"><span class='ocrx_word' id='word_1_71' title='bbox 536 1360 684 1414; x_wconf 80' lang='lat' dir='ltr'><strong>fluxa</strong></span> <span class='ocrx_word' id='word_1_72' title='bbox 719 1366 870 1419; x_wconf 89' lang='lat' dir='ltr'><strong>sunt,</strong></span> <span class='ocrx_word' id='word_1_73' title='bbox 911 1355 1159 1410; x_wconf 69' lang='lat' dir='ltr'><strong>cmlestia</strong></span> <span class='ocrx_word' id='word_1_74' title='bbox 1191 1367 1295 1406; x_wconf 89' lang='lat' dir='ltr'><strong>nec</strong></span> <span class='ocrx_word' id='word_1_75' title='bbox 1323 1365 1564 1420; x_wconf 83' lang='lat' dir='ltr'><strong>unquam</strong></span> <span class='ocrx_word' id='word_1_76' title='bbox 1592 1348 1836 1417; x_wconf 86' lang='lat' dir='ltr'><strong>peritura</strong></span> <span class='ocrx_word' id='word_1_77' title='bbox 1871 1360 2139 1401; x_wconf 77' lang='lat' dir='ltr'><strong>consecu-</strong></span> 
     </span>
    </p>
   </div>
   <div class='ocr_carea' id='block_1_14' title="bbox 538 1451 758 1506">
    <p class='ocr_par' dir='ltr' id='par_1_14' title="bbox 538 1451 758 1506">
     <span class='ocr_line' id='line_1_14' title="bbox 538 1451 758 1506; baseline -0.009 0"><span class='ocrx_word' id='word_1_78' title='bbox 538 1460 628 1506; x_wconf 90' lang='lat' dir='ltr'><strong>tus</strong></span> <span class='ocrx_word' id='word_1_79' title='bbox 662 1451 758 1504; x_wconf 92' lang='lat' dir='ltr'><strong>sis.</strong></span> 
     </span>
    </p>
   </div>
   <div class='ocr_carea' id='block_1_15' title="bbox 609 1533 2137 1612">
    <p class='ocr_par' dir='ltr' id='par_1_15' title="bbox 609 1533 2137 1612">
     <span class='ocr_line' id='line_1_15' title="bbox 609 1533 2137 1612; baseline -0.011 -13"><span class='ocrx_word' id='word_1_80' title='bbox 609 1545 823 1608; x_wconf 84' lang='lat' dir='ltr'><strong>Gaude,</strong></span> <span class='ocrx_word' id='word_1_81' title='bbox 859 1541 1008 1612; x_wconf 77' lang='lat' dir='ltr'><strong>quod</strong></span> <span class='ocrx_word' id='word_1_82' title='bbox 1045 1541 1189 1593; x_wconf 82' lang='lat' dir='ltr'><strong>sicut</strong></span> <span class='ocrx_word' id='word_1_83' title='bbox 1226 1537 1376 1590; x_wconf 90' lang='lat' dir='ltr'><strong>nullo</strong></span> <span class='ocrx_word' id='word_1_84' title='bbox 1413 1535 1618 1597; x_wconf 90' lang='lat' dir='ltr'><strong>medio,</strong></span> <span class='ocrx_word' id='word_1_85' title='bbox 1653 1549 1777 1588; x_wconf 90' lang='lat' dir='ltr'><strong>cum</strong></span> <span class='ocrx_word' id='word_1_86' title='bbox 1813 1533 1867 1586; x_wconf 91' lang='lat' dir='ltr'><strong>in</strong></span> <span class='ocrx_word' id='word_1_87' title='bbox 1903 1544 2137 1599; x_wconf 86' lang='lat' dir='ltr'><strong>corpore</strong></span> 
     </span>
    </p>
   </div>
   <div class='ocr_carea' id='block_1_16' title="bbox 532 1627 2138 1702">
    <p class='ocr_par' dir='ltr' id='par_1_16' title="bbox 532 1627 2138 1702">
     <span class='ocr_line' id='line_1_16' title="bbox 532 1627 2138 1702; baseline -0.01 -7"><span class='ocrx_word' id='word_1_88' title='bbox 532 1641 860 1702; x_wconf 81' lang='lat' dir='ltr'><strong>versarcris,</strong></span> <span class='ocrx_word' id='word_1_89' title='bbox 894 1637 989 1690; x_wconf 86' lang='lat' dir='ltr'><strong>Dei</strong></span> <span class='ocrx_word' id='word_1_90' title='bbox 1026 1633 1268 1688; x_wconf 85' lang='lat' dir='ltr'><strong>hominis</strong></span> <span class='ocrx_word' id='word_1_91' title='bbox 1295 1630 1702 1685; x_wconf 82' lang='lat' dir='ltr'><strong>consuetudine</strong></span> <span class='ocrx_word' id='word_1_92' title='bbox 1728 1630 1781 1682; x_wconf 92' lang='lat' dir='ltr'><strong>in</strong></span> <span class='ocrx_word' id='word_1_93' title='bbox 1813 1637 1956 1682; x_wconf 83' lang='lat' dir='ltr'><strong>terra</strong></span> <span class='ocrx_word' id='word_1_94' title='bbox 1981 1627 2138 1695; x_wconf 90' lang='lat' dir='ltr'><strong>prius</strong></span> 
     </span>
    </p>
   </div>
   <div class='ocr_carea' id='block_1_17' title="bbox 537 1720 2136 1795">
    <p class='ocr_par' dir='ltr' id='par_1_17' title="bbox 537 1720 2136 1795">
     <span class='ocr_line' id='line_1_17' title="bbox 537 1720 2136 1795; baseline -0.009 -8"><span class='ocrx_word' id='word_1_95' title='bbox 537 1733 807 1795; x_wconf 87' lang='lat' dir='ltr'><strong>utebaris,</strong></span> <span class='ocrx_word' id='word_1_96' title='bbox 867 1732 946 1785; x_wconf 90' lang='lat' dir='ltr'><strong>sic</strong></span> <span class='ocrx_word' id='word_1_97' title='bbox 997 1744 1146 1782; x_wconf 88' lang='lat' dir='ltr'><strong>nunc</strong></span> <span class='ocrx_word' id='word_1_98' title='bbox 1199 1726 1378 1780; x_wconf 89' lang='lat' dir='ltr'><strong>eidem</strong></span> <span class='ocrx_word' id='word_1_99' title='bbox 1428 1724 1747 1778; x_wconf 85' lang='lat' dir='ltr'><strong>immediate</strong></span> <span class='ocrx_word' id='word_1_100' title='bbox 1797 1723 1994 1791; x_wconf 86' lang='lat' dir='ltr'><strong>spiritu</strong></span> <span class='ocrx_word' id='word_1_101' title='bbox 2037 1720 2136 1774; x_wconf 68' lang='grc' dir='ltr'><strong>ἀοι-</strong></span> 
     </span>
    </p>
   </div>
   <div class='ocr_carea' id='block_1_18' title="bbox 533 1812 2026 1879">
    <p class='ocr_par' dir='ltr' id='par_1_18' title="bbox 533 1812 2026 1879">
     <span class='ocr_line' id='line_1_18' title="bbox 533 1812 2026 1879; baseline -0.008 0"><span class='ocrx_word' id='word_1_102' title='bbox 533 1823 912 1879; x_wconf 88' lang='lat' dir='ltr'><strong>vinctissimus</strong></span> <span class='ocrx_word' id='word_1_103' title='bbox 948 1820 1086 1875; x_wconf 87' lang='lat' dir='ltr'><strong>facie</strong></span> <span class='ocrx_word' id='word_1_104' title='bbox 1121 1818 1187 1872; x_wconf 90' lang='lat' dir='ltr'><strong>ad</strong></span> <span class='ocrx_word' id='word_1_105' title='bbox 1220 1817 1418 1871; x_wconf 82' lang='lat' dir='ltr'><strong>faciem</strong></span> <span class='ocrx_word' id='word_1_106' title='bbox 1450 1815 1507 1868; x_wconf 92' lang='lat' dir='ltr'><strong>in</strong></span> <span class='ocrx_word' id='word_1_107' title='bbox 1543 1816 1697 1869; x_wconf 69' lang='lat' dir='ltr'><strong>caelis</strong></span> <span class='ocrx_word' id='word_1_108' title='bbox 1733 1812 2026 1868; x_wconf 88' lang='lat' dir='ltr'><strong>insuescis.</strong></span> 
     </span>
    </p>
   </div>
   <div class='ocr_carea' id='block_1_19' title="bbox 609 1991 2132 2060">
    <p class='ocr_par' dir='ltr' id='par_1_19' title="bbox 609 1991 2132 2060">
     <span class='ocr_line' id='line_1_19' title="bbox 609 1991 2132 2060; baseline -0.011 -3"><span class='ocrx_word' id='word_1_109' title='bbox 609 2000 800 2057; x_wconf 85' lang='lat' dir='ltr'><strong>Gaude</strong></span> <span class='ocrx_word' id='word_1_110' title='bbox 830 2009 886 2055; x_wconf 90' lang='lat' dir='ltr'><strong>et</strong></span> <span class='ocrx_word' id='word_1_111' title='bbox 921 2000 1109 2054; x_wconf 73' lang='lat' dir='ltr'><strong>laetare</strong></span> <span class='ocrx_word' id='word_1_112' title='bbox 1145 1997 1198 2050; x_wconf 89' lang='lat' dir='ltr'><strong>in</strong></span> <span class='ocrx_word' id='word_1_113' title='bbox 1229 1996 1463 2051; x_wconf 90' lang='lat' dir='ltr'><strong>Domino</strong></span> <span class='ocrx_word' id='word_1_114' title='bbox 1485 1995 1598 2048; x_wconf 88' lang='lat' dir='ltr'><strong>Deo</strong></span> <span class='ocrx_word' id='word_1_115' title='bbox 1627 2001 1721 2046; x_wconf 90' lang='lat' dir='ltr'><strong>tuo</strong></span> <span class='ocrx_word' id='word_1_116' title='bbox 1747 2007 1812 2045; x_wconf 89' lang='lat' dir='ltr'><strong>ac</strong></span> <span class='ocrx_word' id='word_1_117' title='bbox 1844 1991 1991 2060; x_wconf 78' lang='lat' dir='ltr'><strong>Rege</strong></span> <span class='ocrx_word' id='word_1_118' title='bbox 2015 1999 2132 2053; x_wconf 92' lang='lat' dir='ltr'><strong>tuo,</strong></span> 
     </span>
    </p>
   </div>
   <div class='ocr_carea' id='block_1_20' title="bbox 534 2086 2131 2162">
    <p class='ocr_par' dir='ltr' id='par_1_20' title="bbox 534 2086 2131 2162">
     <span class='ocr_line' id='line_1_20' title="bbox 534 2086 2131 2162; baseline -0.011 -14"><span class='ocrx_word' id='word_1_119' title='bbox 534 2109 750 2162; x_wconf 87' lang='lat' dir='ltr'><strong>nosque</strong></span> <span class='ocrx_word' id='word_1_120' title='bbox 779 2091 1058 2161; x_wconf 90' lang='lat' dir='ltr'><strong>propitius</strong></span> <span class='ocrx_word' id='word_1_121' title='bbox 1084 2088 1151 2142; x_wconf 91' lang='lat' dir='ltr'><strong>de</strong></span> <span class='ocrx_word' id='word_1_122' title='bbox 1179 2087 1320 2140; x_wconf 85' lang='lat' dir='ltr'><strong>coelo</strong></span> <span class='ocrx_word' id='word_1_123' title='bbox 1351 2086 1608 2138; x_wconf 81' lang='lat' dir='ltr'><strong>intuere:</strong></span> <span class='ocrx_word' id='word_1_124' title='bbox 1650 2097 1714 2135; x_wconf 88' lang='lat' dir='ltr'><strong>ac</strong></span> <span class='ocrx_word' id='word_1_125' title='bbox 1747 2095 1881 2134; x_wconf 86' lang='lat' dir='ltr'><strong>vero</strong></span> <span class='ocrx_word' id='word_1_126' title='bbox 1933 2094 2131 2149; x_wconf 87' lang='lat' dir='ltr'><strong>purum</strong></span> 
     </span>
    </p>
   </div>
   <div class='ocr_carea' id='block_1_21' title="bbox 534 2174 2132 2246">
    <p class='ocr_par' dir='ltr' id='par_1_21' title="bbox 534 2174 2132 2246">
     <span class='ocr_line' id='line_1_21' title="bbox 534 2174 2132 2246; baseline -0.009 -6"><span class='ocrx_word' id='word_1_127' title='bbox 534 2185 696 2240; x_wconf 88' lang='lat' dir='ltr'><strong>nobis</strong></span> <span class='ocrx_word' id='word_1_128' title='bbox 720 2198 785 2238; x_wconf 88' lang='lat' dir='ltr'><strong>ac</strong></span> <span class='ocrx_word' id='word_1_129' title='bbox 809 2181 1250 2242; x_wconf 87' lang='lat' dir='ltr'><strong>immaculatum,</strong></span> <span class='ocrx_word' id='word_1_130' title='bbox 1281 2176 1659 2246; x_wconf 86' lang='lat' dir='ltr'><strong>apostolorum</strong></span> <span class='ocrx_word' id='word_1_131' title='bbox 1689 2185 1770 2227; x_wconf 88' lang='lat' dir='ltr'><strong>ter</strong></span> <span class='ocrx_word' id='word_1_132' title='bbox 1796 2174 2132 2236; x_wconf 84' lang='lat' dir='ltr'><strong>beatissime,</strong></span> 
     </span>
    </p>
   </div>
   <div class='ocr_carea' id='block_1_22' title="bbox 533 2265 2133 2332">
    <p class='ocr_par' dir='ltr' id='par_1_22' title="bbox 533 2265 2133 2332">
     <span class='ocr_line' id='line_1_22' title="bbox 533 2265 2133 2332; baseline -0.009 -1"><span class='ocrx_word' id='word_1_133' title='bbox 533 2289 590 2332; x_wconf 92' lang='lat' dir='ltr'><strong>et</strong></span> <span class='ocrx_word' id='word_1_134' title='bbox 609 2293 636 2330; x_wconf 90' lang='lat' dir='ltr'><strong>a</strong></span> <span class='ocrx_word' id='word_1_135' title='bbox 657 2274 843 2329; x_wconf 62' lang='lat' dir='ltr'><strong>saeculi</strong></span> <span class='ocrx_word' id='word_1_136' title='bbox 874 2272 1097 2325; x_wconf 65' lang='lat' dir='ltr'><strong>malitiae</strong></span> <span class='ocrx_word' id='word_1_137' title='bbox 1119 2269 1338 2324; x_wconf 86' lang='lat' dir='ltr'><strong>insidiis</strong></span> <span class='ocrx_word' id='word_1_138' title='bbox 1357 2267 1594 2321; x_wconf 86' lang='lat' dir='ltr'><strong>liberum</strong></span> <span class='ocrx_word' id='word_1_139' title='bbox 1618 2280 1843 2318; x_wconf 82' lang='lat' dir='ltr'><strong>servans</strong></span> <span class='ocrx_word' id='word_1_140' title='bbox 1867 2265 2133 2327; x_wconf 89' lang='lat' dir='ltr'><strong>animum,</strong></span> 
     </span>
    </p>
   </div>
   <div class='ocr_carea' id='block_1_23' title="bbox 542 2356 2137 2422">
    <p class='ocr_par' dir='ltr' id='par_1_23' title="bbox 542 2356 2137 2422">
     <span class='ocr_line' id='line_1_23' title="bbox 542 2356 2137 2422; baseline -0.01 -2"><span class='ocrx_word' id='word_1_141' title='bbox 542 2365 780 2421; x_wconf 81' lang='lat' dir='ltr'><strong>Domino</strong></span> <span class='ocrx_word' id='word_1_142' title='bbox 802 2361 1027 2416; x_wconf 87' lang='lat' dir='ltr'><strong>Christo</strong></span> <span class='ocrx_word' id='word_1_143' title='bbox 1057 2356 1555 2413; x_wconf 89' lang='lat' dir='ltr'><strong>incontaminatum</strong></span> <span class='ocrx_word' id='word_1_144' title='bbox 1589 2356 1798 2407; x_wconf 86' lang='lat' dir='ltr'><strong>utinam</strong></span> <span class='ocrx_word' id='word_1_145' title='bbox 1832 2368 2137 2422; x_wconf 43' lang='lat' dir='ltr'><strong>repraeseu.</strong></span> 
     </span>
    </p>
   </div>
   <div class='ocr_carea' id='block_1_24' title="bbox 539 2444 2136 2526">
    <p class='ocr_par' dir='ltr' id='par_1_24' title="bbox 539 2444 2136 2526">
     <span class='ocr_line' id='line_1_24' title="bbox 539 2444 2136 2526; baseline -0.009 -13"><span class='ocrx_word' id='word_1_146' title='bbox 539 2467 645 2524; x_wconf 87' lang='lat' dir='ltr'><strong>tes,</strong></span> <span class='ocrx_word' id='word_1_147' title='bbox 678 2457 733 2510; x_wconf 92' lang='lat' dir='ltr'><strong>in</strong></span> <span class='ocrx_word' id='word_1_148' title='bbox 764 2455 996 2526; x_wconf 87' lang='lat' dir='ltr'><strong>gloriam</strong></span> <span class='ocrx_word' id='word_1_149' title='bbox 1026 2450 1206 2506; x_wconf 86' lang='lat' dir='ltr'><strong>Patris</strong></span> <span class='ocrx_word' id='word_1_150' title='bbox 1239 2457 1296 2504; x_wconf 93' lang='lat' dir='ltr'><strong>et</strong></span> <span class='ocrx_word' id='word_1_151' title='bbox 1324 2449 1449 2502; x_wconf 87' lang='lat' dir='ltr'><strong>Filii</strong></span> <span class='ocrx_word' id='word_1_152' title='bbox 1476 2456 1532 2502; x_wconf 88' lang='lat' dir='ltr'><strong>et</strong></span> <span class='ocrx_word' id='word_1_153' title='bbox 1567 2445 1808 2517; x_wconf 87' lang='lat' dir='ltr'><strong>Spiritus</strong></span> <span class='ocrx_word' id='word_1_154' title='bbox 1841 2446 2043 2512; x_wconf 88' lang='lat' dir='ltr'><strong>sancti,</strong></span> <span class='ocrx_word' id='word_1_155' title='bbox 2079 2444 2136 2499; x_wconf 88' lang='lat' dir='ltr'><strong>in</strong></span> 
     </span>
    </p>
   </div>
   <div class='ocr_carea' id='block_1_25' title="bbox 534 2542 1353 2607">
    <p class='ocr_par' dir='ltr' id='par_1_25' title="bbox 534 2542 1353 2607">
     <span class='ocr_line' id='line_1_25' title="bbox 534 2542 1353 2607; baseline -0.013 -1"><span class='ocrx_word' id='word_1_156' title='bbox 534 2549 736 2607; x_wconf 63' lang='lat' dir='ltr'><strong>saecula</strong></span> <span class='ocrx_word' id='word_1_157' title='bbox 766 2546 1120 2602; x_wconf 73' lang='lat' dir='ltr'><strong>saeculorum.</strong></span> <span class='ocrx_word' id='word_1_158' title='bbox 1157 2542 1353 2597; x_wconf 83' lang='lat' dir='ltr'><strong>Amen.</strong></span> 
     </span>
    </p>
   </div>
   <div class='ocr_carea' id='block_1_26' title="bbox 1167 2742 1552 2799">
    <p class='ocr_par' dir='ltr' id='par_1_26' title="bbox 1167 2742 1552 2799">
     <span class='ocr_line' id='line_1_26' title="bbox 1167 2742 1552 2799; baseline -0.01 0"><span class='ocrx_word' id='word_1_159' title='bbox 1167 2742 1428 2799; x_wconf 78' lang='lat' dir='ltr'><strong>ORATIO</strong></span> <span class='ocrx_word' id='word_1_160' title='bbox 1463 2742 1552 2797; x_wconf 81' lang='lat' dir='ltr'><strong>Vl.</strong></span> 
     </span>
    </p>
   </div>
   <div class='ocr_carea' id='block_1_27' title="bbox 532 2831 2141 2904">
    <p class='ocr_par' dir='ltr' id='par_1_27' title="bbox 532 2831 2141 2904">
     <span class='ocr_line' id='line_1_27' title="bbox 532 2831 2141 2904; baseline -0.011 -3"><span class='ocrx_word' id='word_1_161' title='bbox 532 2845 804 2902; x_wconf 82' lang='lat' dir='ltr'><strong>Laudatio</strong></span> <span class='ocrx_word' id='word_1_162' title='bbox 833 2840 1006 2894; x_wconf 75' lang='lat' dir='ltr'><strong>sancti</strong></span> <span class='ocrx_word' id='word_1_163' title='bbox 1042 2855 1105 2892; x_wconf 88' lang='lat' dir='ltr'><strong>ac</strong></span> <span class='ocrx_word' id='word_1_164' title='bbox 1131 2837 1531 2890; x_wconf 77' lang='lat' dir='ltr'><strong>celebratissimi</strong></span> <span class='ocrx_word' id='word_1_165' title='bbox 1558 2832 1787 2904; x_wconf 80' lang='lat' dir='ltr'><strong>apostoli</strong></span> <span class='ocrx_word' id='word_1_166' title='bbox 1813 2842 1862 2885; x_wconf 79' lang='lat' dir='ltr'><strong>et</strong></span> <span class='ocrx_word' id='word_1_167' title='bbox 1895 2831 2141 2902; x_wconf 80' lang='lat' dir='ltr'><strong>Evange-</strong></span> 
     </span>
    </p>
   </div>
   <div class='ocr_carea' id='block_1_28' title="bbox 1001 2904 1674 2974">
    <p class='ocr_par' dir='ltr' id='par_1_28' title="bbox 1001 2904 1674 2974">
     <span class='ocr_line' id='line_1_28' title="bbox 1001 2904 1674 2974; baseline -0.007 -13"><span class='ocrx_word' id='word_1_168' title='bbox 1001 2908 1140 2962; x_wconf 70' lang='lat' dir='ltr'><strong>listaz</strong></span> <span class='ocrx_word' id='word_1_169' title='bbox 1162 2907 1386 2960; x_wconf 74' lang='lat' dir='ltr'><strong>Joannis</strong></span> <span class='ocrx_word' id='word_1_170' title='bbox 1412 2904 1674 2974; x_wconf 80' lang='lat' dir='ltr'><strong>Theologi.</strong></span> 
     </span>
    </p>
   </div>
   <div class='ocr_carea' id='block_1_29' title="bbox 603 3015 2137 3093">
    <p class='ocr_par' dir='ltr' id='par_1_29' title="bbox 603 3015 2137 3093">
     <span class='ocr_line' id='line_1_29' title="bbox 603 3015 2137 3093; baseline -0.008 -13"><span class='ocrx_word' id='word_1_171' title='bbox 603 3026 708 3093; x_wconf 92' lang='lat' dir='ltr'><strong>Qui</strong></span> <span class='ocrx_word' id='word_1_172' title='bbox 771 3037 1029 3093; x_wconf 85' lang='lat' dir='ltr'><strong>magnum</strong></span> <span class='ocrx_word' id='word_1_173' title='bbox 1097 3017 1327 3073; x_wconf 88' lang='lat' dir='ltr'><strong>tonitrui</strong></span> <span class='ocrx_word' id='word_1_174' title='bbox 1408 3017 1608 3070; x_wconf 84' lang='lat' dir='ltr'><strong>Filium</strong></span> <span class='ocrx_word' id='word_1_175' title='bbox 1671 3016 1898 3070; x_wconf 87' lang='lat' dir='ltr'><strong>laudare</strong></span> <span class='ocrx_word' id='word_1_176' title='bbox 1944 3015 2137 3086; x_wconf 83' lang='lat' dir='ltr'><strong>jubet,</strong></span> 
     </span>
    </p>
   </div>
   <div class='ocr_carea' id='block_1_30' title="bbox 545 3108 2141 3186">
    <p class='ocr_par' dir='ltr' id='par_1_30' title="bbox 545 3108 2141 3186">
     <span class='ocr_line' id='line_1_30' title="bbox 545 3108 2141 3186; baseline -0.007 -15"><span class='ocrx_word' id='word_1_177' title='bbox 545 3118 727 3186; x_wconf 86' lang='lat' dir='ltr'><strong>ipsum</strong></span> <span class='ocrx_word' id='word_1_178' title='bbox 769 3113 906 3168; x_wconf 88' lang='lat' dir='ltr'><strong>mihi</strong></span> <span class='ocrx_word' id='word_1_179' title='bbox 942 3126 1201 3181; x_wconf 85' lang='lat' dir='ltr'><strong>magnum</strong></span> <span class='ocrx_word' id='word_1_180' title='bbox 1239 3111 1338 3166; x_wconf 90' lang='lat' dir='ltr'><strong>Dei</strong></span> <span class='ocrx_word' id='word_1_181' title='bbox 1378 3109 1645 3178; x_wconf 86' lang='lat' dir='ltr'><strong>Spiritum</strong></span> <span class='ocrx_word' id='word_1_182' title='bbox 1683 3108 1940 3162; x_wconf 87' lang='lat' dir='ltr'><strong>laudibus</strong></span> <span class='ocrx_word' id='word_1_183' title='bbox 1981 3123 2141 3162; x_wconf 89' lang='lat' dir='ltr'><strong>coro-</strong></span> 
     </span>
    </p>
   </div>
   <div class='ocr_carea' id='block_1_31' title="bbox 2240 613 3826 688">
    <p class='ocr_par' dir='ltr' id='par_1_31' title="bbox 2240 613 3826 688">
     <span class='ocr_line' id='line_1_31' title="bbox 2240 613 3826 688; baseline 0.001 -19"><span class='ocrx_word' id='word_1_184' title='bbox 2240 615 2362 669; x_wconf 81' lang='grc' dir='ltr'>οὐδὲ</span> <span class='ocrx_word' id='word_1_185' title='bbox 2415 616 2523 686; x_wconf 85' lang='grc' dir='ltr'><strong>γὰρ</strong></span> <span class='ocrx_word' id='word_1_186' title='bbox 2564 613 2818 685; x_wconf 72' lang='grc' dir='ltr'>ἀνέχεται</span> <span class='ocrx_word' id='word_1_187' title='bbox 2851 632 2981 667; x_wconf 88' lang='grc' dir='ltr'>ποτε</span> <span class='ocrx_word' id='word_1_188' title='bbox 3008 614 3155 685; x_wconf 80' lang='grc' dir='ltr'>ψυχὴ</span> <span class='ocrx_word' id='word_1_189' title='bbox 3204 634 3222 682; x_wconf 64' lang='grc' dir='ltr'>ι</span> <span class='ocrx_word' id='word_1_190' title='bbox 3268 615 3574 686; x_wconf 75' lang='grc' dir='ltr'>,γαὶ-οιρυὴς,</span> <span class='ocrx_word' id='word_1_191' title='bbox 3631 634 3826 688; x_wconf 87' lang='grc' dir='ltr'>μικρο-</span> 
     </span>
    </p>
   </div>
   <div class='ocr_carea' id='block_1_32' title="bbox 2241 706 3824 785">
    <p class='ocr_par' dir='ltr' id='par_1_32' title="bbox 2241 706 3824 785">
     <span class='ocr_line' id='line_1_32' title="bbox 2241 706 3824 785; baseline 0.003 -28"><span class='ocrx_word' id='word_1_192' title='bbox 2241 707 2454 777; x_wconf 74' lang='grc' dir='ltr'>πρεπὲς</span> <span class='ocrx_word' id='word_1_193' title='bbox 2503 724 2554 759; x_wconf 86' lang='grc' dir='ltr'>τι</span> <span class='ocrx_word' id='word_1_194' title='bbox 2587 706 2774 759; x_wconf 79' lang='grc' dir='ltr'>ποθεῖν</span> <span class='ocrx_word' id='word_1_195' title='bbox 2797 722 2813 735; x_wconf 80' lang='grc'><em>’</em></span> <span class='ocrx_word' id='word_1_196' title='bbox 2855 707 2938 770; x_wconf 80' lang='grc' dir='ltr'>είς</span> <span class='ocrx_word' id='word_1_197' title='bbox 2965 706 3134 778; x_wconf 83' lang='grc' dir='ltr'>ἄν’δρα</span> <span class='ocrx_word' id='word_1_198' title='bbox 3168 706 3226 759; x_wconf 81' lang='grc' dir='ltr'>δὲ</span> <span class='ocrx_word' id='word_1_199' title='bbox 3248 706 3678 785; x_wconf 35' lang='grc' dir='ltr'>κτελειούμενος,</span> <span class='ocrx_word' id='word_1_200' title='bbox 3725 710 3824 779; x_wconf 84' lang='grc' dir='ltr'><strong>τῆς</strong></span> 
     </span>
    </p>
   </div>
   <div class='ocr_carea' id='block_1_33' title="bbox 2236 790 3824 868">
    <p class='ocr_par' dir='ltr' id='par_1_33' title="bbox 2236 790 3824 868">
     <span class='ocr_line' id='line_1_33' title="bbox 2236 790 3824 868; baseline 0.001 -20"><span class='ocrx_word' id='word_1_201' title='bbox 2236 797 2469 866; x_wconf 74' lang='grc' dir='ltr'>ἔγγιστα</span> <span class='ocrx_word' id='word_1_202' title='bbox 2520 797 2674 867; x_wconf 83' lang='grc' dir='ltr'>παρὰ</span> <span class='ocrx_word' id='word_1_203' title='bbox 2711 796 2792 868; x_wconf 80' lang='grc' dir='ltr'>τῷ</span> <span class='ocrx_word' id='word_1_204' title='bbox 2840 795 3065 850; x_wconf 81' lang='grc' dir='ltr'><strong>Βασιλεῖ</strong></span> <span class='ocrx_word' id='word_1_205' title='bbox 3099 797 3201 868; x_wconf 76' lang='grc' dir='ltr'><strong>τῆς</strong></span> <span class='ocrx_word' id='word_1_206' title='bbox 3259 790 3412 868; x_wconf 71' lang='grc' dir='ltr'>δόξης</span> <span class='ocrx_word' id='word_1_207' title='bbox 3469 801 3824 867; x_wconf 84' lang='grc' dir='ltr'>πρωτοκαθε-</span> 
     </span>
    </p>
   </div>
   <div class='ocr_carea' id='block_1_34' title="bbox 2240 888 2690 961">
    <p class='ocr_par' dir='ltr' id='par_1_34' title="bbox 2240 888 2690 961">
     <span class='ocr_line' id='line_1_34' title="bbox 2240 888 2690 961; baseline 0.002 -18"><span class='ocrx_word' id='word_1_208' title='bbox 2240 889 2400 961; x_wconf 86' lang='grc' dir='ltr'>δρίας</span> <span class='ocrx_word' id='word_1_209' title='bbox 2429 888 2690 960; x_wconf 75' lang='grc' dir='ltr'><strong>ἡξιώθης.</strong></span> 
     </span>
    </p>
   </div>
   <div class='ocr_carea' id='block_1_35' title="bbox 2311 983 3818 1056">
    <p class='ocr_par' dir='ltr' id='par_1_35' title="bbox 2311 983 3818 1056">
     <span class='ocr_line' id='line_1_35' title="bbox 2311 983 3818 1056; baseline 0.001 -20"><span class='ocrx_word' id='word_1_210' title='bbox 2311 985 2506 1054; x_wconf 80' lang='grc' dir='ltr'>Χαῖρε,</span> <span class='ocrx_word' id='word_1_211' title='bbox 2564 983 2754 1056; x_wconf 82' lang='grc' dir='ltr'><strong>μάκαρ</strong></span> <span class='ocrx_word' id='word_1_212' title='bbox 2795 983 3042 1039; x_wconf 84' lang='grc' dir='ltr'>αὐτόπτα</span> <span class='ocrx_word' id='word_1_213' title='bbox 3087 983 3180 1038; x_wconf 82' lang='grc' dir='ltr'>τοῦ</span> <span class='ocrx_word' id='word_1_214' title='bbox 3231 984 3407 1053; x_wconf 83' lang='grc' dir='ltr'>Λόγου</span> <span class='ocrx_word' id='word_1_215' title='bbox 3431 984 3528 1038; x_wconf 80' lang='grc' dir='ltr'><strong>καὶ</strong></span> <span class='ocrx_word' id='word_1_216' title='bbox 3590 984 3818 1049; x_wconf 82' lang='grc' dir='ltr'>θεόπτα,</span> 
     </span>
    </p>
   </div>
   <div class='ocr_carea' id='block_1_36' title="bbox 2238 1075 3821 1146">
    <p class='ocr_par' dir='ltr' id='par_1_36' title="bbox 2238 1075 3821 1146">
     <span class='ocr_line' id='line_1_36' title="bbox 2238 1075 3821 1146; baseline -0.001 -16"><span class='ocrx_word' id='word_1_217' title='bbox 2238 1075 2322 1130; x_wconf 82' lang='grc' dir='ltr'><strong>ὅτι</strong></span> <span class='ocrx_word' id='word_1_218' title='bbox 2359 1078 2456 1146; x_wconf 76' lang='grc' dir='ltr'><strong>τῆς</strong></span> <span class='ocrx_word' id='word_1_219' title='bbox 2507 1075 2695 1139; x_wconf 82' lang='grc' dir='ltr'>ἀλείας</span> <span class='ocrx_word' id='word_1_220' title='bbox 2746 1075 2954 1142; x_wconf 81' lang='grc' dir='ltr'>ἀλείαν,</span> <span class='ocrx_word' id='word_1_221' title='bbox 2993 1075 3097 1146; x_wconf 78' lang='grc' dir='ltr'><strong>τῆς</strong></span> <span class='ocrx_word' id='word_1_222' title='bbox 3140 1076 3441 1146; x_wconf 74' lang='grc' dir='ltr'><strong>ἐπιθυμίας</strong></span> <span class='ocrx_word' id='word_1_223' title='bbox 3496 1076 3821 1145; x_wconf 68' lang='grc' dir='ltr'>ἐπιθυμίαν,</span> 
     </span>
    </p>
   </div>
   <div class='ocr_carea' id='block_1_37' title="bbox 2239 1165 3826 1238">
    <p class='ocr_par' dir='ltr' id='par_1_37' title="bbox 2239 1165 3826 1238">
     <span class='ocr_line' id='line_1_37' title="bbox 2239 1165 3826 1238; baseline 0.003 -22"><span class='ocrx_word' id='word_1_224' title='bbox 2239 1165 2337 1217; x_wconf 81' lang='grc' dir='ltr'><strong>καὶ</strong></span> <span class='ocrx_word' id='word_1_225' title='bbox 2396 1165 2499 1234; x_wconf 81' lang='grc' dir='ltr'><strong>τῆς</strong></span> <span class='ocrx_word' id='word_1_226' title='bbox 2555 1165 2924 1236; x_wconf 79' lang='grc' dir='ltr'><strong>κληρονομίας</strong></span> <span class='ocrx_word' id='word_1_227' title='bbox 2984 1165 3351 1237; x_wconf 68' lang='grc' dir='ltr'>κληρονομίαν</span> <span class='ocrx_word' id='word_1_228' title='bbox 3421 1167 3826 1238; x_wconf 67' lang='grc' dir='ltr'><strong>ἀμειψάμενος,</strong></span> 
     </span>
    </p>
   </div>
   <div class='ocr_carea' id='block_1_38' title="bbox 2237 1258 3820 1331">
    <p class='ocr_par' dir='ltr' id='par_1_38' title="bbox 2237 1258 3820 1331">
     <span class='ocr_line' id='line_1_38' title="bbox 2237 1258 3820 1331; baseline 0.002 -22"><span class='ocrx_word' id='word_1_229' title='bbox 2237 1259 2352 1321; x_wconf 84' lang='grc' dir='ltr'>τοῖς</span> <span class='ocrx_word' id='word_1_230' title='bbox 2373 1258 2652 1321; x_wconf 77' lang='grc' dir='ltr'><strong>ἀϐεόαίοις</strong></span> <span class='ocrx_word' id='word_1_231' title='bbox 2680 1259 2750 1311; x_wconf 81' lang='grc' dir='ltr'><strong>τὰ</strong></span> <span class='ocrx_word' id='word_1_232' title='bbox 2783 1262 3038 1326; x_wconf 79' lang='grc' dir='ltr'>μένοντα,</span> <span class='ocrx_word' id='word_1_233' title='bbox 3065 1261 3161 1313; x_wconf 71' lang='grc' dir='ltr'>καὶ</span> <span class='ocrx_word' id='word_1_234' title='bbox 3186 1263 3301 1324; x_wconf 77' lang='grc' dir='ltr'>τοῖς</span> <span class='ocrx_word' id='word_1_235' title='bbox 3326 1261 3478 1312; x_wconf 78' lang='grc' dir='ltr'>κάτω</span> <span class='ocrx_word' id='word_1_236' title='bbox 3509 1263 3604 1312; x_wconf 82' lang='grc' dir='ltr'><strong>καὶ</strong></span> <span class='ocrx_word' id='word_1_237' title='bbox 3633 1261 3820 1331; x_wconf 80' lang='grc' dir='ltr'><strong>ῥέουσι</strong></span> 
     </span>
    </p>
   </div>
   <div class='ocr_carea' id='block_1_39' title="bbox 2237 1349 3623 1422">
    <p class='ocr_par' dir='ltr' id='par_1_39' title="bbox 2237 1349 3623 1422">
     <span class='ocr_line' id='line_1_39' title="bbox 2237 1349 3623 1422; baseline 0.004 -20"><span class='ocrx_word' id='word_1_238' title='bbox 2237 1349 2307 1402; x_wconf 79' lang='grc' dir='ltr'>τὰ</span> <span class='ocrx_word' id='word_1_239' title='bbox 2335 1350 2565 1421; x_wconf 75' lang='grc' dir='ltr'>οὐράνια</span> <span class='ocrx_word' id='word_1_240' title='bbox 2593 1353 2936 1422; x_wconf 78' lang='grc' dir='ltr'>κατεκτήσω,</span> <span class='ocrx_word' id='word_1_241' title='bbox 2959 1353 3051 1406; x_wconf 77' lang='grc' dir='ltr'>καὶ</span> <span class='ocrx_word' id='word_1_242' title='bbox 3070 1350 3145 1422; x_wconf 69' lang='grc' dir='ltr'>μὴ</span> <span class='ocrx_word' id='word_1_243' title='bbox 3187 1352 3623 1422; x_wconf 83' lang='grc' dir='ltr'><strong>μεταπίπτοντα.</strong></span> 
     </span>
    </p>
   </div>
   <div class='ocr_carea' id='block_1_40' title="bbox 2311 1531 3825 1606">
    <p class='ocr_par' dir='ltr' id='par_1_40' title="bbox 2311 1531 3825 1606">
     <span class='ocr_line' id='line_1_40' title="bbox 2311 1531 3825 1606; baseline 0.003 -23"><span class='ocrx_word' id='word_1_244' title='bbox 2311 1533 2504 1602; x_wconf 81' lang='grc' dir='ltr'>Χαῖρε,</span> <span class='ocrx_word' id='word_1_245' title='bbox 2549 1531 2736 1602; x_wconf 81' lang='grc' dir='ltr'>ὥσπερ</span> <span class='ocrx_word' id='word_1_246' title='bbox 2795 1533 2938 1600; x_wconf 70' lang='grc' dir='ltr'>μετὰ</span> <span class='ocrx_word' id='word_1_247' title='bbox 2969 1533 3224 1603; x_wconf 81' lang='grc' dir='ltr'>σώματος</span> <span class='ocrx_word' id='word_1_248' title='bbox 3284 1534 3503 1603; x_wconf 82' lang='grc' dir='ltr'>ἀμέσως</span> <span class='ocrx_word' id='word_1_249' title='bbox 3530 1535 3609 1606; x_wconf 77' lang='grc' dir='ltr'>τῷ</span> <span class='ocrx_word' id='word_1_250' title='bbox 3651 1534 3825 1587; x_wconf 82' lang='grc' dir='ltr'>Θεαν-</span> 
     </span>
    </p>
   </div>
   <div class='ocr_carea' id='block_1_41' title="bbox 2240 1622 3824 1693">
    <p class='ocr_par' dir='ltr' id='par_1_41' title="bbox 2240 1622 3824 1693">
     <span class='ocr_line' id='line_1_41' title="bbox 2240 1622 3824 1693; baseline 0 -19"><span class='ocrx_word' id='word_1_251' title='bbox 2240 1623 2445 1693; x_wconf 83' lang='grc' dir='ltr'>θρώπῳ</span> <span class='ocrx_word' id='word_1_252' title='bbox 2488 1623 2858 1693; x_wconf 81' lang='grc' dir='ltr'>προσωμίλεις</span> <span class='ocrx_word' id='word_1_253' title='bbox 2917 1625 3044 1693; x_wconf 74' lang='grc' dir='ltr'>πρὶν</span> <span class='ocrx_word' id='word_1_254' title='bbox 3099 1625 3191 1677; x_wconf 74' lang='grc' dir='ltr'><strong>ἐπὶ</strong></span> <span class='ocrx_word' id='word_1_255' title='bbox 3225 1623 3350 1692; x_wconf 81' lang='grc' dir='ltr'>γῆς,</span> <span class='ocrx_word' id='word_1_256' title='bbox 3401 1622 3545 1676; x_wconf 75' lang='grc' dir='ltr'>οὕτω</span> <span class='ocrx_word' id='word_1_257' title='bbox 3611 1624 3707 1678; x_wconf 82' lang='grc' dir='ltr'><strong>νῦν</strong></span> <span class='ocrx_word' id='word_1_258' title='bbox 3742 1624 3824 1692; x_wconf 81' lang='grc' dir='ltr'>τῷ</span> 
     </span>
    </p>
   </div>
   <div class='ocr_carea' id='block_1_42' title="bbox 2240 1714 3823 1786">
    <p class='ocr_par' dir='ltr' id='par_1_42' title="bbox 2240 1714 3823 1786">
     <span class='ocr_line' id='line_1_42' title="bbox 2240 1714 3823 1786; baseline 0.001 -19"><span class='ocrx_word' id='word_1_259' title='bbox 2240 1714 2390 1783; x_wconf 74' lang='grc' dir='ltr'>αὐτῷ</span> <span class='ocrx_word' id='word_1_260' title='bbox 2450 1715 2736 1784; x_wconf 67' lang='grc' dir='ltr'>προσεχῶς</span> <span class='ocrx_word' id='word_1_261' title='bbox 2804 1715 2862 1766; x_wconf 80' lang='grc' dir='ltr'><strong>ὲν</strong></span> <span class='ocrx_word' id='word_1_262' title='bbox 2937 1715 3015 1785; x_wconf 77' lang='grc' dir='ltr'><strong>τῷ</strong></span> <span class='ocrx_word' id='word_1_263' title='bbox 3079 1715 3357 1785; x_wconf 73' lang='grc' dir='ltr'>πνεὺματι</span> <span class='ocrx_word' id='word_1_264' title='bbox 3405 1717 3823 1786; x_wconf 74' lang='grc' dir='ltr'>συμφυόμενος,</span> 
     </span>
    </p>
   </div>
   <div class='ocr_carea' id='block_1_43' title="bbox 2241 1809 3826 1880">
    <p class='ocr_par' dir='ltr' id='par_1_43' title="bbox 2241 1809 3826 1880">
     <span class='ocr_line' id='line_1_43' title="bbox 2241 1809 3826 1880; baseline 0.002 -20"><span class='ocrx_word' id='word_1_265' title='bbox 2241 1809 2539 1879; x_wconf 87' lang='grc' dir='ltr'>πρόσωπον</span> <span class='ocrx_word' id='word_1_266' title='bbox 2572 1809 2708 1878; x_wconf 82' lang='grc' dir='ltr'>πρὸς</span> <span class='ocrx_word' id='word_1_267' title='bbox 2742 1809 3037 1880; x_wconf 84' lang='grc' dir='ltr'>πρόσωπον</span> <span class='ocrx_word' id='word_1_268' title='bbox 3060 1810 3415 1878; x_wconf 78' lang='grc' dir='ltr'>ὲντυγχάνεις</span> <span class='ocrx_word' id='word_1_269' title='bbox 3443 1810 3501 1862; x_wconf 80' lang='grc' dir='ltr'><strong>ὲν</strong></span> <span class='ocrx_word' id='word_1_270' title='bbox 3519 1812 3633 1872; x_wconf 84' lang='grc' dir='ltr'>τοῖς</span> <span class='ocrx_word' id='word_1_271' title='bbox 3656 1811 3714 1861; x_wconf 72' lang='grc' dir='ltr'><strong>οὐ</strong></span> <span class='ocrx_word' id='word_1_272' title='bbox 3726 1826 3826 1880; x_wconf 81' lang='grc' dir='ltr'>ρα-</span> 
     </span>
    </p>
   </div>
   <div class='ocr_carea' id='block_1_44' title="bbox 2166 1881 2369 1963">
    <p class='ocr_par' dir='ltr' id='par_1_44' title="bbox 2166 1881 2369 1963">
     <span class='ocr_line' id='line_1_44' title="bbox 2166 1881 2369 1963; baseline 0.01 -10"><span class='ocrx_word' id='word_1_273' title='bbox 2166 1881 2210 1934; x_wconf 76' lang='lat' dir='ltr'><strong>B</strong></span> <span class='ocrx_word' id='word_1_274' title='bbox 2239 1903 2369 1963; x_wconf 87' lang='grc' dir='ltr'>νοῖς.</span> 
     </span>
    </p>
   </div>
   <div class='ocr_carea' id='block_1_45' title="bbox 2309 1991 3820 2064">
    <p class='ocr_par' dir='ltr' id='par_1_45' title="bbox 2309 1991 3820 2064">
     <span class='ocr_line' id='line_1_45' title="bbox 2309 1991 3820 2064; baseline 0 -19"><span class='ocrx_word' id='word_1_275' title='bbox 2309 1993 2482 2061; x_wconf 83' lang='grc' dir='ltr'>Χαῖρε</span> <span class='ocrx_word' id='word_1_276' title='bbox 2531 1991 2629 2044; x_wconf 70' lang='grc' dir='ltr'><strong>καὶ</strong></span> <span class='ocrx_word' id='word_1_277' title='bbox 2682 1991 3079 2062; x_wconf 77' lang='grc' dir='ltr'>κατευφραίνου</span> <span class='ocrx_word' id='word_1_278' title='bbox 3118 1993 3176 2044; x_wconf 83' lang='grc' dir='ltr'><strong>ὲν</strong></span> <span class='ocrx_word' id='word_1_279' title='bbox 3227 1993 3421 2064; x_wconf 82' lang='grc' dir='ltr'>Κυρίῳ</span> <span class='ocrx_word' id='word_1_280' title='bbox 3459 1991 3537 2063; x_wconf 83' lang='grc' dir='ltr'>τῷ</span> <span class='ocrx_word' id='word_1_281' title='bbox 3569 1993 3687 2062; x_wconf 85' lang='grc' dir='ltr'><strong>Θεῷ</strong></span> <span class='ocrx_word' id='word_1_282' title='bbox 3725 2011 3820 2046; x_wconf 91' lang='grc' dir='ltr'><strong>σου</strong></span> 
     </span>
    </p>
   </div>
   <div class='ocr_carea' id='block_1_46' title="bbox 2237 2084 3820 2156">
    <p class='ocr_par' dir='ltr' id='par_1_46' title="bbox 2237 2084 3820 2156">
     <span class='ocr_line' id='line_1_46' title="bbox 2237 2084 3820 2156; baseline 0.001 -19"><span class='ocrx_word' id='word_1_283' title='bbox 2237 2087 2332 2137; x_wconf 76' lang='grc' dir='ltr'>καὶ</span> <span class='ocrx_word' id='word_1_284' title='bbox 2357 2084 2569 2154; x_wconf 78' lang='grc' dir='ltr'>βασιλεῖ</span> <span class='ocrx_word' id='word_1_285' title='bbox 2593 2102 2687 2136; x_wconf 92' lang='grc' dir='ltr'><strong>σου</strong></span> <span class='ocrx_word' id='word_1_286' title='bbox 2709 2101 2723 2116; x_wconf 75' lang='grc' dir='ltr'><strong>ο</strong></span> <span class='ocrx_word' id='word_1_287' title='bbox 2749 2085 2846 2137; x_wconf 69' lang='grc' dir='ltr'>καὶ</span> <span class='ocrx_word' id='word_1_288' title='bbox 2874 2087 3024 2156; x_wconf 77' lang='grc' dir='ltr'><strong>ἡμᾶς</strong></span> <span class='ocrx_word' id='word_1_289' title='bbox 3043 2085 3368 2148; x_wconf 76' lang='grc' dir='ltr'>ἐποπτεύοις</span> <span class='ocrx_word' id='word_1_290' title='bbox 3392 2086 3596 2139; x_wconf 76' lang='grc' dir='ltr'>ἄνωθεν</span> <span class='ocrx_word' id='word_1_291' title='bbox 3630 2087 3820 2149; x_wconf 74' lang='grc' dir='ltr'>ῖλειυςο</span> 
     </span>
    </p>
   </div>
   <div class='ocr_carea' id='block_1_47' title="bbox 2236 2171 3822 2250">
    <p class='ocr_par' dir='ltr' id='par_1_47' title="bbox 2236 2171 3822 2250">
     <span class='ocr_line' id='line_1_47' title="bbox 2236 2171 3822 2250; baseline 0 -18"><span class='ocrx_word' id='word_1_292' title='bbox 2236 2178 2468 2232; x_wconf 78' lang='grc' dir='ltr'><strong>ἄσπιλον</strong></span> <span class='ocrx_word' id='word_1_293' title='bbox 2505 2179 2562 2230; x_wconf 82' lang='grc' dir='ltr'>δὲ</span> <span class='ocrx_word' id='word_1_294' title='bbox 2596 2177 2689 2229; x_wconf 76' lang='grc' dir='ltr'><strong>καὶ</strong></span> <span class='ocrx_word' id='word_1_295' title='bbox 2749 2178 2982 2250; x_wconf 75' lang='grc' dir='ltr'>ἄμωμον</span> <span class='ocrx_word' id='word_1_296' title='bbox 3037 2180 3190 2250; x_wconf 78' lang='grc' dir='ltr'>ἡμῖν,</span> <span class='ocrx_word' id='word_1_297' title='bbox 3217 2171 3262 2231; x_wconf 82' lang='grc' dir='ltr'><strong>ὦ</strong></span> <span class='ocrx_word' id='word_1_298' title='bbox 3307 2177 3822 2250; x_wconf 72' lang='grc' dir='ltr'>τρισμακαριώτατε</span> 
     </span>
    </p>
   </div>
   <div class='ocr_carea' id='block_1_48' title="bbox 2235 2267 3828 2340">
    <p class='ocr_par' dir='ltr' id='par_1_48' title="bbox 2235 2267 3828 2340">
     <span class='ocr_line' id='line_1_48' title="bbox 2235 2267 3828 2340; baseline 0.002 -20"><span class='ocrx_word' id='word_1_299' title='bbox 2235 2267 2346 2321; x_wconf 82' lang='grc' dir='ltr'>τῶν</span> <span class='ocrx_word' id='word_1_300' title='bbox 2410 2270 2755 2335; x_wconf 81' lang='grc' dir='ltr'><strong>ἀποστόλων,</strong></span> <span class='ocrx_word' id='word_1_301' title='bbox 2810 2271 2904 2323; x_wconf 85' lang='grc' dir='ltr'><strong>καὶ</strong></span> <span class='ocrx_word' id='word_1_302' title='bbox 2948 2271 3045 2340; x_wconf 84' lang='grc' dir='ltr'><strong>τῆς</strong></span> <span class='ocrx_word' id='word_1_303' title='bbox 3091 2269 3185 2323; x_wconf 83' lang='grc' dir='ltr'><strong>τοῦ</strong></span> <span class='ocrx_word' id='word_1_304' title='bbox 3235 2270 3327 2323; x_wconf 84' lang='grc' dir='ltr'><strong>νῦν</strong></span> <span class='ocrx_word' id='word_1_305' title='bbox 3377 2269 3572 2332; x_wconf 82' lang='grc' dir='ltr'>αἰῶνος</span> <span class='ocrx_word' id='word_1_306' title='bbox 3623 2272 3828 2333; x_wconf 78' lang='grc' dir='ltr'>κακίας</span> 
     </span>
    </p>
   </div>
   <div class='ocr_carea' id='block_1_49' title="bbox 2238 2359 3821 2434">
    <p class='ocr_par' dir='ltr' id='par_1_49' title="bbox 2238 2359 3821 2434">
     <span class='ocr_line' id='line_1_49' title="bbox 2238 2359 3821 2434; baseline 0 -20"><span class='ocrx_word' id='word_1_307' title='bbox 2238 2360 2595 2414; x_wconf 77' lang='grc' dir='ltr'>ἀνεπίϐουλον</span> <span class='ocrx_word' id='word_1_308' title='bbox 2682 2359 3188 2434; x_wconf 75' lang='grc' dir='ltr'>[ἀνεπιϐούλευτον]</span> <span class='ocrx_word' id='word_1_309' title='bbox 3248 2361 3665 2433; x_wconf 75' lang='grc' dir='ltr'>δια-τετηρηκὼς</span> <span class='ocrx_word' id='word_1_310' title='bbox 3717 2363 3821 2431; x_wconf 81' lang='grc' dir='ltr'>τὴν</span> 
     </span>
    </p>
   </div>
   <div class='ocr_carea' id='block_1_50' title="bbox 2235 2453 3823 2525">
    <p class='ocr_par' dir='ltr' id='par_1_50' title="bbox 2235 2453 3823 2525">
     <span class='ocr_line' id='line_1_50' title="bbox 2235 2453 3823 2525; baseline 0.001 -21"><span class='ocrx_word' id='word_1_311' title='bbox 2235 2453 2437 2524; x_wconf 77' lang='grc' dir='ltr'>ψυχὴν,</span> <span class='ocrx_word' id='word_1_312' title='bbox 2484 2454 2750 2523; x_wconf 88' lang='grc' dir='ltr'>ἀμίαντον</span> <span class='ocrx_word' id='word_1_313' title='bbox 2778 2457 3165 2524; x_wconf 79' lang='grc' dir='ltr'>παραστήσαις</span> <span class='ocrx_word' id='word_1_314' title='bbox 3200 2453 3278 2525; x_wconf 83' lang='grc' dir='ltr'><strong>τῷ</strong></span> <span class='ocrx_word' id='word_1_315' title='bbox 3302 2454 3540 2525; x_wconf 74' lang='grc' dir='ltr'>δεσπότῃ</span> <span class='ocrx_word' id='word_1_316' title='bbox 3574 2455 3823 2523; x_wconf 84' lang='grc' dir='ltr'>Χριστῷ,</span> 
     </span>
    </p>
   </div>
   <div class='ocr_carea' id='block_1_51' title="bbox 2237 2546 3826 2618">
    <p class='ocr_par' dir='ltr' id='par_1_51' title="bbox 2237 2546 3826 2618">
     <span class='ocr_line' id='line_1_51' title="bbox 2237 2546 3826 2618; baseline 0.001 -20"><span class='ocrx_word' id='word_1_317' title='bbox 2237 2547 2319 2610; x_wconf 84' lang='grc' dir='ltr'>εἰς</span> <span class='ocrx_word' id='word_1_318' title='bbox 2348 2546 2506 2610; x_wconf 80' lang='grc' dir='ltr'>δόξαν</span> <span class='ocrx_word' id='word_1_319' title='bbox 2536 2547 2751 2617; x_wconf 55' lang='lat' dir='ltr'><strong>nam;</strong></span> <span class='ocrx_word' id='word_1_320' title='bbox 2776 2549 2870 2599; x_wconf 76' lang='grc' dir='ltr'><strong>καὶ</strong></span> <span class='ocrx_word' id='word_1_321' title='bbox 2891 2547 3021 2600; x_wconf 86' lang='grc' dir='ltr'><strong>Υίοῦ</strong></span> <span class='ocrx_word' id='word_1_322' title='bbox 3047 2549 3141 2600; x_wconf 80' lang='grc' dir='ltr'><strong>καὶ</strong></span> <span class='ocrx_word' id='word_1_323' title='bbox 3179 2547 3335 2616; x_wconf 81' lang='grc' dir='ltr'>ἁγίου</span> <span class='ocrx_word' id='word_1_324' title='bbox 3373 2547 3717 2618; x_wconf 83' lang='grc' dir='ltr'>Πνεύματος,</span> <span class='ocrx_word' id='word_1_325' title='bbox 3743 2548 3826 2611; x_wconf 83' lang='grc' dir='ltr'>εἰς</span> 
     </span>
    </p>
   </div>
   <div class='ocr_carea' id='block_1_52' title="bbox 2237 2638 3225 2711">
    <p class='ocr_par' dir='ltr' id='par_1_52' title="bbox 2237 2638 3225 2711">
     <span class='ocr_line' id='line_1_52' title="bbox 2237 2638 3225 2711; baseline 0.004 -21"><span class='ocrx_word' id='word_1_326' title='bbox 2237 2638 2365 2702; x_wconf 80' lang='grc' dir='ltr'>τοὺς</span> <span class='ocrx_word' id='word_1_327' title='bbox 2397 2639 2600 2700; x_wconf 80' lang='grc' dir='ltr'>αἰῶνας</span> <span class='ocrx_word' id='word_1_328' title='bbox 2628 2639 2736 2692; x_wconf 83' lang='grc' dir='ltr'>τῶν</span> <span class='ocrx_word' id='word_1_329' title='bbox 2757 2638 2992 2692; x_wconf 79' lang='grc' dir='ltr'>αἰώνων.</span> <span class='ocrx_word' id='word_1_330' title='bbox 3028 2641 3085 2692; x_wconf 83' lang='grc' dir='ltr'>Ἀ</span> <span class='ocrx_word' id='word_1_331' title='bbox 3097 2643 3225 2711; x_wconf 76' lang='grc' dir='ltr'><strong>μήν.</strong></span> 
     </span>
    </p>
   </div>
   <div class='ocr_carea' id='block_1_53' title="bbox 2842 2755 3201 2822">
    <p class='ocr_par' dir='ltr' id='par_1_53' title="bbox 2842 2755 3201 2822">
     <span class='ocr_line' id='line_1_53' title="bbox 2842 2755 3201 2822; baseline -0.003 -14"><span class='ocrx_word' id='word_1_332' title='bbox 2842 2755 3066 2808; x_wconf 79' lang='grc' dir='ltr'>ΛΟΓΟΣ</span> <span class='ocrx_word' id='word_1_333' title='bbox 3107 2757 3201 2822; x_wconf 73' lang='lat' dir='ltr'><strong>q&#39;.</strong></span> 
     </span>
    </p>
   </div>
   <div class='ocr_carea' id='block_1_54' title="bbox 2234 2847 3827 2919">
    <p class='ocr_par' dir='ltr' id='par_1_54' title="bbox 2234 2847 3827 2919">
     <span class='ocr_line' id='line_1_54' title="bbox 2234 2847 3827 2919; baseline 0.001 -19"><span class='ocrx_word' id='word_1_334' title='bbox 2234 2848 2340 2914; x_wconf 79' lang='grc' dir='ltr'><strong>Εἰς</strong></span> <span class='ocrx_word' id='word_1_335' title='bbox 2370 2847 2466 2900; x_wconf 70' lang='grc' dir='ltr'>τὸν</span> <span class='ocrx_word' id='word_1_336' title='bbox 2527 2847 2701 2913; x_wconf 72' lang='grc' dir='ltr'>ἅγιον</span> <span class='ocrx_word' id='word_1_337' title='bbox 2759 2847 2856 2899; x_wconf 83' lang='grc' dir='ltr'>καὶ</span> <span class='ocrx_word' id='word_1_338' title='bbox 2905 2849 3303 2919; x_wconf 62' lang='grc' dir='ltr'>πανεύφημον</span> <span class='ocrx_word' id='word_1_339' title='bbox 3346 2849 3698 2904; x_wconf 77' lang='grc' dir='ltr'>ἀπόστολον</span> <span class='ocrx_word' id='word_1_340' title='bbox 3725 2849 3827 2904; x_wconf 80' lang='grc' dir='ltr'><strong>καί</strong></span> 
     </span>
    </p>
   </div>
   <div class='ocr_carea' id='block_1_55' title="bbox 2381 2918 3679 2989">
    <p class='ocr_par' dir='ltr' id='par_1_55' title="bbox 2381 2918 3679 2989">
     <span class='ocr_line' id='line_1_55' title="bbox 2381 2918 3679 2989; baseline 0.002 -18"><span class='ocrx_word' id='word_1_341' title='bbox 2381 2919 2830 2986; x_wconf 74' lang='grc' dir='ltr'>εὐαγγελιστίιν</span> <span class='ocrx_word' id='word_1_342' title='bbox 2895 2918 3193 2986; x_wconf 74' lang='grc' dir='ltr'>Ἰωάννην</span> <span class='ocrx_word' id='word_1_343' title='bbox 3225 2919 3322 2972; x_wconf 83' lang='grc' dir='ltr'><strong>τόν</strong></span> <span class='ocrx_word' id='word_1_344' title='bbox 3358 2923 3679 2989; x_wconf 75' lang='grc' dir='ltr'>Θεολότοιο.</span> 
     </span>
    </p>
   </div>
   <div class='ocr_carea' id='block_1_56' title="bbox 2322 3031 3823 3104">
    <p class='ocr_par' dir='ltr' id='par_1_56' title="bbox 2322 3031 3823 3104">
     <span class='ocr_line' id='line_1_56' title="bbox 2322 3031 3823 3104; baseline -0.001 -18"><span class='ocrx_word' id='word_1_345' title='bbox 2322 3032 2385 3086; x_wconf 85' lang='lat'><strong>&#39;0</strong></span> <span class='ocrx_word' id='word_1_346' title='bbox 2410 3032 2502 3086; x_wconf 80' lang='grc' dir='ltr'>τὸν</span> <span class='ocrx_word' id='word_1_347' title='bbox 2548 3032 2722 3101; x_wconf 77' lang='grc' dir='ltr'>μέγαν</span> <span class='ocrx_word' id='word_1_348' title='bbox 2749 3031 2847 3101; x_wconf 83' lang='grc' dir='ltr'><strong>τῆς</strong></span> <span class='ocrx_word' id='word_1_349' title='bbox 2885 3031 3114 3103; x_wconf 85' lang='grc' dir='ltr'>βροντῆς</span> <span class='ocrx_word' id='word_1_350' title='bbox 3163 3033 3320 3099; x_wconf 84' lang='grc' dir='ltr'>γόνον</span> <span class='ocrx_word' id='word_1_351' title='bbox 3379 3034 3823 3104; x_wconf 76' lang='grc' dir='ltr'>προτρεπόμενος</span> 
     </span>
    </p>
   </div>
   <div class='ocr_carea' id='block_1_57' title="bbox 2241 3123 3828 3196">
    <p class='ocr_par' dir='ltr' id='par_1_57' title="bbox 2241 3123 3828 3196">
     <span class='ocr_line' id='line_1_57' title="bbox 2241 3123 3828 3196; baseline -0.001 -17"><span class='ocrx_word' id='word_1_352' title='bbox 2241 3125 2510 3189; x_wconf 77' lang='grc' dir='ltr'>ἐπαινεῖν,</span> <span class='ocrx_word' id='word_1_353' title='bbox 2543 3123 2673 3175; x_wconf 82' lang='grc' dir='ltr'>αὑτό</span> <span class='ocrx_word' id='word_1_354' title='bbox 2703 3140 2794 3190; x_wconf 87' lang='grc' dir='ltr'>μοι</span> <span class='ocrx_word' id='word_1_355' title='bbox 2831 3124 2980 3177; x_wconf 80' lang='grc' dir='ltr'>δοκεῖ</span> <span class='ocrx_word' id='word_1_356' title='bbox 3017 3124 3080 3177; x_wconf 79' lang='grc' dir='ltr'><strong>τὸ</strong></span> <span class='ocrx_word' id='word_1_357' title='bbox 3106 3124 3256 3194; x_wconf 82' lang='grc' dir='ltr'>μέγα</span> <span class='ocrx_word' id='word_1_358' title='bbox 3283 3123 3378 3178; x_wconf 81' lang='grc' dir='ltr'>τοῦ</span> <span class='ocrx_word' id='word_1_359' title='bbox 3429 3124 3565 3178; x_wconf 85' lang='grc' dir='ltr'><strong>Θεοῦ</strong></span> <span class='ocrx_word' id='word_1_360' title='bbox 3599 3125 3828 3196; x_wconf 80' lang='grc' dir='ltr'>Πνεῦμα</span> 
     </span>
    </p>
   </div>
   <div class='ocr_carea' id='block_1_58' title="bbox 545 3202 2139 3288">
    <p class='ocr_par' dir='ltr' id='par_1_58' title="bbox 545 3202 2139 3279">
     <span class='ocr_line' id='line_1_58' title="bbox 545 3202 2139 3279; baseline -0.006 -16"><span class='ocrx_word' id='word_1_361' title='bbox 545 3225 678 3263; x_wconf 87' lang='lat' dir='ltr'><strong>nare</strong></span> <span class='ocrx_word' id='word_1_362' title='bbox 713 3208 911 3279; x_wconf 85' lang='lat' dir='ltr'><strong>jubere</strong></span> <span class='ocrx_word' id='word_1_363' title='bbox 937 3204 1193 3269; x_wconf 88' lang='lat' dir='ltr'><strong>videtur;</strong></span> <span class='ocrx_word' id='word_1_364' title='bbox 1231 3217 1343 3272; x_wconf 90' lang='lat' dir='ltr'><strong>quo</strong></span> <span class='ocrx_word' id='word_1_365' title='bbox 1386 3202 1476 3258; x_wconf 92' lang='lat' dir='ltr'><strong>ille</strong></span> <span class='ocrx_word' id='word_1_366' title='bbox 1518 3203 1861 3269; x_wconf 85' lang='lat' dir='ltr'><strong>compositus</strong></span> <span class='ocrx_word' id='word_1_367' title='bbox 1900 3217 1963 3255; x_wconf 88' lang='lat' dir='ltr'><strong>ac</strong></span> <span class='ocrx_word' id='word_1_368' title='bbox 2003 3218 2139 3256; x_wconf 80' lang='lat' dir='ltr'><strong>con-</strong></span> 
     </span>
    </p>
   </div>
   <div class='ocr_carea' id='block_1_59' title="bbox 2241 3202 3830 3288">
    <p class='ocr_par' dir='ltr' id='par_1_59' title="bbox 2244 3210 3830 3288">
     <span class='ocr_line' id='line_1_59' title="bbox 2244 3210 3830 3288; baseline 0.001 -20"><span class='ocrx_word' id='word_1_369' title='bbox 2244 3218 2536 3286; x_wconf 80' lang='grc' dir='ltr'>παραινεῖν</span> <span class='ocrx_word' id='word_1_370' title='bbox 2581 3217 2828 3268; x_wconf 77' lang='grc' dir='ltr'>ἐπαινεῖν</span> <span class='ocrx_word' id='word_1_371' title='bbox 2857 3232 2871 3246; x_wconf 75' lang='grc' dir='ltr'><strong><em>ο</em></strong></span> <span class='ocrx_word' id='word_1_372' title='bbox 2903 3210 2948 3284; x_wconf 84' lang='grc' dir='ltr'>ᾦ</span> <span class='ocrx_word' id='word_1_373' title='bbox 3002 3215 3405 3288; x_wconf 78' lang='grc' dir='ltr'>ῥυθμιζόμενος</span> <span class='ocrx_word' id='word_1_374' title='bbox 3461 3219 3672 3280; x_wconf 80' lang='grc' dir='ltr'>ἐκεῖνος</span> <span class='ocrx_word' id='word_1_375' title='bbox 3731 3220 3830 3272; x_wconf 76' lang='grc' dir='ltr'><strong>καὶ</strong></span> 
     </span>
    </p>
   </div>
   <div class='ocr_carea' id='block_1_60' title="bbox 545 3295 2146 3366">
    <p class='ocr_par' dir='ltr' id='par_1_60' title="bbox 545 3295 2146 3366">
     <span class='ocr_line' id='line_1_60' title="bbox 545 3295 2146 3366; baseline -0.004 -10"><span class='ocrx_word' id='word_1_376' title='bbox 545 3303 709 3357; x_wconf 87' lang='lat' dir='ltr'><strong>cinne</strong></span> <span class='ocrx_word' id='word_1_377' title='bbox 739 3300 997 3366; x_wconf 88' lang='lat' dir='ltr'><strong>collisus,</strong></span> <span class='ocrx_word' id='word_1_378' title='bbox 1029 3297 1224 3352; x_wconf 90' lang='lat' dir='ltr'><strong>orbem</strong></span> <span class='ocrx_word' id='word_1_379' title='bbox 1255 3305 1532 3350; x_wconf 90' lang='lat' dir='ltr'><strong>terrarum</strong></span> <span class='ocrx_word' id='word_1_380' title='bbox 1579 3295 1645 3349; x_wconf 89' lang='lat' dir='ltr'><strong>ad</strong></span> <span class='ocrx_word' id='word_1_381' title='bbox 1675 3311 1834 3350; x_wconf 88' lang='lat' dir='ltr'><strong>suum</strong></span> <span class='ocrx_word' id='word_1_382' title='bbox 1870 3297 2146 3349; x_wconf 85' lang='lat' dir='ltr'><strong>convertit</strong></span> 
     </span>
    </p>
   </div>
   <div class='ocr_carea' id='block_1_61' title="bbox 544 3386 2143 3448">
    <p class='ocr_par' dir='ltr' id='par_1_61' title="bbox 544 3386 2143 3448">
     <span class='ocr_line' id='line_1_61' title="bbox 544 3386 2143 3448; baseline -0.004 -1"><span class='ocrx_word' id='word_1_383' title='bbox 544 3408 741 3448; x_wconf 87' lang='lat' dir='ltr'><strong>sonum</strong></span> <span class='ocrx_word' id='word_1_384' title='bbox 767 3395 831 3446; x_wconf 82' lang='lat'><strong>&quot;.</strong></span> <span class='ocrx_word' id='word_1_385' title='bbox 848 3390 907 3444; x_wconf 83' lang='lat' dir='ltr'><strong>Id</strong></span> <span class='ocrx_word' id='word_1_386' title='bbox 923 3405 1053 3445; x_wconf 90' lang='lat' dir='ltr'><strong>vero</strong></span> <span class='ocrx_word' id='word_1_387' title='bbox 1074 3397 1288 3446; x_wconf 85' lang='lat' dir='ltr'><strong>tantum</strong></span> <span class='ocrx_word' id='word_1_388' title='bbox 1313 3390 1583 3443; x_wconf 86' lang='lat' dir='ltr'><strong>sermonis</strong></span> <span class='ocrx_word' id='word_1_389' title='bbox 1622 3387 1796 3442; x_wconf 88' lang='lat' dir='ltr'><strong>nostri</strong></span> <span class='ocrx_word' id='word_1_390' title='bbox 1826 3386 2143 3442; x_wconf 79' lang='lat' dir='ltr'><strong>facultatem</strong></span> 
     </span>
    </p>
   </div>
   <div class='ocr_carea' id='block_1_62' title="bbox 545 3476 2145 3556">
    <p class='ocr_par' dir='ltr' id='par_1_62' title="bbox 545 3476 2145 3556">
     <span class='ocr_line' id='line_1_62' title="bbox 545 3476 2145 3556; baseline -0.005 -16"><span class='ocrx_word' id='word_1_391' title='bbox 545 3492 807 3556; x_wconf 88' lang='lat' dir='ltr'><strong>superat,</strong></span> <span class='ocrx_word' id='word_1_392' title='bbox 844 3491 1112 3554; x_wconf 88' lang='lat' dir='ltr'><strong>quantum</strong></span> <span class='ocrx_word' id='word_1_393' title='bbox 1132 3494 1190 3538; x_wconf 84' lang='lat' dir='ltr'><strong>et</strong></span> <span class='ocrx_word' id='word_1_394' title='bbox 1208 3483 1461 3536; x_wconf 74' lang='lat' dir='ltr'><strong>humanae</strong></span> <span class='ocrx_word' id='word_1_395' title='bbox 1487 3482 1596 3534; x_wconf 92' lang='lat' dir='ltr'><strong>vim</strong></span> <span class='ocrx_word' id='word_1_396' title='bbox 1632 3476 2145 3549; x_wconf 85' lang='lat' dir='ltr'><strong>comprehensionis</strong></span> 
     </span>
    </p>
   </div>
   <div class='ocr_carea' id='block_1_63' title="bbox 535 3567 2142 3642">
    <p class='ocr_par' dir='ltr' id='par_1_63' title="bbox 535 3567 2142 3642">
     <span class='ocr_line' id='line_1_63' title="bbox 535 3567 2142 3642; baseline -0.006 -10"><span class='ocrx_word' id='word_1_397' title='bbox 535 3577 775 3633; x_wconf 79' lang='lat' dir='ltr'><strong>excedit.</strong></span> <span class='ocrx_word' id='word_1_398' title='bbox 810 3575 948 3630; x_wconf 89' lang='lat' dir='ltr'><strong>Cum</strong></span> <span class='ocrx_word' id='word_1_399' title='bbox 982 3575 1129 3629; x_wconf 82' lang='lat' dir='ltr'><strong>enim</strong></span> <span class='ocrx_word' id='word_1_400' title='bbox 1158 3575 1401 3628; x_wconf 84' lang='lat' dir='ltr'><strong>sonitum</strong></span> <span class='ocrx_word' id='word_1_401' title='bbox 1436 3574 1604 3637; x_wconf 85' lang='lat' dir='ltr'><strong>hunc,</strong></span> <span class='ocrx_word' id='word_1_402' title='bbox 1622 3570 1716 3642; x_wconf 85' lang='lat' dir='ltr'><strong>qui</strong></span> <span class='ocrx_word' id='word_1_403' title='bbox 1753 3586 1915 3628; x_wconf 79' lang='lat' dir='ltr'><strong>sensu</strong></span> <span class='ocrx_word' id='word_1_404' title='bbox 1934 3567 2142 3638; x_wconf 86' lang='lat' dir='ltr'><strong>percipi</strong></span> 
     </span>
    </p>
   </div>
   <div class='ocr_carea' id='block_1_64' title="bbox 537 3663 2148 3736">
    <p class='ocr_par' dir='ltr' id='par_1_64' title="bbox 537 3663 2148 3736">
     <span class='ocr_line' id='line_1_64' title="bbox 537 3663 2148 3736; baseline -0.007 -10"><span class='ocrx_word' id='word_1_405' title='bbox 537 3680 651 3736; x_wconf 81' lang='lat' dir='ltr'><strong>tur,</strong></span> <span class='ocrx_word' id='word_1_406' title='bbox 677 3670 820 3724; x_wconf 85' lang='lat' dir='ltr'><strong>haud</strong></span> <span class='ocrx_word' id='word_1_407' title='bbox 847 3668 1007 3722; x_wconf 81' lang='lat' dir='ltr'><strong>facile</strong></span> <span class='ocrx_word' id='word_1_408' title='bbox 1027 3669 1213 3722; x_wconf 89' lang='lat' dir='ltr'><strong>animo</strong></span> <span class='ocrx_word' id='word_1_409' title='bbox 1229 3667 1626 3736; x_wconf 86' lang='lat' dir='ltr'><strong>intelligamus;</strong></span> <span class='ocrx_word' id='word_1_410' title='bbox 1651 3678 1888 3734; x_wconf 86' lang='lat' dir='ltr'><strong>quanam</strong></span> <span class='ocrx_word' id='word_1_411' title='bbox 1914 3663 2040 3732; x_wconf 89' lang='lat' dir='ltr'><strong>quis</strong></span> <span class='ocrx_word' id='word_1_412' title='bbox 2058 3676 2148 3715; x_wconf 82' lang='lat' dir='ltr'><strong>ra-</strong></span> 
     </span>
    </p>
   </div>
   <div class='ocr_carea' id='block_1_65' title="bbox 537 3756 2146 3831">
    <p class='ocr_par' dir='ltr' id='par_1_65' title="bbox 537 3756 2146 3831">
     <span class='ocr_line' id='line_1_65' title="bbox 537 3756 2146 3831; baseline -0.007 -13"><span class='ocrx_word' id='word_1_413' title='bbox 537 3764 689 3819; x_wconf 88' lang='lat' dir='ltr'><strong>tione</strong></span> <span class='ocrx_word' id='word_1_414' title='bbox 714 3762 1016 3831; x_wconf 86' lang='lat' dir='ltr'><strong>spiritalem</strong></span> <span class='ocrx_word' id='word_1_415' title='bbox 1034 3768 1382 3828; x_wconf 82' lang='lat' dir='ltr'><strong>assequatur.</strong></span> <span class='ocrx_word' id='word_1_416' title='bbox 1399 3772 1462 3811; x_wconf 90' lang='lat' dir='ltr'><strong>ac</strong></span> <span class='ocrx_word' id='word_1_417' title='bbox 1489 3759 1582 3827; x_wconf 89' lang='lat' dir='ltr'><strong>qui</strong></span> <span class='ocrx_word' id='word_1_418' title='bbox 1600 3756 1748 3810; x_wconf 88' lang='lat' dir='ltr'><strong>omni</strong></span> <span class='ocrx_word' id='word_1_419' title='bbox 1767 3757 2014 3824; x_wconf 87' lang='lat' dir='ltr'><strong>corporis</strong></span> <span class='ocrx_word' id='word_1_420' title='bbox 2029 3770 2146 3807; x_wconf 87' lang='lat' dir='ltr'><strong>sen-</strong></span> 
     </span>
    </p>
   </div>
   <div class='ocr_carea' id='block_1_66' title="bbox 536 3845 2144 3923">
    <p class='ocr_par' dir='ltr' id='par_1_66' title="bbox 536 3845 2144 3923">
     <span class='ocr_line' id='line_1_66' title="bbox 536 3845 2144 3923; baseline -0.008 -13"><span class='ocrx_word' id='word_1_421' title='bbox 536 3855 624 3910; x_wconf 78' lang='lat' dir='ltr'><strong>sui</strong></span> <span class='ocrx_word' id='word_1_422' title='bbox 667 3853 969 3923; x_wconf 70' lang='lat' dir='ltr'><strong>praecellit?</strong></span> <span class='ocrx_word' id='word_1_423' title='bbox 991 3851 1240 3920; x_wconf 89' lang='lat' dir='ltr'><strong>Cumque</strong></span> <span class='ocrx_word' id='word_1_424' title='bbox 1267 3850 1319 3904; x_wconf 71' lang='grc' dir='ltr'>ιιι</span> <span class='ocrx_word' id='word_1_425' title='bbox 1341 3849 1667 3912; x_wconf 85' lang='lat' dir='ltr'><strong>tonitruum,</strong></span> <span class='ocrx_word' id='word_1_426' title='bbox 1688 3845 1834 3912; x_wconf 88' lang='lat' dir='ltr'><strong>quod</strong></span> <span class='ocrx_word' id='word_1_427' title='bbox 1859 3862 1958 3915; x_wconf 82' lang='lat' dir='ltr'><strong>per</strong></span> <span class='ocrx_word' id='word_1_428' title='bbox 1981 3854 2144 3899; x_wconf 83' lang='lat' dir='ltr'><strong>natu-</strong></span> 
     </span>
    </p>
   </div>
   <div class='ocr_carea' id='block_1_67' title="bbox 551 3939 2143 4013">
    <p class='ocr_par' dir='ltr' id='par_1_67' title="bbox 551 3939 2143 4013">
     <span class='ocr_line' id='line_1_67' title="bbox 551 3939 2143 4013; baseline -0.006 -13"><span class='ocrx_word' id='word_1_429' title='bbox 551 3962 665 4001; x_wconf 89' lang='lat' dir='ltr'><strong>ram</strong></span> <span class='ocrx_word' id='word_1_430' title='bbox 697 3947 749 3999; x_wconf 82' lang='lat' dir='ltr'><strong>in</strong></span> <span class='ocrx_word' id='word_1_431' title='bbox 786 3945 1028 3999; x_wconf 82' lang='lat' dir='ltr'><strong>nubibus</strong></span> <span class='ocrx_word' id='word_1_432' title='bbox 1053 3943 1204 3998; x_wconf 86' lang='lat' dir='ltr'><strong>venti</strong></span> <span class='ocrx_word' id='word_1_433' title='bbox 1240 3942 1537 4013; x_wconf 88' lang='lat' dir='ltr'><strong>agitatione</strong></span> <span class='ocrx_word' id='word_1_434' title='bbox 1569 3939 1866 4002; x_wconf 83' lang='lat' dir='ltr'><strong>conﬂatur,</strong></span> <span class='ocrx_word' id='word_1_435' title='bbox 1887 3946 2143 3991; x_wconf 85' lang='lat' dir='ltr'><strong>accurate</strong></span> 
     </span>
    </p>
   </div>
   <div class='ocr_carea' id='block_1_68' title="bbox 550 4028 2143 4106">
    <p class='ocr_par' dir='ltr' id='par_1_68' title="bbox 550 4028 2143 4106">
     <span class='ocr_line' id='line_1_68' title="bbox 550 4028 2143 4106; baseline -0.006 -14"><span class='ocrx_word' id='word_1_436' title='bbox 550 4038 742 4092; x_wconf 76' lang='lat' dir='ltr'><strong>verbis</strong></span> <span class='ocrx_word' id='word_1_437' title='bbox 791 4037 1084 4106; x_wconf 78' lang='lat' dir='ltr'><strong>explanare</strong></span> <span class='ocrx_word' id='word_1_438' title='bbox 1155 4049 1266 4088; x_wconf 89' lang='lat' dir='ltr'><strong>non</strong></span> <span class='ocrx_word' id='word_1_439' title='bbox 1326 4033 1649 4103; x_wconf 84' lang='lat' dir='ltr'><strong>possimus:</strong></span> <span class='ocrx_word' id='word_1_440' title='bbox 1693 4046 1934 4100; x_wconf 83' lang='lat' dir='ltr'><strong>quonam</strong></span> <span class='ocrx_word' id='word_1_441' title='bbox 1977 4028 2143 4083; x_wconf 78' lang='lat' dir='ltr'><strong>modo</strong></span> 
     </span>
    </p>
   </div>
   <div class='ocr_carea' id='block_1_69' title="bbox 548 4121 2140 4196">
    <p class='ocr_par' dir='ltr' id='par_1_69' title="bbox 548 4121 2140 4196">
     <span class='ocr_line' id='line_1_69' title="bbox 548 4121 2140 4196; baseline -0.006 -13"><span class='ocrx_word' id='word_1_442' title='bbox 548 4128 737 4184; x_wconf 82' lang='lat' dir='ltr'><strong>eximii</strong></span> <span class='ocrx_word' id='word_1_443' title='bbox 777 4128 946 4191; x_wconf 89' lang='lat' dir='ltr'><strong>illius,</strong></span> <span class='ocrx_word' id='word_1_444' title='bbox 990 4128 1150 4196; x_wconf 86' lang='lat' dir='ltr'><strong>cujus</strong></span> <span class='ocrx_word' id='word_1_445' title='bbox 1184 4127 1335 4180; x_wconf 87' lang='lat' dir='ltr'><strong>solus</strong></span> <span class='ocrx_word' id='word_1_446' title='bbox 1374 4126 1492 4194; x_wconf 89' lang='lat' dir='ltr'><strong>ipse</strong></span> <span class='ocrx_word' id='word_1_447' title='bbox 1536 4123 1801 4178; x_wconf 87' lang='lat' dir='ltr'><strong>Dominus</strong></span> <span class='ocrx_word' id='word_1_448' title='bbox 1849 4121 2140 4186; x_wconf 85' lang='lat' dir='ltr'><strong>conﬂator,</strong></span> 
     </span>
    </p>
   </div>
   <div class='ocr_carea' id='block_1_70' title="bbox 541 4214 2143 4290">
    <p class='ocr_par' dir='ltr' id='par_1_70' title="bbox 541 4214 2143 4290">
     <span class='ocr_line' id='line_1_70' title="bbox 541 4214 2143 4290; baseline -0.004 -14"><span class='ocrx_word' id='word_1_449' title='bbox 541 4236 606 4276; x_wconf 80' lang='lat' dir='ltr'><strong>ac</strong></span> <span class='ocrx_word' id='word_1_450' title='bbox 641 4235 868 4290; x_wconf 85' lang='lat' dir='ltr'><strong>parens,</strong></span> <span class='ocrx_word' id='word_1_451' title='bbox 895 4219 1089 4274; x_wconf 86' lang='lat' dir='ltr'><strong>laudes</strong></span> <span class='ocrx_word' id='word_1_452' title='bbox 1113 4217 1556 4288; x_wconf 58' lang='lat' dir='ltr'><strong>praesumamus?</strong></span> <span class='ocrx_word' id='word_1_453' title='bbox 1583 4216 1716 4283; x_wconf 86' lang='lat' dir='ltr'><strong>Quis</strong></span> <span class='ocrx_word' id='word_1_454' title='bbox 1744 4216 1818 4269; x_wconf 84' lang='lat' dir='ltr'><strong>ita</strong></span> <span class='ocrx_word' id='word_1_455' title='bbox 1851 4217 1906 4270; x_wconf 90' lang='lat' dir='ltr'><strong>in</strong></span> <span class='ocrx_word' id='word_1_456' title='bbox 1937 4214 2143 4269; x_wconf 87' lang='lat' dir='ltr'><strong>divinis</strong></span> 
     </span>
    </p>
   </div>
   <div class='ocr_carea' id='block_1_71' title="bbox 541 4310 2141 4382">
    <p class='ocr_par' dir='ltr' id='par_1_71' title="bbox 541 4310 2141 4382">
     <span class='ocr_line' id='line_1_71' title="bbox 541 4310 2141 4382; baseline -0.004 -14"><span class='ocrx_word' id='word_1_457' title='bbox 541 4313 819 4377; x_wconf 87' lang='lat' dir='ltr'><strong>eruditus,</strong></span> <span class='ocrx_word' id='word_1_458' title='bbox 855 4313 1050 4382; x_wconf 80' lang='lat' dir='ltr'><strong>sicque</strong></span> <span class='ocrx_word' id='word_1_459' title='bbox 1084 4311 1194 4365; x_wconf 87' lang='lat' dir='ltr'><strong>alto</strong></span> <span class='ocrx_word' id='word_1_460' title='bbox 1229 4311 1414 4365; x_wconf 89' lang='lat' dir='ltr'><strong>animo</strong></span> <span class='ocrx_word' id='word_1_461' title='bbox 1435 4310 1734 4381; x_wconf 63' lang='lat' dir='ltr'><strong>praeditus?</strong></span> <span class='ocrx_word' id='word_1_462' title='bbox 1762 4311 1896 4375; x_wconf 85' lang='lat' dir='ltr'><strong>Quis</strong></span> <span class='ocrx_word' id='word_1_463' title='bbox 1925 4310 2000 4362; x_wconf 86' lang='lat' dir='ltr'><strong>ita</strong></span> <span class='ocrx_word' id='word_1_464' title='bbox 2029 4320 2141 4363; x_wconf 87' lang='lat' dir='ltr'><strong>ter-</strong></span> 
     </span>
    </p>
   </div>
   <div class='ocr_carea' id='block_1_72' title="bbox 545 4403 2139 4475">
    <p class='ocr_par' dir='ltr' id='par_1_72' title="bbox 545 4403 2139 4475">
     <span class='ocr_line' id='line_1_72' title="bbox 545 4403 2139 4475; baseline -0.005 -13"><span class='ocrx_word' id='word_1_465' title='bbox 545 4407 700 4462; x_wconf 88' lang='lat' dir='ltr'><strong>renis</strong></span> <span class='ocrx_word' id='word_1_466' title='bbox 726 4405 982 4475; x_wconf 87' lang='lat' dir='ltr'><strong>superior</strong></span> <span class='ocrx_word' id='word_1_467' title='bbox 1012 4419 1133 4458; x_wconf 84' lang='lat' dir='ltr'><strong>sese</strong></span> <span class='ocrx_word' id='word_1_468' title='bbox 1160 4404 1378 4470; x_wconf 74' lang='lat' dir='ltr'><strong>extulit,</strong></span> <span class='ocrx_word' id='word_1_469' title='bbox 1410 4403 1638 4473; x_wconf 88' lang='lat' dir='ltr'><strong>parique</strong></span> <span class='ocrx_word' id='word_1_470' title='bbox 1671 4403 1991 4458; x_wconf 67' lang='lat' dir='ltr'><strong>coelestibus</strong></span> <span class='ocrx_word' id='word_1_471' title='bbox 2025 4403 2139 4456; x_wconf 86' lang='lat' dir='ltr'><strong>cel-</strong></span> 
     </span>
    </p>
   </div>
   <div class='ocr_carea' id='block_1_73' title="bbox 542 4494 2138 4565">
    <p class='ocr_par' dir='ltr' id='par_1_73' title="bbox 542 4494 2138 4565">
     <span class='ocr_line' id='line_1_73' title="bbox 542 4494 2138 4565; baseline -0.004 -13"><span class='ocrx_word' id='word_1_472' title='bbox 542 4498 789 4552; x_wconf 89' lang='lat' dir='ltr'><strong>situdine</strong></span> <span class='ocrx_word' id='word_1_473' title='bbox 831 4497 1037 4552; x_wconf 85' lang='lat' dir='ltr'><strong>evasit?</strong></span> <span class='ocrx_word' id='word_1_474' title='bbox 1077 4495 1214 4562; x_wconf 90' lang='lat' dir='ltr'><strong>Quis</strong></span> <span class='ocrx_word' id='word_1_475' title='bbox 1257 4495 1396 4550; x_wconf 88' lang='lat' dir='ltr'><strong>adeo</strong></span> <span class='ocrx_word' id='word_1_476' title='bbox 1437 4495 1620 4565; x_wconf 76' lang='lat' dir='ltr'><strong>seipse</strong></span> <span class='ocrx_word' id='word_1_477' title='bbox 1657 4495 1952 4558; x_wconf 75' lang='lat' dir='ltr'><strong>excedens,</strong></span> <span class='ocrx_word' id='word_1_478' title='bbox 1995 4494 2138 4546; x_wconf 90' lang='lat' dir='ltr'><strong>intra</strong></span> 
     </span>
    </p>
   </div>
   <div class='ocr_carea' id='block_1_74' title="bbox 2247 3308 3833 3381">
    <p class='ocr_par' dir='ltr' id='par_1_74' title="bbox 2247 3308 3833 3381">
     <span class='ocr_line' id='line_1_74' title="bbox 2247 3308 3833 3381; baseline 0.001 -18"><span class='ocrx_word' id='word_1_479' title='bbox 2247 3309 2590 3380; x_wconf 73' lang='grc' dir='ltr'>ἑναρμονίως</span> <span class='ocrx_word' id='word_1_480' title='bbox 2622 3308 3011 3378; x_wconf 80' lang='grc' dir='ltr'>κροτούμενος,</span> <span class='ocrx_word' id='word_1_481' title='bbox 3071 3310 3207 3380; x_wconf 78' lang='grc' dir='ltr'>πρὸς</span> <span class='ocrx_word' id='word_1_482' title='bbox 3257 3311 3352 3362; x_wconf 73' lang='grc' dir='ltr'>τὸν</span> <span class='ocrx_word' id='word_1_483' title='bbox 3385 3311 3588 3365; x_wconf 81' lang='grc' dir='ltr'>οἰκεῖον</span> <span class='ocrx_word' id='word_1_484' title='bbox 3615 3311 3716 3381; x_wconf 81' lang='grc' dir='ltr'>τὴν</span> <span class='ocrx_word' id='word_1_485' title='bbox 3751 3313 3833 3365; x_wconf 83' lang='grc' dir='ltr'>οἰ-</span> 
     </span>
    </p>
   </div>
   <div class='ocr_carea' id='block_1_75' title="bbox 2246 3401 3833 3474">
    <p class='ocr_par' dir='ltr' id='par_1_75' title="bbox 2246 3401 3833 3474">
     <span class='ocr_line' id='line_1_75' title="bbox 2246 3401 3833 3474; baseline 0.001 -18"><span class='ocrx_word' id='word_1_486' title='bbox 2246 3402 2522 3473; x_wconf 77' lang='grc' dir='ltr'>κουμένην</span> <span class='ocrx_word' id='word_1_487' title='bbox 2576 3402 2882 3473; x_wconf 68' lang='grc' dir='ltr'>ἐπέστρεψε</span> <span class='ocrx_word' id='word_1_488' title='bbox 2937 3403 3196 3471; x_wconf 75' lang='grc' dir='ltr'><strong>φθόγγον.</strong></span> <span class='ocrx_word' id='word_1_489' title='bbox 3249 3401 3323 3456; x_wconf 79' lang='grc' dir='ltr'>Τὸ</span> <span class='ocrx_word' id='word_1_490' title='bbox 3357 3404 3414 3456; x_wconf 81' lang='grc' dir='ltr'><strong>δὲ</strong></span> <span class='ocrx_word' id='word_1_491' title='bbox 3460 3404 3701 3474; x_wconf 84' lang='grc' dir='ltr'>τοσούτῳ</span> <span class='ocrx_word' id='word_1_492' title='bbox 3731 3404 3833 3457; x_wconf 77' lang='grc' dir='ltr'><strong>τοῦ</strong></span> 
     </span>
    </p>
   </div>
   <div class='ocr_carea' id='block_1_76' title="bbox 2244 3491 3835 3566">
    <p class='ocr_par' dir='ltr' id='par_1_76' title="bbox 2244 3491 3835 3566">
     <span class='ocr_line' id='line_1_76' title="bbox 2244 3491 3835 3566; baseline 0.002 -21"><span class='ocrx_word' id='word_1_493' title='bbox 2244 3493 2522 3564; x_wconf 72' lang='grc' dir='ltr'>ἡμετέρου</span> <span class='ocrx_word' id='word_1_494' title='bbox 2559 3491 2720 3558; x_wconf 81' lang='grc' dir='ltr'>λόγου</span> <span class='ocrx_word' id='word_1_495' title='bbox 2754 3493 2852 3562; x_wconf 82' lang='grc' dir='ltr'><strong>τὴν</strong></span> <span class='ocrx_word' id='word_1_496' title='bbox 2909 3492 3143 3563; x_wconf 78' lang='grc' dir='ltr'>δύναμιν</span> <span class='ocrx_word' id='word_1_497' title='bbox 3187 3494 3543 3564; x_wconf 79' lang='grc' dir='ltr'>ὑπερϐάλλει,</span> <span class='ocrx_word' id='word_1_498' title='bbox 3591 3498 3702 3566; x_wconf 83' lang='grc' dir='ltr'><strong>ὅσῳ</strong></span> <span class='ocrx_word' id='word_1_499' title='bbox 3733 3496 3835 3550; x_wconf 75' lang='grc' dir='ltr'><strong>καὶ</strong></span> 
     </span>
    </p>
   </div>
   <div class='ocr_carea' id='block_1_77' title="bbox 2245 3583 3834 3658">
    <p class='ocr_par' dir='ltr' id='par_1_77' title="bbox 2245 3583 3834 3658">
     <span class='ocr_line' id='line_1_77' title="bbox 2245 3583 3834 3658; baseline 0.004 -24"><span class='ocrx_word' id='word_1_500' title='bbox 2245 3583 2346 3652; x_wconf 81' lang='grc' dir='ltr'><strong>τὴν</strong></span> <span class='ocrx_word' id='word_1_501' title='bbox 2379 3583 2732 3654; x_wconf 75' lang='grc' dir='ltr'>ἀνθρωπίνην</span> <span class='ocrx_word' id='word_1_502' title='bbox 2777 3584 3070 3655; x_wconf 79' lang='grc' dir='ltr'>ὑπεραίρει</span> <span class='ocrx_word' id='word_1_503' title='bbox 3115 3587 3445 3657; x_wconf 73' lang='grc' dir='ltr'>κατάληψιν.</span> <span class='ocrx_word' id='word_1_504' title='bbox 3489 3588 3554 3641; x_wconf 85' lang='grc' dir='ltr'><strong>Εἰ</strong></span> <span class='ocrx_word' id='word_1_505' title='bbox 3593 3590 3702 3658; x_wconf 77' lang='grc' dir='ltr'><strong>γὰρ</strong></span> <span class='ocrx_word' id='word_1_506' title='bbox 3735 3587 3834 3641; x_wconf 72' lang='grc' dir='ltr'>τὸν</span> 
     </span>
    </p>
   </div>
   <div class='ocr_carea' id='block_1_78' title="bbox 2245 3673 3834 3750">
    <p class='ocr_par' dir='ltr' id='par_1_78' title="bbox 2245 3673 3834 3750">
     <span class='ocr_line' id='line_1_78' title="bbox 2245 3673 3834 3750; baseline 0.001 -19"><span class='ocrx_word' id='word_1_507' title='bbox 2245 3678 2499 3745; x_wconf 78' lang='grc' dir='ltr'>αἰσθήσει</span> <span class='ocrx_word' id='word_1_508' title='bbox 2544 3677 2750 3744; x_wconf 79' lang='grc' dir='ltr'>ληπτὸν</span> <span class='ocrx_word' id='word_1_509' title='bbox 2793 3677 2978 3730; x_wconf 81' lang='grc' dir='ltr'>τοῦτον</span> <span class='ocrx_word' id='word_1_510' title='bbox 3019 3673 3176 3748; x_wconf 78' lang='grc' dir='ltr'>ἦχον,</span> <span class='ocrx_word' id='word_1_511' title='bbox 3219 3679 3280 3730; x_wconf 81' lang='grc' dir='ltr'><strong>οὐ</strong></span> <span class='ocrx_word' id='word_1_512' title='bbox 3319 3681 3612 3750; x_wconf 85' lang='grc' dir='ltr'>πρόχειρον</span> <span class='ocrx_word' id='word_1_513' title='bbox 3660 3698 3834 3733; x_wconf 84' lang='grc' dir='ltr'>κατα-</span> 
     </span>
    </p>
   </div>
   <div class='ocr_carea' id='block_1_79' title="bbox 2245 3767 3833 3840">
    <p class='ocr_par' dir='ltr' id='par_1_79' title="bbox 2245 3767 3833 3840">
     <span class='ocr_line' id='line_1_79' title="bbox 2245 3767 3833 3840; baseline 0.002 -18"><span class='ocrx_word' id='word_1_514' title='bbox 2245 3771 2408 3827; x_wconf 82' lang='grc' dir='ltr'>νοεῖν.</span> <span class='ocrx_word' id='word_1_515' title='bbox 2447 3767 2565 3832; x_wconf 80' lang='grc' dir='ltr'><strong>πῶς</strong></span> <span class='ocrx_word' id='word_1_516' title='bbox 2586 3770 2651 3822; x_wconf 85' lang='grc' dir='ltr'><strong>ἄν</strong></span> <span class='ocrx_word' id='word_1_517' title='bbox 2677 3787 2760 3832; x_wconf 84' lang='grc' dir='ltr'>τις</span> <span class='ocrx_word' id='word_1_518' title='bbox 2781 3769 3022 3837; x_wconf 74' lang='grc' dir='ltr'>ἐφίκοιτο</span> <span class='ocrx_word' id='word_1_519' title='bbox 3060 3770 3154 3822; x_wconf 80' lang='grc' dir='ltr'><strong>τοῦ</strong></span> <span class='ocrx_word' id='word_1_520' title='bbox 3194 3771 3487 3840; x_wconf 83' lang='grc' dir='ltr'>νοουμένου</span> <span class='ocrx_word' id='word_1_521' title='bbox 3521 3773 3616 3824; x_wconf 73' lang='grc' dir='ltr'>καὶ</span> <span class='ocrx_word' id='word_1_522' title='bbox 3644 3775 3833 3825; x_wconf 80' lang='grc' dir='ltr'>πᾶσαν</span> 
     </span>
    </p>
   </div>
   <div class='ocr_carea' id='block_1_80' title="bbox 2235 3856 3835 3932">
    <p class='ocr_par' dir='ltr' id='par_1_80' title="bbox 2235 3856 3835 3932">
     <span class='ocr_line' id='line_1_80' title="bbox 2235 3856 3835 3932; baseline 0.004 -23"><span class='ocrx_word' id='word_1_523' title='bbox 2235 3856 2502 3932; x_wconf 32' lang='grc' dir='ltr'>,σώματος</span> <span class='ocrx_word' id='word_1_524' title='bbox 2536 3859 2794 3928; x_wconf 77' lang='grc' dir='ltr'>αἴσθησιν</span> <span class='ocrx_word' id='word_1_525' title='bbox 2834 3857 3257 3927; x_wconf 80' lang='grc' dir='ltr'>ὑπερϐαίνοντος</span> <span class='ocrx_word' id='word_1_526' title='bbox 3283 3877 3298 3926; x_wconf 89' lang='grc'><strong>;</strong></span> <span class='ocrx_word' id='word_1_527' title='bbox 3332 3862 3440 3913; x_wconf 78' lang='grc' dir='ltr'>Καὶ</span> <span class='ocrx_word' id='word_1_528' title='bbox 3468 3863 3514 3914; x_wconf 85' lang='grc' dir='ltr'><strong>εἰ</strong></span> <span class='ocrx_word' id='word_1_529' title='bbox 3545 3863 3641 3931; x_wconf 84' lang='grc' dir='ltr'><strong>τὴν</strong></span> <span class='ocrx_word' id='word_1_530' title='bbox 3671 3864 3835 3928; x_wconf 71' lang='grc' dir='ltr'><strong>ἐγγι-</strong></span> 
     </span>
    </p>
   </div>
   <div class='ocr_carea' id='block_1_81' title="bbox 2244 3948 3828 4020">
    <p class='ocr_par' dir='ltr' id='par_1_81' title="bbox 2244 3948 3828 4020">
     <span class='ocr_line' id='line_1_81' title="bbox 2244 3948 3828 4020; baseline 0.004 -24"><span class='ocrx_word' id='word_1_531' title='bbox 2244 3948 2485 4016; x_wconf 78' lang='grc' dir='ltr'>νομένην</span> <span class='ocrx_word' id='word_1_532' title='bbox 2535 3950 2650 4011; x_wconf 86' lang='grc' dir='ltr'>τοῖς</span> <span class='ocrx_word' id='word_1_533' title='bbox 2694 3949 2907 4017; x_wconf 75' lang='grc' dir='ltr'>νέφεσι,</span> <span class='ocrx_word' id='word_1_534' title='bbox 2943 3954 3008 4020; x_wconf 77' lang='grc' dir='ltr'>τῇ</span> <span class='ocrx_word' id='word_1_535' title='bbox 3055 3951 3201 4004; x_wconf 81' lang='grc' dir='ltr'>κατὰ</span> <span class='ocrx_word' id='word_1_536' title='bbox 3256 3952 3419 4020; x_wconf 78' lang='grc' dir='ltr'>φύσιν</span> <span class='ocrx_word' id='word_1_537' title='bbox 3477 3955 3688 4020; x_wconf 82' lang='grc' dir='ltr'>κινήσει</span> <span class='ocrx_word' id='word_1_538' title='bbox 3727 3951 3828 4003; x_wconf 80' lang='grc' dir='ltr'><strong>τοῦ</strong></span> 
     </span>
    </p>
   </div>
   <div class='ocr_carea' id='block_1_82' title="bbox 2245 4036 3828 4112">
    <p class='ocr_par' dir='ltr' id='par_1_82' title="bbox 2245 4036 3828 4112">
     <span class='ocr_line' id='line_1_82' title="bbox 2245 4036 3828 4112; baseline 0.001 -19"><span class='ocrx_word' id='word_1_539' title='bbox 2245 4039 2554 4109; x_wconf 76' lang='grc' dir='ltr'>πνεύματος</span> <span class='ocrx_word' id='word_1_540' title='bbox 2589 4040 2840 4112; x_wconf 77' lang='grc' dir='ltr'>βροντὴν,</span> <span class='ocrx_word' id='word_1_541' title='bbox 2876 4043 2973 4111; x_wconf 81' lang='grc' dir='ltr'><strong>οὐχ</strong></span> <span class='ocrx_word' id='word_1_542' title='bbox 3019 4036 3121 4095; x_wconf 78' lang='grc' dir='ltr'>οἷοί</span> <span class='ocrx_word' id='word_1_543' title='bbox 3160 4042 3220 4095; x_wconf 80' lang='grc' dir='ltr'><strong><em>τὲ</em></strong></span> <span class='ocrx_word' id='word_1_544' title='bbox 3261 4044 3428 4110; x_wconf 82' lang='grc' dir='ltr'>ἐσμεν</span> <span class='ocrx_word' id='word_1_545' title='bbox 3465 4041 3682 4110; x_wconf 75' lang='grc' dir='ltr'>ἀκριϐεῖ</span> <span class='ocrx_word' id='word_1_546' title='bbox 3704 4040 3828 4094; x_wconf 80' lang='grc' dir='ltr'>δια-</span> 
     </span>
    </p>
   </div>
   <div class='ocr_carea' id='block_1_83' title="bbox 2245 4131 3828 4204">
    <p class='ocr_par' dir='ltr' id='par_1_83' title="bbox 2245 4131 3828 4204">
     <span class='ocr_line' id='line_1_83' title="bbox 2245 4131 3828 4204; baseline -0.001 -17"><span class='ocrx_word' id='word_1_547' title='bbox 2245 4134 2489 4202; x_wconf 77' lang='grc' dir='ltr'>σαφῆσαι</span> <span class='ocrx_word' id='word_1_548' title='bbox 2530 4133 2694 4202; x_wconf 79' lang='grc' dir='ltr'>λόγῳ,</span> <span class='ocrx_word' id='word_1_549' title='bbox 2749 4135 2866 4198; x_wconf 84' lang='grc' dir='ltr'><strong>πῶς</strong></span> <span class='ocrx_word' id='word_1_550' title='bbox 2914 4135 2982 4188; x_wconf 82' lang='grc' dir='ltr'>ἂν</span> <span class='ocrx_word' id='word_1_551' title='bbox 3021 4135 3125 4204; x_wconf 79' lang='grc' dir='ltr'><strong>τῆς</strong></span> <span class='ocrx_word' id='word_1_552' title='bbox 3171 4131 3509 4202; x_wconf 80' lang='grc' dir='ltr'>ὑπερφυοῦς,</span> <span class='ocrx_word' id='word_1_553' title='bbox 3545 4134 3636 4185; x_wconf 70' lang='grc' dir='ltr'><strong>καὶ</strong></span> <span class='ocrx_word' id='word_1_554' title='bbox 3673 4133 3828 4204; x_wconf 84' lang='grc' dir='ltr'>μόνῳ</span> 
     </span>
    </p>
   </div>
   <div class='ocr_carea' id='block_1_84' title="bbox 2240 4222 3814 4297">
    <p class='ocr_par' dir='ltr' id='par_1_84' title="bbox 2240 4222 3814 4297">
     <span class='ocr_line' id='line_1_84' title="bbox 2240 4222 3814 4297; baseline 0 -20"><span class='ocrx_word' id='word_1_555' title='bbox 2240 4226 2318 4295; x_wconf 82' lang='grc' dir='ltr'>τῷ</span> <span class='ocrx_word' id='word_1_556' title='bbox 2367 4226 2553 4297; x_wconf 79' lang='grc' dir='ltr'>Κυρίῳ</span> <span class='ocrx_word' id='word_1_557' title='bbox 2601 4226 3108 4296; x_wconf 78' lang='grc' dir='ltr'>προσκροτηθείσης</span> <span class='ocrx_word' id='word_1_558' title='bbox 3162 4226 3195 4295; x_wconf 81' lang='grc' dir='ltr'>ἢ</span> <span class='ocrx_word' id='word_1_559' title='bbox 3249 4222 3631 4294; x_wconf 72' lang='grc' dir='ltr'>γεννηθείσης,</span> <span class='ocrx_word' id='word_1_560' title='bbox 3701 4225 3814 4277; x_wconf 85' lang='grc' dir='ltr'>τῶν</span> 
     </span>
    </p>
   </div>
   <div class='ocr_carea' id='block_1_85' title="bbox 2244 4313 3828 4386">
    <p class='ocr_par' dir='ltr' id='par_1_85' title="bbox 2244 4313 3828 4386">
     <span class='ocr_line' id='line_1_85' title="bbox 2244 4313 3828 4386; baseline 0.001 -19"><span class='ocrx_word' id='word_1_561' title='bbox 2244 4317 2534 4386; x_wconf 83' lang='grc' dir='ltr'>ὑμνήσεων</span> <span class='ocrx_word' id='word_1_562' title='bbox 2575 4317 3138 4384; x_wconf 74' lang='grc' dir='ltr'>κατατολμήσαιμενς</span> <span class='ocrx_word' id='word_1_563' title='bbox 3168 4315 3264 4376; x_wconf 84' lang='grc' dir='ltr'><strong>Τίς</strong></span> <span class='ocrx_word' id='word_1_564' title='bbox 3302 4313 3447 4369; x_wconf 76' lang='grc' dir='ltr'>οὕτω</span> <span class='ocrx_word' id='word_1_565' title='bbox 3475 4315 3542 4367; x_wconf 82' lang='grc' dir='ltr'><strong>τὰ</strong></span> <span class='ocrx_word' id='word_1_566' title='bbox 3572 4313 3694 4367; x_wconf 87' lang='grc' dir='ltr'>θεῖα</span> <span class='ocrx_word' id='word_1_567' title='bbox 3725 4333 3828 4369; x_wconf 80' lang='grc' dir='ltr'><strong>πο-</strong></span> 
     </span>
    </p>
   </div>
   <div class='ocr_carea' id='block_1_86' title="bbox 2241 4403 3828 4476">
    <p class='ocr_par' dir='ltr' id='par_1_86' title="bbox 2241 4403 3828 4476">
     <span class='ocr_line' id='line_1_86' title="bbox 2241 4403 3828 4476; baseline -0.001 -17"><span class='ocrx_word' id='word_1_568' title='bbox 2241 4407 2358 4470; x_wconf 78' lang='grc' dir='ltr'>λὺς,</span> <span class='ocrx_word' id='word_1_569' title='bbox 2391 4407 2534 4460; x_wconf 77' lang='grc' dir='ltr'>οὕτω</span> <span class='ocrx_word' id='word_1_570' title='bbox 2554 4407 2653 4476; x_wconf 76' lang='grc' dir='ltr'><strong>τὴν</strong></span> <span class='ocrx_word' id='word_1_571' title='bbox 2684 4407 2913 4476; x_wconf 83' lang='grc' dir='ltr'>καρδίαν</span> <span class='ocrx_word' id='word_1_572' title='bbox 2945 4403 3146 4474; x_wconf 85' lang='grc' dir='ltr'>βαθύς;</span> <span class='ocrx_word' id='word_1_573' title='bbox 3175 4405 3273 4468; x_wconf 85' lang='grc' dir='ltr'><strong>Τίς</strong></span> <span class='ocrx_word' id='word_1_574' title='bbox 3306 4403 3450 4458; x_wconf 72' lang='grc' dir='ltr'>οὕτω</span> <span class='ocrx_word' id='word_1_575' title='bbox 3475 4406 3584 4458; x_wconf 83' lang='grc' dir='ltr'><strong>τῶν</strong></span> <span class='ocrx_word' id='word_1_576' title='bbox 3619 4406 3828 4474; x_wconf 72' lang='grc' dir='ltr'>γηΐνων</span> 
     </span>
    </p>
   </div>
   <div class='ocr_carea' id='block_1_87' title="bbox 2241 4492 3826 4568">
    <p class='ocr_par' dir='ltr' id='par_1_87' title="bbox 2241 4492 3826 4568">
     <span class='ocr_line' id='line_1_87' title="bbox 2241 4492 3826 4568; baseline -0.003 -19"><span class='ocrx_word' id='word_1_577' title='bbox 2241 4497 2706 4568; x_wconf 81' lang='grc' dir='ltr'>ὑπερανῴκισται,</span> <span class='ocrx_word' id='word_1_578' title='bbox 2734 4493 2877 4546; x_wconf 68' lang='grc' dir='ltr'>οὕτω</span> <span class='ocrx_word' id='word_1_579' title='bbox 2899 4497 3008 4555; x_wconf 85' lang='grc' dir='ltr'>τοῖς</span> <span class='ocrx_word' id='word_1_580' title='bbox 3037 4495 3314 4564; x_wconf 73' lang='grc' dir='ltr'>οὐρανίοις</span> <span class='ocrx_word' id='word_1_581' title='bbox 3353 4493 3700 4562; x_wconf 75' lang='grc' dir='ltr'>συνύψωται;</span> <span class='ocrx_word' id='word_1_582' title='bbox 3728 4492 3826 4556; x_wconf 81' lang='grc' dir='ltr'><strong>Τίς</strong></span> 
     </span>
    </p>
   </div>
   <div class='ocr_carea' id='block_1_88' title="bbox 542 4577 2139 4659">
    <p class='ocr_par' dir='ltr' id='par_1_88' title="bbox 542 4587 2139 4659">
     <span class='ocr_line' id='line_1_88' title="bbox 542 4587 2139 4659; baseline -0.002 -17"><span class='ocrx_word' id='word_1_583' title='bbox 542 4589 715 4644; x_wconf 91' lang='lat' dir='ltr'><strong>Deum</strong></span> <span class='ocrx_word' id='word_1_584' title='bbox 747 4589 1187 4659; x_wconf 84' lang='lat' dir='ltr'><strong>comprehensus</strong></span> <span class='ocrx_word' id='word_1_585' title='bbox 1229 4595 1487 4656; x_wconf 88' lang='lat' dir='ltr'><strong>totusque</strong></span> <span class='ocrx_word' id='word_1_586' title='bbox 1524 4597 1782 4654; x_wconf 89' lang='lat' dir='ltr'><strong>receptus</strong></span> <span class='ocrx_word' id='word_1_587' title='bbox 1815 4595 1921 4648; x_wconf 87' lang='lat' dir='ltr'><strong>est,</strong></span> <span class='ocrx_word' id='word_1_588' title='bbox 1954 4594 2017 4640; x_wconf 93' lang='lat' dir='ltr'><strong>ut</strong></span> <span class='ocrx_word' id='word_1_589' title='bbox 2053 4587 2139 4640; x_wconf 86' lang='lat' dir='ltr'><strong>vel</strong></span> 
     </span>
    </p>
   </div>
   <div class='ocr_carea' id='block_1_89' title="bbox 2241 4577 3826 4659">
    <p class='ocr_par' dir='ltr' id='par_1_89' title="bbox 2248 4584 3826 4655">
     <span class='ocr_line' id='line_1_89' title="bbox 2248 4584 3826 4655; baseline -0.003 -13"><span class='ocrx_word' id='word_1_590' title='bbox 2248 4589 2342 4642; x_wconf 75' lang='grc' dir='ltr'><strong>ἐπὶ</strong></span> <span class='ocrx_word' id='word_1_591' title='bbox 2367 4589 2623 4641; x_wconf 82' lang='grc' dir='ltr'>τοσοῦτον</span> <span class='ocrx_word' id='word_1_592' title='bbox 2651 4586 2844 4639; x_wconf 78' lang='grc' dir='ltr'>ἑαυτοῦ</span> <span class='ocrx_word' id='word_1_593' title='bbox 2871 4585 2973 4650; x_wconf 73' lang='grc' dir='ltr'><strong>ἔξω</strong></span> <span class='ocrx_word' id='word_1_594' title='bbox 2998 4586 3312 4655; x_wconf 83' lang='grc' dir='ltr'>γενόμενος,</span> <span class='ocrx_word' id='word_1_595' title='bbox 3340 4584 3489 4639; x_wconf 77' lang='grc' dir='ltr'>ἔνδον</span> <span class='ocrx_word' id='word_1_596' title='bbox 3517 4585 3652 4638; x_wconf 83' lang='grc' dir='ltr'>Θεοῦ</span> <span class='ocrx_word' id='word_1_597' title='bbox 3687 4601 3826 4638; x_wconf 82' lang='grc' dir='ltr'>κατ-</span> 
     </span>
    </p>
   </div>
   <div class='ocr_carea' id='block_1_90' title="bbox 538 4676 2141 4750">
    <p class='ocr_par' dir='ltr' id='par_1_90' title="bbox 538 4676 2141 4750">
     <span class='ocr_line' id='line_1_90' title="bbox 538 4676 2141 4750; baseline -0.002 -14"><span class='ocrx_word' id='word_1_598' title='bbox 538 4697 601 4737; x_wconf 89' lang='lat' dir='ltr'><strong>os</strong></span> <span class='ocrx_word' id='word_1_599' title='bbox 625 4681 863 4750; x_wconf 87' lang='lat' dir='ltr'><strong>aperire,</strong></span> <span class='ocrx_word' id='word_1_600' title='bbox 891 4695 956 4734; x_wconf 86' lang='lat' dir='ltr'><strong>ac</strong></span> <span class='ocrx_word' id='word_1_601' title='bbox 983 4680 1224 4748; x_wconf 82' lang='lat' dir='ltr'><strong>linguam</strong></span> <span class='ocrx_word' id='word_1_602' title='bbox 1253 4694 1475 4732; x_wconf 80' lang='lat' dir='ltr'><strong>movere</strong></span> <span class='ocrx_word' id='word_1_603' title='bbox 1523 4678 1577 4732; x_wconf 75' lang='lat' dir='ltr'><strong>in</strong></span> <span class='ocrx_word' id='word_1_604' title='bbox 1611 4679 1705 4732; x_wconf 89' lang='lat' dir='ltr'><strong>Dei</strong></span> <span class='ocrx_word' id='word_1_605' title='bbox 1738 4676 2141 4748; x_wconf 87' lang='lat' dir='ltr'><strong>discipulorum</strong></span> 
     </span>
    </p>
   </div>
   <div class='ocr_carea' id='block_1_91' title="bbox 552 4769 2140 4837">
    <p class='ocr_par' dir='ltr' id='par_1_91' title="bbox 552 4769 2140 4837">
     <span class='ocr_line' id='line_1_91' title="bbox 552 4769 2140 4837; baseline -0.001 -10"><span class='ocrx_word' id='word_1_606' title='bbox 552 4773 774 4827; x_wconf 87' lang='lat' dir='ltr'><strong>laudem</strong></span> <span class='ocrx_word' id='word_1_607' title='bbox 797 4771 1035 4826; x_wconf 83' lang='lat' dir='ltr'><strong>audeat?</strong></span> <span class='ocrx_word' id='word_1_608' title='bbox 1063 4769 1199 4837; x_wconf 93' lang='lat' dir='ltr'><strong>Quis</strong></span> <span class='ocrx_word' id='word_1_609' title='bbox 1227 4769 1527 4835; x_wconf 69' lang='lat' dir='ltr'><strong>sufficiens,</strong></span> <span class='ocrx_word' id='word_1_610' title='bbox 1560 4780 1620 4824; x_wconf 90' lang='lat' dir='ltr'><strong>ut</strong></span> <span class='ocrx_word' id='word_1_611' title='bbox 1654 4771 1856 4824; x_wconf 87' lang='lat' dir='ltr'><strong>nedum</strong></span> <span class='ocrx_word' id='word_1_612' title='bbox 1891 4771 2140 4826; x_wconf 89' lang='lat' dir='ltr'><strong>omnium</strong></span> 
     </span>
    </p>
   </div>
   <div class='ocr_carea' id='block_1_92' title="bbox 546 4862 2140 4935">
    <p class='ocr_par' dir='ltr' id='par_1_92' title="bbox 546 4862 2140 4935">
     <span class='ocr_line' id='line_1_92' title="bbox 546 4862 2140 4935; baseline -0.002 -16"><span class='ocrx_word' id='word_1_613' title='bbox 546 4865 850 4935; x_wconf 81' lang='lat' dir='ltr'><strong>sigillatim.</strong></span> <span class='ocrx_word' id='word_1_614' title='bbox 889 4864 986 4918; x_wconf 92' lang='lat' dir='ltr'><strong>sed</strong></span> <span class='ocrx_word' id='word_1_615' title='bbox 1025 4862 1114 4917; x_wconf 89' lang='lat' dir='ltr'><strong>vel</strong></span> <span class='ocrx_word' id='word_1_616' title='bbox 1149 4862 1318 4918; x_wconf 90' lang='lat' dir='ltr'><strong>unius</strong></span> <span class='ocrx_word' id='word_1_617' title='bbox 1363 4863 1582 4918; x_wconf 90' lang='lat' dir='ltr'><strong>illorum</strong></span> <span class='ocrx_word' id='word_1_618' title='bbox 1619 4865 1843 4918; x_wconf 83' lang='lat' dir='ltr'><strong>virtutis</strong></span> <span class='ocrx_word' id='word_1_619' title='bbox 1886 4863 2140 4934; x_wconf 85' lang='lat' dir='ltr'><strong>magnifi-</strong></span> 
     </span>
    </p>
   </div>
   <div class='ocr_carea' id='block_1_93' title="bbox 538 4953 2138 5026">
    <p class='ocr_par' dir='ltr' id='par_1_93' title="bbox 538 4953 2138 5026">
     <span class='ocr_line' id='line_1_93' title="bbox 538 4953 2138 5026; baseline -0.001 -15"><span class='ocrx_word' id='word_1_620' title='bbox 538 4958 778 5012; x_wconf 65' lang='lat' dir='ltr'><strong>wntiam</strong></span> <span class='ocrx_word' id='word_1_621' title='bbox 807 4971 907 5026; x_wconf 88' lang='lat' dir='ltr'><strong>pro</strong></span> <span class='ocrx_word' id='word_1_622' title='bbox 939 4953 1018 5008; x_wconf 90' lang='lat' dir='ltr'><strong>rei</strong></span> <span class='ocrx_word' id='word_1_623' title='bbox 1046 4954 1268 5020; x_wconf 88' lang='lat' dir='ltr'><strong>merito,</strong></span> <span class='ocrx_word' id='word_1_624' title='bbox 1297 4954 1481 5009; x_wconf 88' lang='lat' dir='ltr'><strong>animo</strong></span> <span class='ocrx_word' id='word_1_625' title='bbox 1510 4955 1835 5018; x_wconf 81' lang='lat' dir='ltr'><strong>informare,</strong></span> <span class='ocrx_word' id='word_1_626' title='bbox 1867 4965 1926 5008; x_wconf 88' lang='lat' dir='ltr'><strong>ut</strong></span> <span class='ocrx_word' id='word_1_627' title='bbox 1954 4955 2138 5009; x_wconf 87' lang='lat' dir='ltr'><strong>verbis</strong></span> 
     </span>
    </p>
   </div>
   <div class='ocr_carea' id='block_1_94' title="bbox 538 5046 979 5117">
    <p class='ocr_par' dir='ltr' id='par_1_94' title="bbox 538 5046 979 5117">
     <span class='ocr_line' id='line_1_94' title="bbox 538 5046 979 5117; baseline -0.002 -15"><span class='ocrx_word' id='word_1_628' title='bbox 538 5049 723 5117; x_wconf 82' lang='lat' dir='ltr'><strong>eloqui</strong></span> <span class='ocrx_word' id='word_1_629' title='bbox 757 5047 931 5116; x_wconf 85' lang='lat' dir='ltr'><strong>possit</strong></span> <span class='ocrx_word' id='word_1_630' title='bbox 956 5046 979 5100; x_wconf 82' lang='lat'><strong>?</strong></span> 
     </span>
    </p>
   </div>
   <div class='ocr_carea' id='block_1_95' title="bbox 609 5139 2138 5210">
    <p class='ocr_par' dir='ltr' id='par_1_95' title="bbox 609 5139 2138 5210">
     <span class='ocr_line' id='line_1_95' title="bbox 609 5139 2138 5210; baseline 0.001 -18"><span class='ocrx_word' id='word_1_631' title='bbox 609 5142 869 5206; x_wconf 68' lang='lat' dir='ltr'><strong>Quaenam</strong></span> <span class='ocrx_word' id='word_1_632' title='bbox 902 5155 1056 5194; x_wconf 88' lang='lat' dir='ltr'><strong>mens</strong></span> <span class='ocrx_word' id='word_1_633' title='bbox 1085 5145 1167 5208; x_wconf 86' lang='lat' dir='ltr'><strong>(ut</strong></span> <span class='ocrx_word' id='word_1_634' title='bbox 1195 5155 1407 5194; x_wconf 89' lang='lat' dir='ltr'><strong>summa</strong></span> <span class='ocrx_word' id='word_1_635' title='bbox 1425 5139 1646 5205; x_wconf 83' lang='lat' dir='ltr'><strong>dicam),</strong></span> <span class='ocrx_word' id='word_1_636' title='bbox 1676 5156 1866 5210; x_wconf 66' lang='lat' dir='ltr'><strong>quaeve</strong></span> <span class='ocrx_word' id='word_1_637' title='bbox 1904 5140 2046 5194; x_wconf 87' lang='lat' dir='ltr'><strong>ratio</strong></span> <span class='ocrx_word' id='word_1_638' title='bbox 2073 5154 2138 5194; x_wconf 82' lang='lat' dir='ltr'><strong>ac</strong></span> 
     </span>
    </p>
   </div>
   <div class='ocr_carea' id='block_1_96' title="bbox 539 5230 2132 5301">
    <p class='ocr_par' dir='ltr' id='par_1_96' title="bbox 539 5230 2132 5301">
     <span class='ocr_line' id='line_1_96' title="bbox 539 5230 2132 5301; baseline 0 -16"><span class='ocrx_word' id='word_1_639' title='bbox 539 5231 742 5288; x_wconf 89' lang='lat' dir='ltr'><strong>oratio.</strong></span> <span class='ocrx_word' id='word_1_640' title='bbox 789 5230 1092 5300; x_wconf 59' lang='lat' dir='ltr'><strong>magnificae</strong></span> <span class='ocrx_word' id='word_1_641' title='bbox 1135 5231 1363 5284; x_wconf 84' lang='lat' dir='ltr'><strong>Joannis</strong></span> <span class='ocrx_word' id='word_1_642' title='bbox 1403 5231 1926 5301; x_wconf 88' lang='lat' dir='ltr'><strong>indolis-(quinimo</strong></span> <span class='ocrx_word' id='word_1_643' title='bbox 1962 5231 2132 5285; x_wconf 88' lang='lat' dir='ltr'><strong>animi</strong></span> 
     </span>
    </p>
   </div>
   <div class='ocr_carea' id='block_1_97' title="bbox 543 5321 2134 5391">
    <p class='ocr_par' dir='ltr' id='par_1_97' title="bbox 543 5321 2134 5391">
     <span class='ocr_line' id='line_1_97' title="bbox 543 5321 2134 5391; baseline 0 -15"><span class='ocrx_word' id='word_1_644' title='bbox 543 5323 657 5376; x_wconf 89' lang='lat' dir='ltr'><strong>Deo</strong></span> <span class='ocrx_word' id='word_1_645' title='bbox 703 5322 970 5376; x_wconf 90' lang='lat' dir='ltr'><strong>simillimi</strong></span> <span class='ocrx_word' id='word_1_646' title='bbox 1003 5322 1314 5391; x_wconf 89' lang='lat' dir='ltr'><strong>mentisque</strong></span> <span class='ocrx_word' id='word_1_647' title='bbox 1352 5321 1741 5391; x_wconf 67' lang='lat' dir='ltr'><strong>divinissimaa)</strong></span> <span class='ocrx_word' id='word_1_648' title='bbox 1777 5322 1970 5376; x_wconf 82' lang='lat' dir='ltr'><strong>laudes</strong></span> <span class='ocrx_word' id='word_1_649' title='bbox 2003 5322 2134 5376; x_wconf 86' lang='lat' dir='ltr'><strong>atti-</strong></span> 
     </span>
    </p>
   </div>
   <div class='ocr_carea' id='block_1_98' title="bbox 540 5412 2134 5484">
    <p class='ocr_par' dir='ltr' id='par_1_98' title="bbox 540 5412 2134 5484">
     <span class='ocr_line' id='line_1_98' title="bbox 540 5412 2134 5484; baseline 0.001 -18"><span class='ocrx_word' id='word_1_650' title='bbox 540 5413 700 5481; x_wconf 81' lang='lat' dir='ltr'><strong>gerit,</strong></span> <span class='ocrx_word' id='word_1_651' title='bbox 731 5412 834 5465; x_wconf 89' lang='lat' dir='ltr'><strong>nisi</strong></span> <span class='ocrx_word' id='word_1_652' title='bbox 866 5413 912 5465; x_wconf 91' lang='lat' dir='ltr'><strong>is</strong></span> <span class='ocrx_word' id='word_1_653' title='bbox 935 5412 1050 5482; x_wconf 88' lang='lat' dir='ltr'><strong>ipse</strong></span> <span class='ocrx_word' id='word_1_654' title='bbox 1077 5428 1107 5467; x_wconf 90' lang='lat' dir='ltr'><strong>e</strong></span> <span class='ocrx_word' id='word_1_655' title='bbox 1145 5413 1466 5467; x_wconf 59' lang='lat' dir='ltr'><strong>caelestibus</strong></span> <span class='ocrx_word' id='word_1_656' title='bbox 1495 5413 1765 5481; x_wconf 85' lang='lat' dir='ltr'><strong>tantisper</strong></span> <span class='ocrx_word' id='word_1_657' title='bbox 1824 5414 2003 5484; x_wconf 79' lang='lat' dir='ltr'><strong>adytis</strong></span> <span class='ocrx_word' id='word_1_658' title='bbox 2035 5413 2134 5468; x_wconf 82' lang='lat' dir='ltr'><strong>de—</strong></span> 
     </span>
    </p>
   </div>
   <div class='ocr_carea' id='block_1_99' title="bbox 540 5502 2140 5574">
    <p class='ocr_par' dir='ltr' id='par_1_99' title="bbox 540 5502 2140 5574">
     <span class='ocr_line' id='line_1_99' title="bbox 540 5502 2140 5574; baseline 0.001 -15"><span class='ocrx_word' id='word_1_659' title='bbox 540 5502 1145 5574; x_wconf 78' lang='lat' dir='ltr'><strong>seendens,divina:que</strong></span> <span class='ocrx_word' id='word_1_660' title='bbox 1168 5507 1364 5559; x_wconf 67' lang='lat' dir='ltr'><strong>aemula</strong></span> <span class='ocrx_word' id='word_1_661' title='bbox 1385 5505 1630 5560; x_wconf 89' lang='lat' dir='ltr'><strong>bonitate</strong></span> <span class='ocrx_word' id='word_1_662' title='bbox 1656 5505 1959 5561; x_wconf 88' lang='lat' dir='ltr'><strong>humilibus</strong></span> <span class='ocrx_word' id='word_1_663' title='bbox 1979 5521 2140 5562; x_wconf 78' lang='lat' dir='ltr'><strong>acce-</strong></span> 
     </span>
    </p>
   </div>
   <div class='ocr_carea' id='block_1_100' title="bbox 2242 4678 3829 4752">
    <p class='ocr_par' dir='ltr' id='par_1_100' title="bbox 2242 4678 3829 4752">
     <span class='ocr_line' id='line_1_100' title="bbox 2242 4678 3829 4752; baseline -0.004 -18"><span class='ocrx_word' id='word_1_664' title='bbox 2242 4681 2520 4752; x_wconf 85' lang='grc' dir='ltr'>είληπται,</span> <span class='ocrx_word' id='word_1_665' title='bbox 2560 4680 2702 4733; x_wconf 83' lang='grc' dir='ltr'>ὥστε</span> <span class='ocrx_word' id='word_1_666' title='bbox 2735 4681 2912 4748; x_wconf 87' lang='grc' dir='ltr'>στόμα</span> <span class='ocrx_word' id='word_1_667' title='bbox 2950 4680 3135 4750; x_wconf 72' lang='grc' dir='ltr'>διᾶραι</span> <span class='ocrx_word' id='word_1_668' title='bbox 3165 4681 3394 4750; x_wconf 82' lang='grc' dir='ltr'>τολμᾷν,</span> <span class='ocrx_word' id='word_1_669' title='bbox 3445 4682 3540 4731; x_wconf 76' lang='grc' dir='ltr'><strong>καὶ</strong></span> <span class='ocrx_word' id='word_1_670' title='bbox 3571 4678 3829 4745; x_wconf 77' lang='grc' dir='ltr'>γλῶσσαν</span> 
     </span>
    </p>
   </div>
   <div class='ocr_carea' id='block_1_101' title="bbox 2243 4770 3830 4840">
    <p class='ocr_par' dir='ltr' id='par_1_101' title="bbox 2243 4770 3830 4840">
     <span class='ocr_line' id='line_1_101' title="bbox 2243 4770 3830 4840; baseline -0.002 -15"><span class='ocrx_word' id='word_1_671' title='bbox 2243 4774 2322 4834; x_wconf 85' lang='grc' dir='ltr'>εἰς</span> <span class='ocrx_word' id='word_1_672' title='bbox 2356 4772 2578 4825; x_wconf 76' lang='grc' dir='ltr'>ἔπαινον</span> <span class='ocrx_word' id='word_1_673' title='bbox 2608 4773 2780 4824; x_wconf 86' lang='grc' dir='ltr'>κινεῖν</span> <span class='ocrx_word' id='word_1_674' title='bbox 2804 4770 2913 4825; x_wconf 81' lang='grc' dir='ltr'>τῶν</span> <span class='ocrx_word' id='word_1_675' title='bbox 2945 4773 3037 4823; x_wconf 68' lang='grc' dir='ltr'>τοὺ</span> <span class='ocrx_word' id='word_1_676' title='bbox 3059 4770 3196 4823; x_wconf 78' lang='grc' dir='ltr'>Θεοῦ</span> <span class='ocrx_word' id='word_1_677' title='bbox 3232 4770 3492 4840; x_wconf 80' lang='grc' dir='ltr'>μαθητῶν</span> <span class='ocrx_word' id='word_1_678' title='bbox 3519 4787 3533 4835; x_wconf 89' lang='lat'><strong>;</strong></span> <span class='ocrx_word' id='word_1_679' title='bbox 3576 4771 3670 4831; x_wconf 83' lang='grc' dir='ltr'><strong>Τίς</strong></span> <span class='ocrx_word' id='word_1_680' title='bbox 3703 4772 3830 4822; x_wconf 88' lang='grc' dir='ltr'>ἱκα-</span> 
     </span>
    </p>
   </div>
   <div class='ocr_carea' id='block_1_102' title="bbox 2243 4859 3826 4933">
    <p class='ocr_par' dir='ltr' id='par_1_102' title="bbox 2243 4859 3826 4933">
     <span class='ocr_line' id='line_1_102' title="bbox 2243 4859 3826 4933; baseline -0.004 -16"><span class='ocrx_word' id='word_1_681' title='bbox 2243 4865 2353 4930; x_wconf 77' lang='grc' dir='ltr'>νὸς,</span> <span class='ocrx_word' id='word_1_682' title='bbox 2402 4864 2476 4933; x_wconf 82' lang='grc' dir='ltr'>μὴ</span> <span class='ocrx_word' id='word_1_683' title='bbox 2517 4865 2600 4917; x_wconf 83' lang='grc' dir='ltr'>ὃτι</span> <span class='ocrx_word' id='word_1_684' title='bbox 2633 4881 2698 4930; x_wconf 82' lang='grc' dir='ltr'>γε</span> <span class='ocrx_word' id='word_1_685' title='bbox 2760 4864 2985 4916; x_wconf 82' lang='grc' dir='ltr'>πάντων</span> <span class='ocrx_word' id='word_1_686' title='bbox 3009 4864 3098 4932; x_wconf 82' lang='grc' dir='ltr'><strong>ὑφ’</strong></span> <span class='ocrx_word' id='word_1_687' title='bbox 3152 4863 3230 4926; x_wconf 81' lang='grc' dir='ltr'>ἓν,</span> <span class='ocrx_word' id='word_1_688' title='bbox 3284 4862 3402 4923; x_wconf 75' lang='grc' dir='ltr'><strong>ἐνὸς</strong></span> <span class='ocrx_word' id='word_1_689' title='bbox 3431 4859 3561 4927; x_wconf 75' lang='grc' dir='ltr'>γοῦν</span> <span class='ocrx_word' id='word_1_690' title='bbox 3621 4863 3826 4926; x_wconf 69' lang='grc' dir='ltr'>αὐτῶν,</span> 
     </span>
    </p>
   </div>
   <div class='ocr_carea' id='block_1_103' title="bbox 2250 4951 3829 5026">
    <p class='ocr_par' dir='ltr' id='par_1_103' title="bbox 2250 4951 3829 5026">
     <span class='ocr_line' id='line_1_103' title="bbox 2250 4951 3829 5026; baseline -0.004 -19"><span class='ocrx_word' id='word_1_691' title='bbox 2250 4957 2347 5024; x_wconf 82' lang='grc' dir='ltr'><strong>τὴν</strong></span> <span class='ocrx_word' id='word_1_692' title='bbox 2369 4956 2468 5024; x_wconf 76' lang='grc' dir='ltr'><strong>τῆς</strong></span> <span class='ocrx_word' id='word_1_693' title='bbox 2499 4957 2702 5026; x_wconf 68' lang='grc' dir='ltr'>ἀρετῆς</span> <span class='ocrx_word' id='word_1_694' title='bbox 2728 4956 3227 5026; x_wconf 68' lang='grc' dir='ltr'>μεγαλοπρέπειαν,</span> <span class='ocrx_word' id='word_1_695' title='bbox 3259 4951 3577 5020; x_wconf 72' lang='grc' dir='ltr'>τυπωθῆναί</span> <span class='ocrx_word' id='word_1_696' title='bbox 3609 4969 3664 5002; x_wconf 86' lang='grc' dir='ltr'><strong>τε</strong></span> <span class='ocrx_word' id='word_1_697' title='bbox 3702 4951 3829 5002; x_wconf 81' lang='grc' dir='ltr'>κατ’</span> 
     </span>
    </p>
   </div>
   <div class='ocr_carea' id='block_1_104' title="bbox 2245 5043 3796 5117">
    <p class='ocr_par' dir='ltr' id='par_1_104' title="bbox 2245 5043 3796 5117">
     <span class='ocr_line' id='line_1_104' title="bbox 2245 5043 3796 5117; baseline -0.004 -19"><span class='ocrx_word' id='word_1_698' title='bbox 2245 5047 2404 5111; x_wconf 81' lang='grc' dir='ltr'>ἀξίαν</span> <span class='ocrx_word' id='word_1_699' title='bbox 2431 5047 2508 5117; x_wconf 77' lang='grc' dir='ltr'>τῷ</span> <span class='ocrx_word' id='word_1_700' title='bbox 2545 5046 2641 5116; x_wconf 80' lang='grc' dir='ltr'>νῷ,</span> <span class='ocrx_word' id='word_1_701' title='bbox 2673 5048 2769 5100; x_wconf 76' lang='grc' dir='ltr'>καὶ</span> <span class='ocrx_word' id='word_1_702' title='bbox 2799 5048 3135 5116; x_wconf 69' lang='grc' dir='ltr'>ἑρμηνεῦσαι</span> <span class='ocrx_word' id='word_1_703' title='bbox 3170 5045 3245 5112; x_wconf 74' lang='grc' dir='ltr'><strong>τῷ</strong></span> <span class='ocrx_word' id='word_1_704' title='bbox 3275 5045 3420 5112; x_wconf 62' lang='grc' dir='ltr'>λόγῳ</span> <span class='ocrx_word' id='word_1_705' title='bbox 3456 5043 3796 5111; x_wconf 73' lang='grc' dir='ltr'>δυνηθῆναις</span> 
     </span>
    </p>
   </div>
   <div class='ocr_carea' id='block_1_105' title="bbox 2317 5132 3831 5202">
    <p class='ocr_par' dir='ltr' id='par_1_105' title="bbox 2317 5132 3831 5202">
     <span class='ocr_line' id='line_1_105' title="bbox 2317 5132 3831 5202; baseline -0.003 -12"><span class='ocrx_word' id='word_1_706' title='bbox 2317 5140 2497 5202; x_wconf 82' lang='grc' dir='ltr'><strong>Ποῖος,</strong></span> <span class='ocrx_word' id='word_1_707' title='bbox 2525 5139 2610 5191; x_wconf 82' lang='grc' dir='ltr'>ἵνα</span> <span class='ocrx_word' id='word_1_708' title='bbox 2635 5136 2873 5190; x_wconf 84' lang='grc' dir='ltr'>συνελὼν</span> <span class='ocrx_word' id='word_1_709' title='bbox 2897 5137 3060 5198; x_wconf 79' lang='grc' dir='ltr'>εἴπω,</span> <span class='ocrx_word' id='word_1_710' title='bbox 3097 5135 3242 5199; x_wconf 79' lang='grc' dir='ltr'>νοῦς,</span> <span class='ocrx_word' id='word_1_711' title='bbox 3279 5138 3431 5196; x_wconf 83' lang='grc' dir='ltr'>ποῖος</span> <span class='ocrx_word' id='word_1_712' title='bbox 3456 5134 3514 5186; x_wconf 80' lang='grc' dir='ltr'>δὲ</span> <span class='ocrx_word' id='word_1_713' title='bbox 3543 5133 3699 5197; x_wconf 82' lang='grc' dir='ltr'>λόγος</span> <span class='ocrx_word' id='word_1_714' title='bbox 3725 5132 3831 5202; x_wconf 80' lang='grc' dir='ltr'><strong>τῆς</strong></span> 
     </span>
    </p>
   </div>
   <div class='ocr_carea' id='block_1_106' title="bbox 2254 5225 3829 5301">
    <p class='ocr_par' dir='ltr' id='par_1_106' title="bbox 2254 5225 3829 5301">
     <span class='ocr_line' id='line_1_106' title="bbox 2254 5225 3829 5301; baseline -0.005 -17"><span class='ocrx_word' id='word_1_715' title='bbox 2254 5230 2506 5284; x_wconf 82' lang='grc' dir='ltr'>Ἰωάννου</span> <span class='ocrx_word' id='word_1_716' title='bbox 2570 5230 2982 5301; x_wconf 79' lang='grc' dir='ltr'>μεγαλοφυῖας,</span> <span class='ocrx_word' id='word_1_717' title='bbox 3041 5228 3240 5298; x_wconf 83' lang='grc' dir='ltr'>μᾶλλον</span> <span class='ocrx_word' id='word_1_718' title='bbox 3297 5227 3354 5279; x_wconf 76' lang='grc' dir='ltr'>δὲ</span> <span class='ocrx_word' id='word_1_719' title='bbox 3413 5225 3829 5295; x_wconf 79' lang='grc' dir='ltr'>θεοειδεστατης</span> 
     </span>
    </p>
   </div>
   <div class='ocr_carea' id='block_1_107' title="bbox 2239 5316 3828 5394">
    <p class='ocr_par' dir='ltr' id='par_1_107' title="bbox 2239 5316 3828 5394">
     <span class='ocr_line' id='line_1_107' title="bbox 2239 5316 3828 5394; baseline -0.004 -19"><span class='ocrx_word' id='word_1_720' title='bbox 2239 5321 2419 5394; x_wconf 66' lang='grc' dir='ltr'>ψυχῆς</span> <span class='ocrx_word' id='word_1_721' title='bbox 2446 5321 2543 5374; x_wconf 78' lang='grc' dir='ltr'><strong>καὶ</strong></span> <span class='ocrx_word' id='word_1_722' title='bbox 2599 5320 2843 5382; x_wconf 82' lang='grc' dir='ltr'>διανοίας</span> <span class='ocrx_word' id='word_1_723' title='bbox 2872 5323 2984 5382; x_wconf 79' lang='grc' dir='ltr'><strong>τοῖς</strong></span> <span class='ocrx_word' id='word_1_724' title='bbox 3011 5319 3311 5387; x_wconf 75' lang='grc' dir='ltr'>ἐγκωμίοις</span> <span class='ocrx_word' id='word_1_725' title='bbox 3350 5317 3732 5388; x_wconf 84' lang='grc' dir='ltr'>προσεγγίσαι,</span> <span class='ocrx_word' id='word_1_726' title='bbox 3774 5316 3828 5368; x_wconf 86' lang='grc' dir='ltr'><strong>εἰ</strong></span> 
     </span>
    </p>
   </div>
   <div class='ocr_carea' id='block_1_108' title="bbox 2243 5411 3826 5487">
    <p class='ocr_par' dir='ltr' id='par_1_108' title="bbox 2243 5411 3826 5487">
     <span class='ocr_line' id='line_1_108' title="bbox 2243 5411 3826 5487; baseline -0.006 -18"><span class='ocrx_word' id='word_1_727' title='bbox 2243 5417 2318 5487; x_wconf 81' lang='grc' dir='ltr'>μὴ</span> <span class='ocrx_word' id='word_1_728' title='bbox 2373 5415 2537 5478; x_wconf 80' lang='grc' dir='ltr'>αὐτὸς</span> <span class='ocrx_word' id='word_1_729' title='bbox 2566 5416 2778 5477; x_wconf 78' lang='grc' dir='ltr'>ἐκεῖνος</span> <span class='ocrx_word' id='word_1_730' title='bbox 2809 5411 2918 5465; x_wconf 81' lang='grc' dir='ltr'><strong>τῶν</strong></span> <span class='ocrx_word' id='word_1_731' title='bbox 2957 5413 3226 5483; x_wconf 81' lang='grc' dir='ltr'>οὐρανίων</span> <span class='ocrx_word' id='word_1_732' title='bbox 3278 5413 3488 5464; x_wconf 79' lang='grc' dir='ltr'>ἀδύτων</span> <span class='ocrx_word' id='word_1_733' title='bbox 3537 5411 3826 5463; x_wconf 74' lang='grc' dir='ltr'>ὑποκατα-</span> 
     </span>
    </p>
   </div>
   <div class='ocr_carea' id='block_1_109' title="bbox 2241 5503 3829 5577">
    <p class='ocr_par' dir='ltr' id='par_1_109' title="bbox 2241 5503 3829 5577">
     <span class='ocr_line' id='line_1_109' title="bbox 2241 5503 3829 5577; baseline -0.003 -19"><span class='ocrx_word' id='word_1_734' title='bbox 2241 5507 2365 5574; x_wconf 76' lang='grc' dir='ltr'><strong>ϐὰς,</strong></span> <span class='ocrx_word' id='word_1_735' title='bbox 2428 5508 2522 5561; x_wconf 73' lang='grc' dir='ltr'><strong>καὶ</strong></span> <span class='ocrx_word' id='word_1_736' title='bbox 2583 5505 2910 5577; x_wconf 80' lang='grc' dir='ltr'>θεομιμήτῳ</span> <span class='ocrx_word' id='word_1_737' title='bbox 2977 5505 3310 5575; x_wconf 79' lang='grc' dir='ltr'>χρηστότητι</span> <span class='ocrx_word' id='word_1_738' title='bbox 3369 5505 3484 5565; x_wconf 83' lang='grc' dir='ltr'>τοῖς</span> <span class='ocrx_word' id='word_1_739' title='bbox 3541 5503 3829 5564; x_wconf 79' lang='grc' dir='ltr'>ταπεινοῖς</span> 
     </span>
    </p>
   </div>
   <div class='ocr_carea' id='block_1_110' title="bbox 543 5593 2139 5669">
    <p class='ocr_par' dir='ltr' id='par_1_110' title="bbox 543 5597 2134 5668">
     <span class='ocr_line' id='line_1_110' title="bbox 543 5597 2134 5668; baseline 0.002 -18"><span class='ocrx_word' id='word_1_740' title='bbox 543 5599 719 5662; x_wconf 86' lang='lat' dir='ltr'><strong>deus,</strong></span> <span class='ocrx_word' id='word_1_741' title='bbox 773 5605 949 5666; x_wconf 82' lang='lat' dir='ltr'><strong>OSque</strong></span> <span class='ocrx_word' id='word_1_742' title='bbox 1004 5611 1106 5666; x_wconf 88' lang='lat' dir='ltr'><strong>pro</strong></span> <span class='ocrx_word' id='word_1_743' title='bbox 1150 5597 1392 5668; x_wconf 83' lang='lat' dir='ltr'><strong>theologi</strong></span> <span class='ocrx_word' id='word_1_744' title='bbox 1441 5613 1668 5652; x_wconf 88' lang='lat' dir='ltr'><strong>munere</strong></span> <span class='ocrx_word' id='word_1_745' title='bbox 1727 5597 2134 5653; x_wconf 83' lang='lat' dir='ltr'><strong>divinissimum</strong></span> 
     </span>
    </p>
   </div>
   <div class='ocr_carea' id='block_1_111' title="bbox 2241 5593 3824 5669">
    <p class='ocr_par' dir='ltr' id='par_1_111' title="bbox 2241 5593 3824 5669">
     <span class='ocr_line' id='line_1_111' title="bbox 2241 5593 3824 5669; baseline -0.01 -14"><span class='ocrx_word' id='word_1_746' title='bbox 2241 5599 2512 5669; x_wconf 75' lang='grc' dir='ltr'><strong>ὴγγικὼς,</strong></span> <span class='ocrx_word' id='word_1_747' title='bbox 2555 5598 2654 5654; x_wconf 69' lang='grc' dir='ltr'><strong>καὶ</strong></span> <span class='ocrx_word' id='word_1_748' title='bbox 2686 5599 2747 5654; x_wconf 85' lang='grc' dir='ltr'>τὺ</span> <span class='ocrx_word' id='word_1_749' title='bbox 2772 5597 3234 5668; x_wconf 85' lang='grc' dir='ltr'>θεολογικώτατον</span> <span class='ocrx_word' id='word_1_750' title='bbox 3273 5594 3448 5667; x_wconf 85' lang='grc' dir='ltr'>στόμα</span> <span class='ocrx_word' id='word_1_751' title='bbox 3477 5597 3589 5658; x_wconf 84' lang='grc' dir='ltr'>τοῖς</span> <span class='ocrx_word' id='word_1_752' title='bbox 3617 5593 3824 5667; x_wconf 72' lang='grc' dir='ltr'>ἡμετέ-</span> 
     </span>
    </p>
   </div>
   <div class='ocr_carea' id='block_1_112' title="bbox 540 5683 2139 5764">
    <p class='ocr_par' dir='ltr' id='par_1_112' title="bbox 540 5687 2134 5759">
     <span class='ocr_line' id='line_1_112' title="bbox 540 5687 2134 5759; baseline 0.001 -15"><span class='ocrx_word' id='word_1_753' title='bbox 540 5689 771 5744; x_wconf 74' lang='lat' dir='ltr'><strong>auribus</strong></span> <span class='ocrx_word' id='word_1_754' title='bbox 799 5687 1007 5742; x_wconf 89' lang='lat' dir='ltr'><strong>nostris</strong></span> <span class='ocrx_word' id='word_1_755' title='bbox 1046 5689 1488 5756; x_wconf 84' lang='lat' dir='ltr'><strong>accommodans,</strong></span> <span class='ocrx_word' id='word_1_756' title='bbox 1525 5705 1681 5746; x_wconf 85' lang='lat' dir='ltr'><strong>suam</strong></span> <span class='ocrx_word' id='word_1_757' title='bbox 1719 5688 1910 5758; x_wconf 90' lang='lat' dir='ltr'><strong>nobis,</strong></span> <span class='ocrx_word' id='word_1_758' title='bbox 1950 5689 2134 5759; x_wconf 81' lang='lat' dir='ltr'><strong>quoad</strong></span> 
     </span>
    </p>
   </div>
   <div class='ocr_carea' id='block_1_113' title="bbox 2241 5683 3823 5764">
    <p class='ocr_par' dir='ltr' id='par_1_113' title="bbox 2241 5683 3823 5764">
     <span class='ocr_line' id='line_1_113' title="bbox 2241 5683 3823 5764; baseline -0.004 -20"><span class='ocrx_word' id='word_1_759' title='bbox 2241 5706 2357 5762; x_wconf 78' lang='grc' dir='ltr'>ροις</span> <span class='ocrx_word' id='word_1_760' title='bbox 2387 5689 2492 5744; x_wconf 73' lang='grc' dir='ltr'><strong>ὠσὶ</strong></span> <span class='ocrx_word' id='word_1_761' title='bbox 2511 5689 2966 5764; x_wconf 79' lang='grc' dir='ltr'>παρασκευάσας,</span> <span class='ocrx_word' id='word_1_762' title='bbox 2987 5687 3078 5744; x_wconf 81' lang='grc' dir='ltr'>τὸν</span> <span class='ocrx_word' id='word_1_763' title='bbox 3098 5688 3297 5742; x_wconf 83' lang='grc' dir='ltr'>οἰκεῖον</span> <span class='ocrx_word' id='word_1_764' title='bbox 3333 5686 3578 5752; x_wconf 72' lang='grc' dir='ltr'>ἔπαινον,</span> <span class='ocrx_word' id='word_1_765' title='bbox 3611 5686 3692 5750; x_wconf 84' lang='grc' dir='ltr'>εἰς</span> <span class='ocrx_word' id='word_1_766' title='bbox 3722 5683 3823 5753; x_wconf 78' lang='grc' dir='ltr'>τὴν</span> 
     </span>
    </p>
   </div>
   <div class='ocr_carea' id='block_1_114' title="bbox 613 5845 1060 5933">
    <p class='ocr_par' dir='ltr' id='par_1_114' title="bbox 613 5845 1060 5933">
     <span class='ocr_line' id='line_1_114' title="bbox 613 5845 1060 5933; baseline -0.004 -33"><span class='ocrx_word' id='word_1_767' title='bbox 613 5848 654 5878; x_wconf 78' lang='grc'><strong>¹⁶</strong></span> <span class='ocrx_word' id='word_1_768' title='bbox 675 5845 840 5901; x_wconf 80' lang='lat' dir='ltr'><strong>Marc.</strong></span> <span class='ocrx_word' id='word_1_769' title='bbox 869 5863 949 5933; x_wconf 68' lang='lat' dir='ltr'><strong>in,</strong></span> <span class='ocrx_word' id='word_1_770' title='bbox 974 5846 1060 5898; x_wconf 81' lang='grc' dir='ltr'><strong>Π.</strong></span> 
     </span>
    </p>
   </div>
  </div>
