4086 6282
306 417 406 484 ιοι
1082 381 1505 484 onmovr.
1534 444 1608 456 -
1633 419 1720 482 IN
1763 419 2083 484 LAUDEM
2120 423 2185 485 s.
2223 422 2548 518 Joannis
2583 422 2857 491 EVANG.
3334 446 3337 447 ί
3496 429 3601 495 102

298 532 399 585 τοῦ
433 529 651 601 Πατρὸς
680 529 861 599 δόξαν,
888 530 967 595 ὡς
996 530 1222 601 ἐφικτὸν
1260 536 1419 606 ἡμῖν,
1462 535 1894 608 ὶμσροντήσειεν

2000 537 2217 609 assequi
2247 520 2413 607 licet,
2434 540 2491 597 in
2516 540 2699 599 Patris
2722 542 2978 614 gloriam,
3005 542 3231 601 laudem
3255 543 3601 603 intonuerit?

298 626 439 693 ἡμῖν
474 640 492 691 ;
531 622 688 677 Ἐλθὲ
735 622 1046 695 τοιγαροῦν,
1094 620 1143 679 ὦ
1194 625 1454 681 θεσπέσιε
1528 628 1747 698 θεολόγε
1797 631 1894 683 καὶ

2000 628 2135 686 Veni
2164 629 2357 703 igitur,
2377 631 2565 688 divine
2590 632 2868 705 Theol0ge
2886 642 2945 690 et
2956 630 3327 707 Evarigelista,
3355 639 3599 695 coalestis
3696 648 3708 659 '

301 714 693 785 εὐαγγελιστὰ,
723 717 758 786 η
793 715 1023 784 οὐρανία
1053 716 1150 769 τοῦ
1201 717 1381 788 Λόγου
1414 719 1675 788 σάλπιγξ,
1699 723 1733 790 ἡ
1765 720 1897 804 siin,-

303 826 422 878 χος,
457 810 491 869 ἠ
526 807 872 878 ιναρμόνιος,
910 807 946 879 ή
993 809 1110 871 τοῖς
1142 808 1443 879 μελιειδέσι
1500 812 1600 883 τῆς
1624 804 1896 884 ἀληθείας

302 900 597 970 φθόγγοις,
660 900 842 953 πᾶσαν
888 899 1282 971 είκαιομυθίαν
1324 902 1618 973 έλληνικὴν
1669 920 1896 957 κατασι-

2000 924 2224 966 mnaus:
2249 910 2543 980 omniaque
2566 919 2849 965 oratorum
2882 926 2947 965 ac
2975 911 3429 983 philosophorum
3452 914 3597 967 mul-

302 992 563 1060 γάσασα·
596 990 778 1048 πάντα
828 990 887 1044 δὲ
918 992 1170 1061 ρητόρων
1192 994 1289 1046 καὶ
1319 991 1631 1063 φιλοσόφων
1684 993 1897 1064 ὄργανα

2000 1001 2176 1070 tiplici
2226 1004 2592 1057 consonantia
2622 1003 2905 1057 modulata
2926 1018 3131 1075 organa
3163 1003 3451 1076 theologis:
3489 1013 3599 1062 tua:

306 1083 688 1161 πολυαρμόνια
738 1079 822 1153 τῷ
859 1080 1222 1173 βροντοφὼνῳ
1296 1083 1399 1154 τῆς
1454 1084 1739 1153 θεολογίας
1801 1103 1895 1138 σου

2000 1091 2112 1147 alto
2147 1092 2397 1147 tonitrua
2422 1093 2679 1162 sapiens,
2718 1103 2883 1162 atque
2907 1072 3127 1148 omnem
3159 1072 3341 1149 verba
3357 1072 3597 1166 dignum

304 1173 795 1243 κατακοιμίσασαο
845 1172 1028 1226 πᾶσαν
1057 1173 1116 1226 δὲ
1147 1172 1329 1245 ψυχὴν
1367 1174 1526 1240 ἀξίαν
1557 1176 1654 1229 τοῦ
1717 1177 1896 1244 Λόγου

2000 1186 2247 1241 animum
2278 1186 2347 1242 ad
2376 1202 2435 1243 se
2466 1186 2724 1253 trahens;
2756 1202 2861 1243 nec
2889 1187 3180 1243 hominum
3204 1186 3391 1252 modo,
3418 1186 3515 1243 sed
3539 1194 3600 1244 et

303 1266 443 1337 πρὸς
477 1266 681 1337 ἑαυτὴν
701 1265 1047 1336 ἐφελκομένη
1072 1278 1089 1296 ⁸
1111 1266 1209 1319 καὶ
1232 1267 1335 1321 οὐκ
1358 1266 1668 1340 ἀνθρώπων
1694 1268 1895 1339 μόνων,

2000 1278 2248 1349 ipsarum
2278 1278 2478 1346 (ausim
2509 1278 2721 1344 dicere)
2748 1279 3061 1335 caelestium
3095 1280 3439 1335 Potestatum
3462 1294 3595 1352 per-

307 1358 449 1411 ἀλλὰ
478 1359 574 1411 καὶ
593 1357 799 1425 αὐτῶν,
841 1356 1029 1428 τολμῶ
1061 1356 1256 1425 φάναι,
1289 1359 1400 1413 τῶν
1420 1360 1692 1431 οὐρανίων
1724 1362 1898 1415 Δυνά-

2000 1371 2266 1427 eximium
2287 1372 2542 1427 auditum
2572 1372 2660 1429 sui
2686 1372 2966 1428 desiderio
2995 1373 3255 1429 illiciens.

296 1462 491 1518 :pamv,
516 1450 616 1519 τὴν
671 1449 1130 1521 ύπερφυεστάτην
1165 1449 1531 1522 ἐπισπωμένη
1578 1452 1721 1523 πρὸς
1768 1453 1900 1505 ἑαυ-

298 1539 404 1611 τὴν
455 1542 652 1609 άκοήν.

385 1630 450 1684 ’0
480 1630 578 1684 τοῦ
606 1631 822 1701 [ἰατρὸς
854 1632 967 1688 τῶν
1025 1632 1223 1704 φώτων
1268 1630 1569 1698 ἀξιώτατος
1611 1632 1900 1703 ὑποφήτης

2071 1634 2253 1690 Patris
2295 1633 2570 1691 luminum
2597 1634 2921 1706 dignissime
2946 1634 3225 1705 interpres
3271 1650 3337 1689 ac
3391 1636 3594 1703 scriba,

296 1717 398 1770 καὶ
427 1717 796 1789 γραμματεύς
817 1736 833 1753 ·
864 1720 925 1775 τὸ
956 1724 1132 1792 στόμα
1157 1720 1253 1777 τοῦ
1311 1721 1577 1794 Χριστοῦ,
1605 1723 1638 1793 ὴ
1674 1721 1900 1788 γλῶσσα

2000 1723 2205 1781 Christi
2237 1741 2320 1790 os,
2350 1725 2537 1797 lingua
2577 1726 2842 1796 Spiritus,
2878 1730 3000 1781 veni
3031 1726 3098 1779 ad
3130 1741 3219 1780 me
3252 1728 3474 1796 spiritu,
3498 1728 3596 1797 qui

293 1809 400 1893 τοῦ
424 1810 767 1880 Πνεύματος,
796 1812 919 1866 ἔλθέ
965 1831 1057 1883 μοι
1088 1813 1167 1885 τῷ
1198 1812 1497 1883 πνεύματι,
1551 1811 1780 1883 Πνεῦμα
1804 1813 1900 1867 καὶ

2002 1828 2060 1873 et
2097 1820 2215 1888 ipse
2240 1818 2461 1873 divinus
2491 1818 2731 1889 Spiritus
2774 1819 2873 1883 sis,
2924 1828 3183 1887 tanquam
3216 1834 3285 1872 ex
3317 1818 3431 1873 Deo
3468 1818 3597 1889 Spi-

295 1888 467 1964 αὖτδς
501 1898 646 1954 θεῖον
669 1898 768 1965 ὢν,
799 1900 874 1965 ὡς
902 1904 967 1956 ὲκ
1001 1902 1138 1957 Θεοῦ
1188 1902 1507 1975 Πνεύματος
1563 1906 1900 1975 γεγεννημέ-

2007 1887 2307 1966 ritunatus
2329 1912 2394 1965 ⁸⁷.
2418 1887 2559 1966 Ecce
2599 1925 2697 1967 cor
2727 1910 2828 1965 tibi
2859 1910 2981 1965 lene
3004 1920 3060 1966 et
3084 1911 3441 1981 tranquillum
3476 1887 3598 1966 uiu-

297 2011 417 2058 νος.
459 1992 595 2046 Ἰδοὺ
626 1992 863 2065 κίχρημι
886 2010 969 2047 σοι
1016 1994 1248 2066 καρδίαν
1281 2000 1516 2067 πραεῖαν
1538 1997 1636 2049 καὶ
1658 1996 1900 2067 ἡσύχιον,

2009 2009 2124 2068 tuo,
2153 2002 2416 2071 velutque
2470 2000 2866 2070 intelligentem
2897 2000 3120 2054 hortum
3157 2014 3224 2055 ac
3279 2001 3595 2072 mysticum,

296 2086 401 2141 καὶ
427 2081 598 2157 οίαδὴ
618 2086 807 2157 νοερὸν
836 2084 1013 2156 κῆπον
1038 2085 1134 2140 καὶ
1163 2087 1446 2157 μυστικὸν,
1463 2087 1703 2141 διάνοιαν
1718 2087 1900 2158 ὑπέχω

2005 2095 2271 2151 humilem
2337 2094 2777 2164 :equabilemque
2833 2093 3078 2147 animum
3117 2092 3354 2163 praebeo.
3390 2091 3590 2161 Surge,

1995 726 2165 783 Verbi
2186 725 2342 791 tuba,
2361 742 2585 792 sonora,
2609 726 2881 782 concinna
2909 727 3134 783 mellitis
3152 727 3403 783 veritatis
3418 730 3595 794 sonis,

1996 833 2222 874 omnem
2258 818 2882 875 Graecorum'sermonis
2918 820 3217 875 vanitatem
3256 820 3477 877 silentio
3502 820 3602 877 da-

294 2179 571 2248 ταπεινήν
599 2193 661 2231 τε
687 2178 784 2230 καὶ
814 2175 1015 2248 ὁμαλῆ.
1050 2176 1412 2246 Ἔξεγείρου,
1432 2177 1652 2248 βορῤᾶ,
1674 2177 1776 2233 καί
1802 2178 1903 2248 ἕρ-

295 2287 441 2339 χου,
461 2268 609 2321 νότε
637 2281 653 2297 ο
709 2265 1088 2321 διάπνευσον
1120 2266 1323 2339 κῆπόν
1348 2285 1491 2338 μου,
1530 2269 1629 2323 καὶ
1670 2268 1902 2338 ῥευσά-

295 2375 511 2416 τωσαν
561 2357 846 2428 ἀρώματά
889 2376 1033 2428 μου.
1096 2357 1480 2428 Προσλαλείτω
1531 2358 1639 2430 γάρ
1686 2375 1770 2412 σοι
1804 2360 1903 2412 καὶ

297 2449 592 2524 Σίολομών⁸
625 2453 692 2504 σὺ
725 2451 837 2522 γὰρ
859 2450 1066 2523 βορρᾶς
1104 2452 1225 2523 μὲν,
1242 2452 1320 2515 ὠς
1344 2453 1458 2516 τοῖς
1490 2450 1903 2522 καθαρωτάτοις

299 2543 403 2613 τῆς
440 2539 728 2609 θεολογίας
755 2540 1093 2610 φθέγμασιν,
1122 2534 1212 2594 οἷα
1243 2540 1531 2611 λαμπραῖς
1564 2542 1658 2593 καὶ
1693 2540 1899 2608 ζωογόο

306 2655 414 2702 νοις
434 2634 740 2705 ἀναψύχων
772 2635 961 2696 πνοαῖς
992 2646 1008 2662 ·
1042 2632 1137 2687 καὶ
1180 2632 1244 2686 τὸ
1287 2633 1387 2703 τῆς
1450 2632 1743 2695 πολυθεῖας
1782 2633 1903 2685 πνῖο

306 2745 415 2798 γος,
453 2727 558 2783 καὶ
605 2726 702 2781 τὸν
737 2724 850 2780 τῶν
907 2726 1174 2797 αἱρέσεων
1216 2724 1451 2796 διαχέων
1504 2725 1777 2793 φλογμόν·
1806 2723 1903 2776 καὶ

299 2818 395 2881 τὰς
417 2813 762 2886 πιεζομένας
786 2814 845 2866 έν
874 2812 1087 2877 τούτοις
1145 2813 1375 2883 καρδίας
1411 2812 1763 2884 ψυχαγωγῶν
1807 2815 1903 2867 καὶ

292 2907 716 2978 ἀνακτώμενος.
749 2906 926 2971 Νότος
949 2906 1029 2973 δὲ,
1062 2905 1141 2971 ὡς
1194 2909 1307 2971 τοῖς
1344 2908 1446 2977 τῆς
1507 2907 1731 2977 ἀγάπης
1780 2907 1899 2962 δια-

295 3000 616 3073 θερμαίνων
671 2997 879 3067 λόγοις,
939 2998 1035 3051 καὶ
1084 2997 1212 3061 τοὺς
1264 2998 1595 3070 ἀναισθησίᾳ
1650 3001 1743 3052 νοῦ
1805 2999 1899 3052 καὶ

2005 2185 2208 2258 aquilo,
2233 2193 2281 2239 et
2306 2186 2445 2253 veni,
2473 2194 2654 2239 auster
2681 2203 2699 2250 ;
2720 2186 2889 2255 perﬂa
2910 2184 3121 2238 hortum
3146 2201 3341 2244 meum.
3363 2192 3413 2237 et
3428 2186 3596 2254 [luent

2004 2285 2256 2333 aromata
2311 2294 2430 2333 mea
2458 2277 2524 2330 η.
2555 2275 2631 2330 Te
2655 2276 2804 2330 enim
2833 2275 3001 2329 etiam
3060 2274 3319 2330 Salomon
3353 2275 3598 2344 alloqua-

2003 2375 2118 2422 tur.
2152 2366 2234 2421 Tu
2257 2380 2498 2436 namque
2557 2363 2767 2435 aquilo,
2826 2372 2889 2418 ut
2935 2362 3341 2434 limpidissimis
3386 2364 3599 2419 scilicet

2003 2455 2292 2526 theologia
2324 2456 2577 2520 vocibus,
2606 2464 2867 2525 tanquam
2895 2453 3049 2525 puris
3066 2469 3131 2510 ac
3157 2453 3419 2510 vitalibus
3446 2455 3595 2511 ﬂati-

2001 2547 2108 2604 bus
2144 2547 2500 2619 refrigerans,
2537 2545 3021 2616 superstitiosique
3074 2547 3370 2601 numinum
3415 2548 3598 2603 cultus

2000 2640 2244 2709 algorem
2276 2649 2445 2707 atque
2477 2637 2757 2693 haereseon
2781 2635 3061 2702 incendia,
3100 2635 3408 2708 dissipans;
3478 2637 3596 2691 his-

2001 2742 2111 2799 que
2142 2742 2409 2798 oppressa
2463 2735 2686 2797 pectora
2722 2740 2982 2781 recreans
3020 2741 3087 2782 ac
3125 2726 3337 2782 levans.
3394 2726 3597 2783 Auster

1998 2834 2155 2885 vero,
2174 2819 2631 2874 velutcbaritatis
2677 2818 3030 2873 sermonibus
3054 2814 3403 2881 calefaciens,
3434 2832 3598 2872 men-

2006 2909 2220 2980 stisque
2250 2909 2521 2965 exstincto
2551 2924 2714 2964 sensu
2739 2924 2804 2963 ac
2830 2907 3059 2973 duritie,
3093 2907 3284 2964 di'vino
3318 2908 3467 2964 omni
3494 2906 3597 2963 de-

2002 3002 2195 3057 titutos
2220 3001 2452 3067 inﬂuxu,
2480 3016 2657 3071 eaque
2687 3001 2900 3057 ratione
2934 2999 3265 3057 infecundas
3314 3008 3481 3071 atque
3527 3001 3598 3054 ri-

297 3092 639 3163 σκληρότητι
666 3090 820 3153 θείας
862 3089 1271 3160 ἐστερημένους
1313 3089 1604 3162 ἐπιρροῆς,
1664 3090 1896 3159 ἀγόνους

2002 3100 2195 3162 gentes
2232 3091 2488 3147 refovens
2523 3106 2589 3146 ac
2620 3090 2988 3156 exsuscitans,
3039 3089 3306 3161 vitalique
3356 3088 3592 3145 humore

302 3204 367 3241 τε
397 3186 493 3239 διὰ
518 3184 698 3239 ταῦτα
730 3181 828 3237 καὶ
870 3181 1321 3251 κατεψυγμένους
1344 3181 1711 3245 καθεστῶτας,
1767 3185 1899 3235 ἀνα-

300 3278 528 3333 θάλπων
584 3277 681 3331 καὶ
743 3272 1149 3346 άναζωπυρῶν,
1221 3276 1321 3329 καὶ
1370 3274 1607 3345 ζωτικῆς
1672 3274 1898 3344 ἐκμάπ

303 3368 529 3441 πληρῶν
549 3368 646 3421 καὶ
677 3364 1067 3439 καρποφόρους
1098 3364 1406 3421 ἀποτελῶν.

386 3457 677 3521 Τοιαῦταις
732 3458 962 3523 πνοαῖς,
996 3455 1266 3520 τοιούτοις
1299 3456 1631 3529 ῥοιζήμασιν
1661 3455 1749 3508 ἀεὶ⁸
1780 3455 1900 3509 δια-

318 3553 505 3603 πνέων
528 3551 691 3619 ἡμᾶς,
719 3542 761 3604 ὣ
793 3548 1062 3621 μακάριε,
1116 3546 1308 3617 ὥσπερ
1360 3548 1483 3602 τινὰ
1541 3545 1796 3617 ποικίλην
1833 3546 1899 3600 ὲκ

316 3641 584 3697 ποικίλων
602 3642 900 3713 ἀρωμάτων
930 3638 1163 3705 εὐωδίας
1190 3640 1389 3712 ὀσμὴν,
1418 3638 1516 3710 τὴν
1563 3641 1629 3693 ἐκ
1675 3638 1784 3693 τῶν
1811 3637 1899 3691 λό-

305 3754 427 3808 γων
445 3751 527 3789 σοι
560 3737 759 3788 αῖνεσιν
793 3730 1222 3805 παρασκεύασον
1250 3734 1519 3801 ἐνεγκεῖν.
1555 3733 1788 3795 Πάντως
1815 3730 1895 3794 δὲ,

298 3829 561 3898 οὐδεμιᾶς
590 3829 724 3902 ἡμῖν
758 3825 1151 3900 μακρηγορίας
1186 3824 1390 3898 χρεὼν,
1422 3825 1519 3879 τὸν
1564 3824 1782 3894 πρῶτον
1839 3825 1898 3877 εν

296 3922 578 3990 θεολόγοις
611 3918 979 3990 προθεμένοις
1009 3917 1223 3989 ὑμνεῖν.
1262 3916 1350 3979 '0;
1378 3916 1489 3987 γὰρ
1516 3916 1606 3970 ἀεὶ
1654 3916 1717 3970 τὸ
1741 3914 1899 3970 Θεῖον

292 4017 355 4072 ἐν
372 4035 436 4071 τε
462 4021 580 4080 τοῖς
610 4016 791 4079 ἄλλοις
823 4017 985 4077 πᾶσι.
1003 4017 1095 4070 καὶ
1115 4014 1252 4068 πολὺ
1277 4012 1439 4068 πλέον
1469 4014 1579 4077 τοῖς
1610 4011 1814 4081 λόγοις,
1835 4010 1899 4065 τὸ

292 4109 502 4180 γοργὸν
526 4110 629 4161 καὶ
682 4107 1146 4178 συντετριμμένον
1190 4102 1678 4177 [συντετμημένον]
1711 4102 1895 4171 φιλεῖο

296 4202 459 4271 φίλον
492 4200 551 4253 δὲ
583 4199 762 4266 τοῦτο,
788 4201 884 4255 καὶ
912 4201 1027 4265 τοῖς
1063 4200 1122 4253 έν
1162 4196 1314 4269 αὑτῷ
1345 4195 1619 4264 θεολογείν
1676 4193 1894 4257 εἰδόσιν,

296 4291 447 4345 οὕτω
471 4290 778 4361 προσήκειν
804 4288 1047 4360 ἡγοῦμαι
1094 4287 1193 4341 xd‘t
1238 4286 1319 4357 τῷ
1368 4284 1465 4339 νῦν
1492 4281 1895 4355 ἐπαινουμένῳ,

300 4381 597 4452 ὰτιέριττόν
616 4398 678 4434 τε
704 4381 799 4434 καὶ
822 4380 1160 4451 σύμμετρον,
1188 4378 1264 4442 ὡς
1300 4374 1413 4431 οἷόν
1461 4394 1546 4444 τε,
1595 4376 1687 4429 τὸν
1736 4376 1898 4444 λόγον

2001 3185 2223 3257 replens
2252 3198 2317 3239 ac
2346 3182 2667 3239 fructiferas
2708 3190 2999 3254 praestans.

2070 3464 2425 3536 Ejuscemodi
2460 3462 2708 3525 ﬂatibus,
2760 3460 3075 3517 istiusmodi
3124 3460 3461 3516 stridoribus
3490 3476 3595 3519 nos

1999 3571 2219 3627 semper
2243 3553 2502 3624 perﬂans,
2532 3554 2616 3609 vir
2647 3554 2829 3622 beate,
2862 3561 3081 3623 praesta,
3114 3562 3177 3607 ut
3216 3553 3371 3607 velut
3394 3568 3595 3623 quam-

1998 3649 2127 3705 dam
2145 3665 2213 3703 ex
2233 3648 2404 3703 variis
2434 3646 2774 3702 aromatibus
2795 3645 2983 3700 odoris
3009 3644 3320 3699 suavissimi
3346 3646 3596 3715 tragran-

1999 3743 2153 3809 tiam,
2181 3758 2305 3813 quae
2327 3742 2679 3798 sermonibus
2703 3742 2931 3805 texitur,
2959 3740 3176 3795 laudem
3233 3738 3333 3794 tibi
3385 3739 3591 3795 offera-

1998 3850 2141 3891 mus.
2160 3833 2398 3890 Omnino
2418 3834 2563 3888 enim
2585 3832 2723 3887 nihil
2744 3832 2901 3887 nobis
2925 3830 3137 3901 prolixa
3154 3844 3295 3901 opus
3320 3830 3591 3898 oratione,

1998 3926 2203 3997 quibus
2251 3924 2535 3979 incumbat
2562 3930 2622 3977 ut
2641 3922 2881 3993 primum
2914 3922 3060 3977 inter
3093 3920 3379 3991 theologos
3401 3920 3595 3977 laude-

1998 4032 2142 4072 mus.
2181 4014 2657 4083 Quemadmodum
2696 4014 2845 4068 enim
2874 4014 3043 4079 Deus,
3075 4028 3203 4068 cum
3251 4012 3307 4068 in
3364 4012 3594 4083 reliquis

1998 4108 2279 4173 omnibus,
2308 4115 2427 4161 tum
2455 4104 2658 4175 potiori
2686 4104 2846 4174 longe
2886 4103 3097 4157 ratione
3127 4102 3186 4157 in
3218 4102 3590 4169 sermonibus,

1999 4200 2056 4256 id
2107 4206 2256 4254 amat
2287 4193 2435 4267 quod
2474 4209 2599 4247 acre
2630 4208 2695 4246 ac
2728 4192 2894 4247 breve
2944 4201 3027 4247 est
3060 4210 3075 4257 ;
3135 4200 3321 4247 amant
3376 4207 3508 4247 vero
3533 4200 3595 4248 ot

2000 4288 2095 4361 qui
2127 4286 2315 4342 divina
2351 4290 2590 4340 tractare
2633 4289 2845 4336 norunt
2874 4297 2893 4336 :
2920 4281 3002 4336 sic
3023 4290 3079 4334 et
3101 4281 3178 4335 illi
3214 4296 3376 4352 quem
3405 4282 3594 4336 lauda-

2002 4396 2126 4436 mus
2155 4376 2455 4435 convenire
2488 4373 2768 4437 existimo,
2804 4379 2866 4426 ut
2889 4369 3199 4426 orationem
3225 4370 3453 4426 minime
3500 4385 3596 4426 su-

301 4477 700 4547 καρποφορεῖν.
730 4475 901 4528 Ὅθεν
941 4474 1045 4527 οὐκ
1078 4473 1187 4527 άπὸ
1214 4473 1324 4527 τῶν
1353 4472 1458 4537 ἔξω
1482 4472 1577 4525 καὶ
1598 4471 1767 4542 γῆθεν
1802 4471 1896 4524 αῦ-

2000 4470 2298 4544 perlluam,
2346 4483 2411 4523 ac
2462 4466 2642 4521 modis
2672 4463 2789 4519 suis
2818 4461 3141 4527 coercitam,
3187 4461 3369 4532 quoad
3416 4461 3590 4528 licet,

302 4565 382 4637 τῷ
398 4567 815 4637 παρεπομένων,
834 4566 1047 4635 γένους,
1065 4565 1230 4636 φημὶ,
1262 4564 1358 4618 καὶ
1390 4562 1723 4635 πατρίδοςᾸι
1753 4577 1899 4625 τινος

325 4658 622 4731 εῦκληρίας
636 4658 870 4728 βίου,τδν
887 4658 1136 4729 οὐράνιον
1153 4656 1320 4727 ἄνδρα
1336 4654 1571 4726 γνωριοῦ
1579 4670 1701 4725 μεν·
1720 4671 1903 4725 περιτ-
1937 4668 1959 4679 -·

302 4749 374 4821 τὴ
392 4749 527 4819 γὰρ,
539 4748 633 4803 καὶ
653 4749 753 4818 οὐχ
771 4749 923 4812 ὅπως
950 4748 1029 4818 τῷ
1065 4747 1388 4818 ὑψηλοτάτῳ
1407 4746 1507 4817 τῆς
1523 4745 1781 4815 ἀληθείας
1808 4745 1901 4798 εὑ-

301 4841 604 4913 αγγελιστῇ
624 4839 763 4894 ’ἀλλ’
778 4839 899 4893 οὐδὲ
938 4840 1051 4902 τοῖς
1068 4838 1251 4909 πολλῷ
1273 4836 1619 4907 λειπομένοις
1637 4838 1739 4910 τῆς
1765 4838 1899 4906 ἀρε-

299 4932 402 5004 τῆς
432 4931 631 4999 ἁγίοις,
653 4930 873 5000 οἰκείαῆ
895 4928 1111 4999 θελητὴ,
1137 4930 1170 5000 ἡ
1193 4931 1300 4982 ἀπὸ
1322 4929 1432 4981 τῶν
1452 4926 1710 4982 τοιούτων
1732 4927 1899 4995 εὐφη-

305 5023 427 5095 μία.
469 5022 631 5076 ’Δλῒὰ
649 5022 720 5075 τὰ
740 5022 849 5076 ἀπὸ
868 5022 971 5092 γῆς
996 5022 1093 5092 μὲν
1106 5021 1158 5074 τί
1166 5039 1266 5091 μια
1278 5022 1393 5083 τοῖς
1413 5020 1522 5073 άπὸ
1536 5019 1639 5089 γῆς
1663 5019 1897 5090 ἐναϐρύο

299 5114 496 5170 νεσθαι
516 5115 789 5186 παρῶμεν
814 5130 831 5146 ·
858 5109 941 5179 οἷς
961 5115 1019 5167 δὲ
1050 5115 1085 5186 ἠ
1116 5114 1374 5187 γέννησις
1406 5113 1509 5167 οὐκ
1531 5112 1591 5178 ἐξ
1617 5112 1894 5183 αἱμάτων,

298 5208 425 5264 οὐδὲ
477 5210 544 5262 ἑκ
605 5208 915 5278 θελήματος
954 5206 1182 5276 γέγονεν
1221 5204 1417 5278 ἀνδρός
1445 5221 1462 5237 ·
1503 5203 1633 5258 ἀλλ’
1658 5203 1897 5274 όΠατὴρ

303 5301 404 5373 μὲν
428 5303 684 5372 οὐράνιος
708 5299 919 5355 ἄνωθεν
941 5297 1328 5371 προεγνωκὼς,
1362 5295 1729 5369 συμμόρφους
1757 5293 1899 5349 κατὰ

299 5393 495 5465 καιρὸν
519 5392 803 5459 ἐξελέξατο
855 5390 934 5461 τῷ
983 5391 1311 5462 Μονογενεῖο
1359 5390 1421 5444 τὸ
1470 5389 1696 5458 Πνεῦμα
1743 5388 1803 5441 δὲ
1837 5386 1900 5439 τὸ

301 5484 460 5554 ἅγιον
492 5482 570 5547 ὡς
620 5483 800 5553 ἁγίοις
847 5480 1400 5550 ἐπαναπαυσάμενον,
1452 5477 1551 5534 καὶ
1600 5477 1787 5532 καινὸν
1839 5478 1899 5530 ὲν

298 5576 487 5640 αὐτοῖς
514 5575 804 5646 ἄνθρωπον
833 5573 931 5628 καὶ
958 5572 1165 5644 θεοειδῆ
1187 5570 1269 5642 τῷ
1303 5571 1405 5643 τῆς
1434 5568 1694 5640 ἀληθείας
1742 5567 1890 5639 λόγῳ

348 5669 676 5742 ⁸γεννηκὼς,
712 5668 1065 5738 υἱοθετήσατο
1089 5665 1168 5737 τῷ
1196 5666 1317 5737 Θεῷ
1340 5706 1357 5731 ,
1387 5662 1609 5727 τούτους
1640 5660 1893 5715 ἐντεῦθεν

377 5852 423 5886 ιν
445 5852 488 5906 11
516 5850 648 5908 Cor.
683 5865 766 5915 ιιι,
791 5847 879 5902 l7.
956 5843 1179 5901 “Cant.
1210 5860 1287 5909 xv,
1340 5842 1425 5898 16.
1509 5840 1550 5873 "
1578 5839 1735 5896 Joan.
1780 5855 1817 5899 ι.
1852 5839 1932 5894 1‘5.

2004 4564 2325 4620 offeramus.
2349 4557 2719 4627 Quamobrem
2746 4571 2777 4610 a
2808 4554 2961 4610 nullo
2978 4568 3172 4609 eorum
3217 4569 3340 4624 quae
3382 4552 3595 4608 extrin-

2003 4648 2165 4713 secus
2193 4658 2344 4715 snnt,
2377 4660 2433 4705 et
2460 4657 2681 4703 terrena
2719 4644 2876 4715 quasi
2926 4642 3235 4713 appendice
3285 4649 3594 4711 sequuntur

2003 4742 2283 4816 (prosapia
2296 4740 2505 4795 scilicet
2521 4746 2686 4807 atque
2699 4734 2877 4805 patria
2911 4733 3089 4787 ullave
3108 4730 3293 4786 smculi
3317 4730 3592 4801 claritate)

1999 4836 2182 4889 virum
2207 4834 2487 4889 caelestem
2537 4826 2943 4886 celebrabimus
2999 4823 3297 4896 (superﬂua
3325 4824 3498 4887 enim,
3530 4838 3594 4879 ac

1998 4926 2205 4982 nedum
2242 4922 2553 4979 celsissimo
2572 4918 2822 4973 veritatis
2843 4897 3213 4985 evangelistm,
3273 4913 3370 4968 sed
3408 4928 3593 4984 neque

2000 5018 2206 5073 sanctis
2252 5014 2323 5069 ab
2368 5015 2490 5083 eius
2515 5013 2675 5080 longe
2707 5010 2915 5064 virtute
2970 5005 3199 5061 remotis
3252 5004 3592 5060 conveniens

2000 5119 2095 5167 aut
2129 5107 2351 5181 placita,
2382 5120 2507 5175 quae
2539 5119 2609 5158 ex
2643 5101 2847 5157 talibus
2899 5098 3146 5154 laudatio
3198 5101 3328 5167 est).
3388 5098 3593 5153 Verum

1999 5201 2238 5257 terrenis
2268 5195 2610 5255 ornamentis
2640 5191 2930 5265 superbire
2955 5208 3054 5248 eos
3086 5190 3339 5248 sinamus
3391 5200 3447 5247 et
3476 5193 3595 5263 glo-

1999 5295 2155 5359 riari,
2187 5291 2283 5364 qui
2313 5301 2445 5347 sunt
2471 5305 2503 5344 e
2545 5296 2693 5343 terra
2724 5302 2739 5341 :
2772 5285 2977 5356 quibus
3004 5292 3189 5339 autem
3214 5285 3476 5340 nativitas
3512 5293 3594 5339 at-

2000 5403 2109 5458 que
2141 5385 2296 5457 origo
2334 5397 2446 5438 non
2469 5395 2539 5436 ex
2562 5376 2947 5449 sanguinibus,
2971 5390 3075 5430 nec
3094 5390 3162 5430 ex
3184 5377 3467 5429 voluntate
3489 5375 3591 5429 viri

2001 5477 2202 5549 obtigit
2230 5478 2273 5510 ¹⁹
2305 5492 2322 5539 ;
2349 5472 2447 5530 sed
2480 5472 2644 5529 Pater
2666 5469 2895 5543 quidem
2921 5467 3165 5525 cmlestis
3194 5470 3326 5523 olim
3380 5483 3590 5538 praeco-

1998 5570 2204 5643 gnitos,
2236 5581 2339 5639 pro
2381 5574 2630 5636 tempore
2669 5562 2984 5619 conformes
3024 5561 3193 5632 elegit
3250 5560 3590 5637 Unigenito;

2001 5659 2243 5732 Spiritus
2271 5666 2496 5714 sanctus
2525 5664 2732 5720 autem,
2769 5660 2832 5709 ut
2854 5652 2951 5725 qui
2983 5652 3040 5708 in
3072 5650 3279 5707 sanctis
3322 5650 3588 5719 conquie-
