4086 6282
433 434 557 530 ius

1684 430 1985 494 manu:
2025 385 2564 490 PAPHLAGONIS

3667 413 3774 479 104

449 563 540 608 cat
563 552 612 586 ’⁸
635 593 650 619 ,
687 559 854 622 atque
877 550 933 605 in
954 549 1039 604 eis
1060 564 1269 604 novum
1329 547 1610 602 hominem
1651 559 1716 599 ac
1739 543 2065 598 Deilonnem

2180 537 2474 609 ὑμνεῖσθαι
2505 538 2600 591 καὶ
2633 534 3039 606 θαυμάζεσθαι,
3068 535 3128 589 ὲν
3152 533 3231 604 τῷ
3265 533 3481 606 Κυρίῳ,
3513 531 3657 587 κατά
3682 531 3775 587 λόο

450 659 710 702 seruione
735 642 994 698 veritatis
1024 642 1232 711 gignat,
1254 641 1308 695 in
1335 638 1478 693 ﬁlios
1507 639 1620 693 Deo
1647 634 1932 705 adoptavit
1958 633 2060 699 ML;

449 737 487 790 ii
522 735 652 790 inde
681 733 979 789 laudentur
1010 748 1075 786 ac
1131 729 1487 788 admirationi
1543 727 1877 789 habeantur,
1916 740 2064 796 quo-

2173 647 2291 700 για,
2321 630 2502 700 ψυχὴν
2553 629 3004 699 ἐπαινουμένους,
3041 629 3138 682 καὶ
3163 627 3239 692 ὡς
3275 627 3470 699 ἥδιστα
3497 627 3578 698 τῷ
3605 628 3776 699 οὐρα-

2174 722 2273 794 νίῳ
2301 720 2797 793 συνδοξαζομένους
2825 721 3023 789 Πατρί.

450 842 596 888 rum,
632 829 788 899 juxta
816 841 972 880 sacra
1001 808 1243 894 eloquia,
1275 824 1331 878 in
1377 822 1613 878 Domino
1645 818 1906 874 laudetur
1932 817 2204 882 animus;
2255 813 2465 884 quique
2513 810 2652 868 adeo
2709 826 2836 866 cum
2894 810 3105 866 caelesti
3157 811 3320 868 Patre
3372 809 3772 882 jucundissime

449 919 806 974 celebrentur
826 919 896 972 “.

523 1009 658 1064 Inde
707 1009 926 1064 cunctis
953 1009 1177 1079 quidem
1203 1007 1410 1064 sanctis
1441 1019 1568 1077 apta
1590 1006 1860 1064 laudatio.
1908 1004 2067 1059 velut

450 1115 521 1154 ex
558 1114 669 1153 uno
697 1099 860 1153 Patre
900 1080 1176 1154 luminum
1203 1098 1523 1168 prognatis;
1547 1112 1673 1152 cum
1711 1096 1907 1166 primis
1929 1110 2064 1149 vero

463 1188 787 1258 coryphaeis
849 1188 1368 1258 antiquissimisque
1418 1187 1587 1244 Verbi
1645 1186 1918 1255 theologis
1950 1203 1964 1249 ;
1997 1201 2068 1240 ex

451 1282 658 1352 quibus
702 1281 902 1336 Petrus
942 1281 1168 1350 quidem
1205 1289 1466 1350 tanquam
1512 1279 1639 1334 ﬁdei
1678 1286 1833 1349 petra
1861 1278 2065 1332 firmis-

452 1376 768 1442 simumque
824 1371 1248 1426 fundamentum
1307 1373 1519 1426 honore
1592 1371 1851 1440 praelatus
1907 1379 1995 1425 est
2046 1387 2063 1423 :

451 1464 693 1521 Jacobus
729 1481 884 1528 vero,
919 1464 1095 1534 utqui
1165 1465 1379 1534 primus
1430 1463 1831 1535 apostolorum,
1878 1462 2069 1518 calicis

455 1573 520 1610 ac
551 1557 897 1632 baptismatis
921 1555 1203 1626 passionis
1238 1554 1460 1609 Christo
1505 1554 1713 1618 socius,
1744 1564 2064 1623 sanctasque

453 1645 584 1700 ﬁdei
627 1647 774 1700 basis
806 1645 1016 1700 sanctis
1066 1653 1217 1699 esset
1252 1645 1501 1700 futurus.
1543 1644 1626 1699 Tu
1655 1659 1808 1708 vero,
1867 1659 1902 1697 ο
1930 1643 2065 1697 bea-

457 1738 559 1791 te!
599 1753 816 1791 summa
884 1737 1200 1806 apostolica:
1248 1739 1554 1808 majestatis
1619 1751 1750 1790 arce
1797 1744 2020 1804 arrepta
2052 1775 2068 1800 ,

2262 996 2546 1052 Ἐντεῦθεν
2571 998 2707 1051 πᾶσι
2757 995 2860 1067 μὲν
2892 997 3073 1066 ἀγίοις
3116 997 3414 1068 προσήκων
3455 999 3486 1050 ό
3534 995 3776 1059 ἐπαινος,

2175 1090 2252 1155 ὡς
2281 1089 2344 1155 ἐξ
2365 1089 2487 1153 ἑνὸς
2511 1089 2606 1142 τοῦ
2627 1089 2738 1142 τῶν
2771 1089 2968 1157 φώτων
2994 1089 3362 1158 γεννωμένοις
3412 1088 3658 1159 Πατρόςο
3675 1089 3776 1158 οὐχ

2171 1184 2378 1253 ἥκιστα
2423 1182 2480 1236 δὲ
2539 1183 2655 1244 τοῖς
2713 1182 3035 1252 κορυφαίοις
3083 1181 3177 1234 καὶ
3224 1180 3621 1252 πρεσϐυτάτοις
3679 1178 3776 1231 τοῦ

2171 1277 2348 1343 Λόγου
2368 1275 2639 1343 θεολόγοις
2659 1292 2674 1307 ο
2706 1269 2783 1329 ὧν
2816 1276 3025 1344 Πέτρος
3077 1274 3197 1344 μὲν,
3226 1273 3301 1338 ὡς
3345 1273 3448 1344 τῆς
3497 1276 3648 1345 ἱερᾶς
3680 1274 3775 1325 πί-

2173 1384 2347 1430 στεως
2406 1369 2578 1439 πέτρα
2643 1370 2737 1422 acati.
2801 1369 3057 1440 ἀρραγὴς
3111 1367 3460 1437 προετιμήθη
3531 1365 3772 1437 κρηπίς·

2183 1458 2441 1524 ἰάκωδος
2476 1461 2556 1525 δὲ,
2593 1459 2671 1524 ὡς
2723 1460 2941 1531 πρῶτος
2969 1459 3077 1516 τῶν
3108 1458 3426 1512 ἀποστόλων
3479 1459 3558 1528 τῷ
3600 1468 3780 1528 ’ποτη-

2175 1551 2276 1622 ρίῳ
2307 1553 2402 1605 καὶ
2433 1550 2511 1622 τῷ
2535 1551 2629 1604 τοῦ
2655 1551 2863 1614 πάθους
2882 1550 3220 1621 βαπτίσματι
3249 1550 3530 1603 κοινωνεῖν
3563 1549 3778 1618 μέλλων

2173 1641 2424 1714 Χριστῷ,
2457 1643 2555 1696 καὶ
2580 1641 2742 1713 βάσις
2765 1642 2927 1709 ἁγίας
2977 1640 3194 1704 ἐλπίδος
3224 1643 3338 1700 τοίς
3371 1641 3552 1709 ἁγίοις
3581 1641 3780 1710 ἐσόμε-

2174 1753 2286 1800 νος.
2319 1737 2390 1789 Σῦ
2413 1735 2491 1800 δὲ,
2524 1730 2570 1789 ὦ
2627 1736 2836 1806 μάκαρ,
2886 1734 2987 1805 τὴν
3035 1735 3212 1805 ἄκραν
3269 1734 3372 1804 τῆς
3408 1732 3780 1802 ἀποστολικῆς

457 1837 520 1884 ut
576 1829 669 1898 qui
694 1843 1010 1897 supremam
1068 1827 1339 1882 virtutum
1372 1827 1722 1899 (charitatem
1752 1825 1902 1896 dico)
1960 1842 2065 1898 pra!

2181 1828 2664 1900 μεγαλοπρεπείας
2695 1828 2997 1892 κατέλαϐες
3036 1828 3305 1899 κορυφὴν,
3334 1829 3410 1892 ὡς
3467 1828 3570 1899 τὴν
3603 1827 3776 1899 ἀκρο-

463 1923 684 1976 cunctis
714 1921 864 1975 illius
889 1919 1246 1976 consortibus
1279 1919 1563 1983 dilexeris,
1612 1919 1928 1990 eximieque
1961 1919 2064 1975 tibi

461 2012 556 2069 illa
586 2012 882 2081 placueris,
921 2027 984 2065 ac
1015 2027 1232 2066 summe
1255 2027 1377 2066 eam
1413 2012 1695 2078 colueris;
1729 2011 1899 2082 inque
1954 2027 2023 2066 ea
2046 2051 2065 2078 ,

458 2121 594 2160 vere
628 2105 834 2160 dilecto
863 2121 928 2159 ac
953 2105 1284 2161 charissimo
1311 2106 1425 2160 Deo
1460 2106 1641 2161 Verbo
1699 2107 1909 2177 Deique
1927 2106 2066 2163 Uni-

459 2195 668 2266 genito,
705 2196 1122 2252 necessitudine
1144 2197 1438 2252 devinctus
1464 2199 1560 2253 sis.
1590 2199 1798 2269 Nempe
1825 2199 1933 2254 hoc
1963 2198 2067 2255 tibi

457 2289 632 2344 animi
665 2290 1013 2345 incitationis
1037 2274 1356 2363 summique
1385 2293 1437 2346 in
1469 2294 1641 2347 Deum
1674 2309 1936 2350 ascensus
1959 2296 2070 2351 ini-

459 2381 622 2435 tium.
641 2381 758 2437 Hoc
790 2394 848 2436 et
866 2391 1065 2436 vestra:
1089 2392 1217 2438 nota
1239 2384 1464 2453 propria
1487 2392 1655 2454 atque
1689 2385 1904 2456 insigne
1931 2386 2068 2441 bea-

459 2469 636 2527 titatis
657 2511 672 2535 ,
692 2471 1132 2540 pulcherrimum
1153 2473 1787 2545 peculiarissimumque,
1814 2492 1880 2532 ac
1899 2493 2067 2548 quam

460 2561 700 2631 maxime
731 2562 1030 2634 singularis
1053 2565 1332 2634 gloriatio,
1357 2565 1510 2620 velut
1540 2581 1654 2635 prae
1708 2567 1914 2625 sanctis
1933 2569 2066 2623 reli-

463 2654 592 2724 quis
614 2655 788 2724 magis
816 2655 1060 2726 propria,
1079 2655 1208 2711 .lesu
1234 2673 1430 2728 nempe
1449 2658 1675 2716 dilectio
1701 2678 1714 2726 ;
1742 2675 1851 2732 qua
1874 2663 2068 2732 utique

461 2747 774 2802 suavissimi
803 2749 1003 2812 mentis
1033 2757 1232 2802 vestrae
1263 2748 1514 2814 decoris,
1539 2750 1856 2822 divinaeque
1875 2751 2067 2806 formae

459 2836 776 2906 praestantia
801 2837 1086 2892 clucescit.
1114 2837 1591 2903 Quemadmodum
1620 2841 1770 2895 enim
1809 2841 1949 2898 nihil
1994 2841 2063 2896 ad

459 2928 701 2998 speciem
726 2929 925 2998 majus,
956 2943 1027 2984 ne
1071 2929 1262 2984 subtili
1292 2930 1519 3000 quidem
1579 2936 1821 3008 cogitatu
1858 2933 2068 2989 assumi

458 3029 647 3089 queat,
664 3019 916 3089 specioso
939 3021 1112 3074 forma
1128 3037 1241 3091 pra:
1259 3022 1384 3076 [iliis
1397 3024 1788 3080 hominum"“:
1806 3025 1888 3081 sic
1903 3041 2069 3097 quem

2175 1921 2348 1990 τάτην
2378 1920 2488 1973 τῶν
2510 1919 2747 1990 ἀρετῶν,
2776 1922 2878 1990 τὴν
2904 1920 3130 1989 ἀγάπην
3166 1919 3232 1990 δὴ
3271 1919 3438 1985 λέγω,
3471 1919 3624 1992 παρά
3649 1919 3781 1984 τοὺς

2177 2011 2446 2084 μετόχους
2471 2011 2643 2080 αὐτῆς
2668 2013 2877 2074 πάντας
2909 2009 3241 2084 ἠγαπηκὼς.
3274 2012 3372 2067 καὶ
3405 2009 3783 2083 ὑπερϐαλλόν-

2173 2123 2284 2168 τως
2313 2102 2609 2177 ᾐρετικὼς,
2638 2105 2734 2158 καὶ
2763 2105 2952 2175 ἄκρως
2980 2103 3387 2175 κατωρθωκὼς,
3422 2105 3519 2158 καὶ
3551 2105 3609 2158 εν
3635 2106 3776 2176 αὐτῇ

2173 2195 2252 2267 τῷ
2275 2195 2448 2260 ὅντως
2487 2196 2762 2267 ἀγαπητῷ
2795 2195 2918 2267 Θεῷ
2951 2197 3112 2266 Λόγῳ
3141 2197 3238 2250 καὶ
3290 2195 3385 2249 τοῦ
3416 2194 3554 2250 Θεοῦ
3602 2212 3779 2265 προσ-

2176 2289 2535 2360 ῳκειωμένος
2563 2289 2885 2358 Μονογενεί.
2908 2290 3079 2343 Τοῦτό
3103 2307 3187 2342 σοι
3217 2290 3314 2343 καὶ
3336 2290 3480 2361 ἀρχὴ
3508 2289 3608 2359 τῆς
3639 2289 3778 2360 πρὸς

2173 2382 2270 2436 τὸν
2318 2382 2453 2436 Θεὸν
2479 2382 2690 2454 ὑπῆρξε
2732 2382 3001 2453 κινήσεως
3025 2381 3123 2436 καὶ
3151 2381 3661 2450 ἀναγωγῆς.·Τοῦτο
3681 2381 3779 2435 καὶ

2175 2471 2472 2545 γνώρισμα
2504 2474 2607 2544 τῆς
2637 2473 3045 2545 μακαριότητος
3076 2474 3233 2544 ὑμῶν
3260 2474 3555 2528 κάλλιστόν
3583 2491 3644 2528 τε
3675 2474 3775 2530 καὶ

2180 2566 2500 2631 ίδιαίτατον,
2524 2567 2618 2620 καὶ
2652 2565 2919 2638 καύχημα
2939 2566 3238 2638 ἐξαίρετον,
3271 2561 3385 2619 οἷον
3414 2566 3525 2618 τῶν
3555 2567 3777 2620 πάντων

2181 2657 2384 2727 μᾶλλον
2415 2658 2588 2726 ἁγίων
2611 2657 3121 2729 ἀποκληρούμενον,
3157 2658 3400 2728 ήάγάπη
3435 2655 3529 2711 τοῦ
3560 2657 3774 2735 Ἰησοῦ,

2178 2748 2254 2802 δι’
2278 2745 2348 2821 ἦς
2374 2749 2409 2819 ὴ
2441 2748 2719 2819 ὑπερσολὴ
2745 2750 2846 2820 τῆς
2892 2751 3090 2820 νοερᾶς
3146 2748 3302 2818 ὑμῶν
3362 2748 3700 2819 εὐπρεπείας
3737 2750 3772 2822 ἢ

2179 2841 2479 2906 θεοειδείας
2509 2843 2970 2912 παραδείκνυται.
3005 2842 3222 2913 Ὥσπερ
3245 2842 3356 2912 γάρ
3377 2840 3542 2894 οὐδὲν
3570 2839 3774 2908 ὠραιό·

2176 2950 2338 3004 τερον
2364 2934 2460 2987 τοῦ
2491 2933 2700 3002 ὡραίου
2736 2934 2922 2988 κάλλει
2949 2933 3103 3004 παρά
3139 2932 3266 2997 τοὺς
3307 2933 3464 2995 υἱοὺς
3514 2931 3624 2984 τῶν
3674 2934 3770 2986 ἀν-

2179 3024 2436 3096 θρώπων,
2467 3026 2590 3080 οὐδὲ
2615 3028 2682 3096 τῇ
2713 3027 2935 3097 ἐπινοίᾳ
2971 3025 3197 3081 δυνατὸν
3215 3024 3404 3078 λαϐεῖν
3424 3041 3441 3058 ο
3494 3022 3635 3078 οὓτω
3672 3021 3770 3078 καὶ

460 3108 553 3165 ille
601 3110 956 3181 singulariter
982 3114 1208 3178 amavit,
1247 3115 1458 3185 primas
1483 3116 1675 3186 utique
1737 3116 1908 3172 animi
1941 3119 2065 3188 pul-

2176 3119 2238 3175 ὂν
2267 3119 2566 3192 ἐξαιρέτως
2587 3119 2846 3191 ῑφίλησεν
2896 3122 3127 3186 ἐκεῖνος,
3157 3119 3227 3173 τὰ
3266 3119 3536 3192 πρεσϐεῖα
3572 3114 3776 3188 δηλαδὴ

459 3201 796 3273 ειιι-ίιμὰίηὶε
843 3203 1008 3259 laude
1063 3221 1174 3276 pra:
1196 3205 1427 3277 reliquis
1465 3210 1733 3265 retulerit.
1771 3211 1886 3266 Nec
1919 3212 2065 3267 enim

2182 3213 2322 3284 πρὸς
2358 3190 2488 3278 τοὺς
2506 3213 2706 3278 ἀλλους
2733 3190 2834 3283 τῆς
2883 3213 3079 3284 νοερᾶς
3131 3190 3420 3266 (incise-rat
3481 3209 3773 3282 καλλονῆς.

462 3295 606 3349 adeo
633 3293 874 3350 dilectus
909 3306 1079 3360 esset,
1120 3306 1184 3352 ut
1204 3307 1262 3353 et
1295 3315 1404 3355 una
1433 3299 1548 3356 fere
1585 3301 1736 3356 illius
1763 3313 1895 3357 nota
1932 3318 2065 3374 pro-

2177 3305 2318 3360 οὐδε
2346 3304 2458 3377 γὰρ
2489 3304 2557 3360 ἂν
2577 3306 2673 3358 ἰπὶ
2697 3303 2958 3360 τοσοῦτον
2979 3305 3261 3376 ἢγάπητο,
3311 3305 3389 3368 ὡς
3434 3305 3532 3358 καὶ
3563 3305 3661 3358 ἀπ’
3679 3303 3779 3359 αὑ-

459 3383 696 3456 priaque
748 3384 1036 3442 distinctio
1071 3388 1314 3444 charitas
1362 3389 1632 3466 foret‘ac
1667 3391 1913 3458 dilectio,
1959 3392 2065 3448 nisi

2173 3397 2278 3469 τῆς
2302 3397 2475 3470 μόνης
2501 3398 2690 3470 σχεδὸν
2730 3401 2828 3470 τῆς
2873 3398 3100 3470 ἀγάπης
3157 3397 3691 3472 χαρακτηρίζεσθαι,
3725 3398 3776 3450 εί

460 3474 756 3544 probitatis
777 3491 1106 3548 morumque
1138 3479 1406 3545 lenitatis,
1435 3492 1601 3552 atque
1635 3483 1731 3538 Dei
1763 3485 2063 3540 simulacro

2178 3490 2259 3562 μὴ
2289 3491 2582 3562 περιουσία
2612 3491 2990 3562 χρηστότητος
3003 3492 3098 3544 καὶ
3120 3489 3518 3562 θεομιμησίας,
3549 3489 3777 3554 οίκείως

462 3564 732 3622 bonitatis
753 3567 1119 3634 abundantia,
1140 3574 1377 3629 maxima
1410 3590 1536 3630 cum
1564 3577 1831 3649 diligente
1863 3593 2062 3633 neces-

463 3655 732 3724 situdine,
765 3674 797 3713 a
828 3674 888 3715 se
919 3677 1142 3733 quoque
1170 3679 1322 3720 certa
1349 3667 1587 3736 quadam
1621 3670 1837 3724 ratione
1869 3685 1934 3725 ac
1967 3685 2071 3740 pro

463 3749 715 3813 modulo,
742 3751 1102 3808 dilectionem
1131 3755 1247 3826 ipse
1277 3758 1627 3813 contulisset.
1657 3759 1893 3829 Diligere
1914 3762 2066 3816 enim

463 3855 564 3896 eos
621 3843 716 3911 qui
751 3843 932 3913 ipsum
983 3856 1192 3912 ament,
1229 3847 1435 3904 diserte
1462 3850 1788 3920 pronuntiat
1840 3851 1940 3907 Dei
1977 3868 2068 3907 sa-

462 3933 675 4005 pientia
709 3939 776 3989 ".

535 4045 768 4101 Omnem
809 4045 981 4118 igitur
1027 4048 1272 4104 divinam
1302 4050 1578 4108 actionem
1606 4068 1935 4124 omnemque
1952 4053 2070 4109 exi-

463 4136 632 4192 miam
661 4137 1216 4208 contemplationem,
1241 4142 1389 4197 velut
1415 4156 1484 4196 ex
1550 4144 1787 4212 quadam
1847 4144 2063 4210 radice,

463 4243 535 4283 ex
570 4227 779 4283 Christi
832 4229 890 4284 in
949 4245 1017 4285 eo
1049 4229 1350 4288 dilectione
1398 4248 1663 4304 surgere:
1707 4251 1772 4290 ac
1795 4236 2066 4308 quidquid

467 4325 658 4388 ageret
689 4325 788 4371 aut
811 4319 1157 4389 loqueretur,
1177 4321 1494 4378 dilectionis
1521 4324 1763 4380 fructum
1780 4343 1932 4394 esse;
1955 4344 2067 4398 qua

467 4409 562 4464 ille
587 4418 739 4465 totus
762 4411 1038 4467 excedens
1068 4416 1406 4471 accontinue
1422 4418 1579 4486 quasi
1605 4419 1900 4491 emigrans,
1919 4437 2066 4476 sem-

2173 3578 2292 3655 είχε
2323 3585 2462 3654 πρὸς
2483 3583 2578 3636 τὸν
2631 3583 2956 3651 ἀγαπῶντα,
3005 3584 3102 3638 καλ⁵
3143 3583 3246 3655 τὴν
3295 3581 3428 3656 παρ’
3447 3581 3647 3636 ἑαυτοῦ
3679 3599 3774 3651 φι-

2171 3671 2294 3729 λίαν
2348 3674 2631 3744 ἀναλόγως
2692 3672 3075 3744 είσηνέγκατο.
3133 3673 3276 3739 Τοὺς
3327 3675 3439 3744 γὰρ
3481 3672 3776 3743 φιλοῦντας

2170 3765 2343 3836 αὐτὴν
2382 3767 2628 3839 ἀγαπᾷν,
2679 3768 2714 3838 ἡ
2741 3765 2837 3821 τοῦ
2898 3764 3040 3821 Θεοῦ
3069 3767 3376 3840 διαρρήδην
3399 3766 3772 3836 ἀποφαίνεται

2173 3856 2361 3927 σοφία.

2241 4052 2434 4107 Πᾶσαν
2466 4052 2651 4107 τοίνυν
2667 4052 2872 4125 πρᾶξιν
2899 4043 3119 4123 θεοτελῆ
3164 4052 3261 4106 καὶ
3317 4050 3550 4120 Θεωρίαν
3590 4046 3770 4121 61:69—

2168 4145 2282 4211 φυᾶ
2308 4145 2510 4208 πᾶσαν,
2547 4145 2804 4213 καθάπερ
2839 4144 2906 4196 εκ
2945 4160 3092 4207 τινος
3130 4143 3308 4212 ῥίζης,
3357 4143 3456 4210 τῆς
3509 4143 3570 4195 ὲν
3614 4140 3769 4213 αὐτῷ

2169 4235 2495 4307 βλαστάνειν
2521 4236 2748 4308 ἀγάπης
2792 4236 3036 4306 Χριστοῦ
3061 4249 3078 4264 ·
3115 4234 3210 4286 καὶ
3251 4234 3361 4286 πᾶν
3387 4232 3450 4285 τὸ
3504 4233 3570 4287 δι’
3597 4233 3766 4287 αὑτοῦ

2166 4329 2451 4399 γινόμενον
2478 4329 2511 4400 ἥ
2534 4329 2855 4400 λεγόμενον,
2886 4329 3111 4396 ἀγάπης
3143 4320 3288 4380 εἶναι
3347 4325 3587 4398 καρπὸν,
3638 4327 3766 4382 καθ’

2164 4421 2235 4492 ἢν
2261 4423 2472 4485 ἐκεῖνος
2501 4420 2738 4486 ἑξεστὼς
2767 4421 2891 4483 ὅλος
2920 4423 3017 4474 καὶ
3045 4418 3340 4482 διαπαντὸς
3373 4419 3657 4491 ἐκδημῶν,
3677 4422 3767 4476 ἀεὶ

465 4514 568 4570 per
587 4500 811 4570 quidem
847 4501 899 4556 in
935 4517 1000 4557 ea
1038 4503 1214 4559 Deum
1264 4507 1633 4562 contuebatur
1660 4510 1747 4577 ";
1807 4510 2060 4581 hancque

2175 4513 2273 4583 μὲν
2306 4511 2459 4583 ἐώρα
2475 4512 2568 4564 τὸν
2591 4511 2724 4564 Θεὸν
2743 4513 2803 4564 ὲν
2819 4509 2959 4580 αὐτῇ
2979 4523 2995 4539 ⁸
3026 4509 3234 4580 ταύτην
3259 4507 3329 4563 δὲ
3341 4509 3458 4581 ᾔδει
3488 4510 3767 4580 πλήρωμα

467 4591 608 4646 adeo
649 4591 850 4647 divinm
871 4593 1008 4662 legis
1036 4594 1467 4664 plenitudinmn,
1508 4599 1794 4670 Deumque
1843 4617 1965 4657 esse
2002 4621 2065 4660 ac

2174 4602 2341 4670 νόμου
2376 4600 2540 4664 Θεοῦ,
2571 4602 2668 4654 καὶ
2699 4602 2835 4653 Θεὸν
2887 4595 3056 4654 οὖσαν
3121 4601 3218 4654 κα)⁵
3271 4599 3650 4664 θεοποιοῦσαν,
3702 4599 3768 4654 τά

468 4682 723 4739 dcilicam
757 4693 986 4740 noverat
1011 4702 1026 4750 ;
1057 4686 1219 4758 cujus
1247 4689 1460 4745 scilicet
1484 4699 1752 4758 extrema,
1781 4693 2058 4762 perfectis-

468 4776 608 4830 sima
639 4775 1135 4846 imperturbatlone
1160 4795 1224 4835 ac
1263 4789 1448 4836 mente
1504 4783 1822 4852 purissima,
1871 4796 2068 4840 nactus

469 4879 617 4922 esset
637 4869 738 4924 ²³⁴.

544 4978 820 5037 Czeterum
853 4982 1164 5044 videamus.
1215 4984 1361 5038 unde
1397 5001 1426 5039 a
1463 4985 1736 5056 principio
1775 4996 1978 5050 motus.
2012 4998 2069 5045 et

471 5089 579 5142 qua
610 5083 907 5144 provectus
939 5091 1004 5130 ac
1034 5075 1334 5146 proﬁciens
1392 5079 1502 5136 via.
1574 5078 1641 5132 ad
1705 5079 2064 5148 perlectionis

473 5163 615 5218 hanc
649 5167 930 5234 speculam
972 5167 1273 5222 subvectus
1302 5168 1394 5222 sit.
1421 5169 1540 5222 lam
1575 5169 1723 5223 enim
1753 5186 1947 5241 magna
1970 5187 2065 5226 ve-

474 5267 644 5321 raque
671 5253 795 5309 luce
821 5255 890 5308 iis
923 5267 1140 5321 exorta,
1166 5257 1260 5326 qui
1289 5258 1558 5312 sedebant
1593 5261 1649 5312 iu
1688 5261 1965 5326 tenebris;
2002 5278 2068 5317 ac

471 5342 696 5409 quidem
715 5344 1118 5416 Patreiglurite,
1139 5347 1335 5401 Filium
1350 5364 1470 5402 esse
1502 5349 1913 5416 cbarissimum,
1939 5367 2065 5406 eum

472 5433 567 5503 qui
599 5415 1042 5503 intingebaiur,e
1069 5437 1225 5492 caelis
1248 5437 1532 5494 intonante
1549 5443 1596 5473 “
1631 5458 1646 5506 ;
1672 5456 1703 5496 e
1734 5449 1880 5497 terra
1909 5459 2064 5508 vero,

473 5525 596 5593 ipso
643 5526 737 5595 qui
771 5527 1098 5598 intingebat,
1119 5529 1333 5600 Agnum
1379 5531 1476 5587 Dei
1509 5548 1632 5587 esse
1675 5534 1929 5589 testante
1960 5535 2064 5602 ⁸⁸⁸,

473 5616 607 5686 quin
641 5625 698 5671 et
733 5617 940 5689 Spiritu
1003 5621 1058 5674 in
1111 5621 1381 5677 columba:
1431 5623 1617 5694 specie
1640 5623 2013 5682 descendente
2044 5666 2061 5692 ,

2170 4693 2378 4765 ἔσχατα
2397 4693 2607 4762 ταύτης
2639 4692 2883 4764 ἀπαθείᾳ
2925 4692 3240 4766 τελειοτάτη
3279 4693 3375 4746 καὶ
3407 4689 3484 4762 νῷ
3511 4690 3768 4761 καθαρω-

2166 4787 2317 4856 τάτῳ
2338 4783 2706 4856 κατειληφῴς.

2252 4985 2396 5039 Ἀλλ’
2420 4985 2646 5054 ἴδωμεν,
2679 4985 2803 5038 ὅθεν
2836 4985 2934 5054 τὴν
2963 4983 3139 5056 ἀρχὴν
3182 4982 3444 5049 κινηθεὶς,
3473 4982 3570 5035 καὶ
3605 4978 3762 5054 δι’ἧς

2162 5077 2503 5149 ἀναγόμενος
2559 5078 2657 5131 καὶ
2702 5076 3034 5146 προκόπτων
3087 5072 3232 5138 ὁδοῦ,
3281 5071 3489 5144 ταύτην
3542 5074 3761 5145 ἐπήρθη

2162 5169 2265 5239 τῆς
2297 5159 2641 5237 τελειότητος
2672 5169 2776 5236 τὴν
2805 5167 3122 5238 περιωπήν.
3155 5165 3318 5236 Ἀρτι
3368 5165 3478 5237 γὰρ
3524 5165 3622 5218 τοῦ
3665 5183 3762 5236 με·

2163 5263 2331 5330 γάλου
2366 5263 2462 5312 καὶ
2492 5257 2750 5330 ἀληθινοῦ
2786 5257 2990 5325 φωτὸς,
3031 5257 3145 5318 τοίς
3173 5255 3232 5308 ὲν
3280 5254 3462 5308 σκότει
3508 5253 3761 5325 καθημέ-

2164 5371 2274 5415 νοις
2308 5352 2659 5421 ἁνίσχοντος⁶
2711 5348 2803 5402 καὶ
2845 5345 3056 5400 ἀνωθεν
3113 5343 3213 5416 μὶν
3265 5343 3326 5408 ἐξ
3372 5344 3618 5415 οὐρανῶν
3663 5343 3761 5397 τοῦ
3821 5388 3827 5392 .

2174 5444 2391 5516 Πατρδς
2415 5443 2518 5514 τῆς
2547 5441 2710 5510 δόξης
2743 5438 3030 5509 ἀγαπητὸν
3073 5436 3202 5491 Υίδν
3235 5432 3375 5490 εἶναι
3423 5437 3518 5490 τὸν
3567 5435 3761 5506 βαπτι-

2173 5534 2404 5604 ζόμενον
2436 5529 2915 5602 ἐμϐροντήσαντος
2934 5542 2950 5558 '
2981 5525 3228 5595 κάτωθεν
3255 5527 3313 5585 δὲ
3329 5526 3424 5581 τοῦ
3464 5523 3774 5598 βαπτίζονο’

2171 5643 2288 5693 τος,
2327 5625 2528 5696 ’Δμνδν
2549 5617 2694 5679 εἶναι
2718 5619 2818 5677 τοῦ
2848 5620 3006 5676 Θεοῦ
3031 5619 3229 5677 τοῦτον
3261 5621 3721 5695 μαρτυρήσαντος
3741 5633 3758 5652 ο

559 5802 613 5876 ’ξ
631 5803 792 5858 Rom.
811 5819 931 5865 vm.
954 5802 1047 5876 29.
1111 5805 1192 5837 W‘
1211 5805 1326 5862 Jac.
1359 5823 1395 5870 I.
1422 5807 1507 5864 l8.
1566 5811 1610 5841 “
1639 5809 1783 5864 Psal.
1816 5827 2000 5870 xxxm.
2022 5813 2065 5865 ὅ.

2172 5809 2240 5842 τι*
2257 5809 2400 5864 Psal.
2437 5809 2656 5875 xuv,3.
2704 5808 2750 5840 ¹⁹
2787 5808 2951 5865 Prov.
2975 5823 3095 5871 vm,
3132 5806 3217 5861 l7.
3295 5805 3342 5838 ’³
3364 5805 3410 5862 ιι
3430 5805 3560 5862 Cor.
3586 5820 3642 5876 ν,
3671 5803 3761 5864 ll.

476 5871 557 5906 ⁸³*
583 5873 869 5943 Rom.x|u,
901 5876 1003 5945 lt);
1035 5875 1054 5932 ι
1081 5876 1242 5934 Joan.
1265 5894 1340 5946 ιν,
1375 5882 1428 5934 8.
1507 5878 1552 5910 “
1575 5880 1678 5935 lsa.
1713 5897 1787 5948 Ix,
1820 5881 1919 5949 2|;
1949 5883 2065 5937 Mati

2172 5898 2250 5949 ut,
2274 5881 2339 5936 l‘i
2373 5897 2390 5950 ;
2423 5871 2764 5946 Luc.'ut,22
2844 5877 2925 5913 ’W
2946 5877 3107 5934 Joan.
3131 5893 3170 5944 ι,
3210 5876 3302 5934 29.
