4086 6282
338 372 445 437 105

1115 364 1401 439 ORATIO
1437 362 1535 426 VI.
1565 386 1632 400 ο·-
1666 357 1745 425 1N
1776 362 2091 425 LAUDEM
2129 364 2191 423 S.
2231 360 2553 425 JOANNIS
2590 358 2865 425 EVANG.

3509 361 3611 430 108

339 491 439 543 καὶ
469 483 569 540 τοῦ
605 482 927 555 Πνεῦματος
976 482 1035 537 δὲ
1075 483 1407 554 περιστερᾶς
1460 480 1591 535 εῖδει
1621 481 1924 545 κατιόντος,

2033 490 2197 551 atque
2225 480 2515 535 amborum
2570 481 2948 537 testimonium
3006 480 3348 551 obsignante,
3413 494 3613 553 preter

336 576 437 630 καὶ
472 575 573 646 τὴν
606 574 920 645 μαρτυρίαν
948 573 1157 643 ἀμφοῖν
1184 571 1709 642 ὲπισφραγίζοντος,
1733 564 1824 625 οἷά
1840 588 1925 632 τις

335 666 536 738 ἡλιακὴ
570 667 707 735 πρὸς
730 668 848 728 τοῖς
894 663 1075 727 ἀλλοις
1130 662 1227 716 τοῦ
1289 663 1466 731 Λόγου
1519 662 1777 733 μύσταις,
1831 661 1924 715 καὶ

332 763 449 823 τοῖς
507 760 645 821 υἱοῖς
706 756 994 812 Ζεϐεδαίου
1044 755 1354 827 προσέπεσε
1424 755 1801 827 μαρμαρυγήο
1833 755 1926 807 καὶ

333 853 592 921 καθάπερ
621 852 746 904 τινά
789 849 1063 918 σπινθῆρα
1089 847 1347 916 γνώσεως
1400 846 1805 916 ὲλλαμφθέντες
1829 843 1925 899 τοῦ

336 942 814 1013 μαρτυρουμένου,
838 938 1029 1008 ἐπειδὴ
1064 938 1184 1008 μετ’
1204 937 1387 1006 ὀλίγον
1410 938 1610 1001 αὐτοὺς
1645 939 1675 992 ὁ
1710 936 1929 1007 θεαρχι-

338 1032 583 1095 κώτατος
625 1034 854 1086 ἐκάλεσε
892 1032 1199 1103 παραστὰς,
1221 1030 1342 1083 οὐδὲ
1377 1029 1553 1100 βραχὺ
1599 1028 1729 1099 γοῦν
1787 1029 1928 1102 πρὸς

335 1130 437 1198 τὴν
455 1126 651 1195 κλῆσιν
669 1124 997 1180 ἁνεσάλοντο
1014 1142 1028 1155 ⁸
1073 1126 1137 1178 οὐ
1162 1123 1454 1194 συνηθείας
1473 1121 1715 1187 οἰκείων,
1747 1122 1810 1175 οὐ
1839 1123 1929 1192 φί-

354 1216 488 1281 λων,
514 1217 613 1286 οὐχ
653 1215 960 1287 ὁμηλίκων,
996 1213 1111 1267 οὔθ’
1156 1213 1295 1277 ὅλως
1341 1213 1673 1283 συγγενικῆς
1718 1212 1926 1282 φιλίας,

340 1311 440 1362 καὶ
465 1309 716 1379 ἑταιρίας
737 1307 1121 1377 ἐπεσχέθησαν
1142 1308 1255 1369 τοῖς
1283 1306 1505 1374 δεσμοῖς
1523 1318 1539 1334 ·
1569 1305 1707 1359 ἀλλά
1736 1306 1832 1359 καὶ
1859 1306 1929 1359 τὰ

337 1403 620 1472 προσόντα
643 1401 844 1468 πάντα,
868 1401 964 1455 καὶ
995 1401 1096 1470 τὴν
1118 1399 1301 1453 ἑστίαν
1336 1397 1439 1469 τὴν
1485 1398 1766 1471 πατρικήν
1786 1415 1803 1431 ·
1839 1400 1929 1453 ναὶ

332 1494 403 1564 δὴ
430 1495 530 1548 καὶ
552 1494 716 1548 αὑτὸν
743 1492 840 1546 τὸν
888 1494 1104 1562 πατέρα
1136 1492 1277 1567 μετά
1327 1490 1424 1545 τοῦ
1459 1489 1648 1545 πλοίου
1686 1489 1782 1545 καὶ
1828 1491 1929 1559 τῆς

330 1584 658 1654 ἁλιευτικῆς
692 1584 926 1655 ἀφέντες
964 1581 1032 1653 (ὢ
1078 1583 1178 1653 τῆς
1225 1581 1531 1648 πίστεωςι)
1569 1581 1931 1637 ἀκολουθοῦσι

331 1676 421 1748 τῷ
456 1676 637 1745 ’1ησοῦ
668 1691 685 1708 ο
729 1678 787 1730 ὲν
815 1674 1045 1746 ἀληθινῇ
1074 1678 1170 1729 καὶ
1200 1672 1403 1746 γνησίᾳ
1418 1673 1652 1745 καρδίας
1683 1672 1929 1745 συμφυο-

337 1787 507 1841 μενοι
542 1772 769 1841 στοργῇ.

2025 575 2270 643 reliquos
2284 574 2789 645 Verbidiscipulos,
2828 578 2886 630 in
2915 575 3414 647 Zebedaei-quoque
3444 577 3611 642 ﬁlios,

2025 667 2176 721 velut
2197 668 2331 721 solis
2364 666 2588 736 quidam
2623 669 2858 723 micatus
2884 676 2941 724 et
2982 668 3245 738 splendor
3267 669 3508 737 cecidit;
3548 685 3615 726 ac

2025 759 2183 829 quasi
2208 756 2448 815 scintilla
2468 759 2726 829 quadam,
2748 760 2889 830 ejus,
2930 761 3020 816 cui
3047 760 3427 817 testimonium
3488 777 3616 832 per.

2026 850 2342 915 bibebatur,
2380 850 2489 906 illis
2516 860 2864 917 coruscante,
2901 866 3029 906 cum
3092 851 3249 906 brevi
3289 860 3414 921 post
3465 852 3615 908 divi-

2025 942 2292 999 nissimus
2310 943 2401 999 ille
2450 941 2686 1014 forisque
2705 942 2933 999 deitatis
2962 943 3086 999 illos
3116 952 3318 1014 praesto
3337 956 3612 1010 vocasset,

2026 1054 2097 1095 ne
2119 1049 2401 1093 momento
2424 1038 2649 1109 quidem
2672 1038 2903 1109 obsequi
2928 1038 3283 1095 distulerunt.
3311 1038 3433 1095 Non
3481 1055 3618 1096 con-

2026 1130 2338 1186 suetudinis
2366 1144 2614 1195 suorum,
2642 1144 2753 1185 non
2780 1130 3105 1196 amicorum,
3141 1145 3251 1186 non
3297 1131 3616 1201 aaqnalium,

2026 1236 2208 1293 neque
2238 1237 2463 1292 prorsus
2491 1231 2850 1294 cognatorum
2888 1221 3273 1294 sodaliumque
3308 1223 3617 1279 necessitu-

2029 1315 2179 1372 dinis
2208 1314 2446 1371 vinculis
2474 1314 2699 1370 inbibiti
2742 1323 2874 1370 sunt
2903 1332 2920 1381 ;
2953 1314 3051 1371 sed
3076 1325 3134 1371 et
3158 1313 3310 1370 omni
3359 1315 3618 1371 substan-

2031 1406 2106 1461 tia
2136 1417 2473 1477 paternaque
2498 1407 2687 1472 domo,
2720 1409 2857 1478 quin
2901 1415 2959 1462 et
2987 1406 3295 1477 ipsmpatre
3348 1422 3457 1461 una
3488 1419 3617 1463 cum

2028 1516 2168 1555 nave
2197 1515 2263 1555 ac
2311 1500 2648 1573 navicularia
2669 1507 2786 1555 arte
2820 1498 3028 1555 relictis
3088 1500 3144 1569 (ο
3174 1496 3336 1553 ﬁdem
3361 1498 3403 1567 l)
3428 1497 3618 1552 Jesum

2030 1599 2363 1662 sequuntur,
2389 1591 2595 1648 nedum
2624 1606 2881 1662 corpore,
2901 1578 2998 1645 sed
3018 1590 3193 1661 magis
3210 1588 3412 1659 spiritu
3437 1605 3455 1656 ;
3481 1601 3618 1645 vero

2030 1684 2111 1741 illi
2143 1685 2473 1755 sinceraque
2494 1684 2678 1739 cordis
2702 1698 2891 1739 amore
2910 1681 3177 1738 devincti.

405 1862 522 1916 Καὶ
554 1863 676 1925 ταῖς
715 1860 816 1932 μὲν
843 1861 1030 1915 ἀκτῖσι
1084 1858 1195 1914 τῶν
1220 1858 1397 1928 λόγων
1435 1858 1537 1929 τῆς
1563 1859 1790 1930 χάριτος
1815 1858 1927 1914 τῶν

2098 1865 2179 1921 Ac
2197 1862 2422 1935 quidem
2447 1878 2765 1919 sermonum
2799 1862 3007 1935 gratiae,
3057 1863 3249 1919 divino
3308 1878 3376 1918 ex
3402 1875 3502 1918 ore
3523 1875 3620 1917 sa-

331 1958 399 2010 ὲκ
421 1954 518 2009 τοῦ
539 1952 834 2025 θεαρχικοῦ
892 1955 1162 2021 στόματος
1209 1951 1606 2023 ἐξαλλομένων,
1652 1951 1930 2023 περιλαμ-

332 2046 567 2117 πόμενοί
590 2063 649 2100 τε
677 2045 770 2099 τὸν
799 2044 948 2109 νοῦν,
982 2045 1079 2100 καὶ
1106 2045 1190 2109 είς
1245 2044 1434 2099 καινὸν
1490 2046 1781 2116 ἄνθρωπον
1830 2044 1930 2100 καὶ

334 2140 551 2209 θεοειδῆ
606 2137 1125 2210 μεταμορφούμενοι
1146 2152 1162 2169 ο
1192 2140 1308 2201 τοῖς
1338 2137 1451 2191 τῶν
1490 2135 1673 2209 ἔργων
1714 2135 1772 2190 δὲ
1793 2137 1928 2191 θαυ·

336 2231 563 2303 μασίοις
592 2233 695 2303 τὴν
756 2230 944 2283 πίστιν
1002 2229 1451 2303 κραταιούμενοι,
1493 2229 1589 2284 καὶ
1620 2229 1835 2301 ἡμέραν
1869 2229 1930 2296 ἐξ

330 2324 554 2395 ἡμέρας
582 2324 676 2377 τὸν
700 2324 801 2392 τῆς
850 2322 1078 2393 ἀγάπης
1135 2320 1630 2394 ἀναζωπυροῦντες
1681 2321 1927 2394 πυρσόν

332 2422 431 2473 xa't
453 2418 714 2487 καθάπερ
735 2416 805 2471 τὰ
828 2415 940 2470 τῶν
972 2414 1162 2485 φυτῶν
1205 2414 1573 2487 εὐγενέστερα
1624 2414 1659 2487 ἢ
1708 2414 1931 2471 εὐθαλέ-

332 2528 526 2583 στερα,
550 2510 656 2581 γῆς
703 2525 764 2563 τε
797 2508 986 2571 πίονος
1022 2507 1119 2561 καὶ
1150 2505 1327 2578 καλῆς
1370 2506 1608 2579 λαχόντα
1654 2507 1757 2578 τῆς
1799 2507 1932 2562 ὑπο-

333 2604 597 2673 κειμένης
626 2617 642 2632 ·
684 2598 887 2663 ἱκανῶς
921 2598 979 2653 δὲ
1004 2597 1103 2653 καὶ
1138 2598 1237 2669 τῆς
1266 2598 1421 2670 παρά
1447 2597 1557 2653 τῶν
1606 2598 1932 2671 φυτοκόμων

338 2693 635 2765 ἀξιούμενα
662 2690 897 2763 κομιδῆς
916 2708 930 2723 ·
952 2688 1148 2745 θᾶττόν
1165 2706 1226 2744 τε
1259 2689 1396 2762 πρὸς
1426 2687 1565 2760 ὕψος
1595 2688 1932 2758 ἀναδίδοται,

336 2788 423 2840 καὶ
450 2785 679 2857 βαθείας
698 2781 960 2837 καθιέντα
996 2781 1176 2854 ῥίζας,
1201 2779 1495 2853 ἁδρύνεταί
1545 2797 1608 2836 τε
1658 2781 1805 2835 κατά
1834 2778 1933 2834 τά-

328 2896 445 2950 χος,
475 2877 577 2931 καὶ
605 2875 803 2940 πολὺν,
835 2875 913 2939 ὡς
975 2873 1144 2940 είκδς,
1200 2872 1498 2929 ἀποδίδωσι
1544 2871 1640 2927 τὸν
1680 2872 1931 2945 καρπόν

324 2970 509 3033 οὕτως
548 2971 597 3022 οἱ
656 2966 755 3021 τοῦ
810 2966 993 3036 Λόγου
1036 2962 1400 3035 δοκιμώτατοι
1436 2963 1701 3034 μαθητῶν
1758 2963 1934 3034 καλῆς

330 3064 419 3117 ὃτι
450 3060 697 3130 μάλιστα
726 3059 823 3112 καὶ
846 3057 1065 3127 ἀγαθῆς
1093 3056 1250 3119 ὅντες
1285 3054 1548 3119 διανοίας,
1573 3049 1656 3119 οἷς
1696 3053 1798 3125 μὲν
1823 3054 1935 3108 τῶν

330 3154 505 3226 ἱερῶν
525 3152 630 3222 τῆς
658 3150 858 3249 σοφίας
888 3148 1094 3219 ὀργίων
1136 3147 1501 3220 κατηξίωντο,
1535 3146 1664 3249 τὴν.
1689 3145 1924 3215 καρδίαν
1948 3185 1995 3249 C

336 3243 700 3315 βαθυνόμενοι
725 3258 741 3274 ·
768 3234 853 3304 οἷς
880 3238 939 3292 δὲ
963 3238 1073 3292 τῶν
1092 3237 1275 3309 ἔργων
1319 3236 1561 3307 Χριστοῦ
1610 3235 1715 3305 τὴν
1757 3252 1926 3306 μεγαα

334 3334 679 3405 λοπρέπειαν
706 3329 1075 3394 κατεθεῶντο,
1102 3329 1238 3399 πρὸς
1255 3327 1511 3398 οὐράνιον
1536 3324 1672 3396 ὕψος
1696 3326 1937 3389 πίστεως

344 3426 441 3476 τὸν
465 3423 594 3475 νοῦν
625 3420 1054 3490 ἀνατεινάμενοι,
1082 3418 1285 3488 εὐγενῆ
1313 3419 1411 3472 καὶ
1457 3415 1668 3488 ὦριμον
1714 3416 1808 3472 τὸν
1834 3419 1935 3487 τῆς

357 3513 582 3582 ἀγάπης
606 3514 878 3567 ἀπεδίδουν
914 3510 1153 3587 καρπόν.

436 3602 603 3656 Ὅθεν
633 3604 799 3668 αὐτοῖς
836 3602 969 3675 περὶ
996 3602 1067 3656 τὰ
1117 3601 1268 3671 ἥττω
1297 3600 1516 3669 φανεῖσι
1547 3600 1785 3664 πιστοῖς,
1839 3600 1938 3653 καὶ

361 3698 492 3767 περὶ
518 3694 584 3747 τά
612 3694 774 3764 μείζω
802 3693 1120 3763 λογισθῆναι
1170 3697 1385 3758 πιστοῖς
1424 3710 1439 3725 °
1475 3694 1572 3748 καὶ
1613 3694 1724 3746 τῶν
1751 3690 1933 3763 ἔργων

369 3785 542 3856 Ἰησοῦ
592 3785 688 3857 τὴν
743 3784 1109 3857 λαμπρότητα
1130 3786 1367 3851 πίστεως
1388 3786 1719 3858 ὑποσχόντες
1737 3783 1939 3838 τελειό-

346 3895 492 3949 τητι,
512 3879 607 3932 καὶ
642 3879 747 3948 τῆς
773 3878 1107 3949 ὑπερουσίου
1133 3878 1411 3947 θεότητος,
1453 3877 1531 3941 ὡς
1581 3875 1804 3947 ἆφικτὺν
1844 3876 1941 3929 ἀν·-

340 3970 592 4043 θρωπίνη
646 3970 1006 4040 κατηξιοῦντο
1059 3969 1245 4041 φύσει.
1276 3970 1391 4025 Καὶ
1434 3970 1542 4039 γὰρ
1573 3970 1635 4022 οὐ
1664 3970 1779 4031 τοῖς
1803 3966 1937 4020 πολ-

338 4062 453 4126 λοῖς
495 4061 696 4115 ἑαυτὸν
745 4060 1090 4132 ἐνεπίστευεν
1114 4060 1144 4113 δ
1173 4059 1525 4132 ὑπερούσιος,
1570 4057 1759 4129 σαφῶς
1808 4058 1940 4112 ἐκά-

342 4172 471 4208 στου
496 4154 574 4208 τά
601 4153 814 4223 κρύφια
839 4151 942 4223 τῆς
968 4129 1229 4223 *καρδίας
1253 4129 1622 4222 κ-αταθεωρῶν
1644 4166 1656 4182 ⁸
1682 4150 1804 4205 οὐδὲ
1831 4150 1939 4202 πᾶ-

338 4262 426 4299 σιν
450 4244 722 4314 ἐξαπίνης
768 4246 884 4304 τοῖς
945 4242 1255 4313 μαθηταίς’
1301 4240 1420 4295 ἀλλ’
1475 4240 1572 4304 οὓς
1609 4239 1943 4309 ἀξιωτέρους

338 4336 482 4407 ᾔδει.
514 4335 614 4389 καὶ
640 4333 844 4405 μᾶλλον
904 4331 1016 4389 τῶν
1072 4332 1251 4387 ἄλλων
1282 4333 1637 4401 πιστοτέρους
1695 4331 1945 4401 παραλαο

338 4426 454 4481 ὁών
473 4443 488 4456 ⁸
513 4427 611 4480 καὶ
675 4424 757 4497 τῷ
796 4423 1071 4495 Θαϐωρίῳ
1119 4424 1587 4496 προσαναγαγὼν,
1623 4422 1725 4497 τὴν
1771 4420 1943 4477 αὑτοῦ

336 4519 502 4586 δόξαν
520 4519 711 4593 ἡρέμα
732 4516 1255 4590 μεταμορφούμενος
1278 4517 1583 4583 ὑπέδειξεν.

413 4698 590 4754 Τοῦτο
625 4698 726 4769 μὲν
772 4694 890 4765 οὖν,
926 4698 990 4753 οὐ
1010 4697 1107 4753 τοῦ
1145 4697 1397 4753 Ἰωάννου
1454 4693 1641 4768 μόνον,
1671 4694 1809 4753 ἀλλά
1840 4696 1941 4753 καὶ

356 4791 620 4845 ἰακὼὃου
650 4792 750 4844 καὶ
794 4789 1004 4861 Πέτρου
1036 4788 1155 4861 τῆς
1199 4788 1438 4852 πίστεως
1470 4787 1745 4855 ἀπόδειξις
1774 4790 1942 4859 εναρ-

346 4884 451 4954 γῆς
476 4899 492 4914 ο
524 4884 833 4955 τεκμήριον
861 4882 921 4936 δὲ
955 4880 1057 4951 τῆς
1103 4883 1246 4936 κατὰ
1288 4880 1387 4950 τὴν
1411 4881 1636 4952 ἀγάπην
1662 4882 1941 4955 τελειότη-

346 4990 464 5039 τος,
497 4976 533 5045 ἡ
561 4974 710 5027 κατὰ
740 4973 802 5028 τὸ
826 4974 1091 5045 μυστικὸν
1109 4973 1328 5026 δεῖπνον
1357 4973 1455 5024 ἐπὶ
1496 4974 1559 5025 τὸ
1611 4972 1936 5043 ζωαρχικώ-

346 5081 515 5120 τατον
548 5064 748 5136 στῆθος
780 5065 1063 5127 ἀνάκλισις
1084 5062 1179 5116 τοῦ
1204 5062 1489 5131 Θεολὸγου.
1523 5063 1676 5117 Ἐπεὶ
1704 5062 1811 5133 γὰρ
1839 5064 1936 5117 ἕνα

348 5155 462 5211 τῶν
480 5156 938 5228 συνεστιωμένων
990 5153 1342 5226 παραδώσειν
1395 5153 1562 5207 αὑτὸν
1606 5153 1940 5225 προειρηκέ-

351 5265 467 5315 ναι,
503 5247 741 5318 θορύσου
776 5249 901 5319 μὲν,
938 5247 1015 5311 ὡς
1046 5246 1217 5314 εἰκὸς,
1256 5246 1355 5309 τὰς
1371 5244 1606 5316 καρδίας
1624 5244 1733 5297 τῶν
1762 5245 1935 5316 μαθη-

349 5337 463 5393 τῶν
492 5338 591 5390 καὶ
613 5336 792 5405 λύπης
834 5334 1161 5406 ἀγωνιώσας
1222 5333 1706 5404 ὑποπίμπλασθαι·
1746 5334 1939 5387 οὐδένα

351 5430 411 5487 δὲ
452 5429 742 5503 παρρησίᾳ
788 5430 996 5502 τολμᾷν
1023 5430 1256 5500 ἐρωτᾷν,
1286 5429 1337 5481 εί
1393 5426 1469 5498 μὴ
1517 5425 1612 5479 τὸν
1656 5425 1802 5481 κατά
1842 5429 1946 5498 τὴν

355 5524 513 5596 ίεράν
535 5526 759 5596 ἀγάπην
781 5521 1231 5593 ὑπερϐαλλόντως
1267 5518 1715 5588 τετελειωμένον,
1738 5519 1797 5584 ὃς
1824 5519 1943 5589 ἑχό-

359 5633 501 5686 μενα
524 5615 922 5686 κατακείμενος
965 5616 1047 5686 τῷ
1097 5614 1409 5686 διδασκάλῳ
1433 5630 1448 5646 ο
1484 5612 1841 5685 πῳσανασάς
1860 5613 1938 5680 δι,

2028 1955 2305 2022 lientium,
2345 1954 2519 2011 radiis
2564 1954 2750 2011 animo
2805 1954 3135 2019 collustrati,
3176 1955 3347 2025 inque
3409 1967 3617 2011 novum

2029 2047 2311 2102 hominem
2357 2060 2423 2101 ac
2443 2044 2768 2101 deil‘ormem
2804 2044 3181 2100 transformati
3207 2061 3222 2110 ;
3250 2043 3622 2099 admirandis~

2028 2151 2139 2206 que
2163 2136 2430 2207 operibus
2460 2136 2518 2189 in
2555 2133 2664 2190 ﬁde
2696 2132 2967 2197 roborati,
3000 2146 3065 2187 ac
3098 2130 3413 2186 dilectionis
3469 2128 3625 2183 llam-

2029 2242 2175 2281 mam
2203 2228 2274 2281 de
2320 2227 2411 2282 die
2440 2226 2497 2281 in
2522 2225 2673 2280 diem
2729 2224 3086 2288 suscitantes,
3134 2222 3402 2293 velutque
3460 2220 3625 2277 nobi-

2030 2319 2171 2376 liora
2205 2318 2602 2393 vegetioraque
2632 2334 2699 2375 ac
2720 2316 2896 2389 magis
2916 2317 3152 2372 virentia
3197 2314 3469 2388 germina,
3491 2314 3624 2385 pinu

2031 2412 2238 2485 guique
2267 2426 2333 2467 ac
2355 2411 2540 2483 opima
2596 2410 2847 2482 subjecta
2904 2409 3079 2465 humo
3134 2408 3373 2474 consita,
3403 2420 3627 2464 necnon

2032 2503 2225 2561 sedula
2251 2504 2559 2575 plantantis
2590 2502 2879 2576 diligentia
2904 2502 3145 2569 exculta,
3194 2501 3361 2557 citius
3375 2496 3630 2572 proceri-

2032 2604 2148 2652 tate
2198 2604 2528 2667 augescunt,
2576 2594 2816 2666 altisque
2867 2593 3086 2650 ﬁrmata
3137 2592 3443 2659 radicibus,
3507 2600 3626 2650 tum

2031 2685 2147 2743 cito
2176 2696 2549 2752 crassescunt,
2591 2695 2712 2742 tum
2740 2671 3009 2751 fructum,
3063 2692 3257 2761 utpar
3313 2694 3423 2747 est.
3455 2678 3623 2757 longe

2034 2779 2264 2835 uberem
2286 2779 2579 2851 proferunt
2602 2794 2620 2848 ;
2646 2776 3121 2849 sic'probatissimi
3138 2775 3307 2835 Verbi
3339 2776 3627 2849 discipuli,

2033 2883 2164 2925 cum
2222 2869 2465 2925 honesta
2516 2868 2757 2925 maxime
2820 2876 2989 2940 atque
3042 2866 3253 2939 optima
3303 2877 3630 2940 praestarent

2034 2963 2239 3019 mentis
2264 2963 2474 3027 indole,
2530 2977 2643 3033 qua
2663 2962 2839 3018 sacris
2888 2961 3174 3033 sapientiae
3226 2961 3399 3033 orgiis
3437 2960 3629 3016 initia-

2035 3054 2259 3119 bantur,
2275 3054 2385 3109 alte
2400 3054 2589 3109 animo
2621 3052 2789 3108 deﬁxi
2821 3068 2974 3124 ;qua
3006 3068 3140 3109 vero
3156 3068 3388 3124 operum
3418 3051 3629 3109 Christi

2037 3146 2498 3219 magniﬁcentiam
2525 3144 2954 3211 contuebantur,
2989 3144 3046 3199 in
3071 3145 3352 3201 caelestem
3377 3142 3505 3199 ﬁdei
3530 3160 3628 3200 su-

2036 3238 2365 3293 blimitatem
2417 3243 2605 3291 mente
2636 3235 2897 3299 surrecti,
2943 3233 3187 3291 nobilem
3250 3250 3315 3290 ac
3350 3242 3628 3291 maturum

2036 3330 2357 3387 dilectionis
2378 3328 2623 3384 fructum
2650 3326 2977 3383 reddebant.

2112 3603 2252 3660 Hinc
2270 3617 2469 3675 nempe
2506 3601 2713 3673 adepti,
2753 3608 2817 3656 ut
2848 3615 2976 3656 cum
3008 3604 3065 3656 in
3095 3598 3408 3656 minoribus
3439 3598 3630 3656 ﬁdeles

2040 3697 2390 3751 exstitissent
2416 3736 2432 3760 ,
2460 3696 2629 3751 etiam
2661 3694 2717 3749 in
2748 3693 3053 3763 majoribus
3104 3691 3297 3747 ﬁdeles
3351 3692 3628 3748 haberen-

2042 3790 2191 3845 tur"
2216 3805 2231 3843 :
2252 3803 2596 3858 Operumque
2618 3787 2749 3843 Jesu
2773 3787 3125 3856 Splendorem
3152 3785 3480 3857 perfectioni
3500 3786 3626 3842 ﬁdei

2046 3882 2455 3954 permittentes,
2512 3880 3070 3952 supersubstantialis
3123 3894 3345 3951 quoque
3379 3879 3626 3944 deitatis,

2042 3974 2225 4045 quoad
2272 3973 2528 4027 humanae
2561 3982 2773 4028 naturae
2833 3986 3158 4028 concessum
3186 3980 3293 4036 est,
3345 3981 3630 4042 compotes

2042 4064 2415 4121 elliccrentur.
2445 4062 2566 4118 Non
2594 4061 2744 4118 enim
2764 4061 2932 4132 vulgo
2964 4062 3205 4131 seipsum
3224 4061 3508 4128 credebat,
3531 4063 3629 4133 qui

2044 4150 2407 4208 substantiam
2460 4164 2682 4205 omnem
2738 4150 2977 4211 excedit.
3013 4149 3164 4221 quod
3224 4151 3492 4222 cujusque
3539 4168 3607 4208 oc

2043 4243 2191 4298 culta
2204 4242 2389 4297 cordis
2398 4244 2577 4312 palam
2600 4242 2913 4297 intueretur
2927 4241 2997 4274 ’δ’
3018 4263 3033 4293 :
3054 4257 3157 4297 nec
3173 4242 3388 4297 cunctis
3403 4252 3633 4313 repente

2043 4331 2370 4401 discipulis;
2420 4331 2517 4388 sed
2542 4332 2652 4386 illis
2671 4332 2970 4401 assumptis
3029 4348 3169 4401 quos
3214 4330 3496 4402 digniores
3532 4350 3635 4389 no~

2044 4431 2218 4482 verat,
2240 4436 2305 4475 ac
2335 4420 2529 4490 majori
2547 4422 2764 4477 caeteris
2794 4420 2903 4475 ﬁde
2924 4430 3283 4490 praestantes;
3315 4422 3635 4479 subductis-

1973 4522 2020 4579 ι)
2047 4525 2155 4582 que
2216 4512 2326 4565 illis
2347 4511 2415 4565 ad
2450 4510 2712 4565 Thaborii
2734 4512 2971 4574 excelsa,
3000 4524 3157 4565 suam
3186 4510 3267 4565 eis
3321 4510 3632 4567 claritatem

2041 4600 2243 4656 leniter
2282 4598 2704 4656 transformatus
2725 4600 2968 4657 ostendit
2990 4601 3058 4655 “.

2112 4694 2172 4749 ld
2200 4694 2449 4764 quidem,
2479 4708 2592 4748 non
2616 4691 2845 4748 Joannis
2869 4692 3157 4758 duntaxat,
3215 4692 3314 4749 sed
3350 4701 3409 4748 et
3436 4693 3629 4749 Jacobi

2041 4796 2098 4842 et
2129 4786 2277 4841 Petri
2330 4784 2461 4841 ﬁdei
2492 4794 2684 4854 aperta
2735 4782 2994 4853 probatio
3034 4790 3123 4838 est
3161 4781 3462 4852 :perl’ectae
3500 4800 3629 4839 vero

2038 4877 2355 4935 dilectionis
2383 4883 2598 4932 certum
2655 4875 2944 4940 indicium,
2992 4873 3232 4945 theologi
3282 4873 3340 4929 in
3399 4876 3629 4946 mystica

2043 4986 2201 5027 coena
2228 4983 2386 5038 super
2427 4966 2818 5024 vitalissimum
2840 4973 3035 5038 pectus
3068 4966 3352 5021 recubitus
3380 4967 3447 5018 ".
3471 4966 3629 5033 Quod

2040 5062 2191 5119 enim
2210 5059 2611 5129 discipulorum
2640 5056 2828 5124 corda,
2854 5055 3062 5112 idcirco
3112 5056 3259 5127 quod
3301 5058 3627 5129 praedictum

2041 5159 2210 5216 erat,
2245 5150 2363 5205 l‘ore
2418 5158 2480 5205 ut
2531 5148 2812 5205 communi
2852 5165 3042 5205 mensa
3098 5152 3435 5207 coenantium
3487 5168 3631 5207 unus

2044 5243 2367 5314 Magistrum
2420 5242 2686 5309 traderet,
2716 5242 3053 5298 turbationis
3074 5252 3239 5313 atque
3264 5247 3538 5309 mmroris,
3571 5258 3630 5300 ut

2045 5350 2145 5403 par
2177 5343 2281 5400 est,
2322 5334 2584 5405 anxiique
2615 5333 2835 5389 timoris
2850 5334 3011 5405 plena
3034 5338 3281 5391 erant”
3315 5354 3330 5391 :
3356 5353 3459 5393 nec
3486 5339 3632 5393 ullus

2045 5429 2226 5500 palam
2254 5429 2596 5499 interrogare
2623 5429 2886 5493 audebat,
2935 5439 3167 5500 excepto
3207 5430 3475 5486 duntaxat
3534 5434 3628 5500 qui

2038 5534 2211 5575 sacra:
2244 5518 2559 5574 dilectionis
2583 5519 2919 5590 perfectione
2942 5522 3276 5578 excellenter
3310 5522 3625 5593 praestabat,

2038 5624 2165 5665 cum
2195 5607 2456 5681 Magistro
2501 5608 2788 5680 proximus
2809 5609 3209 5675 discumberet,
3255 5613 3522 5681 tantisper
3555 5613 3625 5667 ad

430 5816 477 5847 "
509 5815 643 5871 Luc.
706 5830 817 5883 xw,-
860 5815 943 5870 10.
1039 5814 1105 5849 ⁸⁵·
1135 5814 1373 5882 Ιοιιιωι,
1402 5812 1492 5871 24.
1574 5815 1620 5848 ³⁸
1644 5814 1838 5871 Matth.
1868 5830 1933 5871 xv

2041 5811 2060 5864 Ι
2093 5828 2108 5878 ;
2147 5808 2312 5868 Marc.
2353 5826 2428 5878 Ix,
2463 5811 2487 5867 l
2524 5827 2541 5880 ;
2587 5810 2720 5866 Luc.
2752 5825 2826 5879 ix,
2878 5813 2963 5869 l7.
3042 5816 3107 5847 ἐ’
3145 5816 3301 5869 Joan.
3338 5826 3457 5880 xui,
3486 5808 3577 5868 ΞΒ.

676 5906 948 5969 Parnm.
992 5908 1085 5968 Gn
1154 5906 1282 5971 CV.

3175 5907 3209 5966 4
