4086 6282
476 340 577 404 107

1679 336 1977 415 NICETIE
2017 337 2549 398 mrumcoms

3650 341 3753 405 108

466 477 597 518 eum
652 456 975 523 ascendens,
1007 453 1269 523 omnique
1291 454 1606 508 reverentia
1648 464 1839 524 pectus
1899 470 2053 509 suum

2165 471 2260 508 και
2288 455 2349 507 τὸ
2399 455 2606 508 οίκεῖον
2667 454 2865 526 στῆθος
2911 456 3276 522 πανευλαϐὦς
3332 457 3628 531 ἐπερείσας
3677 460 3756 530 τῷ

465 550 758 609 Dominico
790 547 1118 608 admonens,
1144 560 1316 615 osque
1335 545 1487 601 illius
1529 545 1759 598 auribus
1786 544 2060 598 adhibens

469 651 523 719 (0
556 645 771 699 beatam
821 638 1407 710 religiosissimamque
1467 637 1812 706 audaciam!)
1843 652 1913 692 ex
1966 636 2061 706 illo

465 744 821 808 percontatur
880 733 1249 805 proditorem,
1306 745 1547 800 eumque
1626 730 1786 800 signo
1840 727 2060 783 intincti

466 832 628 899 panis
654 828 908 882 docetur.

531 921 748 976 Clarius
776 934 908 974 vero
933 915 1360 988 expressiusque
1384 915 1440 968 in
1474 911 1800 974 crastinum,
1847 911 2060 966 deiﬁcaa

464 1011 776 1068 dilectionis
803 1008 1268 1065 necessitudinem
1293 1023 1392 1062 seu
1448 1004 1868 1074 perfectionem,
1907 1004 2059 1060 solus

467 1101 854 1171 mysteriorum
879 1107 1069 1152 auctor
1103 1096 1264 1150 Jesus
1292 1095 1348 1148 in
1372 1109 1537 1148 cruce
1576 1093 1733 1163 quasi
1761 1093 2052 1163 zenigmate

463 1192 705 1246 ostendit
733 1209 748 1256 ;
775 1191 908 1245 dum
933 1190 1091 1244 Matri
1146 1188 1527 1258 pratdilectum
1561 1185 1897 1254 discipulum
1931 1194 2056 1239 tan-

463 1299 626 1353 quam
653 1281 826 1335 ﬁlium
861 1278 1288 1336 commendavit.
1347 1277 1645 1346 Matrisque
1693 1293 1882 1332 curam
1929 1293 2055 1332 cor-

467 1373 709 1445 poralem
735 1373 792 1427 in
822 1386 965 1436 eum,
985 1370 1161 1424 ﬁlium
1199 1370 1425 1435 retulit;
1449 1385 1513 1424 ac
1541 1369 1798 1423 velutsui
1830 1384 2056 1439 permu-

468 1461 732 1515 tationem
770 1461 1125 1531 pretiumquc
1159 1458 1258 1514 Dei
1308 1458 1576 1514 Gcnitrici
1623 1459 1909 1525 traditum,
1953 1473 2051 1513 ve-

466 1556 598 1610 riori
630 1554 801 1626 gradu
833 1554 1060 1608 fratrem
1093 1553 1194 1606 sibi
1215 1569 1340 1606 eum
1368 1552 1623 1608 adhibuit
1653 1555 1721 1607 ⁸⁷.

570 1647 709 1714 Quia
738 1646 888 1701 enim
923 1643 1123 1713 reliqui
1157 1658 1348 1697 omnes
1409 1643 1666 1711 discipuli
1725 1641 1888 1715 (absit
1917 1682 1933 1707 ,
1994 1651 2057 1696 ut

465 1740 615 1809 quod
670 1738 962 1793 molestum
991 1744 1095 1802 est,
1147 1745 1323 1789 totum
1349 1733 1554 1802 dicam)
1586 1735 1891 1789 irruentem
1950 1748 2053 1802 po-

469 1841 722 1885 testatcm
758 1829 1135 1890 tenebrarum,
1201 1827 1464 1895 Judaeqne
1493 1836 1779 1880 cruentam
1836 1841 2052 1896 grassa-

468 1922 695 1986 tionem,
738 1932 954 1973 necnon
989 1917 1307 1971 Judaeorum
1367 1917 1578 1970 rabiem
1625 1933 1690 1970 ac
1739 1917 2008 1972 s:evitiam
2034 1957 2051 1980 ,

463 2015 840 2082 adversusque
874 2010 1217 2064 Salvatorem
1268 2011 1545 2063 vesaniam
1601 2027 1712 2064 non
1769 2011 2050 2073 ferentes,

465 2106 650 2174 fugam
680 2103 1032 2173 arripuerant
1090 2118 1104 2152 ε
1138 2112 1194 2155 ιιι
1222 2116 1354 2155 vero
1394 2117 1459 2154 ex
1481 2103 1737 2156 omnibus
1793 2112 2052 2172 tanquam

466 2196 611 2250 ﬁrmi
637 2210 704 2250 ac
733 2194 1144 2249 tolerantissimi
1171 2193 1339 2246 animi
1382 2202 1442 2247 ut
1473 2193 1566 2262 qui
1616 2194 1812 2262 majori
1863 2195 2054 2248 fortio-

467 2291 626 2358 rique
677 2286 884 2340 amoris
912 2287 965 2339 vi
999 2286 1257 2356 Magistro
1305 2284 1787 2348 devinctusesses,
1837 2287 2054 2340 cunctis

466 2384 543 2437 illi
568 2378 905 2437 salutaribus
979 2376 1374 2431 eruciamentis
1409 2391 1617 2441 comes,
1649 2392 1761 2445 prae
1806 2377 1900 2432 illo
1940 2377 2054 2432 fere

466 2475 646 2529 dirius
679 2471 929 2526 molestis
971 2468 1344 2533 aﬂiciebaris;
1389 2469 1486 2536 qui
1536 2484 1736 2536 nempe
1784 2478 2045 2540 tanquam

465 2564 799 2622 acutissimis
833 2563 1030 2634 iaculis
1076 2562 1287 2616 viscera
1324 2562 1877 2626 transverberareris,
1930 2563 2050 2617 val-

465 2660 648 2728 deque
673 2655 890 2710 acerbis
924 2655 1074 2707 illius
1107 2667 1270 2706 causa
1323 2651 1610 2706 doloribus
1655 2654 1840 2708 animo
1861 2670 2057 2708 exure-

469 2752 615 2806 reris
647 2765 662 2803 :
694 2746 1031 2804 condolebas
1095 2745 1244 2814 quod
1282 2745 1610 2800 verberibus
1656 2747 2037 2816 excipiebatur

469 2842 733 2911 varieque
761 2840 1016 2909 colaphis
1052 2839 1421 2893 dehonestato
1467 2838 1822 2893 miseratione
1857 2839 2058 2894 afﬁcie-

467 2935 616 2989 baris
661 2951 675 2987 :
709 2932 805 2987 sed
837 2941 896 2986 et
925 2932 1077 2986 cruci
1115 2931 1274 2986 affixo
1303 2933 1452 2986 solus
1487 2949 1610 2986 cum
1658 2933 1824 2988 Maria
1849 2943 2054 2998 astans,

469 3042 578 3081 una
607 3033 664 3080 et
685 3025 802 3095 ipse
843 3024 1084 3093 quodam
1123 3024 1286 3078 modo
1327 3025 1478 3079 cruci
1508 3025 1736 3080 sutlixus
1779 3041 1927 3088 eras,
1957 3025 2052 3095 qui

2167 547 2508 618 Δεσποτικῷ,
2546 547 2642 602 καὶ
2681 549 2743 602 τὸ
2797 549 2977 620 στόμα
3006 551 3278 621 παραθεὶς
3317 555 3434 614 τοῖς
3471 552 3626 616 ὠσὶν,
3677 553 3758 618 (ὣ

2168 639 2449 710 μακαρίας
2473 639 2573 693 καὶ
2614 641 3044 712 θεοφιλεστάτης
3094 641 3302 713 τόλμης
3329 644 3371 712 ἰ)
3425 644 3757 710 πυνθάνεται

2165 731 2268 800 μὲν
2290 730 2422 802 παρ’
2454 731 2622 787 αὐτοῦ
2656 733 2752 785 τὸν
2777 733 3048 805 προδότην
3070 750 3086 765 ·
3119 736 3427 806 συνθήματι
3461 735 3518 787 δὲ
3540 737 3754 796 τοῦτον,

2159 823 2240 893 τῷ
2267 824 2414 877 κατὰ
2436 824 2531 879 τὸν
2553 823 2740 895 ἄρτον,
2774 825 3180 880 ἐκδιδάσκεται.

2243 915 2760 986 Ἐμφαντικώτερον
2784 917 2842 972 δὲ
2871 920 2936 989 τῇ
2965 917 3117 988 ἑξῆς,
3155 918 3258 990 τὴν
3301 917 3392 973 διὰ
3434 918 3534 989 τῆς
3561 919 3755 972 θεωτι-

2161 1007 2266 1076 κῆς
2332 1007 2557 1076 ἀγάπης
2593 1009 2931 1080 οἰκείωσινῆ
2966 1007 3270 1075 τελείωσιν,
3305 1009 3336 1062 ό
3389 1011 3553 1077 μόνον
3607 1010 3760 1062 τελε-

2157 1102 2368 1172 τάρχης
2400 1100 2496 1154 ἐπὶ
2519 1101 2614 1154 τοῦ
2653 1101 2894 1171 σταυροῦ
2954 1102 3342 1174 παρενέφηνεν
3403 1100 3614 1172 Ἰησοῦς
3642 1119 3656 1133 ⁸
3687 1102 3758 1172 τῇ

2157 1194 2344 1263 Μητρὶ
2374 1193 2471 1263 μὲν
2501 1196 2586 1254 είς
2615 1193 2729 1246 υίδν
2757 1194 2851 1246 τὸν
2877 1195 3237 1264 ἠγαπημένον
3292 1196 3758 1264 παρακατατιθείς

2161 1284 2456 1357 μαθητήνο
2509 1285 2588 1353 τῷ
2634 1287 2692 1338 δὲ
2735 1287 2836 1355 τῆς
2868 1287 3094 1356 Μητρὸς
3144 1288 3245 1356 τὴν
3295 1285 3440 1340 κατά
3488 1286 3550 1338 τὸ
3598 1285 3759 1355 σῶμα

2161 1377 2506 1448 προμήθειαν
2539 1378 2616 1440 ὡς
2667 1377 2773 1444 υἱῷ
2806 1378 3126 1440 ἀνατιθείς’
3182 1377 3277 1432 καὶ
3321 1372 3435 1433 οἷον
3480 1377 3757 1433 ἀντάλλα-

2157 1483 2276 1536 γμα
2301 1471 2367 1538 τῇ
2399 1469 2649 1538 Θεοτόκῳ
2675 1469 2850 1531 διδοὺς
2889 1469 3108 1533 ἑαυτοῦ,
3140 1469 3236 1522 καὶ
3290 1473 3372 1533 είς
3397 1468 3551 1534 τάξιν
3591 1468 3758 1522 αὑτὸν

2157 1559 2516 1631 ἀδελφότητος
2542 1563 2919 1632 γνησιωτέρας
2949 1563 3139 1626 τιθείς.

2240 1652 2459 1723 Ἐπειδὴ
2479 1652 2589 1723 γάρ
2620 1655 2670 1706 οἱ
2715 1655 2814 1722 μὲν
2849 1654 2999 1708 ἄλλοι
3031 1655 3275 1726 μαθηταὶ
3302 1657 3508 1720 πάντες
3555 1673 3570 1688 ·
3589 1656 3757 1727 ἀπείη

2174 1741 2233 1794 δέ
2258 1759 2350 1810 μοι
2390 1745 2652 1814 φορτικὸν
2705 1745 2851 1798 ἆπαν
2915 1746 3114 1810 εἰπεῖν,
3163 1746 3264 1817 τὴν
3321 1746 3759 1801 ἐπεισπεσοῦσαν

2155 1837 2251 1890 τοῦ
2306 1838 2535 1901 σκότους
2592 1839 2868 1904 ἐξουσίαν,
2920 1840 3021 1893 καὶ
3085 1838 3188 1911 τὴν
3235 1841 3405 1895 Ἰούδα
3471 1843 3758 1911 μιαιφόνον

2158 1928 2427 1996 ἐπίθεσιν,
2452 1931 2548 1984 καὶ
2576 1931 2691 1983 τῶν
2730 1931 3006 1986 Ἰουδαίων
3031 1934 3132 2002 τὴν
3188 1932 3390 1986 λύτταν
3437 1934 3534 1986 καὶ
3575 1933 3758 2002 ὓϐριν,

2156 2022 2253 2074 καὶ
2278 2021 2381 2093 τὴν
2411 2024 2556 2076 κατὰ
2611 2023 2706 2075 τοῦ
2756 2025 3017 2093 Σωτῆρος
3075 2024 3339 2077 ἀπόνοιαν
3389 2024 3594 2094 ἔφυγον
3652 2025 3760 2078 οὐκ

2157 2114 2494 2182 ἐνεγκόντες,
2553 2117 2618 2169 σὺ
2665 2116 2722 2168 δὲ
2766 2117 2928 2187 μόνος
2976 2119 3045 2170 ὲκ
3095 2117 3338 2181 πάντων,
3371 2117 3447 2179 ὡς
3487 2116 3760 2185 «adegit;

2157 2204 2254 2257 καὶ
2279 2208 2773 2276 καρτερικωτάτης
2797 2206 3062 2271 διανοίας,
3091 2209 3187 2262 ᾰτε
3223 2207 3438 2277 μείζονι
3477 2209 3571 2261 καὶ
3606 2209 3762 2276 ἰσχυο-

2170 2295 2374 2366 ροτάτῃ
2406 2298 2752 2368 συνημμένος
2815 2297 2895 2368 τῷ
2945 2300 3261 2369 διδασκάλῳ
3316 2303 3544 2370 στοργῇ,
3587 2301 3759 2352 πᾶσιν

2163 2386 2312 2456 αὐτῷ
2331 2390 2444 2450 τοῖς
2473 2389 2768 2458 σωτηρίοις
2789 2390 3078 2458 παθήμασι
3109 2391 3325 2460 παρὼν,
3354 2391 3518 2444 πλέον
3546 2390 3580 2460 ἢ
3610 2393 3760 2448 ἐκεῖ.

2157 2493 2244 2538 νος
2305 2481 2552 2548 μετεῖχες
2591 2479 2702 2532 τῶν
2741 2483 3016 2550 ἀνιαρῶν·
3042 2477 3132 2536 οἶα
3181 2483 3280 2552 μὲν
3315 2483 3522 2553 βολίσιν
3553 2482 3758 2549 ὀξείαις

2155 2569 2224 2621 τὰ
2263 2568 2552 2640 σπλάγχνα
2579 2575 3028 2642 τιτρωσκόμενος
3057 2591 3070 2603 ·
3111 2573 3330 2636 ὀδύναις
3354 2574 3412 2626 δὲ
3444 2575 3585 2646 ἀγαν
3639 2575 3758 2645 δρι-

2159 2661 2346 2728 μείαις
2373 2661 2517 2730 ὑπὲρ
2545 2663 2759 2715 ἐκείνου
2787 2664 3260 2735 πυρπολούμενος,
3303 2667 3400 2719 καὶ
3455 2683 3760 2736 μαστιγου-

2161 2750 2309 2820 μένῳ
2344 2752 2655 2821 συνηλγεις,
2682 2755 2779 2807 καὶ
2802 2758 3149 2825 συνέπασχες
3177 2757 3539 2827 πολυτρόπως
3585 2756 3746 2811 κολα-

2157 2837 2438 2909 φιζομένῳ
2464 2842 2560 2894 καὶ
2586 2843 2982 2914 σταυρουμὲνῳ
3000 2844 3056 2898 δὲ
3086 2846 3249 2914 μόνος
3292 2847 3412 2916 ἅμα
3453 2848 3520 2917 τῇ
3566 2847 3752 2916 Μητρὶ

2159 2928 2470 2998 παρεστὼς,
2495 2931 2695 3001 τρόπον
2726 2933 2851 2987 τινὰ
2875 2934 3358 3007 συνεσταυρώθης·
3409 2935 3512 2998 τάς
3531 2951 3591 2989 τε
3635 2935 3744 2987 τῶν

2156 3019 2304 3087 ἥλων
2331 3022 2578 3091 τρήσεις,
2599 3023 2697 3076 καὶ
2717 3023 2818 3095 τὴν
2839 3025 2936 3095 τῆς
2973 3025 3177 3096 λόγχης
3231 3025 3576 3095 ὲκκὲντησιν,
3627 3039 3746 3074 και-

466 3119 727 3174 videlicet
752 3117 1035 3172 clavorum
1069 3116 1274 3185 pariter
1303 3116 1711 3186 perforationes
1739 3117 2053 3186 lanceaque

2163 3113 2285 3182 ρίας
2310 3114 2451 3169 κατά
2476 3114 2580 3185 τῆς
2601 3115 2831 3187 καρδίας
2859 3117 3185 3187 δεδεγμένος
3215 3116 3400 3188 βολάς.
3433 3115 3537 3170 Διά
3565 3116 3742 3171 ταῦτα

467 3210 848 3281 punctionem,
891 3207 1124 3262 letltales
1183 3207 1371 3263 animo
1433 3209 1574 3263 ictus
1613 3223 1934 3278 exceperas.
1968 3207 2055 3262 id-

465 3303 616 3356 eirco
660 3301 829 3370 igitur
866 3315 978 3352 non
1031 3299 1131 3352 bos
1175 3298 1376 3353 frustra
1423 3299 1735 3353 sustinuisti
1798 3299 2052 3351 laborum

465 3392 712 3455 aculeos,
743 3390 839 3446 sed
877 3406 1004 3445 cum
1042 3391 1308 3458 operibus
1346 3406 1478 3445 vero
1501 3391 1743 3444 amicum
1773 3391 2051 3460 praetulis-

459 3499 576 3550 ses,
617 3483 756 3538 alter
783 3482 876 3537 ille
904 3482 1054 3535 visus
1084 3497 1163 3536 es.
1216 3481 1333 3536 Hoc
1363 3497 1506 3536 verae
1545 3483 1802 3537 amicitia:
1821 3497 2045 3547 munus;

469 3576 574 3628 hoc
599 3588 886 3629 sacrorum
949 3573 1206 3627 laborum
1264 3575 1474 3641 aequale
1530 3573 1866 3643 dignumque
1917 3588 2053 3642 pne-

467 3668 640 3719 mium
673 3682 687 3730 ;
727 3667 824 3734 qui
853 3679 1052 3732 nempe
1103 3679 1268 3733 supra
1307 3679 1470 3732 quam
1529 3679 1742 3718 summe
1795 3664 2049 3718 eximiam

465 3756 633 3812 Verbi
663 3756 962 3810 amicitiam
1000 3755 1120 3824 (seu
1172 3754 1357 3824 potius
1410 3755 1598 3808 fratris
1645 3755 1964 3824 dignitatem
1996 3762 2054 3809 et

464 3847 691 3916 nomen)
717 3847 934 3901 cunctis
989 3845 1210 3915 dignius
1262 3845 1811 3915 magniﬁcentiusque
1859 3861 2054 3901 conse-

465 3947 630 3992 cutus
658 3937 756 3992 sis.
780 3938 1000 3993 Etenim
1023 3952 1136 3990 non
1180 3936 1430 4005 corporis
1457 3935 1864 4007 indulgentiore
1897 3937 2048 3991 cultu

2158 3205 2361 3270 τοίνυν,
2393 3207 2458 3258 οὑ
2491 3209 2695 3276 προῖκα
2746 3208 2952 3272 ταύτας
2988 3209 3216 3280 ἀνέτλης
3265 3207 3376 3262 τῶν
3420 3208 3600 3262 πόνων
3651 3207 3752 3269 τὰς

2158 3295 2382 3359 ἀκίδας’
2413 3296 2597 3367 ἔργοις
2619 3299 2679 3352 δὲ
2714 3297 2810 3354 τὸν
2846 3299 3023 3372 ἀληθῆ
3085 3299 3239 3369 φίλον
3315 3298 3751 3366 ἐπιδειξάμενος,

2160 3386 2322 3450 ἀλλος
2345 3389 2552 3451 ἐκεῖνος
2579 3387 2788 3460 ὤφθης
2843 3391 3017 3444 Τοῦτο
3045 3393 3216 3464 γέρας
3253 3391 3435 3460 φιλίας
3461 3390 3748 3462 ἀληθινῆς,

2159 3476 2322 3530 τοῦτο
2346 3476 2454 3530 τῶν
2478 3478 2639 3547 ἱερῶν
2663 3479 2843 3533 πόνων
2868 3475 3034 3534 ἆθλον
3069 3477 3359 3546 ἀντάξιονο
3421 3480 3521 3552 τὴν
3577 3481 3752 3549 ὓπερ-

2161 3570 2473 3639 φυεστάτην
2492 3572 2668 3638 Λόγου
2700 3568 2987 3642 φιλότητα,
3019 3572 3223 3643 μᾶλλον
3278 3573 3338 3627 δὲ
3386 3574 3751 3645 ἀδελφότητα,

2162 3661 2389 3715 πάντων
2444 3663 2947 3736 ἀξιοπρεπέστερον
2993 3667 3462 3738 ἀπενεγκάμενος.
3499 3667 3613 3723 Καὶ
3639 3665 3750 3735 γὰρ

2160 3755 2261 3808 οὐκ
2287 3756 2552 3825 εὐπαθείᾳ
2577 3754 2829 3826 σώματος
2859 3757 2955 3811 καὶ
2978 3761 3164 3830 τρυφῇ
3193 3799 3209 3824 ,
3242 3758 3371 3830 ἀνίᾳ
3402 3757 3460 3811 δὲ
3515 3757 3613 3810 καὶ
3632 3772 3754 3808 πει-

2164 3846 2448 3917 ρασμοῖςὴ
2482 3845 2634 3911 φιλία
2671 3845 3104 3918 δοκιμαζομένη,
3155 3847 3409 3918 καθαρὰν
3462 3847 3562 3917 τὴν
3610 3845 3751 3917 πρὸς

2161 3937 2257 3990 τὸν
2295 3935 2451 4004 φίλον
2475 3933 2618 3990 οἶδεν
2641 3937 3011 3992 ἐπιδεικνύναι
3040 3940 3277 4011 στοργήν

463 4052 529 4091 ac
582 4035 823 4090 deliciis.
866 4035 963 4089 sed
1015 4035 1264 4090 molestia
1327 4051 1392 4089 ae
1437 4033 1855 4100 tentationibus,
1909 4034 2139 4103 probata
2191 4034 2453 4098 amicitia,
2482 4033 2685 4088 claram
2743 4050 2871 4106 erga
2907 4034 3143 4089 amicum
3202 4046 3507 4106 puramque
3541 4029 3746 4085 amoris

466 4129 577 4182 vim
604 4135 887 4183 ostentare
909 4128 1084 4183 novit.

534 4218 704 4288 Igitur
740 4217 807 4272 ad
847 4219 1069 4273 vitalem
1099 4233 1273 4288 usque.
1308 4217 1619 4286 passionem
1677 4232 1741 4271 ac
1799 4231 2054 4271 resurre-

464 4316 702 4366 ctionem
747 4320 956 4366 tentata
1007 4311 1382 4380 apostolorum
1429 4308 1585 4372 ﬁdes,
1611 4324 1675 4364 ac
1694 4324 1802 4378 qua
1838 4312 1893 4362 in
1927 4323 2055 4363 eum

463 4406 806 4470 ferebantur,
839 4404 934 4473 qui
971 4415 1167 4473 sponte
1226 4401 1399 4456 nostri
1454 4417 1621 4456 causa
1683 4410 1860 4456 morte
1929 4401 2055 4455 fun-

2222 4214 2401 4286 Μέχρι
2452 4215 2553 4286 μὲν
2597 4209 2694 4270 οὖν
2749 4215 3202 4290 τοῦξζωαρχικοῦ
3253 4214 3601 4279 πάθους,καὶ
3645 4216 3749 4288 τῆς

2152 4307 2505 4369 ἀναστάσεως
2534 4308 2648 4371 τοῖς
2691 4308 3017 4373 ἀποστόλοις
3043 4313 3077 4378 ἡ
3107 4311 3291 4374 πίστις
3355 4308 3743 4379 πειρασθείσα,

2153 4401 2248 4450 καὶ
2277 4402 2310 4465 ἠ
2349 4399 2487 4466 πρὸς
2513 4401 2606 4452 τὸν
2659 4401 2929 4462 ἑκουσίως
2952 4401 3096 4472 ὑπὲρ
3129 4403 3289 4471 ήμῶν
3341 4402 3589 4455 παθόντα
3628 4402 3747 4453 διά-

462 4506 584 4550 ctus
611 4501 780 4557 esset,
814 4493 1048 4564 probata
1069 4492 1327 4552 affectio;
1354 4491 1501 4562 quod
1530 4490 1866 4545 offendiculo
1900 4490 2048 4544 omni

2160 4489 2306 4554 θεσις
2343 4490 2736 4560 βασανισθεῖσα
2765 4507 2781 4523 ⁸
2802 4492 2992 4564 ἐπειδὴ
3045 4493 3249 4556 παντὸς
3273 4493 3553 4564 ὑπερτέρα
3576 4509 3750 4564 προσ-

464 4586 740 4654 superior,
765 4598 830 4638 ac
855 4583 1072 4637 Domini
1105 4582 1503 4637 tentationibus
1550 4581 1882 4635 inviolabilis
1931 4596 2057 4650 per-

463 4678 716 4742 stitisset,
756 4676 886 4730 inde
909 4677 1021 4747 jam
1052 4690 1155 4730 ceu
1202 4675 1388 4729 divina
1413 4676 1690 4743 quaedam,
1755 4688 1901 4727 verae
1961 4672 2054 4727 illa

463 4769 718 4824 amicitiae
744 4769 982 4838 ﬁdeique
997 4767 1161 4837 digna
1191 4768 1438 4837 praemia,
1469 4765 1852 4836 consequitur.
1890 4766 2054 4830 Qua:-

463 4875 589 4913 nam
614 4875 743 4913 vero
773 4859 862 4913 illa
885 4859 910 4911 ?
931 4857 1174 4912 Primum
1201 4857 1424 4926 quidem
1472 4859 1650 4925 ipsum
1677 4855 1997 4908 triduanum
2021 4869 2052 4907 a

465 4953 699 5006 mortuis
721 4950 1048 5006 suscitatum
1089 4949 1372 5003 Christum
1411 4948 1620 5010 vident,
1656 4948 1903 5014 illatique
1927 4961 2054 4998 cru-

463 5045 645 5099 ciatus
670 5041 957 5113 symbolis.
996 5040 1247 5109 mysterii
1279 5039 1704 5094 resurrectionis
1743 5036 1850 5090 ﬁde
1879 5037 2049 5091 robo-

465 5146 676 5190 rantur.
705 5135 786 5189 Ad
817 5133 936 5190 hac
978 5132 1266 5203 Spiritum,
1299 5131 1500 5201 partim
1558 5131 1778 5200 quidem
1813 5130 2053 5201 primum

467 5229 590 5297 ejus
609 5226 705 5293 qui
722 5223 1022 5279 suscitatus
1049 5233 1166 5277 erat
1181 5220 1459 5290 spiraculo
1477 5221 1543 5250 "‘
1566 5237 1580 5284 ;
1602 5219 1898 5288 perfectius
1923 5234 2055 5273 vero

466 5318 612 5370 illoc
643 5324 789 5368 terra
839 5313 892 5366 in
950 5312 1151 5366 coelum
1205 5319 1452 5378 recepto,
1507 5307 1562 5361 in
1583 5322 1719 5362 sono
1739 5308 2053 5362 vehementi

464 5406 782 5478 linguisque
808 5403 982 5483 igneis
1020 5418 1050 5456 e
1081 5402 1222 5457 coelo
1247 5402 1301 5454 in
1336 5400 1486 5470 ipsos
1505 5397 1822 5452 venientem
1880 5399 2058 5452 susci-

465 5500 626 5569 piunt
646 5498 693 5530 ”
732 5516 745 5550 :
776 5480 937 5567 cuius
983 5505 1041 5549 et
1063 5509 1292 5548 munere
1320 5501 1542 5560 accepta
1579 5490 1630 5544 in
1653 5505 1845 5544 omnes
1870 5500 2060 5559 gentes

468 5596 770 5660 potestate,
800 5603 866 5642 ac
896 5587 1176 5657 principes
1207 5583 1493 5638 constituti
1517 5597 1683 5652 super
1706 5597 1923 5636 omnem
1945 5591 2056 5636 tero

533 5771 580 5805 "
608 5769 766 5828 lout.
797 5785 905 5838 ιιι,
927 5770 1017 5824 26.
1096 5771 1166 5804 ’τ’
1190 5767 1348 5823 Joan.
1372 5781 1464 5826 xx,
1514 5764 1603 5818 29..
1668 5763 1714 5797 ³⁸
1737 5764 1859 5821 Act.
1891 5780 1948 5830 ιι,
1981 5762 2036 5817 2.

2156 4580 2462 4650 κόμματος,
2495 4580 2773 4644 ἀνάλωτος
2819 4581 2877 4635 δὲ
2909 4584 3022 4645 τοῖς
3083 4581 3178 4635 τοῦ
3222 4583 3432 4652 Κυρίου
3481 4585 3750 4651 διαμεμε-

2159 4671 2320 4740 νήκει
2361 4673 2716 4743 πειρασμοῖς,
2788 4670 3042 4726 ἐντεῦθεν
3091 4672 3277 4726 λοιπὸν
3311 4669 3405 4728 οἷά
3447 4691 3570 4727 τινα
3627 4673 3754 4726 θεο-·

2159 4760 2349 4830 πρεπῆ
2364 4761 2600 4831 τέρατα,
2639 4762 2741 4832 τῆς
2773 4762 3114 4833 ἀκραιφνοῦς
3166 4763 3350 4831 φιλίας
3384 4766 3477 4817 καὶ
3513 4763 3749 4826 πίστεως

2158 4851 2285 4915 ἄξια
2313 4852 2622 4920 κομίζεται.
2664 4853 2802 4907 Τίνα
2850 4853 2908 4906 δὲ
2951 4853 3158 4919 ταῦτας
3188 4854 3416 4924 Πρῶτον
3451 4853 3551 4925 μὲν
3581 4855 3747 4906 αὐτον

2159 4947 2369 4999 ἐκεῖνον
2396 4950 2698 5017 τριήμερον
2725 4947 2792 4999 ἐκ
2817 4945 2930 5000 τῶν
2953 4945 3164 5018 νεκρῶν
3185 4946 3550 5016 ἀνιστάμενον
3578 4946 3751 5016 ὁρῶν-

2161 5051 2254 5099 τες
2278 5036 2557 5107 Χριστὸν,
2586 5036 2683 5089 καὶ
2729 5037 2845 5098 τοῖς
2875 5037 3170 5107 συμϐόλοις
3227 5034 3322 5090 τοῦ
3387 5037 3618 5100 πάθους,
3687 5036 3750 5089 τὸ

2166 5130 2466 5200 μυστήριον
2495 5129 2877 5202 βεϐαιούμενοι
2913 5132 3014 5200 τῆς
3040 5133 3397 5194 ἀναστάσεως
3420 5147 3435 5162 ο
3467 5131 3662 5185 ἔπειτα
3685 5132 3748 5184 τὸ

2165 5221 2414 5290 Πνεῦμα,
2463 5223 2705 5294 μερικῶς
2748 5224 2849 5294 μὲν
2897 5225 3117 5295 πρῶτον
3147 5225 3227 5295 τῷ
3278 5225 3373 5280 τοῦ
3421 5226 3749 5288 ἀναστάντος

2163 5315 2522 5384 ιμφυσηματι
2549 5329 2564 5345 ο
2596 5314 2925 5383 τελεώτερον
2954 5315 3010 5367 δὲ
3041 5318 3184 5385 μετὰ
3225 5315 3326 5387 τὴν
3369 5319 3479 5371 ἀπὸ
3513 5318 3613 5384 τῆς
3641 5317 3748 5386 γῆς

2167 5403 2441 5473 ἀνάληψιν
2490 5405 2549 5457 ὲν
2581 5404 2703 5475 ἧχῳ
2735 5404 2897 5474 βιαίῳ
2924 5407 3021 5459 καὶ
3075 5409 3445 5478 πυριμόρφοις
3475 5405 3750 5473 γλώσσαις

2165 5493 2466 5564 οὐρανόθεν
2527 5495 2607 5548 Iov
2653 5497 2741 5549 ἐπ’
2762 5497 2963 5561 αὐτοὺς
2996 5497 3384 5568 ὑποδεχόμενοι
3410 5516 3424 5530 ο
3482 5494 3528 5568 ᾧ
3556 5499 3620 5570 δὴ
3655 5497 3750 5551 καὶ

2166 5587 2265 5656 τὴν
2299 5587 2392 5639 ἐπὶ
2421 5585 2645 5642 πάντων
2672 5586 2844 5642 ὲθνῶν
2866 5587 3120 5653 ἐξουσίαν
3163 5591 3463 5661 εἰληχότες,
3507 5591 3606 5644 καὶ
3656 5587 3752 5643 επὶ
