4086 6282
335 366 438 435 109

1127 362 1410 428 ORATIO
1445 365 1527 425 vr
1575 390 1645 403 —
1679 363 1761 425 IN
1790 323 2109 424 ΙζΑυοΕΜ
2148 361 2210 421 s.
2248 357 2573 422 JOANNIS
2605 355 2882 420 EVANG.

3530 350 3630 420 tto

332 483 519 535 πᾶσαν
533 479 799 550 αρχοντες
829 477 1208 539 καταστάντες
1237 475 1336 544 τὴν
1359 477 1462 544 γῆν
1494 492 1506 506 ·
1539 473 1692 530 ἄλλοι
1719 474 1818 543 μὲν
1841 472 1929 527 άλ-

2046 486 2176 537 ram,
2205 470 2350 526 alius
2380 469 2546 525 aliam
2575 479 2790 540 partem
2830 467 2901 523 ad
2928 462 3218 538 apostolici
3242 465 3489 521 muneris
3504 465 3628 520 lun-

328 569 559 638 λου-τῆς
613 567 944 637 οἰκουμένης
1003 566 1208 636 μέρους
1260 565 1360 635 τὴν
1413 562 1782 633 ἀποστολικὴν
1826 563 1931 632 ἁρ-

327 658 432 730 χὴν
509 655 987 728 διακληρούμενοι,
1069 653 1172 724 τὴν
1260 652 1385 706 κατ’
1436 651 1603 706 αὐτὸν
1698 649 1933 712 ἔκαστος

331 747 492 818 ἐπείη
1317 746 1325 753 ’

416 839 483 893 Ἥ
511 838 728 909 μεγάλη
747 836 802 890 δὲ
817 836 914 890 τοῦ
945 835 1080 889 Θεοῦ
1105 835 1285 905 Λόγου
1314 830 1536 904 βροντὴ,
1576 831 1606 884 δ
1642 845 1970 902 μεμεστω-ὶ

339 930 500 1000 μένος
529 930 629 1000 τῆς
665 928 780 983 ἂνω
812 927 1096 996 Θεολογίας
1121 923 1364 997 κρατὴρ,
1395 924 1424 976 ό
1458 922 1570 976 τῶν
1612 920 1934 979 ἀποστόλων

335 1021 636 1094 ὀφθαλμὸς,
705 1021 962 1092 Ἰωάννης
1019 1022 1048 1074 ὁ
1102 1019 1291 1086 πάνυ,
1332 1016 1782 1088 κατακληροῦται
1831 1011 1933 1066 silv

347 1115 559 1180 Ἀσίαν,
590 1113 671 1178 ὡς
719 1111 948 1177 δυνατὸς
991 1113 1052 1165 tv
1091 1110 1295 1179 λόγοις,
1345 1109 1569 1169 δυνατὸς
1611 1109 1671 1161 tv
1709 1105 1929 1176 ἔργοις·

334 1207 434 1278 τὴν
464 1205 654 1259 πόλεσι
697 1203 798 1274 μὲν
828 1203 971 1272 ἄγαν
1018 1203 1113 1258 καὶ
1145 1202 1426 1267 δυναταῖς,
1459 1200 1611 1262 λαοῖς
1644 1197 1702 1251 δὲ
1729 1197 1935 1268 θρασυο

335 1298 520 1361 τάτοις
540 1295 799 1368 κομῶσαν
815 1295 913 1350 καὶ
932 1293 1349 1364 πονηροτάτοις·
1375 1290 1529 1354 λαοῖς
1549 1287 1734 1358 πολλῷ
1761 1284 1934 1340 πλού-

335 1405 436 1458 τῳ,
466 1389 562 1441 καὶ
589 1386 769 1453 δόξαις
810 1386 1211 1456 γαυρουμένοις
1256 1384 1464 1444 κεναῖς·
1493 1381 1590 1435 καὶ
1635 1379 1800 1446 σοφίᾳ
1832 1377 1934 1449 μὲν

346 1478 622 1550 Ἑλλήνιον
669 1476 1162 1549 ὑπεραιρομένοις·
1213 1478 1283 1547 τῇ
1327 1474 1458 1544 περὶ
1511 1473 1639 1535 τοὺς
1680 1470 1838 1535 θεοὺς
1873 1467 1934 1522 δὲ

335 1569 520 1643 πλάνῃ
553 1569 913 1642 σφοδρότερον
958 1567 1364 1640 ἐνισχημένοις.

411 1751 641 1814 Τούτοις
690 1751 720 1805 δ
767 1750 944 1820 μέγας
993 1749 1291 1811 ἀπόστολος
1343 1743 1797 1817 ἐπιδεδημηκὼς,
1836 1743 1934 1798 καὶ

2031 561 2282 618 ctionem
2307 561 2515 624 sortiti,
2555 560 2626 617 ad
2643 575 2804 618 suam
2856 560 3094 632 quisque
3125 557 3470 630 provinciam
3501 573 3631 628 ιιι-οι

2033 653 2426 710 ﬁciscebantur
2457 654 2551 710 ⁸⁸2

2106 825 2363 898 Magnum
2385 841 2521 882 vero
2558 825 2659 881 Dei
2709 825 2876 882 Verbi
2934 826 3264 892 tonitruum,
3285 824 3488 898 plenus
3539 827 3634 885 ille

2033 930 2294 986 superna:
2314 917 2607 988 theologia:
2624 925 2828 984 crater,
2854 917 3231 986 apostolorum
3255 919 3474 985 oculus,
3491 934 3637 990 pra:-

2036 1008 2222 1066 clarus
2243 1010 2508 1076 Joannes,
2552 1010 2741 1066 Asiam
2758 1010 2816 1064 in
2840 1017 3051 1065 sortem
3078 1009 3304 1079 accipit,
3361 1017 3629 1081 tanquam

2037 1102 2300 1158 videlicet
2333 1102 2420 1156 vir
2449 1117 2708 1158 sermone
2739 1109 2940 1172 potens
2969 1116 3034 1157 ac
3065 1102 3372 1172 operibus:
3403 1104 3630 1174 provin-

2035 1193 2178 1249 ciam
2216 1193 2484 1248 nimirum
2541 1192 2733 1249 multis
2785 1191 3026 1253 urbibus
3082 1191 3262 1263 iisque
3311 1196 3635 1266 potentibus

2034 1285 2365 1350 confertam,
2395 1284 2875 1354 ferocioribusque
2916 1298 2982 1340 ac
3017 1281 3374 1356 aequissimis
3413 1288 3635 1358 populis

2035 1379 2200 1449 longe
2228 1379 2448 1448 plenam
2477 1393 2492 1442 ;
2525 1375 2749 1447 populis
2771 1375 2989 1432 scilicet
3013 1375 3336 1432 divitiarum
3353 1376 3637 1433 aﬂluentia

2038 1469 2400 1538 inaniumque
2424 1477 2593 1528 vento
2611 1465 2940 1536 opinionum
2963 1465 3418 1538 superbientibus
3441 1484 3458 1535 ;
3483 1467 3640 1524 Crte-

2036 1581 2232 1622 corum
2259 1564 2485 1636 quidem
2515 1562 2789 1635 sapientia
2824 1563 3214 1635 gloriantibus,
3252 1562 3351 1620 sed
3379 1564 3477 1636 qui
3507 1563 3640 1621 decc

2037 1672 2164 1712 rum
2189 1655 2397 1716 arctius
2423 1671 2614 1711 errore
2658 1654 2847 1712 innexi
2871 1663 3218 1711 tenerentur.

2107 1748 2189 1804 Ad
2211 1750 2315 1804 hos
2342 1763 2574 1817 magnus
2600 1747 2884 1817 apostolus
2900 1762 3026 1803 cum
3056 1763 3116 1802 se
3134 1748 3492 1814 contulisset,
3513 1764 3639 1804 om-

334 1843 524 1898 πᾶσαν
560 1840 661 1914 μὲν
689 1839 798 1895 τῶν
835 1840 1140 1912 ἀνθρώπων
1170 1839 1398 1909 καρδίαν
1445 1837 1524 1908 τῷ
1553 1836 1652 1906 τῆς
1681 1834 1940 1890 δεισιδαι-

2046 1851 2256 1906 nesque
2285 1849 2482 1891 eorum
2514 1833 2732 1887 animos
2760 1833 3175 1902 superstitionis
3204 1834 3438 1905 caligine
3465 1835 3639 1890 obru-

339 1935 538 2007 μονίας
579 1933 731 2005 ζόφῳ
783 1931 1180 2003 πεπαχυμένην
1242 1931 1400 1985 ίδών·
1464 1931 1645 1984 πᾶσαν
1671 1928 1726 1981 δὲ
1755 1925 1934 1996 ψυχὴν

341 2027 748 2100 ἑζωγρημένην
792 2027 873 2096 τῷ
903 2023 1158 2092 διαϐόλῳ,
1186 2023 1280 2076 καὶ
1317 2022 1454 2094 πρὸς
1487 2020 1548 2074 τὸ
1579 2018 1746 2074 αὑτοῦ
1781 2018 1937 2087 θέλη-

341 2139 422 2191 μα
460 2117 864 2190 συντεταμένην
906 2115 986 2185 τῷ
1027 2114 1300 2185 πνεύματι
1327 2108 1749 2183 κατανενοηκὼς
1773 2149 1789 2173 ,
1835 2109 1938 2163 οὐκ

336 2208 636 2263 ἀνεϐάλετο
683 2205 780 2261 τοῦ
813 2204 1135 2275 Πνεῦματος
1175 2202 1278 2272 τὴν
1308 2201 1604 2270 ¹ὲπιταγήν·
1635 2200 1697 2257 οὐ
1728 2200 1806 2270 τῷ
1846 2201 1940 2270 ὲρ-

334 2298 508 2368 γὼδει
555 2297 651 2351 τοῦ
687 2296 1091 2367 ὶγχειρήματος
1123 2293 1470 2365 άπεκναίσθη
1510 2291 1600 2347 τὸν
1649 2291 1792 2355 νοῦν,
1825 2290 1940 2344 οὔτ’

335 2387 434 2446 οὖν
457 2389 715 2461 διψυχίας
747 2389 1140 2459 περιπέπτωκε
1166 2385 1469 2455 λογισμοῖς.
1502 2385 1648 2456 Πρὸς
1673 2386 1764 2437 τὸν
1799 2384 1855 2438 δὲ
1879 2385 1939 2436 ὲν

338 2482 493 2553 αὐτῷ
525 2482 756 2552 μένοντα
785 2479 1022 2552 Χριστὸν
1043 2478 1290 2550 ἀφορῶν,
1321 2481 1381 2531 οὐ
1412 2480 1556 2532 κατὰ
1584 2478 1696 2532 τῶν
1721 2475 1939 2550 ἀνθρώ-

341 2593 484 2636 πων,
520 2572 654 2629 ἀλλὰ
685 2571 829 2626 κατὰ
859 2570 970 2624 τῶν
1002 2570 1279 2642 δαιμόνων
1303 2585 1316 2599 ·
1364 2569 1489 2625 οὐδὲ
1535 2568 1678 2622 κατὰ
1715 2566 1826 2621 τῶν
1855 2569 1941 2620 αί-

344 2665 677 2738 χμαλώτων,
720 2661 858 2717 ἀλλὰ
888 2660 1031 2717 κατὰ
1062 2657 1157 2718 τοῦ
1199 2661 1469 2736 τυράννου
1501 2658 1718 2730 πρῶτον
1747 2657 1938 2726 αὑτοῦ,

343 2763 404 2830 τῇ
444 2759 618 2828 νοητῇ
652 2751 960 2824 παντευχίᾳ
1004 2752 1396 2822 παρατέτακτο
1442 2748 1540 2807 τοῦ
1592 2747 1919 2822 Πνεῦματος

405 2849 530 2904 Καὶ
557 2847 757 2911 τοῦτον
805 2847 864 2909 tv
905 2844 1217 2916 ὁμοιώματι
1273 2841 1513 2914 Χριστοῦ
1562 2843 1659 2898 καὶ
1711 2842 1944 2913 δυνάμει

339 2941 562 3013 πρῶτον
593 2939 891 2994 διανοεῖται
937 2936 1120 3008 δῆσαι·
1151 2934 1249 2993 καὶ
1288 2934 1431 2988 οὕτω
1474 2934 1576 3006 τὴν
1605 2932 1774 2988 αὑτοῦ
1805 2950 1943 2994 παν-

338 3033 542 3087 οπλίαν
584 3026 752 3103 ἆραι·
789 3030 887 3084 καὶ
928 3027 1076 3083 οὕτω
1107 3027 1209 3098 τὴν
1239 3026 1626 3097 αἰχμαλωσίαν
1655 3025 1944 3097 αἰχμαλω-

339 3125 509 3180 τίσαι·
538 3124 635 3178 καὶ
657 3125 725 3194 τῇ
756 3121 1056 3193 ὡραιότητι
1071 3119 1164 3174 τοῦ
1191 3120 1341 3174 οῐκου
1361 3117 1589 3190 Κυρίου,
1609 3119 1677 3188 τῇ
1709 3116 1944 3188 Ἐκκλη-

1966 3169 2013 3234 C

2039 1937 2124 1985 tos
2153 1932 2442 1992 cerneret;
2475 1932 2777 1994 captosque
2813 1939 3008 1980 omnes
3033 1941 3063 1986 a
3089 1925 3316 1984 diabolo
3339 1968 3354 1988 ,
3382 1936 3550 1996 atque
3581 1926 3638 1983 in

2033 2022 2158 2093 ejus
2205 2020 2451 2074 intentos
2501 2018 2846 2073 voluntatem
2885 2018 3088 2087 spiritu
3127 2018 3636 2083 animadvertisset,

2038 2112 2178 2168 nihil
2231 2112 2557 2167 morandam
2615 2110 2860 2181 Spiritus
2891 2110 3203 2182 iussionem
3248 2112 3485 2182 putavit.
3515 2113 3638 2169 Non

2039 2201 2410 2272 aggressionis
2443 2200 2619 2255 arduo
2648 2200 2899 2256 on‘ensus
2924 2201 3113 2257 animo
3135 2209 3243 2267 est,
3279 2217 3464 2274 neque
3502 2219 3640 2259 vero

2040 2291 2097 2346 in
2126 2290 2433 2346 dubietatis
2464 2305 2529 2344 ac
2557 2287 2877 2345 difﬁdentiae
2893 2289 3090 2344 incidit
3116 2292 3364 2349 rationes
3401 2310 3415 2348 :
3448 2293 3547 2350 sed
3582 2291 3640 2348 in

2039 2385 2323 2441 Christum
2367 2386 2425 2439 in
2468 2386 2590 2456 ipso
2631 2395 2984 2451 manentem,
3041 2385 3220 2441 versis
3271 2383 3483 2449 oculis,
3527 2399 3638 2439 non

2041 2478 2310 2535 adversus
2364 2477 2640 2542 homines,
2695 2476 2794 2533 sed
2844 2476 3160 2543 daemones;
3213 2491 3319 2532 nec
3366 2475 3638 2532 adversus

2041 2571 2310 2640 captivos,
2359 2570 2456 2625 sed
2502 2569 2557 2623 in
2608 2569 2790 2638 ipsum
2831 2567 3014 2639 primo
3053 2574 3378 2640 tyrannum,
3422 2583 3489 2626 ea
3517 2583 3643 2639 quae.

2039 2672 2229 2730 mente
2246 2663 2574 2736 tntelligitur
2588 2670 2868 2718 armatura
2884 2661 3127 2733 Spiritus
3143 2666 3452 2721 Instructus
3471 2673 3580 2719 est.

2111 2856 2293 2927 Atque
2320 2854 2473 2911 hunc
2508 2853 2776 2924 primum.
2804 2850 3013 2908 Christi
3042 2862 3160 2908 tum
3190 2852 3446 2924 exemplo
3469 2893 3484 2916 .
3525 2861 3642 2909 tum

2042 2947 2312 3018 potentia,
2338 2945 2570 3016 alligare
2599 2943 2825 3009 statuit;
2854 2941 3048 3014 sicque
3062 2943 3194 3013 .ejus
3215 2958 3373 2998 arma
3400 2943 3642 3008 auferre,

2044 3045 2246 3112 atque_
2291 3051 2359 3092 ea
2412 3035 2670 3091 rationne
2719 3032 2972 3104 captivos
3019 3033 3365 3104 recipere";
3425 3049 3645 3091 necnon

2046 3128 2238 3184 decori
2281 3128 2484 3184 domus
2520 3126 2619 3182 Dei
2651 3124 2673 3198 (
2709 3125 2971 3182 Ecclesiae
2999 3125 3214 3182 scilicet
3244 3125 3265 3199 )
3297 3125 3474 3198 spolia
3496 3127 3646 3188 divi-

345 3217 438 3289 σία
462 3216 631 3286 λέγω,
659 3213 932 3268 διελέσθαι
965 3211 1160 3266 σκῦλα.
1184 3207 1312 3282 Ἆρ’
1339 3206 1436 3265 οὖν
1471 3209 1818 3280 διανενόηται
1841 3208 1943 3278 μὲν

2046 3219 2176 3275 dere
2196 3218 2290 3272 ιν.
2320 3216 2466 3272 Num
2482 3231 2616 3272 vero
2648 3216 2730 3272 sic
2744 3214 2972 3285 quidem
2990 3215 3197 3271 Christi
3227 3216 3480 3286 exemplo
3496 3216 3617 3287 cogi
3632 3247 3650 3259 -

344 3305 786 3382 Χριστοπρεπῶς
832 3304 1028 3370 οὕτως,
1079 3304 1471 3374 ἀγεννέστερον
1520 3301 1579 3354 δὲ
1623 3300 1941 3372 συνεῤῥάγη

350 3400 429 3471 τῷ
475 3399 766 3467 δυσμενεῖς
825 3396 860 3468 ἢ
902 3394 1278 3466 συμπλέκεται
1329 3393 1430 3465 μὲν
1491 3391 1796 3458 νεανικῶς,
1838 3389 1940 3443 εἴτ’

359 3489 459 3547 οὖν
502 3490 889 3559 ιὺαγγελικῶς,
913 3489 1150 3562 ἡμιτελῆ
1177 3488 1235 3543 δὲ
1276 3489 1368 3542 τὸν
1402 3486 1593 3555 ἀγῶνα
1628 3485 1943 3540 καταλέλοι-

369 3598 508 3647 πενς
550 3582 585 3653 ἢ
610 3581 797 3637 τέλειον
828 3582 952 3654 μὲν,
986 3582 1085 3652 οὐχ
1115 3580 1258 3635 ὥστε
1306 3580 1367 3634 δὲ
1408 3581 1758 3634 παντάπασιν
1803 3579 1944 3649 ἀφθα-

373 3670 652 3743 μοιοῦσθαι
678 3672 751 3745 τῷ
795 3671 976 3744 Ἰησοῦ
1001 3687 1018 3738 ;
1051 3670 1352 3742 υῦμενουν·
1383 3668 1574 3738 ὥσπερ
1597 3667 1655 3721 δὲ
1683 3667 1774 3720 τὸν
1803 3667 1944 3737 Χρι-

366 3767 491 3819 στὸν
517 3765 614 3819 οὐκ
649 3766 714 3820 ἐκ
758 3765 986 3837 μέρους,
1013 3763 1130 3819 ἀλλ’
1180 3762 1302 3817 ὅλον
1356 3764 1418 3815 tv
1465 3760 1648 3830 ἑαυτῷ
1699 3775 1944 3829 προκατ-

354 3859 612 3929 ῳκίσατο,
644 3859 739 3912 καὶ
767 3856 862 3911 διὰ
888 3854 1046 3911 τοῦτο
1089 3854 1295 3918 πάσαις
1339 3853 1458 3924 ἃμα
1484 3854 1608 3917 ταῖς
1639 3851 1946 3920 ἐνεργείαις

347 3949 444 4004 τοῦ
467 3950 616 4004 θείου
648 3948 968 4021 Πνεῦματος
996 3947 1385 4018 ὲδορυφορεῖτο
1414 3945 1511 3998 καὶ
1543 3946 1944 4014 συνεκροτεῖτο,

344 4040 493 4095 οὕτω
524 4042 624 4096 καὶ
651 4042 713 4094 τὸ
761 4041 862 4109 τῆς
909 4036 1295 4109 ωτηριώδοος
1343 4035 1620 4098 διακονίας
1651 4034 1835 4105 ἔργον,
1883 4034 1945 4086 tv

345 4134 534 4204 τελεία
564 4135 633 4204 τῇ
664 4132 808 4203 πρὸς
837 4130 1001 4184 αὑτὸν
1042 4129 1349 4200 ὁμοιότητι,
1390 4128 1598 4181 τέλειον
1639 4124 1947 4195 ὲπληροφό-

349 4243 484 4298 ρησε
515 4224 596 4295 τῷ
617 4222 759 4293 Θεῷ·
806 4222 903 4276 καὶ
941 4222 1193 4292 καθάπερ
1227 4219 1392 4283 αὐτὸς
1425 4217 1642 4289 πρῶτος
1665 4216 1823 4272 ὁτῶν
1846 4217 1942 4270 οὑ-

349 4319 532 4392 ρανῶν
563 4317 844 4388 βασιλεὺς,
875 4313 1000 4368 οὔτε
1043 4313 1338 4384 περιουσίᾳ
1365 4314 1649 4382 δυνάμεως
1685 4309 1821 4381 μόνῃ
1853 4310 1946 4363 τὸν

347 4409 598 4481 ἀρχηγὸν
643 4411 742 4479 τῆς
789 4407 989 4469 κακίας
1018 4405 1393 4478 χειρώσασθαι
1425 4403 1770 4475 βεϐούληται,
1807 4401 1945 4457 ἀλλὰ

348 4506 449 4557 καὶ
477 4505 536 4556 tv
567 4502 752 4572 σοφίᾳ,
796 4499 935 4554 ἀλλὰ
989 4499 1088 4552 καὶ
1137 4499 1195 4551 tv
1230 4497 1573 4569 δικαιοσύνῃ,
1608 4496 1685 4559 ὡς
1711 4495 1831 4566 ἅμα
1875 4495 1946 4548 τὰ
1971 4521 2027 4585 Β

353 4595 558 4656 πάντα,
587 4596 683 4648 καὶ
713 4590 1072 4655 δυνατὸς,καῖ¹
1102 4589 1332 4655 δίκαιος,
1363 4588 1458 4642 καὶ
1509 4587 1672 4654 σοφός
1692 4604 1708 4618 ·
1746 4587 1948 4658 μᾶλλον

352 4685 414 4739 δὲ
447 4685 750 4752 «omnem
803 4683 901 4743 καὶ
926 4683 1248 4750 δικαιοσύνη
1300 4679 1398 4732 καὶ
1435 4678 1664 4748 δύναμις
1712 4677 1789 4730 ὢν
1811 4693 1825 4707 ·
1859 4679 1956 4732 καὶ

355 4776 445 4829 ἵνα
480 4777 762 4846 περιφανῆ
801 4773 907 4843 μὲν
927 4771 1107 4842 ἐαυτῷ
1132 4771 1230 4839 τὴν
1248 4770 1425 4838 νίκην·
1469 4768 1745 4838 περιφανῆ
1774 4767 1833 4821 δὲ
1862 4769 1959 4821 καὶ

357 4865 715 4938 βεϐαιοτέραν
750 4863 853 4934 τὴν
900 4862 1111 4915 πτῶσιν
1151 4860 1229 4931 τῷ
1286 4860 1570 4929 ἀντιπάλῳ
1611 4859 1959 4929 κατεργάση-

355 4976 473 5023 ται,
497 4957 599 5028 τὴν
621 4956 793 5027 αὐτὴν
814 4956 928 5018 τοῖς
955 4954 1310 5024 ἠδικημένοις
1335 4951 1549 5023 μορφὴν
1571 4952 1829 5020 εἰληφὼς,
1864 4952 1960 5006 καὶ

355 5051 419 5104 ὲν
450 5053 616 5121 σοφίᾳ
653 5049 768 5112 τοῖς
797 5045 1111 5118 ἀνθρώποις
1143 5047 1236 5100 καὶ
1267 5046 1326 5098 tv
1361 5042 1682 5114 δικαιοσύνῃ
1717 5059 1956 5097 συναναο

357 5140 759 5213 «purgamine
772 5139 873 5208 τῆς
887 5139 982 5191 τοῦ
1002 5135 1244 5208 πονηροῦ
1268 5139 1467 5200 κακίας
1486 5137 1662 5206 μάτην
1676 5134 1954 5202 διώκεται,

357 5235 458 5288 καὶ
508 5235 592 5295 είς
635 5231 870 5285 Θάνατον
908 5228 1347 5283 ἐπιδουὶεύεται.
1389 5227 1484 5280 Διὸ
1516 5229 1614 5280 καὶ
1647 5222 1727 5288 οἷς
1754 5226 1957 5290 ἀδίκως

356 5324 572 5384 ἐκεῖνος
629 5319 892 5383 ἐπέθετο,
946 5318 1171 5379 δικαίως
1234 5318 1590 5387 περιπαρεὶς,
1621 5317 1716 5368 καὶ
1743 5315 1808 5369 tv
1846 5316 1962 5378 τοῖς

359 5413 548 5484 ἔργοις
589 5411 699 5466 τῶν
737 5409 906 5464 αὑτοῦ
937 5409 1138 5480 χειρῶν
1174 5408 1501 5478 συλληφθεὶς
1522 5407 1696 5463 ἑάλω·
1729 5410 1826 5461 καὶ
1865 5423 1964 5459 κα-

361 5503 684 5574 τακριθεὶς,
732 5497 907 5562 οὕτως
960 5501 1021 5555 tv
1063 5500 1209 5570 χειρὶ
1255 5498 1395 5551 Θεοῦ
1453 5499 1553 5569 τῆς
1581 5496 1965 5570 τυραννώδους

2045 3306 2182 3364 tavit
2202 3323 2268 3363 ac
2308 3306 2543 3374 statuit,
2577 3306 2801 3378 segnius
2840 3320 2975 3360 vero
3007 3319 3134 3361 cum
3165 3306 3325 3360 hoste
3356 3305 3648 3364 conﬂixit?

2043 3408 2140 3456 aut
2186 3412 2520 3470 congressus
2561 3396 2790 3468 quidem
2839 3403 3070 3452 strenue
3111 3405 3205 3458 est
3260 3397 3357 3466 (id
3406 3408 3524 3466 est,
3577 3416 3643 3454 es

2011 3489 2328 3562 Evangelii
2367 3488 2605 3559 norma)
2656 3498 2941 3545 certamen
2978 3497 3164 3545 tamen
3209 3491 3535 3547 inchoatum
3581 3510 3648 3550 ac

2045 3580 2434 3651 imperfectum
2481 3579 2748 3650 reliquit?
2775 3589 2874 3636 aut
2907 3580 3164 3636 exhibuit
3192 3584 3417 3654 quidem
3460 3587 3651 3656 perfe-

2044 3682 2218 3734 ctum,
2238 3685 2351 3726 non
2382 3686 2464 3726 sic
2484 3680 2667 3725 tamen
2701 3681 2764 3726 ut
2793 3672 3132 3727 omnimodis
3157 3673 3288 3728 Jesu
3323 3673 3647 3730 similitudi-

2038 3778 2175 3818 nem
2225 3770 2513 3818 assecutus
2559 3762 2676 3817 slt?
2715 3762 3116 3834 Nequaquam;
3177 3765 3274 3819 sed
3303 3764 3449 3821 sicut
3485 3765 3651 3821 Chri-

2044 3866 2196 3911 stum
2229 3855 2407 3926 prius,
2449 3870 2563 3910 non
2603 3870 2674 3909 ex
2719 3863 2895 3925 parte,
2940 3855 3040 3910 sed
3079 3865 3256 3912 totum
3306 3857 3477 3912 animi
3524 3858 3650 3912 sinu

2044 3957 2362 4016 exceperat,
2401 3958 2636 4017 eamque
2680 3947 2755 4002 ob
2805 3937 2928 4001 rem
2978 3951 3198 4003 cunctis
3261 3949 3426 4004 simul
3478 3949 3650 4004 divini

2048 4037 2292 4109 Spiritus
2313 4039 2622 4111 virtutibus
2654 4040 2893 4110 stipatus
2925 4040 3346 4111 instructusque
3376 4050 3535 4107 erat,
3573 4045 3655 4096 sic

2046 4145 2271 4200 quoque
2312 4129 2574 4184 salutaris
2613 4129 2910 4184 ministerii
2940 4144 3082 4201 opus
3103 4170 3118 4196 ,
3151 4129 3393 4199 perfecta
3425 4146 3552 4210 cuni
3585 4149 3655 4186 eo

2047 4218 2440 4286 similitudine,
2506 4218 2814 4289 perfectum
2872 4221 2990 4275 Deo
3048 4222 3498 4289 repraesentavit.
3572 4225 3652 4276 Ac

2047 4311 2194 4366 sicut
2220 4311 2338 4380 ipse
2369 4311 2587 4381 primus
2615 4312 2882 4367 caelorum
2919 4314 3035 4368 Rex
3060 4353 3076 4379 ,
3107 4329 3220 4368 non
3251 4315 3366 4369 sola
3393 4316 3657 4383 potentiae

2047 4403 2390 4460 abundantia
2447 4414 2736 4474 parentem
2791 4404 3019 4461 malitiae
3073 4406 3254 4459 voluit
3324 4407 3652 4479 subjugare.

2050 4510 2246 4552 verum
2271 4495 2438 4551 etiam
2468 4495 2765 4566 sapientia,
2788 4511 2983 4551 verum
3005 4497 3173 4552 etiam
3193 4499 3440 4568 justitia.
3471 4509 3533 4552 ut
3561 4501 3654 4569 qui

2053 4587 2218 4642 simul
2250 4587 2457 4654 omnia,
2488 4596 2546 4642 et
2562 4596 2786 4659 potens,
2815 4597 2872 4642 et
2900 4589 3106 4659 justus,
3138 4600 3195 4643 et
3218 4591 3442 4659 sapiens
3465 4599 3651 4650 esset,

2056 4678 2308 4749 quinimo
2334 4664 2461 4748 ipsa
2493 4694 2627 4735 vere
2686 4679 2961 4748 sapientia
2991 4689 3047 4735 et
3085 4681 3304 4750 justitia
3363 4689 3421 4736 et
3457 4689 3656 4751 poten—

2057 4772 2170 4826 tia:
2201 4782 2368 4840 atque
2405 4779 2467 4825 ut
2502 4771 2610 4826 sibi
2637 4772 2868 4841 quidem
2912 4773 3185 4841 illustrem
3216 4773 3529 4835 victoriam,
3561 4773 3660 4826 ad-

2057 4865 2309 4918 versario
2369 4875 2555 4919 autem
2615 4865 2891 4940 illustrem
2947 4864 3367 4935 ﬁrmioremque
3442 4867 3658 4919 ruinam

2063 4955 2328 5020 efﬁceret,
2360 4955 2557 5012 eadem
2589 4967 2872 5028 assumpta
2898 4957 3074 5012 forma
3108 4973 3241 5011 cum
3271 4959 3384 5012 illis
3417 4958 3512 5026 qui
3547 4959 3658 5011 laesi

2065 5047 2269 5116 injuria
2297 5047 2518 5102 inerant
2539 5088 2555 5110 ,
2585 5049 2751 5116 inque
2777 5047 3050 5119 sapientia
3078 5049 3362 5118 etjustitta
3394 5063 3521 5102 cum
3564 5050 3664 5102 ho-

2068 5136 2315 5190 minibus
2374 5147 2760 5204 conversatus,
2802 5138 3009 5193 frustra
3062 5139 3386 5208 nequissimi
3453 5140 3662 5194 malitia

2063 5228 2511 5298 persecutionem
2531 5230 2793 5294 sustinet,
2814 5229 3142 5300 insidiisque
3160 5231 3225 5284 ad
3247 5240 3477 5286 mortem
3495 5248 3665 5302 appe-

2061 5320 2220 5374 titur.
2255 5320 2629 5386 Quamobrem
2658 5321 2829 5377 etiam
2856 5321 3064 5393 quibus
3087 5323 3180 5378 ille
3213 5324 3404 5394 inique
3436 5325 3663 5395 ingrue-

2063 5410 2178 5474 bat,
2219 5414 2422 5466 merito
2491 5413 2830 5480 transﬁxus,
2879 5423 2936 5470 et
2981 5414 3038 5476 in
3097 5415 3363 5486 operibus
3398 5432 3662 5470 manuum

2066 5517 2295 5558 suarum
2339 5505 2850 5576 comprenhensus,
2897 5506 3153 5563 devictus
3202 5519 3310 5570 est.
3339 5508 3665 5579 judicioque

365 5592 912 5668 ὶκσισληταιάρχῆς.
947 5591 1138 5654 Οὕτως
1170 5590 1262 5647 καὶ
1283 5591 1314 5644 ό
1348 5591 1635 5661 ἀγαπητὸς
1657 5589 1752 5644 τοῦ
1789 5589 1945 5659 Λόγοι

2068 5594 2386 5662 damnatus,
2423 5596 2505 5651 sic
2547 5612 2713 5652 manu
2752 5597 2853 5653 Dei
2893 5599 3184 5672 tyrannica
3221 5600 3535 5670 principatu
3567 5600 3667 5654 dco

461 5794 529 5828 "'
554 5795 699 5852 Psal.
730 5811 874 5861 κων,
910 5794 998 5849 l7.

1077 5795 1122 5826 "
1150 5792 1341 5848 Matth.
1378 5809 1476 5858 xu,
1503 5793 1600 5860 9.9;
1628 5792 1796 5847 Marc.
1825 5789 1945 5857 "1,9

2057 5789 2193 5846 Luc.
2216 5806 2292 5856 ιι,
2315 5791 2380 5846 21
2453 5793 2523 5826 ²³⁶
2549 5793 2694 5848 Psal.
2731 5809 2858 5863 xxv,
2896 5795 2950 5853 8.
