4086 6282
391 365 497 433 115

1610 366 1908 428 NlCET/E
1947 365 2483 428 PAPHLAGONIS

3584 357 3685 428 116

457 483 766 559 Cognoscite
806 478 976 536 Deum
1009 479 1231 536 Patrem
1266 481 1705 552 omnipotentem,
1748 482 1988 536 invisibi~

2162 477 2366 534 Γνῶτε
2422 477 2573 533 Θεὸν
2624 475 2860 546 Πατέρα
2894 476 3381 546 ’παντοκράτορα,
3444 475 3686 533 πάντων

387 573 526 629 lium
567 575 805 628 omnium
853 589 920 627 ac
957 571 1243 630 visibilium
1289 585 1473 626 rerum
1515 585 1832 628 creatorem.
1885 572 1990 629 Co-

384 664 617 732 gnoscite
663 663 834 716 Deum
885 661 1110 717 Verbum
1155 669 1283 717 ante
1338 661 1538 717 saecula
1579 679 1745 734 supra
1780 679 1990 717 omnem

387 756 652 808 rationm
683 769 748 808 ea:
781 751 878 807 illo
899 761 1111 818 natum,
1137 769 1231 825 per
1255 768 1412 824 quem
1433 754 1613 807 omnia
1642 754 1764 823 [erit
1795 753 1860 807 “.
1889 752 1989 808 Co-

385 849 620 918 gnoscite
643 847 905 918 Spiritum
936 854 1186 902 sanctum
1225 861 1289 900 ea:
1321 845 1488 900 Patre
1515 845 1632 899 sine
1663 854 1898 916 tempore
1927 862 1990 900 ac

385 936 608 989 indivise
652 934 1039 1006 procedentem,
1076 933 1418 1004 omniumque
1459 950 1578 988 cum
1629 930 1765 986 Filio
1810 933 1990 986 condi-

388 1033 578 1090 torem,
607 1042 670 1080 ac
698 1026 790 1094 qui
817 1041 910 1096 per
929 1025 1213 1078 essentiam
1230 1033 1421 1077 cuncta
1449 1022 1674 1093 repleat.
1697 1022 1991 1094 Intelligite

387 1113 513 1169 Tria
559 1115 726 1170 Deum
752 1131 938 1182 unum,
960 1131 1230 1186 unamque
1261 1123 1514 1169 naturam
1545 1121 1595 1167 et
1625 1115 1916 1185 potentiam
1939 1121 1988 1166 et

385 1221 649 1276 regnum;
677 1221 948 1277 unumque
980 1205 1269 1260 Dominum
1294 1206 1350 1258 in
1377 1205 1544 1259 tribus
1587 1206 1707 1275 pari
1731 1204 1992 1274 dignitate

386 1299 624 1366 personis
654 1298 899 1354 adorate.
930 1297 1243 1369 Intelligite,
1275 1299 1538 1368 missoque
1561 1313 1712 1368 quem
1742 1314 1774 1350 a
1795 1313 1993 1367 paren-

386 1389 524 1442 tibus
565 1391 862 1459 accepistis,
906 1405 1109 1450 errore.
1157 1389 1227 1443 ad
1275 1405 1458 1442 ueram
1509 1389 1678 1442 lucem
1735 1388 1988 1442 accedite.

385 1479 649 1535 Accedite
679 1488 738 1534 et
765 1479 1180 1545 illuminamini,
1205 1487 1262 1533 et
1288 1479 1462 1534 facies
1495 1488 1692 1533 vestrae
1715 1493 1827 1532 non
1858 1493 1992 1533 con-

386 1569 690 1624 fundentur
711 1571 776 1624 ³³.
818 1569 995 1624 Videte
1025 1571 1151 1641 quia
1181 1569 1427 1624 Verbum
1461 1584 1592 1623 caro
1637 1568 1843 1624 factum
1882 1578 1986 1634 est,

382 1671 440 1715 et
467 1661 741 1715 habitavit
783 1661 842 1715 in
884 1660 1130 1716 nobis".
1178 1661 1492 1731 Unigenitus
1541 1660 1729 1725 Filius,
1783 1660 1874 1730 qui
1913 1667 1992 1714 est

379 1769 591 1823 semper
615 1754 669 1807 in
698 1754 822 1808 sinu
857 1753 1058 1818 Patris,
1091 1769 1211 1808 vere
1239 1753 1394 1807 homo
1421 1753 1695 1806 hominum
1717 1767 1882 1806 causa
1923 1765 1988 1803 ex

378 1855 570 1899 sancta
620 1846 952 1916 innuptaque
992 1845 1171 1900 Maria
1217 1843 1430 1915 Virgine
1473 1844 1732 1907 nascitur,
1779 1858 1843 1896 ac
1893 1858 1988 1912 per

383 1940 589 2005 omnia,
620 1954 729 1992 uno
771 1947 985 2010 peccato
1030 1947 1266 2009 excepto,
1309 1937 1501 1991 similis
1551 1937 1699 1992 nobis
1736 1937 1990 2007 eﬂicitur;

381 2046 734 2101 concessaque
767 2047 862 2101 per
907 2031 1232 2099 baptismum
1269 2028 1580 2082 remissione
1629 2035 1989 2098 peccatorum,

383 2140 447 2178 ac
472 2140 566 2195 per
607 2141 818 2179 crucem
844 2141 909 2178 ac
946 2123 1387 2177 resurrectionem
1436 2139 1471 2175 a
1509 2129 1679 2175 morte
1719 2137 1782 2174 ac
1806 2136 1992 2174 corru-

382 2219 562 2286 ptione
589 2215 846 2281 liberans,
875 2214 1031 2269 Patri
1051 2213 1437 2268 reconciliavit.
1464 2211 1565 2266 Hic
1586 2221 1634 2266 et
1657 2213 1811 2265 modo
1831 2211 1992 2282 (quod

382 2309 532 2364 illius
559 2325 694 2380 opus
717 2305 1018 2379 prOprium)
1063 2306 1240 2377 posuit
1262 2306 1320 2359 in
1352 2302 1504 2358 nobis
1540 2302 2014 2390 reconciliationis.

378 2419 702 2471 sermonem,
737 2402 876 2457 hanc
899 2400 1040 2456 vobis
1060 2399 1295 2455 salutem
1326 2399 1714 2453 annuntiatum
1737 2413 1830 2451 nos
1867 2397 1990 2451 mit-

380 2503 498 2549 tens
505 2534 520 2550 .

454 2765 700 2820 Recedite
724 2765 893 2834 igitur
922 2762 987 2817 ab
1009 2765 1155 2818 omni
1180 2763 1486 2818 daemonum
1514 2766 1771 2820 vanitate.
1805 2764 1991 2820 Omnis

382 2855 650 2910 idolorum
678 2854 872 2919 cultus,
903 2855 1076 2908 omnis
1126 2855 1244 2909 vitii
1282 2869 1347 2908 ac
1387 2854 1745 2925 improbitatis
1776 2857 1993 2909 noxiam

381 2945 816 3000 consuetudinem
849 2943 1035 3015 procul
1063 2962 1097 2998 a
1124 2944 1264 2998 vobis
1288 2943 1521 3012 abjicite.
1553 2943 1702 2998 Fidei
1727 2944 1992 3016 lege,qu¢e

383 3047 461 3092 est
481 3039 537 3091 in
587 3035 802 3092 Christo
831 3035 996 3102 Iesu;
1039 3035 1151 3107 lege
1177 3033 1414 3106 Spiritus
1446 3035 1752 3091 sanctitatis
1785 3037 1921 3106 ejus,
1943 3037 1992 3091 si

2087 572 2357 640 ἀοράτων
2385 569 2729 640 κτισμάτων
2764 570 2866 623 καὶ
2895 569 3130 637 ὁρατῶν
3152 569 3435 637 ποιητήν.
3483 570 3687 624 Γνῶτε

2089 662 2241 718 Θεὸν
2261 664 2457 730 Λόγον
2487 660 2605 728 πρὸ
2632 661 2752 715 τῶν
2772 660 3006 715 αίὼνων
3047 660 3202 730 ὑπὲρ
3233 661 3424 729 λόγον
3469 660 3671 731 τεννώη
3699 720 3704 725 _

2082 770 2272 823 μενον
2299 753 2370 817 ἐξ
2395 741 2604 816 αὐτοῦ,
2627 751 2702 804 δι’
2722 747 2793 808 οὗ
2828 755 3120 820 πεποίηκε
3149 753 3223 806 τὰ
3262 750 3481 806 πάντα.
3522 749 3687 804 Γνῶο

2088 860 2152 898 τε
2183 844 2425 913 Πνεῦμα
2452 843 2521 897 τὸ
2549 843 2743 912 ἅγιον,
2777 843 2884 897 τοῦ
2907 844 3140 914 Πατρός
3185 844 3460 912 άχρόνως
3505 843 3687 896 ἀνεκ-

2083 936 2379 1006 -φοιτήτως
2408 953 2472 990 τε
2495 937 2730 1004 προϊὸν,
2764 937 2864 990 καὶ
2909 936 2991 1003 τῷ
3023 935 3132 1001 Υίῷ
3156 933 3690 1004 συνδημιουργοῢν

2087 1029 2161 1082 τὰ
2179 1027 2396 1091 πάντα,
2433 1028 2534 1082 καὶ
2572 1029 2771 1081 πάντα
2801 1029 2930 1082 κατ’
2953 1029 3179 1084 οὐσίαν
3201 1029 3498 1095 πληροῦν.
3531 1026 3684 1080 Σύν-

2087 1135 2185 1173 ετε
2217 1122 2364 1173 Θεὸν
2385 1121 2495 1174 ἕνα
2517 1121 2592 1175 τὰ
2627 1121 2780 1188 τρία,
2813 1121 2913 1174 καὶ
2947 1122 3139 1190 φύσιν
3161 1121 3311 1190 μίαν
3343 1121 3441 1174 καὶ
3482 1119 3670 1174 δύνα-

2083 1228 2194 1280 μιν
2225 1204 2326 1266 καὶ
2348 1214 2684 1276 ,βασιλείαν
2703 1229 2717 1243 ·
2750 1213 2847 1266 καὶ
2885 1215 2992 1267 τὸν
3030 1213 3142 1266 ἕνα
3173 1213 3415 1280 Κύριον,
3439 1211 3509 1264 ἐν
3544 1214 3686 1279 ὁμο-

2087 1303 2282 1370 τίμοις
2339 1304 2685 1371 προσώποις
2723 1303 3125 1369 προσκυνεῖτε
3174 1303 3396 1370 τρισίν.
3441 1301 3685 1362 Σύνετε,

2089 1393 2191 1446 καὶ
2243 1392 2362 1458 τὴν
2417 1394 2958 1462 πατροπαράδοτον
3026 1392 3343 1460 πλάνησιν
3399 1393 3683 1462 ἀφέντες,

2089 1484 2459 1550 προσέλθετε
2513 1484 2595 1549 τῷ
2659 1484 2930 1552 ἀληθινῷ
2963 1488 3134 1554 φωτί.
3188 1483 3525 1555 Προσέλϐετε
3591 1484 3688 1536 καὶ

2090 1574 2425 1646 φωτίσθητε,
2459 1576 2556 1630 καὶ
2579 1575 2648 1631 τὰ
2688 1577 2957 1648 πρόσωπα
2981 1576 3136 1648 ὑμῶν
3160 1576 3221 1630 οὐ
3243 1577 3319 1648 μὴ
3354 1592 3688 1644 καταισχυν-

2091 1665 2182 1735 θῇ.
2212 1664 2423 1731 Ἴδετε,
2459 1663 2598 1718 ὄτιό
2628 1665 2804 1734 Λόγος
2847 1665 2984 1739 σὰρξ
3014 1665 3251 1734 ἐγένετο,
3295 1665 3391 1717 καὶ
3445 1664 3691 1734 ἐσκήνω-

2098 1772 2190 1810 σεν
2220 1757 2280 1808 ὲν
2313 1757 2448 1828 ἡμῖν
2477 1772 2492 1786 ·
2528 1759 2562 1812 ὀ
2594 1755 2940 1827 μονογενὴς
2995 1756 3149 1822 Υίὸς,
3196 1759 3228 1810 ό
3266 1755 3338 1810 ἐν
3367 1753 3494 1820 τοῖς
3539 1757 3685 1808 κόλ-

2095 1861 2233 1913 ποις
2258 1848 2345 1902 ὣν
2367 1849 2458 1903 ἀεὶ
2485 1848 2593 1902 τοῦ
2617 1848 2870 1918 Πατρός,
2898 1847 3212 1916 ἄνθρωπος
3257 1845 3499 1913 άληθῶς
3533 1843 3689 1912 ὑπὲρ

2090 1938 2427 2009 ἀνθρώπων
2457 1940 2526 2005 ἐξ
2577 1941 2756 2011 ἁγίας
2797 1940 3111 2008 Παρθένου
3150 1939 3251 1994 καὶ
3283 1937 3687 2006 ἀπειρογάμου

2091 2031 2317 2102 γίνεται
2343 2033 2594 2101 Μαρίας,
2615 2032 2716 2086 καί
2747 2031 2898 2086 κατὰ
2920 2031 3139 2097 πάντα,
3171 2030 3346 2100 χωρίς
3371 2030 3684 2099 ἁμαρτίας,

2090 2123 2237 2192 ἡμῖν
2258 2123 2636 2193 ἐξομοιοῦται
2665 2140 2681 2154 ’
2716 2122 2818 2177 καὶ
2849 2123 3074 2192 ἄφεσιν
3100 2121 3406 2192 ἁμαρτιῶν
3430 2121 3529 2174 διὰ
3561 2121 3680 2184 ,ϐαι

2089 2215 2427 2282 πτίσματος
2445 2213 2872 2283 χαρισάμενος,
2893 2213 2989 2267 διὰ
3005 2212 3277 2282 σταυροῦ
3304 2229 3370 2265 τε
3401 2211 3501 2265 καὶ
3526 2211 3678 2265 ἀναν

2089 2306 2398 2373 στάσεως,
2441 2304 2703 2361 θανάτου
2746 2305 2847 2360 καὶ
2916 2303 3145 2374 φθορᾶς
3197 2301 3682 2371 λυτρωσάμενος,

2092 2395 2445 2464 κατήλλαξε
2479 2395 2560 2462 τῷ
2593 2397 2800 2464 Πατρί.
2837 2391 3030 2462 Οὗτος
3063 2395 3162 2449 καὶ
3187 2393 3306 2449 νῦν
3327 2393 3400 2447 ἐν
3421 2392 3587 2462 ἡμῖν,
3619 2392 3685 2445 τὸ

2091 2487 2252 2540 Ιδιον
2279 2487 2480 2556 ἔργον,
2501 2489 2610 2541 τὸν
2633 2487 2744 2554 τῆς
2786 2484 3182 2555 καταλλαγῆς
3200 2488 3389 2555 λόγον
3413 2484 3684 2552 θέμενος,

2092 2576 2480 2643 ἀπέστειλεν,
2505 2577 2623 2645 τὴν
2653 2578 2961 2646 σωτηρίαν
3011 2576 3243 2644 ταύτην
3301 2577 3687 2645 sitan-altov-

2085 2668 2315 2739 μένους
2343 2669 2506 2738 ὑμῖν.

2177 2760 2504 2826 Ἀπόστητε
2553 2761 2764 2812 τοίνυν
2795 2758 3000 2824 πάσης
3049 2754 3349 2825 δαιμόνων
3369 2753 3688 2824 ματαιότη-

2089 2870 2217 2918 τος,
2248 2851 2454 2918 πάσης
2475 2850 2990 2918 ειδωλολατρείας,
3044 2851 3252 2915 πάσης
3311 2847 3530 2912 κακίας
3585 2847 3683 2900 καὶ

2092 2944 2349 3012 ἀνομίας
2405 2943 2522 3010 τὴν
2569 2942 2849 3009 ὀλέθριον
2878 2943 3255 3009 ἀπορρίψατε
3301 2939 3631 3006 συνήθειαν
3658 2955 3674 2968 ο

2092 3037 2174 3101 τῷ
2200 3038 2362 3105 νόμῳ
2393 3036 2461 3088 δὲ
2495 3034 2604 3103 τῆς
2623 3036 2904 3101 πίστεως,
2939 3034 3050 3103 τῆς
3072 3033 3142 3088 ἐν
3170 3030 3404 3102 Χριστῷ
3440 3029 3640 3100 Ἰησοῦ
3660 3046 3673 3058 '

382 3129 644 3192 vixet-itis,
680 3128 745 3181 ab
774 3128 966 3198 iraque
994 3127 1060 3181 de
1095 3126 1225 3182 ctelo
1268 3129 1602 3190 superueniet
1623 3127 1811 3199 {impiis
1864 3127 1990 3182 libe-

2096 3127 2176 3194 τῷ
2217 3131 2380 3197 νόμῳ
2430 3128 2537 3182 τοῦ
2581 3129 2931 3196 Πνεύματος
2973 3125 3085 3194 τῆς
3137 3126 3452 3196 ἁγιότητος
3496 3122 3685 3177 αὐτοῦ

383 3220 654 3282 rabimint',
691 3219 1116 3290 immortalisque
1145 3218 1331 3290 gloria:
1362 3237 1425 3274 ac
1454 3220 1577 3274 vita!
1605 3227 1823 3276 (eterna
1840 3237 1986 3275 com-

383 3322 529 3382 potes
555 3312 870 3382 eﬂiciemini.
902 3311 982 3366 Ne
1003 3327 1130 3366 vero
1161 3310 1412 3366 inanibus
1441 3311 1611 3366 verbis
1648 3328 1681 3366 a
1719 3312 1866 3366 nobis
1897 3313 1989 3366 de—

384 3412 564 3473 ceptos
592 3420 680 3458 vos
710 3404 1040 3469 eaistimetis,
1073 3402 1320 3457 adducite
1351 3403 1480 3458 mihi
1504 3405 1597 3474 qui
1619 3405 1675 3458 in
1702 3403 1844 3458 vobis
1872 3402 1988 3456 labe

383 3496 569 3566 aliqua
595 3497 822 3568 vitioque
862 3496 1113 3551 laborant
1166 3513 1229 3551 ac
1269 3497 1544 3551 curatione
1587 3505 1762 3568 egent,
1800 3503 1859 3549 ut
1903 3511 1988 3549 me

386 3606 494 3643 non
521 3591 575 3643 in
607 3607 848 3644 sermone
877 3600 1085 3645 tantum
1116 3592 1187 3645 ad
1205 3607 1295 3645 vos
1311 3591 1538 3654 venisse,
1569 3590 1660 3644 sed
1687 3589 1841 3661 longe
1871 3605 1989 3644 am-

386 3681 525 3751 plius
561 3684 617 3736 in
645 3684 838 3738 virtute
882 3684 1319 3754 apprOpinquare
1361 3681 1433 3738 ad
1476 3699 1567 3738 vos
1607 3699 1829 3754 regnum
1863 3681 1985 3750 Dei,

383 3776 625 3829 rideatis.

459 4037 657 4092 Statim
688 4051 821 4106 ergo
855 4035 969 4091 illic
988 4034 1096 4090 loci
1139 4033 1327 4089 videre
1375 4041 1517 4099 erat,
1551 4033 1672 4088 solo
1719 4031 1986 4102 Theologi

389 4131 559 4185 verbo
612 4129 886 4184 daemonia
939 4127 1010 4182 ab
1063 4125 1308 4182 obsessis
1363 4125 1693 4195 corporibus
1751 4124 1983 4195 fugere;

387 4222 526 4292 erigi
569 4221 819 4284 claudos,
855 4218 1016 4273 caecis
1055 4219 1267 4282 lumen,
1321 4217 1506 4272 surdis
1530 4215 1786 4270 auditum
1823 4216 1990 4272 resti-

388 4312 492 4373 tui.
528 4311 716 4365 doceri
757 4307 953 4363 balhos
986 4307 1194 4362 diserte
1224 4305 1398 4376 loqui.
1430 4304 1632 4360 Videre
1653 4316 1775 4360 erat
1807 4307 1989 4376 preci-

388 4410 494 4464 bus
541 4418 791 4462 mortuos
831 4404 1182 4467 cxsuscitari,
1225 4402 1484 4458 mandari
1530 4403 1822 4472 leprosos;
1867 4419 1988 4457 om-

2091 3221 2569 3289 πολιτευόμενοι,
2607 3219 2921 3286 ρυσθήσεο
2935 3221 2998 3272 θε
3037 3213 3158 3286 μὲν
3191 3217 3311 3271 ἀπὸ
3366 3214 3477 3284 τῆς
3517 3213 3689 3279 ἐπερ-

2089 3307 2355 3378 κομένης
2411 3308 2482 3372 ἐξ
2569 3307 2832 3377 οὐρανοῦ
2901 3307 3029 3374 τοῖς
3103 3307 3394 3361 ἀσεϐέσιν
3463 3303 3685 3373 ὀργῆς·

2087 3401 2394 3470 ἀφθάρτου
2425 3399 2495 3453 δὲ
2525 3399 2712 3467 δόξης
2741 3399 2839 3454 καὶ
2875 3400 3116 3454 αιωνίου
3163 3396 3686 3463 καταξιωθήσεσθε

2091 3491 2258 3560 ζωῆς.
2292 3495 2421 3547 Ἵνα
2463 3492 2535 3544 δὲ
2564 3491 2652 3561 μὴ
2715 3493 2914 3558 κενοῖς
2944 3493 3218 3561 ῥήμασιν
3264 3489 3687 3558 ἐξηπατῆσθαι

2086 3584 2362 3653 νομίζητε
2411 3586 2550 3654 παρ’
2608 3583 2800 3654 ἡμῶν,
2867 3583 3206 3653 προσάγετέ
3259 3599 3361 3653 μοι
3419 3581 3562 3647 τοὺς
3616 3579 3690 3633 ἐν

2088 3675 2234 3744 ὑμῖν
2260 3675 2724 3744 λελωΰιψένους
2755 3675 2854 3728 καὶ
2885 3674 3205 3744 θεραπείας
3233 3671 3686 3742 ἐπιδεομένους,

2087 3767 2168 3820 ἵν’
2193 3765 2378 3839 ίδῆτε,
2410 3769 2504 3835 (ἓιςξ
2522 3747 2631 3822 υῦκ
2660 3769 2732 3822 ἐν
2751 3767 2913 3837 λόγῳ
2943 3767 3097 3836 πρὸς
3114 3765 3273 3836 ὑμᾶς
3283 3767 3500 3835 μόνον,
3521 3761 3686 3819 ἀλλὰ

2089 3861 2189 3914 καὶ
2222 3861 2294 3914 ὲν
2319 3855 2574 3930 δυ’νιιμει
2607 3860 2770 3916 πολὺ
2793 3859 3038 3931 μᾶλλον
3075 3861 3116 3929 ἠ
3153 3860 3449 3924 ,βασιλεία
3475 3852 3686 3927 ἐγγίζει

2089 3953 2200 4008 τοῦ
2227 3953 2398 4008 Θεοῦ.

2158 4045 2369 4100 Αὐτίκα
2421 4046 2602 4100 τοίνυν
2657 4041 2727 4116 ἦν
2767 4045 2902 4117 όρᾷν
2954 4044 3093 4111 ἐκεῖ,
3124 4042 3381 4113 δαιμόνια
3419 4040 3566 4110 λόγῳ
3589 4039 3684 4092 τοῦ

2088 4137 2358 4206 Θεολόγου
2389 4137 2538 4208 μόνῳ
2562 4137 2672 4191 τῶν
2700 4134 3086 4206 δαιμονῶντων
3127 4133 3552 4206 δραπετεύοντα,
3579 4149 3685 4201 χω-

2088 4232 2215 4295 λοὺς
2244 4231 2710 4301 ἀνορθουμένους,
2737 4228 2976 4299 τυφλοὺς
3005 4228 3434 4298 φωτιζομένους,
3464 4225 3686 4294 κωφοὺς

2090 4321 2412 4384 ἀκούοντας,
2445 4321 2540 4374 καὶ
2572 4319 2896 4388 μογιλάλους
2926 4318 3142 4388 τρανῶς
3185 4317 3367 4372 λαλεῖν
3433 4315 3685 4369 παιδευοο

2095 4413 2312 4482 μένους.
2345 4405 2458 4463 Ἦν
2499 4411 2633 4480 ὁρᾷν
2679 4409 2768 4462 διὰ
2820 4408 3135 4478 προσευχῆς
3179 4405 3574 4475 ἀνισταμένους
3602 4419 3689 4456 νε-

389 4511 628 4570 nemque
670 4497 927 4552 morbum
963 4511 1029 4552 ac
1078 4511 1299 4551 omnem
1335 4495 1585 4565 corporis
1630 4496 1836 4558 labem,
1867 4496 1986 4552 solo

2095 4507 2284 4577 κροῦς,
2313 4504 2747 4573 καθαιρομένους
2777 4501 3033 4572 λεπροὺς,
3072 4499 3166 4553 καὶ
3187 4500 3368 4552 πᾶσαν
3390 4499 3544 4551 νόσον
3594 4494 3690 4549 καὶ

389 4606 590 4645 manus
623 4597 828 4643 sancta:
859 4595 1118 4642 contactu
1154 4585 1337 4639 sanari
1372 4601 1384 4637 :
1420 4600 1486 4638 ac
1507 4583 1735 4653 quidem
1766 4599 1986 4639 omnem

2089 4600 2269 4651 πᾶσαν
2311 4593 2563 4664 σώματος
2601 4593 2805 4663 λώϐην,
2856 4594 2970 4662 ἀφῇ
3007 4592 3144 4664 μόνῃ
3174 4589 3354 4660 χειρὸς
3382 4587 3536 4652 ὁσίας
3593 4590 3689 4639 ltu-

389 4681 795 4753 praestigiarum
855 4679 1236 4749 magicamque
1296 4688 1495 4740 artem,
1550 4691 1766 4731 necnon
1819 4677 1989 4731 etiam

2091 4689 2282 4760 μένην.
2312 4689 2424 4742 Καὶ
2454 4689 2640 4739 πᾶσαν
2671 4685 2771 4755 μὲν
2810 4687 3078 4756 γοητικὴν
3123 4683 3318 4753 τέχνην
3367 4683 3462 4736 καὶ
3526 4697 3693 4750 μαγι-

388 4777 703 4832 daemonum
729 4789 894 4829 omne
918 4773 1250 4828 maleﬁcium
1283 4772 1680 4840 astutiamque,
1706 4785 1806 4841 per
1820 4770 1988 4824 Chri-

2089 4781 2209 4850 κὴν,
2229 4783 2409 4834 πᾶσαν
2441 4781 2497 4834 δὲ
2532 4779 2895 4850 κακοτεχνίαν
2921 4779 3017 4833 καὶ
3039 4777 3332 4847 δαιμονίων
3366 4791 3693 4844 κακομηχα-

389 4867 461 4921 sti
490 4867 544 4920 in
575 4881 643 4921 eo
675 4864 979 4935 potentiam
1006 4863 1218 4918 destrui
1259 4879 1273 4914 :
1307 4876 1525 4915 omnem
1563 4861 1804 4931 denique
1855 4861 1984 4915 illu-

2089 4875 2224 4934 vlav,
2245 4872 2335 4924 διὰ
2355 4873 2451 4942 τῆς
2469 4874 2526 4924 ὲν
2540 4870 2688 4940 αὐτῷ
2703 4870 2797 4924 τοῦ
2821 4870 3061 4941 Χριστοῦ
3085 4869 3366 4938 δυνάμεως
3385 4881 3693 4936 καταργου-

389 4959 694 5012 minantem
737 4968 902 5026 atque
931 4963 1261 5026 purgantem
1314 4952 1706 5019 initiationem,
1735 4969 1989 5007 omnem-

2089 4963 2258 5033 μένην
2285 4965 2492 5015 ’πᾶσαν
2519 4963 2573 5014 δὲ
2598 4961 2992 5029 μυσταγωγίαν
3018 4959 3351 5028 φωτιστικὴν
3373 4957 3468 5010 καὶ
3487 4957 3694 5026 καθαρ-
3734 5022 3753 5039 θ

389 5065 498 5118 que
552 5049 785 5118 gratiam
820 5065 884 5102 ac
925 5046 1216 5103 scientiam
1263 5054 1685 5101 consecrantem
1725 5058 1790 5098 ac
1825 5044 1986 5098 delii-

2089 5053 2272 5121 τικήν-
2301 5054 2483 5106 πᾶσαν
2505 5051 2561 5103 δὲ
2589 5053 2749 5120 χάριν
2770 5052 2864 5103 καὶ
2889 5049 3092 5118 γνῶσιν
3119 5045 3562 5116 τελετουργικὴν,
3592 5044 3690 5097 καὶ

389 5148 608 5193 cantem
660 5138 716 5192 in
764 5137 1010 5192 ﬁdelium
1055 5137 1257 5192 animis
1304 5136 1577 5208 praestari.
1607 5135 1806 5190 Totum
1841 5135 1989 5188 enim

389 5231 676 5286 Christum
703 5247 801 5301 per
831 5231 1128 5285 Dominum
1181 5228 1451 5300 Spiritum
1502 5227 1993 5297 praestantissimus

392 5322 636 5391 Spiritus
665 5322 1018 5391 dispensator
1061 5318 1314 5384 indutus,
1341 5333 1465 5388 qua:
1508 5317 1656 5372 hosti
1704 5318 1994 5386 undequa-

393 5427 502 5480 que
530 5411 812 5466 inaceessa
847 5420 1034 5465 essent
1059 5421 1123 5466 ac
1147 5409 1419 5479 impervia
1447 5409 1676 5479 gerebat
1702 5422 1718 5475 ;
1744 5419 1995 5463 rectum-

394 5517 505 5570 que
537 5516 760 5556 omnem
798 5495 1050 5556 animum
1087 5515 1155 5556 ac
1184 5498 1320 5554 boni
1364 5500 1546 5554 forma
1583 5499 1860 5554 imbutum
1895 5515 1996 5569 per

393 5593 666 5665 Spiritum
702 5596 1030 5658 obsecrans,
1072 5593 1143 5649 ad
1169 5609 1292 5649 eam
1322 5595 1484 5664 cujus
1521 5593 1724 5650 doctor
1749 5603 1872 5649 erat
1902 5603 1990 5649 at-

395 5701 505 5758 que
531 5696 795 5751 assertor,
825 5687 1134 5742 doctrinam
1161 5685 1552 5756 componebat.

465 5809 510 5842 ³⁸
540 5809 713 5863 Hebr.
753 5827 767 5863 ι
1212 5824 1401 5877 xxxm,
1426 5808 1481 5863 6.
1559 5806 1608 5841 ³⁵
1637 5806 1799 5864 Joan.
1831 5822 1871 5872 ι,
1904 5807 1992 5863 14.

2090 5144 2440 5212 θεουργικὴν,
2459 5145 2580 5203 ταῖς
2604 5139 2854 5209 καρδίαις
2893 5138 3299 5209 ἐνεργουμένην
3320 5136 3428 5190 τῶν
3454 5134 3686 5187 πιστῶν.

2095 5235 2256 5287 Ὀλον
2278 5236 2386 5304 γὰρ
2419 5232 2510 5286 τὸν
2535 5231 2771 5303 Χριστὸν
2802 5231 2888 5284 διὰ
2922 5231 3014 5284 τοῦ
3064 5230 3276 5299 Κυρίου
3311 5227 3630 5298 Πνεύματος
3663 5229 3691 5278 ό

2092 5324 2187 5379 τοῦ
2225 5324 2543 5393 ηνεύματος
2561 5323 2854 5392 κράτιστος
2886 5321 3354 5392 περιδεδλημὲνος
3383 5320 3687 5389 οἰκονόμος,

2091 5415 2364 5486 ἀπρόσιτα
2384 5416 2482 5485 μὲν
2506 5413 2843 5482 πανταχόθεν
2875 5413 2969 5466 καὶ
3000 5413 3305 5466 ἀνεπίϐατα
3349 5411 3690 5466 κατεσκεύα-

2091 5507 2151 5570 ζε
2200 5506 2282 5578 τῷ
2337 5506 2518 5577 ἐχθρῷ
2549 5522 2564 5538 ο
2625 5507 2808 5560 πᾶσαν
2869 5505 2928 5559 δὲ
2954 5505 3135 5575 ψυχὴν
3165 5505 3382 5557 εὐθεῖαν
3409 5505 3506 5556 καὶ
3547 5503 3690 5568 ἁγα-

2094 5598 2277 5669 θοειδῆ
2327 5598 2415 5652 διὰ
2441 5599 2534 5653 τοῦ
2590 5597 2913 5667 Πνεύματος
2958 5596 3321 5668 παρακαλῶν,
3381 5597 3463 5659 εἰς
3504 5595 3602 5666 τὴν
3621 5591 3694 5648 δι’

2094 5689 2259 5746 αὑτὸν
2283 5689 2729 5762 πρεσϐευομένην
2756 5686 3017 5759 ἀλήθειαν
3048 5685 3477 5761 προσῳηιοῦτο.
