4086 6282
313 391 412 460 121

1108 394 1394 470 ORATIO
1429 392 1530 458 VI.
1557 421 1629 432 --
1659 392 1743 457 ΙΝ
1775 394 2094 458 LAUDEM
2131 395 2194 457 S.
2234 394 2557 459 JOANNIS
2593 393 2868 466 EVANG.

3511 384 3619 456 122

311 505 523 576 Κύριον
552 503 764 561 εἴσοδον
781 504 1111 590 ἐγγίζουσαν
1137 521 1153 539 ·
1172 504 1403 559 συνιδὼν
1428 503 1486 557 δὲ
1522 504 1619 558 καὶ
1657 504 1751 558 τὸν
1778 503 1912 576 χρό-

2028 503 2194 569 ieret,
2229 519 2296 560 ac
2323 504 2381 560 in
2407 503 2666 574 proximo
2687 519 2809 560 esse
2844 512 2907 557 ut
2931 499 2998 556 ad
3035 498 3327 557 Dominum
3357 500 3614 574 ingrede-

317 614 404 650 νον
431 597 511 660 ὡς
538 595 847 652 δεινότατον
867 597 998 652 ὄντα
1045 597 1216 667 λήθης
1269 596 1451 668 βυθοῖς
1504 597 1790 667 ἀμαυροῦν
1845 595 1916 650 τὰ

2023 603 2217 661 retur;
2246 595 2676 666 intelligensque
2708 593 2822 649 vim
2850 593 3144 648 maximam
3181 593 3446 663 temporis
3469 609 3618 657 esse,

310 690 480 755 καλὰ,
513 691 748 744 κινεῖται
770 690 870 761 μὲν
901 689 1259 760 ἅγαθοειδῶς,
1303 690 1369 744 τὸ
1411 689 1514 760 τῆς
1572 686 1918 757 αὐτοαγαθό-

2028 689 2079 744 id
2123 703 2189 745 ea
2232 705 2354 760 quae
2400 689 2547 744 bona
2581 703 2646 744 ac
2691 689 2924 744 honesta
2969 696 3120 752 sunt,
3166 687 3464 746 oblivionis
3505 688 3620 746 alto

312 799 480 853 τητος
512 781 802 855 ἔσοπτρον,
819 782 960 856 ὑπὲρ
981 784 1082 854 τῆς
1118 782 1274 853 ἱερᾶς
1300 781 1393 836 τοῦ
1415 780 1755 849 Εὑαγγελίου
1778 796 1919 849 γρα-

312 877 425 946 φῆς
458 890 476 906 ⁶
502 876 737 930 κινεῖται
761 875 818 931 δὲ
856 873 993 946 πρὸς
1044 872 1224 945 ερωτα
1263 872 1546 943 θεολογίας
1577 869 1914 943 ὑπερφυοῦς,

2013 780 2232 852 gurgite
2261 781 2560 854 mergenda
2605 797 2670 836 ac
2716 780 3012 846 abolenda,
3040 778 3327 846 incitatur,
3357 796 3464 851 qua
3508 781 3618 834 im-

2017 872 2188 928 butus
2226 880 2366 936 erat.
2417 873 2551 928 boni
2583 871 2796 938 indole,
2834 871 2927 941 qui
2979 870 3156 942 ipsius
3184 886 3316 927 vere
3345 870 3617 926 bonitatis

321 967 435 1020 ὑπό
465 985 530 1021 τε
554 965 652 1020 τοῦ
683 967 1016 1030 ἐνοικοῦντος
1042 965 1177 1020 Θεοῦ
1206 965 1407 1035 Λόγου,
1443 964 1540 1019 καὶ
1582 963 1692 1018 τῶν
1734 980 1922 1018 πιστο-

2028 965 2307 1034 speculum
2337 975 2506 1028 esset,
2548 965 2614 1018 ad
2646 962 3118 1019 conseribendum
3153 971 3406 1018 sanctum
3436 963 3621 1017 Evano

314 1059 500 1114 τάτων
527 1059 630 1128 τῆς
658 1058 988 1129 Ἑκκλησίας
1018 1056 1445 1129 λιπαρούμενος.

2017 1056 2247 1126 gelium,
2293 1056 2705 1126 inardescitque
2752 1056 2807 1109 in
2856 1054 3075 1110 eximiae
3123 1054 3422 1124 theologia:
3462 1069 3620 1106 amo-

317 1167 462 1213 rem.
499 1159 614 1206 tum
640 1150 734 1206 Dei
765 1150 933 1208 Verbi
968 1149 1338 1206 inhabitantis
1392 1147 1686 1214 instinctu,
1733 1156 1854 1203 tum
1884 1161 2078 1202 eorum
2112 1148 2209 1217 qui
2242 1146 2549 1204 ﬁdelissimi
2618 1149 2674 1204 in
2739 1147 2987 1203 Ecclesia
3017 1157 3195 1213 erant,
3241 1146 3503 1218 precibus
3534 1154 3621 1202 at-

316 1259 432 1319 que
457 1251 674 1316 rogatu.

408 1333 682 1404 Ἐντυχὼν
730 1332 791 1387 δι
827 1333 942 1398 τοῖς
972 1331 1080 1404 πρδ
1122 1329 1292 1385 αὐτοῦ
1321 1328 1506 1402 τρισὶν
1538 1327 1920 1396 Εὑαγγελίοις,

317 1424 424 1480 καὶ
478 1424 611 1496 περὶ
663 1423 744 1493 τῷ
791 1423 1090 1494 σωματικῷ
1139 1422 1234 1477 τοῦ
1261 1418 1500 1493 Χριστοῦ
1524 1421 1725 1492 μᾶλλον
1752 1436 1922 1488 προσ-

315 1516 711 1588 ησχολημένην
740 1516 920 1570 αὐτῶν
965 1516 1066 1587 τὴν
1107 1515 1361 1583 διήγησιν
1409 1514 1555 1578 ίδὼν,
1586 1515 1751 1575 αὐτὸς
1804 1515 1922 1575 τοῖς

315 1609 678 1681 ὑψηλοτέροις
701 1608 811 1662 τῶν
841 1608 1016 1676 λόγων
1050 1610 1145 1660 καὶ
1175 1606 1474 1677 θειοτέροις
1515 1603 1918 1659 ἐπεκτείνεται.

2098 1326 2284 1383 Lectis
2310 1342 2467 1392 vero,
2491 1343 2614 1398 quas
2651 1326 2747 1382 illo
2769 1327 2955 1397 priora
2983 1325 3300 1398 conscripta
3325 1335 3486 1382 erant
3517 1329 3620 1383 tri-

2026 1418 2132 1474 bus
2155 1417 2498 1489 Evangeliis,
2525 1416 3030 1487 animadversoque
3055 1417 3228 1488 magis
3259 1417 3314 1471 in
3343 1433 3411 1472 eo
3437 1433 3624 1474 versa-

2027 1520 2116 1565 tos
2144 1524 2292 1574 esse,
2323 1517 2478 1563 utea
2506 1523 2628 1579 quae
2662 1515 2981 1578 spectarent
3005 1507 3073 1562 ad
3105 1507 3455 1563 Dominicum
3504 1525 3628 1565 cor-

2025 1615 2149 1671 pus,
2171 1605 2519 1662 enarrarent,
2544 1597 2969 1653 sublimioribus
2996 1597 3113 1668 ipse
3144 1597 3627 1670 divinioribusque

315 1702 436 1756 Καὶ
465 1703 652 1756 πᾶσαν
695 1701 794 1772 μὲν
823 1701 923 1770 τὴν
952 1698 1240 1770 ὁρωμένην
1289 1697 1468 1751 κτίσιν
1504 1696 1666 1766 ἀφείς
1688 1712 1702 1726 ⁸
1733 1699 1918 1750 πᾶσαν

2029 1691 2388 1747 sermonibus
2425 1690 2672 1746 animum
2718 1690 3000 1746 intendit:
3038 1689 3305 1760 omnique
3355 1707 3536 1746 rerum
3567 1692 3626 1747 in

315 1798 377 1854 δὲ
399 1797 503 1872 τὴν
537 1799 738 1869 νοητὴν
768 1797 862 1852 καὶ
895 1798 1270 1866 ὑπερκόσμιον
1303 1794 1525 1864 ὀξύτητι
1549 1793 1642 1848 νοῦ
1668 1794 1922 1865 καθαρω-

314 1886 488 1942 τάτου
512 1885 601 1942 διὰ
630 1885 725 1940 τοῦ
757 1885 1075 1956 Πνεύματος
1108 1883 1459 1954 ὑπεῳναῦάς
1486 1899 1502 1914 ·
1553 1885 1650 1938 καὶ
1710 1883 1781 1938 τὰ
1826 1887 1926 1937 Χε-

318 1973 561 2047 ρουϐεὶμ
580 1974 775 2039 λιπὼν,
811 1977 908 2028 καὶ
935 1973 1006 2028 τὰ
1035 1976 1320 2045 Σεραφεὶμ
1347 1973 1658 2044 παρελθὼν,
1717 1975 1921 2046 ἀκραι-

316 2066 469 2139 φνῶς
500 2065 655 2136 αὐτῷ
688 2068 785 2120 καὶ
816 2068 1037 2137 ἀμέσως
1062 2063 1270 2134 ἐγγίζει
1293 2067 1371 2138 τῷ
1396 2066 1665 2138 ἀγαπητῷ
1697 2081 1712 2098 ⁸
1761 2069 1924 2121 κάκεῖ

313 2158 385 2231 δὴ
412 2159 643 2230 νοερᾶκ,
679 2160 772 2212 καὶ
798 2159 1127 2228 κρειττόνως
1175 2159 1208 2228 ἢ
1244 2159 1438 2229 πρώην
1488 2159 1552 2211 τὸ
1587 2158 1925 2228 νοερώτατον

314 2251 541 2321 στῆθος,
571 2249 651 2318 τῷ
681 2249 1107 2320 θεαρχικωτάτῳ
1137 2250 1526 2321 προσερείσας,
1559 2250 1655 2303 καὶ
1678 2247 1773 2314 οὖς
1826 2253 1922 2305 ef;—

314 2344 546 2397 σύνετον
576 2343 654 2414 τῷ
690 2342 789 2413 τῆς
821 2343 1025 2412 Σοφίας
1065 2342 1240 2410 αὐτῆς
1279 2345 1512 2409 στόματι
1564 2343 1921 2413 παραϐαλὼν,

311 2432 406 2491 οἷά
428 2454 554 2490 τινα
578 2435 764 2505 πηγὴν
799 2436 984 2501 ζῶσαν
1045 2435 1255 2490 ἐκεῖθεν
1316 2435 1530 2508 ὑψηλῆς
1573 2435 1925 2509 ἀνεστόμωσε

313 2530 413 2582 καὶ
436 2526 712 2601 θεωτικῆς
737 2526 1044 2597 θεολογίας.

387 2783 497 2854 *Ης
522 2792 586 2846 ἐν
617 2791 955 2862 προοιμίοις,
982 2792 1227 2864 θεολογεί
1255 2795 1351 2864 μὲν
1375 2795 1468 2849 τοῦ
1496 2794 1676 2864 Λόγου
1705 2795 1809 2867 τὴν
1863 2795 1926 2849 ὲν

309 2881 457 2954 ἀρχῇ
482 2883 627 2954 πρὸς
650 2882 745 2938 τὸν
782 2883 1002 2952 Πατέρα
1048 2885 1144 2939 καὶ
1193 2887 1542 2957 προὰναρχον
1599 2886 1927 2957 ὑπερούσιον

310 2971 679 3044 συνύπαρξιν.
706 2972 966 3042 Θεολογεῖ
986 2974 1042 3027 δὲ
1067 2973 1234 3028 αὑτοῦ
1261 2975 1359 3028 καὶ
1405 2975 1504 3046 τὴν
1535 2975 1834 3046 σάρκωσιν,
1865 2975 1926 3028 ἑν

2028 1793 2312 1854 aspectum
2345 1783 2664 1838 cadentium
2695 1790 2895 1838 natura
2917 1781 3141 1845 omissa,
3177 1797 3480 1853 earumque
3505 1799 3629 1854 quae

2025 1883 2211 1931 mente
2258 1874 2690 1942 intelliguuntur
2719 1887 2784 1928 ac
2823 1872 3287 1943 supermundana:
3333 1881 3485 1939 sunt,
3520 1889 3628 1944 pu-

2028 1967 2266 2023 rissimas
2289 1965 2498 2022 mentis
2521 1963 2777 2021 acumine
2809 1980 2910 2034 per
2936 1964 3195 2036 spiritum
3216 1972 3473 2034 superata
3498 1963 3629 2020 sub-

2025 2060 2275 2126 stantia;
2319 2057 2643 2128 relictisque
2664 2055 2951 2112 Cherubin
2995 2065 3053 2112 et
3079 2056 3350 2129 Seraphin
3398 2067 3631 2127 praeter-

2024 2167 2270 2224 gressus,
2301 2150 2408 2220 ipsi
2441 2149 2662 2207 sincere
2695 2164 2761 2204 ac
2803 2148 3125 2205 immediate
3154 2150 3476 2220 praedilecto
3499 2150 3629 2221 jun-

2024 2244 2176 2316 gitur
2208 2261 2223 2298 :
2252 2242 2476 2313 illieque
2500 2240 3088 2310 mentisintelligentia
3130 2239 3631 2312 praestantioreque

2025 2351 2092 2392 ac
2123 2335 2342 2407 pridem
2384 2335 2626 2401 ratione,
2662 2332 3034 2404 intelligentia
3065 2331 3498 2396 solertissimum.
3520 2347 3624 2403 pe-

2024 2426 2507 2484 ctusdivinissimo
2528 2425 2741 2498 pectori
2765 2423 3010 2490 illidens,
3024 2439 3196 2496 osque
3217 2423 3630 2495 sagacissimum

2027 2520 2203 2588 ipsius
2245 2519 2330 2574 ori
2386 2514 2684 2588 Sapientiae
2739 2515 3064 2581 admovens,
3126 2514 3280 2570 velut
3333 2512 3630 2584 quemdam

2026 2611 2188 2666 illinc
2217 2609 2408 2665 vivum
2439 2607 2700 2664 sublimis
2737 2622 2803 2663 ac
2843 2605 3056 2663 deitieaa
3095 2604 3386 2675 theologia:
3419 2604 3629 2660 fontem

2025 2702 2271 2758 rcseravi
2283 2710 2322 2757 t.

2097 2797 2233 2866 Ejus
2273 2793 2526 2859 exordio,
2585 2790 2755 2849 Verbi
2790 2791 2847 2846 in
2897 2788 3176 2862 principio
3219 2787 3365 2857 apud
3409 2787 3632 2842 Patrem

2024 2894 2518 2957 praemternamque
2551 2882 3141 2954 supersubstantiaiem
3184 2879 3632 2936 eoexsistentiam

2025 2994 2129 3051 pro
2177 2977 2444 3047 Theologi
2502 2975 2760 3048 partibus
2799 2973 3020 3029 tradit:
3055 2970 3227 3026 tradit
3275 2985 3411 3032 vero
3463 2970 3633 3026 etiam

309 3062 520 3132 ὀλίγοις
548 3062 649 3115 καὶ
676 3061 1031 3133 θεοφθόγγοις
1060 3064 1306 3133 ῥήμασιν
1333 3064 1516 3118 πᾶσαν
1540 3063 1762 3134 ὑψηλῶς
1823 3064 1920 3117 καὶ

2028 3073 2146 3144 ejus
2191 3069 2674 3134 incarnationem,
2732 3065 2924 3138 paucis
2981 3063 3301 3134 divinisque
3358 3062 3628 3129 vocibus,

315 3153 690 3225 μεγαλοφυῶς
725 3151 919 3224 ὥσπερ
946 3154 1007 3219 ἐξ
1033 3154 1269 3225 οὐρανοῦ
1303 3154 1574 3218 σαλπίσας
1625 3155 1726 3225 τὴν
1785 3155 1918 3226 περὶ

309 3245 486 3299 αὑτοῦ
515 3245 835 3316 θεηγορίαν.
869 3242 1026 3311 Εἶτα,
1061 3247 1548 3319 ὑπομιμνήσκεται
1586 3246 1688 3318 μὲν
1732 3247 1795 3302 ιν
1838 3247 1921 3319 τῷ

309 3338 627 3410 Πνεῦματι,
648 3338 762 3392 τῶν
796 3356 858 3391 τε
888 3338 1066 3406 λόγων
1094 3338 1335 3410 Χριστοῦ
1365 3340 1464 3392 καὶ
1490 3339 1600 3393 τῶν
1633 3340 1814 3411 ἔργων
1849 3341 1921 3395 τὰ

319 3431 639 3501 ὑψηλότατα
655 3449 713 3486 τε
737 3433 834 3486 καὶ
859 3430 1298 3504 παραδοξότατα,
1329 3432 1429 3486 ὅσα
1451 3433 1581 3496 τοὺς
1610 3433 1720 3504 πρὸ
1749 3433 1920 3488 αὐτοῦ

329 3523 668 3593 παραλιπεῐν
723 3523 1144 3594 εὐαγγελιστάς.
1206 3526 1318 3580 Καὶ
1371 3528 1554 3581 πάντα
1599 3525 1920 3594 θεσπεσίαις

338 3611 660 3685 ὴρολογὶαις
679 3615 1042 3686 ἀνατετακὼς,
1064 3617 1160 3671 καὶ
1187 3616 1368 3672 πάντα
1387 3617 1524 3672 Θεοῦ
1553 3619 1760 3686 φωναῖς
1790 3636 1918 3674 συν-

333 3704 646 3774 τετελεκὼς,
681 3709 775 3762 καὶ
795 3709 868 3764 ἐν
891 3709 1254 3777 δικαιοσύνῃ
1284 3710 1449 3782 (κατὰ
1487 3711 1742 3778 Ἡσαΐαν)
1764 3727 1921 3765 συν·-
1968 3768 1971 3769 ν

325 3797 648 3866 τετμηκὼς,
683 3801 765 3866 είς
800 3803 871 3857 τὰ
932 3803 1150 3872 πέρατα
1178 3803 1339 3857 τοῦτο
1391 3805 1455 3874 δὴ
1486 3804 1549 3857 τὸ
1581 3804 1703 3857 κατ’
1755 3804 1920 3859 αὑτὸν

314 3891 656 3961 Εὐαγγὲλιον
685 3893 984 3967 ἐϐρόντησε
1015 3895 1119 3966 τῆς
1135 3896 1240 3966 γῆς
1271 3911 1286 3928 ·
1333 3896 1518 3967 πάσης
1577 3898 1676 3968 ἥδη
1730 3897 1918 3966 φανεί-

314 3999 418 4054 σης
473 3983 507 4052 ἦ
574 3987 963 4056 φανησομένης
1033 3989 1309 4059 αἱρέσεως
1371 3987 1777 4059 ὲξαναλωτικὴν
1827 3989 1921 4042 καὶ

312 4077 668 4146 πρηστήρων
722 4077 1012 4148 ἀστραπήν
1040 4095 1057 4111 ·
1107 4080 1292 4151 πάσης
1329 4077 1386 4135 δὲ
1434 4082 1770 4151 θεογνωσῐας
1825 4082 1923 4136 καὶ

311 4166 601 4234 θεολογίας
627 4168 754 4235 ὅρον
782 4167 1064 4239 ἀληθείας,
1097 4173 1195 4226 καὶ
1232 4173 1714 4246 ἀπαρεγχείρητον
1774 4173 1919 4243 γνώο

314 4275 456 4326 μονα
476 4259 801 4330 διαθέμενος
831 4276 847 4293 ·
873 4262 968 4317 καὶ
1000 4262 1160 4317 τοῦτο
1195 4268 1264 4335 τῇ
1319 4265 1551 4319 καθόλου
1621 4265 1922 4339 Ἐκκλησία

311 4349 565 4420 Χριστοῦ
618 4351 815 4424 καινὴν
869 4353 1141 4428 διαθήκην
1197 4357 1266 4411 ὲκ
1318 4358 1589 4428 στόματος
1615 4360 1922 4428 γραφεῖσαν

2025 3177 2248 3219 omnem
2275 3175 2402 3231 quae
2429 3159 2499 3216 de
2526 3159 2619 3214 illo
2648 3169 2756 3218 est.
2794 3156 3021 3213 sublimi
3063 3170 3130 3212 ac
3171 3155 3466 3225 magniﬁco
3494 3168 3637 3224 prae-

2024 3252 2188 3309 conio
2214 3251 2370 3307 velut
2401 3250 2551 3305 tuba
2573 3249 2833 3319 clangore
2856 3255 3156 3303 exsecutus
3207 3244 3450 3300 divinam
3488 3260 3635 3316 pra:-

2026 3342 2386 3398 dicationem.
2425 3341 2681 3410 Tumque
2712 3346 3127 3394 commentatur
3159 3337 3215 3392 in
3255 3336 3467 3407 Spiritu
3496 3351 3635 3392 eon-

2027 3435 2359 3505 scribitque.-
2381 3432 2592 3490 Christi
2636 3441 2753 3488 tum
2805 3431 3190 3486 doctrinarum
3239 3437 3356 3483 tum
3399 3442 3633 3497 operum

2026 3526 2444 3598 praecelsissima
2469 3539 2795 3593 summeque
2833 3520 3161 3578 admiranda
3211 3529 3270 3576 et
3312 3535 3477 3585 nova,
3505 3519 3635 3574 aliis

2025 3618 2146 3674 fere
2195 3615 2554 3687 evangelistis
2610 3614 2836 3668 omissa.
2886 3613 3138 3682 Cumque
3188 3610 3395 3667 divinis
3432 3617 3634 3666 cuncta

2026 3709 2383 3766 sermonibus
2424 3705 2874 3776 conscripsisset,
2912 3705 3122 3774 Deique
3174 3702 3409 3759 vocibus
3445 3703 3635 3758 omnia

2026 3801 2382 3861 absolvisset.
2438 3809 2605 3870 atque
2646 3798 2702 3853 in
2756 3797 2974 3868 justitia
3021 3796 3104 3862 (ut
3145 3795 3314 3850 Isaias
3363 3794 3635 3866 loquitur)

2024 3892 2472 3959 .abbreriasset",
2505 3893 2614 3948 hoc
2652 3907 2684 3947 a
2727 3905 2787 3946 se
2831 3889 3210 3959 conscriptum
3268 3887 3633 3958 Evangelium

2029 3989 2087 4044 in
2119 3988 2273 4043 orbis
2295 3986 2435 4042 fines
2467 3983 2724 4042 detonuit
2751 4001 2765 4038 :
2787 3981 2974 4053 fulgur
2996 3981 3262 4036 nimirum
3287 3979 3638 4051 ignitumque

2029 4079 2302 4153 ejusmodi
2339 4078 2650 4141 turbinem,
2699 4083 2760 4131 ut
2797 4073 3184 4130 consumendo
3230 4071 3303 4126 sit
3358 4071 3638 4127 acincen-

2031 4173 2238 4239 dendo,
2265 4168 2539 4242 quidquid
2565 4168 2787 4223 demum
2807 4167 3092 4220 haereseon
3122 4161 3339 4218 exstitit
3368 4175 3632 4230 unquam,

2029 4273 2197 4319 autvc
2255 4261 2514 4328 exsistet;
2548 4259 2846 4328 omnisque
2884 4255 3015 4310 ﬁdei
3054 4268 3118 4310 ac
3148 4251 3460 4323 theologia,
3485 4249 3634 4306 veri-

2033 4355 2164 4410 tatis
2189 4353 2492 4409 terminum
2525 4363 2897 4419 normamque
2938 4344 3317 4402 inviolabilem
3346 4351 3630 4408 statuens;

311 4442 604 4511 παραδοὺς
635 4442 731 4498 τοῦ
761 4446 1002 4518 Χριστοῦ
1039 4464 1058 4481 ο
1081 4449 1325 4521 τοσούτῳ
1354 4450 1454 4521 τῆς
1473 4451 1531 4503 ὲν
1557 4449 1723 4518 πλαξὶ
1747 4451 1918 4504 πάλαι

2028 4455 2193 4517 atque
2223 4445 2333 4501 hoc
2355 4445 2633 4499 universae
2661 4438 2867 4496 Christi
2905 4435 3175 4492 Ecclesiae
3205 4449 3414 4490 novum
3450 4431 3635 4488 fmdus

312 4532 397 4603 τῷ
429 4536 627 4590 Mue-si
655 4540 1050 4611 γεγραμμένης
1071 4540 1528 4611 σεδασμιωτέραν
1562 4559 1622 4595 τε
1654 4543 1752 4596 καὶ
1799 4541 1922 4596 θεο-

315 4631 736 4703 πρεπεστέραν,
792 4634 906 4704 ὅσῳ
928 4635 1032 4705 τὴν
1083 4635 1324 4689 παλαιὰν
1373 4635 1474 4704 μὲν
1521 4637 1555 4708 ἡ
1612 4634 1798 4706 καινὴ,
1831 4636 1926 4692 τὸν

315 4720 490 4790 νόμον
518 4720 578 4776 δὲ
611 4723 708 4777 τοῦ
740 4725 1074 4795 γράμματος
1117 4728 1148 4780 ό
1178 4727 1276 4781 τοῦ
1311 4727 1628 4796 πνεύματος
1685 4727 1779 4781 καὶ
1820 4727 1924 4798 τῆς

315 4811 588 4882 ἀληθείας
621 4817 1041 4888 παρευδοκιμεῖ.
1077 4821 1186 4875 Καὶ
1219 4819 1288 4875 τὰ
1331 4821 1430 4890 μὲν
1448 4819 1546 4874 ἐπὶ
1569 4818 1848 4876 τοσοῦτον.

394 4987 556 5040 Ἐπεὶ
585 4988 642 5041 δὲ
662 4989 763 5061 τὴν
792 4990 888 5043 τοῦ
912 4990 1230 5063 Πνεῦματος
1261 4993 1543 5047 διακονίαν
1579 4994 1676 5047 καὶ
1711 4994 1930 5064 ἱερουρ-

316 5079 452 5148 γίαν
487 5081 582 5134 τοῦ
609 5083 969 5150 Εὑαγγελίου,
1002 5085 1064 5138 τὺ
1089 5085 1252 5157 ἔργον
1283 5086 1383 5156 τῆς
1426 5086 1639 5158 ὑψηλῆς
1691 5087 1929 5141 ἀποστο-

317 5173 444 5242 λῆς,
483 5175 560 5236 ὡς
599 5175 793 5240 πιστὸς
823 5174 903 5243 τῷ
943 5176 1058 5229 δντι
1089 5181 1182 5230 καὶ
1206 5179 1468 5249 φρόνιμος
1493 5179 1779 5249 οἰκονόμος
1836 5195 1930 5231 τε·

317 5263 655 5329 τελειωκὼς,
684 5266 878 5327 καὶείς
908 5269 1030 5320 πῖον
1056 5268 1157 5340 ἤδη
1193 5269 1369 5338 γῆρας
1393 5268 1692 5339 ἐληλακὼς,
1739 5269 1925 5325 ἐπόθει

321 5356 423 5427 τὴν
454 5358 748 5423 ἀνάλυσιν,
811 5363 1062 5429 κρεῖττον
1091 5361 1148 5414 δὲ
1182 5363 1371 5429 φάναι,
1399 5362 1495 5415 τοῦ
1532 5362 1784 5431 σώματος
1836 5361 1936 5431 τὴν

323 5448 417 5500 ἐπὶ
447 5448 508 5502 τὸ
539 5450 822 5522 ἄφθαρτον
851 5456 1327 5523 μετασχημάτισιν
1356 5471 1372 5486 ο
1410 5457 1498 5510 ἀεὶ
1531 5456 1641 5525 γὰρ
1670 5457 1767 5510 καὶ
1807 5455 1935 5509 νοῦν

323 5542 420 5596 καὶ
432 5541 679 5597 διάνοιαν
698 5547 756 5597 ἐν
773 5546 834 5597 οὐ
844 5547 1025 5614 ρανοῖς
1045 5564 1258 5616 συνηνω
1265 5548 1426 5615 μένος
1439 5549 1684 5621 Χριστῷ,
1702 5549 1763 5604 τὸ
1775 5548 1939 5619 σῶμα

327 5635 494 5708 μόνον
517 5637 612 5690 καὶ
642 5635 704 5690 τὸ
735 5635 1017 5709 ὁρώμενον
1046 5633 1115 5708 ἦν
1146 5640 1242 5692 ἐπὶ
1271 5640 1397 5711 γῆς.

387 5832 439 5874 ιι
479 5835 816 5902 [32.13.23
894 5835 938 5867 ι·
970 5833 1211 5904 Philipp.
1259 5834 1415 5899 1,35.

2023 4553 2093 4593 ex
2141 4537 2347 4594 Christi
2384 4543 2678 4605 exceptum
2726 4547 2848 4596 ore,
2894 4529 3124 4585 tradens
3175 4546 3191 4584 :
3228 4535 3382 4582 tanto
3422 4524 3635 4581 scilicet

2023 4634 2237 4702 scripto
2265 4631 2398 4686 olim
2423 4629 2558 4684 Mosi
2601 4627 2656 4681 in
2686 4624 2892 4680 tabulis
2916 4623 3183 4694 majorem
3225 4619 3440 4675 habens
3460 4632 3632 4672 vene-

2024 4726 2322 4786 rationem,
2345 4720 2726 4789 diviniusque,
2744 4722 2957 4787 quanto
2979 4727 3188 4770 novum
3207 4711 3411 4776 veteri,
3432 4709 3633 4778 lexque

2024 4817 2260 4888 spiritus
2285 4822 2343 4869 et
2391 4811 2666 4876 veritatis,
2720 4807 2827 4880 legi
2870 4806 3072 4863 littera:
3119 4801 3411 4877 praecellit.
3451 4800 3636 4870 Atque

2025 4909 2144 4966 haec
2167 4909 2459 4963 hactenus.

2096 5002 2238 5070 Quia
2281 5015 2418 5055 vero
2441 4996 2683 5068 Spiritus
2717 4991 3037 5050 ministerio
3080 4985 3478 5059 Evangeliique
3510 4984 3638 5038 fun-

2023 5093 2212 5150 ctione
2245 5087 2492 5161 (sublimi
2515 5086 2728 5142 scilicet
2755 5081 3045 5154 apostolici
3071 5077 3246 5133 munii
3281 5074 3476 5147 opere)
3498 5089 3635 5130 con-

2022 5193 2320 5248 summato,
2364 5191 2629 5251 tanquam
2669 5192 2866 5233 revera
2901 5173 3080 5230 ﬁdelis
3124 5185 3189 5226 ac
3236 5170 3485 5241 prudens
3517 5166 3636 5223 dis-

2022 5286 2306 5349 pensator,
2342 5291 2405 5329 ac
2436 5273 2534 5345 qui
2591 5273 2646 5328 in
2682 5271 2944 5342 pinguem
2962 5268 3074 5339 jam
3112 5270 3458 5325 senectutem
3489 5275 3631 5318 eva-

2032 5377 2202 5431 serat,
2233 5364 2462 5420 dissolvi
2513 5361 2772 5433 cupiebat
2790 5359 2858 5421 ³⁸.
2884 5358 3023 5423 sive,
3055 5364 3116 5410 ut
3173 5353 3375 5409 melius
3406 5352 3628 5421 loquar,

2034 5457 2288 5528 corporis
2324 5454 2746 5525 corruptionem
2775 5447 3198 5519 incorruptione
3220 5452 3438 5500 mutare
3466 5443 3634 5511 (sern-

2033 5563 2136 5618 per
2165 5548 2315 5603 enim
2347 5546 2536 5602 animo
2577 5544 2899 5614 mentisque
2944 5537 3280 5612 cogitatione
3329 5534 3551 5591 Christo
3580 5532 3635 5587 in

2033 5638 2193 5695 caelis
2223 5639 2576 5709 conjunctus,
2608 5637 2729 5694 solo
2765 5647 2998 5706 corpore
3042 5640 3309 5703 parteque
3332 5627 3422 5685 sui
3457 5624 3639 5683 oculis

2037 5726 2360 5796 consliicua,
2396 5725 2452 5782 in
2481 5734 2629 5783 terra
2654 5720 3030 5791 versabatur).
3323 5728 3327 5731 ‘
