4086 6282
276 377 372 443 129
1022 376 1310 440 ORATIO
1342 376 1472 438 ΠΙ.
1499 400 1570 413 σ’-
1594 374 1679 436 ΙΝ
1719 375 2035 437 LAUDEM
2073 376 2134 436 S.
2172 372 2460 449 THOMIE
2496 376 2888 441 APOSTOLI.
2928 418 2932 421 λ
3466 368 3570 434 130

267 498 500 569 ςὼτερος
522 492 581 548 δὲ
619 493 844 549 πάντων
868 491 1073 563 μᾶλλον
1108 494 1138 546 δ
1188 491 1332 563 ὑπὲρ
1376 489 1488 545 τῶν
1540 490 1857 544 ἀποστόλων

1975 500 2146 548 intem
2174 491 2338 561 longe
2368 491 2634 549 omnibus
2672 490 3026 557 laudabilior,
3054 489 3151 563 qui
3183 490 3565 563 apostolorum

266 591 377 651 τοῖς
412 587 588 653 ἀξίοις
619 585 975 655 ἑγγινόμενος
998 601 1013 615 ·
1072 583 1171 639 καὶ
1202 582 1447 653 τοσούτῳ
1512 581 1699 647 πλέον,
1753 581 1867 652 ὅτῳ

1975 584 2168 653 gratia,
2194 598 2388 637 eorum
2416 582 2513 654 qui
2543 592 2675 639 sunt
2700 583 2854 657 digni
2886 576 3105 642 animos
3143 582 3407 651 incessit;
3436 594 3562 639 tan-

269 681 360 735 καὶ
398 678 556 734 αὐτοὶ
588 678 812 732 πάντων
851 675 963 730 τῶν
989 676 1185 744 ἁγίων,
1234 676 1523 745 ἁγιότητος
1591 673 1865 744 ὑπερϐολῇ

1975 681 2135 743 tuque
2157 674 2417 745 amplius,
2444 683 2655 745 quanto
2683 684 2742 732 et
2774 674 2855 731 illi
2882 674 3214 731 excellentia
3229 675 3563 743 sanctitatis,

265 770 741 844 ἀκραιφνέστερον
768 767 848 839 τῷ
877 768 1167 839 ὑπεραγίῳ
1204 766 1674 838 προσῳκείωνται.
1706 765 1862 817 Ἐπι-

1975 764 2319 820 sanctitatem
2338 780 2562 821 omnem
2573 766 2841 832 vincenti,
2857 766 3065 823 sanctis
3084 766 3349 824 omnibus
3368 766 3566 839 purius

266 862 600 933 ποθὴσωμεν
631 862 816 914 τοίνυν
839 858 967 923 τοὺς
1005 857 1115 911 τῶν
1144 857 1317 925 ἁγίων
1335 856 1730 927 ἀξιοποθήτους
1759 871 1855 924 χο-

1975 856 2266 927 veriusque
2298 857 2708 914 necessitudine
2740 858 3023 929 conjuncti
3051 867 3200 915 sunt.
3224 856 3429 915 Amore
3457 856 3565 930 igi-

270 956 420 1026 ροὺς,
463 954 558 1007 καὶ
599 947 808 1005 τούτων
857 949 1119 1021 μάλιστα,
1172 951 1266 1002 τὸν
1332 944 1861 1019 ὑπεραναϐεϐηκότα

1975 954 2060 1001 tur
2096 957 2154 1003 et
2187 948 2489 1017 desiderio,
2530 951 2729 1022 dignos
2754 966 2889 1007 vere
2910 950 3007 1021 qui
3041 959 3299 1006 amentur
3328 964 3394 1005 ac
3418 948 3568 1006 desio

267 1046 395 1109 τοὺς
432 1045 585 1107 ὅλους
609 1045 678 1114 τῇ
714 1041 1001 1111 θεοειδείᾳ,
1046 1041 1137 1096 καὶ
1161 1039 1404 1110 συνεχῶς
1436 1040 1517 1112 τῷ
1550 1037 1864 1107 ὑπερουσίῳ

1975 1038 2129 1094 derio
2159 1040 2492 1110 habeantur,
2523 1053 2840 1099 sanctorum
2868 1042 3069 1098 choros
3108 1056 3511 1114 prosequamur
3542 1042 3562 1097 ἑ

271 1136 716 1208 συνῳκειωμὲνον
747 1152 762 1167 ο
807 1134 908 1206 τὴν
938 1135 1224 1206 ὑπερφερῆ
1266 1136 1410 1202 λέγω
1473 1130 1865 1203 ἀξιεραστοτά-

266 1248 371 1302 την
398 1229 510 1283 τῶν
536 1228 760 1299 ὑψηλῶν
783 1227 1103 1282 ἀποστόλων
1128 1226 1432 1279 δωδεκάδα.

1969 1132 2219 1187 omnium
2273 1143 2461 1190 autem
2518 1134 2775 1202 maxime,
2826 1135 2923 1206 qui
2962 1133 3151 1190 divina
3198 1132 3566 1191 similitudine

1971 1222 2167 1279 omnes
2232 1226 2522 1295 prrecellit,
2579 1228 2957 1297 continuoque
2997 1225 3287 1283 excedenti
3341 1238 3564 1280 omnem

266 1322 638 1377 substantiam
698 1318 945 1374 cubaret
1004 1332 1070 1374 ac
1128 1315 1543 1373 necessitudine
1575 1310 2067 1383 coniunctissimus
2128 1324 2255 1385 est;
2295 1318 2561 1374 eximium
2602 1318 2731 1375 dico
2775 1318 3055 1391 digneque
3104 1315 3565 1373 amabilissimum

264 1416 599 1473 sublimium
626 1413 1033 1470 duodenarium
1059 1411 1441 1483 apostolorum
1467 1419 1697 1468 emtum.

337 1513 563 1582 Ταύτην
579 1509 1031 1582 ὲπιποθήσωμεν,
1069 1507 1279 1580 ταύτην
1311 1507 1652 1579 ζηλώσωμεν
1685 1523 1704 1540 ο
1759 1504 1861 1560 καὶ

263 1605 353 1660 διὰ
384 1605 678 1674 μιμήσεως
716 1602 817 1671 τῆς
859 1603 991 1671 ἡμῖν
1040 1600 1294 1670 ὲφικτῆς,
1343 1599 1549 1669 ταύτης
1603 1596 1863 1668 γενέσθαι

2041 1505 2206 1563 llunc
2243 1506 2653 1575 desideremus,
2701 1507 2855 1563 hunc
2883 1505 3242 1572 aemulemur;
3281 1518 3348 1560 ac
3377 1502 3565 1559 imita-

1970 1600 2124 1656 tione
2156 1602 2383 1670 (quanta
2410 1616 2511 1672 per
2533 1600 2853 1657 facultatem
2882 1598 3035 1670 licet)
3072 1598 3221 1655 illius
3252 1596 3390 1654 socii
3419 1595 3563 1653 edici

266 1696 673 1765 σπουδάσωμεν
724 1694 998 1748 κοινωνοί.
1059 1691 1219 1747 Οὕτω
1288 1692 1400 1764 γὰρ
1431 1692 1499 1747 δι’
1525 1689 1729 1755 αὐτῶν,
1777 1687 1857 1759 τῷ

1975 1695 2310 1750 Studeamus.
2336 1693 2430 1749 Sic
2448 1694 2597 1750 enim
2628 1710 2729 1766 per
2756 1694 2901 1760 illos,
2926 1706 3188 1764 supremo
3228 1690 3565 1747 desiderabi-

265 1790 563 1861 ἀκροτάτῳ
593 1786 702 1839 τῶν
740 1784 974 1855 ἐφετῶν,
1020 1785 1101 1858 τῷ
1136 1784 1607 1856 ὶγκατῳκισμὲνῳ
1645 1781 1859 1845 τούτοις

265 1882 569 1953 ἐγγιοῦμεν
610 1878 835 1951 Χριστῷ
876 1894 894 1911 '
935 1877 1200 1949 μακάριοί
1248 1893 1311 1930 τε
1347 1874 1428 1949 τῷ
1472 1874 1588 1929 δντι
1630 1873 1772 1928 κατά
1799 1871 1862 1925 τὸ

268 1974 418 2046 ἱερὸν
464 1969 711 2042 ἐσόμεθα
749 1970 957 2040 λόγιον,
1002 1965 1341 2039 πληροῦντες
1398 1966 1500 2036 τὴν
1558 1963 1861 2035 ἐπιθυμίαν

266 2066 431 2139 ἡμῶν
456 2064 518 2131 ἐξ
552 2061 758 2127 αὐτῶν,
781 2062 880 2115 καὶ
909 2060 986 2133 μὴ
1016 2059 1425 2132 αἰσχυνόμενοι,
1458 2056 1598 2128 ἡνίκ’
1633 2054 1702 2110 ἂν
1724 2054 1864 2127 πρὸς

265 2160 393 2220 ταῖς
420 2157 517 2210 τοῦ
548 2156 667 2225 βίου
699 2154 900 2217 πύλαις
928 2154 1248 2223 γενόμενοι,
1283 2153 1397 2214 τοῖς
1444 2150 1655 2205 ἑαυτῶν
1704 2152 1863 2207 ἀντι-

265 2250 522 2319 σολῶμεν
545 2247 659 2318 (21)
698 2246 943 2319 ἐχθροῖς,
983 2245 1145 2300 Ἀλλά
1178 2244 1254 2318 μὴ
1299 2244 1551 2316 ἄκαρπόν
1584 2259 1708 2297 τινα
1765 2240 1862 2297 καὶ

262 2342 434 2414 ψιλὴν
464 2339 655 2410 ἔφεσιν
675 2340 813 2410 πρὸς
838 2338 1039 2402 αὐτοὺς
1062 2333 1505 2405 ὲπαγγελὼμεθα
1528 2351 1544 2367 ·
1569 2335 1768 2406 ὲνεργῆ
1806 2332 1866 2387 δὲ

265 2436 361 2488 καὶ
388 2434 720 2503 ἔμπρακτον
756 2429 1141 2500 είσφέρωμενο
1191 2428 1289 2481 καὶ
1342 2426 1447 2498 βίῳ
1502 2426 1601 2498 μὲν
1649 2426 1864 2497 τελείῳ,

265 2524 366 2595 τὴν
394 2519 774 2593 τρανεστόραν
830 2520 1127 2590 ὁμοίωσιν,
1175 2518 1251 2582 ὡς
1299 2516 1549 2583 δυνατὸν,
1606 2518 1869 2589 ἀφοσιού-

277 2629 460 2685 μενοιο
524 2611 677 2683 λόγῳ
727 2610 827 2675 δὲ,
874 2608 977 2679 τὴν
1020 2608 1374 2680 καθήκουσαν
1419 2607 1631 2663 αἶνεσιν
1679 2610 1865 2673 αὐτοῖς

278 2704 693 2776 ἀςιιεροὺμενοι,
723 2703 794 2758 δι’
825 2704 1031 2775 ἀμφοῖν
1080 2701 1174 2759 τὸν
1222 2703 1281 2757 ιν
1308 2702 1494 2765 αὐτοῖς
1548 2701 1868 2773 ἀγιάζωμεν

278 2795 700 2865 ἑνδοξαζόμενον
736 2792 894 2848 Θεόν.
1172 2782 1177 2787 ’

344 2887 506 2940 Ἐστι
538 2886 645 2957 μὲν
673 2878 769 2939 οὖν
795 2885 985 2954 ὥσπερ
1013 2877 1093 2946 εἷς
1117 2884 1322 2955 ὁμοίως
1361 2884 1473 2940 τῶν
1504 2882 1714 2937 δώδεκα
1757 2883 1870 2937 Πα-

1960 1783 2119 1852 lium,
2156 1787 2213 1841 in
2248 1787 2331 1843 eis
2359 1785 2633 1842 habitanti
2681 1785 2928 1852 Christo,
2973 1798 3147 1856 prope
3190 1784 3562 1850 accedemus;

1960 1886 2028 1927 ac
2077 1871 2227 1928 beati
2270 1873 2455 1943 reipsa
2511 1873 2617 1945 (uti
2677 1887 2898 1929 sacrum
2943 1870 3206 1942 perhibet
3251 1870 3563 1941 eloquium)

1963 1965 2201 2031 erimus,
2252 1966 2348 2037 qui
2402 1966 2732 2037 impleamus
2786 1963 3130 2021 desiderium
3187 1971 3439 2019 nostrum
3495 1976 3565 2016 ex

1962 2053 2119 2126 ipsis,
2151 2072 2256 2112 nec
2284 2056 2461 2113 simus
2500 2056 2902 2125 confundendi,
2934 2068 3061 2112 cum
3110 2054 3168 2109 in
3211 2055 3340 2110 vitae
3386 2054 3567 2124 portis

1962 2151 2296 2217 constituti,
2347 2151 2591 2208 inimicis
2640 2152 2849 2208 nostris
2888 2166 3251 2207 occurremus
3279 2150 3348 2204 “.
3403 2147 3562 2204 Haud

1961 2243 2251 2298 enimvero
2291 2243 2700 2300 infructuosum
2748 2243 3028 2315 quoddam
3059 2258 3125 2299 ac
3168 2242 3405 2313 simplex
3432 2255 3565 2311 erga

1964 2334 2090 2390 illos
2116 2334 2456 2391 desiderium
2484 2350 2843 2407 amoremque
2880 2334 3263 2407 proliteamur,
3285 2333 3383 2389 sed
3413 2331 3564 2402 quod

1964 2424 2156 2482 cliicax
2184 2442 2493 2499 verumque
2519 2428 2776 2490 exsistat.
2823 2427 2881 2482 in
2909 2440 3025 2480 rem
3057 2422 3409 2481 conferamus
3450 2440 3464 2477 :
3495 2435 3565 2478 ac

1964 2518 2094 2576 vitae
2113 2520 2339 2591 quidem
2364 2518 2730 2592 perfectione,
2768 2518 3141 2590 limpidiorem
3174 2514 3380 2588 (quoad
3412 2515 3563 2585 licet)

1968 2610 2390 2667 similitudinem
2414 2610 2774 2675 exhibentes;
2811 2609 3065 2665 doctrina
3088 2622 3225 2663 vero
3249 2614 3416 2676 atque
3449 2619 3569 2660 ser-

1967 2716 2135 2757 mone
2167 2702 2388 2758 laudem
2423 2702 2508 2758 eis
2552 2715 2860 2773 congruam
2895 2701 3293 2771 depangentes,
3328 2706 3566 2769 utroque

1967 2793 2065 2864 qui
2088 2794 2145 2863 in
2178 2793 2289 2849 illis
2314 2793 2715 2859 sanetilicatur,
2749 2793 2925 2848 Deum
2955 2790 3390 2847 sanctidcemus.

2039 2899 2135 2956 Est
2159 2898 2326 2970 igitur
2342 2898 2833 2970 ,quemadmodum
2856 2913 2999 2953 unus
3034 2898 3246 2969 pariter
3270 2894 3568 2953 duodecim

264 2982 372 3055 τηρ
399 2985 429 3037 6
462 2981 625 3048 Θεὸς,
657 2979 981 3042 διδάσκαλός
1011 2995 1073 3032 τε
1112 2980 1208 3032 καὶ
1236 2977 1441 3050 Κύριος
1487 2978 1584 3033 καὶ
1621 2977 1870 3047 καθηγη-

1975 2991 2131 3048 Pater
2160 2992 2327 3057 Deus,
2356 2992 2723 3061 magisterque
2750 2997 2809 3045 et
2857 2988 3118 3044 dominus
3145 3002 3312 3059 atque
3357 3000 3570 3058 praece-

395 3078 423 3129 6
455 3072 727 3145 Χριστός·
760 3071 863 3140 μία
895 3088 955 3125 τε
984 3072 1165 3136 πίστις
1192 3072 1286 3125 καὶ
1315 3072 1475 3143 χάρις
1509 3071 1604 3124 καί⁵
1640 3069 1866 3140 δύναμις

1975 3094 2120 3157 ptor,
2137 3052 2394 3141 Christus
2426 3052 2569 3151 {una
2586 3052 2807 3153 quoque
2840 3081 2978 3137 fides
3003 3090 3061 3137 et
3082 3052 3254 3153 gratia
3278 3052 3573 3150 virtusque

266 3168 364 3220 τοῦ
398 3164 753 3235 Πνεῦματος·
800 3163 836 3233 ἦ
880 3180 941 3216 τε
985 3162 1230 3217 διακονία
1268 3163 1369 3233 τῆς
1397 3162 1739 3234 ἀποστολῆς,
1774 3162 1871 3216 καὶ

268 3257 483 3327 ἀμοιϐὴ
512 3256 570 3309 δὲ
590 3256 702 3309 τῶν
729 3255 910 3325 γερῶν
934 3255 968 3325 ἡ
997 3255 1156 3327 αὐτὴ,
1178 3253 1322 3309 οὓτω
1348 3258 1445 3316 καὶ
1476 3255 1698 3318 ιπαινος
1725 3257 1754 3309 ὁ
1781 3254 1872 3308 αὖ·

270 3351 369 3412 τὸς
396 3348 511 3401 τῶν
545 3346 809 3417 μαθητῶν
833 3346 1092 3401 ἀπάντων
1115 3346 1283 3400 ἐστίν.
1302 3345 1443 3401 Ἀλλ’
1471 3346 1546 3410 ὡς
1571 3348 1693 3400 κατ’
1713 3346 1873 3402 ἄλλον

275 3440 492 3509 τρόπον
520 3438 619 3509 τὴν
662 3438 769 3491 ἀπὸ
801 3436 898 3492 τοῦ
945 3436 1199 3510 σώματος
1252 3437 1355 3508 μὲν
1402 3437 1690 3508 ἐκδημίαν,
1736 3438 1876 3513 πρὸς

289 3527 513 3598 Κύριον
555 3526 613 3580 δὲ
648 3527 1032 3598 πεποιημένων
1076 3528 1359 3599 ἐνδημίαν,
1392 3528 1707 3597 ἀναγκαίως
1739 3526 1875 3583 ἑκά-

305 3635 422 3688 στῳ
454 3618 547 3672 καὶ
578 3620 612 3690 ἠ
637 3619 827 3684 αίνεσις
860 3619 1181 3690 ἰδιοτρόπως
1207 3620 1541 3674 ἀποδίδοται.

378 3711 476 3773 Τίς
500 3706 589 3764 οὖν
620 3712 705 3766 τὸν
732 3713 882 3784 ἱερὸν
917 3711 1175 3780 σύλλογον
1199 3712 1389 3766 τοῦτον
1416 3712 1451 3782 ἢ
1484 3712 1671 3767 θίασον
1706 3711 1878 3780 σήμερ-

286 3821 391 3876 ρον
419 3804 677 3858 συνιστῶν
697 3844 713 3871 ,
743 3804 841 3858 καὶ
878 3800 1187 3875 προθυμίας
1212 3803 1578 3875 ἀναπιμπλῶν
1594 3841 1612 3868 ,
1637 3801 1731 3855 καὶ
1756 3802 1880 3871 ἡδο-

278 3897 384 3967 νῆς
440 3896 781 3967 θαυμασίας,
830 3898 928 3955 καὶ
987 3896 1344 3968 φαιδρότητπ
1400 3896 1501 3961 τὰς
1549 3894 1880 3965 Ἐκκλησίας

275 3990 639 4061 ἀναπληρῶν,
671 3989 770 4043 καὶ
818 3988 957 4060 πρὸς
999 3989 1308 4057 δοξολογίαν
1348 3988 1499 4042 θείαν
1540 3988 1879 4057 συναγείρων

278 4082 375 4135 καὶ
400 4081 758 4153 συγκροτῶν;
779 4080 853 4134 Ἢ
872 4081 1008 4134 πᾶσι
1038 4081 1357 4152 καταφανὴς
1380 4084 1413 4151 ἡ
1446 4081 1597 4135 αἰτία
1628 4080 1729 4149 τῆς
1756 4082 1880 4153 ἑορ-

276 4173 416 4243 τῆςς
449 4172 657 4244 Θωμᾶς
682 4175 794 4244 γὰρ
835 4174 865 4228 6
895 4172 1070 4243 μέγας
1102 4172 1195 4227 τοῦ
1228 4173 1563 4242 Εὐαγγελίου
1594 4171 1876 4243 λαμπτὴρ,

231 4263 236 4266 ’
271 4266 337 4318 οὐ
366 4265 514 4337 πρὸς
538 4264 796 4338 αἴσθησιν
827 4264 1165 4337 σωματικὴν,
1192 4265 1329 4320 ἀλλὰ
1357 4266 1550 4337 νοεράν
1578 4266 1880 4337 ὲξανίσχων

1974 3176 2214 3247 Spiritus
2244 3219 2261 3244 ,
2294 3174 2691 3246 apostolicique
2724 3175 2972 3229 muneris
2995 3172 3228 3237 functio,
3265 3188 3330 3229 ac
3376 3172 3570 3227 eadem

1972 3265 2326 3335 praemiorum
2345 3263 2656 3327 retributio,
2678 3261 2759 3317 sic
2776 3269 2832 3317 et
2856 3261 3049 3317 eadem
3073 3260 3195 3316 laus
3220 3259 3468 3315 omnium
3487 3258 3571 3313 di-

1974 3357 2313 3428 scipulorum
2341 3353 2556 3411 exsistit
2586 3371 2601 3408 :
2634 3353 2783 3423 quod
2811 3360 2991 3407 tamen
3012 3351 3120 3407 alia
3147 3350 3366 3421 aliaque
3404 3350 3574 3405 ratio-

1976 3464 2047 3504 ne
2074 3447 2394 3519 emigrarint
2425 3461 2457 3501 e
2474 3460 2709 3515 corpore
2732 3451 2790 3499 et
2810 3443 2879 3499 ad
2917 3443 3209 3499 Dominum
3235 3442 3574 3514 commigra-

1976 3541 2120 3603 rint,
2144 3538 2457 3593 necessario
2478 3551 2700 3607 quoque
2720 3535 2944 3607 propria
2972 3536 3175 3605 cuique
3197 3535 3322 3590 laus
3359 3532 3575 3591 ratione

1978 3631 2342 3704 dependitur.

2087 3736 2351 3803 Quisnam
2380 3735 2550 3807 igitur
2578 3742 2663 3789 est
2683 3732 2778 3804 qui
2803 3746 3022 3788 sacrum
3054 3731 3204 3785 hunc
3232 3740 3574 3785 conventum

1979 3839 2079 3882 seu
2111 3826 2343 3882 chorum
2372 3825 2638 3881 hodierna
2672 3823 2762 3879 die
2781 3821 3100 3878 constituit.
3126 3820 3428 3892 impletque
3452 3821 3574 3875 ala-

1981 3920 2179 3975 critate
2208 3960 2223 3985 ,
2262 3933 2328 3974 ac
2363 3918 2502 3973 mira
2524 3917 2807 3987 voluptate
2829 3912 3262 3985 acjucunditate
3296 3911 3574 3968 Ecclesias

1985 4011 2193 4080 ubique
2221 4009 2389 4065 allicit
2418 4047 2434 4075 ,
2456 4017 2620 4078 atque
2647 4007 2715 4062 ad
2746 4006 2840 4062 Dei
2880 4007 3073 4061 laudes
3100 4004 3578 4063 concclebrandas

1982 4111 2278 4175 congregat
2301 4110 2586 4171 coetusque
2620 4100 2766 4171 cogit
2790 4100 2815 4153 i
2839 4098 2983 4153 Num
3032 4098 3250 4154 cunctis
3285 4096 3578 4154 manifesta

1982 4198 2109 4255 festi
2127 4198 2267 4253 ratio
2286 4213 2349 4252 ac
2364 4212 2529 4252 causa
2550 4195 2795 4266 ?thnpe
2820 4194 3060 4249 Thomas
3080 4208 3275 4263 magna
3291 4193 3382 4249 illa
3398 4192 3579 4248 Evan-

1985 4290 2112 4362 gelii
2130 4290 2241 4355 fax,
2260 4305 2371 4344 non
2390 4288 2693 4358 corporalis
2715 4302 2912 4342 sensus
2942 4286 3179 4348 ratione,
3199 4285 3296 4341 sed
3344 4285 3579 4355 spirita-

271 4363 437 4431 ἡμῖν,
472 4362 583 4423 και
596 4361 922 4431 φανωτάτας
950 4361 1047 4432 τῆς
1076 4361 1242 4417 αὑτοῦ
1275 4363 1496 4434 μνήμης
1523 4362 1623 4425 τὰς
1660 4379 1874 4434 μαρμασ

1986 4384 2055 4439 lis
2083 4381 2391 4452 mentisque
2410 4380 2623 4451 fulgure
2653 4379 2818 4435 nobis
2848 4378 3103 4434 exoriens
3132 4418 3148 4444 ,
3169 4376 3578 4435 lucidissimos-

275 4454 458 4524 ρυγὰς
489 4454 677 4520 ἐνιεὶς,
708 4453 848 4524 πρὸς
876 4454 979 4525 τὴν
1015 4456 1225 4510 οίκιίαν
1253 4454 1515 4524 συγκαλεί
1541 4454 1724 4519 δόξαν.
1758 4454 1881 4507 Θω-

274 4548 391 4618 μᾶς
427 4550 455 4600 6
484 4546 669 4616 τίμιος
717 4546 887 4612 λίθος,
917 4547 1014 4601 καὶ
1045 4547 1243 4611 σεπτδς
1275 4547 1371 4601 καὶ
1413 4546 1700 4610 ὲκλεκτός’
1744 4548 1773 4599 6
1804 4544 1885 4617 τῷ

274 4636 542 4707 στεφάνῳ
572 4637 672 4705 τῆς
697 4637 857 4709 δόξης
888 4638 967 4709 τῷ
992 4640 1059 4709 τῇ
1087 4639 1401 4710 ἐπουρανίῳ
1436 4638 1698 4693 πλακέντι
1720 4636 1883 4704 Σιὼν,

273 4730 422 4798 πρὸς
464 4732 580 4791 τοῖς
632 4729 826 4783 ἕνδεκα
870 4732 1281 4803 συνηρτημένος
1313 4746 1329 4762 ο
1384 4733 1414 4786 6
1466 4732 1817 4803 μαργαρίτης
1856 4732 1886 4785 ό

273 4820 623 4890 ὁλολαμπής.
645 4820 702 4873 ὐ
723 4820 952 4893 γνώμης
978 4822 1265 4892 ἁπλότητι,
1287 4823 1379 4877 καὶ
1404 4824 1521 4886 νοὸς
1549 4822 1884 4893 καθαρότητι

272 4913 375 4966 καὶ
401 4915 667 4985 φανότητι
694 4914 818 4968 ὅλον
849 4917 913 4967 τὸ
941 4915 1149 4968 ἀπλοῦν
1177 4917 1293 4985 cpi};
1326 4919 1420 4969 καὶ
1450 4916 1743 4986 θεαρχικὸν
1771 4918 1887 4969 εἰσ-

271 5003 609 5074 δεδεγμένος
630 5046 646 5071 ,
684 5008 779 5059 καὶ
809 5007 1253 5077 μεγαλοπρεπεῖς
1283 5006 1377 5077 ἀφ’
1405 5007 1601 5061 ἑαυτοῦ
1630 5011 1740 5072 τοῖς
1768 5007 1889 5072 ἐξο-

272 5098 560 5167 φωμένοις
588 5098 771 5153 ἔθνεσι
797 5100 901 5163 τὰς
931 5098 1363 5164 ἀντανακλάσεις
1401 5100 1750 5171 ἀποπέμπων
1770 5077 1887 5155 τῶν

273 5192 608 5262 φωτισμῶν.
643 5190 875 5262 Θωμᾶς,
904 5191 934 5245 ό
976 5191 1073 5247 καὶ
1114 5189 1379 5262 Δίδυμοςο
1411 5190 1577 5246 τοῦτο
1624 5191 1735 5264 γὰρ
1789 5189 1885 5246 τοῦ

348 5351 397 5385 ⁵⁸
445 5352 597 5409 Psal.
638 5366 826 5415 cxxvr,
859 5348 916 5405 5.

368 5467 461 5541 2i)
498 5465 968 5541 Ἀχῃϐολῶμεγ.
1010 5463 1194 5541 Malim
1236 5464 1645 5541 ἀντιϐαλῶμεν,
1678 5466 1883 5541 vixque

281 5534 529 5595 dubitem
555 5534 835 5607 Nicetam'
863 5535 1028 5607 aliter
1054 5534 1367 5607 scripsisse,
1398 5534 1698 5607 Aqui’totus
1747 5534 1889 5591 allu-

278 5608 371 5663 dat
394 5612 464 5665 ad
490 5611 682 5665 locum
707 5605 910 5677 psalmi
930 5621 1091 5677 cxxvr
1121 5604 1193 5662 de
1236 5604 1453 5677 judicio
1470 5676 1478 5677 ί
1500 5607 1557 5661 in
1584 5616 1742 5677 porta
1778 5607 1889 5661 lle-

274 5677 551 5736 brteorum
588 5675 774 5739 more,
793 5675 943 5745 quod
978 5684 1173 5731 auctor
1199 5675 1602 5747 adjudicium
1631 5677 1801 5731 trahit
1834 5678 1887 5730 in

268 5752 424 5806 exitu
449 5753 581 5807 vita:
611 5757 789 5814 atque
819 5759 1077 5810 excessu,
1119 5760 1245 5800 cum
1280 5746 1479 5800 beatus
1515 5760 1733 5811 revera,
1789 5747 1887 5815 qui

268 5835 382 5879 non
411 5819 827 5882 confundetur,
859 5830 985 5869 cum
1017 5816 1275 5882 loquetur
1310 5816 1551 5873 inimicis
1575 5833 1590 5881 ;
1616 5831 1743 5875 cum
1770 5818 1851 5873 sci

1982 4487 2089 4543 que
2117 4486 2230 4527 suae
2258 4470 2540 4527 memoriae
2562 4469 2796 4525 micatus
2822 4468 3052 4525 vibrans
3082 4508 3099 4535 ,
3129 4468 3198 4524 ad
3230 4469 3408 4540 ipsius
3433 4484 3576 4525 con-

1980 4571 2143 4619 vocat
2175 4562 2562 4618 celebrandam
2589 4560 2843 4632 gloriam.
2866 4560 3107 4616 Thomas
3142 4560 3405 4615 nimirum
3448 4576 3577 4631 pre-

1983 4654 2163 4709 tiosus
2190 4652 2331 4723 lapis
2360 4668 2425 4707 ac
2447 4652 2781 4707 venerabilis
2808 4651 3129 4723 electusque
3155 4692 3171 4718 ,
3210 4666 3429 4708 coronae
3458 4654 3580 4723 glo-

1984 4745 2081 4800 rise
2107 4744 2317 4801 cmlesti
2339 4745 2512 4815 plene
2536 4743 2689 4801 Sioni
2723 4786 2739 4813 ,
2763 4743 3025 4800 undecim
3058 4744 3354 4816 adjunctus
3383 4744 3581 4812 imple-

1986 4850 2201 4905 xusque
2225 4843 2482 4891 catervae.
2505 4835 2795 4905 Margarita
2810 4834 2959 4890 omni
2988 4844 3146 4905 parte
3170 4834 3390 4890 lucidus
3420 4873 3436 4899 ,
3458 4835 3582 4887 ani-

1989 4927 2063 4981 mi
2091 4924 2440 4996 simplictiatc
2471 4925 2785 4995 mentisque
2824 4926 3065 4997 puritate
3093 4940 3157 4981 ac
3181 4924 3581 4996 perspicuitate

1989 5023 2106 5070 toto
2146 5014 2266 5084 ipso
2286 5013 2521 5084 simplici
2552 5014 2853 5084 divinoque
2904 5013 3117 5070 lumine
3145 5012 3272 5068 sinu
3294 5023 3576 5083 suscepto,

1988 5103 2420 5174 magnilicosque
2448 5118 2481 5159 a
2518 5118 2579 5159 se
2600 5105 2721 5174 ipso
2753 5103 3022 5159 obcaecati
3044 5103 3279 5174 caligine
3319 5102 3580 5175 gentibus

1989 5192 2421 5249 illustratiouum
2447 5193 2691 5266 fulgores
2724 5192 2971 5252 refractu
3008 5193 3270 5251 emittens
3312 5193 3577 5264 Thomas,

1984 5465 2120 5522 licet
2143 5462 2526 5535 respondebit,
2560 5462 2827 5535 sciverba
2854 5461 3031 5535 dabit,
3064 5462 3134 5519 iis
3184 5461 3578 5535 accusantibus

1988 5551 2055 5591 ac
2096 5533 2467 5601 daemonibus,
2492 5550 2603 5604 pro
2636 5534 2733 5605 his,
2755 5549 2881 5605 quae
2924 5534 3146 5605 illorum
3177 5533 3424 5589 maxime
3451 5546 3582 5601 sug-

1984 5605 2234 5685 gestione
2255 5602 2543 5685 peccavit;
2589 5604 2741 5685 quod
2774 5602 3228 5685 'est‘dystﬁatksiv
3255 5620 3269 5634 -
3297 5618 3407 5685 non
3450 5615 3577 5685 cum

1986 5672 2099 5730 illis
2157 5672 2437 5740 occurret,
2485 5672 2635 5745 quod
2691 5672 3025 5738 ἀντιϐαλείν,
3058 5680 3115 5745 et
3160 5673 3427 5745 remotius
3468 5680 3577 5736 est,

1986 5761 2084 5803 seu
2118 5742 2619 5813 communius,’nec
2647 5757 2974 5816 expressum
3008 5758 3041 5798 a
3066 5742 3292 5799 Davide.
