  <div class='ocr_page' id='page_1' title='image "/cluster/home/n/w/nwhite01/storage/ocr_20150623/105/mdp.39015008714183/073.png"; bbox 0 0 4086 6282; ppageno 0'>
   <div class='ocr_carea' id='block_1_1' title="bbox 527 393 628 459">
    <p class='ocr_par' dir='ltr' id='par_1_1' title="bbox 527 393 628 459">
     <span class='ocr_line' id='line_1_1' title="bbox 527 393 628 459; baseline -0.02 0"><span class='ocrx_word' id='word_1_1' title='bbox 527 393 628 459; x_wconf 79' lang='lat'><strong>131</strong></span> 
     </span>
    </p>
   </div>
   <div class='ocr_carea' id='block_1_2' title="bbox 1744 384 2601 448">
    <p class='ocr_par' dir='ltr' id='par_1_2' title="bbox 1744 384 2601 448">
     <span class='ocr_line' id='line_1_2' title="bbox 1744 384 2601 448; baseline -0.004 0"><span class='ocrx_word' id='word_1_2' title='bbox 1744 386 2040 448; x_wconf 61' lang='lat' dir='ltr'><strong>NICETE</strong></span> <span class='ocrx_word' id='word_1_3' title='bbox 2071 384 2601 448; x_wconf 81' lang='lat' dir='ltr'><strong>PAPHLAGONIS</strong></span> 
     </span>
    </p>
   </div>
   <div class='ocr_carea' id='block_1_3' title="bbox 3702 377 3806 443">
    <p class='ocr_par' dir='ltr' id='par_1_3' title="bbox 3702 377 3806 443">
     <span class='ocr_line' id='line_1_3' title="bbox 3702 377 3806 443; baseline -0.019 0"><span class='ocrx_word' id='word_1_4' title='bbox 3702 377 3806 443; x_wconf 72' lang='lat'><strong>132</strong></span> 
     </span>
    </p>
   </div>
   <div class='ocr_carea' id='block_1_4' title="bbox 522 495 2147 584">
    <p class='ocr_par' dir='ltr' id='par_1_4' title="bbox 522 502 2147 584">
     <span class='ocr_line' id='line_1_4' title="bbox 522 502 2147 584; baseline -0.008 -15"><span class='ocrx_word' id='word_1_5' title='bbox 522 514 619 584; x_wconf 91' lang='lat' dir='ltr'><strong>qui</strong></span> <span class='ocrx_word' id='word_1_6' title='bbox 643 520 701 567; x_wconf 88' lang='lat' dir='ltr'><strong>et</strong></span> <span class='ocrx_word' id='word_1_7' title='bbox 725 507 1011 581; x_wconf 80' lang='lat' dir='ltr'><strong>Didymus.</strong></span> <span class='ocrx_word' id='word_1_8' title='bbox 1037 505 1163 561; x_wconf 76' lang='lat' dir='ltr'><strong>lltec</strong></span> <span class='ocrx_word' id='word_1_9' title='bbox 1174 502 1322 560; x_wconf 87' lang='lat' dir='ltr'><strong>enim</strong></span> <span class='ocrx_word' id='word_1_10' title='bbox 1361 502 1603 559; x_wconf 78' lang='lat' dir='ltr'><strong>nominis</strong></span> <span class='ocrx_word' id='word_1_11' title='bbox 1623 503 2006 574; x_wconf 71' lang='lat' dir='ltr'><strong>interpretatio</strong></span> <span class='ocrx_word' id='word_1_12' title='bbox 2029 510 2104 557; x_wconf 87' lang='lat' dir='ltr'><strong>at-</strong></span> <span class='ocrx_word' id='word_1_13' title='bbox 2131 513 2147 564; x_wconf 69' lang='grc' dir='ltr'><em>Α</em></span> 
     </span>
    </p>
   </div>
   <div class='ocr_carea' id='block_1_5' title="bbox 2246 495 3806 584">
    <p class='ocr_par' dir='ltr' id='par_1_5' title="bbox 2246 495 3806 572">
     <span class='ocr_line' id='line_1_5' title="bbox 2246 495 3806 572; baseline -0.004 -17"><span class='ocrx_word' id='word_1_14' title='bbox 2246 503 2470 572; x_wconf 71' lang='grc' dir='ltr'><strong>νόματος</strong></span> <span class='ocrx_word' id='word_1_15' title='bbox 2500 503 2533 571; x_wconf 78' lang='grc' dir='ltr'><strong>η</strong></span> <span class='ocrx_word' id='word_1_16' title='bbox 2562 500 2824 572; x_wconf 77' lang='grc' dir='ltr'><strong>δήλωσις·</strong></span> <span class='ocrx_word' id='word_1_17' title='bbox 2878 498 3112 572; x_wconf 78' lang='grc' dir='ltr'><strong>Δίδυμος</strong></span> <span class='ocrx_word' id='word_1_18' title='bbox 3137 497 3195 552; x_wconf 68' lang='grc' dir='ltr'><strong>δὲ</strong></span> <span class='ocrx_word' id='word_1_19' title='bbox 3224 495 3553 568; x_wconf 77' lang='grc' dir='ltr'><strong>κεκλῆσθαι,</strong></span> <span class='ocrx_word' id='word_1_20' title='bbox 3593 495 3674 567; x_wconf 81' lang='grc' dir='ltr'><strong>τῷ</strong></span> <span class='ocrx_word' id='word_1_21' title='bbox 3727 495 3806 566; x_wconf 77' lang='grc' dir='ltr'><strong>μὴ</strong></span> 
     </span>
    </p>
   </div>
   <div class='ocr_carea' id='block_1_6' title="bbox 523 593 2106 673">
    <p class='ocr_par' dir='ltr' id='par_1_6' title="bbox 523 593 2106 673">
     <span class='ocr_line' id='line_1_6' title="bbox 523 593 2106 673; baseline -0.005 -16"><span class='ocrx_word' id='word_1_22' title='bbox 523 618 632 673; x_wconf 91' lang='lat' dir='ltr'><strong>que</strong></span> <span class='ocrx_word' id='word_1_23' title='bbox 684 603 857 656; x_wconf 88' lang='lat' dir='ltr'><strong>notio.</strong></span> <span class='ocrx_word' id='word_1_24' title='bbox 888 600 1061 658; x_wconf 89' lang='lat' dir='ltr'><strong>Porro</strong></span> <span class='ocrx_word' id='word_1_25' title='bbox 1115 598 1382 670; x_wconf 82' lang='lat' dir='ltr'><strong>Didymus</strong></span> <span class='ocrx_word' id='word_1_26' title='bbox 1441 595 1750 666; x_wconf 84' lang='lat' dir='ltr'><strong>appellatus</strong></span> <span class='ocrx_word' id='word_1_27' title='bbox 1801 603 1886 649; x_wconf 88' lang='lat' dir='ltr'><strong>est</strong></span> <span class='ocrx_word' id='word_1_28' title='bbox 1923 593 2106 664; x_wconf 85' lang='lat' dir='ltr'><strong>,quod</strong></span> 
     </span>
    </p>
   </div>
   <div class='ocr_carea' id='block_1_7' title="bbox 2209 587 3807 664">
    <p class='ocr_par' dir='ltr' id='par_1_7' title="bbox 2209 587 3807 664">
     <span class='ocr_line' id='line_1_7' title="bbox 2209 587 3807 664; baseline -0.003 -19"><span class='ocrx_word' id='word_1_29' title='bbox 2209 593 2394 664; x_wconf 86' lang='grc' dir='ltr'><strong>μόνον,</strong></span> <span class='ocrx_word' id='word_1_30' title='bbox 2430 591 2552 664; x_wconf 76' lang='grc' dir='ltr'><strong>μεθ’</strong></span> <span class='ocrx_word' id='word_1_31' title='bbox 2586 593 2778 664; x_wconf 77' lang='grc' dir='ltr'><strong>ἑτέρου</strong></span> <span class='ocrx_word' id='word_1_32' title='bbox 2825 589 2885 645; x_wconf 68' lang='grc' dir='ltr'><strong>δὲ</strong></span> <span class='ocrx_word' id='word_1_33' title='bbox 2931 591 3124 646; x_wconf 80' lang='grc' dir='ltr'><strong>τοῦτον</strong></span> <span class='ocrx_word' id='word_1_34' title='bbox 3169 592 3237 644; x_wconf 73' lang='grc' dir='ltr'><strong>ὲκ</strong></span> <span class='ocrx_word' id='word_1_35' title='bbox 3271 590 3402 660; x_wconf 79' lang='grc' dir='ltr'><strong>μιᾶς</strong></span> <span class='ocrx_word' id='word_1_36' title='bbox 3431 587 3807 660; x_wconf 76' lang='grc' dir='ltr'><strong>ἀποτεχθῆναι</strong></span> 
     </span>
    </p>
   </div>
   <div class='ocr_carea' id='block_1_8' title="bbox 524 684 2467 756">
    <p class='ocr_par' dir='ltr' id='par_1_8' title="bbox 524 684 2467 756">
     <span class='ocr_line' id='line_1_8' title="bbox 524 684 2467 756; baseline -0.003 -10"><span class='ocrx_word' id='word_1_37' title='bbox 524 706 636 746; x_wconf 92' lang='lat' dir='ltr'><strong>non</strong></span> <span class='ocrx_word' id='word_1_38' title='bbox 663 692 815 746; x_wconf 88' lang='lat' dir='ltr'><strong>solus</strong></span> <span class='ocrx_word' id='word_1_39' title='bbox 839 731 856 755; x_wconf 91' lang='lat'><strong>,</strong></span> <span class='ocrx_word' id='word_1_40' title='bbox 873 688 972 744; x_wconf 86' lang='lat' dir='ltr'><strong>sed</strong></span> <span class='ocrx_word' id='word_1_41' title='bbox 987 703 1115 745; x_wconf 86' lang='lat' dir='ltr'><strong>cum</strong></span> <span class='ocrx_word' id='word_1_42' title='bbox 1149 688 1324 745; x_wconf 85' lang='lat' dir='ltr'><strong>altero</strong></span> <span class='ocrx_word' id='word_1_43' title='bbox 1349 685 1542 756; x_wconf 82' lang='lat' dir='ltr'><strong>illique</strong></span> <span class='ocrx_word' id='word_1_44' title='bbox 1567 684 1836 756; x_wconf 86' lang='lat' dir='ltr'><strong>gemellus</strong></span> <span class='ocrx_word' id='word_1_45' title='bbox 1852 700 1962 738; x_wconf 89' lang='lat' dir='ltr'><strong>uno</strong></span> <span class='ocrx_word' id='word_1_46' title='bbox 1977 698 2108 754; x_wconf 89' lang='lat' dir='ltr'><strong>par-</strong></span> <span class='ocrx_word' id='word_1_47' title='bbox 2205 685 2467 756; x_wconf 80' lang='grc' dir='ltr'><strong>γαστρός.</strong></span> 
     </span>
    </p>
   </div>
   <div class='ocr_carea' id='block_1_9' title="bbox 527 779 1012 835">
    <p class='ocr_par' dir='ltr' id='par_1_9' title="bbox 527 779 1012 835">
     <span class='ocr_line' id='line_1_9' title="bbox 527 779 1012 835; baseline -0.002 -2"><span class='ocrx_word' id='word_1_48' title='bbox 527 790 587 835; x_wconf 82' lang='grc' dir='ltr'><strong>ιιι</strong></span> <span class='ocrx_word' id='word_1_49' title='bbox 613 780 799 834; x_wconf 89' lang='lat' dir='ltr'><strong>editus</strong></span> <span class='ocrx_word' id='word_1_50' title='bbox 827 788 914 834; x_wconf 89' lang='lat' dir='ltr'><strong>est</strong></span> <span class='ocrx_word' id='word_1_51' title='bbox 943 779 1012 832; x_wconf 79' lang='grc'><strong>⁸⁸.</strong></span> 
     </span>
    </p>
   </div>
   <div class='ocr_carea' id='block_1_10' title="bbox 597 863 2110 938">
    <p class='ocr_par' dir='ltr' id='par_1_10' title="bbox 597 863 2110 938">
     <span class='ocr_line' id='line_1_10' title="bbox 597 863 2110 938; baseline -0.005 -12"><span class='ocrx_word' id='word_1_52' title='bbox 597 871 697 926; x_wconf 81' lang='lat' dir='ltr'><strong>llic</strong></span> <span class='ocrx_word' id='word_1_53' title='bbox 718 886 852 926; x_wconf 84' lang='lat' dir='ltr'><strong>vero</strong></span> <span class='ocrx_word' id='word_1_54' title='bbox 875 869 933 926; x_wconf 92' lang='lat' dir='ltr'><strong>in</strong></span> <span class='ocrx_word' id='word_1_55' title='bbox 959 878 1225 925; x_wconf 71' lang='lat' dir='ltr'><strong>terrestre</strong></span> <span class='ocrx_word' id='word_1_56' title='bbox 1247 867 1450 925; x_wconf 73' lang='lat' dir='ltr'><strong>omium</strong></span> <span class='ocrx_word' id='word_1_57' title='bbox 1476 863 1668 938; x_wconf 64' lang='lat' dir='ltr'><strong>(edem</strong></span> <span class='ocrx_word' id='word_1_58' title='bbox 1697 865 1912 921; x_wconf 86' lang='lat' dir='ltr'><strong>scilicet</strong></span> <span class='ocrx_word' id='word_1_59' title='bbox 1933 864 2110 936; x_wconf 87' lang='lat' dir='ltr'><strong>suam)</strong></span> 
     </span>
    </p>
   </div>
   <div class='ocr_carea' id='block_1_11' title="bbox 527 959 2113 1028">
    <p class='ocr_par' dir='ltr' id='par_1_11' title="bbox 527 959 2113 1028">
     <span class='ocr_line' id='line_1_11' title="bbox 527 959 2113 1028; baseline -0.006 -6"><span class='ocrx_word' id='word_1_60' title='bbox 527 966 773 1022; x_wconf 89' lang='lat' dir='ltr'><strong>ﬁdelium</strong></span> <span class='ocrx_word' id='word_1_61' title='bbox 802 972 1011 1018; x_wconf 83' lang='lat' dir='ltr'><strong>turmas</strong></span> <span class='ocrx_word' id='word_1_62' title='bbox 1046 963 1104 1017; x_wconf 90' lang='lat' dir='ltr'><strong>in</strong></span> <span class='ocrx_word' id='word_1_63' title='bbox 1137 963 1464 1017; x_wconf 85' lang='lat' dir='ltr'><strong>concionem</strong></span> <span class='ocrx_word' id='word_1_64' title='bbox 1492 974 1696 1015; x_wconf 79' lang='lat' dir='ltr'><strong>vocans</strong></span> <span class='ocrx_word' id='word_1_65' title='bbox 1729 998 1745 1024; x_wconf 91' lang='lat'><strong>,</strong></span> <span class='ocrx_word' id='word_1_66' title='bbox 1771 974 1980 1028; x_wconf 88' lang='lat' dir='ltr'><strong>suaque</strong></span> <span class='ocrx_word' id='word_1_67' title='bbox 2005 959 2113 1012; x_wconf 80' lang='lat' dir='ltr'><strong>mi-</strong></span> 
     </span>
    </p>
   </div>
   <div class='ocr_carea' id='block_1_12' title="bbox 533 1051 2115 1126">
    <p class='ocr_par' dir='ltr' id='par_1_12' title="bbox 533 1051 2115 1126">
     <span class='ocr_line' id='line_1_12' title="bbox 533 1051 2115 1126; baseline -0.004 -17"><span class='ocrx_word' id='word_1_68' title='bbox 533 1057 720 1112; x_wconf 87' lang='lat' dir='ltr'><strong>racula</strong></span> <span class='ocrx_word' id='word_1_69' title='bbox 750 1070 814 1110; x_wconf 91' lang='lat' dir='ltr'><strong>ac</strong></span> <span class='ocrx_word' id='word_1_70' title='bbox 842 1055 1105 1126; x_wconf 53' lang='lat' dir='ltr'><strong>praeclara</strong></span> <span class='ocrx_word' id='word_1_71' title='bbox 1137 1061 1290 1125; x_wconf 82' lang='lat' dir='ltr'><strong>gesta</strong></span> <span class='ocrx_word' id='word_1_72' title='bbox 1313 1051 1548 1123; x_wconf 84' lang='lat' dir='ltr'><strong>spiritali</strong></span> <span class='ocrx_word' id='word_1_73' title='bbox 1579 1051 1834 1106; x_wconf 90' lang='lat' dir='ltr'><strong>convivio</strong></span> <span class='ocrx_word' id='word_1_74' title='bbox 1854 1051 2115 1120; x_wconf 78' lang='lat' dir='ltr'><strong>lautaque</strong></span> 
     </span>
    </p>
   </div>
   <div class='ocr_carea' id='block_1_13' title="bbox 527 1140 2117 1217">
    <p class='ocr_par' dir='ltr' id='par_1_13' title="bbox 527 1140 2117 1217">
     <span class='ocr_line' id='line_1_13' title="bbox 527 1140 2117 1217; baseline -0.005 -15"><span class='ocrx_word' id='word_1_75' title='bbox 527 1146 846 1217; x_wconf 86' lang='lat' dir='ltr'><strong>epulatione</strong></span> <span class='ocrx_word' id='word_1_76' title='bbox 884 1159 1169 1215; x_wconf 89' lang='lat' dir='ltr'><strong>apponens</strong></span> <span class='ocrx_word' id='word_1_77' title='bbox 1198 1184 1214 1206; x_wconf 88' lang='lat'><strong>,</strong></span> <span class='ocrx_word' id='word_1_78' title='bbox 1265 1159 1484 1197; x_wconf 85' lang='lat' dir='ltr'><strong>omnem</strong></span> <span class='ocrx_word' id='word_1_79' title='bbox 1543 1140 1832 1210; x_wconf 82' lang='lat' dir='ltr'><strong>magniﬁce</strong></span> <span class='ocrx_word' id='word_1_80' title='bbox 1877 1140 2117 1210; x_wconf 83' lang='lat' dir='ltr'><strong>dapibus</strong></span> 
     </span>
    </p>
   </div>
   <div class='ocr_carea' id='block_1_14' title="bbox 531 1234 2116 1303">
    <p class='ocr_par' dir='ltr' id='par_1_14' title="bbox 531 1234 2116 1303">
     <span class='ocr_line' id='line_1_14' title="bbox 531 1234 2116 1303; baseline -0.004 -11"><span class='ocrx_word' id='word_1_81' title='bbox 531 1238 706 1292; x_wconf 90' lang='lat' dir='ltr'><strong>reﬁcit</strong></span> <span class='ocrx_word' id='word_1_82' title='bbox 737 1252 804 1292; x_wconf 89' lang='lat' dir='ltr'><strong>ac</strong></span> <span class='ocrx_word' id='word_1_83' title='bbox 832 1245 1048 1292; x_wconf 84' lang='lat' dir='ltr'><strong>recreat</strong></span> <span class='ocrx_word' id='word_1_84' title='bbox 1095 1235 1341 1291; x_wconf 89' lang='lat' dir='ltr'><strong>animum</strong></span> <span class='ocrx_word' id='word_1_85' title='bbox 1376 1249 1524 1288; x_wconf 90' lang='lat' dir='ltr'><strong>:non</strong></span> <span class='ocrx_word' id='word_1_86' title='bbox 1585 1234 1680 1303; x_wconf 86' lang='lat' dir='ltr'><strong>qui</strong></span> <span class='ocrx_word' id='word_1_87' title='bbox 1709 1247 1941 1302; x_wconf 89' lang='lat' dir='ltr'><strong>corpore</strong></span> <span class='ocrx_word' id='word_1_88' title='bbox 1979 1247 2116 1287; x_wconf 81' lang='lat' dir='ltr'><strong>eon-</strong></span> 
     </span>
    </p>
   </div>
   <div class='ocr_carea' id='block_1_15' title="bbox 532 1324 2118 1401">
    <p class='ocr_par' dir='ltr' id='par_1_15' title="bbox 532 1324 2118 1401">
     <span class='ocr_line' id='line_1_15' title="bbox 532 1324 2118 1401; baseline -0.005 -15"><span class='ocrx_word' id='word_1_89' title='bbox 532 1332 818 1401; x_wconf 71' lang='lat' dir='ltr'><strong>epiciatur,</strong></span> <span class='ocrx_word' id='word_1_90' title='bbox 847 1329 944 1384; x_wconf 89' lang='lat' dir='ltr'><strong>sed</strong></span> <span class='ocrx_word' id='word_1_91' title='bbox 963 1328 1059 1398; x_wconf 88' lang='lat' dir='ltr'><strong>qui</strong></span> <span class='ocrx_word' id='word_1_92' title='bbox 1085 1328 1283 1398; x_wconf 84' lang='lat' dir='ltr'><strong>spiritu</strong></span> <span class='ocrx_word' id='word_1_93' title='bbox 1310 1326 1588 1391; x_wconf 85' lang='lat' dir='ltr'><strong>credatur;</strong></span> <span class='ocrx_word' id='word_1_94' title='bbox 1615 1340 1719 1380; x_wconf 90' lang='lat' dir='ltr'><strong>nec</strong></span> <span class='ocrx_word' id='word_1_95' title='bbox 1738 1325 1833 1393; x_wconf 89' lang='lat' dir='ltr'><strong>qui</strong></span> <span class='ocrx_word' id='word_1_96' title='bbox 1865 1339 1975 1380; x_wconf 91' lang='lat' dir='ltr'><strong>uno</strong></span> <span class='ocrx_word' id='word_1_97' title='bbox 1993 1324 2118 1379; x_wconf 82' lang='lat' dir='ltr'><strong>loco</strong></span> 
     </span>
    </p>
   </div>
   <div class='ocr_carea' id='block_1_16' title="bbox 534 1414 2122 1493">
    <p class='ocr_par' dir='ltr' id='par_1_16' title="bbox 534 1414 2122 1493">
     <span class='ocr_line' id='line_1_16' title="bbox 534 1414 2122 1493; baseline -0.005 -16"><span class='ocrx_word' id='word_1_98' title='bbox 534 1437 829 1493; x_wconf 88' lang='lat' dir='ltr'><strong>corporum</strong></span> <span class='ocrx_word' id='word_1_99' title='bbox 879 1436 1032 1476; x_wconf 89' lang='lat' dir='ltr'><strong>more</strong></span> <span class='ocrx_word' id='word_1_100' title='bbox 1084 1419 1595 1480; x_wconf 87' lang='lat' dir='ltr'><strong>circumscribatur,</strong></span> <span class='ocrx_word' id='word_1_101' title='bbox 1657 1417 1754 1472; x_wconf 91' lang='lat' dir='ltr'><strong>sed</strong></span> <span class='ocrx_word' id='word_1_102' title='bbox 1794 1415 1890 1485; x_wconf 92' lang='lat' dir='ltr'><strong>qui</strong></span> <span class='ocrx_word' id='word_1_103' title='bbox 1939 1414 2122 1470; x_wconf 84' lang='lat' dir='ltr'><strong>omni-</strong></span> 
     </span>
    </p>
   </div>
   <div class='ocr_carea' id='block_1_17' title="bbox 537 1509 2117 1582">
    <p class='ocr_par' dir='ltr' id='par_1_17' title="bbox 537 1509 2117 1582">
     <span class='ocr_line' id='line_1_17' title="bbox 537 1509 2117 1582; baseline -0.004 -12"><span class='ocrx_word' id='word_1_104' title='bbox 537 1515 640 1570; x_wconf 89' lang='lat' dir='ltr'><strong>bus</strong></span> <span class='ocrx_word' id='word_1_105' title='bbox 699 1523 813 1572; x_wconf 88' lang='lat' dir='ltr'><strong>toto</strong></span> <span class='ocrx_word' id='word_1_106' title='bbox 837 1513 971 1568; x_wconf 87' lang='lat' dir='ltr'><strong>orbe</strong></span> <span class='ocrx_word' id='word_1_107' title='bbox 1025 1510 1288 1567; x_wconf 89' lang='lat' dir='ltr'><strong>Ecclesiis</strong></span> <span class='ocrx_word' id='word_1_108' title='bbox 1327 1509 1553 1582; x_wconf 90' lang='lat' dir='ltr'><strong>(quippe</strong></span> <span class='ocrx_word' id='word_1_109' title='bbox 1585 1510 1808 1564; x_wconf 90' lang='lat' dir='ltr'><strong>divinus</strong></span> <span class='ocrx_word' id='word_1_110' title='bbox 1863 1509 2117 1578; x_wconf 87' lang='lat' dir='ltr'><strong>spiritus,</strong></span> 
     </span>
    </p>
   </div>
   <div class='ocr_carea' id='block_1_18' title="bbox 539 1600 2114 1676">
    <p class='ocr_par' dir='ltr' id='par_1_18' title="bbox 539 1600 2114 1676">
     <span class='ocr_line' id='line_1_18' title="bbox 539 1600 2114 1676; baseline -0.004 -15"><span class='ocrx_word' id='word_1_111' title='bbox 539 1616 796 1676; x_wconf 85' lang='lat' dir='ltr'><strong>tanquam</strong></span> <span class='ocrx_word' id='word_1_112' title='bbox 828 1621 897 1660; x_wconf 79' lang='lat' dir='ltr'><strong>ex</strong></span> <span class='ocrx_word' id='word_1_113' title='bbox 925 1605 1038 1659; x_wconf 89' lang='lat' dir='ltr'><strong>Deo</strong></span> <span class='ocrx_word' id='word_1_114' title='bbox 1063 1603 1272 1672; x_wconf 84' lang='lat' dir='ltr'><strong>Spiritu</strong></span> <span class='ocrx_word' id='word_1_115' title='bbox 1297 1610 1462 1656; x_wconf 89' lang='lat' dir='ltr'><strong>natus</strong></span> <span class='ocrx_word' id='word_1_116' title='bbox 1491 1605 1510 1670; x_wconf 88' lang='lat'>)</span> <span class='ocrx_word' id='word_1_117' title='bbox 1542 1601 1852 1671; x_wconf 86' lang='lat' dir='ltr'><strong>spiritalem</strong></span> <span class='ocrx_word' id='word_1_118' title='bbox 1877 1600 2114 1673; x_wconf 76' lang='lat' dir='ltr'><strong>gratiam</strong></span> 
     </span>
    </p>
   </div>
   <div class='ocr_carea' id='block_1_19' title="bbox 539 1687 2124 1762">
    <p class='ocr_par' dir='ltr' id='par_1_19' title="bbox 539 1687 2124 1762">
     <span class='ocr_line' id='line_1_19' title="bbox 539 1687 2124 1762; baseline -0.004 -14"><span class='ocrx_word' id='word_1_119' title='bbox 539 1693 700 1748; x_wconf 89' lang='lat' dir='ltr'><strong>solari</strong></span> <span class='ocrx_word' id='word_1_120' title='bbox 752 1689 1137 1762; x_wconf 89' lang='lat' dir='ltr'><strong>persplendeat</strong></span> <span class='ocrx_word' id='word_1_121' title='bbox 1191 1689 1418 1753; x_wconf 90' lang='lat' dir='ltr'><strong>micatu,</strong></span> <span class='ocrx_word' id='word_1_122' title='bbox 1450 1688 1714 1758; x_wconf 87' lang='lat' dir='ltr'><strong>omnique</strong></span> <span class='ocrx_word' id='word_1_123' title='bbox 1773 1687 2124 1760; x_wconf 87' lang='lat' dir='ltr'><strong>jucunditate</strong></span> 
     </span>
    </p>
   </div>
   <div class='ocr_carea' id='block_1_20' title="bbox 541 1781 2124 1854">
    <p class='ocr_par' dir='ltr' id='par_1_20' title="bbox 541 1781 2124 1854">
     <span class='ocr_line' id='line_1_20' title="bbox 541 1781 2124 1854; baseline -0.002 -14"><span class='ocrx_word' id='word_1_124' title='bbox 541 1785 854 1854; x_wconf 88' lang='lat' dir='ltr'><strong>adimpleat;</strong></span> <span class='ocrx_word' id='word_1_125' title='bbox 893 1790 1059 1852; x_wconf 88' lang='lat' dir='ltr'><strong>atque</strong></span> <span class='ocrx_word' id='word_1_126' title='bbox 1093 1796 1326 1852; x_wconf 89' lang='lat' dir='ltr'><strong>operum</strong></span> <span class='ocrx_word' id='word_1_127' title='bbox 1358 1796 1587 1837; x_wconf 89' lang='lat' dir='ltr'><strong>suorum</strong></span> <span class='ocrx_word' id='word_1_128' title='bbox 1619 1781 1796 1844; x_wconf 85' lang='lat' dir='ltr'><strong>radio,</strong></span> <span class='ocrx_word' id='word_1_129' title='bbox 1829 1797 1927 1836; x_wconf 88' lang='lat' dir='ltr'><strong>seu</strong></span> <span class='ocrx_word' id='word_1_130' title='bbox 1952 1781 2124 1837; x_wconf 85' lang='lat' dir='ltr'><strong>clari—</strong></span> 
     </span>
    </p>
   </div>
   <div class='ocr_carea' id='block_1_21' title="bbox 2281 854 3810 931">
    <p class='ocr_par' dir='ltr' id='par_1_21' title="bbox 2281 854 3810 931">
     <span class='ocr_line' id='line_1_21' title="bbox 2281 854 3810 931; baseline -0.003 -16"><span class='ocrx_word' id='word_1_131' title='bbox 2281 854 2455 923; x_wconf 75' lang='grc' dir='ltr'><strong>Οὗτος</strong></span> <span class='ocrx_word' id='word_1_132' title='bbox 2498 862 2690 930; x_wconf 82' lang='grc' dir='ltr'><strong>ὡσπερ</strong></span> <span class='ocrx_word' id='word_1_133' title='bbox 2757 860 2838 924; x_wconf 80' lang='grc' dir='ltr'><strong>εἰς</strong></span> <span class='ocrx_word' id='word_1_134' title='bbox 2900 857 3131 931; x_wconf 80' lang='grc' dir='ltr'><strong>οὐρανὸν</strong></span> <span class='ocrx_word' id='word_1_135' title='bbox 3186 858 3429 929; x_wconf 77' lang='grc' dir='ltr'><strong>ἐπίγειον</strong></span> <span class='ocrx_word' id='word_1_136' title='bbox 3487 859 3582 914; x_wconf 77' lang='grc' dir='ltr'><strong>τὸν</strong></span> <span class='ocrx_word' id='word_1_137' title='bbox 3640 856 3810 912; x_wconf 76' lang='grc' dir='ltr'><strong>αὑτοῦ</strong></span> 
     </span>
    </p>
   </div>
   <div class='ocr_carea' id='block_1_22' title="bbox 2210 949 3811 1023">
    <p class='ocr_par' dir='ltr' id='par_1_22' title="bbox 2210 949 3811 1023">
     <span class='ocr_line' id='line_1_22' title="bbox 2210 949 3811 1023; baseline -0.002 -17"><span class='ocrx_word' id='word_1_138' title='bbox 2210 954 2336 1007; x_wconf 78' lang='grc' dir='ltr'><strong>ναὸν</strong></span> <span class='ocrx_word' id='word_1_139' title='bbox 2365 953 2478 1022; x_wconf 67' lang='grc'>(22)</span> <span class='ocrx_word' id='word_1_140' title='bbox 2511 949 2893 1022; x_wconf 64' lang='grc' dir='ltr'><strong>ἐκκλησιάζων</strong></span> <span class='ocrx_word' id='word_1_141' title='bbox 2938 951 3011 1006; x_wconf 79' lang='grc' dir='ltr'><strong>τὰ</strong></span> <span class='ocrx_word' id='word_1_142' title='bbox 3064 952 3391 1023; x_wconf 77' lang='grc' dir='ltr'><strong>συστήματα</strong></span> <span class='ocrx_word' id='word_1_143' title='bbox 3436 951 3546 1004; x_wconf 86' lang='grc' dir='ltr'><strong>τῶν</strong></span> <span class='ocrx_word' id='word_1_144' title='bbox 3577 951 3811 1010; x_wconf 79' lang='grc' dir='ltr'><strong>πιστῶν,</strong></span> 
     </span>
    </p>
   </div>
   <div class='ocr_carea' id='block_1_23' title="bbox 2213 1043 3810 1116">
    <p class='ocr_par' dir='ltr' id='par_1_23' title="bbox 2213 1043 3810 1116">
     <span class='ocr_line' id='line_1_23' title="bbox 2213 1043 3810 1116; baseline -0.004 -14"><span class='ocrx_word' id='word_1_145' title='bbox 2213 1048 2310 1102; x_wconf 74' lang='grc' dir='ltr'><strong>καὶ</strong></span> <span class='ocrx_word' id='word_1_146' title='bbox 2346 1045 2727 1116; x_wconf 78' lang='grc' dir='ltr'><strong>πνευματικὴν</strong></span> <span class='ocrx_word' id='word_1_147' title='bbox 2759 1044 3088 1102; x_wconf 75' lang='grc' dir='ltr'><strong>πανδαισίαν</strong></span> <span class='ocrx_word' id='word_1_148' title='bbox 3111 1045 3181 1098; x_wconf 83' lang='grc' dir='ltr'><strong>τὰ</strong></span> <span class='ocrx_word' id='word_1_149' title='bbox 3205 1046 3385 1098; x_wconf 70' lang='lat' dir='ltr'><strong>elacata</strong></span> <span class='ocrx_word' id='word_1_150' title='bbox 3423 1043 3681 1115; x_wconf 79' lang='grc' dir='ltr'><strong>θαύματα</strong></span> <span class='ocrx_word' id='word_1_151' title='bbox 3711 1045 3810 1097; x_wconf 76' lang='grc' dir='ltr'><strong>καὶ</strong></span> 
     </span>
    </p>
   </div>
   <div class='ocr_carea' id='block_1_24' title="bbox 2214 1137 3817 1209">
    <p class='ocr_par' dir='ltr' id='par_1_24' title="bbox 2214 1137 3817 1209">
     <span class='ocr_line' id='line_1_24' title="bbox 2214 1137 3817 1209; baseline -0.004 -15"><span class='ocrx_word' id='word_1_152' title='bbox 2214 1140 2618 1209; x_wconf 82' lang='grc' dir='ltr'><strong>κατορθώματα</strong></span> <span class='ocrx_word' id='word_1_153' title='bbox 2649 1137 2949 1208; x_wconf 72' lang='grc' dir='ltr'><strong>προτιθεὶς,</strong></span> <span class='ocrx_word' id='word_1_154' title='bbox 2986 1139 3169 1191; x_wconf 83' lang='grc' dir='ltr'><strong>πᾶσαν</strong></span> <span class='ocrx_word' id='word_1_155' title='bbox 3198 1137 3355 1206; x_wconf 80' lang='grc' dir='ltr'><strong>ἑστιᾷ</strong></span> <span class='ocrx_word' id='word_1_156' title='bbox 3395 1137 3694 1207; x_wconf 77' lang='grc' dir='ltr'><strong>φιλοτίμως</strong></span> <span class='ocrx_word' id='word_1_157' title='bbox 3718 1137 3817 1190; x_wconf 84' lang='grc' dir='ltr'>καί</span> 
     </span>
    </p>
   </div>
   <div class='ocr_carea' id='block_1_25' title="bbox 2215 1227 3816 1302">
    <p class='ocr_par' dir='ltr' id='par_1_25' title="bbox 2215 1227 3816 1302">
     <span class='ocr_line' id='line_1_25' title="bbox 2215 1227 3816 1302; baseline -0.004 -16"><span class='ocrx_word' id='word_1_158' title='bbox 2215 1232 2559 1300; x_wconf 81' lang='grc' dir='ltr'><strong>κατατέρπει</strong></span> <span class='ocrx_word' id='word_1_159' title='bbox 2603 1230 2818 1302; x_wconf 78' lang='grc' dir='ltr'><strong>ψυχήν·</strong></span> <span class='ocrx_word' id='word_1_160' title='bbox 2873 1229 2935 1283; x_wconf 80' lang='grc' dir='ltr'><strong>οὔ</strong></span> <span class='ocrx_word' id='word_1_161' title='bbox 2988 1227 3068 1299; x_wconf 84' lang='grc' dir='ltr'><strong>τῷ</strong></span> <span class='ocrx_word' id='word_1_162' title='bbox 3121 1229 3338 1299; x_wconf 83' lang='grc' dir='ltr'><strong>σώματι</strong></span> <span class='ocrx_word' id='word_1_163' title='bbox 3386 1227 3816 1301; x_wconf 80' lang='grc' dir='ltr'><strong>καθορώμενος,</strong></span> 
     </span>
    </p>
   </div>
   <div class='ocr_carea' id='block_1_26' title="bbox 2217 1321 3818 1394">
    <p class='ocr_par' dir='ltr' id='par_1_26' title="bbox 2217 1321 3818 1394">
     <span class='ocr_line' id='line_1_26' title="bbox 2217 1321 3818 1394; baseline -0.004 -15"><span class='ocrx_word' id='word_1_164' title='bbox 2217 1325 2356 1380; x_wconf 77' lang='grc' dir='ltr'><strong>ἀλλὰ</strong></span> <span class='ocrx_word' id='word_1_165' title='bbox 2384 1325 2464 1394; x_wconf 84' lang='grc' dir='ltr'><strong>τῷ</strong></span> <span class='ocrx_word' id='word_1_166' title='bbox 2494 1325 2773 1394; x_wconf 80' lang='grc' dir='ltr'><strong>πνεύματι</strong></span> <span class='ocrx_word' id='word_1_167' title='bbox 2805 1322 3199 1394; x_wconf 78' lang='grc' dir='ltr'><strong>πιστευόμενος</strong></span> <span class='ocrx_word' id='word_1_168' title='bbox 3223 1337 3240 1353; x_wconf 64' lang='grc' dir='ltr'>ι</span> <span class='ocrx_word' id='word_1_169' title='bbox 3269 1321 3379 1375; x_wconf 82' lang='grc' dir='ltr'><strong>οὐδ’</strong></span> <span class='ocrx_word' id='word_1_170' title='bbox 3410 1321 3492 1374; x_wconf 73' lang='grc' dir='ltr'><strong>ἐνὶ</strong></span> <span class='ocrx_word' id='word_1_171' title='bbox 3521 1322 3674 1392; x_wconf 83' lang='grc' dir='ltr'><strong>τόπῳ</strong></span> <span class='ocrx_word' id='word_1_172' title='bbox 3713 1339 3818 1373; x_wconf 83' lang='grc' dir='ltr'><strong>πε-</strong></span> 
     </span>
    </p>
   </div>
   <div class='ocr_carea' id='block_1_27' title="bbox 2223 1414 3820 1491">
    <p class='ocr_par' dir='ltr' id='par_1_27' title="bbox 2223 1414 3820 1491">
     <span class='ocr_line' id='line_1_27' title="bbox 2223 1414 3820 1491; baseline -0.001 -21"><span class='ocrx_word' id='word_1_173' title='bbox 2223 1418 2650 1491; x_wconf 74' lang='grc' dir='ltr'><strong>ριγραφόμενος,</strong></span> <span class='ocrx_word' id='word_1_174' title='bbox 2670 1416 2747 1479; x_wconf 85' lang='grc' dir='ltr'><strong>ὡς</strong></span> <span class='ocrx_word' id='word_1_175' title='bbox 2771 1415 2843 1469; x_wconf 82' lang='grc' dir='ltr'><strong>τὰ</strong></span> <span class='ocrx_word' id='word_1_176' title='bbox 2863 1414 3094 1487; x_wconf 85' lang='grc' dir='ltr'><strong>σώματα</strong></span> <span class='ocrx_word' id='word_1_177' title='bbox 3115 1433 3130 1449; x_wconf 80' lang='grc' dir='ltr'><strong>ο</strong></span> <span class='ocrx_word' id='word_1_178' title='bbox 3163 1417 3284 1479; x_wconf 87' lang='grc' dir='ltr'><strong>ταῖς</strong></span> <span class='ocrx_word' id='word_1_179' title='bbox 3306 1415 3620 1486; x_wconf 81' lang='grc' dir='ltr'><strong>ἅπανταχοῦ</strong></span> <span class='ocrx_word' id='word_1_180' title='bbox 3639 1416 3697 1469; x_wconf 80' lang='grc' dir='ltr'><strong>δὲ</strong></span> <span class='ocrx_word' id='word_1_181' title='bbox 3716 1414 3820 1485; x_wconf 81' lang='grc' dir='ltr'><strong>τῆς</strong></span> 
     </span>
    </p>
   </div>
   <div class='ocr_carea' id='block_1_28' title="bbox 2220 1507 3822 1581">
    <p class='ocr_par' dir='ltr' id='par_1_28' title="bbox 2220 1507 3822 1581">
     <span class='ocr_line' id='line_1_28' title="bbox 2220 1507 3822 1581; baseline -0.002 -17"><span class='ocrx_word' id='word_1_182' title='bbox 2220 1511 2550 1581; x_wconf 77' lang='grc' dir='ltr'><strong>οἰκουμένης</strong></span> <span class='ocrx_word' id='word_1_183' title='bbox 2585 1507 2963 1575; x_wconf 79' lang='grc' dir='ltr'><strong>Ἐκκλησίαις,</strong></span> <span class='ocrx_word' id='word_1_184' title='bbox 3007 1508 3106 1563; x_wconf 75' lang='grc' dir='ltr'><strong>ἅτε</strong></span> <span class='ocrx_word' id='word_1_185' title='bbox 3154 1509 3373 1580; x_wconf 81' lang='grc' dir='ltr'><strong>πνεῦμα</strong></span> <span class='ocrx_word' id='word_1_186' title='bbox 3413 1509 3490 1563; x_wconf 81' lang='grc' dir='ltr'><strong>ὢν</strong></span> <span class='ocrx_word' id='word_1_187' title='bbox 3536 1508 3713 1572; x_wconf 82' lang='grc' dir='ltr'><strong>θεῖον,</strong></span> <span class='ocrx_word' id='word_1_188' title='bbox 3741 1507 3822 1570; x_wconf 78' lang='grc' dir='ltr'><strong>ὡς</strong></span> 
     </span>
    </p>
   </div>
   <div class='ocr_carea' id='block_1_29' title="bbox 2221 1599 3824 1672">
    <p class='ocr_par' dir='ltr' id='par_1_29' title="bbox 2221 1599 3824 1672">
     <span class='ocr_line' id='line_1_29' title="bbox 2221 1599 3824 1672; baseline -0.003 -15"><span class='ocrx_word' id='word_1_189' title='bbox 2221 1603 2504 1672; x_wconf 84' lang='grc' dir='ltr'><strong>Πνεύματι</strong></span> <span class='ocrx_word' id='word_1_190' title='bbox 2531 1600 2667 1656; x_wconf 82' lang='grc' dir='ltr'><strong>Θεοῦ</strong></span> <span class='ocrx_word' id='word_1_191' title='bbox 2693 1600 2998 1670; x_wconf 76' lang='grc' dir='ltr'><strong>γεννηθεὶς,</strong></span> <span class='ocrx_word' id='word_1_192' title='bbox 3028 1601 3129 1670; x_wconf 81' lang='grc' dir='ltr'><strong>τὴν</strong></span> <span class='ocrx_word' id='word_1_193' title='bbox 3159 1601 3358 1672; x_wconf 82' lang='grc' dir='ltr'><strong>νοητὴν</strong></span> <span class='ocrx_word' id='word_1_194' title='bbox 3401 1599 3696 1670; x_wconf 75' lang='grc' dir='ltr'><strong>ὴλιοὸολῶν</strong></span> <span class='ocrx_word' id='word_1_195' title='bbox 3721 1599 3824 1669; x_wconf 85' lang='grc' dir='ltr'><strong>χά-</strong></span> 
     </span>
    </p>
   </div>
   <div class='ocr_carea' id='block_1_30' title="bbox 2229 1689 3826 1766">
    <p class='ocr_par' dir='ltr' id='par_1_30' title="bbox 2229 1689 3826 1766">
     <span class='ocr_line' id='line_1_30' title="bbox 2229 1689 3826 1766; baseline -0.003 -19"><span class='ocrx_word' id='word_1_196' title='bbox 2229 1712 2332 1766; x_wconf 84' lang='grc' dir='ltr'><strong>ριν,</strong></span> <span class='ocrx_word' id='word_1_197' title='bbox 2366 1698 2464 1748; x_wconf 77' lang='grc' dir='ltr'><strong>καὶ</strong></span> <span class='ocrx_word' id='word_1_198' title='bbox 2495 1693 2678 1764; x_wconf 80' lang='grc' dir='ltr'><strong>πάσης</strong></span> <span class='ocrx_word' id='word_1_199' title='bbox 2722 1692 2996 1762; x_wconf 84' lang='grc' dir='ltr'><strong>θυμηδίας</strong></span> <span class='ocrx_word' id='word_1_200' title='bbox 3034 1691 3300 1763; x_wconf 82' lang='grc' dir='ltr'><strong>πληρῶν,</strong></span> <span class='ocrx_word' id='word_1_201' title='bbox 3336 1693 3430 1745; x_wconf 74' lang='grc' dir='ltr'><strong>καὶ</strong></span> <span class='ocrx_word' id='word_1_202' title='bbox 3466 1691 3558 1745; x_wconf 73' lang='grc' dir='ltr'><strong>διὰ</strong></span> <span class='ocrx_word' id='word_1_203' title='bbox 3580 1692 3683 1760; x_wconf 81' lang='grc' dir='ltr'><strong>τῆς</strong></span> <span class='ocrx_word' id='word_1_204' title='bbox 3711 1689 3826 1743; x_wconf 68' lang='grc' dir='ltr'><strong>τῶν</strong></span> 
     </span>
    </p>
   </div>
   <div class='ocr_carea' id='block_1_31' title="bbox 2230 1781 3826 1857">
    <p class='ocr_par' dir='ltr' id='par_1_31' title="bbox 2230 1781 3826 1857">
     <span class='ocr_line' id='line_1_31' title="bbox 2230 1781 3826 1857; baseline -0.005 -15"><span class='ocrx_word' id='word_1_205' title='bbox 2230 1787 2377 1842; x_wconf 70' lang='grc' dir='ltr'><strong>ἰδίων</strong></span> <span class='ocrx_word' id='word_1_206' title='bbox 2421 1785 2603 1857; x_wconf 70' lang='grc' dir='ltr'><strong>ἔργων</strong></span> <span class='ocrx_word' id='word_1_207' title='bbox 2643 1784 2973 1854; x_wconf 79' lang='grc' dir='ltr'><strong>ἑκλάμψεως</strong></span> <span class='ocrx_word' id='word_1_208' title='bbox 3026 1783 3059 1854; x_wconf 76' lang='grc' dir='ltr'><strong>ἢ</strong></span> <span class='ocrx_word' id='word_1_209' title='bbox 3111 1781 3684 1854; x_wconf 70' lang='grc' dir='ltr'><strong>ὑμνήσεωςδοξάζων</strong></span> <span class='ocrx_word' id='word_1_210' title='bbox 3727 1781 3826 1835; x_wconf 71' lang='grc' dir='ltr'><strong>τὸν</strong></span> 
     </span>
    </p>
   </div>
   <div class='ocr_carea' id='block_1_32' title="bbox 541 1856 2147 1949">
    <p class='ocr_par' dir='ltr' id='par_1_32' title="bbox 541 1868 2127 1941">
     <span class='ocr_line' id='line_1_32' title="bbox 541 1868 2127 1941; baseline -0.003 -11"><span class='ocrx_word' id='word_1_211' title='bbox 541 1885 674 1938; x_wconf 88' lang='lat' dir='ltr'><strong>tate,</strong></span> <span class='ocrx_word' id='word_1_212' title='bbox 699 1874 919 1928; x_wconf 90' lang='lat' dir='ltr'><strong>Patrem</strong></span> <span class='ocrx_word' id='word_1_213' title='bbox 949 1871 1044 1941; x_wconf 90' lang='lat' dir='ltr'><strong>qui</strong></span> <span class='ocrx_word' id='word_1_214' title='bbox 1089 1869 1144 1925; x_wconf 89' lang='lat' dir='ltr'><strong>in</strong></span> <span class='ocrx_word' id='word_1_215' title='bbox 1184 1870 1339 1925; x_wconf 72' lang='lat' dir='ltr'><strong>cadis</strong></span> <span class='ocrx_word' id='word_1_216' title='bbox 1361 1880 1468 1933; x_wconf 90' lang='lat' dir='ltr'><strong>est,</strong></span> <span class='ocrx_word' id='word_1_217' title='bbox 1503 1868 1850 1941; x_wconf 75' lang='lat' dir='ltr'><strong>glorificet“.</strong></span> <span class='ocrx_word' id='word_1_218' title='bbox 1876 1868 2127 1940; x_wconf 85' lang='lat' dir='ltr'><strong>Cumque</strong></span> 
     </span>
    </p>
   </div>
   <div class='ocr_carea' id='block_1_33' title="bbox 2246 1856 3830 1949">
    <p class='ocr_par' dir='ltr' id='par_1_33' title="bbox 2246 1856 3830 1949">
     <span class='ocr_line' id='line_1_33' title="bbox 2246 1856 3830 1949; baseline -0.006 -16"><span class='ocrx_word' id='word_1_219' title='bbox 2246 1856 2465 1949; x_wconf 14' lang='grc' dir='ltr'><strong>[Ιατέραί</strong></span> <span class='ocrx_word' id='word_1_220' title='bbox 2500 1877 2594 1930; x_wconf 63' lang='grc' dir='ltr'><strong>τὴν</strong></span> <span class='ocrx_word' id='word_1_221' title='bbox 2634 1877 2694 1930; x_wconf 70' lang='grc' dir='ltr'><strong>ιν</strong></span> <span class='ocrx_word' id='word_1_222' title='bbox 2727 1880 2840 1939; x_wconf 79' lang='grc' dir='ltr'><strong>τοῖς</strong></span> <span class='ocrx_word' id='word_1_223' title='bbox 2884 1875 3154 1946; x_wconf 80' lang='grc' dir='ltr'><strong>οὐρανοῖς.</strong></span> <span class='ocrx_word' id='word_1_224' title='bbox 3192 1873 3303 1928; x_wconf 77' lang='grc' dir='ltr'><strong>Καὶ</strong></span> <span class='ocrx_word' id='word_1_225' title='bbox 3330 1874 3378 1926; x_wconf 73' lang='grc' dir='ltr'><strong>εἰ</strong></span> <span class='ocrx_word' id='word_1_226' title='bbox 3406 1872 3614 1946; x_wconf 83' lang='grc' dir='ltr'><strong>περιὼν</strong></span> <span class='ocrx_word' id='word_1_227' title='bbox 3637 1873 3720 1926; x_wconf 73' lang='grc' dir='ltr'><strong>ἔτι</strong></span> <span class='ocrx_word' id='word_1_228' title='bbox 3746 1870 3830 1942; x_wconf 84' lang='grc' dir='ltr'><strong>τῷ</strong></span> 
     </span>
    </p>
   </div>
   <div class='ocr_carea' id='block_1_34' title="bbox 540 1961 2130 2033">
    <p class='ocr_par' dir='ltr' id='par_1_34' title="bbox 540 1961 2130 2033">
     <span class='ocr_line' id='line_1_34' title="bbox 540 1961 2130 2033; baseline -0.003 -11"><span class='ocrx_word' id='word_1_229' title='bbox 540 1967 723 2022; x_wconf 86' lang='lat' dir='ltr'><strong>adhuc</strong></span> <span class='ocrx_word' id='word_1_230' title='bbox 741 1966 868 2020; x_wconf 73' lang='lat' dir='ltr'><strong>vitae</strong></span> <span class='ocrx_word' id='word_1_231' title='bbox 892 1972 1168 2033; x_wconf 69' lang='lat' dir='ltr'><strong>superstes</strong></span> <span class='ocrx_word' id='word_1_232' title='bbox 1192 1977 1257 2016; x_wconf 91' lang='lat' dir='ltr'><strong>ac</strong></span> <span class='ocrx_word' id='word_1_233' title='bbox 1279 1961 1335 2015; x_wconf 92' lang='lat' dir='ltr'><strong>in</strong></span> <span class='ocrx_word' id='word_1_234' title='bbox 1368 1975 1537 2016; x_wconf 88' lang='lat' dir='ltr'><strong>carne</strong></span> <span class='ocrx_word' id='word_1_235' title='bbox 1570 1976 1738 2031; x_wconf 84' lang='lat' dir='ltr'><strong>agens</strong></span> <span class='ocrx_word' id='word_1_236' title='bbox 1771 2001 1786 2028; x_wconf 88' lang='lat'><strong>,</strong></span> <span class='ocrx_word' id='word_1_237' title='bbox 1816 1961 1966 2019; x_wconf 85' lang='lat' dir='ltr'><strong>aliud</strong></span> <span class='ocrx_word' id='word_1_238' title='bbox 1990 1962 2130 2018; x_wconf 84' lang='lat' dir='ltr'><strong>nihil</strong></span> 
     </span>
    </p>
   </div>
   <div class='ocr_carea' id='block_1_35' title="bbox 541 2053 2130 2126">
    <p class='ocr_par' dir='ltr' id='par_1_35' title="bbox 541 2053 2130 2126">
     <span class='ocr_line' id='line_1_35' title="bbox 541 2053 2130 2126; baseline -0.001 -12"><span class='ocrx_word' id='word_1_239' title='bbox 541 2069 658 2114; x_wconf 90' lang='lat' dir='ltr'><strong>tum</strong></span> <span class='ocrx_word' id='word_1_240' title='bbox 677 2055 879 2116; x_wconf 74' lang='lat' dir='ltr'><strong>verbis,</strong></span> <span class='ocrx_word' id='word_1_241' title='bbox 907 2063 1020 2109; x_wconf 92' lang='lat' dir='ltr'><strong>tum</strong></span> <span class='ocrx_word' id='word_1_242' title='bbox 1044 2053 1307 2124; x_wconf 85' lang='lat' dir='ltr'><strong>Operibus</strong></span> <span class='ocrx_word' id='word_1_243' title='bbox 1332 2063 1640 2126; x_wconf 70' lang='lat' dir='ltr'><strong>pratstaret,</strong></span> <span class='ocrx_word' id='word_1_244' title='bbox 1669 2070 1834 2124; x_wconf 90' lang='lat' dir='ltr'><strong>quam</strong></span> <span class='ocrx_word' id='word_1_245' title='bbox 1852 2055 1999 2126; x_wconf 88' lang='lat' dir='ltr'><strong>quod</strong></span> <span class='ocrx_word' id='word_1_246' title='bbox 2025 2056 2130 2112; x_wconf 88' lang='lat' dir='ltr'><strong>Pa-</strong></span> 
     </span>
    </p>
   </div>
   <div class='ocr_carea' id='block_1_36' title="bbox 541 2145 2131 2216">
    <p class='ocr_par' dir='ltr' id='par_1_36' title="bbox 541 2145 2131 2216">
     <span class='ocr_line' id='line_1_36' title="bbox 541 2145 2131 2216; baseline -0.001 -13"><span class='ocrx_word' id='word_1_247' title='bbox 541 2151 612 2204; x_wconf 89' lang='lat' dir='ltr'><strong>tri</strong></span> <span class='ocrx_word' id='word_1_248' title='bbox 633 2149 949 2202; x_wconf 87' lang='lat' dir='ltr'><strong>videretur:</strong></span> <span class='ocrx_word' id='word_1_249' title='bbox 980 2145 1184 2216; x_wconf 89' lang='lat' dir='ltr'><strong>potiori</strong></span> <span class='ocrx_word' id='word_1_250' title='bbox 1214 2145 1374 2216; x_wconf 85' lang='lat' dir='ltr'><strong>longe</strong></span> <span class='ocrx_word' id='word_1_251' title='bbox 1405 2145 1619 2201; x_wconf 86' lang='lat' dir='ltr'><strong>ratione</strong></span> <span class='ocrx_word' id='word_1_252' title='bbox 1645 2161 1880 2215; x_wconf 87' lang='lat' dir='ltr'><strong>corpore</strong></span> <span class='ocrx_word' id='word_1_253' title='bbox 1895 2148 2131 2211; x_wconf 85' lang='lat' dir='ltr'><strong>solutus,</strong></span> 
     </span>
    </p>
   </div>
   <div class='ocr_carea' id='block_1_37' title="bbox 542 2239 2135 2311">
    <p class='ocr_par' dir='ltr' id='par_1_37' title="bbox 542 2239 2135 2311">
     <span class='ocr_line' id='line_1_37' title="bbox 542 2239 2135 2311; baseline -0.003 -13"><span class='ocrx_word' id='word_1_254' title='bbox 542 2260 606 2298; x_wconf 89' lang='lat' dir='ltr'><strong>ac</strong></span> <span class='ocrx_word' id='word_1_255' title='bbox 633 2242 832 2311; x_wconf 90' lang='lat' dir='ltr'><strong>spiritu</strong></span> <span class='ocrx_word' id='word_1_256' title='bbox 857 2241 969 2294; x_wconf 86' lang='lat' dir='ltr'><strong>Deo</strong></span> <span class='ocrx_word' id='word_1_257' title='bbox 996 2246 1467 2308; x_wconf 83' lang='lat' dir='ltr'><strong>centemperatus,</strong></span> <span class='ocrx_word' id='word_1_258' title='bbox 1489 2239 1644 2293; x_wconf 86' lang='lat' dir='ltr'><strong>nullo</strong></span> <span class='ocrx_word' id='word_1_259' title='bbox 1669 2239 1830 2293; x_wconf 65' lang='lat' dir='ltr'><strong>taedio</strong></span> <span class='ocrx_word' id='word_1_260' title='bbox 1859 2254 1923 2293; x_wconf 86' lang='lat' dir='ltr'><strong>ac</strong></span> <span class='ocrx_word' id='word_1_261' title='bbox 1944 2239 2135 2294; x_wconf 86' lang='lat' dir='ltr'><strong>labore</strong></span> 
     </span>
    </p>
   </div>
   <div class='ocr_carea' id='block_1_38' title="bbox 545 2329 2136 2402">
    <p class='ocr_par' dir='ltr' id='par_1_38' title="bbox 545 2329 2136 2402">
     <span class='ocr_line' id='line_1_38' title="bbox 545 2329 2136 2402; baseline 0 -14"><span class='ocrx_word' id='word_1_262' title='bbox 545 2332 916 2400; x_wconf 89' lang='lat' dir='ltr'><strong>temporisque</strong></span> <span class='ocrx_word' id='word_1_263' title='bbox 937 2329 1404 2396; x_wconf 81' lang='lat' dir='ltr'><strong>momento,velut</strong></span> <span class='ocrx_word' id='word_1_264' title='bbox 1424 2329 1673 2400; x_wconf 64' lang='lat' dir='ltr'><strong>quaedam</strong></span> <span class='ocrx_word' id='word_1_265' title='bbox 1711 2330 1951 2402; x_wconf 61' lang='lat' dir='ltr'><strong>ctelestis</strong></span> <span class='ocrx_word' id='word_1_266' title='bbox 1980 2347 2136 2388; x_wconf 83' lang='lat' dir='ltr'><strong>mens</strong></span> 
     </span>
    </p>
   </div>
   <div class='ocr_carea' id='block_1_39' title="bbox 542 2425 2137 2495">
    <p class='ocr_par' dir='ltr' id='par_1_39' title="bbox 542 2425 2137 2495">
     <span class='ocr_line' id='line_1_39' title="bbox 542 2425 2137 2495; baseline 0.001 -17"><span class='ocrx_word' id='word_1_267' title='bbox 542 2426 738 2479; x_wconf 85' lang='lat' dir='ltr'><strong>orbem</strong></span> <span class='ocrx_word' id='word_1_268' title='bbox 768 2439 1096 2495; x_wconf 89' lang='lat' dir='ltr'><strong>pervagans,</strong></span> <span class='ocrx_word' id='word_1_269' title='bbox 1158 2433 1500 2493; x_wconf 88' lang='lat' dir='ltr'><strong>cunctosque</strong></span> <span class='ocrx_word' id='word_1_270' title='bbox 1560 2425 1724 2478; x_wconf 87' lang='lat' dir='ltr'><strong>simul</strong></span> <span class='ocrx_word' id='word_1_271' title='bbox 1773 2439 2010 2492; x_wconf 89' lang='lat' dir='ltr'><strong>superne</strong></span> <span class='ocrx_word' id='word_1_272' title='bbox 2049 2427 2137 2480; x_wconf 81' lang='lat' dir='ltr'><strong>ln-</strong></span> 
     </span>
    </p>
   </div>
   <div class='ocr_carea' id='block_1_40' title="bbox 547 2515 2140 2585">
    <p class='ocr_par' dir='ltr' id='par_1_40' title="bbox 547 2515 2140 2585">
     <span class='ocr_line' id='line_1_40' title="bbox 547 2515 2140 2585; baseline 0.001 -15"><span class='ocrx_word' id='word_1_273' title='bbox 547 2525 730 2575; x_wconf 87' lang='lat' dir='ltr'><strong>tuens.</strong></span> <span class='ocrx_word' id='word_1_274' title='bbox 754 2515 822 2570; x_wconf 86' lang='lat' dir='ltr'><strong>ad</strong></span> <span class='ocrx_word' id='word_1_275' title='bbox 851 2515 949 2570; x_wconf 85' lang='lat' dir='ltr'><strong>Dei</strong></span> <span class='ocrx_word' id='word_1_276' title='bbox 977 2515 1194 2570; x_wconf 88' lang='lat' dir='ltr'><strong>laudem</strong></span> <span class='ocrx_word' id='word_1_277' title='bbox 1223 2529 1288 2568; x_wconf 91' lang='lat' dir='ltr'><strong>ac</strong></span> <span class='ocrx_word' id='word_1_278' title='bbox 1308 2515 1539 2585; x_wconf 77' lang='lat' dir='ltr'><strong>gloriam</strong></span> <span class='ocrx_word' id='word_1_279' title='bbox 1570 2530 1800 2584; x_wconf 85' lang='lat' dir='ltr'><strong>operum</strong></span> <span class='ocrx_word' id='word_1_280' title='bbox 1821 2531 2051 2571; x_wconf 86' lang='lat' dir='ltr'><strong>suorum</strong></span> <span class='ocrx_word' id='word_1_281' title='bbox 2072 2531 2140 2572; x_wconf 82' lang='lat' dir='ltr'><strong>ac</strong></span> 
     </span>
    </p>
   </div>
   <div class='ocr_carea' id='block_1_41' title="bbox 545 2603 1642 2677">
    <p class='ocr_par' dir='ltr' id='par_1_41' title="bbox 545 2603 1642 2677">
     <span class='ocr_line' id='line_1_41' title="bbox 545 2603 1642 2677; baseline -0.003 -16"><span class='ocrx_word' id='word_1_282' title='bbox 545 2607 862 2677; x_wconf 83' lang='lat' dir='ltr'><strong>passionum</strong></span> <span class='ocrx_word' id='word_1_283' title='bbox 893 2606 1181 2669; x_wconf 87' lang='lat' dir='ltr'><strong>memoria,</strong></span> <span class='ocrx_word' id='word_1_284' title='bbox 1201 2604 1412 2658; x_wconf 84' lang='lat' dir='ltr'><strong>alacres</strong></span> <span class='ocrx_word' id='word_1_285' title='bbox 1437 2603 1642 2658; x_wconf 86' lang='lat' dir='ltr'><strong>reddit.</strong></span> 
     </span>
    </p>
   </div>
   <div class='ocr_carea' id='block_1_42' title="bbox 654 2714 2143 2785">
    <p class='ocr_par' dir='ltr' id='par_1_42' title="bbox 654 2714 2143 2785">
     <span class='ocr_line' id='line_1_42' title="bbox 654 2714 2143 2785; baseline -0.001 -13"><span class='ocrx_word' id='word_1_286' title='bbox 654 2717 898 2772; x_wconf 85' lang='lat' dir='ltr'><strong>Thomas</strong></span> <span class='ocrx_word' id='word_1_287' title='bbox 920 2716 1106 2785; x_wconf 78' lang='lat' dir='ltr'><strong>itaque</strong></span> <span class='ocrx_word' id='word_1_288' title='bbox 1134 2722 1262 2770; x_wconf 87' lang='lat' dir='ltr'><strong>ante</strong></span> <span class='ocrx_word' id='word_1_289' title='bbox 1285 2715 1478 2771; x_wconf 85' lang='lat' dir='ltr'><strong>mundi</strong></span> <span class='ocrx_word' id='word_1_290' title='bbox 1507 2714 1982 2782; x_wconf 87' lang='lat' dir='ltr'><strong>constitutionem,</strong></span> <span class='ocrx_word' id='word_1_291' title='bbox 2005 2729 2143 2770; x_wconf 82' lang='lat' dir='ltr'><strong>con-</strong></span> 
     </span>
    </p>
   </div>
   <div class='ocr_carea' id='block_1_43' title="bbox 549 2803 2145 2876">
    <p class='ocr_par' dir='ltr' id='par_1_43' title="bbox 549 2803 2145 2876">
     <span class='ocr_line' id='line_1_43' title="bbox 549 2803 2145 2876; baseline -0.001 -13"><span class='ocrx_word' id='word_1_292' title='bbox 549 2811 742 2864; x_wconf 79' lang='lat' dir='ltr'><strong>formis</strong></span> <span class='ocrx_word' id='word_1_293' title='bbox 770 2806 993 2862; x_wconf 84' lang='lat' dir='ltr'><strong>futurus</strong></span> <span class='ocrx_word' id='word_1_294' title='bbox 1041 2805 1298 2876; x_wconf 85' lang='lat' dir='ltr'><strong>imaginis</strong></span> <span class='ocrx_word' id='word_1_295' title='bbox 1314 2803 1594 2876; x_wconf 85' lang='lat' dir='ltr'><strong>Unigeniti</strong></span> <span class='ocrx_word' id='word_1_296' title='bbox 1628 2806 1884 2876; x_wconf 84' lang='lat' dir='ltr'><strong>cegnitus</strong></span> <span class='ocrx_word' id='word_1_297' title='bbox 1913 2820 1980 2861; x_wconf 88' lang='lat' dir='ltr'><strong>ac</strong></span> <span class='ocrx_word' id='word_1_298' title='bbox 2001 2822 2145 2876; x_wconf 69' lang='lat' dir='ltr'><strong>pras-</strong></span> 
     </span>
    </p>
   </div>
   <div class='ocr_carea' id='block_1_44' title="bbox 548 2895 2143 2969">
    <p class='ocr_par' dir='ltr' id='par_1_44' title="bbox 548 2895 2143 2969">
     <span class='ocr_line' id='line_1_44' title="bbox 548 2895 2143 2969; baseline -0.003 -14"><span class='ocrx_word' id='word_1_299' title='bbox 548 2901 880 2965; x_wconf 85' lang='lat' dir='ltr'><strong>destinatus,</strong></span> <span class='ocrx_word' id='word_1_300' title='bbox 927 2897 1076 2969; x_wconf 90' lang='lat' dir='ltr'><strong>quod</strong></span> <span class='ocrx_word' id='word_1_301' title='bbox 1100 2907 1318 2967; x_wconf 85' lang='lat' dir='ltr'><strong>tempus</strong></span> <span class='ocrx_word' id='word_1_302' title='bbox 1343 2895 1705 2966; x_wconf 87' lang='lat' dir='ltr'><strong>apparitionis</strong></span> <span class='ocrx_word' id='word_1_303' title='bbox 1755 2896 1983 2962; x_wconf 86' lang='lat' dir='ltr'><strong>aderat,</strong></span> <span class='ocrx_word' id='word_1_304' title='bbox 2014 2897 2143 2967; x_wconf 86' lang='lat' dir='ltr'><strong>qui-</strong></span> 
     </span>
    </p>
   </div>
   <div class='ocr_carea' id='block_1_45' title="bbox 553 2987 2147 3063">
    <p class='ocr_par' dir='ltr' id='par_1_45' title="bbox 553 2987 2147 3063">
     <span class='ocr_line' id='line_1_45' title="bbox 553 2987 2147 3063; baseline -0.003 -17"><span class='ocrx_word' id='word_1_305' title='bbox 553 3007 661 3063; x_wconf 87' lang='lat' dir='ltr'><strong>que</strong></span> <span class='ocrx_word' id='word_1_306' title='bbox 689 2991 1052 3062; x_wconf 86' lang='lat' dir='ltr'><strong>apostolicum</strong></span> <span class='ocrx_word' id='word_1_307' title='bbox 1096 2998 1349 3044; x_wconf 83' lang='lat' dir='ltr'><strong>senatum</strong></span> <span class='ocrx_word' id='word_1_308' title='bbox 1397 2997 1586 3042; x_wconf 85' lang='lat' dir='ltr'><strong>essent</strong></span> <span class='ocrx_word' id='word_1_309' title='bbox 1630 2987 1910 3057; x_wconf 83' lang='lat' dir='ltr'><strong>impleturi</strong></span> <span class='ocrx_word' id='word_1_310' title='bbox 1946 2995 2147 3058; x_wconf 56' lang='lat' dir='ltr'><strong>praesto</strong></span> 
     </span>
    </p>
   </div>
   <div class='ocr_carea' id='block_1_46' title="bbox 554 3079 2146 3155">
    <p class='ocr_par' dir='ltr' id='par_1_46' title="bbox 554 3079 2146 3155">
     <span class='ocr_line' id='line_1_46' title="bbox 554 3079 2146 3155; baseline -0.004 -12"><span class='ocrx_word' id='word_1_311' title='bbox 554 3084 795 3155; x_wconf 81' lang='lat' dir='ltr'><strong>eligendi</strong></span> <span class='ocrx_word' id='word_1_312' title='bbox 823 3092 1006 3146; x_wconf 91' lang='lat' dir='ltr'><strong>erant,</strong></span> <span class='ocrx_word' id='word_1_313' title='bbox 1039 3081 1155 3152; x_wconf 88' lang='lat' dir='ltr'><strong>ipse</strong></span> <span class='ocrx_word' id='word_1_314' title='bbox 1182 3081 1392 3151; x_wconf 90' lang='lat' dir='ltr'><strong>pariter</strong></span> <span class='ocrx_word' id='word_1_315' title='bbox 1419 3094 1544 3134; x_wconf 89' lang='lat' dir='ltr'><strong>eum</strong></span> <span class='ocrx_word' id='word_1_316' title='bbox 1571 3079 1802 3150; x_wconf 87' lang='lat' dir='ltr'><strong>reliquis</strong></span> <span class='ocrx_word' id='word_1_317' title='bbox 1817 3080 1888 3135; x_wconf 85' lang='lat' dir='ltr'><strong>ad</strong></span> <span class='ocrx_word' id='word_1_318' title='bbox 1932 3095 2146 3136; x_wconf 87' lang='lat' dir='ltr'><strong>sacram</strong></span> 
     </span>
    </p>
   </div>
   <div class='ocr_carea' id='block_1_47' title="bbox 554 3167 2146 3240">
    <p class='ocr_par' dir='ltr' id='par_1_47' title="bbox 554 3167 2146 3240">
     <span class='ocr_line' id='line_1_47' title="bbox 554 3167 2146 3240; baseline -0.001 -15"><span class='ocrx_word' id='word_1_319' title='bbox 554 3170 704 3225; x_wconf 83' lang='lat' dir='ltr'><strong>illam</strong></span> <span class='ocrx_word' id='word_1_320' title='bbox 726 3173 1069 3223; x_wconf 85' lang='lat' dir='ltr'><strong>vocationem</strong></span> <span class='ocrx_word' id='word_1_321' title='bbox 1093 3167 1268 3222; x_wconf 82' lang='lat' dir='ltr'><strong>evasit</strong></span> <span class='ocrx_word' id='word_1_322' title='bbox 1294 3183 1310 3222; x_wconf 90' lang='lat'><strong>:</strong></span> <span class='ocrx_word' id='word_1_323' title='bbox 1339 3177 1698 3236; x_wconf 80' lang='lat' dir='ltr'><strong>vocatusque,</strong></span> <span class='ocrx_word' id='word_1_324' title='bbox 1725 3168 1867 3222; x_wconf 89' lang='lat' dir='ltr'><strong>haud</strong></span> <span class='ocrx_word' id='word_1_325' title='bbox 1896 3169 2146 3240; x_wconf 86' lang='lat' dir='ltr'><strong>segnium</strong></span> 
     </span>
    </p>
   </div>
   <div class='ocr_carea' id='block_1_48' title="bbox 557 3257 2147 3328">
    <p class='ocr_par' dir='ltr' id='par_1_48' title="bbox 557 3257 2147 3328">
     <span class='ocr_line' id='line_1_48' title="bbox 557 3257 2147 3328; baseline 0.001 -15"><span class='ocrx_word' id='word_1_326' title='bbox 557 3273 712 3313; x_wconf 91' lang='lat' dir='ltr'><strong>more</strong></span> <span class='ocrx_word' id='word_1_327' title='bbox 737 3266 1024 3313; x_wconf 81' lang='lat' dir='ltr'><strong>vocantem</strong></span> <span class='ocrx_word' id='word_1_328' title='bbox 1041 3257 1264 3328; x_wconf 87' lang='lat' dir='ltr'><strong>repulit;</strong></span> <span class='ocrx_word' id='word_1_329' title='bbox 1289 3266 1386 3311; x_wconf 91' lang='lat' dir='ltr'><strong>aut</strong></span> <span class='ocrx_word' id='word_1_330' title='bbox 1407 3273 1532 3312; x_wconf 90' lang='lat' dir='ltr'><strong>cum</strong></span> <span class='ocrx_word' id='word_1_331' title='bbox 1553 3257 1892 3320; x_wconf 88' lang='lat' dir='ltr'><strong>obaudisset.</strong></span> <span class='ocrx_word' id='word_1_332' title='bbox 1926 3275 1991 3316; x_wconf 88' lang='lat' dir='ltr'><strong>ac</strong></span> <span class='ocrx_word' id='word_1_333' title='bbox 2025 3272 2147 3315; x_wconf 83' lang='lat' dir='ltr'><strong>tan-</strong></span> 
     </span>
    </p>
   </div>
   <div class='ocr_carea' id='block_1_49' title="bbox 555 3348 2146 3422">
    <p class='ocr_par' dir='ltr' id='par_1_49' title="bbox 555 3348 2146 3422">
     <span class='ocr_line' id='line_1_49' title="bbox 555 3348 2146 3422; baseline 0.001 -15"><span class='ocrx_word' id='word_1_334' title='bbox 555 3352 733 3422; x_wconf 89' lang='lat' dir='ltr'><strong>tisper</strong></span> <span class='ocrx_word' id='word_1_335' title='bbox 761 3350 840 3406; x_wconf 81' lang='lat' dir='ltr'><strong>illi</strong></span> <span class='ocrx_word' id='word_1_336' title='bbox 869 3350 1210 3414; x_wconf 78' lang='lat' dir='ltr'><strong>adhaesisset;</strong></span> <span class='ocrx_word' id='word_1_337' title='bbox 1234 3349 1387 3404; x_wconf 89' lang='lat' dir='ltr'><strong>velut</strong></span> <span class='ocrx_word' id='word_1_338' title='bbox 1409 3348 1487 3405; x_wconf 86' lang='lat' dir='ltr'><strong>illi</strong></span> <span class='ocrx_word' id='word_1_339' title='bbox 1519 3365 1754 3418; x_wconf 90' lang='lat' dir='ltr'><strong>quorum</strong></span> <span class='ocrx_word' id='word_1_340' title='bbox 1797 3352 2014 3408; x_wconf 87' lang='lat' dir='ltr'><strong>modica</strong></span> <span class='ocrx_word' id='word_1_341' title='bbox 2078 3365 2146 3410; x_wconf 78' lang='lat' dir='ltr'><strong>ac</strong></span> 
     </span>
    </p>
   </div>
   <div class='ocr_carea' id='block_1_50' title="bbox 558 3439 2146 3512">
    <p class='ocr_par' dir='ltr' id='par_1_50' title="bbox 558 3439 2146 3512">
     <span class='ocr_line' id='line_1_50' title="bbox 558 3439 2146 3512; baseline -0.008 -14"><span class='ocrx_word' id='word_1_342' title='bbox 558 3453 764 3498; x_wconf 86' lang='lat' dir='ltr'><strong>nutans</strong></span> <span class='ocrx_word' id='word_1_343' title='bbox 838 3442 996 3508; x_wconf 83' lang='lat' dir='ltr'><strong>ﬁdes,</strong></span> <span class='ocrx_word' id='word_1_344' title='bbox 1051 3439 1706 3512; x_wconf 80' lang='lat' dir='ltr'><strong>postmodumabitretro</strong></span> <span class='ocrx_word' id='word_1_345' title='bbox 1731 3457 1798 3500; x_wconf 87' lang='lat' dir='ltr'><strong>ac</strong></span> <span class='ocrx_word' id='word_1_346' title='bbox 1819 3441 2020 3512; x_wconf 81' lang='lat' dir='ltr'><strong>pedem</strong></span> <span class='ocrx_word' id='word_1_347' title='bbox 2053 3457 2146 3501; x_wconf 90' lang='lat' dir='ltr'><strong>re-</strong></span> 
     </span>
    </p>
   </div>
   <div class='ocr_carea' id='block_1_51' title="bbox 635 3582 1721 3650">
    <p class='ocr_par' dir='ltr' id='par_1_51' title="bbox 635 3582 1721 3650">
     <span class='ocr_line' id='line_1_51' title="bbox 635 3582 1721 3650; baseline -0.002 -10"><span class='ocrx_word' id='word_1_348' title='bbox 635 3585 678 3618; x_wconf 79' lang='grc'><strong>⁶¹</strong></span> <span class='ocrx_word' id='word_1_349' title='bbox 703 3583 866 3640; x_wconf 85' lang='lat' dir='ltr'><strong>Joan.</strong></span> <span class='ocrx_word' id='word_1_350' title='bbox 895 3600 987 3649; x_wconf 80' lang='lat' dir='ltr'><strong>xx,</strong></span> <span class='ocrx_word' id='word_1_351' title='bbox 1023 3583 1116 3639; x_wconf 67' lang='lat'><strong>‘24.</strong></span> <span class='ocrx_word' id='word_1_352' title='bbox 1195 3582 1240 3615; x_wconf 81' lang='lat'>“</span> <span class='ocrx_word' id='word_1_353' title='bbox 1271 3583 1312 3637; x_wconf 92' lang='lat' dir='ltr'><strong>ll</strong></span> <span class='ocrx_word' id='word_1_354' title='bbox 1339 3582 1467 3639; x_wconf 91' lang='lat' dir='ltr'><strong>Cor.</strong></span> <span class='ocrx_word' id='word_1_355' title='bbox 1520 3599 1605 3650; x_wconf 86' lang='lat' dir='ltr'><strong>Ill,</strong></span> <span class='ocrx_word' id='word_1_356' title='bbox 1634 3583 1721 3639; x_wconf 77' lang='lat' dir='ltr'><strong>l7.</strong></span> 
     </span>
    </p>
   </div>
   <div class='ocr_carea' id='block_1_52' title="bbox 639 3721 2154 3796">
    <p class='ocr_par' dir='ltr' id='par_1_52' title="bbox 639 3721 2154 3796">
     <span class='ocr_line' id='line_1_52' title="bbox 639 3721 2154 3796; baseline 0 -17"><span class='ocrx_word' id='word_1_357' title='bbox 639 3726 764 3796; x_wconf 51' lang='lat'><strong>(‘22)</strong></span> <span class='ocrx_word' id='word_1_358' title='bbox 787 3721 901 3796; x_wconf 75' lang='grc' dir='ltr'><strong>Τόν</strong></span> <span class='ocrx_word' id='word_1_359' title='bbox 927 3723 1116 3796; x_wconf 50' lang='lat' dir='ltr'><strong>aurai)</strong></span> <span class='ocrx_word' id='word_1_360' title='bbox 1147 3724 1317 3796; x_wconf 57' lang='grc' dir='ltr'><strong>ναόν.</strong></span> <span class='ocrx_word' id='word_1_361' title='bbox 1341 3723 1481 3796; x_wconf 75' lang='lat' dir='ltr'><strong>Erat</strong></span> <span class='ocrx_word' id='word_1_362' title='bbox 1495 3725 1622 3796; x_wconf 76' lang='lat' dir='ltr'><strong>boe</strong></span> <span class='ocrx_word' id='word_1_363' title='bbox 1638 3723 1862 3780; x_wconf 71' lang='lat' dir='ltr'><strong>Thema:</strong></span> <span class='ocrx_word' id='word_1_364' title='bbox 1888 3725 2154 3796; x_wconf 87' lang='lat' dir='ltr'><strong>templum</strong></span> 
     </span>
    </p>
   </div>
   <div class='ocr_carea' id='block_1_53' title="bbox 565 3793 2155 3864">
    <p class='ocr_par' dir='ltr' id='par_1_53' title="bbox 565 3793 2155 3864">
     <span class='ocr_line' id='line_1_53' title="bbox 565 3793 2155 3864; baseline -0.001 -13"><span class='ocrx_word' id='word_1_365' title='bbox 565 3796 623 3852; x_wconf 90' lang='lat' dir='ltr'><strong>in</strong></span> <span class='ocrx_word' id='word_1_366' title='bbox 651 3793 907 3864; x_wconf 83' lang='lat' dir='ltr'><strong>palatio,</strong></span> <span class='ocrx_word' id='word_1_367' title='bbox 945 3808 988 3864; x_wconf 14' lang='lat' dir='ltr'><strong>7a</strong></span> <span class='ocrx_word' id='word_1_368' title='bbox 1029 3793 1213 3864; x_wconf 78' lang='lat' dir='ltr'><strong>Leone</strong></span> <span class='ocrx_word' id='word_1_369' title='bbox 1239 3793 1422 3846; x_wconf 87' lang='lat' dir='ltr'><strong>Basilii</strong></span> <span class='ocrx_word' id='word_1_370' title='bbox 1455 3793 1568 3847; x_wconf 84' lang='lat' dir='ltr'><strong>ﬁlio</strong></span> <span class='ocrx_word' id='word_1_371' title='bbox 1611 3793 2155 3857; x_wconf 53' lang='lat' dir='ltr'><strong>instauratum,&#39;cum</strong></span> 
     </span>
    </p>
   </div>
   <div class='ocr_carea' id='block_1_54' title="bbox 565 3862 2160 3932">
    <p class='ocr_par' dir='ltr' id='par_1_54' title="bbox 565 3862 2160 3932">
     <span class='ocr_line' id='line_1_54' title="bbox 565 3862 2160 3932; baseline 0 -12"><span class='ocrx_word' id='word_1_372' title='bbox 565 3862 826 3920; x_wconf 80' lang='lat' dir='ltr'><strong>incendio</strong></span> <span class='ocrx_word' id='word_1_373' title='bbox 850 3862 1116 3916; x_wconf 75' lang='lat' dir='ltr'><strong>ftedatum</strong></span> <span class='ocrx_word' id='word_1_374' title='bbox 1149 3862 1382 3928; x_wconf 81' lang='lat' dir='ltr'><strong>fuisset;</strong></span> <span class='ocrx_word' id='word_1_375' title='bbox 1407 3879 1514 3932; x_wconf 90' lang='lat' dir='ltr'><strong>qua</strong></span> <span class='ocrx_word' id='word_1_376' title='bbox 1540 3864 1609 3917; x_wconf 91' lang='lat' dir='ltr'><strong>de</strong></span> <span class='ocrx_word' id='word_1_377' title='bbox 1638 3880 1695 3918; x_wconf 92' lang='lat' dir='ltr'><strong>re</strong></span> <span class='ocrx_word' id='word_1_378' title='bbox 1733 3873 1914 3918; x_wconf 87' lang='lat' dir='ltr'><strong>exstat</strong></span> <span class='ocrx_word' id='word_1_379' title='bbox 1957 3881 2066 3919; x_wconf 90' lang='lat' dir='ltr'><strong>una</strong></span> <span class='ocrx_word' id='word_1_380' title='bbox 2101 3875 2160 3920; x_wconf 86' lang='lat' dir='ltr'><strong>et</strong></span> 
     </span>
    </p>
   </div>
   <div class='ocr_carea' id='block_1_55' title="bbox 567 3933 2153 4005">
    <p class='ocr_par' dir='ltr' id='par_1_55' title="bbox 567 3933 2153 4005">
     <span class='ocr_line' id='line_1_55' title="bbox 567 3933 2153 4005; baseline -0.001 -14"><span class='ocrx_word' id='word_1_381' title='bbox 567 3933 892 4005; x_wconf 12' lang='lat' dir='ltr'><strong>alteragejus</strong></span> <span class='ocrx_word' id='word_1_382' title='bbox 914 3933 1116 3996; x_wconf 88' lang='lat' dir='ltr'><strong>oratio,</strong></span> <span class='ocrx_word' id='word_1_383' title='bbox 1142 3948 1314 4005; x_wconf 11' lang='lat' dir='ltr'><strong>quam,</strong></span> <span class='ocrx_word' id='word_1_384' title='bbox 1344 3949 1466 3986; x_wconf 86' lang='lat' dir='ltr'><strong>meo</strong></span> <span class='ocrx_word' id='word_1_385' title='bbox 1495 3935 1637 4005; x_wconf 75' lang='lat' dir='ltr'><strong>style</strong></span> <span class='ocrx_word' id='word_1_386' title='bbox 1667 3934 1900 4003; x_wconf 74' lang='lat' dir='ltr'><strong>produxi</strong></span> <span class='ocrx_word' id='word_1_387' title='bbox 1924 3934 1990 4005; x_wconf 83' lang='lat' dir='ltr'><strong>ad</strong></span> <span class='ocrx_word' id='word_1_388' title='bbox 2028 3937 2153 4005; x_wconf 83' lang='lat' dir='ltr'><strong>ejus</strong></span> 
     </span>
    </p>
   </div>
   <div class='ocr_carea' id='block_1_56' title="bbox 567 4002 2160 4074">
    <p class='ocr_par' dir='ltr' id='par_1_56' title="bbox 567 4002 2160 4074">
     <span class='ocr_line' id='line_1_56' title="bbox 567 4002 2160 4074; baseline -0.001 -12"><span class='ocrx_word' id='word_1_389' title='bbox 567 4008 714 4062; x_wconf 90' lang='lat' dir='ltr'><strong>diem</strong></span> <span class='ocrx_word' id='word_1_390' title='bbox 744 4002 966 4067; x_wconf 87' lang='lat' dir='ltr'><strong>festum,</strong></span> <span class='ocrx_word' id='word_1_391' title='bbox 988 4018 1054 4056; x_wconf 77' lang='lat' dir='ltr'><strong>ex</strong></span> <span class='ocrx_word' id='word_1_392' title='bbox 1077 4019 1180 4074; x_wconf 75' lang='lat' dir='ltr'><strong>ms.</strong></span> <span class='ocrx_word' id='word_1_393' title='bbox 1209 4002 1649 4074; x_wconf 81' lang='lat' dir='ltr'><strong>eminent.card.</strong></span> <span class='ocrx_word' id='word_1_394' title='bbox 1669 4002 1958 4069; x_wconf 77' lang='lat' dir='ltr'><strong>Mazarini,</strong></span> <span class='ocrx_word' id='word_1_395' title='bbox 1982 4004 2036 4059; x_wconf 91' lang='lat' dir='ltr'><strong>in</strong></span> <span class='ocrx_word' id='word_1_396' title='bbox 2051 4002 2160 4074; x_wconf 86' lang='lat' dir='ltr'><strong>quo</strong></span> 
     </span>
    </p>
   </div>
   <div class='ocr_carea' id='block_1_57' title="bbox 566 4072 2159 4146">
    <p class='ocr_par' dir='ltr' id='par_1_57' title="bbox 566 4072 2159 4146">
     <span class='ocr_line' id='line_1_57' title="bbox 566 4072 2159 4146; baseline -0.001 -15"><span class='ocrx_word' id='word_1_397' title='bbox 566 4085 626 4132; x_wconf 89' lang='lat' dir='ltr'><strong>et</strong></span> <span class='ocrx_word' id='word_1_398' title='bbox 649 4077 770 4146; x_wconf 84' lang='lat' dir='ltr'><strong>ejus</strong></span> <span class='ocrx_word' id='word_1_399' title='bbox 782 4081 967 4146; x_wconf 78' lang='lat' dir='ltr'><strong>caput,</strong></span> <span class='ocrx_word' id='word_1_400' title='bbox 986 4072 1133 4146; x_wconf 85' lang='lat' dir='ltr'><strong>quod</strong></span> <span class='ocrx_word' id='word_1_401' title='bbox 1159 4073 1299 4126; x_wconf 88' lang='lat' dir='ltr'><strong>forte</strong></span> <span class='ocrx_word' id='word_1_402' title='bbox 1317 4072 1521 4128; x_wconf 86' lang='lat' dir='ltr'><strong>Edessa</strong></span> <span class='ocrx_word' id='word_1_403' title='bbox 1538 4076 1862 4146; x_wconf 82' lang='lat' dir='ltr'><strong>translatum</strong></span> <span class='ocrx_word' id='word_1_404' title='bbox 1876 4084 2044 4146; x_wconf 80' lang='lat' dir='ltr'><strong>esset;</strong></span> <span class='ocrx_word' id='word_1_405' title='bbox 2062 4072 2159 4130; x_wconf 79' lang='lat' dir='ltr'><strong>ubi</strong></span> 
     </span>
    </p>
   </div>
   <div class='ocr_carea' id='block_1_58' title="bbox 565 4143 2158 4214">
    <p class='ocr_par' dir='ltr' id='par_1_58' title="bbox 565 4143 2158 4214">
     <span class='ocr_line' id='line_1_58' title="bbox 565 4143 2158 4214; baseline -0.001 -12"><span class='ocrx_word' id='word_1_406' title='bbox 565 4143 700 4202; x_wconf 78' lang='lat' dir='ltr'><strong>oliui</strong></span> <span class='ocrx_word' id='word_1_407' title='bbox 720 4143 994 4214; x_wconf 82' lang='lat' dir='ltr'><strong>creditum</strong></span> <span class='ocrx_word' id='word_1_408' title='bbox 1019 4144 1142 4213; x_wconf 83' lang='lat' dir='ltr'><strong>ejus</strong></span> <span class='ocrx_word' id='word_1_409' title='bbox 1158 4157 1359 4214; x_wconf 88' lang='lat' dir='ltr'><strong>corpus</strong></span> <span class='ocrx_word' id='word_1_410' title='bbox 1371 4158 1514 4208; x_wconf 87' lang='lat' dir='ltr'><strong>esse,</strong></span> <span class='ocrx_word' id='word_1_411' title='bbox 1534 4159 1660 4198; x_wconf 89' lang='lat' dir='ltr'><strong>cum</strong></span> <span class='ocrx_word' id='word_1_412' title='bbox 1682 4145 1823 4202; x_wconf 87' lang='lat' dir='ltr'><strong>lndi.</strong></span> <span class='ocrx_word' id='word_1_413' title='bbox 1843 4145 1991 4212; x_wconf 86' lang='lat' dir='ltr'><strong>apud</strong></span> <span class='ocrx_word' id='word_1_414' title='bbox 2017 4161 2158 4214; x_wconf 87' lang='lat' dir='ltr'><strong>quos</strong></span> 
     </span>
    </p>
   </div>
   <div class='ocr_carea' id='block_1_59' title="bbox 568 4212 2159 4342">
    <p class='ocr_par' dir='ltr' id='par_1_59' title="bbox 568 4212 2159 4342">
     <span class='ocr_line' id='line_1_59' title="bbox 568 4212 2159 4342; baseline 0 -72"><span class='ocrx_word' id='word_1_415' title='bbox 568 4213 837 4342; x_wconf 47' lang='lat' dir='ltr'><strong>tineartyrio</strong></span> <span class='ocrx_word' id='word_1_416' title='bbox 857 4212 1084 4268; x_wconf 84' lang='lat' dir='ltr'><strong>functus</strong></span> <span class='ocrx_word' id='word_1_417' title='bbox 1123 4221 1230 4276; x_wconf 88' lang='lat' dir='ltr'><strong>est,</strong></span> <span class='ocrx_word' id='word_1_418' title='bbox 1247 4213 1551 4267; x_wconf 87' lang='lat' dir='ltr'><strong>etiamnum</strong></span> <span class='ocrx_word' id='word_1_419' title='bbox 1576 4225 1774 4284; x_wconf 90' lang='lat' dir='ltr'><strong>putent</strong></span> <span class='ocrx_word' id='word_1_420' title='bbox 1793 4231 1853 4270; x_wconf 85' lang='lat' dir='ltr'><strong>se</strong></span> <span class='ocrx_word' id='word_1_421' title='bbox 1876 4216 2011 4269; x_wconf 91' lang='lat' dir='ltr'><strong>illud</strong></span> <span class='ocrx_word' id='word_1_422' title='bbox 2035 4212 2159 4270; x_wconf 47' lang='lat' dir='ltr'><strong>_ha-</strong></span> 
     </span>
     <span class='ocr_line' id='line_1_60' title="bbox 645 4301 722 4340; baseline 0.026 -2"><span class='ocrx_word' id='word_1_423' title='bbox 645 4301 722 4340; x_wconf 92' lang='lat' dir='ltr'><strong>re.</strong></span> 
     </span>
    </p>
   </div>
   <div class='ocr_carea' id='block_1_60' title="bbox 645 4301 722 4340">
    <p class='ocr_par' dir='ltr' id='par_1_60' title="bbox 645 4301 722 4340">
     <span class='ocr_line' id='line_1_61' title="bbox 645 4301 722 4340; baseline 0.026 -2"><span class='ocrx_word' id='word_1_424' title='bbox 645 4301 722 4340; x_wconf 88' lang='lat' dir='ltr'><strong>re.</strong></span> 
     </span>
    </p>
   </div>
   <div class='ocr_carea' id='block_1_61' title="bbox 641 4352 2160 4426">
    <p class='ocr_par' dir='ltr' id='par_1_61' title="bbox 641 4352 2160 4426">
     <span class='ocr_line' id='line_1_62' title="bbox 641 4352 2160 4426; baseline -0.001 -15"><span class='ocrx_word' id='word_1_425' title='bbox 641 4356 790 4426; x_wconf 74' lang='lat' dir='ltr'><strong>Num</strong></span> <span class='ocrx_word' id='word_1_426' title='bbox 807 4353 1026 4408; x_wconf 86' lang='lat' dir='ltr'><strong>Baronii</strong></span> <span class='ocrx_word' id='word_1_427' title='bbox 1044 4352 1570 4426; x_wconf 10' lang='lat' dir='ltr'><strong>faciatisatisexposi</strong></span> <span class='ocrx_word' id='word_1_428' title='bbox 1580 4357 1674 4420; x_wconf 89' lang='lat' dir='ltr'><strong>tio,</strong></span> <span class='ocrx_word' id='word_1_429' title='bbox 1704 4366 1763 4411; x_wconf 92' lang='lat' dir='ltr'><strong>ut</strong></span> <span class='ocrx_word' id='word_1_430' title='bbox 1789 4372 1918 4426; x_wconf 88' lang='lat' dir='ltr'><strong>pars</strong></span> <span class='ocrx_word' id='word_1_431' title='bbox 1934 4354 2160 4410; x_wconf 84' lang='lat' dir='ltr'><strong>exuvia-</strong></span> 
     </span>
    </p>
   </div>
   <div class='ocr_carea' id='block_1_62' title="bbox 573 4423 2158 4496">
    <p class='ocr_par' dir='ltr' id='par_1_62' title="bbox 573 4423 2158 4496">
     <span class='ocr_line' id='line_1_63' title="bbox 573 4423 2158 4496; baseline -0.001 -14"><span class='ocrx_word' id='word_1_432' title='bbox 573 4442 697 4482; x_wconf 87' lang='lat' dir='ltr'><strong>rum</strong></span> <span class='ocrx_word' id='word_1_433' title='bbox 731 4425 1062 4496; x_wconf 18' lang='lat' dir='ltr'><strong>Thomazgex</strong></span> <span class='ocrx_word' id='word_1_434' title='bbox 1112 4423 1266 4478; x_wconf 83' lang='lat' dir='ltr'><strong>India</strong></span> <span class='ocrx_word' id='word_1_435' title='bbox 1311 4425 1572 4479; x_wconf 78' lang='lat' dir='ltr'><strong>Edessam</strong></span> <span class='ocrx_word' id='word_1_436' title='bbox 1602 4423 1886 4489; x_wconf 78' lang='lat' dir='ltr'><strong>translata,</strong></span> <span class='ocrx_word' id='word_1_437' title='bbox 1940 4443 2069 4496; x_wconf 91' lang='lat' dir='ltr'><strong>pars</strong></span> <span class='ocrx_word' id='word_1_438' title='bbox 2100 4427 2158 4481; x_wconf 92' lang='lat' dir='ltr'><strong>in</strong></span> 
     </span>
    </p>
   </div>
   <div class='ocr_carea' id='block_1_63' title="bbox 571 4492 2230 4591">
    <p class='ocr_par' dir='ltr' id='par_1_63' title="bbox 571 4492 2230 4591">
     <span class='ocr_line' id='line_1_64' title="bbox 571 4492 2230 4591; baseline 0.001 -41"><span class='ocrx_word' id='word_1_439' title='bbox 571 4496 726 4591; x_wconf 54' lang='lat' dir='ltr'><strong>india</strong></span> <span class='ocrx_word' id='word_1_440' title='bbox 754 4492 1052 4591; x_wconf 55' lang='lat' dir='ltr'><strong>maqserit.</strong></span> <span class='ocrx_word' id='word_1_441' title='bbox 1107 4509 1229 4591; x_wconf 55' lang='lat' dir='ltr'><strong>quae</strong></span> <span class='ocrx_word' id='word_1_442' title='bbox 1255 4503 1336 4548; x_wconf 92' lang='lat' dir='ltr'><strong>tot</strong></span> <span class='ocrx_word' id='word_1_443' title='bbox 1367 4504 1518 4591; x_wconf 45' lang='lat' dir='ltr'><strong>retin</strong></span> <span class='ocrx_word' id='word_1_444' title='bbox 1553 4492 2155 4591; x_wconf 50' lang='lat' dir='ltr'><strong>st&#39;eculis,Liter&#39;um&#39;af-</strong></span> <span class='ocrx_word' id='word_1_445' title='bbox 2187 4535 2230 4591; x_wconf 67' lang='grc' dir='ltr'><strong>υ</strong></span> 
     </span>
    </p>
   </div>
   <div class='ocr_carea' id='block_1_64' title="bbox 570 4565 2152 4636">
    <p class='ocr_par' dir='ltr' id='par_1_64' title="bbox 570 4565 2152 4636">
     <span class='ocr_line' id='line_1_65' title="bbox 570 4565 2152 4636; baseline 0 -15"><span class='ocrx_word' id='word_1_446' title='bbox 570 4568 821 4636; x_wconf 81' lang='lat' dir='ltr'><strong>fulgente</strong></span> <span class='ocrx_word' id='word_1_447' title='bbox 851 4565 1004 4636; x_wconf 21' lang='lat' dir='ltr'><strong>illis”</strong></span> <span class='ocrx_word' id='word_1_448' title='bbox 1029 4565 1290 4636; x_wconf 82' lang='lat' dir='ltr'><strong>gentibus</strong></span> <span class='ocrx_word' id='word_1_449' title='bbox 1329 4579 1426 4632; x_wconf 79' lang='lat' dir='ltr'><strong>per</strong></span> <span class='ocrx_word' id='word_1_450' title='bbox 1455 4566 1757 4636; x_wconf 65' lang='lat' dir='ltr'><strong>Europaaos</strong></span> <span class='ocrx_word' id='word_1_451' title='bbox 1817 4567 2115 4636; x_wconf 79' lang='lat' dir='ltr'><strong>Evangelia</strong></span> <span class='ocrx_word' id='word_1_452' title='bbox 2135 4606 2152 4632; x_wconf 86' lang='lat'><strong>,</strong></span> 
     </span>
    </p>
   </div>
   <div class='ocr_carea' id='block_1_65' title="bbox 572 4634 2153 4701">
    <p class='ocr_par' dir='ltr' id='par_1_65' title="bbox 572 4634 2153 4701">
     <span class='ocr_line' id='line_1_66' title="bbox 572 4634 2153 4701; baseline -0.001 -10"><span class='ocrx_word' id='word_1_453' title='bbox 572 4634 791 4691; x_wconf 79' lang='lat' dir='ltr'><strong>detecta</strong></span> <span class='ocrx_word' id='word_1_454' title='bbox 819 4634 909 4699; x_wconf 90' lang='lat' dir='ltr'><strong>sit,</strong></span> <span class='ocrx_word' id='word_1_455' title='bbox 939 4634 1031 4687; x_wconf 90' lang='lat' dir='ltr'><strong>alii</strong></span> <span class='ocrx_word' id='word_1_456' title='bbox 1063 4635 1304 4691; x_wconf 83' lang='lat' dir='ltr'><strong>viderint</strong></span> <span class='ocrx_word' id='word_1_457' title='bbox 1346 4652 1356 4686; x_wconf 90' lang='lat'>:</span> <span class='ocrx_word' id='word_1_458' title='bbox 1395 4637 1533 4690; x_wconf 76' lang='lat' dir='ltr'><strong>mihi</strong></span> <span class='ocrx_word' id='word_1_459' title='bbox 1565 4634 1794 4690; x_wconf 76' lang='lat' dir='ltr'><strong>()mnino</strong></span> <span class='ocrx_word' id='word_1_460' title='bbox 1840 4652 1951 4691; x_wconf 91' lang='lat' dir='ltr'><strong>non</strong></span> <span class='ocrx_word' id='word_1_461' title='bbox 1977 4634 2153 4701; x_wconf 53' lang='lat' dir='ltr'><strong>&#39;facit,</strong></span> 
     </span>
    </p>
   </div>
   <div class='ocr_carea' id='block_1_66' title="bbox 574 4702 2154 4776">
    <p class='ocr_par' dir='ltr' id='par_1_66' title="bbox 574 4702 2154 4776">
     <span class='ocr_line' id='line_1_67' title="bbox 574 4702 2154 4776; baseline -0.001 -16"><span class='ocrx_word' id='word_1_462' title='bbox 574 4705 814 4776; x_wconf 92' lang='lat' dir='ltr'><strong>quodet</strong></span> <span class='ocrx_word' id='word_1_463' title='bbox 842 4712 1008 4772; x_wconf 88' lang='lat' dir='ltr'><strong>caput</strong></span> <span class='ocrx_word' id='word_1_464' title='bbox 1037 4702 1519 4776; x_wconf 75' lang='lat' dir='ltr'><strong>constantiuepoli</strong></span> <span class='ocrx_word' id='word_1_465' title='bbox 1575 4715 1632 4761; x_wconf 93' lang='lat' dir='ltr'><strong>et</strong></span> <span class='ocrx_word' id='word_1_466' title='bbox 1679 4721 1882 4776; x_wconf 87' lang='lat' dir='ltr'><strong>corpus</strong></span> <span class='ocrx_word' id='word_1_467' title='bbox 1912 4706 2154 4776; x_wconf 70' lang='lat' dir='ltr'><strong>Edessse,</strong></span> 
     </span>
    </p>
   </div>
   <div class='ocr_carea' id='block_1_67' title="bbox 574 4774 2158 4846">
    <p class='ocr_par' dir='ltr' id='par_1_67' title="bbox 574 4774 2158 4846">
     <span class='ocr_line' id='line_1_68' title="bbox 574 4774 2158 4846; baseline 0 -16"><span class='ocrx_word' id='word_1_468' title='bbox 574 4774 691 4846; x_wconf 87' lang='lat' dir='ltr'><strong>pari</strong></span> <span class='ocrx_word' id='word_1_469' title='bbox 717 4775 836 4846; x_wconf 80' lang='lat' dir='ltr'><strong>fere</strong></span> <span class='ocrx_word' id='word_1_470' title='bbox 864 4774 1225 4846; x_wconf 65' lang='lat' dir='ltr'><strong>veneratione</strong></span> <span class='ocrx_word' id='word_1_471' title='bbox 1250 4789 1315 4829; x_wconf 87' lang='lat' dir='ltr'><strong>ac</strong></span> <span class='ocrx_word' id='word_1_472' title='bbox 1362 4777 1552 4831; x_wconf 64' lang='lat' dir='ltr'><strong>Romae</strong></span> <span class='ocrx_word' id='word_1_473' title='bbox 1598 4774 1972 4846; x_wconf 82' lang='lat' dir='ltr'><strong>apostolorum</strong></span> <span class='ocrx_word' id='word_1_474' title='bbox 2008 4775 2158 4831; x_wconf 86' lang='lat' dir='ltr'><strong>Petri</strong></span> 
     </span>
    </p>
   </div>
   <div class='ocr_carea' id='block_1_68' title="bbox 573 4841 2159 4916">
    <p class='ocr_par' dir='ltr' id='par_1_68' title="bbox 573 4841 2159 4916">
     <span class='ocr_line' id='line_1_69' title="bbox 573 4841 2159 4916; baseline 0.001 -18"><span class='ocrx_word' id='word_1_475' title='bbox 573 4841 631 4900; x_wconf 73' lang='lat' dir='ltr'><strong>et</strong></span> <span class='ocrx_word' id='word_1_476' title='bbox 670 4843 848 4916; x_wconf 74' lang='lat' dir='ltr'><strong>Pauli,</strong></span> <span class='ocrx_word' id='word_1_477' title='bbox 891 4853 952 4916; x_wconf 79' lang='lat' dir='ltr'><strong>ut</strong></span> <span class='ocrx_word' id='word_1_478' title='bbox 979 4841 1266 4916; x_wconf 75' lang='lat' dir='ltr'><strong>Clirysost.</strong></span> <span class='ocrx_word' id='word_1_479' title='bbox 1295 4854 1492 4899; x_wconf 91' lang='lat' dir='ltr'><strong>auctor</strong></span> <span class='ocrx_word' id='word_1_480' title='bbox 1525 4841 1647 4910; x_wconf 64' lang='lat' dir='ltr'><strong>est,</strong></span> <span class='ocrx_word' id='word_1_481' title='bbox 1694 4856 1751 4900; x_wconf 89' lang='lat' dir='ltr'><strong>ct</strong></span> <span class='ocrx_word' id='word_1_482' title='bbox 1778 4846 1926 4915; x_wconf 90' lang='lat' dir='ltr'><strong>quod</strong></span> <span class='ocrx_word' id='word_1_483' title='bbox 1961 4847 2159 4901; x_wconf 86' lang='lat' dir='ltr'><strong>inven-</strong></span> 
     </span>
    </p>
   </div>
   <div class='ocr_carea' id='block_1_69' title="bbox 575 4914 2163 4987">
    <p class='ocr_par' dir='ltr' id='par_1_69' title="bbox 575 4914 2163 4987">
     <span class='ocr_line' id='line_1_70' title="bbox 575 4914 2163 4987; baseline -0.001 -18"><span class='ocrx_word' id='word_1_484' title='bbox 575 4927 698 4987; x_wconf 8' lang='lat' dir='ltr'><strong>tum,</strong></span> <span class='ocrx_word' id='word_1_485' title='bbox 727 4915 783 4969; x_wconf 89' lang='lat' dir='ltr'><strong>in</strong></span> <span class='ocrx_word' id='word_1_486' title='bbox 811 4914 963 4969; x_wconf 84' lang='lat' dir='ltr'><strong>ludia</strong></span> <span class='ocrx_word' id='word_1_487' title='bbox 982 4914 1202 4987; x_wconf 68' lang='lat' dir='ltr'><strong>corpus</strong></span> <span class='ocrx_word' id='word_1_488' title='bbox 1232 4932 1357 4968; x_wconf 90' lang='lat' dir='ltr'><strong>cum</strong></span> <span class='ocrx_word' id='word_1_489' title='bbox 1391 4914 1982 4987; x_wconf 29' lang='lat' dir='ltr'><strong>instrumentisfipsius</strong></span> <span class='ocrx_word' id='word_1_490' title='bbox 2015 4930 2163 4970; x_wconf 83' lang='lat' dir='ltr'><strong>mar-</strong></span> 
     </span>
    </p>
   </div>
   <div class='ocr_carea' id='block_1_70' title="bbox 575 4984 2160 5055">
    <p class='ocr_par' dir='ltr' id='par_1_70' title="bbox 575 4984 2160 5055">
     <span class='ocr_line' id='line_1_71' title="bbox 575 4984 2160 5055; baseline 0.001 -17"><span class='ocrx_word' id='word_1_491' title='bbox 575 4985 702 5055; x_wconf 85' lang='lat' dir='ltr'><strong>tyrii</strong></span> <span class='ocrx_word' id='word_1_492' title='bbox 726 5025 741 5049; x_wconf 94' lang='lat'><strong>,</strong></span> <span class='ocrx_word' id='word_1_493' title='bbox 778 4994 836 5055; x_wconf 81' lang='lat' dir='ltr'><strong>et</strong></span> <span class='ocrx_word' id='word_1_494' title='bbox 869 4984 1031 5054; x_wconf 88' lang='lat' dir='ltr'><strong>quale</strong></span> <span class='ocrx_word' id='word_1_495' title='bbox 1061 4984 1314 5039; x_wconf 81' lang='lat' dir='ltr'><strong>veterum</strong></span> <span class='ocrx_word' id='word_1_496' title='bbox 1347 4987 1666 5041; x_wconf 85' lang='lat' dir='ltr'><strong>narratione</strong></span> <span class='ocrx_word' id='word_1_497' title='bbox 1709 4984 2012 5046; x_wconf 81' lang='lat' dir='ltr'><strong>habemus,</strong></span> <span class='ocrx_word' id='word_1_498' title='bbox 2048 5002 2160 5040; x_wconf 90' lang='lat' dir='ltr'><strong>non</strong></span> 
     </span>
    </p>
   </div>
   <div class='ocr_carea' id='block_1_71' title="bbox 573 5054 2163 5126">
    <p class='ocr_par' dir='ltr' id='par_1_71' title="bbox 573 5054 2163 5126">
     <span class='ocr_line' id='line_1_72' title="bbox 573 5054 2163 5126; baseline -0.001 -17"><span class='ocrx_word' id='word_1_499' title='bbox 573 5054 860 5126; x_wconf 47' lang='lat' dir='ltr'><strong>particular.</strong></span> <span class='ocrx_word' id='word_1_500' title='bbox 909 5055 1183 5126; x_wconf 72' lang='lat' dir='ltr'><strong>corporis,</strong></span> <span class='ocrx_word' id='word_1_501' title='bbox 1224 5070 1367 5126; x_wconf 26' lang='lat' dir='ltr'><strong>Acum‘</strong></span> <span class='ocrx_word' id='word_1_502' title='bbox 1423 5065 1611 5110; x_wconf 89' lang='lat' dir='ltr'><strong>tamen</strong></span> <span class='ocrx_word' id='word_1_503' title='bbox 1663 5057 1748 5126; x_wconf 89' lang='lat' dir='ltr'><strong>(ut</strong></span> <span class='ocrx_word' id='word_1_504' title='bbox 1804 5055 1943 5112; x_wconf 81' lang='lat' dir='ltr'><strong>ﬁdes</strong></span> <span class='ocrx_word' id='word_1_505' title='bbox 1975 5058 2163 5126; x_wconf 84' lang='lat' dir='ltr'><strong>aliqua</strong></span> 
     </span>
    </p>
   </div>
   <div class='ocr_carea' id='block_1_72' title="bbox 579 5123 2162 5208">
    <p class='ocr_par' dir='ltr' id='par_1_72' title="bbox 579 5123 2162 5208">
     <span class='ocr_line' id='line_1_73' title="bbox 579 5123 2162 5208; baseline -0.001 -28"><span class='ocrx_word' id='word_1_506' title='bbox 579 5123 898 5208; x_wconf 67' lang='lat' dir='ltr'><strong>pocrypbo</strong></span> <span class='ocrx_word' id='word_1_507' title='bbox 931 5123 1126 5178; x_wconf 74' lang='lat' dir='ltr'><strong>Abdia:</strong></span> <span class='ocrx_word' id='word_1_508' title='bbox 1151 5123 1418 5208; x_wconf 63' lang='lat' dir='ltr'><strong>habenda</strong></span> <span class='ocrx_word' id='word_1_509' title='bbox 1438 5127 1537 5208; x_wconf 83' lang='lat' dir='ltr'><strong>sit)</strong></span> <span class='ocrx_word' id='word_1_510' title='bbox 1573 5123 1758 5208; x_wconf 69' lang='lat' dir='ltr'><strong>statim</strong></span> <span class='ocrx_word' id='word_1_511' title='bbox 1800 5135 1924 5208; x_wconf 40' lang='lat' dir='ltr'><strong>ponst</strong></span> <span class='ocrx_word' id='word_1_512' title='bbox 1954 5123 2162 5208; x_wconf 49' lang='lat' dir='ltr'><strong>martyf</strong></span> 
     </span>
    </p>
   </div>
   <div class='ocr_carea' id='block_1_73' title="bbox 576 5195 2162 5264">
    <p class='ocr_par' dir='ltr' id='par_1_73' title="bbox 576 5195 2162 5264">
     <span class='ocr_line' id='line_1_74' title="bbox 576 5195 2162 5264; baseline 0.001 -14"><span class='ocrx_word' id='word_1_513' title='bbox 576 5199 722 5250; x_wconf 89' lang='lat' dir='ltr'><strong>rium</strong></span> <span class='ocrx_word' id='word_1_514' title='bbox 753 5195 1023 5263; x_wconf 89' lang='lat' dir='ltr'><strong>integrum</strong></span> <span class='ocrx_word' id='word_1_515' title='bbox 1049 5209 1082 5248; x_wconf 91' lang='lat' dir='ltr'><strong>e</strong></span> <span class='ocrx_word' id='word_1_516' title='bbox 1111 5195 1371 5264; x_wconf 88' lang='lat' dir='ltr'><strong>sepulcro</strong></span> <span class='ocrx_word' id='word_1_517' title='bbox 1396 5196 1543 5250; x_wconf 90' lang='lat' dir='ltr'><strong>furto</strong></span> <span class='ocrx_word' id='word_1_518' title='bbox 1579 5196 1825 5251; x_wconf 86' lang='lat' dir='ltr'><strong>ablatum</strong></span> <span class='ocrx_word' id='word_1_519' title='bbox 1860 5197 2050 5259; x_wconf 88' lang='lat' dir='ltr'><strong>fuerit,</strong></span> <span class='ocrx_word' id='word_1_520' title='bbox 2101 5195 2162 5251; x_wconf 87' lang='lat' dir='ltr'><strong>et</strong></span> 
     </span>
    </p>
   </div>
   <div class='ocr_carea' id='block_1_74' title="bbox 577 5266 2163 5333">
    <p class='ocr_par' dir='ltr' id='par_1_74' title="bbox 577 5266 2163 5333">
     <span class='ocr_line' id='line_1_75' title="bbox 577 5266 2163 5333; baseline 0.001 -14"><span class='ocrx_word' id='word_1_521' title='bbox 577 5267 840 5319; x_wconf 82' lang='lat' dir='ltr'><strong>Edessam</strong></span> <span class='ocrx_word' id='word_1_522' title='bbox 886 5273 1230 5332; x_wconf 86' lang='lat' dir='ltr'><strong>asportatum</strong></span> <span class='ocrx_word' id='word_1_523' title='bbox 1255 5304 1270 5326; x_wconf 90' lang='lat'><strong>,</strong></span> <span class='ocrx_word' id='word_1_524' title='bbox 1308 5266 1502 5320; x_wconf 90' lang='lat' dir='ltr'><strong>relicto</strong></span> <span class='ocrx_word' id='word_1_525' title='bbox 1538 5270 1749 5320; x_wconf 90' lang='lat' dir='ltr'><strong>tumulo</strong></span> <span class='ocrx_word' id='word_1_526' title='bbox 1793 5280 2023 5333; x_wconf 66' lang='lat' dir='ltr'><strong>prorsus</strong></span> <span class='ocrx_word' id='word_1_527' title='bbox 2063 5281 2163 5320; x_wconf 90' lang='lat' dir='ltr'><strong>va-</strong></span> 
     </span>
    </p>
   </div>
   <div class='ocr_carea' id='block_1_75' title="bbox 577 5335 2164 5402">
    <p class='ocr_par' dir='ltr' id='par_1_75' title="bbox 577 5335 2164 5402">
     <span class='ocr_line' id='line_1_76' title="bbox 577 5335 2164 5402; baseline -0.001 -13"><span class='ocrx_word' id='word_1_528' title='bbox 577 5352 704 5396; x_wconf 87' lang='lat' dir='ltr'><strong>cuo,</strong></span> <span class='ocrx_word' id='word_1_529' title='bbox 739 5337 926 5400; x_wconf 82' lang='lat' dir='ltr'><strong>sicque</strong></span> <span class='ocrx_word' id='word_1_530' title='bbox 964 5343 1205 5402; x_wconf 85' lang='lat' dir='ltr'><strong>reperto,</strong></span> <span class='ocrx_word' id='word_1_531' title='bbox 1239 5344 1301 5388; x_wconf 91' lang='lat' dir='ltr'><strong>ut</strong></span> <span class='ocrx_word' id='word_1_532' title='bbox 1327 5335 1421 5388; x_wconf 89' lang='lat' dir='ltr'><strong>illo</strong></span> <span class='ocrx_word' id='word_1_533' title='bbox 1455 5335 1598 5388; x_wconf 88' lang='lat' dir='ltr'><strong>libro</strong></span> <span class='ocrx_word' id='word_1_534' title='bbox 1639 5348 1916 5389; x_wconf 88' lang='lat' dir='ltr'><strong>narratur.</strong></span> <span class='ocrx_word' id='word_1_535' title='bbox 1967 5337 2164 5388; x_wconf 85' lang='lat' dir='ltr'><strong>Putem</strong></span> 
     </span>
    </p>
   </div>
   <div class='ocr_carea' id='block_1_76' title="bbox 578 5405 2166 5474">
    <p class='ocr_par' dir='ltr' id='par_1_76' title="bbox 578 5405 2166 5474">
     <span class='ocr_line' id='line_1_77' title="bbox 578 5405 2166 5474; baseline 0.002 -17"><span class='ocrx_word' id='word_1_536' title='bbox 578 5407 752 5474; x_wconf 85' lang='lat' dir='ltr'><strong>magis</strong></span> <span class='ocrx_word' id='word_1_537' title='bbox 784 5406 839 5457; x_wconf 90' lang='lat' dir='ltr'><strong>in</strong></span> <span class='ocrx_word' id='word_1_538' title='bbox 867 5419 934 5457; x_wconf 89' lang='lat' dir='ltr'><strong>eo</strong></span> <span class='ocrx_word' id='word_1_539' title='bbox 961 5405 1277 5474; x_wconf 80' lang='lat' dir='ltr'><strong>contigisse,</strong></span> <span class='ocrx_word' id='word_1_540' title='bbox 1304 5405 1450 5473; x_wconf 89' lang='lat' dir='ltr'><strong>quod</strong></span> <span class='ocrx_word' id='word_1_541' title='bbox 1473 5406 1540 5458; x_wconf 71' lang='lat' dir='ltr'><strong>in</strong></span> <span class='ocrx_word' id='word_1_542' title='bbox 1575 5405 1836 5474; x_wconf 86' lang='lat' dir='ltr'><strong>Stephani</strong></span> <span class='ocrx_word' id='word_1_543' title='bbox 1859 5415 2166 5474; x_wconf 87' lang='lat' dir='ltr'><strong>protomar-</strong></span> 
     </span>
    </p>
   </div>
   <div class='ocr_carea' id='block_1_77' title="bbox 581 5473 2162 5544">
    <p class='ocr_par' dir='ltr' id='par_1_77' title="bbox 581 5473 2162 5544">
     <span class='ocr_line' id='line_1_78' title="bbox 581 5473 2162 5544; baseline 0.001 -17"><span class='ocrx_word' id='word_1_544' title='bbox 581 5473 720 5544; x_wconf 76' lang='lat' dir='ltr'><strong>tyris</strong></span> <span class='ocrx_word' id='word_1_545' title='bbox 766 5489 1028 5542; x_wconf 85' lang='lat' dir='ltr'><strong>corpore,</strong></span> <span class='ocrx_word' id='word_1_546' title='bbox 1073 5473 1222 5539; x_wconf 90' lang='lat' dir='ltr'><strong>quod</strong></span> <span class='ocrx_word' id='word_1_547' title='bbox 1275 5474 1330 5527; x_wconf 92' lang='lat' dir='ltr'><strong>in</strong></span> <span class='ocrx_word' id='word_1_548' title='bbox 1379 5474 1640 5542; x_wconf 69' lang='lat' dir='ltr'><strong>Baptistae</strong></span> <span class='ocrx_word' id='word_1_549' title='bbox 1674 5473 2162 5543; x_wconf 27' lang='lat' dir='ltr'><strong>’capitel’tomano,</strong></span> 
     </span>
    </p>
   </div>
   <div class='ocr_carea' id='block_1_78' title="bbox 581 5543 2164 5614">
    <p class='ocr_par' dir='ltr' id='par_1_78' title="bbox 581 5543 2164 5614">
     <span class='ocr_line' id='line_1_79' title="bbox 581 5543 2164 5614; baseline 0.001 -16"><span class='ocrx_word' id='word_1_550' title='bbox 581 5543 904 5614; x_wconf 77' lang='lat' dir='ltr'><strong>Angeliaco,</strong></span> <span class='ocrx_word' id='word_1_551' title='bbox 932 5543 1290 5614; x_wconf 86' lang='lat' dir='ltr'><strong>Ambianensi</strong></span> <span class='ocrx_word' id='word_1_552' title='bbox 1325 5545 1470 5612; x_wconf 87' lang='lat' dir='ltr'><strong>(ipso</strong></span> <span class='ocrx_word' id='word_1_553' title='bbox 1494 5545 1625 5598; x_wconf 89' lang='lat' dir='ltr'><strong>olim</strong></span> <span class='ocrx_word' id='word_1_554' title='bbox 1652 5544 2164 5614; x_wconf 87' lang='lat' dir='ltr'><strong>Constantinopoli-</strong></span> 
     </span>
    </p>
   </div>
   <div class='ocr_carea' id='block_1_79' title="bbox 587 5613 2165 5682">
    <p class='ocr_par' dir='ltr' id='par_1_79' title="bbox 587 5613 2165 5682">
     <span class='ocr_line' id='line_1_80' title="bbox 587 5613 2165 5682; baseline 0.002 -14"><span class='ocrx_word' id='word_1_555' title='bbox 587 5613 781 5680; x_wconf 78' lang='lat' dir='ltr'><strong>lano);</strong></span> <span class='ocrx_word' id='word_1_556' title='bbox 822 5628 928 5682; x_wconf 90' lang='lat' dir='ltr'><strong>qua</strong></span> <span class='ocrx_word' id='word_1_557' title='bbox 963 5613 1031 5666; x_wconf 90' lang='lat' dir='ltr'><strong>de</strong></span> <span class='ocrx_word' id='word_1_558' title='bbox 1059 5629 1137 5675; x_wconf 82' lang='lat' dir='ltr'><strong>re,</strong></span> <span class='ocrx_word' id='word_1_559' title='bbox 1174 5614 1239 5666; x_wconf 86' lang='lat' dir='ltr'><strong>ad</strong></span> <span class='ocrx_word' id='word_1_560' title='bbox 1299 5615 1675 5668; x_wconf 84' lang='lat' dir='ltr'><strong>narrationem</strong></span> <span class='ocrx_word' id='word_1_561' title='bbox 1715 5615 1785 5669; x_wconf 88' lang='lat' dir='ltr'><strong>de</strong></span> <span class='ocrx_word' id='word_1_562' title='bbox 1840 5613 2165 5671; x_wconf 84' lang='lat' dir='ltr'><strong>inventione</strong></span> 
     </span>
    </p>
   </div>
   <div class='ocr_carea' id='block_1_80' title="bbox 587 5682 2161 5752">
    <p class='ocr_par' dir='ltr' id='par_1_80' title="bbox 587 5682 2161 5752">
     <span class='ocr_line' id='line_1_81' title="bbox 587 5682 2161 5752; baseline 0 -14"><span class='ocrx_word' id='word_1_563' title='bbox 587 5685 838 5752; x_wconf 88' lang='lat' dir='ltr'><strong>corporis</strong></span> <span class='ocrx_word' id='word_1_564' title='bbox 867 5682 1114 5751; x_wconf 84' lang='lat' dir='ltr'><strong>ejusdem</strong></span> <span class='ocrx_word' id='word_1_565' title='bbox 1143 5683 1433 5752; x_wconf 85' lang='lat' dir='ltr'><strong>Stephani,</strong></span> <span class='ocrx_word' id='word_1_566' title='bbox 1499 5695 1555 5738; x_wconf 91' lang='lat' dir='ltr'><strong>et</strong></span> <span class='ocrx_word' id='word_1_567' title='bbox 1595 5685 1960 5740; x_wconf 87' lang='lat' dir='ltr'><strong>translatione</strong></span> <span class='ocrx_word' id='word_1_568' title='bbox 2017 5686 2161 5741; x_wconf 83' lang='lat' dir='ltr'><strong>Con-</strong></span> 
     </span>
    </p>
   </div>
   <div class='ocr_carea' id='block_1_81' title="bbox 586 5753 2169 5824">
    <p class='ocr_par' dir='ltr' id='par_1_81' title="bbox 586 5753 2169 5824">
     <span class='ocr_line' id='line_1_82' title="bbox 586 5753 2169 5824; baseline 0.001 -17"><span class='ocrx_word' id='word_1_569' title='bbox 586 5754 1030 5824; x_wconf 79' lang='lat' dir='ltr'><strong>stantinopolim,</strong></span> <span class='ocrx_word' id='word_1_570' title='bbox 1068 5753 1434 5824; x_wconf 83' lang='lat' dir='ltr'><strong>Constantino</strong></span> <span class='ocrx_word' id='word_1_571' title='bbox 1464 5753 1796 5824; x_wconf 87' lang='lat' dir='ltr'><strong>imperatore</strong></span> <span class='ocrx_word' id='word_1_572' title='bbox 1850 5765 1906 5809; x_wconf 90' lang='lat' dir='ltr'><strong>et</strong></span> <span class='ocrx_word' id='word_1_573' title='bbox 1963 5757 2169 5810; x_wconf 79' lang='lat' dir='ltr'><strong>Metro-</strong></span> 
     </span>
    </p>
   </div>
   <div class='ocr_carea' id='block_1_82' title="bbox 589 5822 2165 5897">
    <p class='ocr_par' dir='ltr' id='par_1_82' title="bbox 589 5822 2165 5897">
     <span class='ocr_line' id='line_1_83' title="bbox 589 5822 2165 5897; baseline 0.003 -21"><span class='ocrx_word' id='word_1_574' title='bbox 589 5822 770 5894; x_wconf 77' lang='lat' dir='ltr'><strong>pbane</strong></span> <span class='ocrx_word' id='word_1_575' title='bbox 791 5822 1048 5894; x_wconf 84' lang='lat' dir='ltr'><strong>episcopo</strong></span> <span class='ocrx_word' id='word_1_576' title='bbox 1080 5843 1092 5878; x_wconf 91' lang='lat'><strong>:</strong></span> <span class='ocrx_word' id='word_1_577' title='bbox 1119 5824 1264 5893; x_wconf 87' lang='lat' dir='ltr'><strong>quod</strong></span> <span class='ocrx_word' id='word_1_578' title='bbox 1291 5822 1616 5893; x_wconf 39' lang='lat' dir='ltr'><strong>denique—in</strong></span> <span class='ocrx_word' id='word_1_579' title='bbox 1649 5824 1964 5897; x_wconf 76' lang='lat' dir='ltr'><strong>Magdalena</strong></span> <span class='ocrx_word' id='word_1_580' title='bbox 1996 5827 2165 5881; x_wconf 71' lang='lat' dir='ltr'><strong>Vele-</strong></span> 
     </span>
    </p>
   </div>
   <div class='ocr_carea' id='block_1_83' title="bbox 2235 1964 3829 2043">
    <p class='ocr_par' dir='ltr' id='par_1_83' title="bbox 2235 1964 3829 2043">
     <span class='ocr_line' id='line_1_84' title="bbox 2235 1964 3829 2043; baseline -0.004 -19"><span class='ocrx_word' id='word_1_581' title='bbox 2235 1971 2337 2043; x_wconf 81' lang='grc' dir='ltr'><strong>βιῳ</strong></span> <span class='ocrx_word' id='word_1_582' title='bbox 2359 1972 2454 2025; x_wconf 77' lang='grc' dir='ltr'><strong>καὶ</strong></span> <span class='ocrx_word' id='word_1_583' title='bbox 2482 1969 2561 2040; x_wconf 81' lang='grc' dir='ltr'><strong>τῷ</strong></span> <span class='ocrx_word' id='word_1_584' title='bbox 2587 1969 2818 2041; x_wconf 77' lang='grc' dir='ltr'><strong>σαρκεῳ,</strong></span> <span class='ocrx_word' id='word_1_585' title='bbox 2850 1970 2953 2022; x_wconf 84' lang='grc' dir='ltr'><strong>οὐκ</strong></span> <span class='ocrx_word' id='word_1_586' title='bbox 2981 1967 3112 2023; x_wconf 74' lang='grc' dir='ltr'><strong>ἄλλο</strong></span> <span class='ocrx_word' id='word_1_587' title='bbox 3137 1985 3192 2021; x_wconf 87' lang='grc' dir='ltr'><strong>τι</strong></span> <span class='ocrx_word' id='word_1_588' title='bbox 3223 1967 3257 2038; x_wconf 80' lang='grc' dir='ltr'>ἢ</span> <span class='ocrx_word' id='word_1_589' title='bbox 3289 1966 3448 2030; x_wconf 81' lang='grc' dir='ltr'><strong>δόξαν</strong></span> <span class='ocrx_word' id='word_1_590' title='bbox 3470 1965 3530 2018; x_wconf 77' lang='grc' dir='ltr'><strong>ιν</strong></span> <span class='ocrx_word' id='word_1_591' title='bbox 3556 1981 3616 2018; x_wconf 84' lang='grc' dir='ltr'><strong>τε</strong></span> <span class='ocrx_word' id='word_1_592' title='bbox 3644 1964 3829 2031; x_wconf 78' lang='grc' dir='ltr'><strong>λόγοις</strong></span> 
     </span>
    </p>
   </div>
   <div class='ocr_carea' id='block_1_84' title="bbox 2233 2057 3832 2134">
    <p class='ocr_par' dir='ltr' id='par_1_84' title="bbox 2233 2057 3832 2134">
     <span class='ocr_line' id='line_1_85' title="bbox 2233 2057 3832 2134; baseline -0.004 -16"><span class='ocrx_word' id='word_1_593' title='bbox 2233 2068 2331 2118; x_wconf 81' lang='grc' dir='ltr'><strong>καὶ</strong></span> <span class='ocrx_word' id='word_1_594' title='bbox 2362 2063 2549 2134; x_wconf 74' lang='grc' dir='ltr'><strong>ἔργοις</strong></span> <span class='ocrx_word' id='word_1_595' title='bbox 2580 2059 2977 2131; x_wconf 75' lang='grc' dir='ltr'><strong>κατειργάζετο</strong></span> <span class='ocrx_word' id='word_1_596' title='bbox 3021 2059 3103 2131; x_wconf 79' lang='grc' dir='ltr'><strong>τῷ</strong></span> <span class='ocrx_word' id='word_1_597' title='bbox 3145 2060 3346 2130; x_wconf 79' lang='grc' dir='ltr'><strong>Πατρὶ,</strong></span> <span class='ocrx_word' id='word_1_598' title='bbox 3395 2057 3579 2130; x_wconf 77' lang='grc' dir='ltr'><strong>πολλῷ</strong></span> <span class='ocrx_word' id='word_1_599' title='bbox 3625 2057 3832 2128; x_wconf 67' lang='grc' dir='ltr'><strong>μᾶλλον</strong></span> 
     </span>
    </p>
   </div>
   <div class='ocr_carea' id='block_1_85' title="bbox 2234 2150 3831 2224">
    <p class='ocr_par' dir='ltr' id='par_1_85' title="bbox 2234 2150 3831 2224">
     <span class='ocr_line' id='line_1_86' title="bbox 2234 2150 3831 2224; baseline -0.004 -14"><span class='ocrx_word' id='word_1_600' title='bbox 2234 2155 2327 2210; x_wconf 82' lang='grc' dir='ltr'><strong>τοῦ</strong></span> <span class='ocrx_word' id='word_1_601' title='bbox 2364 2153 2618 2224; x_wconf 84' lang='grc' dir='ltr'><strong>σώματος</strong></span> <span class='ocrx_word' id='word_1_602' title='bbox 2643 2151 2961 2217; x_wconf 75' lang='grc' dir='ltr'><strong>ἀπολυθεὶς,</strong></span> <span class='ocrx_word' id='word_1_603' title='bbox 2998 2152 3094 2206; x_wconf 75' lang='grc' dir='ltr'><strong>καὶ</strong></span> <span class='ocrx_word' id='word_1_604' title='bbox 3123 2151 3203 2222; x_wconf 71' lang='grc' dir='ltr'><strong>τῷ</strong></span> <span class='ocrx_word' id='word_1_605' title='bbox 3231 2150 3508 2222; x_wconf 79' lang='grc' dir='ltr'><strong>πνεύματι</strong></span> <span class='ocrx_word' id='word_1_606' title='bbox 3529 2151 3653 2223; x_wconf 72' lang='grc' dir='ltr'><strong>Θεῷ</strong></span> <span class='ocrx_word' id='word_1_607' title='bbox 3691 2166 3831 2220; x_wconf 86' lang='grc' dir='ltr'><strong>συγ-</strong></span> 
     </span>
    </p>
   </div>
   <div class='ocr_carea' id='block_1_86' title="bbox 2235 2238 3832 2318">
    <p class='ocr_par' dir='ltr' id='par_1_86' title="bbox 2235 2238 3832 2318">
     <span class='ocr_line' id='line_1_87' title="bbox 2235 2238 3832 2318; baseline -0.004 -18"><span class='ocrx_word' id='word_1_608' title='bbox 2235 2247 2484 2318; x_wconf 77' lang='grc' dir='ltr'><strong>κραθεὶς,</strong></span> <span class='ocrx_word' id='word_1_609' title='bbox 2514 2245 2821 2314; x_wconf 77' lang='grc' dir='ltr'><strong>ἀκαμάτως</strong></span> <span class='ocrx_word' id='word_1_610' title='bbox 2845 2261 2906 2297; x_wconf 79' lang='grc' dir='ltr'><strong>τε</strong></span> <span class='ocrx_word' id='word_1_611' title='bbox 2935 2244 3029 2298; x_wconf 73' lang='grc' dir='ltr'><strong>καὶ</strong></span> <span class='ocrx_word' id='word_1_612' title='bbox 3053 2243 3323 2314; x_wconf 79' lang='grc' dir='ltr'><strong>ἀχρόνως.</strong></span> <span class='ocrx_word' id='word_1_613' title='bbox 3348 2238 3438 2300; x_wconf 76' lang='grc' dir='ltr'><strong>οἷά</strong></span> <span class='ocrx_word' id='word_1_614' title='bbox 3466 2261 3552 2306; x_wconf 83' lang='grc' dir='ltr'><strong>τις</strong></span> <span class='ocrx_word' id='word_1_615' title='bbox 3577 2243 3832 2313; x_wconf 80' lang='grc' dir='ltr'><strong>οὐράνιος</strong></span> 
     </span>
    </p>
   </div>
   <div class='ocr_carea' id='block_1_87' title="bbox 2237 2333 3834 2405">
    <p class='ocr_par' dir='ltr' id='par_1_87' title="bbox 2237 2333 3834 2405">
     <span class='ocr_line' id='line_1_88' title="bbox 2237 2333 3834 2405; baseline -0.003 -14"><span class='ocrx_word' id='word_1_616' title='bbox 2237 2337 2384 2403; x_wconf 85' lang='grc' dir='ltr'><strong>νοῦς.</strong></span> <span class='ocrx_word' id='word_1_617' title='bbox 2417 2337 2516 2405; x_wconf 82' lang='grc' dir='ltr'><strong>τὴν</strong></span> <span class='ocrx_word' id='word_1_618' title='bbox 2539 2337 2868 2405; x_wconf 76' lang='grc' dir='ltr'><strong>οἰκουμένην</strong></span> <span class='ocrx_word' id='word_1_619' title='bbox 2895 2333 3079 2396; x_wconf 77' lang='grc' dir='ltr'><strong>διιὼν,</strong></span> <span class='ocrx_word' id='word_1_620' title='bbox 3114 2333 3211 2387; x_wconf 72' lang='grc' dir='ltr'><strong>καὶ</strong></span> <span class='ocrx_word' id='word_1_621' title='bbox 3236 2333 3448 2388; x_wconf 77' lang='grc' dir='ltr'><strong>ἄνωθεν</strong></span> <span class='ocrx_word' id='word_1_622' title='bbox 3475 2334 3690 2397; x_wconf 79' lang='grc' dir='ltr'><strong>πάντας</strong></span> <span class='ocrx_word' id='word_1_623' title='bbox 3713 2333 3834 2403; x_wconf 68' lang='grc' dir='ltr'><strong>ἁμα</strong></span> 
     </span>
    </p>
   </div>
   <div class='ocr_carea' id='block_1_88' title="bbox 2238 2425 3836 2500">
    <p class='ocr_par' dir='ltr' id='par_1_88' title="bbox 2238 2425 3836 2500">
     <span class='ocr_line' id='line_1_89' title="bbox 2238 2425 3836 2500; baseline -0.005 -14"><span class='ocrx_word' id='word_1_624' title='bbox 2238 2430 2607 2499; x_wconf 80' lang='grc' dir='ltr'><strong>καταθεωρῶν</strong></span> <span class='ocrx_word' id='word_1_625' title='bbox 2627 2448 2640 2462; x_wconf 78' lang='grc' dir='ltr'><strong><em>ο</em></strong></span> <span class='ocrx_word' id='word_1_626' title='bbox 2666 2429 2807 2500; x_wconf 76' lang='grc' dir='ltr'><strong>πρὸς</strong></span> <span class='ocrx_word' id='word_1_627' title='bbox 2834 2426 3057 2481; x_wconf 67' lang='grc' dir='ltr'><strong>ἔπαινόν</strong></span> <span class='ocrx_word' id='word_1_628' title='bbox 3075 2441 3138 2480; x_wconf 75' lang='grc' dir='ltr'><strong>τι</strong></span> <span class='ocrx_word' id='word_1_629' title='bbox 3159 2425 3261 2481; x_wconf 57' lang='lat' dir='ltr'><strong>sui.</strong></span> <span class='ocrx_word' id='word_1_630' title='bbox 3281 2425 3464 2492; x_wconf 81' lang='grc' dir='ltr'><strong>δόξαν,</strong></span> <span class='ocrx_word' id='word_1_631' title='bbox 3487 2425 3577 2481; x_wconf 77' lang='grc' dir='ltr'><strong>διὰ</strong></span> <span class='ocrx_word' id='word_1_632' title='bbox 3600 2425 3703 2496; x_wconf 80' lang='grc' dir='ltr'><strong>τῆς</strong></span> <span class='ocrx_word' id='word_1_633' title='bbox 3723 2425 3836 2479; x_wconf 74' lang='grc' dir='ltr'><strong>τῶν</strong></span> 
     </span>
    </p>
   </div>
   <div class='ocr_carea' id='block_1_89' title="bbox 2238 2518 3834 2595">
    <p class='ocr_par' dir='ltr' id='par_1_89' title="bbox 2238 2518 3834 2595">
     <span class='ocr_line' id='line_1_90' title="bbox 2238 2518 3834 2595; baseline -0.008 -16"><span class='ocrx_word' id='word_1_634' title='bbox 2238 2525 2458 2580; x_wconf 72' lang='grc' dir='ltr'><strong>οἰκείων</strong></span> <span class='ocrx_word' id='word_1_635' title='bbox 2501 2523 2683 2595; x_wconf 71' lang='grc' dir='ltr'><strong>ἔργων</strong></span> <span class='ocrx_word' id='word_1_636' title='bbox 2738 2521 2836 2577; x_wconf 79' lang='grc' dir='ltr'><strong>καὶ</strong></span> <span class='ocrx_word' id='word_1_637' title='bbox 2888 2519 3080 2574; x_wconf 80' lang='grc' dir='ltr'><strong>παθῶν</strong></span> <span class='ocrx_word' id='word_1_638' title='bbox 3135 2520 3379 2592; x_wconf 79' lang='grc' dir='ltr'><strong>μνήμης,</strong></span> <span class='ocrx_word' id='word_1_639' title='bbox 3441 2518 3834 2592; x_wconf 76' lang='grc' dir='ltr'><strong>ἀναπτερῶσαι</strong></span> 
     </span>
    </p>
   </div>
   <div class='ocr_carea' id='block_1_90' title="bbox 2241 2615 2402 2672">
    <p class='ocr_par' dir='ltr' id='par_1_90' title="bbox 2241 2615 2402 2672">
     <span class='ocr_line' id='line_1_91' title="bbox 2241 2615 2402 2672; baseline -0.012 0"><span class='ocrx_word' id='word_1_640' title='bbox 2241 2615 2402 2672; x_wconf 74' lang='grc' dir='ltr'><strong>Θεοῦ.</strong></span> 
     </span>
    </p>
   </div>
   <div class='ocr_carea' id='block_1_91' title="bbox 2315 2703 3809 2780">
    <p class='ocr_par' dir='ltr' id='par_1_91' title="bbox 2315 2703 3809 2780">
     <span class='ocr_line' id='line_1_92' title="bbox 2315 2703 3809 2780; baseline -0.003 -16"><span class='ocrx_word' id='word_1_641' title='bbox 2315 2703 2488 2772; x_wconf 76' lang='grc' dir='ltr'><strong>Οὗτος</strong></span> <span class='ocrx_word' id='word_1_642' title='bbox 2519 2707 2631 2778; x_wconf 83' lang='grc' dir='ltr'><strong>γὰρ</strong></span> <span class='ocrx_word' id='word_1_643' title='bbox 2664 2706 2774 2779; x_wconf 81' lang='grc' dir='ltr'><strong>πρὸ</strong></span> <span class='ocrx_word' id='word_1_644' title='bbox 2807 2706 2906 2780; x_wconf 79' lang='grc' dir='ltr'><strong>τῆς</strong></span> <span class='ocrx_word' id='word_1_645' title='bbox 2932 2704 3028 2759; x_wconf 82' lang='grc' dir='ltr'><strong>τοῦ</strong></span> <span class='ocrx_word' id='word_1_646' title='bbox 3064 2707 3274 2776; x_wconf 81' lang='grc' dir='ltr'><strong>κόσμου</strong></span> <span class='ocrx_word' id='word_1_647' title='bbox 3314 2704 3621 2778; x_wconf 71' lang='grc' dir='ltr'><strong>καταϐολῆς</strong></span> <span class='ocrx_word' id='word_1_648' title='bbox 3641 2741 3658 2770; x_wconf 87' lang='grc'><strong>,</strong></span> <span class='ocrx_word' id='word_1_649' title='bbox 3694 2705 3809 2775; x_wconf 81' lang='grc' dir='ltr'><strong>σύμ</strong></span> 
     </span>
    </p>
   </div>
   <div class='ocr_carea' id='block_1_92' title="bbox 2248 2793 3834 2873">
    <p class='ocr_par' dir='ltr' id='par_1_92' title="bbox 2248 2793 3834 2873">
     <span class='ocr_line' id='line_1_93' title="bbox 2248 2793 3834 2873; baseline -0.002 -22"><span class='ocrx_word' id='word_1_650' title='bbox 2248 2813 2458 2873; x_wconf 78' lang='grc' dir='ltr'><strong>μορφος</strong></span> <span class='ocrx_word' id='word_1_651' title='bbox 2503 2794 2724 2850; x_wconf 65' lang='lat' dir='ltr'><strong>{caedat</strong></span> <span class='ocrx_word' id='word_1_652' title='bbox 2763 2795 2866 2866; x_wconf 83' lang='grc' dir='ltr'><strong>τῆς</strong></span> <span class='ocrx_word' id='word_1_653' title='bbox 2908 2793 3115 2857; x_wconf 73' lang='grc' dir='ltr'><strong>εἰκόνος</strong></span> <span class='ocrx_word' id='word_1_654' title='bbox 3163 2794 3259 2848; x_wconf 81' lang='grc' dir='ltr'><strong>τοῦ</strong></span> <span class='ocrx_word' id='word_1_655' title='bbox 3295 2793 3635 2862; x_wconf 81' lang='grc' dir='ltr'><strong>Μονογενοῦς</strong></span> <span class='ocrx_word' id='word_1_656' title='bbox 3665 2796 3834 2864; x_wconf 69' lang='grc' dir='ltr'><strong>ἑγνω·</strong></span> 
     </span>
    </p>
   </div>
   <div class='ocr_carea' id='block_1_93' title="bbox 2248 2886 3839 2962">
    <p class='ocr_par' dir='ltr' id='par_1_93' title="bbox 2248 2886 3839 2962">
     <span class='ocr_line' id='line_1_94' title="bbox 2248 2886 3839 2962; baseline -0.003 -17"><span class='ocrx_word' id='word_1_657' title='bbox 2248 2892 2446 2962; x_wconf 86' lang='grc' dir='ltr'><strong>σμένος</strong></span> <span class='ocrx_word' id='word_1_658' title='bbox 2474 2889 2570 2944; x_wconf 71' lang='lat' dir='ltr'><strong>xai.</strong></span> <span class='ocrx_word' id='word_1_659' title='bbox 2599 2887 3036 2959; x_wconf 78' lang='grc' dir='ltr'><strong>προωρισμένος,</strong></span> <span class='ocrx_word' id='word_1_660' title='bbox 3070 2886 3263 2958; x_wconf 74' lang='grc' dir='ltr'><strong>ἐπειδὴ</strong></span> <span class='ocrx_word' id='word_1_661' title='bbox 3307 2887 3408 2956; x_wconf 82' lang='grc' dir='ltr'><strong>τῆς</strong></span> <span class='ocrx_word' id='word_1_662' title='bbox 3453 2888 3776 2956; x_wconf 76' lang='grc' dir='ltr'><strong>ἐπιφανείας</strong></span> <span class='ocrx_word' id='word_1_663' title='bbox 3807 2892 3839 2940; x_wconf 75' lang='grc' dir='ltr'><strong>ό</strong></span> 
     </span>
    </p>
   </div>
   <div class='ocr_carea' id='block_1_94' title="bbox 2247 2979 3832 3056">
    <p class='ocr_par' dir='ltr' id='par_1_94' title="bbox 2247 2979 3832 3056">
     <span class='ocr_line' id='line_1_95' title="bbox 2247 2979 3832 3056; baseline -0.003 -18"><span class='ocrx_word' id='word_1_664' title='bbox 2247 2985 2440 3056; x_wconf 80' lang='grc' dir='ltr'><strong>χρόνος</strong></span> <span class='ocrx_word' id='word_1_665' title='bbox 2490 2983 2697 3054; x_wconf 84' lang='grc' dir='ltr'><strong>παρῆν,</strong></span> <span class='ocrx_word' id='word_1_666' title='bbox 2727 2982 2826 3037; x_wconf 76' lang='grc' dir='ltr'><strong>καὶ</strong></span> <span class='ocrx_word' id='word_1_667' title='bbox 2869 2983 2900 3036; x_wconf 88' lang='grc' dir='ltr'><strong>ό</strong></span> <span class='ocrx_word' id='word_1_668' title='bbox 2947 2981 3051 3052; x_wconf 83' lang='grc' dir='ltr'><strong>τῆς</strong></span> <span class='ocrx_word' id='word_1_669' title='bbox 3093 2980 3205 3034; x_wconf 86' lang='grc' dir='ltr'><strong>τῶν</strong></span> <span class='ocrx_word' id='word_1_670' title='bbox 3250 2979 3562 3034; x_wconf 79' lang='grc' dir='ltr'><strong>ἀποστόλων</strong></span> <span class='ocrx_word' id='word_1_671' title='bbox 3592 2981 3832 3050; x_wconf 75' lang='grc' dir='ltr'><strong>ἐκλογῆς</strong></span> 
     </span>
    </p>
   </div>
   <div class='ocr_carea' id='block_1_95' title="bbox 2249 3070 3828 3146">
    <p class='ocr_par' dir='ltr' id='par_1_95' title="bbox 2249 3070 3828 3146">
     <span class='ocr_line' id='line_1_96' title="bbox 2249 3070 3828 3146; baseline -0.002 -19"><span class='ocrx_word' id='word_1_672' title='bbox 2249 3073 2613 3146; x_wconf 76' lang='grc' dir='ltr'><strong>παρειστήκει</strong></span> <span class='ocrx_word' id='word_1_673' title='bbox 2650 3071 2860 3143; x_wconf 76' lang='grc' dir='ltr'><strong>καιρὸς,</strong></span> <span class='ocrx_word' id='word_1_674' title='bbox 2896 3073 3036 3141; x_wconf 77' lang='grc' dir='ltr'><strong>μετὰ</strong></span> <span class='ocrx_word' id='word_1_675' title='bbox 3061 3073 3173 3125; x_wconf 83' lang='grc' dir='ltr'><strong>τῶν</strong></span> <span class='ocrx_word' id='word_1_676' title='bbox 3200 3071 3377 3125; x_wconf 75' lang='grc' dir='ltr'><strong>ἄλλων</strong></span> <span class='ocrx_word' id='word_1_677' title='bbox 3414 3073 3508 3125; x_wconf 83' lang='grc' dir='ltr'><strong>καὶ</strong></span> <span class='ocrx_word' id='word_1_678' title='bbox 3536 3070 3710 3135; x_wconf 75' lang='grc' dir='ltr'><strong>αὐτὸς,</strong></span> <span class='ocrx_word' id='word_1_679' title='bbox 3747 3075 3828 3135; x_wconf 68' lang='lat' dir='ltr'><strong>sic.</strong></span> 
     </span>
    </p>
   </div>
   <div class='ocr_carea' id='block_1_96' title="bbox 2176 3162 3835 3255">
    <p class='ocr_par' dir='ltr' id='par_1_96' title="bbox 2176 3162 3835 3255">
     <span class='ocr_line' id='line_1_97' title="bbox 2176 3162 3835 3255; baseline -0.004 -34"><span class='ocrx_word' id='word_1_680' title='bbox 2176 3194 2220 3255; x_wconf 65' lang='grc' dir='ltr'>ο</span> <span class='ocrx_word' id='word_1_681' title='bbox 2250 3167 2351 3238; x_wconf 76' lang='grc' dir='ltr'><strong>τὴν</strong></span> <span class='ocrx_word' id='word_1_682' title='bbox 2382 3164 2536 3237; x_wconf 74' lang='grc' dir='ltr'><strong>ἱερὰν</strong></span> <span class='ocrx_word' id='word_1_683' title='bbox 2562 3164 2782 3255; x_wconf 72' lang='grc' dir='ltr'><strong>ἐκείνην</strong></span> <span class='ocrx_word' id='word_1_684' title='bbox 2805 3162 3313 3255; x_wconf 35' lang='grc' dir='ltr'><strong>ἀπήντησε-κλῆσιν</strong></span> <span class='ocrx_word' id='word_1_685' title='bbox 3336 3179 3351 3194; x_wconf 76' lang='grc' dir='ltr'><strong>ο</strong></span> <span class='ocrx_word' id='word_1_686' title='bbox 3382 3163 3475 3255; x_wconf 75' lang='grc' dir='ltr'><strong>καὶ</strong></span> <span class='ocrx_word' id='word_1_687' title='bbox 3498 3162 3716 3233; x_wconf 77' lang='grc' dir='ltr'><strong>κληθεὶς</strong></span> <span class='ocrx_word' id='word_1_688' title='bbox 3732 3203 3748 3229; x_wconf 89' lang='grc'><strong>,</strong></span> <span class='ocrx_word' id='word_1_689' title='bbox 3770 3164 3835 3215; x_wconf 82' lang='grc' dir='ltr'><strong>οὐ</strong></span> 
     </span>
    </p>
   </div>
   <div class='ocr_carea' id='block_1_97' title="bbox 2249 3252 3838 3329">
    <p class='ocr_par' dir='ltr' id='par_1_97' title="bbox 2249 3252 3838 3329">
     <span class='ocr_line' id='line_1_98' title="bbox 2249 3252 3838 3329; baseline -0.003 -18"><span class='ocrx_word' id='word_1_690' title='bbox 2249 3257 2610 3329; x_wconf 79' lang='grc' dir='ltr'><strong>παρῃτήσατο</strong></span> <span class='ocrx_word' id='word_1_691' title='bbox 2654 3253 2801 3308; x_wconf 82' lang='grc' dir='ltr'><strong>κατὰ</strong></span> <span class='ocrx_word' id='word_1_692' title='bbox 2841 3254 2972 3319; x_wconf 78' lang='grc' dir='ltr'><strong>τοὺς</strong></span> <span class='ocrx_word' id='word_1_693' title='bbox 3021 3253 3303 3326; x_wconf 72' lang='grc' dir='ltr'><strong>ῥᾳθύμους</strong></span> <span class='ocrx_word' id='word_1_694' title='bbox 3351 3252 3445 3308; x_wconf 77' lang='grc' dir='ltr'><strong>τὸν</strong></span> <span class='ocrx_word' id='word_1_695' title='bbox 3490 3254 3838 3326; x_wconf 80' lang='grc' dir='ltr'><strong>κεκληκότα·</strong></span> 
     </span>
    </p>
   </div>
   <div class='ocr_carea' id='block_1_98' title="bbox 2249 3347 3837 3420">
    <p class='ocr_par' dir='ltr' id='par_1_98' title="bbox 2249 3347 3837 3420">
     <span class='ocr_line' id='line_1_99' title="bbox 2249 3347 3837 3420; baseline -0.001 -18"><span class='ocrx_word' id='word_1_696' title='bbox 2249 3349 2360 3404; x_wconf 78' lang='grc' dir='ltr'><strong>οὐδ’</strong></span> <span class='ocrx_word' id='word_1_697' title='bbox 2387 3349 2665 3420; x_wconf 69' lang='grc' dir='ltr'><strong>ἐπήκουσε</strong></span> <span class='ocrx_word' id='word_1_698' title='bbox 2698 3348 2819 3418; x_wconf 84' lang='grc' dir='ltr'><strong>μὲν,</strong></span> <span class='ocrx_word' id='word_1_699' title='bbox 2849 3347 2978 3419; x_wconf 79' lang='grc' dir='ltr'><strong>ἄχρι</strong></span> <span class='ocrx_word' id='word_1_700' title='bbox 3022 3347 3081 3400; x_wconf 84' lang='grc' dir='ltr'><strong>δὲ</strong></span> <span class='ocrx_word' id='word_1_701' title='bbox 3109 3348 3305 3419; x_wconf 79' lang='grc' dir='ltr'><strong>καιροῦ</strong></span> <span class='ocrx_word' id='word_1_702' title='bbox 3341 3349 3713 3420; x_wconf 83' lang='grc' dir='ltr'><strong>παραμείνας,</strong></span> <span class='ocrx_word' id='word_1_703' title='bbox 3762 3350 3837 3410; x_wconf 78' lang='lat' dir='ltr'><strong>el;</strong></span> 
     </span>
    </p>
   </div>
   <div class='ocr_carea' id='block_1_99' title="bbox 2249 3438 3818 3509">
    <p class='ocr_par' dir='ltr' id='par_1_99' title="bbox 2249 3438 3818 3509">
     <span class='ocr_line' id='line_1_100' title="bbox 2249 3438 3818 3509; baseline -0.002 -12"><span class='ocrx_word' id='word_1_704' title='bbox 2249 3443 2320 3498; x_wconf 77' lang='grc' dir='ltr'><strong>τὰ</strong></span> <span class='ocrx_word' id='word_1_705' title='bbox 2344 3444 2528 3498; x_wconf 78' lang='grc' dir='ltr'><strong>ὀπίσω</strong></span> <span class='ocrx_word' id='word_1_706' title='bbox 2567 3441 2715 3498; x_wconf 81' lang='grc' dir='ltr'><strong>κατὰ</strong></span> <span class='ocrx_word' id='word_1_707' title='bbox 2753 3443 2884 3505; x_wconf 79' lang='grc' dir='ltr'><strong>τοὺς</strong></span> <span class='ocrx_word' id='word_1_708' title='bbox 2930 3440 3309 3509; x_wconf 82' lang='grc' dir='ltr'><strong>όλιγοπίστους</strong></span> <span class='ocrx_word' id='word_1_709' title='bbox 3345 3442 3690 3498; x_wconf 78' lang='grc' dir='ltr'><strong>παλινοστετ·</strong></span> <span class='ocrx_word' id='word_1_710' title='bbox 3721 3438 3818 3495; x_wconf 80' lang='grc' dir='ltr'><strong>οὐδ</strong></span> 
     </span>
    </p>
   </div>
   <div class='ocr_carea' id='block_1_100' title="bbox 2251 3721 3844 3794">
    <p class='ocr_par' dir='ltr' id='par_1_100' title="bbox 2251 3721 3844 3794">
     <span class='ocr_line' id='line_1_101' title="bbox 2251 3721 3844 3794; baseline -0.001 -13"><span class='ocrx_word' id='word_1_711' title='bbox 2251 3727 2478 3782; x_wconf 91' lang='lat' dir='ltr'><strong>liacensi</strong></span> <span class='ocrx_word' id='word_1_712' title='bbox 2504 3734 2560 3780; x_wconf 91' lang='lat' dir='ltr'><strong>et</strong></span> <span class='ocrx_word' id='word_1_713' title='bbox 2584 3736 2772 3782; x_wconf 86' lang='lat' dir='ltr'><strong>nostra</strong></span> <span class='ocrx_word' id='word_1_714' title='bbox 2791 3723 3236 3783; x_wconf 79' lang='lat' dir='ltr'><strong>Sanmaximiana</strong></span> <span class='ocrx_word' id='word_1_715' title='bbox 3266 3721 3570 3794; x_wconf 72' lang='lat' dir='ltr'><strong>provincia:</strong></span> <span class='ocrx_word' id='word_1_716' title='bbox 3589 3722 3844 3780; x_wconf 51' lang='lat' dir='ltr'><strong>Phoceu-</strong></span> 
     </span>
    </p>
   </div>
   <div class='ocr_carea' id='block_1_101' title="bbox 2254 3794 3843 3865">
    <p class='ocr_par' dir='ltr' id='par_1_101' title="bbox 2254 3794 3843 3865">
     <span class='ocr_line' id='line_1_102' title="bbox 2254 3794 3843 3865; baseline -0.003 -13"><span class='ocrx_word' id='word_1_717' title='bbox 2254 3798 2360 3862; x_wconf 89' lang='lat' dir='ltr'><strong>sis;</strong></span> <span class='ocrx_word' id='word_1_718' title='bbox 2389 3797 2800 3865; x_wconf 78' lang='lat' dir='ltr'><strong>recentior-ique</strong></span> <span class='ocrx_word' id='word_1_719' title='bbox 2824 3797 3080 3864; x_wconf 79' lang='lat' dir='ltr'><strong>exemplo</strong></span> <span class='ocrx_word' id='word_1_720' title='bbox 3113 3795 3168 3850; x_wconf 92' lang='lat' dir='ltr'><strong>in</strong></span> <span class='ocrx_word' id='word_1_721' title='bbox 3200 3795 3257 3850; x_wconf 89' lang='lat' dir='ltr'><strong>S.</strong></span> <span class='ocrx_word' id='word_1_722' title='bbox 3281 3795 3562 3850; x_wconf 77' lang='lat' dir='ltr'><strong>Vincentii</strong></span> <span class='ocrx_word' id='word_1_723' title='bbox 3599 3794 3843 3865; x_wconf 80' lang='lat' dir='ltr'><strong>Ferrerii</strong></span> 
     </span>
    </p>
   </div>
   <div class='ocr_carea' id='block_1_102' title="bbox 2254 3863 3837 3937">
    <p class='ocr_par' dir='ltr' id='par_1_102' title="bbox 2254 3863 3837 3937">
     <span class='ocr_line' id='line_1_103' title="bbox 2254 3863 3837 3937; baseline -0.003 -15"><span class='ocrx_word' id='word_1_724' title='bbox 2254 3869 2367 3922; x_wconf 87' lang='lat' dir='ltr'><strong>alio</strong></span> <span class='ocrx_word' id='word_1_725' title='bbox 2397 3868 2615 3936; x_wconf 89' lang='lat' dir='ltr'><strong>alioque</strong></span> <span class='ocrx_word' id='word_1_726' title='bbox 2640 3863 2876 3937; x_wconf 83' lang='lat' dir='ltr'><strong>corpore</strong></span> <span class='ocrx_word' id='word_1_727' title='bbox 2906 3863 3235 3937; x_wconf 77' lang='lat' dir='ltr'><strong>Venetii_s_in</strong></span> <span class='ocrx_word' id='word_1_728' title='bbox 3263 3865 3676 3937; x_wconf 76' lang='lat' dir='ltr'><strong>Britannia,--_ne</strong></span> <span class='ocrx_word' id='word_1_729' title='bbox 3697 3863 3837 3937; x_wconf 80' lang='lat' dir='ltr'><strong>quid</strong></span> 
     </span>
    </p>
   </div>
   <div class='ocr_carea' id='block_1_103' title="bbox 2256 3933 3844 4004">
    <p class='ocr_par' dir='ltr' id='par_1_103' title="bbox 2256 3933 3844 4004">
     <span class='ocr_line' id='line_1_104' title="bbox 2256 3933 3844 4004; baseline -0.001 -14"><span class='ocrx_word' id='word_1_730' title='bbox 2256 3938 2436 3990; x_wconf 84' lang='lat' dir='ltr'><strong>dicam</strong></span> <span class='ocrx_word' id='word_1_731' title='bbox 2469 3933 2541 3990; x_wconf 80' lang='lat' dir='ltr'><strong>de</strong></span> <span class='ocrx_word' id='word_1_732' title='bbox 2581 3933 2874 3992; x_wconf 78' lang='lat' dir='ltr'><strong>Vincentio</strong></span> <span class='ocrx_word' id='word_1_733' title='bbox 2910 3937 3077 3990; x_wconf 88' lang='lat' dir='ltr'><strong>levita</strong></span> <span class='ocrx_word' id='word_1_734' title='bbox 3118 3933 3414 3990; x_wconf 73' lang='lat' dir='ltr'><strong>Valentino</strong></span> <span class='ocrx_word' id='word_1_735' title='bbox 3468 3936 3524 3990; x_wconf 90' lang='lat' dir='ltr'><strong>in</strong></span> <span class='ocrx_word' id='word_1_736' title='bbox 3581 3935 3844 4004; x_wconf 80' lang='lat' dir='ltr'><strong>Hispania</strong></span> 
     </span>
    </p>
   </div>
   <div class='ocr_carea' id='block_1_104' title="bbox 2257 4003 3850 4075">
    <p class='ocr_par' dir='ltr' id='par_1_104' title="bbox 2257 4003 3850 4075">
     <span class='ocr_line' id='line_1_105' title="bbox 2257 4003 3850 4075; baseline -0.003 -13"><span class='ocrx_word' id='word_1_737' title='bbox 2257 4007 2441 4062; x_wconf 88' lang='lat' dir='ltr'><strong>adhuc</strong></span> <span class='ocrx_word' id='word_1_738' title='bbox 2470 4016 2742 4070; x_wconf 84' lang='lat' dir='ltr'><strong>exstante,</strong></span> <span class='ocrx_word' id='word_1_739' title='bbox 2776 4015 2833 4062; x_wconf 90' lang='lat' dir='ltr'><strong>et</strong></span> <span class='ocrx_word' id='word_1_740' title='bbox 2854 4005 3424 4075; x_wconf 84' lang='lat' dir='ltr'><strong>NovempOpulaniam</strong></span> <span class='ocrx_word' id='word_1_741' title='bbox 3455 4006 3600 4075; x_wconf 88' lang='lat' dir='ltr'><strong>apud</strong></span> <span class='ocrx_word' id='word_1_742' title='bbox 3623 4003 3850 4075; x_wconf 70' lang='lat' dir='ltr'><strong>castras</strong></span> 
     </span>
    </p>
   </div>
   <div class='ocr_carea' id='block_1_105' title="bbox 2260 4073 3847 4147">
    <p class='ocr_par' dir='ltr' id='par_1_105' title="bbox 2260 4073 3847 4147">
     <span class='ocr_line' id='line_1_106' title="bbox 2260 4073 3847 4147; baseline -0.001 -17"><span class='ocrx_word' id='word_1_743' title='bbox 2260 4078 2534 4132; x_wconf 86' lang='lat' dir='ltr'><strong>translato</strong></span> <span class='ocrx_word' id='word_1_744' title='bbox 2565 4095 2580 4132; x_wconf 87' lang='lat'><strong>:</strong></span> <span class='ocrx_word' id='word_1_745' title='bbox 2635 4093 2747 4147; x_wconf 86' lang='lat' dir='ltr'><strong>quo</strong></span> <span class='ocrx_word' id='word_1_746' title='bbox 2781 4078 2903 4132; x_wconf 89' lang='lat' dir='ltr'><strong>loco</strong></span> <span class='ocrx_word' id='word_1_747' title='bbox 2935 4073 3355 4147; x_wconf 80' lang='lat' dir='ltr'><strong>venerationem</strong></span> <span class='ocrx_word' id='word_1_748' title='bbox 3379 4073 3634 4147; x_wconf 12' lang='lat' dir='ltr'><strong>ibab—ebat</strong></span> <span class='ocrx_word' id='word_1_749' title='bbox 3665 4073 3847 4147; x_wconf 83' lang='lat' dir='ltr'><strong>sancti</strong></span> 
     </span>
    </p>
   </div>
   <div class='ocr_carea' id='block_1_106' title="bbox 2260 4144 3850 4214">
    <p class='ocr_par' dir='ltr' id='par_1_106' title="bbox 2260 4144 3850 4214">
     <span class='ocr_line' id='line_1_107' title="bbox 2260 4144 3850 4214; baseline -0.003 -12"><span class='ocrx_word' id='word_1_750' title='bbox 2260 4148 2437 4203; x_wconf 86' lang='lat' dir='ltr'><strong>Patris</strong></span> <span class='ocrx_word' id='word_1_751' title='bbox 2469 4144 2739 4203; x_wconf 81' lang='lat' dir='ltr'><strong>Dominiei</strong></span> <span class='ocrx_word' id='word_1_752' title='bbox 2764 4157 2944 4207; x_wconf 80' lang='lat' dir='ltr'><strong>:etate.</strong></span> <span class='ocrx_word' id='word_1_753' title='bbox 2967 4147 3093 4214; x_wconf 90' lang='lat' dir='ltr'><strong>ipso</strong></span> <span class='ocrx_word' id='word_1_754' title='bbox 3125 4144 3323 4201; x_wconf 90' lang='lat' dir='ltr'><strong>eodem</strong></span> <span class='ocrx_word' id='word_1_755' title='bbox 3356 4145 3510 4200; x_wconf 86' lang='lat' dir='ltr'><strong>Illius</strong></span> <span class='ocrx_word' id='word_1_756' title='bbox 3536 4145 3630 4214; x_wconf 88' lang='lat' dir='ltr'><strong>pio</strong></span> <span class='ocrx_word' id='word_1_757' title='bbox 3661 4144 3850 4214; x_wconf 39' lang='lat' dir='ltr'><strong>culto:</strong></span> 
     </span>
    </p>
   </div>
   <div class='ocr_carea' id='block_1_107' title="bbox 2259 4213 3850 4287">
    <p class='ocr_par' dir='ltr' id='par_1_107' title="bbox 2259 4213 3850 4287">
     <span class='ocr_line' id='line_1_108' title="bbox 2259 4213 3850 4287; baseline -0.003 -16"><span class='ocrx_word' id='word_1_758' title='bbox 2259 4233 2341 4281; x_wconf 89' lang='lat' dir='ltr'><strong>re,</strong></span> <span class='ocrx_word' id='word_1_759' title='bbox 2365 4218 2667 4287; x_wconf 84' lang='lat' dir='ltr'><strong>habuitque</strong></span> <span class='ocrx_word' id='word_1_760' title='bbox 2693 4219 2836 4287; x_wconf 88' lang='lat' dir='ltr'><strong>apud</strong></span> <span class='ocrx_word' id='word_1_761' title='bbox 2866 4213 3018 4270; x_wconf 83' lang='lat' dir='ltr'><strong>meos</strong></span> <span class='ocrx_word' id='word_1_762' title='bbox 3044 4213 3460 4287; x_wconf 79' lang='lat' dir='ltr'><strong>Prtedicatores,</strong></span> <span class='ocrx_word' id='word_1_763' title='bbox 3478 4213 3743 4287; x_wconf 67' lang='lat' dir='ltr'><strong>translata</strong></span> <span class='ocrx_word' id='word_1_764' title='bbox 3776 4213 3850 4268; x_wconf 86' lang='lat' dir='ltr'><strong>ad</strong></span> 
     </span>
    </p>
   </div>
   <div class='ocr_carea' id='block_1_108' title="bbox 2257 4284 3849 4350">
    <p class='ocr_par' dir='ltr' id='par_1_108' title="bbox 2257 4284 3849 4350">
     <span class='ocr_line' id='line_1_109' title="bbox 2257 4284 3849 4350; baseline -0.001 -9"><span class='ocrx_word' id='word_1_765' title='bbox 2257 4303 2353 4342; x_wconf 86' lang='lat' dir='ltr'><strong>eos</strong></span> <span class='ocrx_word' id='word_1_766' title='bbox 2373 4287 2490 4342; x_wconf 86' lang='lat' dir='ltr'><strong>aede</strong></span> <span class='ocrx_word' id='word_1_767' title='bbox 2527 4284 2604 4343; x_wconf 81' lang='lat' dir='ltr'><strong>illi</strong></span> <span class='ocrx_word' id='word_1_768' title='bbox 2642 4284 2798 4342; x_wconf 36' lang='lat' dir='ltr'><strong>sae—ra</strong></span> <span class='ocrx_word' id='word_1_769' title='bbox 2849 4303 2913 4341; x_wconf 87' lang='lat' dir='ltr'><strong>ac</strong></span> <span class='ocrx_word' id='word_1_770' title='bbox 2962 4285 3193 4341; x_wconf 86' lang='lat' dir='ltr'><strong>basilica</strong></span> <span class='ocrx_word' id='word_1_771' title='bbox 3221 4325 3235 4350; x_wconf 92' lang='lat'><strong>,</strong></span> <span class='ocrx_word' id='word_1_772' title='bbox 3288 4286 3465 4341; x_wconf 87' lang='lat' dir='ltr'><strong>donec</strong></span> <span class='ocrx_word' id='word_1_773' title='bbox 3517 4284 3849 4340; x_wconf 84' lang='lat' dir='ltr'><strong>Calviniana</strong></span> 
     </span>
    </p>
   </div>
   <div class='ocr_carea' id='block_1_109' title="bbox 2257 4354 3851 4426">
    <p class='ocr_par' dir='ltr' id='par_1_109' title="bbox 2257 4354 3851 4426">
     <span class='ocr_line' id='line_1_110' title="bbox 2257 4354 3851 4426; baseline -0.002 -14"><span class='ocrx_word' id='word_1_774' title='bbox 2257 4359 2414 4412; x_wconf 89' lang='lat' dir='ltr'><strong>rabie</strong></span> <span class='ocrx_word' id='word_1_775' title='bbox 2444 4368 2639 4426; x_wconf 88' lang='lat' dir='ltr'><strong>erepto</strong></span> <span class='ocrx_word' id='word_1_776' title='bbox 2668 4358 2922 4426; x_wconf 85' lang='lat' dir='ltr'><strong>deposito</strong></span> <span class='ocrx_word' id='word_1_777' title='bbox 2959 4372 3024 4412; x_wconf 90' lang='lat' dir='ltr'><strong>ac</strong></span> <span class='ocrx_word' id='word_1_778' title='bbox 3071 4355 3389 4426; x_wconf 82' lang='lat' dir='ltr'><strong>disturbato</strong></span> <span class='ocrx_word' id='word_1_779' title='bbox 3412 4397 3428 4420; x_wconf 92' lang='lat'><strong>,</strong></span> <span class='ocrx_word' id='word_1_780' title='bbox 3459 4356 3582 4426; x_wconf 83' lang='lat' dir='ltr'><strong>ejus</strong></span> <span class='ocrx_word' id='word_1_781' title='bbox 3609 4354 3706 4426; x_wconf 72' lang='lat' dir='ltr'><strong>ﬁdi</strong></span> <span class='ocrx_word' id='word_1_782' title='bbox 3743 4371 3851 4409; x_wconf 85' lang='lat' dir='ltr'><strong>cu-</strong></span> 
     </span>
    </p>
   </div>
   <div class='ocr_carea' id='block_1_110' title="bbox 2257 4425 3849 4485">
    <p class='ocr_par' dir='ltr' id='par_1_110' title="bbox 2257 4425 3849 4485">
     <span class='ocr_line' id='line_1_111' title="bbox 2257 4425 3849 4485; baseline -0.002 -2"><span class='ocrx_word' id='word_1_783' title='bbox 2257 4427 2447 4483; x_wconf 86' lang='lat' dir='ltr'><strong>stodes</strong></span> <span class='ocrx_word' id='word_1_784' title='bbox 2473 4425 2576 4482; x_wconf 79' lang='lat' dir='ltr'><strong>FF.</strong></span> <span class='ocrx_word' id='word_1_785' title='bbox 2609 4429 2717 4485; x_wconf 87' lang='lat' dir='ltr'><strong>mei</strong></span> <span class='ocrx_word' id='word_1_786' title='bbox 2744 4425 2893 4483; x_wconf 88' lang='lat' dir='ltr'><strong>illius</strong></span> <span class='ocrx_word' id='word_1_787' title='bbox 2921 4427 3119 4480; x_wconf 89' lang='lat' dir='ltr'><strong>domus</strong></span> <span class='ocrx_word' id='word_1_788' title='bbox 3148 4425 3550 4482; x_wconf 68' lang='lat' dir='ltr'><strong>Praedicatores</strong></span> <span class='ocrx_word' id='word_1_789' title='bbox 3574 4425 3642 4480; x_wconf 87' lang='lat' dir='ltr'><strong>ad</strong></span> <span class='ocrx_word' id='word_1_790' title='bbox 3674 4440 3849 4480; x_wconf 84' lang='lat' dir='ltr'><strong>unum</strong></span> 
     </span>
    </p>
   </div>
   <div class='ocr_carea' id='block_1_111' title="bbox 2259 4495 3853 4577">
    <p class='ocr_par' dir='ltr' id='par_1_111' title="bbox 2259 4495 3853 4577">
     <span class='ocr_line' id='line_1_112' title="bbox 2259 4495 3853 4577; baseline -0.001 -25"><span class='ocrx_word' id='word_1_791' title='bbox 2259 4499 2519 4577; x_wconf 83' lang='lat' dir='ltr'><strong>necati_et</strong></span> <span class='ocrx_word' id='word_1_792' title='bbox 2549 4499 2604 4552; x_wconf 89' lang='lat' dir='ltr'><strong>in</strong></span> <span class='ocrx_word' id='word_1_793' title='bbox 2635 4508 2864 4568; x_wconf 90' lang='lat' dir='ltr'><strong>puteum</strong></span> <span class='ocrx_word' id='word_1_794' title='bbox 2899 4496 3458 4577; x_wconf 35' lang='lat' dir='ltr'><strong>projecoti,_marty_res</strong></span> <span class='ocrx_word' id='word_1_795' title='bbox 3484 4503 3543 4551; x_wconf 89' lang='lat' dir='ltr'><strong>et</strong></span> <span class='ocrx_word' id='word_1_796' title='bbox 3569 4495 3674 4566; x_wconf 89' lang='lat' dir='ltr'><strong>ipsi</strong></span> <span class='ocrx_word' id='word_1_797' title='bbox 3712 4511 3853 4551; x_wconf 88' lang='lat' dir='ltr'><strong>con-</strong></span> 
     </span>
    </p>
   </div>
   <div class='ocr_carea' id='block_1_112' title="bbox 2261 4564 3843 4637">
    <p class='ocr_par' dir='ltr' id='par_1_112' title="bbox 2261 4564 3843 4637">
     <span class='ocr_line' id='line_1_113' title="bbox 2261 4564 3843 4637; baseline -0.003 -14"><span class='ocrx_word' id='word_1_798' title='bbox 2261 4567 2458 4623; x_wconf 84' lang='lat' dir='ltr'><strong>secrati</strong></span> <span class='ocrx_word' id='word_1_799' title='bbox 2486 4564 2659 4623; x_wconf 63' lang='lat' dir='ltr'><strong>sunt;</strong></span> <span class='ocrx_word' id='word_1_800' title='bbox 2690 4564 2941 4637; x_wconf 78' lang='lat' dir='ltr'><strong>novaque</strong></span> <span class='ocrx_word' id='word_1_801' title='bbox 2975 4564 3211 4637; x_wconf 78' lang='lat' dir='ltr'><strong>excitata</strong></span> <span class='ocrx_word' id='word_1_802' title='bbox 3239 4564 3467 4620; x_wconf 88' lang='lat' dir='ltr'><strong>basilica</strong></span> <span class='ocrx_word' id='word_1_803' title='bbox 3496 4581 3561 4637; x_wconf 81' lang='lat' dir='ltr'><strong>ac</strong></span> <span class='ocrx_word' id='word_1_804' title='bbox 3589 4564 3843 4637; x_wconf 78' lang='lat' dir='ltr'><strong>conven-</strong></span> 
     </span>
    </p>
   </div>
   <div class='ocr_carea' id='block_1_113' title="bbox 2260 4634 3850 4707">
    <p class='ocr_par' dir='ltr' id='par_1_113' title="bbox 2260 4634 3850 4707">
     <span class='ocr_line' id='line_1_114' title="bbox 2260 4634 3850 4707; baseline -0.001 -17"><span class='ocrx_word' id='word_1_805' title='bbox 2260 4645 2342 4702; x_wconf 92' lang='lat' dir='ltr'><strong>tu,</strong></span> <span class='ocrx_word' id='word_1_806' title='bbox 2366 4654 2434 4693; x_wconf 82' lang='lat' dir='ltr'><strong>ex</strong></span> <span class='ocrx_word' id='word_1_807' title='bbox 2459 4638 2656 4692; x_wconf 89' lang='lat' dir='ltr'><strong>eodem</strong></span> <span class='ocrx_word' id='word_1_808' title='bbox 2680 4634 2859 4707; x_wconf 74' lang='lat' dir='ltr'><strong>puteo</strong></span> <span class='ocrx_word' id='word_1_809' title='bbox 2877 4637 2933 4691; x_wconf 90' lang='lat' dir='ltr'><strong>in</strong></span> <span class='ocrx_word' id='word_1_810' title='bbox 2950 4651 3070 4690; x_wconf 89' lang='lat' dir='ltr'><strong>eam</strong></span> <span class='ocrx_word' id='word_1_811' title='bbox 3097 4636 3246 4689; x_wconf 88' lang='lat' dir='ltr'><strong>illata</strong></span> <span class='ocrx_word' id='word_1_812' title='bbox 3267 4651 3466 4707; x_wconf 80' lang='lat' dir='ltr'><strong>nuper,</strong></span> <span class='ocrx_word' id='word_1_813' title='bbox 3489 4635 3579 4705; x_wconf 90' lang='lat' dir='ltr'><strong>pia</strong></span> <span class='ocrx_word' id='word_1_814' title='bbox 3602 4634 3850 4707; x_wconf 76' lang='lat' dir='ltr'><strong>ﬁdelium</strong></span> 
     </span>
    </p>
   </div>
   <div class='ocr_carea' id='block_1_114' title="bbox 2259 4705 3850 4779">
    <p class='ocr_par' dir='ltr' id='par_1_114' title="bbox 2259 4705 3850 4779">
     <span class='ocr_line' id='line_1_115' title="bbox 2259 4705 3850 4779; baseline -0.003 -17"><span class='ocrx_word' id='word_1_815' title='bbox 2259 4707 2607 4776; x_wconf 83' lang='lat' dir='ltr'><strong>fratrumque</strong></span> <span class='ocrx_word' id='word_1_816' title='bbox 2637 4705 2923 4779; x_wconf 77' lang='lat' dir='ltr'><strong>religione,</strong></span> <span class='ocrx_word' id='word_1_817' title='bbox 2951 4709 3195 4779; x_wconf 78' lang='lat' dir='ltr'><strong>ipsorum</strong></span> <span class='ocrx_word' id='word_1_818' title='bbox 3223 4706 3493 4775; x_wconf 85' lang='lat' dir='ltr'><strong>pignora;</strong></span> <span class='ocrx_word' id='word_1_819' title='bbox 3551 4705 3757 4773; x_wconf 85' lang='lat' dir='ltr'><strong>quibus</strong></span> <span class='ocrx_word' id='word_1_820' title='bbox 3780 4705 3850 4779; x_wconf 72' lang='lat' dir='ltr'><strong>fi-</strong></span> 
     </span>
    </p>
   </div>
   <div class='ocr_carea' id='block_1_115' title="bbox 2260 4775 3855 4845">
    <p class='ocr_par' dir='ltr' id='par_1_115' title="bbox 2260 4775 3855 4845">
     <span class='ocr_line' id='line_1_116' title="bbox 2260 4775 3855 4845; baseline -0.002 -14"><span class='ocrx_word' id='word_1_821' title='bbox 2260 4780 2386 4832; x_wconf 89' lang='lat' dir='ltr'><strong>dem</strong></span> <span class='ocrx_word' id='word_1_822' title='bbox 2411 4775 2643 4842; x_wconf 81' lang='lat' dir='ltr'><strong>faceret,</strong></span> <span class='ocrx_word' id='word_1_823' title='bbox 2673 4775 2881 4833; x_wconf 75' lang='lat' dir='ltr'><strong>nedum</strong></span> <span class='ocrx_word' id='word_1_824' title='bbox 2909 4775 3021 4845; x_wconf 76' lang='lat' dir='ltr'><strong>ipSa</strong></span> <span class='ocrx_word' id='word_1_825' title='bbox 3054 4777 3243 4843; x_wconf 84' lang='lat' dir='ltr'><strong>vigens</strong></span> <span class='ocrx_word' id='word_1_826' title='bbox 3270 4785 3645 4844; x_wconf 84' lang='lat' dir='ltr'><strong>constansque</strong></span> <span class='ocrx_word' id='word_1_827' title='bbox 3674 4775 3855 4829; x_wconf 85' lang='lat' dir='ltr'><strong>tradi-</strong></span> 
     </span>
    </p>
   </div>
   <div class='ocr_carea' id='block_1_116' title="bbox 2262 4845 3853 4916">
    <p class='ocr_par' dir='ltr' id='par_1_116' title="bbox 2262 4845 3853 4916">
     <span class='ocr_line' id='line_1_117' title="bbox 2262 4845 3853 4916; baseline -0.001 -16"><span class='ocrx_word' id='word_1_828' title='bbox 2262 4849 2362 4906; x_wconf 85' lang='lat' dir='ltr'><strong>tio.</strong></span> <span class='ocrx_word' id='word_1_829' title='bbox 2389 4849 2486 4904; x_wconf 89' lang='lat' dir='ltr'><strong>sed</strong></span> <span class='ocrx_word' id='word_1_830' title='bbox 2511 4859 2568 4902; x_wconf 90' lang='lat' dir='ltr'><strong>et</strong></span> <span class='ocrx_word' id='word_1_831' title='bbox 2595 4850 2842 4903; x_wconf 89' lang='lat' dir='ltr'><strong>auctoris</strong></span> <span class='ocrx_word' id='word_1_832' title='bbox 2867 4845 3095 4916; x_wconf 69' lang='lat' dir='ltr'><strong>aequalis</strong></span> <span class='ocrx_word' id='word_1_833' title='bbox 3115 4854 3265 4898; x_wconf 90' lang='lat' dir='ltr'><strong>certa</strong></span> <span class='ocrx_word' id='word_1_834' title='bbox 3294 4846 3624 4914; x_wconf 84' lang='lat' dir='ltr'><strong>sinceraque</strong></span> <span class='ocrx_word' id='word_1_835' title='bbox 3655 4859 3853 4898; x_wconf 85' lang='lat' dir='ltr'><strong>narra-</strong></span> 
     </span>
    </p>
   </div>
   <div class='ocr_carea' id='block_1_117' title="bbox 2263 4916 3854 4987">
    <p class='ocr_par' dir='ltr' id='par_1_117' title="bbox 2263 4916 3854 4987">
     <span class='ocr_line' id='line_1_118' title="bbox 2263 4916 3854 4987; baseline -0.001 -17"><span class='ocrx_word' id='word_1_836' title='bbox 2263 4919 2359 4983; x_wconf 89' lang='lat' dir='ltr'><strong>tio,</strong></span> <span class='ocrx_word' id='word_1_837' title='bbox 2416 4918 2653 4973; x_wconf 86' lang='lat' dir='ltr'><strong>faciente</strong></span> <span class='ocrx_word' id='word_1_838' title='bbox 2706 4920 2922 4987; x_wconf 85' lang='lat' dir='ltr'><strong>copiam</strong></span> <span class='ocrx_word' id='word_1_839' title='bbox 2971 4916 3328 4984; x_wconf 82' lang='lat' dir='ltr'><strong>integerrimo</strong></span> <span class='ocrx_word' id='word_1_840' title='bbox 3352 4923 3608 4987; x_wconf 55' lang='lat' dir='ltr'><strong>sermtore</strong></span> <span class='ocrx_word' id='word_1_841' title='bbox 3637 4930 3854 4987; x_wconf 84' lang='lat' dir='ltr'><strong>annosa</strong></span> 
     </span>
    </p>
   </div>
   <div class='ocr_carea' id='block_1_118' title="bbox 2262 4984 3853 5059">
    <p class='ocr_par' dir='ltr' id='par_1_118' title="bbox 2262 4984 3853 5059">
     <span class='ocr_line' id='line_1_119' title="bbox 2262 4984 3853 5059; baseline -0.003 -18"><span class='ocrx_word' id='word_1_842' title='bbox 2262 4990 2539 5059; x_wconf 80' lang='lat' dir='ltr'><strong>probitate</strong></span> <span class='ocrx_word' id='word_1_843' title='bbox 2597 4984 2852 5058; x_wconf 78' lang='lat' dir='ltr'><strong>(ipsaque</strong></span> <span class='ocrx_word' id='word_1_844' title='bbox 2898 4989 3045 5041; x_wconf 66' lang='lat' dir='ltr'><strong>avita</strong></span> <span class='ocrx_word' id='word_1_845' title='bbox 3090 4987 3147 5038; x_wconf 87' lang='lat' dir='ltr'><strong>in</strong></span> <span class='ocrx_word' id='word_1_846' title='bbox 3185 4993 3378 5039; x_wconf 83' lang='lat' dir='ltr'><strong>senatu</strong></span> <span class='ocrx_word' id='word_1_847' title='bbox 3431 4984 3734 5059; x_wconf 70' lang='lat' dir='ltr'><strong>Tolosano)</strong></span> <span class='ocrx_word' id='word_1_848' title='bbox 3776 4986 3853 5038; x_wconf 81' lang='lat' dir='ltr'><strong>cl.</strong></span> 
     </span>
    </p>
   </div>
   <div class='ocr_carea' id='block_1_119' title="bbox 2261 5056 3855 5124">
    <p class='ocr_par' dir='ltr' id='par_1_119' title="bbox 2261 5056 3855 5124">
     <span class='ocr_line' id='line_1_120' title="bbox 2261 5056 3855 5124; baseline -0.003 -12"><span class='ocrx_word' id='word_1_849' title='bbox 2261 5056 2383 5113; x_wconf 76' lang='lat' dir='ltr'><strong>viro</strong></span> <span class='ocrx_word' id='word_1_850' title='bbox 2406 5060 2467 5112; x_wconf 91' lang='lat' dir='ltr'><strong>D.</strong></span> <span class='ocrx_word' id='word_1_851' title='bbox 2494 5056 2775 5112; x_wconf 51' lang='lat' dir='ltr'><strong>Mazchoti</strong></span> <span class='ocrx_word' id='word_1_852' title='bbox 2800 5059 2919 5124; x_wconf 80' lang='lat' dir='ltr'><strong>Qua</strong></span> <span class='ocrx_word' id='word_1_853' title='bbox 2954 5065 3105 5110; x_wconf 89' lang='lat' dir='ltr'><strong>tanta</strong></span> <span class='ocrx_word' id='word_1_854' title='bbox 3139 5064 3460 5108; x_wconf 89' lang='lat' dir='ltr'><strong>nostrorum</strong></span> <span class='ocrx_word' id='word_1_855' title='bbox 3499 5056 3855 5124; x_wconf 90' lang='lat' dir='ltr'><strong>aliorumque</strong></span> 
     </span>
    </p>
   </div>
   <div class='ocr_carea' id='block_1_120' title="bbox 2263 5124 3857 5193">
    <p class='ocr_par' dir='ltr' id='par_1_120' title="bbox 2263 5124 3857 5193">
     <span class='ocr_line' id='line_1_121' title="bbox 2263 5124 3857 5193; baseline -0.004 -11"><span class='ocrx_word' id='word_1_856' title='bbox 2263 5129 2668 5184; x_wconf 90' lang='lat' dir='ltr'><strong>catholicorum</strong></span> <span class='ocrx_word' id='word_1_857' title='bbox 2697 5130 2753 5183; x_wconf 92' lang='lat' dir='ltr'><strong>in</strong></span> <span class='ocrx_word' id='word_1_858' title='bbox 2775 5143 2840 5183; x_wconf 88' lang='lat' dir='ltr'><strong>ea</strong></span> <span class='ocrx_word' id='word_1_859' title='bbox 2867 5126 3007 5180; x_wconf 88' lang='lat' dir='ltr'><strong>urbe</strong></span> <span class='ocrx_word' id='word_1_860' title='bbox 3039 5136 3219 5193; x_wconf 84' lang='lat' dir='ltr'><strong>strage</strong></span> <span class='ocrx_word' id='word_1_861' title='bbox 3241 5164 3256 5188; x_wconf 94' lang='lat'><strong>,</strong></span> <span class='ocrx_word' id='word_1_862' title='bbox 3285 5125 3468 5178; x_wconf 88' lang='lat' dir='ltr'><strong>aiebat</strong></span> <span class='ocrx_word' id='word_1_863' title='bbox 3505 5125 3598 5178; x_wconf 91' lang='lat' dir='ltr'><strong>ille</strong></span> <span class='ocrx_word' id='word_1_864' title='bbox 3640 5124 3857 5177; x_wconf 89' lang='lat' dir='ltr'><strong>referre</strong></span> 
     </span>
    </p>
   </div>
   <div class='ocr_carea' id='block_1_121' title="bbox 2264 5194 3855 5279">
    <p class='ocr_par' dir='ltr' id='par_1_121' title="bbox 2264 5194 3855 5279">
     <span class='ocr_line' id='line_1_122' title="bbox 2264 5194 3855 5279; baseline -0.003 -29"><span class='ocrx_word' id='word_1_865' title='bbox 2264 5209 2572 5279; x_wconf 76' lang='lat' dir='ltr'><strong>auctorem,</strong></span> <span class='ocrx_word' id='word_1_866' title='bbox 2605 5198 2914 5279; x_wconf 75' lang='lat' dir='ltr'><strong>oppidanos</strong></span> <span class='ocrx_word' id='word_1_867' title='bbox 2928 5195 3282 5251; x_wconf 84' lang='lat' dir='ltr'><strong>Calvinianos</strong></span> <span class='ocrx_word' id='word_1_868' title='bbox 3313 5194 3646 5276; x_wconf 81' lang='lat' dir='ltr'><strong>deterritos,</strong></span> <span class='ocrx_word' id='word_1_869' title='bbox 3671 5194 3855 5275; x_wconf 55' lang='lat' dir='ltr'><strong>mala:</strong></span> 
     </span>
    </p>
   </div>
   <div class='ocr_carea' id='block_1_122' title="bbox 2264 5263 3850 5334">
    <p class='ocr_par' dir='ltr' id='par_1_122' title="bbox 2264 5263 3850 5334">
     <span class='ocr_line' id='line_1_123' title="bbox 2264 5263 3850 5334; baseline -0.006 -12"><span class='ocrx_word' id='word_1_870' title='bbox 2264 5283 2372 5334; x_wconf 85' lang='lat' dir='ltr'><strong>que</strong></span> <span class='ocrx_word' id='word_1_871' title='bbox 2404 5269 2510 5322; x_wconf 86' lang='lat' dir='ltr'><strong>sibi</strong></span> <span class='ocrx_word' id='word_1_872' title='bbox 2547 5263 2733 5323; x_wconf 75' lang='lat' dir='ltr'><strong>omnia</strong></span> <span class='ocrx_word' id='word_1_873' title='bbox 2768 5267 3064 5327; x_wconf 86' lang='lat' dir='ltr'><strong>ominatos,</strong></span> <span class='ocrx_word' id='word_1_874' title='bbox 3093 5280 3199 5318; x_wconf 90' lang='lat' dir='ltr'><strong>nec</strong></span> <span class='ocrx_word' id='word_1_875' title='bbox 3221 5279 3360 5317; x_wconf 88' lang='lat' dir='ltr'><strong>vana</strong></span> <span class='ocrx_word' id='word_1_876' title='bbox 3388 5268 3744 5334; x_wconf 86' lang='lat' dir='ltr'><strong>conjectura.</strong></span> <span class='ocrx_word' id='word_1_877' title='bbox 3771 5263 3850 5317; x_wconf 90' lang='lat' dir='ltr'><strong>uti</strong></span> 
     </span>
    </p>
   </div>
   <div class='ocr_carea' id='block_1_123' title="bbox 2266 5334 3854 5408">
    <p class='ocr_par' dir='ltr' id='par_1_123' title="bbox 2266 5334 3854 5408">
     <span class='ocr_line' id='line_1_124' title="bbox 2266 5334 3854 5408; baseline -0.004 -18"><span class='ocrx_word' id='word_1_878' title='bbox 2266 5339 2356 5392; x_wconf 85' lang='lat' dir='ltr'><strong>ille</strong></span> <span class='ocrx_word' id='word_1_879' title='bbox 2387 5341 2599 5408; x_wconf 87' lang='lat' dir='ltr'><strong>aliquot</strong></span> <span class='ocrx_word' id='word_1_880' title='bbox 2627 5340 2680 5392; x_wconf 91' lang='lat' dir='ltr'><strong>in</strong></span> <span class='ocrx_word' id='word_1_881' title='bbox 2703 5355 2825 5392; x_wconf 80' lang='lat' dir='ltr'><strong>eam</strong></span> <span class='ocrx_word' id='word_1_882' title='bbox 2852 5353 2966 5390; x_wconf 86' lang='lat' dir='ltr'><strong>rem</strong></span> <span class='ocrx_word' id='word_1_883' title='bbox 2997 5336 3274 5408; x_wconf 81' lang='lat' dir='ltr'><strong>adductis,</strong></span> <span class='ocrx_word' id='word_1_884' title='bbox 3308 5335 3573 5408; x_wconf 59' lang='lat' dir='ltr'><strong>quasillis</strong></span> <span class='ocrx_word' id='word_1_885' title='bbox 3627 5334 3854 5387; x_wconf 83' lang='lat' dir='ltr'><strong>sinistra</strong></span> 
     </span>
    </p>
   </div>
   <div class='ocr_carea' id='block_1_124' title="bbox 2266 5405 3854 5479">
    <p class='ocr_par' dir='ltr' id='par_1_124' title="bbox 2266 5405 3854 5479">
     <span class='ocr_line' id='line_1_125' title="bbox 2266 5405 3854 5479; baseline -0.002 -20"><span class='ocrx_word' id='word_1_886' title='bbox 2266 5405 2642 5479; x_wconf 75' lang='lat' dir='ltr'><strong>contigerunt,</strong></span> <span class='ocrx_word' id='word_1_887' title='bbox 2676 5423 2734 5462; x_wconf 88' lang='lat' dir='ltr'><strong>sc</strong></span> <span class='ocrx_word' id='word_1_888' title='bbox 2767 5405 3370 5479; x_wconf 28' lang='lat' dir='ltr'><strong>conficere‘existimat.</strong></span> <span class='ocrx_word' id='word_1_889' title='bbox 3433 5406 3506 5458; x_wconf 75' lang='lat' dir='ltr'><strong>Ea</strong></span> <span class='ocrx_word' id='word_1_890' title='bbox 3557 5406 3612 5458; x_wconf 90' lang='lat' dir='ltr'><strong>in</strong></span> <span class='ocrx_word' id='word_1_891' title='bbox 3628 5420 3706 5479; x_wconf 77' lang='lat' dir='ltr'><strong>_re</strong></span> <span class='ocrx_word' id='word_1_892' title='bbox 3769 5415 3854 5456; x_wconf 90' lang='lat' dir='ltr'><strong>te-</strong></span> 
     </span>
    </p>
   </div>
   <div class='ocr_carea' id='block_1_125' title="bbox 2269 5473 3854 5543">
    <p class='ocr_par' dir='ltr' id='par_1_125' title="bbox 2269 5473 3854 5543">
     <span class='ocr_line' id='line_1_126' title="bbox 2269 5473 3854 5543; baseline -0.004 -12"><span class='ocrx_word' id='word_1_893' title='bbox 2269 5473 2448 5532; x_wconf 74' lang='lat' dir='ltr'><strong>nenda</strong></span> <span class='ocrx_word' id='word_1_894' title='bbox 2482 5473 2743 5532; x_wconf 66' lang='lat' dir='ltr'><strong>Praeteris</strong></span> <span class='ocrx_word' id='word_1_895' title='bbox 2796 5477 2905 5537; x_wconf 75' lang='lat' dir='ltr'><strong>lex,</strong></span> <span class='ocrx_word' id='word_1_896' title='bbox 2939 5485 3000 5529; x_wconf 92' lang='lat' dir='ltr'><strong>ut</strong></span> <span class='ocrx_word' id='word_1_897' title='bbox 3052 5475 3169 5543; x_wconf 85' lang='lat' dir='ltr'><strong>ipse</strong></span> <span class='ocrx_word' id='word_1_898' title='bbox 3213 5475 3342 5528; x_wconf 89' lang='lat' dir='ltr'><strong>alibi</strong></span> <span class='ocrx_word' id='word_1_899' title='bbox 3391 5482 3579 5527; x_wconf 88' lang='lat' dir='ltr'><strong>monet</strong></span> <span class='ocrx_word' id='word_1_900' title='bbox 3627 5473 3854 5526; x_wconf 86' lang='lat' dir='ltr'><strong>Baron.:</strong></span> 
     </span>
    </p>
   </div>
   <div class='ocr_carea' id='block_1_126' title="bbox 2265 5543 3856 5625">
    <p class='ocr_par' dir='ltr' id='par_1_126' title="bbox 2265 5543 3856 5625">
     <span class='ocr_line' id='line_1_127' title="bbox 2265 5543 3856 5625; baseline -0.004 -24"><span class='ocrx_word' id='word_1_901' title='bbox 2265 5547 2580 5625; x_wconf 42' lang='lat' dir='ltr'><strong>Quiutenet,</strong></span> <span class='ocrx_word' id='word_1_902' title='bbox 2604 5547 3177 5625; x_wconf 76' lang='lat' dir='ltr'><strong>teneat,__omninoque</strong></span> <span class='ocrx_word' id='word_1_903' title='bbox 3211 5544 3517 5625; x_wconf 75' lang='lat' dir='ltr'><strong>cavendum</strong></span> <span class='ocrx_word' id='word_1_904' title='bbox 3546 5559 3616 5598; x_wconf 92' lang='lat' dir='ltr'><strong>ne</strong></span> <span class='ocrx_word' id='word_1_905' title='bbox 3660 5543 3856 5596; x_wconf 87' lang='lat' dir='ltr'><strong>istius-</strong></span> 
     </span>
    </p>
   </div>
   <div class='ocr_carea' id='block_1_127' title="bbox 2267 5613 3858 5687">
    <p class='ocr_par' dir='ltr' id='par_1_127' title="bbox 2267 5613 3858 5687">
     <span class='ocr_line' id='line_1_128' title="bbox 2267 5613 3858 5687; baseline -0.004 -17"><span class='ocrx_word' id='word_1_906' title='bbox 2267 5618 2416 5671; x_wconf 91' lang='lat' dir='ltr'><strong>modi</strong></span> <span class='ocrx_word' id='word_1_907' title='bbox 2449 5620 2744 5687; x_wconf 87' lang='lat' dir='ltr'><strong>obrepant,</strong></span> <span class='ocrx_word' id='word_1_908' title='bbox 2773 5617 2990 5685; x_wconf 90' lang='lat' dir='ltr'><strong>aliaque</strong></span> <span class='ocrx_word' id='word_1_909' title='bbox 3014 5613 3140 5668; x_wconf 90' lang='lat' dir='ltr'><strong>aliis</strong></span> <span class='ocrx_word' id='word_1_910' title='bbox 3191 5613 3504 5687; x_wconf 81' lang='lat' dir='ltr'><strong>subdantur</strong></span> <span class='ocrx_word' id='word_1_911' title='bbox 3529 5623 3858 5687; x_wconf 74' lang='lat' dir='ltr'><strong>sanctorum</strong></span> 
     </span>
    </p>
   </div>
   <div class='ocr_carea' id='block_1_128' title="bbox 2267 5681 3860 5757">
    <p class='ocr_par' dir='ltr' id='par_1_128' title="bbox 2267 5681 3860 5757">
     <span class='ocr_line' id='line_1_129' title="bbox 2267 5681 3860 5757; baseline -0.003 -18"><span class='ocrx_word' id='word_1_912' title='bbox 2267 5689 2522 5757; x_wconf 82' lang='lat' dir='ltr'><strong>pignora,</strong></span> <span class='ocrx_word' id='word_1_913' title='bbox 2554 5681 2640 5742; x_wconf 79' lang='lat' dir='ltr'><strong>vel</strong></span> <span class='ocrx_word' id='word_1_914' title='bbox 2670 5688 2838 5742; x_wconf 90' lang='lat' dir='ltr'><strong>etiam</strong></span> <span class='ocrx_word' id='word_1_915' title='bbox 2870 5681 2986 5756; x_wconf 84' lang='lat' dir='ltr'><strong>ipsa</strong></span> <span class='ocrx_word' id='word_1_916' title='bbox 3019 5700 3127 5738; x_wconf 91' lang='lat' dir='ltr'><strong>non</strong></span> <span class='ocrx_word' id='word_1_917' title='bbox 3160 5691 3348 5757; x_wconf 75' lang='lat' dir='ltr'><strong>sancta</strong></span> <span class='ocrx_word' id='word_1_918' title='bbox 3381 5702 3392 5736; x_wconf 91' lang='lat'><strong>:</strong></span> <span class='ocrx_word' id='word_1_919' title='bbox 3434 5684 3488 5736; x_wconf 81' lang='lat' dir='ltr'><strong>in</strong></span> <span class='ocrx_word' id='word_1_920' title='bbox 3517 5681 3860 5757; x_wconf 62' lang='lat' dir='ltr'><strong>quibusetsi</strong></span> 
     </span>
    </p>
   </div>
   <div class='ocr_carea' id='block_1_129' title="bbox 2269 5749 3861 5838">
    <p class='ocr_par' dir='ltr' id='par_1_129' title="bbox 2269 5749 3861 5838">
     <span class='ocr_line' id='line_1_130' title="bbox 2269 5749 3861 5838; baseline -0.003 -29"><span class='ocrx_word' id='word_1_921' title='bbox 2269 5749 2378 5838; x_wconf 60' lang='lat' dir='ltr'><strong>no&#39;n</strong></span> <span class='ocrx_word' id='word_1_922' title='bbox 2413 5749 2580 5826; x_wconf 79' lang='lat' dir='ltr'><strong>perit,</strong></span> <span class='ocrx_word' id='word_1_923' title='bbox 2605 5765 2765 5813; x_wconf 87' lang='lat' dir='ltr'><strong>nutat</strong></span> <span class='ocrx_word' id='word_1_924' title='bbox 2797 5749 2981 5811; x_wconf 79' lang='lat' dir='ltr'><strong>tanien</strong></span> <span class='ocrx_word' id='word_1_925' title='bbox 3002 5769 3130 5810; x_wconf 81' lang='lat' dir='ltr'><strong>vera</strong></span> <span class='ocrx_word' id='word_1_926' title='bbox 3157 5753 3352 5822; x_wconf 86' lang='lat' dir='ltr'><strong>religio</strong></span> <span class='ocrx_word' id='word_1_927' title='bbox 3383 5769 3446 5809; x_wconf 91' lang='lat' dir='ltr'><strong>ac</strong></span> <span class='ocrx_word' id='word_1_928' title='bbox 3482 5749 3660 5824; x_wconf 75' lang='lat' dir='ltr'><strong>pietas</strong></span> <span class='ocrx_word' id='word_1_929' title='bbox 3688 5749 3861 5807; x_wconf 76' lang='lat' dir='ltr'><strong>Chri-</strong></span> 
     </span>
    </p>
   </div>
   <div class='ocr_carea' id='block_1_130' title="bbox 2271 5838 2471 5882">
    <p class='ocr_par' dir='ltr' id='par_1_130' title="bbox 2271 5838 2471 5882">
     <span class='ocr_line' id='line_1_131' title="bbox 2271 5838 2471 5882; baseline 0 0"><span class='ocrx_word' id='word_1_930' title='bbox 2271 5838 2471 5882; x_wconf 83' lang='lat' dir='ltr'><strong>sttana.</strong></span> 
     </span>
    </p>
   </div>
  </div>
