4088 6304
311 345 416 416 133

1061 349 1345 431 omne
1379 350 1511 413 vn.
1538 375 1603 387 -
1638 348 1722 409 IN
1763 348 1905 410 LAU

2005 348 2080 409 ΞΜ
2117 350 2179 412 S.
2218 350 2506 411 ΤΗΟΜᾸΞ
2543 347 2930 412 APOSTOLI.

3506 346 3611 414 131

215 496 218 509 τ
313 464 547 537 ἐμμένει
598 464 701 535 μὲν
749 460 882 535 ἄχρι
930 462 1143 528 τέλους,
1176 464 1463 528 δλάττονος
1515 463 1574 517 δὲ
1621 461 1905 534 χάριτοςῆ

2009 464 2203 532 fert“;
2224 466 2307 518 vel
2339 475 2525 520 manet
2543 463 2771 535 quidem
2798 474 2979 533 usque
3012 458 3071 515 in
3098 457 3293 528 finem,
3318 462 3596 519 minorem

309 559 472 627 δόξης
516 553 629 609 τῶν
678 556 1004 626 κορυφαίων
1050 554 1220 621 τινος,
1246 556 1401 626 παρά
1444 553 1526 627 τῷ
1571 552 1905 623 παμϐασιλεῖ

2022 564 2208 610 tamen
2264 556 2498 627 gratiam
2526 562 2621 611 aut
2684 552 2996 611 claritatem
3050 550 3394 607 nanciscitur
3460 556 3612 625 apud

310 643 708 711 καταξιοῦταιο
739 644 933 715 ὥσπερ
970 646 1028 699 δὲ
1070 649 1168 716 τῆς
1213 646 1494 717 κλήσεως.
1522 646 1624 716 τῆς
1655 646 1912 716 ἐκλογῆς,

307 738 407 804 τῆς
442 734 863 805 ἀκολουθήσεως
884 775 900 800 ,
934 734 1033 803 τῆς
1076 736 1512 807 αὐτοπροσὼπου
1546 734 1697 802 θέας,
1727 736 1824 791 τοῦ
1850 754 1912 791 τε

2017 660 2298 701 summum
2326 646 2576 701 omnium
2595 643 2823 716 Regem,
2849 659 3014 715 quam
3041 660 3186 701 unus
3200 644 3329 713 quis
3346 660 3417 699 ex
3440 660 3615 717 cory-

2016 739 2224 810 phaeis?
2254 739 2515 806 Quinimo
2564 737 2709 794 sicut
2740 738 3071 804 vocationis,
3120 737 3414 793 electionis
3440 776 3458 803 ,
3501 752 3600 793 co-

305 826 445 880 θεοῦ
503 824 707 894 Λόγου,
739 825 836 880 καὶ
878 824 989 879 τῶν
1035 824 1106 879 δι’
1134 826 1306 880 αὐτοῦ
1352 828 1762 898 γεγενημένων,
1812 829 1905 897 τῆς

2014 832 2262 896 mitatus,
2303 830 2478 885 divini
2527 845 2716 885 coram
2772 829 2982 899 Deique
3012 843 3078 885 ac
3102 828 3491 899 Verbi,illique
3511 844 3612 899 pa-

305 917 581 987 αὑτηκόου
632 916 747 969 τῶν
794 916 1022 986 ὑψηλῶν
1066 917 1388 988 μυστηρίων
1433 919 1775 991 ἀκροάσεως,
1809 920 1912 987 τῆς

306 1008 417 1059 τῶν
449 1006 736 1071 {coortoth
769 1007 1115 1079 παθημάτων
1144 1008 1480 1074 κοινωνίας,
1513 1010 1609 1064 τοῦ
1641 1011 1909 1078 μυστικοῦ

308 1099 597 1170 νιπτῆρας,
631 1099 723 1153 τοῦ
754 1100 923 1170 ἄρτου
944 1137 961 1164 ,
1005 1100 1103 1154 τοῦ
1138 1101 1399 1171 σταυροῦ,
1429 1101 1531 1172 τῆς
1564 1102 1771 1171 ταφῆς,
1804 1103 1908 1172 τῆς

274 1257 277 1259 ἓ
307 1193 686 1255 ἀναστάσεως,
713 1192 814 1261 τῆς
870 1192 1012 1262 μετά
1059 1194 1162 1262 τὴν
1206 1194 1505 1247 ἀνάστασιν
1534 1194 1902 1262 ἐμφανίσεως.

304 1282 406 1337 καὶ
450 1281 779 1353 ἀναλήψεως
821 1281 917 1336 τοῦ
965 1282 1101 1336 Υἱοῦ
1140 1283 1280 1355 πρὸς
1323 1284 1415 1337 τὸν
1448 1285 1774 1356 Γεννήτορα.
1810 1288 1906 1339 καί

302 1378 408 1448 τῆς
433 1374 502 1430 δι’
527 1374 697 1429 αὑτοῦ
731 1374 873 1445 μετά
894 1376 1072 1430 ταῦτα
1106 1376 1469 1447 μεταλήψεως
1510 1378 1604 1431 τοῦ
1649 1378 1905 1449 Πνεῦμα-

299 1486 419 1533 τος,
445 1466 652 1539 ὁμοίως
697 1468 811 1529 τοῖς
854 1468 1373 1538 πρωτοαποστόλοις
1408 1469 1639 1539 μέτοχος
1670 1465 1777 1541 ἦν·
1813 1469 1904 1524 ναὶ

299 1560 366 1631 δὴ
402 1560 500 1613 καὶ
523 1559 626 1630 τῆς
650 1560 744 1611 ἐπὶ
766 1556 836 1611 τὰ
868 1555 997 1628 ἔθνη
1034 1556 1301 1628 λαμπρᾶς
1326 1558 1668 1629 ἀποστολῆς,
1699 1559 1810 1614 τῶν
1840 1577 1901 1614 τε

299 1648 553 1719 σημείων
584 1647 684 1703 καὶ
702 1647 970 1718 τεράτων,
989 1647 1087 1701 καὶ
1108 1645 1213 1717 τῆς
1232 1646 1329 1701 τοῦ
1355 1648 1692 1718 Εὑαγγελίου
1723 1667 1900 1722 μεγα-

299 1739 598 1810 λοφωνίας.

372 1802 588 1902 ῖὮσπιρ
618 1828 717 1885 οὖν
742 1832 802 1884 ἑν
825 1829 1061 1896 τούτοις,
1090 1829 1246 1885 οὐδὲν
1266 1830 1521 1903 Ἀνδρέου
1544 1832 1643 1886 καὶ
1662 1832 1899 1905 Πέτρου,
1931 1802 1975 1859 Β

298 1924 394 1979 καὶ
441 1923 556 1978 τῶν
605 1922 743 1977 υίῶν
790 1922 1079 1977 Ζεϐεδαίου
1133 1921 1443 1995 ἀπελείφθη
1493 1924 1725 1994 Θωμᾶς,
1756 1926 1903 1981 οὕτω

300 2016 395 2070 καί
422 2014 522 2070 τοῦ
548 2014 743 2079 τέλους
777 2014 1067 2085 συστοίχου
1094 2016 1209 2078 τοῖς
1251 2014 1497 2086 πρώτοις
1538 2017 1899 2089 επιτετυχὼς,

299 2106 619 2172 ἀκολούθως
660 2109 761 2162 καὶ
801 2107 965 2178 δόξης
1014 2106 1249 2172 ἐκείνοις
1276 2108 1376 2179 τῆς
1404 2107 1600 2180 αὐτῆς,
1634 2110 1729 2165 καὶ
1777 2111 1901 2181 ίσης

301 2206 459 2275 παρὰ
484 2202 566 2273 τῷ
593 2202 903 2271 διδασκάλῳ
927 2201 1025 2255 καὶ
1049 2200 1172 2273 Θεῷ
1195 2202 1489 2273 τετυχήκει
1513 2202 1682 2273 τιμῆς
1701 2216 1716 2231 ’
1744 2205 1795 2258 εί
1823 2208 1899 2276 μή

308 2312 394 2359 τις
427 2293 595 2349 αὐτοῦ
634 2294 733 2364 τὴν
761 2293 905 2364 μετά
932 2295 1025 2348 τὸν
1058 2293 1319 2365 σταυρὸν,
1350 2294 1447 2347 καὶ
1471 2293 1570 2365 τὴν
1598 2296 1901 2350 ἀνάστασιν

314 2384 649 2455 ἀμφιϐολίαν
677 2385 713 2456 ἦ
734 2384 1028 2455 διψυχίαν,
1074 2385 1325 2456 θφέσεως
1365 2386 1572 2457 τρόπον
1613 2386 1898 2453 ὑπολάϐοι,

316 2478 519 2542 κακῶς
551 2478 810 2545 ὑπονοῶν,
840 2478 940 2532 καὶ
965 2478 1069 2532 οὐκ
1096 2478 1158 2532 ιν
1183 2478 1402 2534 συνέσει
1439 2480 1511 2534 τά
1546 2479 1665 2535 θεῖα
1689 2481 1902 2553 διακρί-

318 2587 443 2625 νειν
466 2567 845 2643 είδιίκ.Ὦσπερ
868 2570 983 2644 γὰρ
1008 2570 1285 2642 ὑπερϐολῇ
1320 2570 1661 2643 θερμότητος
1689 2573 1902 2645 χρώμε-

317 2681 413 2728 νος
439 2665 472 2717 ό
497 2662 713 2733 Πέτρος,
740 2660 1088 2735 ἀρνήσασθαι
1116 2664 1470 2734 συνεχωρήθη
1489 2704 1506 2728 ,
1534 2662 1613 2727 ὡς
1641 2664 1708 2719 ἀν
1736 2664 1901 2730 αὑτός

310 2773 371 2810 τε
426 2753 791 2827 μετριιίιτερος
837 2753 1039 2809 ἑαυτοῦ
1063 2753 1292 2824 γένηται
1322 2756 1422 2810 καὶ
1447 2757 1857 2830 ἀσφαλέστερος
1880 2772 1897 2789 ο

304 2844 614 2913 ἀσφαλείας
641 2843 701 2898 δὲ
728 2845 828 2900 καὶ
855 2846 968 2908 soi;
986 2843 1167 2907 ἀλλοις
1193 2842 1451 2911 ὑπόθεσις
1479 2848 1512 2917 ἡ
1537 2847 1745 2919 τριπλῆ
1774 2847 1901 2904 τού-

295 2954 395 2991 του
429 2936 575 3007 μετά
600 2936 701 3009 τὴν
729 2936 961 3008 ἄρνησιν
985 2936 1248 3006 ὁμολογία
1278 2940 1525 3010 καταστῇ
1544 2956 1559 2971 ·
1586 2939 1767 2993 κοινὸν
1789 2940 1901 3011 γὰρ

296 3028 495 3100 ὥσπερ
527 3028 591 3082 τὸ
622 3028 870 3100 ἥττημα,
898 3027 1044 3081 οὕτω
1068 3028 1294 3083 πάντων
1322 3027 1537 3099 ἀγίνετο
1565 3031 1661 3084 καὶ
1686 3031 1748 3085 τὸ
1774 3048 1904 3104 προ.

2015 932 2289 980 tratorum
2318 931 2670 992 conspectus,
2726 921 3014 992 ipsiusque
3057 936 3127 976 ex
3154 920 3277 992 ejus
3304 932 3404 976 ore
3428 920 3609 976 subli-

2011 1017 2185 1071 mium
2226 1017 2615 1087 mysteriorum
2636 1011 2963 1078 auditionis,
2996 1011 3341 1067 vivitlcarum
3362 1013 3493 1067 item
3518 1028 3609 1066 so-

2009 1109 2227 1165 cietatis
2251 1107 2589 1179 passionum,
2610 1104 2824 1178 mystici
2848 1104 3045 1175 pelvis,
3081 1104 3260 1175 panis,
3290 1103 3494 1169 crucis,
3516 1120 3608 1159 se-

2010 1202 2265 1271 pulturae,
2290 1197 2734 1262 resurrectionis,
2759 1197 2908 1252 illam
2961 1207 3165 1251 secutae
3197 1196 3597 1265 apparitionis,

2009 1291 2139 1348 Filii
2176 1291 2243 1347 ad
2290 1290 2511 1346 Patrem
2547 1290 2605 1343 in
2634 1289 2806 1345 ctelos
2857 1288 3215 1358 receptionis,
3246 1287 3599 1358 Spiritnsque

2006 1392 2197 1454 postea
2222 1398 2321 1453 per
2350 1396 2479 1438 eum
2504 1380 2899 1451 impartitionis
2925 1396 2940 1447 ;
2974 1381 3053 1435 sic
3072 1381 3232 1450 plane
3260 1381 3432 1437 etiam
3485 1395 3610 1436 ma-

2003 1475 2187 1548 gnifici
2202 1476 2267 1530 ad
2284 1485 2477 1548 gentes
2507 1474 2868 1543 apostolatus,
2894 1473 3294 1543 signorumque
3312 1487 3377 1527 ac
3404 1474 3607 1543 prodi-

2004 1571 2268 1641 giorum;
2331 1564 2617 1637 Evangelii
2666 1565 2909 1635 denique
2950 1564 3113 1619 clarae
3171 1563 3606 1633 praedicationis,

2003 1680 2131 1720 cum
2153 1662 2349 1733 primis
2384 1660 2596 1733 pariter
2634 1659 2978 1729 summisque
3008 1656 3274 1727 apostolis
3326 1656 3608 1727 particeps

2004 1756 2132 1810 fuit.

2078 1845 2553 1915 Quemadmodum
2606 1843 2774 1915 igitur
2826 1857 2895 1897 ea
2948 1850 3105 1913 parte
3158 1840 3420 1905 Thomas,
3468 1837 3605 1893 nihil

2007 1940 2224 1997 Andrea
2245 1946 2304 1995 et
2327 1938 2492 1993 Petro
2512 1944 2570 1990 et
2597 1935 2727 1990 filiis
2747 1933 3000 1990 Zebedwi
3031 1934 3218 1988 minus
3245 1931 3463 1993 habuit,
3522 1932 3605 1984 sic

2006 2042 2065 2088 et
2120 2031 2285 2086 tinent
2323 2028 2517 2099 primis
2562 2026 2673 2081 illis
2725 2024 3072 2081 consimilem
3129 2033 3339 2087 natus;
3371 2021 3606 2091 proinde

2006 2122 2175 2177 etiam
2196 2119 2445 2176 eamdem
2458 2131 2521 2173 ac
2537 2114 2615 2170 illi
2635 2114 2965 2177 claritatem,
2990 2125 3292 2182 paremque
3336 2109 3604 2163 honorem

2005 2214 2153 2285 apud
2182 2211 2504 2284 magistrum
2523 2208 2808 2277 Deumque
2838 2196 3167 2276 promeruit.
3188 2201 3306 2258 Nisi
3324 2199 3604 2272 quisfnrte

2004 2323 2074 2363 eo
2110 2305 2444 2362 deteriorem
2490 2300 2871 2369 minoremque
2910 2304 3234 2368 putaverat,
3271 2291 3423 2365 quod
3465 2300 3594 2363 post

2006 2410 2229 2451 crucem
2259 2407 2325 2447 ac
2341 2388 2824 2451 resurreCtionem,
2842 2384 3044 2440 dubius
3069 2382 3354 2449 animique
3397 2394 3605 2449 anceps

2004 2484 2303 2549 exstiterit;
2321 2482 2463 2538 male
2488 2480 2701 2536 scilicet
2720 2478 2976 2549 opinans.
3008 2490 3075 2530 ac
3092 2474 3185 2545 qui
3218 2472 3407 2528 divina
3460 2487 3601 2542 pru-

2006 2578 2206 2634 denter
2246 2575 2562 2631 discernere
2626 2569 2914 2641 etjudicio
2961 2565 3281 2636 expendere
3310 2562 3604 2633 haudqua-

2006 2686 2173 2743 quam
2203 2669 2369 2724 norit.
2399 2661 2874 2733 Quemadmodum
2904 2660 3052 2715 enim
3082 2659 3279 2714 Petrus
3300 2656 3598 2714 excellenti

2006 2766 2227 2822 fervore
2257 2775 2464 2832 negare
2523 2756 2828 2829 permissus
2857 2763 2962 2819 est,
2992 2761 3054 2808 ut
3093 2760 3211 2806 tum
3237 2752 3353 2823 ipse
3401 2750 3595 2807 mode-

2007 2858 2146 2913 stior
2171 2852 2494 2921 cautiorque
2514 2848 2865 2911 redderetur,
2885 2852 3113 2913 tumque
3130 2845 3252 2914 ejus
3280 2850 3404 2912 post
3431 2856 3603 2914 nega-

2008 2948 2217 3003 tionem
2244 2924 2393 3002 trina
2416 2940 2714 3003 confessio,
2743 2936 3041 3001 cautionis,
3081 2949 3147 2989 ac
3193 2931 3427 2987 remedii
3454 2932 3600 2987 ratio

2008 3040 2240 3109 reliquis
2266 3036 2410 3092 foret
2432 3031 2459 3105 ί
2508 3029 2826 3089 communis
2845 3027 2997 3084 enim
3021 3027 3167 3083 sicut
3195 3024 3404 3091 clades,
3435 3023 3518 3080 sic
3547 3033 3600 3078 et

293 3123 559 3194 τὶρημαο
603 3120 751 3174 οὕτω
793 3120 890 3175 καὶ
931 3121 963 3174 ό
1004 3121 1267 3193 Δίδυμος,
1313 3122 1534 3177 πλείονα
1558 3124 1659 3197 τὴν
1686 3123 1900 3196 θέρμην

2010 3134 2397 3189 universorum
2444 3124 2551 3180 fuit
2597 3119 2854 3189 victoria)
2890 3120 3012 3175 :ita
3037 3131 3263 3189 quoque
3316 3115 3602 3187 Didymus,

298 3213 397 3267 καὶ
417 3212 523 3283 τὴν
553 3211 685 3281 περὶ
714 3211 809 3267 τὸν
833 3210 1161 3267 διδάσκαλον
1192 3213 1514 3286 προθυμίαν
1545 3213 1714 3286 ἔχων,
1744 3233 1901 3290 περι-

299 3305 604 3360 πέπτωκεν
629 3302 957 3375 ἀμφιϐολίᾳ,
988 3305 1085 3359 καὶ
1108 3303 1308 3375 μᾶλλον
1337 3304 1451 3359 τῶν
1473 3305 1652 3361 ἄλλων
1673 3310 1788 3373 τοῖς
1810 3309 1902 3364 λο-

299 3398 528 3468 γισμοῖς
556 3394 811 3467 διεκρίθη
844 3396 974 3467 περὶ
1001 3395 1102 3469 τὴν
1127 3396 1453 3466 ἀνάστασιν,
1476 3398 1555 3465 ὡς
1580 3399 1649 3455 ἃν
1674 3400 1772 3456 καὶ
1799 3402 1901 3457 αὒ-

298 3490 393 3554 τδς
432 3486 637 3543 ἑαυτοῦ
672 3489 991 3561 πραΰτερος
1018 3492 1291 3562 καταστῇ,
1323 3491 1422 3545 καὶ
1450 3493 1545 3548 διὰ
1571 3494 1673 3565 τῆς
1701 3495 1898 3550 ἐνστά-

299 3596 444 3644 σεως
475 3577 875 3650 ἀκριϐέστερον
900 3578 1227 3651 βεϐαιωθεὶς
1243 3620 1259 3649 ,
1287 3580 1646 3656 βεϐαιοτέραν
1668 3584 1901 3652 καὶτοῖς

295 3672 487 3735 ἄλλοις
527 3671 735 3743 ἑμποιή
744 3686 857 3725 σειε
893 3672 1104 3728 πίστιν.

370 3764 489 3818 Καὶ
514 3764 629 3834 γὰρ
657 3763 769 3817 εδει
800 3763 964 3835 τυχὸν
1006 3764 1129 3818 ἐκεῖ
1175 3765 1396 3839 πρῶτον
1434 3766 1899 3840 πολυπραγμονη-

301 3856 469 3929 θῆναι
515 3858 582 3911 τὸ
625 3858 966 3929 μυστήριον⁴
1014 3857 1112 3912 καὶ
1150 3857 1587 3929 δοκιμασθεῖσαν
1633 3860 1777 3915 οὓτω
1805 3858 1899 3915 τοῦ

300 3949 648 4021 Εὑαγγελίου
680 3949 784 4021 τὴν
814 3950 1098 4021 ἀλήθειαν,
1126 3950 1535 4023 ἀναμφίλεκτον
1565 3955 1686 4016 τοῖς
1721 3952 1902 4010 ἔθνεσι

301 4042 707 4114 παραδοθῆναι.
726 4042 945 4114 Ἠρέμα
981 4042 1085 4114 μὲν
1114 4039 1212 4097 οὖν
1243 4043 1481 4115 διχόνοια
1508 4046 1604 4100 καὶ
1647 4045 1756 4100 τῶν
1792 4046 1905 4101 λοι-

298 4139 424 4192 πῶν
451 4137 556 4201 τὰς
580 4134 813 4205 καρδίας
853 4134 1212 4208 διικνουμένη
1238 4136 1527 4208 μαθητῶν,
1552 4139 1655 4193 οὐκ
1681 4140 1904 4211 εὐαγεῖς

296 4226 548 4285 ἀνεκίνει
576 4224 876 4296 λογισμούς
894 4241 909 4255 ο
936 4226 1035 4281 καὶ
1069 4227 1373 4297 φαντασίαν
1401 4225 1542 4282 εἶναι
1587 4229 1650 4283 τὸ
1690 4229 1906 4301 ὁρώμε-

299 4336 395 4375 νον
424 4316 721 4373 ὑπέϐαλεν.
739 4317 882 4372 Ἀλλ’
910 4318 961 4372 οι
1008 4318 1111 4389 μὲν
1142 4318 1320 4391 δειλίᾳ
1366 4320 1467 4391 τὴν
1512 4318 1905 4392 ἀκριϐολογίαν

306 4409 818 4481 παρακλέπτοντες,
838 4410 1121 4481 ἠνείχοντο
1144 4411 1546 4481 πυρπολεῖσθαι
1576 4428 1635 4464 τε
1666 4413 1761 4465 καὶ
1803 4429 1904 4483 με-

2000 3220 2449 3298 majorifervore
2472 3216 2642 3285 inque
2665 3210 2991 3282 Magistrum
3032 3206 3322 3263 alacritate
3360 3204 3599 3274 pollens,

2000 3322 2062 3378 in
2095 3296 2442 3373 dubietatem
2470 3305 2693 3371 incidit,
2729 3317 2798 3358 ac
2835 3301 2961 3372 plus
2997 3298 3231 3369 reliquis
3256 3296 3326 3351 de
3354 3310 3591 3351 resurre-

2003 3411 2190 3468 ctione
2219 3416 2425 3472 anceps
2460 3398 2587 3463 fuit,
2620 3406 2685 3452 ut
2721 3402 2778 3450 et
2819 3393 2940 3463 ipse
2987 3391 3168 3447 lenior
3204 3388 3600 3460 benigniorun

2000 3497 2289 3558 evaderet,
2332 3489 2619 3559 animique
2660 3481 3117 3542 contentiosioris
3162 3494 3347 3551 pugna
3387 3479 3597 3550 plenint

2000 3591 2384 3651 confirmatus,
2428 3579 2734 3637 firmiorem
2770 3574 3005 3649 perinde
3047 3572 3287 3643 reliquis
3311 3570 3479 3628 fidem
3516 3573 3575 3627 in

2002 3686 2245 3756 gereret.

2022 3820 2025 3822 -
2074 3784 2236 3841 Forte
2264 3778 2415 3837 enim
2443 3791 2629 3848 operte
2669 3770 2911 3845 pretium
2940 3777 3081 3839 erat,
3119 3778 3182 3825 ut
3224 3768 3341 3825 illic
3363 3768 3599 3840 primum

2001 3875 2332 3949 mysterium
2347 3868 2622 3927 curiosius
2644 3866 3051 3936 exploraretur,
3105 3862 3279 3933 inque
3311 3876 3441 3917 eum
3482 3875 3575 3916 mo

2004 3967 2137 4022 dum
2169 3964 2403 4035 probata
2436 3954 2724 4027 Evangelii
2746 3954 2977 4019 veritas,
3007 3952 3317 4008 indubitata
3349 3949 3598 4021 gentibus

2005 4058 2344 4115 traderetur.
2395 4052 2540 4110 Sane
2572 4063 2707 4105 vero
2744 4047 2915 4105 etiam
2962 4047 3307 4117 reliquorum
3366 4044 3587 4116 discipu

2003 4150 2183 4206 lorum
2211 4146 2431 4202 animos
2454 4140 2663 4197 sensim
2682 4137 2995 4210 pervadens
3014 4136 3293 4201 dubietas,
3318 4134 3465 4190 haud
3483 4136 3596 4207 pias

2006 4242 2061 4297 in
2074 4240 2165 4297 eis
2180 4254 2245 4294 ac
2274 4237 2563 4307 religiosas
2580 4230 2945 4303 cogitationes
2984 4228 3265 4293 movebat,
3287 4235 3568 4297 specuum

2004 4349 2114 4404 que
2144 4334 2308 4388 inane
2343 4343 2469 4384 esse
2507 4323 2860 4397 suggerebat,
2908 4322 2963 4377 id
2997 4320 3147 4392 quod
3190 4320 3370 4375 oculis
3407 4333 3590 4373 cerne-

2004 4427 2220 4482 batur:
2262 4436 2455 4479 verum
2507 4418 2585 4474 illi
2627 4416 2880 4487 quidem,
2932 4412 3227 4468 formidine
3284 4418 3597 4465 accuratam

315 4499 570 4571 ρίζεσθαι
608 4500 696 4555 τδν
726 4500 875 4558 νοῦν.
900 4502 975 4555 Σὺ
1005 4502 1085 4571 δὲ,
1112 4495 1159 4557 ὧ
1183 4502 1534 4572 γενναιότατε
1566 4505 1665 4559 καὶ
1702 4505 1903 4575 θερμόο

2005 4519 2231 4574 fallente
2260 4514 2561 4577 rationem,
2595 4509 2783 4565 animo
2824 4505 3075 4570 incendi,
3122 4519 3189 4559 ac
3222 4501 3478 4573 partibus
3511 4516 3574 4557 se

316 4606 457 4645 τατι
477 4593 575 4662 τῆς
590 4591 838 4665 ἀληθείας
863 4593 1156 4664 ὲρευνητά,
1183 4595 1247 4649 οὐ
1275 4593 1454 4665 ψιλοῖς
1486 4594 1595 4649 τῶν
1618 4596 1896 4664 ἐπαγγελ-

318 4683 521 4737 λόντων
540 4683 707 4755 λόγοις
727 4685 1144 4759 παραδέξασθαι
1177 4686 1291 4741 δεῖν
1314 4686 1502 4758 ᾠήθης
1526 4686 1897 4757 τὴνάνάστα-

310 4792 438 4830 σινσ
476 4777 744 4850 σφαλερὸν
785 4778 930 4848 γάρ’
976 4776 1088 4832 οὐδ’
1112 4776 1237 4848 ὄψει
1282 4778 1421 4852 μόνῃ
1459 4778 1897 4834 καταπιστεῦσαι

297 4875 365 4927 τὸ
408 4873 743 4944 μυστήριονο
768 4871 1014 4926 ὕποπτον
1038 4871 1171 4943 γὰρ,
1194 4870 1272 4936 ὥς
1304 4872 1398 4926 καὶ⁴
1439 4872 1693 4941 ἀγγέλων
1733 4872 1898 4929 τινῶν

294 4968 382 5031 εἰς
430 4962 575 5029 εἶδος
612 4964 711 5019 τοῦ
757 4964 1100 5035 ποθουμένου
1134 4965 1481 5037 μορφοῦσθαι
1510 4965 1777 5030 πολλάκις
1803 4965 1899 5019 δυ-

292 5062 590 5129 ναμένων·
621 5057 816 5130 ὥσπερ
858 5056 916 5111 δὲ
960 5057 1054 5110 τὸν
1082 5055 1316 5112 θάνατον
1344 5056 1440 5112 καὶ
1467 5057 1569 5130 τὴν
1595 5060 1778 5129 ταφὴν
1803 5058 1899 5113 τοῦ

304 5149 517 5221 Ἰησοῦ,
552 5149 621 5203 δι’
654 5148 831 5216 αὐτῆς
858 5148 1037 5218 ὅψεως
1074 5148 1174 5203 καὶ
1207 5148 1406 5221 πείρας
1434 5148 1631 5218 ἔγνως,
1659 5150 1807 5205 οὕτω
1834 5149 1901 5225 δη

287 5243 394 5297 καὶ
426 5240 533 5310 τὴν
580 5238 884 5294 ἀνάστασιν
923 5237 1319 5309 ἀναντίρρητον
1348 5236 1529 5305 ἑαυτῷ
1565 5254 1626 5292 τε
1657 5239 1898 5311 πρῶτον,

292 5324 399 5391 καὶ*
424 5334 567 5387 πᾶσι
591 5330 1114 5385 κατασκευάσασθαι
1153 5329 1497 5402 βουλόμενος,
1522 5330 1624 5401 τὴν
1667 5331 1755 5385 διὰ
1799 5332 1902 5403 τῆς

291 5426 501 5496 πείρας
546 5421 843 5493 ἀπῄτησας
891 5422 1301 5494 πληροφορίαν*
1348 5423 1444 5476 καὶ
1486 5424 1618 5487 τοὺς
1646 5424 1709 5477 ὲν
1735 5423 1896 5493 χερσὶ

290 5517 399 5573 καὶ
424 5516 560 5571 ποσὶ
581 5515 792 5578 τύπους
821 5513 933 5567 τῶν
959 5514 1125 5585 ἥλων,
1159 5517 1254 5569 καὶ
1279 5514 1378 5585 τῆς
1410 5514 1721 5579 πανολϐίας,
1732 5515 1895 5569 πλευ-

293 5611 405 5682 ρᾶς
456 5608 561 5677 τὴν
599 5604 794 5676 νυγὴν,
823 5604 919 5660 τοῦ
968 5607 1236 5672 παθόντος
1264 5606 1518 5678 σώματος
1556 5605 1633 5673 ὡς
1673 5606 1893 5679 ἀληθῶς

2003 4608 2118 4665 cari
2168 4604 2524 4663 sustinebant
2569 4600 2636 4655 ξδ.
2680 4600 2763 4654 Tu
2823 4612 2979 4660 vero,
3021 4594 3444 4667 generosissime
3490 4591 3603 4647 fer~

2002 4697 2437 4766 ventissimeque
2466 4689 2716 4747 veritatis
2746 4689 3054 4759 indagator,
3084 4701 3197 4741 non
3239 4683 3410 4740 nudis
3457 4683 3592 4739 refe-

2004 4793 2248 4849 rentium
2278 4787 2511 4844 vocibus
2550 4784 2928 4857 recipiendam
2961 4780 3425 4837 resurrectionem
3441 4777 3595 4832 duxi-

2003 4885 2076 4940 sti
2102 4884 2329 4953 (quippe
2356 4895 2448 4935 res
2466 4879 2655 4939 fallax.
2687 4891 2792 4934 nec
2812 4884 2929 4931 tuta
2951 4873 3127 4940 satis),
3150 4886 3253 4926 nec
3279 4870 3415 4927 solis
3438 4869 3593 4923 obtu-

2003 4976 2155 5031 tibus
2181 4971 2517 5029 credendam
2542 4968 2790 5043 mysterii
2810 4968 2975 5025 tidem
3000 4965 3329 5022 existimasti
3356 4967 3505 5030 (nam
3538 4976 3592 5019 et

2001 5068 2109 5125 hoc
2135 5074 2477 5137 suspectum,
2500 5080 2630 5119 cum
2668 5071 2726 5118 et
2767 5060 2949 5132 angeli
2998 5075 3111 5115 non
3138 5073 3263 5112 raro
3290 5056 3593 5113 desiderati

2003 5160 2238 5215 formam
2260 5155 2491 5211 induere
2538 5153 2799 5225 possint),
2840 5151 2976 5223 quin
3016 5150 3162 5206 sicut
3190 5148 3321 5203 Iesu
3354 5158 3593 5203 mortem

2003 5262 2068 5303 ac
2098 5247 2436 5318 sepulturam
2456 5244 2579 5315 ipso
2609 5251 2838 5314 aspectu
2867 5254 2934 5296 ac
2970 5238 3349 5309 experimento
3367 5251 3593 5308 usurpa.

2004 5353 2185 5403 veras,
2236 5337 2318 5391 sic
2362 5350 2585 5406 quoque
2634 5332 3125 5394 resurrectionem,
3168 5342 3284 5383 tum
3323 5328 3442 5397 ipse
3485 5328 3592 5383 tibi

2006 5427 2268 5507 primum,
2323 5433 2440 5480 tum
2505 5425 2732 5496 reliquis
2792 5423 3053 5481 omnibus
3107 5420 3591 5476 incontestabilem

2000 5520 2236 5576 reddere
2276 5518 2527 5583 studens,
2573 5522 2696 5590 ipso
2733 5519 2816 5574 rei
2864 5517 3248 5588 experimento
3298 5512 3448 5569 illius
3490 5510 3591 5567 tibi

2001 5618 2154 5665 certo
2206 5608 2571 5680 praestandam
2606 5607 2769 5663 fidem
2821 5605 3074 5679 flagitasti
3108 5618 3388 5674 :vcreque
3420 5602 3568 5657 susci

374 5770 427 5803 ⁸⁸
456 5768 619 5826 Joan.
648 5784 724 5827 vt.
766 5766 859 5823 66.
936 5768 983 5799 “
1022 5767 1156 5822 Luc.
1204 5782 1351 5832 xxxv,
1385 5764 1493 5830 '56;
1544 5764 1714 5820 Marc.
1764 5776 1878 5831 xvi,
1913 5763 1999 5818 ﬂ.
