  <div class='ocr_page' id='page_1' title='image "/cluster/home/n/w/nwhite01/storage/ocr_20150623/105/mdp.39015008714183/075.png"; bbox 0 0 4086 6282; ppageno 0'>
   <div class='ocr_carea' id='block_1_1' title="bbox 468 323 576 390">
    <p class='ocr_par' dir='ltr' id='par_1_1' title="bbox 468 323 576 390">
     <span class='ocr_line' id='line_1_1' title="bbox 468 323 576 390; baseline 0.019 -3"><span class='ocrx_word' id='word_1_1' title='bbox 468 323 576 390; x_wconf 73' lang='grc'><strong>135</strong></span> 
     </span>
    </p>
   </div>
   <div class='ocr_carea' id='block_1_2' title="bbox 1681 323 2555 388">
    <p class='ocr_par' dir='ltr' id='par_1_2' title="bbox 1681 323 2555 388">
     <span class='ocr_line' id='line_1_2' title="bbox 1681 323 2555 388; baseline -0.002 0"><span class='ocrx_word' id='word_1_2' title='bbox 1681 324 1981 388; x_wconf 74' lang='lat' dir='ltr'><strong>NICETIE</strong></span> <span class='ocrx_word' id='word_1_3' title='bbox 2017 323 2555 388; x_wconf 76' lang='lat' dir='ltr'><strong>PAPHLAGONIS</strong></span> 
     </span>
    </p>
   </div>
   <div class='ocr_carea' id='block_1_3' title="bbox 3656 323 3763 387">
    <p class='ocr_par' dir='ltr' id='par_1_3' title="bbox 3656 323 3763 387">
     <span class='ocr_line' id='line_1_3' title="bbox 3656 323 3763 387; baseline -0.019 0"><span class='ocrx_word' id='word_1_4' title='bbox 3656 323 3763 387; x_wconf 83' lang='lat'><strong>136</strong></span> 
     </span>
    </p>
   </div>
   <div class='ocr_carea' id='block_1_4' title="bbox 467 420 2074 516">
    <p class='ocr_par' dir='ltr' id='par_1_4' title="bbox 467 441 2074 516">
     <span class='ocr_line' id='line_1_4' title="bbox 467 441 2074 516; baseline 0 -21"><span class='ocrx_word' id='word_1_5' title='bbox 467 443 570 497; x_wconf 84' lang='lat' dir='ltr'><strong>tati</strong></span> <span class='ocrx_word' id='word_1_6' title='bbox 604 456 726 514; x_wconf 55' lang='lat' dir='ltr'><strong>eius</strong></span> <span class='ocrx_word' id='word_1_7' title='bbox 759 443 1033 514; x_wconf 89' lang='lat' dir='ltr'><strong>corporis,</strong></span> <span class='ocrx_word' id='word_1_8' title='bbox 1077 441 1228 516; x_wconf 88' lang='lat' dir='ltr'><strong>quod</strong></span> <span class='ocrx_word' id='word_1_9' title='bbox 1273 456 1496 514; x_wconf 87' lang='lat' dir='ltr'><strong>passum</strong></span> <span class='ocrx_word' id='word_1_10' title='bbox 1541 450 1665 497; x_wconf 88' lang='lat' dir='ltr'><strong>erat</strong></span> <span class='ocrx_word' id='word_1_11' title='bbox 1714 450 1882 512; x_wconf 85' lang='lat' dir='ltr'><strong>atque</strong></span> <span class='ocrx_word' id='word_1_12' title='bbox 1935 455 2074 497; x_wconf 89' lang='lat' dir='ltr'><strong>mor-</strong></span> 
     </span>
    </p>
   </div>
   <div class='ocr_carea' id='block_1_5' title="bbox 2174 420 3770 516">
    <p class='ocr_par' dir='ltr' id='par_1_5' title="bbox 2176 437 3770 512">
     <span class='ocr_line' id='line_1_5' title="bbox 2176 437 3770 512; baseline -0.002 -17"><span class='ocrx_word' id='word_1_13' title='bbox 2176 440 2514 504; x_wconf 81' lang='grc' dir='ltr'><strong>ἀναστάντος</strong></span> <span class='ocrx_word' id='word_1_14' title='bbox 2550 439 2830 512; x_wconf 83' lang='grc' dir='ltr'>τεκμήρια</span> <span class='ocrx_word' id='word_1_15' title='bbox 2855 437 3166 510; x_wconf 80' lang='grc' dir='ltr'><strong>τιθέμενος,</strong></span> <span class='ocrx_word' id='word_1_16' title='bbox 3194 437 3294 509; x_wconf 79' lang='grc' dir='ltr'><strong>τὴν</strong></span> <span class='ocrx_word' id='word_1_17' title='bbox 3322 438 3600 510; x_wconf 78' lang='grc' dir='ltr'><strong>μακαρίαν</strong></span> <span class='ocrx_word' id='word_1_18' title='bbox 3629 441 3770 493; x_wconf 64' lang='grc' dir='ltr'>ἐκεί·</span> 
     </span>
    </p>
   </div>
   <div class='ocr_carea' id='block_1_6' title="bbox 472 532 2066 600">
    <p class='ocr_par' dir='ltr' id='par_1_6' title="bbox 472 532 2066 600">
     <span class='ocr_line' id='line_1_6' title="bbox 472 532 2066 600; baseline 0.001 -16"><span class='ocrx_word' id='word_1_19' title='bbox 472 540 653 600; x_wconf 87' lang='lat' dir='ltr'><strong>tuum,</strong></span> <span class='ocrx_word' id='word_1_20' title='bbox 679 543 830 589; x_wconf 90' lang='lat' dir='ltr'><strong>certa</strong></span> <span class='ocrx_word' id='word_1_21' title='bbox 859 533 1062 590; x_wconf 87' lang='lat' dir='ltr'><strong>indicia</strong></span> <span class='ocrx_word' id='word_1_22' title='bbox 1100 541 1374 596; x_wconf 87' lang='lat' dir='ltr'><strong>statuens,</strong></span> <span class='ocrx_word' id='word_1_23' title='bbox 1402 533 1684 588; x_wconf 82' lang='lat' dir='ltr'><strong>clavorum</strong></span> <span class='ocrx_word' id='word_1_24' title='bbox 1719 532 1774 586; x_wconf 90' lang='lat' dir='ltr'><strong>in</strong></span> <span class='ocrx_word' id='word_1_25' title='bbox 1807 532 2066 586; x_wconf 88' lang='lat' dir='ltr'><strong>manibus</strong></span> 
     </span>
    </p>
   </div>
   <div class='ocr_carea' id='block_1_7' title="bbox 470 623 2069 697">
    <p class='ocr_par' dir='ltr' id='par_1_7' title="bbox 470 623 2069 697">
     <span class='ocr_line' id='line_1_7' title="bbox 470 623 2069 697; baseline 0.001 -19"><span class='ocrx_word' id='word_1_26' title='bbox 470 624 816 696; x_wconf 79' lang='lat' dir='ltr'><strong>pedibusque</strong></span> <span class='ocrx_word' id='word_1_27' title='bbox 846 635 1064 697; x_wconf 87' lang='lat' dir='ltr'><strong>apertas</strong></span> <span class='ocrx_word' id='word_1_28' title='bbox 1093 625 1420 692; x_wconf 80' lang='lat' dir='ltr'><strong>cicatrices;</strong></span> <span class='ocrx_word' id='word_1_29' title='bbox 1447 623 1862 694; x_wconf 86' lang='lat' dir='ltr'><strong>beatissimique</strong></span> <span class='ocrx_word' id='word_1_30' title='bbox 1878 623 2069 680; x_wconf 88' lang='lat' dir='ltr'><strong>lateris</strong></span> 
     </span>
    </p>
   </div>
   <div class='ocr_carea' id='block_1_8' title="bbox 2173 529 3769 602">
    <p class='ocr_par' dir='ltr' id='par_1_8' title="bbox 2173 529 3769 602">
     <span class='ocr_line' id='line_1_8' title="bbox 2173 529 3769 602; baseline -0.001 -18"><span class='ocrx_word' id='word_1_31' title='bbox 2173 548 2274 602; x_wconf 83' lang='grc' dir='ltr'><strong>νην</strong></span> <span class='ocrx_word' id='word_1_32' title='bbox 2325 531 2463 602; x_wconf 83' lang='grc' dir='ltr'><strong>μετά</strong></span> <span class='ocrx_word' id='word_1_33' title='bbox 2508 531 2610 600; x_wconf 85' lang='grc' dir='ltr'>τὴν</span> <span class='ocrx_word' id='word_1_34' title='bbox 2649 529 2970 601; x_wconf 74' lang='grc' dir='ltr'><strong>ψηλάφησιν</strong></span> <span class='ocrx_word' id='word_1_35' title='bbox 3017 530 3182 593; x_wconf 78' lang='grc' dir='ltr'>εὐθὺς</span> <span class='ocrx_word' id='word_1_36' title='bbox 3220 529 3510 600; x_wconf 79' lang='grc' dir='ltr'>ἀνηρεύξω</span> <span class='ocrx_word' id='word_1_37' title='bbox 3543 531 3726 598; x_wconf 80' lang='grc' dir='ltr'>φωνήν</span> <span class='ocrx_word' id='word_1_38' title='bbox 3751 544 3769 560; x_wconf 75' lang='grc' dir='ltr'><strong><em>ο</em></strong></span> 
     </span>
    </p>
   </div>
   <div class='ocr_carea' id='block_1_9' title="bbox 2188 621 3714 695">
    <p class='ocr_par' dir='ltr' id='par_1_9' title="bbox 2188 621 3714 695">
     <span class='ocr_line' id='line_1_9' title="bbox 2188 621 3714 695; baseline 0 -18"><span class='ocrx_word' id='word_1_39' title='bbox 2188 621 2244 677; x_wconf 87' lang='lat'><strong>&#39;0</strong></span> <span class='ocrx_word' id='word_1_40' title='bbox 2274 625 2492 692; x_wconf 82' lang='grc' dir='ltr'>Κύριός</span> <span class='ocrx_word' id='word_1_41' title='bbox 2515 642 2658 694; x_wconf 83' lang='grc' dir='ltr'>μου,</span> <span class='ocrx_word' id='word_1_42' title='bbox 2685 624 3142 695; x_wconf 83' lang='grc' dir='ltr'>ἀποκρινόμενος,</span> <span class='ocrx_word' id='word_1_43' title='bbox 3177 623 3276 678; x_wconf 79' lang='grc' dir='ltr'>καί</span> <span class='ocrx_word' id='word_1_44' title='bbox 3309 626 3343 677; x_wconf 81' lang='grc' dir='ltr'><em>ὁ</em></span> <span class='ocrx_word' id='word_1_45' title='bbox 3376 625 3523 686; x_wconf 78' lang='grc' dir='ltr'>Θεός</span> <span class='ocrx_word' id='word_1_46' title='bbox 3546 641 3666 689; x_wconf 82' lang='grc' dir='ltr'><strong>μου</strong></span> <span class='ocrx_word' id='word_1_47' title='bbox 3695 624 3714 677; x_wconf 89' lang='lat'><strong><em>!</em></strong></span> 
     </span>
    </p>
   </div>
   <div class='ocr_carea' id='block_1_10' title="bbox 465 716 3773 789">
    <p class='ocr_par' dir='ltr' id='par_1_10' title="bbox 465 716 3773 789">
     <span class='ocr_line' id='line_1_10' title="bbox 465 716 3773 789; baseline -0.001 -15"><span class='ocrx_word' id='word_1_48' title='bbox 465 721 674 776; x_wconf 63' lang='lat' dir='ltr'><strong>lanceae</strong></span> <span class='ocrx_word' id='word_1_49' title='bbox 721 722 1045 789; x_wconf 82' lang='lat' dir='ltr'><strong>fossionem,</strong></span> <span class='ocrx_word' id='word_1_50' title='bbox 1074 739 1228 779; x_wconf 82' lang='lat' dir='ltr'><strong>mox</strong></span> <span class='ocrx_word' id='word_1_51' title='bbox 1270 740 1336 780; x_wconf 88' lang='lat' dir='ltr'><strong>ac</strong></span> <span class='ocrx_word' id='word_1_52' title='bbox 1382 731 1810 787; x_wconf 87' lang='lat' dir='ltr'><strong>contrectasses,</strong></span> <span class='ocrx_word' id='word_1_53' title='bbox 1877 722 2094 776; x_wconf 87' lang='lat' dir='ltr'><strong>beatam</strong></span> <span class='ocrx_word' id='word_1_54' title='bbox 2162 718 2314 776; x_wconf 85' lang='lat' dir='ltr'><strong>illam</strong></span> <span class='ocrx_word' id='word_1_55' title='bbox 2373 736 2568 776; x_wconf 81' lang='lat' dir='ltr'><strong>vocem</strong></span> <span class='ocrx_word' id='word_1_56' title='bbox 2619 719 2928 786; x_wconf 84' lang='lat' dir='ltr'><strong>eruetasti,</strong></span> <span class='ocrx_word' id='word_1_57' title='bbox 2985 735 3052 774; x_wconf 82' lang='lat' dir='ltr'><strong>ac</strong></span> <span class='ocrx_word' id='word_1_58' title='bbox 3105 717 3464 789; x_wconf 73' lang='lat' dir='ltr'><strong>respondisti.</strong></span> <span class='ocrx_word' id='word_1_59' title='bbox 3514 716 3773 773; x_wconf 75' lang='lat' dir='ltr'><strong>Dominus</strong></span> 
     </span>
    </p>
   </div>
   <div class='ocr_carea' id='block_1_11' title="bbox 469 812 1115 871">
    <p class='ocr_par' dir='ltr' id='par_1_11' title="bbox 469 812 1115 871">
     <span class='ocr_line' id='line_1_11' title="bbox 469 812 1115 871; baseline 0.011 -8"><span class='ocrx_word' id='word_1_60' title='bbox 469 827 618 866; x_wconf 76' lang='lat' dir='ltr'><strong>meus</strong></span> <span class='ocrx_word' id='word_1_61' title='bbox 641 820 689 866; x_wconf 78' lang='lat' dir='ltr'><strong>et</strong></span> <span class='ocrx_word' id='word_1_62' title='bbox 708 812 848 868; x_wconf 82' lang='lat' dir='ltr'><strong>Deus</strong></span> <span class='ocrx_word' id='word_1_63' title='bbox 882 831 1026 870; x_wconf 82' lang='lat' dir='ltr'><strong>meus</strong></span> <span class='ocrx_word' id='word_1_64' title='bbox 1045 816 1115 871; x_wconf 76' lang='lat'><strong>”.</strong></span> 
     </span>
    </p>
   </div>
   <div class='ocr_carea' id='block_1_12' title="bbox 539 903 2071 982">
    <p class='ocr_par' dir='ltr' id='par_1_12' title="bbox 539 903 2071 982">
     <span class='ocr_line' id='line_1_12' title="bbox 539 903 2071 982; baseline 0.003 -24"><span class='ocrx_word' id='word_1_65' title='bbox 539 903 585 958; x_wconf 94' lang='grc' dir='ltr'><strong>Ο</strong></span> <span class='ocrx_word' id='word_1_66' title='bbox 617 914 863 960; x_wconf 89' lang='lat' dir='ltr'><strong>sanctam</strong></span> <span class='ocrx_word' id='word_1_67' title='bbox 890 922 1083 962; x_wconf 88' lang='lat' dir='ltr'><strong>vocem</strong></span> <span class='ocrx_word' id='word_1_68' title='bbox 1113 919 1306 967; x_wconf 85' lang='lat' dir='ltr'><strong>saneto</strong></span> <span class='ocrx_word' id='word_1_69' title='bbox 1327 910 1538 982; x_wconf 89' lang='lat' dir='ltr'><strong>Spiritu</strong></span> <span class='ocrx_word' id='word_1_70' title='bbox 1563 908 1909 965; x_wconf 78' lang='lat' dir='ltr'><strong>sanctissime</strong></span> <span class='ocrx_word' id='word_1_71' title='bbox 1936 924 2071 978; x_wconf 64' lang='grc' dir='ltr'>ιιι-οε</span> 
     </span>
    </p>
   </div>
   <div class='ocr_carea' id='block_1_13' title="bbox 423 997 2072 1076">
    <p class='ocr_par' dir='ltr' id='par_1_13' title="bbox 423 997 2072 1076">
     <span class='ocr_line' id='line_1_13' title="bbox 423 997 2072 1076; baseline 0.005 -25"><span class='ocrx_word' id='word_1_72' title='bbox 423 1021 426 1027; x_wconf 92' lang='grc'><strong>·</strong></span> <span class='ocrx_word' id='word_1_73' title='bbox 467 997 675 1053; x_wconf 75' lang='lat' dir='ltr'><strong>latam!</strong></span> <span class='ocrx_word' id='word_1_74' title='bbox 713 1015 837 1069; x_wconf 74' lang='lat' dir='ltr'><strong>quae</strong></span> <span class='ocrx_word' id='word_1_75' title='bbox 864 1002 1080 1059; x_wconf 86' lang='lat' dir='ltr'><strong>scilicet</strong></span> <span class='ocrx_word' id='word_1_76' title='bbox 1125 1006 1504 1076; x_wconf 86' lang='lat' dir='ltr'><strong>apostolorum</strong></span> <span class='ocrx_word' id='word_1_77' title='bbox 1535 1017 1750 1061; x_wconf 88' lang='lat' dir='ltr'><strong>mentes</strong></span> <span class='ocrx_word' id='word_1_78' title='bbox 1787 1002 2072 1060; x_wconf 87' lang='lat' dir='ltr'><strong>constabi-</strong></span> 
     </span>
    </p>
   </div>
   <div class='ocr_carea' id='block_1_14' title="bbox 467 1091 2073 1160">
    <p class='ocr_par' dir='ltr' id='par_1_14' title="bbox 467 1091 2073 1160">
     <span class='ocr_line' id='line_1_14' title="bbox 467 1091 2073 1160; baseline 0.004 -16"><span class='ocrx_word' id='word_1_79' title='bbox 467 1091 610 1153; x_wconf 88' lang='lat' dir='ltr'><strong>livit,</strong></span> <span class='ocrx_word' id='word_1_80' title='bbox 656 1092 997 1150; x_wconf 84' lang='lat' dir='ltr'><strong>dubietatem</strong></span> <span class='ocrx_word' id='word_1_81' title='bbox 1038 1097 1273 1160; x_wconf 84' lang='lat' dir='ltr'><strong>curavit,</strong></span> <span class='ocrx_word' id='word_1_82' title='bbox 1319 1098 1476 1153; x_wconf 80' lang='lat' dir='ltr'><strong>ﬁrma</strong></span> <span class='ocrx_word' id='word_1_83' title='bbox 1506 1106 1738 1153; x_wconf 88' lang='lat' dir='ltr'><strong>cunctos</strong></span> <span class='ocrx_word' id='word_1_84' title='bbox 1781 1096 1888 1153; x_wconf 80' lang='lat' dir='ltr'><strong>fide</strong></span> <span class='ocrx_word' id='word_1_85' title='bbox 1919 1112 2073 1152; x_wconf 89' lang='lat' dir='ltr'><strong>com-</strong></span> 
     </span>
    </p>
   </div>
   <div class='ocr_carea' id='block_1_15' title="bbox 468 1183 2073 1263">
    <p class='ocr_par' dir='ltr' id='par_1_15' title="bbox 468 1183 2073 1263">
     <span class='ocr_line' id='line_1_15' title="bbox 468 1183 2073 1263; baseline 0.006 -27"><span class='ocrx_word' id='word_1_86' title='bbox 468 1183 678 1252; x_wconf 85' lang='lat' dir='ltr'><strong>posuit.</strong></span> <span class='ocrx_word' id='word_1_87' title='bbox 718 1183 762 1239; x_wconf 85' lang='lat'><strong>0</strong></span> <span class='ocrx_word' id='word_1_88' title='bbox 796 1185 1023 1242; x_wconf 86' lang='lat' dir='ltr'><strong>brevem</strong></span> <span class='ocrx_word' id='word_1_89' title='bbox 1067 1204 1292 1256; x_wconf 81' lang='lat' dir='ltr'><strong>vocem,</strong></span> <span class='ocrx_word' id='word_1_90' title='bbox 1340 1206 1591 1263; x_wconf 82' lang='lat' dir='ltr'><strong>magnam</strong></span> <span class='ocrx_word' id='word_1_91' title='bbox 1630 1191 1684 1245; x_wconf 91' lang='lat' dir='ltr'><strong>in</strong></span> <span class='ocrx_word' id='word_1_92' title='bbox 1717 1205 1776 1245; x_wconf 85' lang='lat' dir='ltr'><strong>se</strong></span> <span class='ocrx_word' id='word_1_93' title='bbox 1808 1190 2073 1245; x_wconf 88' lang='lat' dir='ltr'><strong>virtutem</strong></span> 
     </span>
    </p>
   </div>
   <div class='ocr_carea' id='block_1_16' title="bbox 469 1273 2074 1354">
    <p class='ocr_par' dir='ltr' id='par_1_16' title="bbox 469 1273 2074 1354">
     <span class='ocr_line' id='line_1_16' title="bbox 469 1273 2074 1354; baseline 0.008 -27"><span class='ocrx_word' id='word_1_94' title='bbox 469 1273 794 1332; x_wconf 76' lang='lat' dir='ltr'><strong>habentem!</strong></span> <span class='ocrx_word' id='word_1_95' title='bbox 819 1294 940 1348; x_wconf 72' lang='lat' dir='ltr'><strong>quae</strong></span> <span class='ocrx_word' id='word_1_96' title='bbox 965 1280 1224 1336; x_wconf 81' lang='lat' dir='ltr'><strong>videlicet</strong></span> <span class='ocrx_word' id='word_1_97' title='bbox 1246 1282 1551 1354; x_wconf 77' lang='lat' dir='ltr'><strong>proﬂigatis</strong></span> <span class='ocrx_word' id='word_1_98' title='bbox 1573 1283 1867 1349; x_wconf 71' lang='lat' dir='ltr'><strong>haereticis,</strong></span> <span class='ocrx_word' id='word_1_99' title='bbox 1908 1293 2074 1340; x_wconf 63' lang='lat' dir='ltr'><strong>rectae</strong></span> 
     </span>
    </p>
   </div>
   <div class='ocr_carea' id='block_1_17' title="bbox 468 1365 2075 1439">
    <p class='ocr_par' dir='ltr' id='par_1_17' title="bbox 468 1365 2075 1439">
     <span class='ocr_line' id='line_1_17' title="bbox 468 1365 2075 1439; baseline 0.007 -21"><span class='ocrx_word' id='word_1_100' title='bbox 468 1378 689 1420; x_wconf 87' lang='lat' dir='ltr'><strong>omnem</strong></span> <span class='ocrx_word' id='word_1_101' title='bbox 713 1365 841 1422; x_wconf 81' lang='lat' dir='ltr'><strong>fidei</strong></span> <span class='ocrx_word' id='word_1_102' title='bbox 864 1369 1109 1439; x_wconf 84' lang='lat' dir='ltr'><strong>regulam</strong></span> <span class='ocrx_word' id='word_1_103' title='bbox 1135 1370 1397 1428; x_wconf 86' lang='lat' dir='ltr'><strong>illustret.</strong></span> <span class='ocrx_word' id='word_1_104' title='bbox 1418 1373 1678 1428; x_wconf 78' lang='lat' dir='ltr'><strong>Dominus</strong></span> <span class='ocrx_word' id='word_1_105' title='bbox 1701 1390 1848 1429; x_wconf 77' lang='lat' dir='ltr'><strong>meus</strong></span> <span class='ocrx_word' id='word_1_106' title='bbox 1865 1382 1914 1427; x_wconf 84' lang='lat' dir='ltr'><strong>et</strong></span> <span class='ocrx_word' id='word_1_107' title='bbox 1933 1374 2075 1429; x_wconf 83' lang='lat' dir='ltr'><strong>Deus</strong></span> 
     </span>
    </p>
   </div>
   <div class='ocr_carea' id='block_1_18' title="bbox 469 1458 2075 1535">
    <p class='ocr_par' dir='ltr' id='par_1_18' title="bbox 469 1458 2075 1535">
     <span class='ocr_line' id='line_1_18' title="bbox 469 1458 2075 1535; baseline 0.009 -25"><span class='ocrx_word' id='word_1_108' title='bbox 469 1458 650 1512; x_wconf 76' lang='lat' dir='ltr'><strong>meus!</strong></span> <span class='ocrx_word' id='word_1_109' title='bbox 680 1459 801 1514; x_wconf 89' lang='lat' dir='ltr'><strong>Non</strong></span> <span class='ocrx_word' id='word_1_110' title='bbox 836 1461 977 1518; x_wconf 87' lang='lat' dir='ltr'><strong>alius</strong></span> <span class='ocrx_word' id='word_1_111' title='bbox 1012 1463 1311 1531; x_wconf 89' lang='lat' dir='ltr'><strong>Dominus,</strong></span> <span class='ocrx_word' id='word_1_112' title='bbox 1359 1475 1527 1535; x_wconf 86' lang='lat' dir='ltr'><strong>atque</strong></span> <span class='ocrx_word' id='word_1_113' title='bbox 1569 1467 1711 1522; x_wconf 88' lang='lat' dir='ltr'><strong>alius</strong></span> <span class='ocrx_word' id='word_1_114' title='bbox 1750 1467 1915 1522; x_wconf 87' lang='lat' dir='ltr'><strong>Deus.</strong></span> <span class='ocrx_word' id='word_1_115' title='bbox 1952 1468 2075 1523; x_wconf 86' lang='lat' dir='ltr'><strong>Non</strong></span> 
     </span>
    </p>
   </div>
   <div class='ocr_carea' id='block_1_19' title="bbox 467 1549 2072 1632">
    <p class='ocr_par' dir='ltr' id='par_1_19' title="bbox 467 1549 2072 1632">
     <span class='ocr_line' id='line_1_19' title="bbox 467 1549 2072 1632; baseline 0.007 -28"><span class='ocrx_word' id='word_1_116' title='bbox 467 1549 613 1606; x_wconf 91' lang='lat' dir='ltr'><strong>alius</strong></span> <span class='ocrx_word' id='word_1_117' title='bbox 650 1551 748 1621; x_wconf 90' lang='lat' dir='ltr'><strong>qui</strong></span> <span class='ocrx_word' id='word_1_118' title='bbox 785 1553 1062 1624; x_wconf 86' lang='lat' dir='ltr'><strong>palpatur,</strong></span> <span class='ocrx_word' id='word_1_119' title='bbox 1093 1556 1236 1613; x_wconf 86' lang='lat' dir='ltr'><strong>alius</strong></span> <span class='ocrx_word' id='word_1_120' title='bbox 1262 1557 1359 1628; x_wconf 85' lang='lat' dir='ltr'><strong>qui</strong></span> <span class='ocrx_word' id='word_1_121' title='bbox 1400 1573 1622 1614; x_wconf 89' lang='lat' dir='ltr'><strong>omnem</strong></span> <span class='ocrx_word' id='word_1_122' title='bbox 1649 1567 1858 1614; x_wconf 89' lang='lat' dir='ltr'><strong>tactum</strong></span> <span class='ocrx_word' id='word_1_123' title='bbox 1896 1560 2072 1632; x_wconf 82' lang='lat' dir='ltr'><strong>fugit;</strong></span> 
     </span>
    </p>
   </div>
   <div class='ocr_carea' id='block_1_20' title="bbox 467 1641 2076 1722">
    <p class='ocr_par' dir='ltr' id='par_1_20' title="bbox 467 1641 2076 1722">
     <span class='ocr_line' id='line_1_20' title="bbox 467 1641 2076 1722; baseline 0.008 -26"><span class='ocrx_word' id='word_1_124' title='bbox 467 1641 568 1697; x_wconf 89' lang='lat' dir='ltr'><strong>sed</strong></span> <span class='ocrx_word' id='word_1_125' title='bbox 629 1645 725 1714; x_wconf 88' lang='lat' dir='ltr'><strong>qui</strong></span> <span class='ocrx_word' id='word_1_126' title='bbox 775 1657 1073 1718; x_wconf 80' lang='lat' dir='ltr'><strong>assumptae</strong></span> <span class='ocrx_word' id='word_1_127' title='bbox 1135 1651 1321 1706; x_wconf 88' lang='lat' dir='ltr'><strong>carnis</strong></span> <span class='ocrx_word' id='word_1_128' title='bbox 1374 1653 1591 1707; x_wconf 87' lang='lat' dir='ltr'><strong>ratione</strong></span> <span class='ocrx_word' id='word_1_129' title='bbox 1641 1654 2076 1722; x_wconf 87' lang='lat' dir='ltr'><strong>comprehensus</strong></span> 
     </span>
    </p>
   </div>
   <div class='ocr_carea' id='block_1_21' title="bbox 471 1730 2074 1808">
    <p class='ocr_par' dir='ltr' id='par_1_21' title="bbox 471 1730 2074 1808">
     <span class='ocr_line' id='line_1_21' title="bbox 471 1730 2074 1808; baseline 0.01 -23"><span class='ocrx_word' id='word_1_130' title='bbox 471 1730 762 1800; x_wconf 89' lang='lat' dir='ltr'><strong>Dominus,</strong></span> <span class='ocrx_word' id='word_1_131' title='bbox 787 1735 835 1792; x_wconf 90' lang='lat' dir='ltr'><strong>is</strong></span> <span class='ocrx_word' id='word_1_132' title='bbox 863 1736 980 1807; x_wconf 90' lang='lat' dir='ltr'><strong>ipse</strong></span> <span class='ocrx_word' id='word_1_133' title='bbox 1004 1738 1152 1794; x_wconf 90' lang='lat' dir='ltr'><strong>Deus</strong></span> <span class='ocrx_word' id='word_1_134' title='bbox 1176 1755 1356 1808; x_wconf 88' lang='lat' dir='ltr'><strong>meus,</strong></span> <span class='ocrx_word' id='word_1_135' title='bbox 1382 1749 1581 1797; x_wconf 91' lang='lat' dir='ltr'><strong>natura</strong></span> <span class='ocrx_word' id='word_1_136' title='bbox 1601 1741 1825 1799; x_wconf 89' lang='lat' dir='ltr'><strong>deitatis</strong></span> <span class='ocrx_word' id='word_1_137' title='bbox 1846 1746 2074 1801; x_wconf 89' lang='lat' dir='ltr'><strong>omnino</strong></span> 
     </span>
    </p>
   </div>
   <div class='ocr_carea' id='block_1_22' title="bbox 469 1822 2074 1903">
    <p class='ocr_par' dir='ltr' id='par_1_22' title="bbox 469 1822 2074 1903">
     <span class='ocr_line' id='line_1_22' title="bbox 469 1822 2074 1903; baseline 0.011 -27"><span class='ocrx_word' id='word_1_138' title='bbox 469 1822 763 1880; x_wconf 88' lang='lat' dir='ltr'><strong>absolutus</strong></span> <span class='ocrx_word' id='word_1_139' title='bbox 796 1836 854 1881; x_wconf 89' lang='lat' dir='ltr'><strong>et</strong></span> <span class='ocrx_word' id='word_1_140' title='bbox 875 1828 1412 1899; x_wconf 86' lang='lat' dir='ltr'><strong>incomprehensus;</strong></span> <span class='ocrx_word' id='word_1_141' title='bbox 1444 1832 1539 1902; x_wconf 91' lang='lat' dir='ltr'><strong>qui</strong></span> <span class='ocrx_word' id='word_1_142' title='bbox 1574 1848 1828 1903; x_wconf 70' lang='lat' dir='ltr'><strong>personae</strong></span> <span class='ocrx_word' id='word_1_143' title='bbox 1859 1836 2074 1894; x_wconf 88' lang='lat' dir='ltr'><strong>ratione</strong></span> 
     </span>
    </p>
   </div>
   <div class='ocr_carea' id='block_1_23' title="bbox 469 1911 2073 2000">
    <p class='ocr_par' dir='ltr' id='par_1_23' title="bbox 469 1911 2073 2000">
     <span class='ocr_line' id='line_1_23' title="bbox 469 1911 2073 2000; baseline 0.012 -34"><span class='ocrx_word' id='word_1_144' title='bbox 469 1911 859 1983; x_wconf 80' lang='lat' dir='ltr'><strong>singulariter;</strong></span> <span class='ocrx_word' id='word_1_145' title='bbox 886 1917 1129 1988; x_wconf 77' lang='lat' dir='ltr'><strong>gemine,</strong></span> <span class='ocrx_word' id='word_1_146' title='bbox 1154 1929 1404 1992; x_wconf 88' lang='lat' dir='ltr'><strong>spectata</strong></span> <span class='ocrx_word' id='word_1_147' title='bbox 1427 1926 2073 2000; x_wconf 87' lang='lat' dir='ltr'><strong>naturavideaturatquc</strong></span> 
     </span>
    </p>
   </div>
   <div class='ocr_carea' id='block_1_24' title="bbox 467 2005 2075 2077">
    <p class='ocr_par' dir='ltr' id='par_1_24' title="bbox 467 2005 2075 2077">
     <span class='ocr_line' id='line_1_24' title="bbox 467 2005 2075 2077; baseline 0.012 -19"><span class='ocrx_word' id='word_1_148' title='bbox 467 2005 752 2062; x_wconf 87' lang='lat' dir='ltr'><strong>credatur.</strong></span> <span class='ocrx_word' id='word_1_149' title='bbox 789 2007 878 2064; x_wconf 87' lang='lat' dir='ltr'><strong>Sic</strong></span> <span class='ocrx_word' id='word_1_150' title='bbox 908 2009 1199 2065; x_wconf 86' lang='lat' dir='ltr'><strong>Christum</strong></span> <span class='ocrx_word' id='word_1_151' title='bbox 1231 2012 1378 2068; x_wconf 89' lang='lat' dir='ltr'><strong>scire</strong></span> <span class='ocrx_word' id='word_1_152' title='bbox 1414 2015 1570 2071; x_wconf 86' lang='lat' dir='ltr'><strong>velut</strong></span> <span class='ocrx_word' id='word_1_153' title='bbox 1604 2026 1813 2074; x_wconf 85' lang='lat' dir='ltr'><strong>tessera</strong></span> <span class='ocrx_word' id='word_1_154' title='bbox 1851 2019 2075 2077; x_wconf 86' lang='lat' dir='ltr'><strong>divinus</strong></span> 
     </span>
    </p>
   </div>
   <div class='ocr_carea' id='block_1_25' title="bbox 467 2096 2072 2179">
    <p class='ocr_par' dir='ltr' id='par_1_25' title="bbox 467 2096 2072 2179">
     <span class='ocr_line' id='line_1_25' title="bbox 467 2096 2072 2179; baseline 0.009 -27"><span class='ocrx_word' id='word_1_155' title='bbox 467 2096 652 2152; x_wconf 86' lang='lat' dir='ltr'><strong>edicat</strong></span> <span class='ocrx_word' id='word_1_156' title='bbox 675 2100 973 2169; x_wconf 87' lang='lat' dir='ltr'><strong>Apostolus</strong></span> <span class='ocrx_word' id='word_1_157' title='bbox 998 2121 1012 2158; x_wconf 90' lang='lat'><strong>:</strong></span> <span class='ocrx_word' id='word_1_158' title='bbox 1040 2119 1104 2158; x_wconf 87' lang='lat' dir='ltr'><strong>ac</strong></span> <span class='ocrx_word' id='word_1_159' title='bbox 1130 2106 1276 2160; x_wconf 89' lang='lat' dir='ltr'><strong>sicut</strong></span> <span class='ocrx_word' id='word_1_160' title='bbox 1301 2106 1498 2163; x_wconf 89' lang='lat' dir='ltr'><strong>Petrus</strong></span> <span class='ocrx_word' id='word_1_161' title='bbox 1520 2115 1650 2164; x_wconf 85' lang='lat' dir='ltr'><strong>ante</strong></span> <span class='ocrx_word' id='word_1_162' title='bbox 1674 2111 1991 2179; x_wconf 86' lang='lat' dir='ltr'><strong>passionem</strong></span> <span class='ocrx_word' id='word_1_163' title='bbox 2012 2119 2072 2167; x_wconf 92' lang='lat' dir='ltr'><strong>et</strong></span> 
     </span>
    </p>
   </div>
   <div class='ocr_carea' id='block_1_26' title="bbox 470 2191 2076 2273">
    <p class='ocr_par' dir='ltr' id='par_1_26' title="bbox 470 2191 2076 2273">
     <span class='ocr_line' id='line_1_26' title="bbox 470 2191 2076 2273; baseline 0.01 -32"><span class='ocrx_word' id='word_1_164' title='bbox 470 2191 971 2258; x_wconf 88' lang='lat' dir='ltr'><strong>resurrectionem,</strong></span> <span class='ocrx_word' id='word_1_165' title='bbox 1009 2195 1085 2252; x_wconf 88' lang='lat' dir='ltr'><strong>ita</strong></span> <span class='ocrx_word' id='word_1_166' title='bbox 1116 2195 1210 2253; x_wconf 89' lang='lat' dir='ltr'><strong>hic</strong></span> <span class='ocrx_word' id='word_1_167' title='bbox 1250 2213 1476 2268; x_wconf 90' lang='lat' dir='ltr'><strong>quoque</strong></span> <span class='ocrx_word' id='word_1_168' title='bbox 1502 2198 1726 2255; x_wconf 87' lang='lat' dir='ltr'><strong>Christo</strong></span> <span class='ocrx_word' id='word_1_169' title='bbox 1748 2202 1862 2273; x_wconf 88' lang='lat' dir='ltr'><strong>jam</strong></span> <span class='ocrx_word' id='word_1_170' title='bbox 1898 2203 2076 2259; x_wconf 86' lang='lat' dir='ltr'><strong>susei-</strong></span> 
     </span>
    </p>
   </div>
   <div class='ocr_carea' id='block_1_27' title="bbox 473 2283 2070 2364">
    <p class='ocr_par' dir='ltr' id='par_1_27' title="bbox 473 2283 2070 2364">
     <span class='ocr_line' id='line_1_27' title="bbox 473 2283 2070 2364; baseline 0.015 -32"><span class='ocrx_word' id='word_1_171' title='bbox 473 2285 609 2342; x_wconf 86' lang='lat' dir='ltr'><strong>tato.</strong></span> <span class='ocrx_word' id='word_1_172' title='bbox 631 2283 780 2351; x_wconf 89' lang='lat' dir='ltr'><strong>quod</strong></span> <span class='ocrx_word' id='word_1_173' title='bbox 809 2284 866 2340; x_wconf 89' lang='lat' dir='ltr'><strong>in</strong></span> <span class='ocrx_word' id='word_1_174' title='bbox 895 2286 994 2342; x_wconf 91' lang='lat' dir='ltr'><strong>illo</strong></span> <span class='ocrx_word' id='word_1_175' title='bbox 1017 2304 1192 2345; x_wconf 90' lang='lat' dir='ltr'><strong>unum</strong></span> <span class='ocrx_word' id='word_1_176' title='bbox 1226 2298 1315 2346; x_wconf 91' lang='lat' dir='ltr'><strong>est</strong></span> <span class='ocrx_word' id='word_1_177' title='bbox 1350 2305 1416 2346; x_wconf 89' lang='lat' dir='ltr'><strong>ae</strong></span> <span class='ocrx_word' id='word_1_178' title='bbox 1455 2291 1660 2363; x_wconf 81' lang='lat' dir='ltr'><strong>duplex</strong></span> <span class='ocrx_word' id='word_1_179' title='bbox 1698 2294 2070 2364; x_wconf 66' lang='lat' dir='ltr'><strong>praedicabat:</strong></span> 
     </span>
    </p>
   </div>
   <div class='ocr_carea' id='block_1_28' title="bbox 470 2377 2074 2444">
    <p class='ocr_par' dir='ltr' id='par_1_28' title="bbox 470 2377 2074 2444">
     <span class='ocr_line' id='line_1_28' title="bbox 470 2377 2074 2444; baseline 0.012 -20"><span class='ocrx_word' id='word_1_180' title='bbox 470 2387 710 2442; x_wconf 90' lang='lat' dir='ltr'><strong>quorum</strong></span> <span class='ocrx_word' id='word_1_181' title='bbox 758 2377 1029 2437; x_wconf 82' lang='lat' dir='ltr'><strong>Dominus</strong></span> <span class='ocrx_word' id='word_1_182' title='bbox 1072 2390 1390 2438; x_wconf 84' lang='lat' dir='ltr'><strong>accuratam</strong></span> <span class='ocrx_word' id='word_1_183' title='bbox 1436 2385 1844 2442; x_wconf 79' lang='lat' dir='ltr'><strong>confessionem</strong></span> <span class='ocrx_word' id='word_1_184' title='bbox 1897 2397 2074 2444; x_wconf 88' lang='lat' dir='ltr'><strong>ratam</strong></span> 
     </span>
    </p>
   </div>
   <div class='ocr_carea' id='block_1_29' title="bbox 474 2465 2075 2537">
    <p class='ocr_par' dir='ltr' id='par_1_29' title="bbox 474 2465 2075 2537">
     <span class='ocr_line' id='line_1_29' title="bbox 474 2465 2075 2537; baseline 0.011 -17"><span class='ocrx_word' id='word_1_185' title='bbox 474 2465 722 2534; x_wconf 90' lang='lat' dir='ltr'><strong>habens,</strong></span> <span class='ocrx_word' id='word_1_186' title='bbox 765 2485 924 2527; x_wconf 90' lang='lat' dir='ltr'><strong>suam</strong></span> <span class='ocrx_word' id='word_1_187' title='bbox 973 2473 1030 2528; x_wconf 91' lang='lat' dir='ltr'><strong>in</strong></span> <span class='ocrx_word' id='word_1_188' title='bbox 1069 2489 1136 2530; x_wconf 87' lang='lat' dir='ltr'><strong>ea</strong></span> <span class='ocrx_word' id='word_1_189' title='bbox 1179 2474 1342 2532; x_wconf 82' lang='lat' dir='ltr'><strong>ilrma</strong></span> <span class='ocrx_word' id='word_1_190' title='bbox 1375 2477 1500 2534; x_wconf 85' lang='lat' dir='ltr'><strong>basi</strong></span> <span class='ocrx_word' id='word_1_191' title='bbox 1547 2477 1926 2535; x_wconf 89' lang='lat' dir='ltr'><strong>constabilivit</strong></span> <span class='ocrx_word' id='word_1_192' title='bbox 1965 2481 2075 2537; x_wconf 80' lang='lat' dir='ltr'><strong>Ec-</strong></span> 
     </span>
    </p>
   </div>
   <div class='ocr_carea' id='block_1_30' title="bbox 477 2564 724 2620">
    <p class='ocr_par' dir='ltr' id='par_1_30' title="bbox 477 2564 724 2620">
     <span class='ocr_line' id='line_1_30' title="bbox 477 2564 724 2620; baseline 0.008 -2"><span class='ocrx_word' id='word_1_193' title='bbox 477 2564 724 2620; x_wconf 86' lang='lat' dir='ltr'><strong>clesiam.</strong></span> 
     </span>
    </p>
   </div>
   <div class='ocr_carea' id='block_1_31' title="bbox 542 2646 2074 2734">
    <p class='ocr_par' dir='ltr' id='par_1_31' title="bbox 542 2646 2074 2734">
     <span class='ocr_line' id='line_1_31' title="bbox 542 2646 2074 2734; baseline 0.009 -27"><span class='ocrx_word' id='word_1_194' title='bbox 542 2653 702 2722; x_wconf 84' lang='lat' dir='ltr'><strong>Quod</strong></span> <span class='ocrx_word' id='word_1_195' title='bbox 735 2658 871 2711; x_wconf 85' lang='lat' dir='ltr'><strong>vero</strong></span> <span class='ocrx_word' id='word_1_196' title='bbox 917 2646 1160 2728; x_wconf 81' lang='lat' dir='ltr'><strong>Spiritus</strong></span> <span class='ocrx_word' id='word_1_197' title='bbox 1198 2669 1427 2719; x_wconf 85' lang='lat' dir='ltr'><strong>sanctus</strong></span> <span class='ocrx_word' id='word_1_198' title='bbox 1461 2676 1496 2718; x_wconf 80' lang='lat' dir='ltr'><strong>a</strong></span> <span class='ocrx_word' id='word_1_199' title='bbox 1534 2661 1699 2720; x_wconf 84' lang='lat' dir='ltr'><strong>Patre</strong></span> <span class='ocrx_word' id='word_1_200' title='bbox 1737 2679 1838 2734; x_wconf 90' lang='lat' dir='ltr'><strong>per</strong></span> <span class='ocrx_word' id='word_1_201' title='bbox 1870 2663 2074 2722; x_wconf 83' lang='lat' dir='ltr'><strong>Filium</strong></span> 
     </span>
    </p>
   </div>
   <div class='ocr_carea' id='block_1_32' title="bbox 475 2738 2106 2827">
    <p class='ocr_par' dir='ltr' id='par_1_32' title="bbox 475 2738 2106 2827">
     <span class='ocr_line' id='line_1_32' title="bbox 475 2738 2106 2827; baseline 0.008 -31"><span class='ocrx_word' id='word_1_202' title='bbox 475 2738 652 2814; x_wconf 83' lang='lat' dir='ltr'><strong>(juxta</strong></span> <span class='ocrx_word' id='word_1_203' title='bbox 694 2745 844 2814; x_wconf 91' lang='lat' dir='ltr'><strong>quod</strong></span> <span class='ocrx_word' id='word_1_204' title='bbox 884 2747 1018 2802; x_wconf 88' lang='lat' dir='ltr'><strong>olim</strong></span> <span class='ocrx_word' id='word_1_205' title='bbox 1056 2747 1395 2817; x_wconf 89' lang='lat' dir='ltr'><strong>promissum</strong></span> <span class='ocrx_word' id='word_1_206' title='bbox 1437 2749 1645 2820; x_wconf 76' lang='lat' dir='ltr'><strong>fuerat)</strong></span> <span class='ocrx_word' id='word_1_207' title='bbox 1674 2752 1890 2808; x_wconf 71' lang='lat' dir='ltr'><strong>eﬂusus</strong></span> <span class='ocrx_word' id='word_1_208' title='bbox 1918 2763 2106 2827; x_wconf 77' lang='lat' dir='ltr'><strong>erat;</strong></span> 
     </span>
    </p>
   </div>
   <div class='ocr_carea' id='block_1_33' title="bbox 474 2834 2074 2915">
    <p class='ocr_par' dir='ltr' id='par_1_33' title="bbox 474 2834 2074 2915">
     <span class='ocr_line' id='line_1_33' title="bbox 474 2834 2074 2915; baseline 0.008 -26"><span class='ocrx_word' id='word_1_209' title='bbox 474 2834 737 2906; x_wconf 86' lang='lat' dir='ltr'><strong>plenique</strong></span> <span class='ocrx_word' id='word_1_210' title='bbox 770 2836 920 2893; x_wconf 90' lang='lat' dir='ltr'><strong>illius</strong></span> <span class='ocrx_word' id='word_1_211' title='bbox 959 2839 1167 2895; x_wconf 88' lang='lat' dir='ltr'><strong>virtute</strong></span> <span class='ocrx_word' id='word_1_212' title='bbox 1207 2840 1501 2911; x_wconf 86' lang='lat' dir='ltr'><strong>discipuli,</strong></span> <span class='ocrx_word' id='word_1_213' title='bbox 1530 2841 1826 2915; x_wconf 79' lang='lat' dir='ltr'><strong>aﬂlatuque</strong></span> <span class='ocrx_word' id='word_1_214' title='bbox 1852 2845 2074 2915; x_wconf 87' lang='lat' dir='ltr'><strong>repleti,</strong></span> 
     </span>
    </p>
   </div>
   <div class='ocr_carea' id='block_1_34' title="bbox 473 2927 2074 3005">
    <p class='ocr_par' dir='ltr' id='par_1_34' title="bbox 473 2927 2074 3005">
     <span class='ocr_line' id='line_1_34' title="bbox 473 2927 2074 3005; baseline 0.01 -27"><span class='ocrx_word' id='word_1_215' title='bbox 473 2927 664 2996; x_wconf 64' lang='lat' dir='ltr'><strong>gratiae</strong></span> <span class='ocrx_word' id='word_1_216' title='bbox 694 2928 748 2982; x_wconf 88' lang='lat' dir='ltr'><strong>in</strong></span> <span class='ocrx_word' id='word_1_217' title='bbox 783 2930 982 2999; x_wconf 87' lang='lat' dir='ltr'><strong>seipsis</strong></span> <span class='ocrx_word' id='word_1_218' title='bbox 1006 2933 1417 3005; x_wconf 77' lang='lat' dir='ltr'><strong>parturiginem</strong></span> <span class='ocrx_word' id='word_1_219' title='bbox 1447 2936 1736 2992; x_wconf 89' lang='lat' dir='ltr'><strong>continere</strong></span> <span class='ocrx_word' id='word_1_220' title='bbox 1776 2953 1890 2992; x_wconf 83' lang='lat' dir='ltr'><strong>non</strong></span> <span class='ocrx_word' id='word_1_221' title='bbox 1919 2938 2074 2994; x_wconf 85' lang='lat' dir='ltr'><strong>vale-</strong></span> 
     </span>
    </p>
   </div>
   <div class='ocr_carea' id='block_1_35' title="bbox 476 3018 2141 3130">
    <p class='ocr_par' dir='ltr' id='par_1_35' title="bbox 476 3018 2141 3130">
     <span class='ocr_line' id='line_1_35' title="bbox 476 3018 2141 3130; baseline 0.008 -58"><span class='ocrx_word' id='word_1_222' title='bbox 476 3018 645 3086; x_wconf 88' lang='lat' dir='ltr'><strong>bant;</strong></span> <span class='ocrx_word' id='word_1_223' title='bbox 683 3036 749 3076; x_wconf 89' lang='lat' dir='ltr'><strong>ac</strong></span> <span class='ocrx_word' id='word_1_224' title='bbox 784 3022 892 3076; x_wconf 87' lang='lat' dir='ltr'><strong>nisi</strong></span> <span class='ocrx_word' id='word_1_225' title='bbox 928 3038 1027 3093; x_wconf 92' lang='lat' dir='ltr'><strong>per</strong></span> <span class='ocrx_word' id='word_1_226' title='bbox 1070 3024 1392 3080; x_wconf 87' lang='lat' dir='ltr'><strong>universum</strong></span> <span class='ocrx_word' id='word_1_227' title='bbox 1435 3027 1612 3096; x_wconf 88' lang='lat' dir='ltr'><strong>sparsi</strong></span> <span class='ocrx_word' id='word_1_228' title='bbox 1645 3027 1860 3095; x_wconf 90' lang='lat' dir='ltr'><strong>orbem,</strong></span> <span class='ocrx_word' id='word_1_229' title='bbox 1902 3029 2071 3084; x_wconf 81' lang='lat' dir='ltr'><strong>alius-</strong></span> <span class='ocrx_word' id='word_1_230' title='bbox 2094 3067 2141 3130; x_wconf 63' lang='grc' dir='ltr'><strong>ο</strong></span> 
     </span>
    </p>
   </div>
   <div class='ocr_carea' id='block_1_36' title="bbox 475 3110 2068 3183">
    <p class='ocr_par' dir='ltr' id='par_1_36' title="bbox 475 3110 2068 3183">
     <span class='ocr_line' id='line_1_36' title="bbox 475 3110 2068 3183; baseline 0.008 -20"><span class='ocrx_word' id='word_1_231' title='bbox 475 3125 585 3180; x_wconf 88' lang='lat' dir='ltr'><strong>que</strong></span> <span class='ocrx_word' id='word_1_232' title='bbox 605 3111 768 3165; x_wconf 89' lang='lat' dir='ltr'><strong>aliam</strong></span> <span class='ocrx_word' id='word_1_233' title='bbox 791 3110 849 3167; x_wconf 87' lang='lat' dir='ltr'><strong>in</strong></span> <span class='ocrx_word' id='word_1_234' title='bbox 868 3129 934 3168; x_wconf 87' lang='lat' dir='ltr'><strong>eo</strong></span> <span class='ocrx_word' id='word_1_235' title='bbox 949 3115 1272 3183; x_wconf 79' lang='lat' dir='ltr'><strong>complexus</strong></span> <span class='ocrx_word' id='word_1_236' title='bbox 1284 3117 1589 3183; x_wconf 88' lang='lat' dir='ltr'><strong>nationem,</strong></span> <span class='ocrx_word' id='word_1_237' title='bbox 1615 3118 1802 3175; x_wconf 89' lang='lat' dir='ltr'><strong>divina</strong></span> <span class='ocrx_word' id='word_1_238' title='bbox 1819 3119 2068 3176; x_wconf 87' lang='lat' dir='ltr'><strong>bonitate</strong></span> 
     </span>
    </p>
   </div>
   <div class='ocr_carea' id='block_1_37' title="bbox 475 3204 2067 3282">
    <p class='ocr_par' dir='ltr' id='par_1_37' title="bbox 475 3204 2067 3282">
     <span class='ocr_line' id='line_1_37' title="bbox 475 3204 2067 3282; baseline 0.008 -25"><span class='ocrx_word' id='word_1_239' title='bbox 475 3204 858 3274; x_wconf 89' lang='lat' dir='ltr'><strong>impartirent;</strong></span> <span class='ocrx_word' id='word_1_240' title='bbox 913 3221 1019 3262; x_wconf 90' lang='lat' dir='ltr'><strong>nec</strong></span> <span class='ocrx_word' id='word_1_241' title='bbox 1063 3207 1178 3263; x_wconf 92' lang='lat' dir='ltr'><strong>Deo</strong></span> <span class='ocrx_word' id='word_1_242' title='bbox 1227 3209 1470 3265; x_wconf 91' lang='lat' dir='ltr'><strong>mittenti</strong></span> <span class='ocrx_word' id='word_1_243' title='bbox 1518 3211 1754 3282; x_wconf 89' lang='lat' dir='ltr'><strong>placita,</strong></span> <span class='ocrx_word' id='word_1_244' title='bbox 1792 3228 1897 3269; x_wconf 87' lang='lat' dir='ltr'><strong>nec</strong></span> <span class='ocrx_word' id='word_1_245' title='bbox 1938 3215 2067 3271; x_wconf 83' lang='lat' dir='ltr'><strong>Jesu</strong></span> 
     </span>
    </p>
   </div>
   <div class='ocr_carea' id='block_1_38' title="bbox 472 3295 2070 3372">
    <p class='ocr_par' dir='ltr' id='par_1_38' title="bbox 472 3295 2070 3372">
     <span class='ocr_line' id='line_1_38' title="bbox 472 3295 2070 3372; baseline 0.007 -21"><span class='ocrx_word' id='word_1_246' title='bbox 472 3295 820 3367; x_wconf 80' lang='lat' dir='ltr'><strong>benignitate</strong></span> <span class='ocrx_word' id='word_1_247' title='bbox 842 3309 1008 3369; x_wconf 85' lang='lat' dir='ltr'><strong>atque</strong></span> <span class='ocrx_word' id='word_1_248' title='bbox 1040 3309 1319 3371; x_wconf 68' lang='lat' dir='ltr'><strong>praecepto</strong></span> <span class='ocrx_word' id='word_1_249' title='bbox 1349 3301 1536 3372; x_wconf 78' lang='lat' dir='ltr'><strong>digna,</strong></span> <span class='ocrx_word' id='word_1_250' title='bbox 1562 3303 1807 3361; x_wconf 77' lang='lat' dir='ltr'><strong>(acturos</strong></span> <span class='ocrx_word' id='word_1_251' title='bbox 1835 3323 1894 3363; x_wconf 89' lang='lat' dir='ltr'><strong>sc</strong></span> <span class='ocrx_word' id='word_1_252' title='bbox 1920 3307 2070 3362; x_wconf 77' lang='lat' dir='ltr'><strong>arbi-</strong></span> 
     </span>
    </p>
   </div>
   <div class='ocr_carea' id='block_1_39' title="bbox 474 3387 2070 3470">
    <p class='ocr_par' dir='ltr' id='par_1_39' title="bbox 474 3387 2070 3470">
     <span class='ocr_line' id='line_1_39' title="bbox 474 3387 2070 3470; baseline 0.009 -30"><span class='ocrx_word' id='word_1_253' title='bbox 474 3387 811 3443; x_wconf 88' lang='lat' dir='ltr'><strong>trahantur:</strong></span> <span class='ocrx_word' id='word_1_254' title='bbox 853 3389 948 3443; x_wconf 86' lang='lat' dir='ltr'><strong>alii</strong></span> <span class='ocrx_word' id='word_1_255' title='bbox 985 3389 1173 3462; x_wconf 89' lang='lat' dir='ltr'><strong>itaque</strong></span> <span class='ocrx_word' id='word_1_256' title='bbox 1210 3390 1323 3447; x_wconf 86' lang='lat' dir='ltr'><strong>alio</strong></span> <span class='ocrx_word' id='word_1_257' title='bbox 1363 3393 1519 3450; x_wconf 87' lang='lat' dir='ltr'><strong>missi</strong></span> <span class='ocrx_word' id='word_1_258' title='bbox 1561 3397 1818 3466; x_wconf 88' lang='lat' dir='ltr'><strong>apostoli,</strong></span> <span class='ocrx_word' id='word_1_259' title='bbox 1855 3414 1960 3470; x_wconf 89' lang='lat' dir='ltr'><strong>pro</strong></span> <span class='ocrx_word' id='word_1_260' title='bbox 2001 3414 2070 3454; x_wconf 89' lang='lat' dir='ltr'><strong>eo</strong></span> 
     </span>
    </p>
   </div>
   <div class='ocr_carea' id='block_1_40' title="bbox 474 3481 2065 3559">
    <p class='ocr_par' dir='ltr' id='par_1_40' title="bbox 474 3481 2065 3559">
     <span class='ocr_line' id='line_1_40' title="bbox 474 3481 2065 3559; baseline 0.009 -25"><span class='ocrx_word' id='word_1_261' title='bbox 474 3481 670 3550; x_wconf 86' lang='lat' dir='ltr'><strong>utique</strong></span> <span class='ocrx_word' id='word_1_262' title='bbox 715 3495 781 3535; x_wconf 85' lang='lat' dir='ltr'><strong>ac</strong></span> <span class='ocrx_word' id='word_1_263' title='bbox 829 3493 1027 3537; x_wconf 88' lang='lat' dir='ltr'><strong>auctor</strong></span> <span class='ocrx_word' id='word_1_264' title='bbox 1080 3483 1199 3554; x_wconf 86' lang='lat' dir='ltr'><strong>ipse</strong></span> <span class='ocrx_word' id='word_1_265' title='bbox 1247 3484 1650 3543; x_wconf 89' lang='lat' dir='ltr'><strong>mittendorum</strong></span> <span class='ocrx_word' id='word_1_266' title='bbox 1711 3491 2065 3559; x_wconf 86' lang='lat' dir='ltr'><strong>decreverat;</strong></span> 
     </span>
    </p>
   </div>
   <div class='ocr_carea' id='block_1_41' title="bbox 472 3569 2070 3655">
    <p class='ocr_par' dir='ltr' id='par_1_41' title="bbox 472 3569 2070 3655">
     <span class='ocr_line' id='line_1_41' title="bbox 472 3569 2070 3655; baseline 0.011 -31"><span class='ocrx_word' id='word_1_267' title='bbox 472 3569 877 3640; x_wconf 66' lang='lat' dir='ltr'><strong>probatissimae</strong></span> <span class='ocrx_word' id='word_1_268' title='bbox 919 3581 1107 3629; x_wconf 87' lang='lat' dir='ltr'><strong>autem</strong></span> <span class='ocrx_word' id='word_1_269' title='bbox 1145 3575 1370 3632; x_wconf 88' lang='lat' dir='ltr'><strong>virtutis</strong></span> <span class='ocrx_word' id='word_1_270' title='bbox 1414 3587 1611 3649; x_wconf 88' lang='lat' dir='ltr'><strong>terque</strong></span> <span class='ocrx_word' id='word_1_271' title='bbox 1652 3585 1892 3639; x_wconf 77' lang='lat' dir='ltr'><strong>maxime</strong></span> <span class='ocrx_word' id='word_1_272' title='bbox 1935 3592 2070 3655; x_wconf 88' lang='lat' dir='ltr'><strong>(quo</strong></span> 
     </span>
    </p>
   </div>
   <div class='ocr_carea' id='block_1_42' title="bbox 473 3659 2072 3738">
    <p class='ocr_par' dir='ltr' id='par_1_42' title="bbox 473 3659 2072 3738">
     <span class='ocr_line' id='line_1_42' title="bbox 473 3659 2072 3738; baseline 0.009 -24"><span class='ocrx_word' id='word_1_273' title='bbox 473 3659 543 3715; x_wconf 89' lang='lat' dir='ltr'><strong>de</strong></span> <span class='ocrx_word' id='word_1_274' title='bbox 564 3660 794 3732; x_wconf 78' lang='lat' dir='ltr'><strong>agimus)</strong></span> <span class='ocrx_word' id='word_1_275' title='bbox 824 3662 990 3717; x_wconf 78' lang='lat' dir='ltr'><strong>Verbi</strong></span> <span class='ocrx_word' id='word_1_276' title='bbox 1025 3664 1324 3735; x_wconf 87' lang='lat' dir='ltr'><strong>discipulo,</strong></span> <span class='ocrx_word' id='word_1_277' title='bbox 1347 3683 1472 3723; x_wconf 87' lang='lat' dir='ltr'><strong>cum</strong></span> <span class='ocrx_word' id='word_1_278' title='bbox 1502 3669 1855 3738; x_wconf 84' lang='lat' dir='ltr'><strong>Parthorum,</strong></span> <span class='ocrx_word' id='word_1_279' title='bbox 1883 3674 2072 3729; x_wconf 78' lang='lat' dir='ltr'><strong>Medo-</strong></span> 
     </span>
    </p>
   </div>
   <div class='ocr_carea' id='block_1_43' title="bbox 473 3755 2072 3834">
    <p class='ocr_par' dir='ltr' id='par_1_43' title="bbox 473 3755 2072 3834">
     <span class='ocr_line' id='line_1_43' title="bbox 473 3755 2072 3834; baseline 0.009 -27"><span class='ocrx_word' id='word_1_280' title='bbox 473 3768 710 3823; x_wconf 88' lang='lat' dir='ltr'><strong>rumque</strong></span> <span class='ocrx_word' id='word_1_281' title='bbox 736 3763 906 3825; x_wconf 89' lang='lat' dir='ltr'><strong>atque</strong></span> <span class='ocrx_word' id='word_1_282' title='bbox 943 3755 1032 3811; x_wconf 87' lang='lat' dir='ltr'><strong>his</strong></span> <span class='ocrx_word' id='word_1_283' title='bbox 1071 3757 1401 3813; x_wconf 86' lang='lat' dir='ltr'><strong>ulteriorum</strong></span> <span class='ocrx_word' id='word_1_284' title='bbox 1440 3757 1762 3833; x_wconf 67' lang='lat' dir='ltr'><strong>Ethiopum</strong></span> <span class='ocrx_word' id='word_1_285' title='bbox 1795 3768 2072 3834; x_wconf 78' lang='lat' dir='ltr'><strong>apostola-</strong></span> 
     </span>
    </p>
   </div>
   <div class='ocr_carea' id='block_1_44' title="bbox 475 3849 2072 3918">
    <p class='ocr_par' dir='ltr' id='par_1_44' title="bbox 475 3849 2072 3918">
     <span class='ocr_line' id='line_1_44' title="bbox 475 3849 2072 3918; baseline 0.008 -18"><span class='ocrx_word' id='word_1_286' title='bbox 475 3856 594 3901; x_wconf 90' lang='lat' dir='ltr'><strong>tum</strong></span> <span class='ocrx_word' id='word_1_287' title='bbox 624 3857 808 3912; x_wconf 86' lang='lat' dir='ltr'><strong>naeto,</strong></span> <span class='ocrx_word' id='word_1_288' title='bbox 834 3862 900 3902; x_wconf 90' lang='lat' dir='ltr'><strong>ac</strong></span> <span class='ocrx_word' id='word_1_289' title='bbox 919 3863 1031 3918; x_wconf 89' lang='lat' dir='ltr'><strong>quo</strong></span> <span class='ocrx_word' id='word_1_290' title='bbox 1061 3849 1118 3904; x_wconf 90' lang='lat' dir='ltr'><strong>in</strong></span> <span class='ocrx_word' id='word_1_291' title='bbox 1148 3865 1245 3905; x_wconf 90' lang='lat' dir='ltr'><strong>eos</strong></span> <span class='ocrx_word' id='word_1_292' title='bbox 1266 3852 1433 3906; x_wconf 90' lang='lat' dir='ltr'><strong>modo</strong></span> <span class='ocrx_word' id='word_1_293' title='bbox 1457 3868 1522 3908; x_wconf 91' lang='lat' dir='ltr'><strong>ac</strong></span> <span class='ocrx_word' id='word_1_294' title='bbox 1543 3855 1761 3911; x_wconf 83' lang='lat' dir='ltr'><strong>ratione</strong></span> <span class='ocrx_word' id='word_1_295' title='bbox 1783 3857 2072 3914; x_wconf 79' lang='lat' dir='ltr'><strong>invaderet</strong></span> 
     </span>
    </p>
   </div>
   <div class='ocr_carea' id='block_1_45' title="bbox 477 3937 2071 4017">
    <p class='ocr_par' dir='ltr' id='par_1_45' title="bbox 477 3937 2071 4017">
     <span class='ocr_line' id='line_1_45' title="bbox 477 3937 2071 4017; baseline 0.007 -24"><span class='ocrx_word' id='word_1_296' title='bbox 477 3937 568 4008; x_wconf 91' lang='lat' dir='ltr'><strong>(ad</strong></span> <span class='ocrx_word' id='word_1_297' title='bbox 594 3939 852 3994; x_wconf 88' lang='lat' dir='ltr'><strong>homines</strong></span> <span class='ocrx_word' id='word_1_298' title='bbox 875 3940 1088 3996; x_wconf 88' lang='lat' dir='ltr'><strong>scilicet</strong></span> <span class='ocrx_word' id='word_1_299' title='bbox 1108 3944 1476 4012; x_wconf 79' lang='lat' dir='ltr'><strong>proﬁciscens</strong></span> <span class='ocrx_word' id='word_1_300' title='bbox 1495 3953 1720 4017; x_wconf 86' lang='lat' dir='ltr'><strong>aspectu</strong></span> <span class='ocrx_word' id='word_1_301' title='bbox 1747 3956 1932 4004; x_wconf 88' lang='lat' dir='ltr'><strong>truces</strong></span> <span class='ocrx_word' id='word_1_302' title='bbox 1952 3950 2071 4003; x_wconf 89' lang='lat' dir='ltr'><strong>ani-</strong></span> 
     </span>
    </p>
   </div>
   <div class='ocr_carea' id='block_1_46' title="bbox 476 4029 2071 4109">
    <p class='ocr_par' dir='ltr' id='par_1_46' title="bbox 476 4029 2071 4109">
     <span class='ocr_line' id='line_1_46' title="bbox 476 4029 2071 4109; baseline 0.006 -24"><span class='ocrx_word' id='word_1_303' title='bbox 476 4031 665 4100; x_wconf 90' lang='lat' dir='ltr'><strong>mique</strong></span> <span class='ocrx_word' id='word_1_304' title='bbox 705 4029 956 4085; x_wconf 88' lang='lat' dir='ltr'><strong>moribus</strong></span> <span class='ocrx_word' id='word_1_305' title='bbox 998 4033 1364 4106; x_wconf 84' lang='lat' dir='ltr'><strong>acerbiores),</strong></span> <span class='ocrx_word' id='word_1_306' title='bbox 1393 4051 1460 4091; x_wconf 88' lang='lat' dir='ltr'><strong>ac</strong></span> <span class='ocrx_word' id='word_1_307' title='bbox 1479 4051 1606 4092; x_wconf 90' lang='lat' dir='ltr'><strong>cum</strong></span> <span class='ocrx_word' id='word_1_308' title='bbox 1640 4039 1724 4093; x_wconf 88' lang='lat' dir='ltr'><strong>eis</strong></span> <span class='ocrx_word' id='word_1_309' title='bbox 1762 4039 1831 4093; x_wconf 86' lang='lat' dir='ltr'><strong>de</strong></span> <span class='ocrx_word' id='word_1_310' title='bbox 1866 4041 2071 4109; x_wconf 86' lang='lat' dir='ltr'><strong>pietate</strong></span> 
     </span>
    </p>
   </div>
   <div class='ocr_carea' id='block_1_47' title="bbox 475 4123 2068 4202">
    <p class='ocr_par' dir='ltr' id='par_1_47' title="bbox 475 4123 2068 4202">
     <span class='ocr_line' id='line_1_47' title="bbox 475 4123 2068 4202; baseline 0.008 -26"><span class='ocrx_word' id='word_1_311' title='bbox 475 4136 763 4177; x_wconf 78' lang='lat' dir='ltr'><strong>sermones</strong></span> <span class='ocrx_word' id='word_1_312' title='bbox 802 4123 1098 4191; x_wconf 87' lang='lat' dir='ltr'><strong>misceret,</strong></span> <span class='ocrx_word' id='word_1_313' title='bbox 1143 4125 1294 4181; x_wconf 86' lang='lat' dir='ltr'><strong>haud</strong></span> <span class='ocrx_word' id='word_1_314' title='bbox 1339 4130 1472 4185; x_wconf 87' lang='lat' dir='ltr'><strong>satis</strong></span> <span class='ocrx_word' id='word_1_315' title='bbox 1504 4141 1900 4188; x_wconf 87' lang='lat' dir='ltr'><strong>succurreret:</strong></span> <span class='ocrx_word' id='word_1_316' title='bbox 1933 4135 2068 4202; x_wconf 89' lang='lat' dir='ltr'><strong>quin</strong></span> 
     </span>
    </p>
   </div>
   <div class='ocr_carea' id='block_1_48' title="bbox 473 4215 2071 4298">
    <p class='ocr_par' dir='ltr' id='par_1_48' title="bbox 473 4215 2071 4298">
     <span class='ocr_line' id='line_1_48' title="bbox 473 4215 2071 4298; baseline 0.008 -29"><span class='ocrx_word' id='word_1_317' title='bbox 473 4225 532 4270; x_wconf 90' lang='lat' dir='ltr'><strong>ct</strong></span> <span class='ocrx_word' id='word_1_318' title='bbox 551 4216 732 4285; x_wconf 89' lang='lat' dir='ltr'><strong>ipsum</strong></span> <span class='ocrx_word' id='word_1_319' title='bbox 754 4215 871 4268; x_wconf 82' lang='lat' dir='ltr'><strong>fere</strong></span> <span class='ocrx_word' id='word_1_320' title='bbox 895 4216 1116 4298; x_wconf 75' lang='lat' dir='ltr'><strong>illarum</strong></span> <span class='ocrx_word' id='word_1_321' title='bbox 1138 4218 1386 4289; x_wconf 75' lang='lat' dir='ltr'><strong>gentium</strong></span> <span class='ocrx_word' id='word_1_322' title='bbox 1408 4223 1597 4279; x_wconf 81' lang='lat' dir='ltr'><strong>oneris</strong></span> <span class='ocrx_word' id='word_1_323' title='bbox 1620 4224 1863 4292; x_wconf 69' lang='lat' dir='ltr'><strong>taderet;</strong></span> <span class='ocrx_word' id='word_1_324' title='bbox 1890 4227 2071 4282; x_wconf 86' lang='lat' dir='ltr'><strong>omnis</strong></span> 
     </span>
    </p>
   </div>
   <div class='ocr_carea' id='block_1_49' title="bbox 475 4311 2070 4389">
    <p class='ocr_par' dir='ltr' id='par_1_49' title="bbox 475 4311 2070 4389">
     <span class='ocr_line' id='line_1_49' title="bbox 475 4311 2070 4389; baseline 0.006 -25"><span class='ocrx_word' id='word_1_325' title='bbox 475 4311 532 4364; x_wconf 89' lang='lat' dir='ltr'><strong>in</strong></span> <span class='ocrx_word' id='word_1_326' title='bbox 564 4320 825 4382; x_wconf 90' lang='lat' dir='ltr'><strong>promptu</strong></span> <span class='ocrx_word' id='word_1_327' title='bbox 863 4311 1140 4366; x_wconf 86' lang='lat' dir='ltr'><strong>dubitatio</strong></span> <span class='ocrx_word' id='word_1_328' title='bbox 1173 4322 1230 4369; x_wconf 89' lang='lat' dir='ltr'><strong>et</strong></span> <span class='ocrx_word' id='word_1_329' title='bbox 1265 4316 1515 4371; x_wconf 81' lang='lat' dir='ltr'><strong>anxietas</strong></span> <span class='ocrx_word' id='word_1_330' title='bbox 1553 4316 1781 4387; x_wconf 90' lang='lat' dir='ltr'><strong>depulsa</strong></span> <span class='ocrx_word' id='word_1_331' title='bbox 1815 4329 1917 4373; x_wconf 88' lang='lat' dir='ltr'><strong>est.</strong></span> <span class='ocrx_word' id='word_1_332' title='bbox 1950 4317 2070 4389; x_wconf 84' lang='lat' dir='ltr'><strong>Ipse</strong></span> 
     </span>
    </p>
   </div>
   <div class='ocr_carea' id='block_1_50' title="bbox 2248 906 3775 980">
    <p class='ocr_par' dir='ltr' id='par_1_50' title="bbox 2248 906 3775 980">
     <span class='ocr_line' id='line_1_50' title="bbox 2248 906 3775 980; baseline -0.015 -2"><span class='ocrx_word' id='word_1_333' title='bbox 2248 909 2314 961; x_wconf 76' lang='grc' dir='ltr'><strong>Ὢ</strong></span> <span class='ocrx_word' id='word_1_334' title='bbox 2342 911 2530 980; x_wconf 70' lang='grc' dir='ltr'>φωνῆς</span> <span class='ocrx_word' id='word_1_335' title='bbox 2561 909 2746 978; x_wconf 81' lang='grc' dir='ltr'>ἀτίας,</span> <span class='ocrx_word' id='word_1_336' title='bbox 2778 909 2923 980; x_wconf 80' lang='grc' dir='ltr'>ἁγίῳ</span> <span class='ocrx_word' id='word_1_337' title='bbox 2962 908 3246 979; x_wconf 73' lang='grc' dir='ltr'>Πνεῦματι</span> <span class='ocrx_word' id='word_1_338' title='bbox 3286 906 3569 975; x_wconf 84' lang='grc' dir='ltr'>παναγίως</span> <span class='ocrx_word' id='word_1_339' title='bbox 3589 924 3775 977; x_wconf 52' lang='lat' dir='ltr'><strong>eumn.-</strong></span> 
     </span>
    </p>
   </div>
   <div class='ocr_carea' id='block_1_51' title="bbox 2175 997 3771 1069">
    <p class='ocr_par' dir='ltr' id='par_1_51' title="bbox 2175 997 3771 1069">
     <span class='ocr_line' id='line_1_51' title="bbox 2175 997 3771 1069; baseline 0.005 -17"><span class='ocrx_word' id='word_1_340' title='bbox 2175 997 2389 1069; x_wconf 81' lang='grc' dir='ltr'>θείσης,</span> <span class='ocrx_word' id='word_1_341' title='bbox 2425 1001 2649 1064; x_wconf 78' lang='grc' dir='ltr'>καὶτὰς</span> <span class='ocrx_word' id='word_1_342' title='bbox 2700 1000 3071 1064; x_wconf 58' lang='lat' dir='ltr'><strong>smmum;</strong></span> <span class='ocrx_word' id='word_1_343' title='bbox 3119 999 3358 1062; x_wconf 81' lang='grc' dir='ltr'><strong>διανοίας</strong></span> <span class='ocrx_word' id='word_1_344' title='bbox 3411 998 3771 1069; x_wconf 73' lang='grc' dir='ltr'>στηριξᾶωης,</span> 
     </span>
    </p>
   </div>
   <div class='ocr_carea' id='block_1_52' title="bbox 2174 1089 3771 1166">
    <p class='ocr_par' dir='ltr' id='par_1_52' title="bbox 2174 1089 3771 1166">
     <span class='ocr_line' id='line_1_52' title="bbox 2174 1089 3771 1166; baseline -0.003 -20"><span class='ocrx_word' id='word_1_345' title='bbox 2174 1095 2269 1147; x_wconf 80' lang='grc' dir='ltr'><strong>καὶ</strong></span> <span class='ocrx_word' id='word_1_346' title='bbox 2298 1093 2721 1165; x_wconf 83' lang='grc' dir='ltr'>θεραπευσάσης</span> <span class='ocrx_word' id='word_1_347' title='bbox 2749 1095 2848 1166; x_wconf 84' lang='grc' dir='ltr'>τὴν</span> <span class='ocrx_word' id='word_1_348' title='bbox 2880 1093 3346 1165; x_wconf 75' lang='grc' dir='ltr'>ἀμφιδολίαν,καὶ</span> <span class='ocrx_word' id='word_1_349' title='bbox 3375 1095 3513 1162; x_wconf 82' lang='grc' dir='ltr'>πρὸς</span> <span class='ocrx_word' id='word_1_350' title='bbox 3545 1089 3771 1160; x_wconf 75' lang='grc' dir='ltr'>βεϐαίαν</span> 
     </span>
    </p>
   </div>
   <div class='ocr_carea' id='block_1_53' title="bbox 2173 1185 3772 1259">
    <p class='ocr_par' dir='ltr' id='par_1_53' title="bbox 2173 1185 3772 1259">
     <span class='ocr_line' id='line_1_53' title="bbox 2173 1185 3772 1259; baseline -0.002 -19"><span class='ocrx_word' id='word_1_351' title='bbox 2173 1187 2305 1250; x_wconf 82' lang='grc' dir='ltr'>τοὺς</span> <span class='ocrx_word' id='word_1_352' title='bbox 2340 1188 2550 1250; x_wconf 83' lang='grc' dir='ltr'>πάντας</span> <span class='ocrx_word' id='word_1_353' title='bbox 2609 1188 3042 1259; x_wconf 79' lang='grc' dir='ltr'>κατορθωσάσης</span> <span class='ocrx_word' id='word_1_354' title='bbox 3081 1187 3298 1242; x_wconf 79' lang='grc' dir='ltr'>πίστινῐ</span> <span class='ocrx_word' id='word_1_355' title='bbox 3327 1186 3393 1238; x_wconf 84' lang='grc' dir='ltr'>Ὢ</span> <span class='ocrx_word' id='word_1_356' title='bbox 3422 1186 3608 1256; x_wconf 74' lang='grc' dir='ltr'>φωνῆς</span> <span class='ocrx_word' id='word_1_357' title='bbox 3632 1185 3772 1255; x_wconf 84' lang='grc' dir='ltr'>βρα-</span> 
     </span>
    </p>
   </div>
   <div class='ocr_carea' id='block_1_54' title="bbox 2175 1276 3774 1352">
    <p class='ocr_par' dir='ltr' id='par_1_54' title="bbox 2175 1276 3774 1352">
     <span class='ocr_line' id='line_1_54' title="bbox 2175 1276 3774 1352; baseline -0.014 -7"><span class='ocrx_word' id='word_1_358' title='bbox 2175 1279 2351 1350; x_wconf 81' lang='grc' dir='ltr'>χείας,</span> <span class='ocrx_word' id='word_1_359' title='bbox 2380 1279 2628 1352; x_wconf 75' lang='grc' dir='ltr'><strong>μεγάλην</strong></span> <span class='ocrx_word' id='word_1_360' title='bbox 2661 1283 2718 1334; x_wconf 77' lang='grc' dir='ltr'>ὲν</span> <span class='ocrx_word' id='word_1_361' title='bbox 2749 1282 2890 1352; x_wconf 75' lang='grc' dir='ltr'>αὐτῇ</span> <span class='ocrx_word' id='word_1_362' title='bbox 2921 1279 3152 1350; x_wconf 86' lang='grc' dir='ltr'>δύναμιν</span> <span class='ocrx_word' id='word_1_363' title='bbox 3189 1279 3444 1349; x_wconf 76' lang='grc' dir='ltr'>ἐχούσης,</span> <span class='ocrx_word' id='word_1_364' title='bbox 3475 1276 3586 1331; x_wconf 79' lang='grc' dir='ltr'><strong>τῶν</strong></span> <span class='ocrx_word' id='word_1_365' title='bbox 3620 1278 3774 1347; x_wconf 78' lang='grc' dir='ltr'>αἱρε-</span> 
     </span>
    </p>
   </div>
   <div class='ocr_carea' id='block_1_55' title="bbox 2172 1367 3772 1444">
    <p class='ocr_par' dir='ltr' id='par_1_55' title="bbox 2172 1367 3772 1444">
     <span class='ocr_line' id='line_1_55' title="bbox 2172 1367 3772 1444; baseline -0.002 -20"><span class='ocrx_word' id='word_1_366' title='bbox 2172 1371 2342 1426; x_wconf 85' lang='grc' dir='ltr'>τικῶν</span> <span class='ocrx_word' id='word_1_367' title='bbox 2379 1373 2481 1441; x_wconf 83' lang='grc' dir='ltr'>μὲν</span> <span class='ocrx_word' id='word_1_368' title='bbox 2537 1372 2924 1444; x_wconf 78' lang='grc' dir='ltr'>ἀφανιστικὴν,</span> <span class='ocrx_word' id='word_1_369' title='bbox 2956 1370 3267 1442; x_wconf 81' lang='grc' dir='ltr'>ὀρθοδοξίας</span> <span class='ocrx_word' id='word_1_370' title='bbox 3303 1369 3361 1423; x_wconf 81' lang='grc' dir='ltr'>δὲ</span> <span class='ocrx_word' id='word_1_371' title='bbox 3397 1370 3579 1438; x_wconf 77' lang='grc' dir='ltr'>πάσης</span> <span class='ocrx_word' id='word_1_372' title='bbox 3602 1367 3772 1422; x_wconf 80' lang='grc' dir='ltr'>οὖσαν</span> 
     </span>
    </p>
   </div>
   <div class='ocr_carea' id='block_1_56' title="bbox 2173 1460 3772 1532">
    <p class='ocr_par' dir='ltr' id='par_1_56' title="bbox 2173 1460 3772 1532">
     <span class='ocr_line' id='line_1_56' title="bbox 2173 1460 3772 1532; baseline -0.002 -16"><span class='ocrx_word' id='word_1_373' title='bbox 2173 1463 2550 1532; x_wconf 77' lang='grc' dir='ltr'>φωτιστικήνί</span> <span class='ocrx_word' id='word_1_374' title='bbox 2599 1462 2662 1516; x_wconf 77' lang='grc' dir='ltr'><em>ὀ</em></span> <span class='ocrx_word' id='word_1_375' title='bbox 2694 1462 2913 1529; x_wconf 79' lang='grc' dir='ltr'>Κύριός</span> <span class='ocrx_word' id='word_1_376' title='bbox 2935 1479 3080 1531; x_wconf 80' lang='grc' dir='ltr'>μου,</span> <span class='ocrx_word' id='word_1_377' title='bbox 3107 1460 3210 1514; x_wconf 77' lang='grc' dir='ltr'>καί</span> <span class='ocrx_word' id='word_1_378' title='bbox 3238 1461 3272 1515; x_wconf 88' lang='lat' dir='ltr'><strong>o&#39;</strong></span> <span class='ocrx_word' id='word_1_379' title='bbox 3303 1461 3621 1527; x_wconf 73' lang='grc' dir='ltr'>Θεόςμουί</span> <span class='ocrx_word' id='word_1_380' title='bbox 3653 1460 3772 1513; x_wconf 80' lang='grc' dir='ltr'><strong>Οὐκ</strong></span> 
     </span>
    </p>
   </div>
   <div class='ocr_carea' id='block_1_57' title="bbox 2173 1552 3773 1626">
    <p class='ocr_par' dir='ltr' id='par_1_57' title="bbox 2173 1552 3773 1626">
     <span class='ocr_line' id='line_1_57' title="bbox 2173 1552 3773 1626; baseline -0.002 -17"><span class='ocrx_word' id='word_1_381' title='bbox 2173 1554 2334 1617; x_wconf 81' lang='grc' dir='ltr'>ἄλλος</span> <span class='ocrx_word' id='word_1_382' title='bbox 2357 1557 2384 1609; x_wconf 88' lang='grc' dir='ltr'><strong>ό</strong></span> <span class='ocrx_word' id='word_1_383' title='bbox 2418 1554 2648 1626; x_wconf 82' lang='grc' dir='ltr'>Κύριος,</span> <span class='ocrx_word' id='word_1_384' title='bbox 2682 1555 2778 1608; x_wconf 80' lang='grc' dir='ltr'><strong>καὶ</strong></span> <span class='ocrx_word' id='word_1_385' title='bbox 2817 1553 2979 1618; x_wconf 76' lang='grc' dir='ltr'>ἄλλος</span> <span class='ocrx_word' id='word_1_386' title='bbox 3024 1555 3054 1606; x_wconf 98' lang='lat'><strong>6</strong></span> <span class='ocrx_word' id='word_1_387' title='bbox 3095 1553 3252 1618; x_wconf 84' lang='grc' dir='ltr'>Θεός.</span> <span class='ocrx_word' id='word_1_388' title='bbox 3280 1553 3395 1606; x_wconf 80' lang='grc' dir='ltr'><strong>Οὐκ</strong></span> <span class='ocrx_word' id='word_1_389' title='bbox 3427 1552 3585 1616; x_wconf 81' lang='grc' dir='ltr'>ἄλλος</span> <span class='ocrx_word' id='word_1_390' title='bbox 3609 1552 3638 1605; x_wconf 90' lang='grc' dir='ltr'><strong>ό</strong></span> <span class='ocrx_word' id='word_1_391' title='bbox 3664 1552 3773 1624; x_wconf 75' lang='grc' dir='ltr'>ψη-</span> 
     </span>
    </p>
   </div>
   <div class='ocr_carea' id='block_1_58' title="bbox 2173 1641 3772 1721">
    <p class='ocr_par' dir='ltr' id='par_1_58' title="bbox 2173 1641 3772 1721">
     <span class='ocr_line' id='line_1_58' title="bbox 2173 1641 3772 1721; baseline -0.001 -25"><span class='ocrx_word' id='word_1_392' title='bbox 2173 1644 2519 1717; x_wconf 79' lang='grc' dir='ltr'>λαφώμενος,</span> <span class='ocrx_word' id='word_1_393' title='bbox 2549 1645 2648 1698; x_wconf 82' lang='grc' dir='ltr'><strong>καὶ</strong></span> <span class='ocrx_word' id='word_1_394' title='bbox 2695 1645 2854 1707; x_wconf 77' lang='grc' dir='ltr'>ἄλλος</span> <span class='ocrx_word' id='word_1_395' title='bbox 2899 1643 3206 1721; x_wconf 21' lang='grc' dir='ltr'>όιάναφής·</span> <span class='ocrx_word' id='word_1_396' title='bbox 3245 1642 3361 1696; x_wconf 86' lang='grc' dir='ltr'>ἀλλ’</span> <span class='ocrx_word' id='word_1_397' title='bbox 3404 1644 3434 1695; x_wconf 87' lang='grc' dir='ltr'><strong>ό</strong></span> <span class='ocrx_word' id='word_1_398' title='bbox 3476 1641 3557 1710; x_wconf 82' lang='grc' dir='ltr'>τῷ</span> <span class='ocrx_word' id='word_1_399' title='bbox 3595 1659 3772 1715; x_wconf 85' lang='grc' dir='ltr'>προσ-</span> 
     </span>
    </p>
   </div>
   <div class='ocr_carea' id='block_1_59' title="bbox 2101 1711 3782 1809">
    <p class='ocr_par' dir='ltr' id='par_1_59' title="bbox 2101 1711 3782 1809">
     <span class='ocr_line' id='line_1_59' title="bbox 2101 1711 3782 1809; baseline -0.002 -19"><span class='ocrx_word' id='word_1_400' title='bbox 2101 1711 2152 1773; x_wconf 75' lang='grc' dir='ltr'><strong>Β</strong></span> <span class='ocrx_word' id='word_1_401' title='bbox 2178 1711 2429 1808; x_wconf 76' lang='grc' dir='ltr'>λήμματι</span> <span class='ocrx_word' id='word_1_402' title='bbox 2454 1737 2662 1809; x_wconf 81' lang='grc' dir='ltr'>ληπτὸς</span> <span class='ocrx_word' id='word_1_403' title='bbox 2685 1737 2912 1808; x_wconf 80' lang='grc' dir='ltr'>Κύριος,</span> <span class='ocrx_word' id='word_1_404' title='bbox 2930 1711 3094 1800; x_wconf 72' lang='grc' dir='ltr'>αὐτὸς</span> <span class='ocrx_word' id='word_1_405' title='bbox 3114 1711 3271 1798; x_wconf 74' lang='grc' dir='ltr'>οὗτός</span> <span class='ocrx_word' id='word_1_406' title='bbox 3300 1750 3402 1803; x_wconf 86' lang='grc' dir='ltr'><strong>μου</strong></span> <span class='ocrx_word' id='word_1_407' title='bbox 3424 1732 3559 1797; x_wconf 77' lang='grc' dir='ltr'>Θεὸς</span> <span class='ocrx_word' id='word_1_408' title='bbox 3589 1711 3739 1804; x_wconf 64' lang='grc' dir='ltr'>ἀπρά</span> <span class='ocrx_word' id='word_1_409' title='bbox 3749 1725 3782 1773; x_wconf 75' lang='grc' dir='ltr'>ε’</span> 
     </span>
    </p>
   </div>
   <div class='ocr_carea' id='block_1_60' title="bbox 2175 1824 3773 1904">
    <p class='ocr_par' dir='ltr' id='par_1_60' title="bbox 2175 1824 3773 1904">
     <span class='ocr_line' id='line_1_60' title="bbox 2175 1824 3773 1904; baseline -0.006 -17"><span class='ocrx_word' id='word_1_410' title='bbox 2175 1849 2338 1904; x_wconf 83' lang='grc' dir='ltr'>τητος</span> <span class='ocrx_word' id='word_1_411' title='bbox 2356 1833 2425 1904; x_wconf 77' lang='grc' dir='ltr'><strong>τῇ</strong></span> <span class='ocrx_word' id='word_1_412' title='bbox 2455 1831 2671 1904; x_wconf 87' lang='grc' dir='ltr'>θεότητι.</span> <span class='ocrx_word' id='word_1_413' title='bbox 2703 1832 2799 1884; x_wconf 72' lang='grc' dir='ltr'><strong>καὶ</strong></span> <span class='ocrx_word' id='word_1_414' title='bbox 2850 1829 3126 1901; x_wconf 69' lang='grc' dir='ltr'><strong>ἄληπτος⁹</strong></span> <span class='ocrx_word' id='word_1_415' title='bbox 3169 1827 3476 1898; x_wconf 77' lang='grc' dir='ltr'>μοναδικῶς</span> <span class='ocrx_word' id='word_1_416' title='bbox 3509 1827 3609 1897; x_wconf 75' lang='grc' dir='ltr'>τὴν</span> <span class='ocrx_word' id='word_1_417' title='bbox 3631 1824 3773 1879; x_wconf 83' lang='grc' dir='ltr'>ὑπό-</span> 
     </span>
    </p>
   </div>
   <div class='ocr_carea' id='block_1_61' title="bbox 2177 1918 3776 1995">
    <p class='ocr_par' dir='ltr' id='par_1_61' title="bbox 2177 1918 3776 1995">
     <span class='ocr_line' id='line_1_61' title="bbox 2177 1918 3776 1995; baseline -0.006 -16"><span class='ocrx_word' id='word_1_418' title='bbox 2177 1940 2392 1992; x_wconf 85' lang='grc' dir='ltr'>στασιν,</span> <span class='ocrx_word' id='word_1_419' title='bbox 2419 1923 2624 1987; x_wconf 81' lang='grc' dir='ltr'>δυῖκῶς</span> <span class='ocrx_word' id='word_1_420' title='bbox 2680 1922 2779 1995; x_wconf 78' lang='grc' dir='ltr'>τὴν</span> <span class='ocrx_word' id='word_1_421' title='bbox 2813 1924 2978 1992; x_wconf 76' lang='grc' dir='ltr'>φύσιν</span> <span class='ocrx_word' id='word_1_422' title='bbox 3019 1919 3297 1991; x_wconf 81' lang='grc' dir='ltr'><strong>ὁρώμενος</strong></span> <span class='ocrx_word' id='word_1_423' title='bbox 3322 1919 3417 1973; x_wconf 71' lang='grc' dir='ltr'><strong>καὶ</strong></span> <span class='ocrx_word' id='word_1_424' title='bbox 3442 1918 3776 1990; x_wconf 79' lang='grc' dir='ltr'>πιστευόμε-</span> 
     </span>
    </p>
   </div>
   <div class='ocr_carea' id='block_1_62' title="bbox 2175 2011 3774 2085">
    <p class='ocr_par' dir='ltr' id='par_1_62' title="bbox 2175 2011 3774 2085">
     <span class='ocr_line' id='line_1_62' title="bbox 2175 2011 3774 2085; baseline -0.004 -13"><span class='ocrx_word' id='word_1_425' title='bbox 2175 2034 2290 2080; x_wconf 87' lang='grc' dir='ltr'>νος.</span> <span class='ocrx_word' id='word_1_426' title='bbox 2319 2017 2506 2079; x_wconf 80' lang='grc' dir='ltr'>Οὕτως</span> <span class='ocrx_word' id='word_1_427' title='bbox 2533 2016 2734 2071; x_wconf 84' lang='grc' dir='ltr'>είδέναι</span> <span class='ocrx_word' id='word_1_428' title='bbox 2758 2016 2853 2070; x_wconf 77' lang='grc' dir='ltr'>τὸν</span> <span class='ocrx_word' id='word_1_429' title='bbox 2886 2015 3124 2085; x_wconf 84' lang='grc' dir='ltr'>Χριστὸν</span> <span class='ocrx_word' id='word_1_430' title='bbox 3142 2017 3170 2068; x_wconf 87' lang='grc' dir='ltr'><strong>ό</strong></span> <span class='ocrx_word' id='word_1_431' title='bbox 3188 2013 3331 2078; x_wconf 74' lang='grc' dir='ltr'>θεῖος</span> <span class='ocrx_word' id='word_1_432' title='bbox 3360 2011 3774 2084; x_wconf 83' lang='grc' dir='ltr'>παρεγγυάσθω</span> 
     </span>
    </p>
   </div>
   <div class='ocr_carea' id='block_1_63' title="bbox 2175 2105 3775 2180">
    <p class='ocr_par' dir='ltr' id='par_1_63' title="bbox 2175 2105 3775 2180">
     <span class='ocr_line' id='line_1_63' title="bbox 2175 2105 3775 2180; baseline -0.003 -16"><span class='ocrx_word' id='word_1_433' title='bbox 2175 2110 2417 2180; x_wconf 76' lang='grc' dir='ltr'>Θωμᾶςο</span> <span class='ocrx_word' id='word_1_434' title='bbox 2450 2111 2546 2164; x_wconf 73' lang='grc' dir='ltr'><strong>καὶ</strong></span> <span class='ocrx_word' id='word_1_435' title='bbox 2607 2110 2801 2180; x_wconf 82' lang='grc' dir='ltr'>ὥσπερ</span> <span class='ocrx_word' id='word_1_436' title='bbox 2852 2111 2882 2164; x_wconf 91' lang='lat'><strong>6</strong></span> <span class='ocrx_word' id='word_1_437' title='bbox 2925 2108 3135 2179; x_wconf 83' lang='grc' dir='ltr'>Πέτρος</span> <span class='ocrx_word' id='word_1_438' title='bbox 3165 2107 3269 2179; x_wconf 58' lang='lat' dir='ltr'><strong>arpi.</strong></span> <span class='ocrx_word' id='word_1_439' title='bbox 3301 2107 3395 2161; x_wconf 89' lang='grc' dir='ltr'><strong>τοῦ</strong></span> <span class='ocrx_word' id='word_1_440' title='bbox 3426 2105 3636 2169; x_wconf 80' lang='grc' dir='ltr'>πάθους</span> <span class='ocrx_word' id='word_1_441' title='bbox 3673 2107 3775 2160; x_wconf 73' lang='grc' dir='ltr'><strong>καὶ</strong></span> 
     </span>
    </p>
   </div>
   <div class='ocr_carea' id='block_1_64' title="bbox 2174 2190 3773 2274">
    <p class='ocr_par' dir='ltr' id='par_1_64' title="bbox 2174 2190 3773 2274">
     <span class='ocr_line' id='line_1_64' title="bbox 2174 2190 3773 2274; baseline -0.004 -17"><span class='ocrx_word' id='word_1_442' title='bbox 2174 2205 2277 2274; x_wconf 82' lang='grc' dir='ltr'>τῆς</span> <span class='ocrx_word' id='word_1_443' title='bbox 2336 2203 2716 2266; x_wconf 80' lang='grc' dir='ltr'><strong>ἀναστάσεως,</strong></span> <span class='ocrx_word' id='word_1_444' title='bbox 2765 2199 2910 2255; x_wconf 81' lang='grc' dir='ltr'>οὕτω</span> <span class='ocrx_word' id='word_1_445' title='bbox 2950 2199 3093 2272; x_wconf 80' lang='grc' dir='ltr'>μετὰ</span> <span class='ocrx_word' id='word_1_446' title='bbox 3125 2200 3226 2270; x_wconf 80' lang='grc' dir='ltr'>τὴν</span> <span class='ocrx_word' id='word_1_447' title='bbox 3263 2198 3562 2252; x_wconf 81' lang='grc' dir='ltr'>ἀνάστασιν</span> <span class='ocrx_word' id='word_1_448' title='bbox 3590 2190 3773 2261; x_wconf 71' lang='grc' dir='ltr'>οὗτος,</span> 
     </span>
    </p>
   </div>
   <div class='ocr_carea' id='block_1_65' title="bbox 2175 2279 3774 2365">
    <p class='ocr_par' dir='ltr' id='par_1_65' title="bbox 2175 2279 3774 2365">
     <span class='ocr_line' id='line_1_65' title="bbox 2175 2279 3774 2365; baseline -0.004 -17"><span class='ocrx_word' id='word_1_449' title='bbox 2175 2295 2236 2348; x_wconf 78' lang='grc' dir='ltr'>τὸ</span> <span class='ocrx_word' id='word_1_450' title='bbox 2263 2294 2491 2358; x_wconf 79' lang='grc' dir='ltr'>ἑνοειδὲς</span> <span class='ocrx_word' id='word_1_451' title='bbox 2519 2293 2618 2348; x_wconf 71' lang='grc' dir='ltr'><strong>καὶ</strong></span> <span class='ocrx_word' id='word_1_452' title='bbox 2649 2291 2871 2346; x_wconf 77' lang='grc' dir='ltr'>διπλοῦν</span> <span class='ocrx_word' id='word_1_453' title='bbox 2904 2292 3246 2365; x_wconf 76' lang='grc' dir='ltr'>ἀνεκήρυττε</span> <span class='ocrx_word' id='word_1_454' title='bbox 3277 2289 3374 2346; x_wconf 87' lang='grc' dir='ltr'><strong>τοῦ</strong></span> <span class='ocrx_word' id='word_1_455' title='bbox 3404 2287 3667 2364; x_wconf 79' lang='grc' dir='ltr'>Χριστοῦ,</span> <span class='ocrx_word' id='word_1_456' title='bbox 3695 2279 3774 2342; x_wconf 78' lang='grc' dir='ltr'>ὧν</span> 
     </span>
    </p>
   </div>
   <div class='ocr_carea' id='block_1_66' title="bbox 2173 2380 3774 2457">
    <p class='ocr_par' dir='ltr' id='par_1_66' title="bbox 2173 2380 3774 2457">
     <span class='ocr_line' id='line_1_66' title="bbox 2173 2380 3774 2457; baseline -0.005 -16"><span class='ocrx_word' id='word_1_457' title='bbox 2173 2387 2237 2442; x_wconf 81' lang='grc' dir='ltr'>τὸ</span> <span class='ocrx_word' id='word_1_458' title='bbox 2321 2386 2424 2457; x_wconf 81' lang='grc' dir='ltr'>τῆς</span> <span class='ocrx_word' id='word_1_459' title='bbox 2481 2385 2774 2457; x_wconf 78' lang='grc' dir='ltr'>ὁμολογίας</span> <span class='ocrx_word' id='word_1_460' title='bbox 2836 2386 2868 2440; x_wconf 88' lang='lat'><strong>6</strong></span> <span class='ocrx_word' id='word_1_461' title='bbox 2949 2383 3160 2456; x_wconf 76' lang='grc' dir='ltr'>Κύριος</span> <span class='ocrx_word' id='word_1_462' title='bbox 3234 2380 3774 2452; x_wconf 76' lang='grc' dir='ltr'>ὲπισφραγιζόμενος</span> 
     </span>
    </p>
   </div>
   <div class='ocr_carea' id='block_1_67' title="bbox 2175 2474 3775 2551">
    <p class='ocr_par' dir='ltr' id='par_1_67' title="bbox 2175 2474 3775 2551">
     <span class='ocr_line' id='line_1_67' title="bbox 2175 2474 3775 2551; baseline -0.005 -17"><span class='ocrx_word' id='word_1_463' title='bbox 2175 2479 2426 2550; x_wconf 73' lang='grc' dir='ltr'>ἀκριϐὲς,</span> <span class='ocrx_word' id='word_1_464' title='bbox 2455 2478 2544 2534; x_wconf 71' lang='grc' dir='ltr'><strong>ἐπ’</strong></span> <span class='ocrx_word' id='word_1_465' title='bbox 2577 2477 2727 2551; x_wconf 80' lang='grc' dir='ltr'>αὐτῷ</span> <span class='ocrx_word' id='word_1_466' title='bbox 2776 2477 2877 2550; x_wconf 71' lang='grc' dir='ltr'>τὴν</span> <span class='ocrx_word' id='word_1_467' title='bbox 2930 2477 3069 2533; x_wconf 76' lang='grc' dir='ltr'>ἰδίαν</span> <span class='ocrx_word' id='word_1_468' title='bbox 3105 2474 3436 2546; x_wconf 80' lang='grc' dir='ltr'>Ἐκκλησίαν</span> <span class='ocrx_word' id='word_1_469' title='bbox 3477 2474 3775 2546; x_wconf 80' lang='grc' dir='ltr'>ἀνεστηρί-</span> 
     </span>
    </p>
   </div>
   <div class='ocr_carea' id='block_1_68' title="bbox 2177 2569 2329 2638">
    <p class='ocr_par' dir='ltr' id='par_1_68' title="bbox 2177 2569 2329 2638">
     <span class='ocr_line' id='line_1_68' title="bbox 2177 2569 2329 2638; baseline 0.007 -12"><span class='ocrx_word' id='word_1_470' title='bbox 2177 2569 2329 2638; x_wconf 82' lang='grc' dir='ltr'>ξατο.</span> 
     </span>
    </p>
   </div>
   <div class='ocr_carea' id='block_1_69' title="bbox 2259 2654 3775 2733">
    <p class='ocr_par' dir='ltr' id='par_1_69' title="bbox 2259 2654 3775 2733">
     <span class='ocr_line' id='line_1_69' title="bbox 2259 2654 3775 2733; baseline -0.006 -15"><span class='ocrx_word' id='word_1_471' title='bbox 2259 2663 2417 2718; x_wconf 75' lang='grc' dir='ltr'>Ἐπεὶ</span> <span class='ocrx_word' id='word_1_472' title='bbox 2482 2661 2541 2716; x_wconf 74' lang='grc' dir='ltr'>δὲ</span> <span class='ocrx_word' id='word_1_473' title='bbox 2593 2661 2656 2716; x_wconf 77' lang='grc' dir='ltr'>τὸ</span> <span class='ocrx_word' id='word_1_474' title='bbox 2693 2658 2922 2733; x_wconf 81' lang='grc' dir='ltr'>Πνεῦμα</span> <span class='ocrx_word' id='word_1_475' title='bbox 2960 2659 3023 2714; x_wconf 81' lang='grc' dir='ltr'>τὸ</span> <span class='ocrx_word' id='word_1_476' title='bbox 3059 2657 3218 2729; x_wconf 69' lang='grc' dir='ltr'>ἅγιον</span> <span class='ocrx_word' id='word_1_477' title='bbox 3245 2655 3336 2712; x_wconf 75' lang='grc' dir='ltr'><strong>διὰ</strong></span> <span class='ocrx_word' id='word_1_478' title='bbox 3369 2654 3465 2710; x_wconf 89' lang='grc' dir='ltr'><strong>τοῦ</strong></span> <span class='ocrx_word' id='word_1_479' title='bbox 3501 2656 3634 2710; x_wconf 80' lang='grc' dir='ltr'>Υίοῦ</span> <span class='ocrx_word' id='word_1_480' title='bbox 3665 2672 3775 2716; x_wconf 79' lang='grc' dir='ltr'>πα·-</span> 
     </span>
    </p>
   </div>
   <div class='ocr_carea' id='block_1_70' title="bbox 2174 2745 3773 2825">
    <p class='ocr_par' dir='ltr' id='par_1_70' title="bbox 2174 2745 3773 2825">
     <span class='ocr_line' id='line_1_70' title="bbox 2174 2745 3773 2825; baseline -0.004 -19"><span class='ocrx_word' id='word_1_481' title='bbox 2174 2751 2368 2825; x_wconf 85' lang='grc' dir='ltr'>τρόθεν</span> <span class='ocrx_word' id='word_1_482' title='bbox 2398 2751 2541 2807; x_wconf 86' lang='grc' dir='ltr'>κατά</span> <span class='ocrx_word' id='word_1_483' title='bbox 2569 2751 2672 2821; x_wconf 78' lang='grc' dir='ltr'>τὴν</span> <span class='ocrx_word' id='word_1_484' title='bbox 2692 2749 2962 2805; x_wconf 79' lang='grc' dir='ltr'>ἀνέκαθεν</span> <span class='ocrx_word' id='word_1_485' title='bbox 2988 2747 3330 2817; x_wconf 75' lang='grc' dir='ltr'>ἐπαγγελίαν</span> <span class='ocrx_word' id='word_1_486' title='bbox 3368 2745 3639 2818; x_wconf 77' lang='grc' dir='ltr'>ἐξεχεῖτοο</span> <span class='ocrx_word' id='word_1_487' title='bbox 3674 2750 3773 2799; x_wconf 72' lang='grc' dir='ltr'><strong>καὶ</strong></span> 
     </span>
    </p>
   </div>
   <div class='ocr_carea' id='block_1_71' title="bbox 2174 2838 3772 2916">
    <p class='ocr_par' dir='ltr' id='par_1_71' title="bbox 2174 2838 3772 2916">
     <span class='ocr_line' id='line_1_71' title="bbox 2174 2838 3772 2916; baseline -0.006 -17"><span class='ocrx_word' id='word_1_488' title='bbox 2174 2845 2410 2916; x_wconf 78' lang='grc' dir='ltr'>πλήρεις</span> <span class='ocrx_word' id='word_1_489' title='bbox 2466 2843 2567 2915; x_wconf 67' lang='grc' dir='ltr'>μὲν</span> <span class='ocrx_word' id='word_1_490' title='bbox 2616 2841 2720 2911; x_wconf 85' lang='grc' dir='ltr'>τῆς</span> <span class='ocrx_word' id='word_1_491' title='bbox 2775 2841 2986 2896; x_wconf 76' lang='grc' dir='ltr'>ἐκείνου</span> <span class='ocrx_word' id='word_1_492' title='bbox 3055 2840 3343 2910; x_wconf 84' lang='grc' dir='ltr'>δυνάμεως</span> <span class='ocrx_word' id='word_1_493' title='bbox 3392 2840 3448 2915; x_wconf 0' lang='grc' dir='ltr'>μοί</span> <span class='ocrx_word' id='word_1_494' title='bbox 3503 2838 3772 2910; x_wconf 66' lang='grc' dir='ltr'>μαθηταὶ,</span> 
     </span>
    </p>
   </div>
   <div class='ocr_carea' id='block_1_72' title="bbox 2175 2927 3770 3008">
    <p class='ocr_par' dir='ltr' id='par_1_72' title="bbox 2175 2927 3770 3008">
     <span class='ocr_line' id='line_1_72' title="bbox 2175 2927 3770 3008; baseline -0.004 -17"><span class='ocrx_word' id='word_1_495' title='bbox 2175 2936 2410 3008; x_wconf 81' lang='grc' dir='ltr'>πλήρεις</span> <span class='ocrx_word' id='word_1_496' title='bbox 2469 2936 2527 2990; x_wconf 71' lang='grc' dir='ltr'>δὲ</span> <span class='ocrx_word' id='word_1_497' title='bbox 2575 2935 2866 3006; x_wconf 83' lang='grc' dir='ltr'>γενόμενοι</span> <span class='ocrx_word' id='word_1_498' title='bbox 2922 2933 3020 3001; x_wconf 80' lang='grc' dir='ltr'><strong>τῆς</strong></span> <span class='ocrx_word' id='word_1_499' title='bbox 3069 2932 3376 3003; x_wconf 71' lang='grc' dir='ltr'>ἐνεργείας,</span> <span class='ocrx_word' id='word_1_500' title='bbox 3431 2930 3526 3000; x_wconf 84' lang='grc' dir='ltr'>οὐχ</span> <span class='ocrx_word' id='word_1_501' title='bbox 3571 2927 3770 2984; x_wconf 76' lang='grc' dir='ltr'>οἷοίτε</span> 
     </span>
    </p>
   </div>
   <div class='ocr_carea' id='block_1_73' title="bbox 2175 3023 3761 3101">
    <p class='ocr_par' dir='ltr' id='par_1_73' title="bbox 2175 3023 3761 3101">
     <span class='ocr_line' id='line_1_73' title="bbox 2175 3023 3761 3101; baseline -0.006 -19"><span class='ocrx_word' id='word_1_502' title='bbox 2175 3023 2316 3101; x_wconf 76' lang='grc' dir='ltr'>ἦσαν</span> <span class='ocrx_word' id='word_1_503' title='bbox 2339 3027 2442 3099; x_wconf 77' lang='grc' dir='ltr'>τὴν</span> <span class='ocrx_word' id='word_1_504' title='bbox 2489 3025 2659 3081; x_wconf 80' lang='grc' dir='ltr'>ὠδῖνα</span> <span class='ocrx_word' id='word_1_505' title='bbox 2707 3025 2806 3096; x_wconf 82' lang='grc' dir='ltr'>τῆς</span> <span class='ocrx_word' id='word_1_506' title='bbox 2843 3024 3069 3097; x_wconf 86' lang='grc' dir='ltr'>χάριτος</span> <span class='ocrx_word' id='word_1_507' title='bbox 3096 3024 3155 3077; x_wconf 78' lang='grc' dir='ltr'>ὲν</span> <span class='ocrx_word' id='word_1_508' title='bbox 3179 3023 3394 3087; x_wconf 77' lang='grc' dir='ltr'>ἑαυτοῖς</span> <span class='ocrx_word' id='word_1_509' title='bbox 3431 3023 3718 3090; x_wconf 76' lang='grc' dir='ltr'>κατασχεῖν</span> <span class='ocrx_word' id='word_1_510' title='bbox 3744 3037 3761 3051; x_wconf 80' lang='grc' dir='ltr'><strong><em>ο</em></strong></span> 
     </span>
    </p>
   </div>
   <div class='ocr_carea' id='block_1_74' title="bbox 2175 3114 3762 3193">
    <p class='ocr_par' dir='ltr' id='par_1_74' title="bbox 2175 3114 3762 3193">
     <span class='ocr_line' id='line_1_74' title="bbox 2175 3114 3762 3193; baseline -0.008 -16"><span class='ocrx_word' id='word_1_511' title='bbox 2175 3121 2296 3177; x_wconf 82' lang='grc' dir='ltr'>ἀλλ’</span> <span class='ocrx_word' id='word_1_512' title='bbox 2326 3122 2378 3175; x_wconf 86' lang='grc' dir='ltr'><strong>εί</strong></span> <span class='ocrx_word' id='word_1_513' title='bbox 2409 3119 2486 3193; x_wconf 77' lang='grc' dir='ltr'>μὴ</span> <span class='ocrx_word' id='word_1_514' title='bbox 2515 3118 2659 3174; x_wconf 79' lang='grc' dir='ltr'>κατά</span> <span class='ocrx_word' id='word_1_515' title='bbox 2686 3119 2786 3189; x_wconf 76' lang='grc' dir='ltr'><strong>τὴν</strong></span> <span class='ocrx_word' id='word_1_516' title='bbox 2833 3117 3160 3188; x_wconf 74' lang='grc' dir='ltr'>οἰκουμένην</span> <span class='ocrx_word' id='word_1_517' title='bbox 3199 3115 3587 3185; x_wconf 82' lang='grc' dir='ltr'>διασπαρέντες</span> <span class='ocrx_word' id='word_1_518' title='bbox 3610 3114 3762 3184; x_wconf 83' lang='grc' dir='ltr'>ὃλην,</span> 
     </span>
    </p>
   </div>
   <div class='ocr_carea' id='block_1_75' title="bbox 2175 3205 3769 3282">
    <p class='ocr_par' dir='ltr' id='par_1_75' title="bbox 2175 3205 3769 3282">
     <span class='ocr_line' id='line_1_75' title="bbox 2175 3205 3769 3282; baseline -0.006 -12"><span class='ocrx_word' id='word_1_519' title='bbox 2175 3216 2273 3270; x_wconf 74' lang='grc' dir='ltr'><strong>καὶ</strong></span> <span class='ocrx_word' id='word_1_520' title='bbox 2297 3212 2462 3278; x_wconf 79' lang='grc' dir='ltr'>ἀλλος</span> <span class='ocrx_word' id='word_1_521' title='bbox 2511 3211 2644 3267; x_wconf 80' lang='grc' dir='ltr'>ἄλλο</span> <span class='ocrx_word' id='word_1_522' title='bbox 2701 3227 2756 3264; x_wconf 80' lang='grc' dir='ltr'><strong>τι</strong></span> <span class='ocrx_word' id='word_1_523' title='bbox 2791 3209 2957 3282; x_wconf 79' lang='grc' dir='ltr'>μέρος</span> <span class='ocrx_word' id='word_1_524' title='bbox 2996 3209 3108 3262; x_wconf 82' lang='grc' dir='ltr'><strong>τῶν</strong></span> <span class='ocrx_word' id='word_1_525' title='bbox 3134 3208 3224 3261; x_wconf 79' lang='grc' dir='ltr'><strong>ἐπ’</strong></span> <span class='ocrx_word' id='word_1_526' title='bbox 3251 3208 3422 3279; x_wconf 78' lang='grc' dir='ltr'>αὐτῆς</span> <span class='ocrx_word' id='word_1_527' title='bbox 3460 3205 3631 3262; x_wconf 78' lang='grc' dir='ltr'>ἐθνῶν</span> <span class='ocrx_word' id='word_1_528' title='bbox 3649 3205 3769 3261; x_wconf 85' lang='grc' dir='ltr'>δια-</span> 
     </span>
    </p>
   </div>
   <div class='ocr_carea' id='block_1_76' title="bbox 2174 3300 3768 3376">
    <p class='ocr_par' dir='ltr' id='par_1_76' title="bbox 2174 3300 3768 3376">
     <span class='ocr_line' id='line_1_76' title="bbox 2174 3300 3768 3376; baseline -0.004 -16"><span class='ocrx_word' id='word_1_529' title='bbox 2174 3307 2457 3374; x_wconf 77' lang='grc' dir='ltr'>λαϐόντες,</span> <span class='ocrx_word' id='word_1_530' title='bbox 2516 3305 2622 3376; x_wconf 82' lang='grc' dir='ltr'>τῆς</span> <span class='ocrx_word' id='word_1_531' title='bbox 2699 3303 3005 3376; x_wconf 80' lang='grc' dir='ltr'>θεαρχικῆς</span> <span class='ocrx_word' id='word_1_532' title='bbox 3071 3301 3352 3375; x_wconf 81' lang='grc' dir='ltr'>μεταδοῖεν</span> <span class='ocrx_word' id='word_1_533' title='bbox 3408 3300 3768 3371; x_wconf 81' lang='grc' dir='ltr'>ἀγαθότητος,</span> 
     </span>
    </p>
   </div>
   <div class='ocr_carea' id='block_1_77' title="bbox 2174 3391 3838 3478">
    <p class='ocr_par' dir='ltr' id='par_1_77' title="bbox 2174 3391 3838 3478">
     <span class='ocr_line' id='line_1_77' title="bbox 2174 3391 3838 3478; baseline -0.005 -26"><span class='ocrx_word' id='word_1_534' title='bbox 2174 3398 2300 3452; x_wconf 75' lang='grc' dir='ltr'>οὔτε</span> <span class='ocrx_word' id='word_1_535' title='bbox 2357 3397 2436 3470; x_wconf 84' lang='grc' dir='ltr'>τῷ</span> <span class='ocrx_word' id='word_1_536' title='bbox 2488 3394 2878 3452; x_wconf 80' lang='grc' dir='ltr'>ἀποστέλλοντι</span> <span class='ocrx_word' id='word_1_537' title='bbox 2931 3392 3052 3465; x_wconf 84' lang='grc' dir='ltr'><strong>Θεῷ</strong></span> <span class='ocrx_word' id='word_1_538' title='bbox 3099 3392 3249 3462; x_wconf 79' lang='grc' dir='ltr'>φίλα,</span> <span class='ocrx_word' id='word_1_539' title='bbox 3299 3391 3422 3445; x_wconf 84' lang='grc' dir='ltr'>οῦτε</span> <span class='ocrx_word' id='word_1_540' title='bbox 3449 3391 3554 3462; x_wconf 82' lang='grc' dir='ltr'>τῆς</span> <span class='ocrx_word' id='word_1_541' title='bbox 3597 3391 3766 3461; x_wconf 83' lang='grc' dir='ltr'>Ἰησοῦ</span> <span class='ocrx_word' id='word_1_542' title='bbox 3832 3472 3838 3478; x_wconf 25' lang='grc'><strong><em>⁸</em></strong></span> 
     </span>
    </p>
   </div>
   <div class='ocr_carea' id='block_1_78' title="bbox 2177 3484 3766 3563">
    <p class='ocr_par' dir='ltr' id='par_1_78' title="bbox 2177 3484 3766 3563">
     <span class='ocr_line' id='line_1_78' title="bbox 2177 3484 3766 3563; baseline -0.005 -18"><span class='ocrx_word' id='word_1_543' title='bbox 2177 3488 2589 3563; x_wconf 78' lang='grc' dir='ltr'>φιλανθρωπίας</span> <span class='ocrx_word' id='word_1_544' title='bbox 2617 3487 2818 3553; x_wconf 69' lang='grc' dir='ltr'>ἐπάξια</span> <span class='ocrx_word' id='word_1_545' title='bbox 2837 3485 3070 3556; x_wconf 73' lang='grc' dir='ltr'>πράξειν</span> <span class='ocrx_word' id='word_1_546' title='bbox 3099 3487 3195 3539; x_wconf 74' lang='grc' dir='ltr'><strong>καὶ</strong></span> <span class='ocrx_word' id='word_1_547' title='bbox 3223 3485 3484 3556; x_wconf 75' lang='grc' dir='ltr'>διαταγῆς</span> <span class='ocrx_word' id='word_1_548' title='bbox 3502 3484 3736 3556; x_wconf 80' lang='grc' dir='ltr'>ἡγοῦντο</span> <span class='ocrx_word' id='word_1_549' title='bbox 3753 3501 3766 3514; x_wconf 93' lang='grc'><strong>·</strong></span> 
     </span>
    </p>
   </div>
   <div class='ocr_carea' id='block_1_79' title="bbox 2175 3575 3772 3653">
    <p class='ocr_par' dir='ltr' id='par_1_79' title="bbox 2175 3575 3772 3653">
     <span class='ocr_line' id='line_1_79' title="bbox 2175 3575 3772 3653; baseline -0.003 -16"><span class='ocrx_word' id='word_1_550' title='bbox 2175 3583 2326 3638; x_wconf 76' lang='grc' dir='ltr'>ἄλλοι.</span> <span class='ocrx_word' id='word_1_551' title='bbox 2362 3585 2462 3653; x_wconf 78' lang='grc' dir='ltr'>μὲν</span> <span class='ocrx_word' id='word_1_552' title='bbox 2485 3580 2581 3636; x_wconf 82' lang='grc' dir='ltr'><strong>οῦν</strong></span> <span class='ocrx_word' id='word_1_553' title='bbox 2609 3580 2820 3650; x_wconf 82' lang='grc' dir='ltr'>ἀλλαχῆ</span> <span class='ocrx_word' id='word_1_554' title='bbox 2840 3580 2954 3633; x_wconf 88' lang='grc' dir='ltr'><strong>τῶν</strong></span> <span class='ocrx_word' id='word_1_555' title='bbox 2989 3577 3329 3643; x_wconf 86' lang='grc' dir='ltr'>ἀποστόλων,</span> <span class='ocrx_word' id='word_1_556' title='bbox 3361 3575 3549 3638; x_wconf 82' lang='grc' dir='ltr'>καθὼς</span> <span class='ocrx_word' id='word_1_557' title='bbox 3573 3577 3772 3640; x_wconf 78' lang='grc' dir='ltr'>αὐτοὺς</span> 
     </span>
    </p>
   </div>
   <div class='ocr_carea' id='block_1_80' title="bbox 2175 3667 3769 3742">
    <p class='ocr_par' dir='ltr' id='par_1_80' title="bbox 2175 3667 3769 3742">
     <span class='ocr_line' id='line_1_80' title="bbox 2175 3667 3769 3742; baseline -0.006 -11"><span class='ocrx_word' id='word_1_558' title='bbox 2175 3680 2204 3731; x_wconf 91' lang='lat'><strong>6</strong></span> <span class='ocrx_word' id='word_1_559' title='bbox 2232 3675 2581 3731; x_wconf 81' lang='grc' dir='ltr'>ἀποστέλλων</span> <span class='ocrx_word' id='word_1_560' title='bbox 2639 3672 2913 3726; x_wconf 70' lang='grc' dir='ltr'>διέστελλε</span> <span class='ocrx_word' id='word_1_561' title='bbox 2958 3670 3232 3742; x_wconf 82' lang='grc' dir='ltr'>δήπουθεν</span> <span class='ocrx_word' id='word_1_562' title='bbox 3274 3667 3769 3734; x_wconf 64' lang='grc' dir='ltr'>ὲξαπεστέλλοντω</span> 
     </span>
    </p>
   </div>
   <div class='ocr_carea' id='block_1_81' title="bbox 2174 3757 3771 3838">
    <p class='ocr_par' dir='ltr' id='par_1_81' title="bbox 2174 3757 3771 3838">
     <span class='ocr_line' id='line_1_81' title="bbox 2174 3757 3771 3838; baseline -0.006 -18"><span class='ocrx_word' id='word_1_563' title='bbox 2174 3766 2254 3838; x_wconf 83' lang='grc' dir='ltr'>τῷ</span> <span class='ocrx_word' id='word_1_564' title='bbox 2271 3766 2631 3838; x_wconf 81' lang='grc' dir='ltr'>δοκιμωτάτῳ</span> <span class='ocrx_word' id='word_1_565' title='bbox 2669 3764 2726 3817; x_wconf 81' lang='grc' dir='ltr'>δὲ</span> <span class='ocrx_word' id='word_1_566' title='bbox 2749 3763 2926 3832; x_wconf 79' lang='grc' dir='ltr'>τούτῳ</span> <span class='ocrx_word' id='word_1_567' title='bbox 2951 3761 3048 3816; x_wconf 79' lang='grc' dir='ltr'><strong>καὶ</strong></span> <span class='ocrx_word' id='word_1_568' title='bbox 3068 3760 3445 3834; x_wconf 88' lang='grc' dir='ltr'>τρισμεγίστῳ</span> <span class='ocrx_word' id='word_1_569' title='bbox 3474 3757 3570 3812; x_wconf 88' lang='grc' dir='ltr'><strong>τοῦ</strong></span> <span class='ocrx_word' id='word_1_570' title='bbox 3594 3760 3771 3829; x_wconf 84' lang='grc' dir='ltr'>Λόγου</span> 
     </span>
    </p>
   </div>
   <div class='ocr_carea' id='block_1_82' title="bbox 2179 3850 3774 3929">
    <p class='ocr_par' dir='ltr' id='par_1_82' title="bbox 2179 3850 3774 3929">
     <span class='ocr_line' id='line_1_82' title="bbox 2179 3850 3774 3929; baseline -0.004 -18"><span class='ocrx_word' id='word_1_571' title='bbox 2179 3858 2423 3929; x_wconf 77' lang='grc' dir='ltr'>μαθητῇ,</span> <span class='ocrx_word' id='word_1_572' title='bbox 2487 3857 2723 3929; x_wconf 86' lang='grc' dir='ltr'>Πάρθων</span> <span class='ocrx_word' id='word_1_573' title='bbox 2767 3855 2864 3909; x_wconf 73' lang='grc' dir='ltr'><strong>καὶ</strong></span> <span class='ocrx_word' id='word_1_574' title='bbox 2919 3855 3154 3926; x_wconf 83' lang='grc' dir='ltr'>Μήδων,</span> <span class='ocrx_word' id='word_1_575' title='bbox 3215 3855 3310 3906; x_wconf 80' lang='grc' dir='ltr'><strong>καὶ</strong></span> <span class='ocrx_word' id='word_1_576' title='bbox 3358 3853 3466 3905; x_wconf 84' lang='grc' dir='ltr'>τῶν</span> <span class='ocrx_word' id='word_1_577' title='bbox 3510 3850 3774 3905; x_wconf 74' lang='grc' dir='ltr'>ἐπέκεινα</span> 
     </span>
    </p>
   </div>
   <div class='ocr_carea' id='block_1_83' title="bbox 2176 3942 3772 4016">
    <p class='ocr_par' dir='ltr' id='par_1_83' title="bbox 2176 3942 3772 4016">
     <span class='ocr_line' id='line_1_83' title="bbox 2176 3942 3772 4016; baseline -0.006 -12"><span class='ocrx_word' id='word_1_578' title='bbox 2176 3951 2387 4014; x_wconf 81' lang='grc' dir='ltr'>τούτοις</span> <span class='ocrx_word' id='word_1_579' title='bbox 2441 3949 2720 4003; x_wconf 74' lang='grc' dir='ltr'>Αἰθιόπων</span> <span class='ocrx_word' id='word_1_580' title='bbox 2761 3948 2863 4016; x_wconf 81' lang='grc' dir='ltr'>τὴν</span> <span class='ocrx_word' id='word_1_581' title='bbox 2913 3944 3222 4016; x_wconf 84' lang='grc' dir='ltr'>ἀποστολὴν</span> <span class='ocrx_word' id='word_1_582' title='bbox 3245 3943 3489 4016; x_wconf 85' lang='grc' dir='ltr'>λαχόντι,</span> <span class='ocrx_word' id='word_1_583' title='bbox 3522 3942 3619 3997; x_wconf 73' lang='grc' dir='ltr'><strong>καὶ</strong></span> <span class='ocrx_word' id='word_1_584' title='bbox 3653 3942 3772 4004; x_wconf 85' lang='grc' dir='ltr'><strong>πῶς</strong></span> 
     </span>
    </p>
   </div>
   <div class='ocr_carea' id='block_1_84' title="bbox 2176 4035 3772 4108">
    <p class='ocr_par' dir='ltr' id='par_1_84' title="bbox 2176 4035 3772 4108">
     <span class='ocr_line' id='line_1_84' title="bbox 2176 4035 3772 4108; baseline -0.008 -10"><span class='ocrx_word' id='word_1_585' title='bbox 2176 4045 2244 4098; x_wconf 80' lang='grc' dir='ltr'>ἂν</span> <span class='ocrx_word' id='word_1_586' title='bbox 2269 4042 2451 4107; x_wconf 81' lang='grc' dir='ltr'>αὐτοῖς</span> <span class='ocrx_word' id='word_1_587' title='bbox 2484 4039 2648 4103; x_wconf 75' lang='grc' dir='ltr'>ἐπίοι,</span> <span class='ocrx_word' id='word_1_588' title='bbox 2682 4038 2778 4092; x_wconf 72' lang='grc' dir='ltr'><strong>καὶ</strong></span> <span class='ocrx_word' id='word_1_589' title='bbox 2806 4037 2911 4092; x_wconf 83' lang='grc' dir='ltr'>τίνι</span> <span class='ocrx_word' id='word_1_590' title='bbox 2951 4037 3139 4108; x_wconf 84' lang='grc' dir='ltr'>τρόπῳ</span> <span class='ocrx_word' id='word_1_591' title='bbox 3180 4035 3295 4099; x_wconf 78' lang='grc' dir='ltr'>τοῖς</span> <span class='ocrx_word' id='word_1_592' title='bbox 3340 4035 3640 4097; x_wconf 83' lang='grc' dir='ltr'>ἀπευκτοῖς</span> <span class='ocrx_word' id='word_1_593' title='bbox 3669 4035 3772 4104; x_wconf 80' lang='grc' dir='ltr'>μὲν</span> 
     </span>
    </p>
   </div>
   <div class='ocr_carea' id='block_1_85' title="bbox 2175 4127 3773 4205">
    <p class='ocr_par' dir='ltr' id='par_1_85' title="bbox 2175 4127 3773 4205">
     <span class='ocr_line' id='line_1_85' title="bbox 2175 4127 3773 4205; baseline -0.008 -16"><span class='ocrx_word' id='word_1_594' title='bbox 2175 4137 2276 4205; x_wconf 73' lang='grc' dir='ltr'>τὴν</span> <span class='ocrx_word' id='word_1_595' title='bbox 2299 4135 2442 4204; x_wconf 75' lang='grc' dir='ltr'>ὄψιν,</span> <span class='ocrx_word' id='word_1_596' title='bbox 2468 4133 2872 4203; x_wconf 77' lang='grc' dir='ltr'>χαλεπωτέροις</span> <span class='ocrx_word' id='word_1_597' title='bbox 2902 4131 2960 4182; x_wconf 81' lang='grc' dir='ltr'>δὲ</span> <span class='ocrx_word' id='word_1_598' title='bbox 2980 4129 3073 4182; x_wconf 75' lang='grc' dir='ltr'><strong>τὸν</strong></span> <span class='ocrx_word' id='word_1_599' title='bbox 3094 4128 3195 4198; x_wconf 76' lang='grc' dir='ltr'>τῆς</span> <span class='ocrx_word' id='word_1_600' title='bbox 3215 4127 3397 4198; x_wconf 71' lang='grc' dir='ltr'>ψυχῆς</span> <span class='ocrx_word' id='word_1_601' title='bbox 3419 4127 3622 4198; x_wconf 82' lang='grc' dir='ltr'>τρόπον</span> <span class='ocrx_word' id='word_1_602' title='bbox 3652 4128 3773 4178; x_wconf 83' lang='grc' dir='ltr'>ὲπι-</span> 
     </span>
    </p>
   </div>
   <div class='ocr_carea' id='block_1_86' title="bbox 2176 4218 3770 4294">
    <p class='ocr_par' dir='ltr' id='par_1_86' title="bbox 2176 4218 3770 4294">
     <span class='ocr_line' id='line_1_86' title="bbox 2176 4218 3770 4294; baseline -0.006 -14"><span class='ocrx_word' id='word_1_603' title='bbox 2176 4225 2521 4294; x_wconf 69' lang='grc' dir='ltr'>δεδημηκὼς,</span> <span class='ocrx_word' id='word_1_604' title='bbox 2555 4222 2632 4286; x_wconf 75' lang='grc' dir='ltr'>εἷς</span> <span class='ocrx_word' id='word_1_605' title='bbox 2667 4240 2728 4275; x_wconf 87' lang='grc' dir='ltr'><strong>τε</strong></span> <span class='ocrx_word' id='word_1_606' title='bbox 2759 4222 2950 4286; x_wconf 79' lang='grc' dir='ltr'>λόγους</span> <span class='ocrx_word' id='word_1_607' title='bbox 2979 4222 3074 4275; x_wconf 79' lang='grc' dir='ltr'><strong>καὶ</strong></span> <span class='ocrx_word' id='word_1_608' title='bbox 3118 4220 3340 4288; x_wconf 81' lang='grc' dir='ltr'>ὁμιλίας</span> <span class='ocrx_word' id='word_1_609' title='bbox 3378 4218 3479 4282; x_wconf 77' lang='grc' dir='ltr'><strong>τὰς</strong></span> <span class='ocrx_word' id='word_1_610' title='bbox 3508 4218 3650 4291; x_wconf 79' lang='grc' dir='ltr'>ὑπὲρ</span> <span class='ocrx_word' id='word_1_611' title='bbox 3675 4219 3770 4274; x_wconf 78' lang='grc' dir='ltr'><strong>εὑ-</strong></span> 
     </span>
    </p>
   </div>
   <div class='ocr_carea' id='block_1_87' title="bbox 2180 4311 3774 4386">
    <p class='ocr_par' dir='ltr' id='par_1_87' title="bbox 2180 4311 3774 4386">
     <span class='ocr_line' id='line_1_87' title="bbox 2180 4311 3774 4386; baseline -0.003 -15"><span class='ocrx_word' id='word_1_612' title='bbox 2180 4319 2401 4382; x_wconf 78' lang='grc' dir='ltr'>σεὸείας</span> <span class='ocrx_word' id='word_1_613' title='bbox 2440 4316 2583 4369; x_wconf 78' lang='grc' dir='ltr'>ἔλθοι</span> <span class='ocrx_word' id='word_1_614' title='bbox 2610 4329 2625 4345; x_wconf 77' lang='grc'><strong>⁸</strong></span> <span class='ocrx_word' id='word_1_615' title='bbox 2658 4314 2845 4386; x_wconf 75' lang='grc' dir='ltr'>ἠρέμα</span> <span class='ocrx_word' id='word_1_616' title='bbox 2870 4313 2926 4367; x_wconf 81' lang='grc' dir='ltr'>δὲ</span> <span class='ocrx_word' id='word_1_617' title='bbox 2966 4313 3060 4367; x_wconf 72' lang='grc' dir='ltr'><strong>καὶ</strong></span> <span class='ocrx_word' id='word_1_618' title='bbox 3084 4314 3222 4382; x_wconf 81' lang='grc' dir='ltr'>πρὸς</span> <span class='ocrx_word' id='word_1_619' title='bbox 3251 4313 3313 4365; x_wconf 71' lang='grc' dir='ltr'>τὸ</span> <span class='ocrx_word' id='word_1_620' title='bbox 3351 4311 3518 4382; x_wconf 84' lang='grc' dir='ltr'>βάρος</span> <span class='ocrx_word' id='word_1_621' title='bbox 3546 4311 3774 4366; x_wconf 70' lang='grc' dir='ltr'>ἐκείνων</span> 
     </span>
    </p>
   </div>
   <div class='ocr_carea' id='block_1_88' title="bbox 472 4403 2074 4481">
    <p class='ocr_par' dir='ltr' id='par_1_88' title="bbox 472 4404 2071 4479">
     <span class='ocr_line' id='line_1_88' title="bbox 472 4404 2071 4479; baseline 0.005 -21"><span class='ocrx_word' id='word_1_622' title='bbox 472 4405 623 4458; x_wconf 89' lang='lat' dir='ltr'><strong>enim</strong></span> <span class='ocrx_word' id='word_1_623' title='bbox 646 4404 1030 4460; x_wconf 88' lang='lat' dir='ltr'><strong>divinissimus</strong></span> <span class='ocrx_word' id='word_1_624' title='bbox 1051 4405 1234 4473; x_wconf 84' lang='lat' dir='ltr'><strong>Jesus,</strong></span> <span class='ocrx_word' id='word_1_625' title='bbox 1257 4407 1755 4479; x_wconf 86' lang='lat' dir='ltr'><strong>incomprehensus</strong></span> <span class='ocrx_word' id='word_1_626' title='bbox 1771 4410 1883 4474; x_wconf 85' lang='lat' dir='ltr'><strong>ille,</strong></span> <span class='ocrx_word' id='word_1_627' title='bbox 1902 4413 2071 4466; x_wconf 89' lang='lat' dir='ltr'><strong>nullis</strong></span> 
     </span>
    </p>
   </div>
   <div class='ocr_carea' id='block_1_89' title="bbox 2174 4403 3773 4481">
    <p class='ocr_par' dir='ltr' id='par_1_89' title="bbox 2177 4403 3773 4480">
     <span class='ocr_line' id='line_1_89' title="bbox 2177 4403 3773 4480; baseline -0.006 -15"><span class='ocrx_word' id='word_1_628' title='bbox 2177 4409 2588 4480; x_wconf 85' lang='grc' dir='ltr'>δυσχεραίνοντι</span> <span class='ocrx_word' id='word_1_629' title='bbox 2617 4407 2724 4461; x_wconf 85' lang='grc' dir='ltr'>τῶν</span> <span class='ocrx_word' id='word_1_630' title='bbox 2752 4405 2946 4472; x_wconf 75' lang='grc' dir='ltr'>ἐθνῶν,</span> <span class='ocrx_word' id='word_1_631' title='bbox 2991 4404 3223 4473; x_wconf 78' lang='grc' dir='ltr'>ἐγγύθεν</span> <span class='ocrx_word' id='word_1_632' title='bbox 3261 4404 3295 4473; x_wconf 78' lang='grc' dir='ltr'>ἡ</span> <span class='ocrx_word' id='word_1_633' title='bbox 3333 4403 3488 4466; x_wconf 82' lang='grc' dir='ltr'>λύσις</span> <span class='ocrx_word' id='word_1_634' title='bbox 3517 4403 3773 4475; x_wconf 78' lang='grc' dir='ltr'>παρέστη</span> 
     </span>
    </p>
   </div>
   <div class='ocr_carea' id='block_1_90' title="bbox 472 4494 2076 4571">
    <p class='ocr_par' dir='ltr' id='par_1_90' title="bbox 472 4494 2076 4571">
     <span class='ocr_line' id='line_1_90' title="bbox 472 4494 2076 4571; baseline 0.007 -24"><span class='ocrx_word' id='word_1_635' title='bbox 472 4495 728 4549; x_wconf 81' lang='lat' dir='ltr'><strong>terminis</strong></span> <span class='ocrx_word' id='word_1_636' title='bbox 746 4494 955 4560; x_wconf 77' lang='lat' dir='ltr'><strong>(initus,</strong></span> <span class='ocrx_word' id='word_1_637' title='bbox 976 4497 1070 4565; x_wconf 91' lang='lat' dir='ltr'><strong>qui</strong></span> <span class='ocrx_word' id='word_1_638' title='bbox 1090 4495 1145 4550; x_wconf 91' lang='lat' dir='ltr'><strong>in</strong></span> <span class='ocrx_word' id='word_1_639' title='bbox 1165 4499 1320 4553; x_wconf 76' lang='lat' dir='ltr'><strong>ccelis</strong></span> <span class='ocrx_word' id='word_1_640' title='bbox 1336 4500 1484 4554; x_wconf 82' lang='lat' dir='ltr'><strong>Patri</strong></span> <span class='ocrx_word' id='word_1_641' title='bbox 1507 4515 1729 4571; x_wconf 82' lang='lat' dir='ltr'><strong>semper</strong></span> <span class='ocrx_word' id='word_1_642' title='bbox 1744 4502 2076 4571; x_wconf 81' lang='lat' dir='ltr'><strong>conjunctus</strong></span> 
     </span>
    </p>
   </div>
   <div class='ocr_carea' id='block_1_91' title="bbox 472 4585 2075 4658">
    <p class='ocr_par' dir='ltr' id='par_1_91' title="bbox 472 4585 2075 4658">
     <span class='ocr_line' id='line_1_91' title="bbox 472 4585 2075 4658; baseline 0.004 -19"><span class='ocrx_word' id='word_1_643' title='bbox 472 4595 585 4647; x_wconf 85' lang='lat' dir='ltr'><strong>est,</strong></span> <span class='ocrx_word' id='word_1_644' title='bbox 607 4593 772 4654; x_wconf 86' lang='lat' dir='ltr'><strong>atque</strong></span> <span class='ocrx_word' id='word_1_645' title='bbox 793 4585 848 4638; x_wconf 89' lang='lat' dir='ltr'><strong>in</strong></span> <span class='ocrx_word' id='word_1_646' title='bbox 875 4587 1038 4639; x_wconf 81' lang='lat' dir='ltr'><strong>terris</strong></span> <span class='ocrx_word' id='word_1_647' title='bbox 1061 4588 1206 4658; x_wconf 87' lang='lat' dir='ltr'><strong>apud</strong></span> <span class='ocrx_word' id='word_1_648' title='bbox 1232 4605 1327 4643; x_wconf 87' lang='lat' dir='ltr'><strong>eos</strong></span> <span class='ocrx_word' id='word_1_649' title='bbox 1357 4605 1497 4658; x_wconf 88' lang='lat' dir='ltr'><strong>quos</strong></span> <span class='ocrx_word' id='word_1_650' title='bbox 1521 4590 1688 4645; x_wconf 87' lang='lat' dir='ltr'><strong>habet</strong></span> <span class='ocrx_word' id='word_1_651' title='bbox 1709 4591 2075 4657; x_wconf 87' lang='lat' dir='ltr'><strong>necessarios,</strong></span> 
     </span>
    </p>
   </div>
   <div class='ocr_carea' id='block_1_92' title="bbox 471 4673 2076 4747">
    <p class='ocr_par' dir='ltr' id='par_1_92' title="bbox 471 4673 2076 4747">
     <span class='ocr_line' id='line_1_92' title="bbox 471 4673 2076 4747; baseline 0.005 -19"><span class='ocrx_word' id='word_1_652' title='bbox 471 4688 692 4742; x_wconf 84' lang='lat' dir='ltr'><strong>semper</strong></span> <span class='ocrx_word' id='word_1_653' title='bbox 719 4673 958 4730; x_wconf 84' lang='lat' dir='ltr'><strong>indivise</strong></span> <span class='ocrx_word' id='word_1_654' title='bbox 978 4686 1166 4730; x_wconf 88' lang='lat' dir='ltr'><strong>manet</strong></span> <span class='ocrx_word' id='word_1_655' title='bbox 1189 4694 1202 4729; x_wconf 90' lang='lat'>:</span> <span class='ocrx_word' id='word_1_656' title='bbox 1234 4677 1327 4732; x_wconf 90' lang='lat' dir='ltr'><strong>hic</strong></span> <span class='ocrx_word' id='word_1_657' title='bbox 1351 4680 1601 4747; x_wconf 89' lang='lat' dir='ltr'><strong>corporis</strong></span> <span class='ocrx_word' id='word_1_658' title='bbox 1625 4687 1857 4746; x_wconf 87' lang='lat' dir='ltr'><strong>statura,</strong></span> <span class='ocrx_word' id='word_1_659' title='bbox 1890 4680 2076 4736; x_wconf 89' lang='lat' dir='ltr'><strong>indole</strong></span> 
     </span>
    </p>
   </div>
   <div class='ocr_carea' id='block_1_93' title="bbox 471 4765 2074 4836">
    <p class='ocr_par' dir='ltr' id='par_1_93' title="bbox 471 4765 2074 4836">
     <span class='ocr_line' id='line_1_93' title="bbox 471 4765 2074 4836; baseline 0.003 -16"><span class='ocrx_word' id='word_1_660' title='bbox 471 4765 774 4835; x_wconf 79' lang='lat' dir='ltr'><strong>vultusque</strong></span> <span class='ocrx_word' id='word_1_661' title='bbox 813 4767 998 4836; x_wconf 88' lang='lat' dir='ltr'><strong>specie</strong></span> <span class='ocrx_word' id='word_1_662' title='bbox 1037 4767 1160 4822; x_wconf 87' lang='lat' dir='ltr'><strong>viro</strong></span> <span class='ocrx_word' id='word_1_663' title='bbox 1191 4769 1488 4833; x_wconf 87' lang='lat' dir='ltr'><strong>assimilis,</strong></span> <span class='ocrx_word' id='word_1_664' title='bbox 1527 4769 1885 4825; x_wconf 82' lang='lat' dir='ltr'><strong>Mercatorem</strong></span> <span class='ocrx_word' id='word_1_665' title='bbox 1919 4771 2074 4826; x_wconf 88' lang='lat' dir='ltr'><strong>ludia</strong></span> 
     </span>
    </p>
   </div>
   <div class='ocr_carea' id='block_1_94' title="bbox 473 4858 2077 4934">
    <p class='ocr_par' dir='ltr' id='par_1_94' title="bbox 473 4858 2077 4934">
     <span class='ocr_line' id='line_1_94' title="bbox 473 4858 2077 4934; baseline 0.004 -24"><span class='ocrx_word' id='word_1_666' title='bbox 473 4858 806 4928; x_wconf 73' lang='lat' dir='ltr'><strong>profectum,</strong></span> <span class='ocrx_word' id='word_1_667' title='bbox 830 4874 1137 4927; x_wconf 87' lang='lat' dir='ltr'><strong>recensque</strong></span> <span class='ocrx_word' id='word_1_668' title='bbox 1162 4858 1557 4932; x_wconf 79' lang='lat' dir='ltr'><strong>Hierosolymis</strong></span> <span class='ocrx_word' id='word_1_669' title='bbox 1578 4872 1872 4918; x_wconf 84' lang='lat' dir='ltr'><strong>exeuntem</strong></span> <span class='ocrx_word' id='word_1_670' title='bbox 1899 4878 1964 4917; x_wconf 79' lang='lat' dir='ltr'><strong>ac</strong></span> <span class='ocrx_word' id='word_1_671' title='bbox 1980 4879 2077 4934; x_wconf 81' lang='lat' dir='ltr'><strong>pa-</strong></span> 
     </span>
    </p>
   </div>
   <div class='ocr_carea' id='block_1_95' title="bbox 475 4949 2073 5022">
    <p class='ocr_par' dir='ltr' id='par_1_95' title="bbox 475 4949 2073 5022">
     <span class='ocr_line' id='line_1_95' title="bbox 475 4949 2073 5022; baseline 0.004 -20"><span class='ocrx_word' id='word_1_672' title='bbox 475 4949 633 5003; x_wconf 89' lang='lat' dir='ltr'><strong>triam</strong></span> <span class='ocrx_word' id='word_1_673' title='bbox 702 4949 1037 5018; x_wconf 85' lang='lat' dir='ltr'><strong>cogitantem</strong></span> <span class='ocrx_word' id='word_1_674' title='bbox 1092 4951 1229 5005; x_wconf 86' lang='lat' dir='ltr'><strong>adit.</strong></span> <span class='ocrx_word' id='word_1_675' title='bbox 1277 4951 1362 5006; x_wconf 81' lang='lat' dir='ltr'><strong>Ad</strong></span> <span class='ocrx_word' id='word_1_676' title='bbox 1415 4967 1580 5022; x_wconf 86' lang='lat' dir='ltr'><strong>quem</strong></span> <span class='ocrx_word' id='word_1_677' title='bbox 1638 4953 1897 5009; x_wconf 90' lang='lat' dir='ltr'><strong>dominus</strong></span> <span class='ocrx_word' id='word_1_678' title='bbox 1946 4970 2073 5008; x_wconf 92' lang='lat' dir='ltr'><strong>cum</strong></span> 
     </span>
    </p>
   </div>
   <div class='ocr_carea' id='block_1_96' title="bbox 474 5039 2075 5110">
    <p class='ocr_par' dir='ltr' id='par_1_96' title="bbox 474 5039 2075 5110">
     <span class='ocr_line' id='line_1_96' title="bbox 474 5039 2075 5110; baseline 0.004 -16"><span class='ocrx_word' id='word_1_679' title='bbox 474 5039 803 5096; x_wconf 85' lang='lat' dir='ltr'><strong>accessisset</strong></span> <span class='ocrx_word' id='word_1_680' title='bbox 847 5042 910 5110; x_wconf 87' lang='grc' dir='ltr'><strong>(ο</strong></span> <span class='ocrx_word' id='word_1_681' title='bbox 946 5040 1322 5098; x_wconf 90' lang='lat' dir='ltr'><strong>dominatoris</strong></span> <span class='ocrx_word' id='word_1_682' title='bbox 1361 5042 1820 5100; x_wconf 88' lang='lat' dir='ltr'><strong>inclinationeml</strong></span> <span class='ocrx_word' id='word_1_683' title='bbox 1862 5061 1895 5099; x_wconf 94' lang='lat' dir='ltr'><strong>o</strong></span> <span class='ocrx_word' id='word_1_684' title='bbox 1925 5044 2075 5102; x_wconf 85' lang='lat' dir='ltr'><strong>servi</strong></span> 
     </span>
    </p>
   </div>
   <div class='ocr_carea' id='block_1_97' title="bbox 476 5131 2075 5208">
    <p class='ocr_par' dir='ltr' id='par_1_97' title="bbox 476 5131 2075 5208">
     <span class='ocr_line' id='line_1_97' title="bbox 476 5131 2075 5208; baseline 0.004 -22"><span class='ocrx_word' id='word_1_685' title='bbox 476 5131 805 5203; x_wconf 88' lang='lat' dir='ltr'><strong>probitatem</strong></span> <span class='ocrx_word' id='word_1_686' title='bbox 828 5136 884 5207; x_wconf 84' lang='grc' dir='ltr'>ι)</span> <span class='ocrx_word' id='word_1_687' title='bbox 929 5136 1083 5192; x_wconf 84' lang='lat' dir='ltr'><strong>velut</strong></span> <span class='ocrx_word' id='word_1_688' title='bbox 1115 5150 1361 5201; x_wconf 86' lang='lat' dir='ltr'><strong>servum,</strong></span> <span class='ocrx_word' id='word_1_689' title='bbox 1401 5152 1566 5192; x_wconf 90' lang='lat' dir='ltr'><strong>suum</strong></span> <span class='ocrx_word' id='word_1_690' title='bbox 1600 5138 1792 5192; x_wconf 82' lang='lat' dir='ltr'><strong>vendit</strong></span> <span class='ocrx_word' id='word_1_691' title='bbox 1826 5137 2075 5208; x_wconf 86' lang='lat' dir='ltr'><strong>discipu-</strong></span> 
     </span>
    </p>
   </div>
   <div class='ocr_carea' id='block_1_98' title="bbox 565 5287 1043 5352">
    <p class='ocr_par' dir='ltr' id='par_1_98' title="bbox 565 5287 1043 5352">
     <span class='ocr_line' id='line_1_98' title="bbox 565 5287 1043 5352; baseline 0 -10"><span class='ocrx_word' id='word_1_692' title='bbox 565 5288 610 5319; x_wconf 75' lang='grc'><strong><em>⁶⁵</em></strong></span> <span class='ocrx_word' id='word_1_693' title='bbox 638 5287 795 5342; x_wconf 82' lang='lat' dir='ltr'><strong>Joan.</strong></span> <span class='ocrx_word' id='word_1_694' title='bbox 826 5304 917 5352; x_wconf 76' lang='lat' dir='ltr'><strong>xx,</strong></span> <span class='ocrx_word' id='word_1_695' title='bbox 951 5288 1043 5344; x_wconf 69' lang='lat'><strong>28.</strong></span> 
     </span>
    </p>
   </div>
   <div class='ocr_carea' id='block_1_99' title="bbox 2181 4493 3772 4572">
    <p class='ocr_par' dir='ltr' id='par_1_99' title="bbox 2181 4493 3772 4572">
     <span class='ocr_line' id='line_1_99' title="bbox 2181 4493 3772 4572; baseline -0.005 -16"><span class='ocrx_word' id='word_1_696' title='bbox 2181 4503 2291 4556; x_wconf 81' lang='grc' dir='ltr'><strong>τῶν</strong></span> <span class='ocrx_word' id='word_1_697' title='bbox 2329 4501 2719 4572; x_wconf 70' lang='grc' dir='ltr'>ἠπορημένων.</span> <span class='ocrx_word' id='word_1_698' title='bbox 2767 4497 2939 4558; x_wconf 79' lang='grc' dir='ltr'>Αὐτὸς</span> <span class='ocrx_word' id='word_1_699' title='bbox 2978 4498 3087 4565; x_wconf 83' lang='grc' dir='ltr'>γὰρ</span> <span class='ocrx_word' id='word_1_700' title='bbox 3114 4497 3144 4548; x_wconf 84' lang='grc' dir='ltr'>ὁ</span> <span class='ocrx_word' id='word_1_701' title='bbox 3175 4493 3619 4565; x_wconf 78' lang='grc' dir='ltr'>θεαρχικώτατος</span> <span class='ocrx_word' id='word_1_702' title='bbox 3663 4495 3772 4566; x_wconf 79' lang='grc' dir='ltr'>Ἰη-</span> 
     </span>
    </p>
   </div>
   <div class='ocr_carea' id='block_1_100' title="bbox 2183 4588 3775 4662">
    <p class='ocr_par' dir='ltr' id='par_1_100' title="bbox 2183 4588 3775 4662">
     <span class='ocr_line' id='line_1_100' title="bbox 2183 4588 3775 4662; baseline -0.004 -15"><span class='ocrx_word' id='word_1_703' title='bbox 2183 4593 2330 4657; x_wconf 87' lang='grc' dir='ltr'>σοῦς,</span> <span class='ocrx_word' id='word_1_704' title='bbox 2375 4593 2404 4645; x_wconf 84' lang='grc' dir='ltr'>ὁ</span> <span class='ocrx_word' id='word_1_705' title='bbox 2451 4591 2847 4662; x_wconf 79' lang='grc' dir='ltr'>ἀπερίληπτος,</span> <span class='ocrx_word' id='word_1_706' title='bbox 2875 4590 2904 4642; x_wconf 89' lang='lat'><strong>6</strong></span> <span class='ocrx_word' id='word_1_707' title='bbox 2929 4588 3334 4659; x_wconf 80' lang='grc' dir='ltr'>ἀπεριόριστος,</span> <span class='ocrx_word' id='word_1_708' title='bbox 3374 4588 3488 4642; x_wconf 82' lang='grc' dir='ltr'>ἄνω</span> <span class='ocrx_word' id='word_1_709' title='bbox 3518 4588 3672 4659; x_wconf 74' lang='grc' dir='ltr'>παρὰ</span> <span class='ocrx_word' id='word_1_710' title='bbox 3693 4588 3775 4656; x_wconf 87' lang='grc' dir='ltr'>τῷ</span> 
     </span>
    </p>
   </div>
   <div class='ocr_carea' id='block_1_101' title="bbox 2180 4680 3776 4754">
    <p class='ocr_par' dir='ltr' id='par_1_101' title="bbox 2180 4680 3776 4754">
     <span class='ocr_line' id='line_1_101' title="bbox 2180 4680 3776 4754; baseline -0.004 -15"><span class='ocrx_word' id='word_1_711' title='bbox 2180 4685 2360 4754; x_wconf 83' lang='grc' dir='ltr'>Πατρὶ</span> <span class='ocrx_word' id='word_1_712' title='bbox 2402 4683 2480 4738; x_wconf 81' lang='grc' dir='ltr'>ὦν</span> <span class='ocrx_word' id='word_1_713' title='bbox 2539 4684 2883 4746; x_wconf 85' lang='grc' dir='ltr'>ἁδιαστὰτως</span> <span class='ocrx_word' id='word_1_714' title='bbox 2914 4682 3027 4748; x_wconf 72' lang='grc' dir='ltr'>ἀεὶ,</span> <span class='ocrx_word' id='word_1_715' title='bbox 3053 4683 3150 4734; x_wconf 77' lang='grc' dir='ltr'><strong>καὶ</strong></span> <span class='ocrx_word' id='word_1_716' title='bbox 3200 4684 3352 4735; x_wconf 80' lang='grc' dir='ltr'>κάτω</span> <span class='ocrx_word' id='word_1_717' title='bbox 3383 4680 3441 4735; x_wconf 76' lang='grc' dir='ltr'>δὲ</span> <span class='ocrx_word' id='word_1_718' title='bbox 3477 4682 3630 4752; x_wconf 85' lang='grc' dir='ltr'><strong>παρά</strong></span> <span class='ocrx_word' id='word_1_719' title='bbox 3656 4682 3776 4743; x_wconf 82' lang='grc' dir='ltr'>τοῖς</span> 
     </span>
    </p>
   </div>
   <div class='ocr_carea' id='block_1_102' title="bbox 2179 4768 3777 4847">
    <p class='ocr_par' dir='ltr' id='par_1_102' title="bbox 2179 4768 3777 4847">
     <span class='ocr_line' id='line_1_102' title="bbox 2179 4768 3777 4847; baseline -0.003 -17"><span class='ocrx_word' id='word_1_720' title='bbox 2179 4778 2402 4840; x_wconf 81' lang='grc' dir='ltr'>οἰκείοις</span> <span class='ocrx_word' id='word_1_721' title='bbox 2461 4775 2776 4846; x_wconf 81' lang='grc' dir='ltr'>ἀμερίστως</span> <span class='ocrx_word' id='word_1_722' title='bbox 2836 4774 3013 4847; x_wconf 84' lang='grc' dir='ltr'>μένων</span> <span class='ocrx_word' id='word_1_723' title='bbox 3039 4772 3126 4826; x_wconf 83' lang='grc' dir='ltr'><strong>ἀεί</strong></span> <span class='ocrx_word' id='word_1_724' title='bbox 3149 4791 3164 4805; x_wconf 78' lang='grc' dir='ltr'><strong>ο</strong></span> <span class='ocrx_word' id='word_1_725' title='bbox 3196 4768 3352 4836; x_wconf 70' lang='grc' dir='ltr'>οὗτος</span> <span class='ocrx_word' id='word_1_726' title='bbox 3397 4773 3555 4844; x_wconf 71' lang='grc' dir='ltr'>ἀνδρὶ</span> <span class='ocrx_word' id='word_1_727' title='bbox 3583 4773 3645 4826; x_wconf 75' lang='grc' dir='ltr'>τὸ</span> <span class='ocrx_word' id='word_1_728' title='bbox 3677 4773 3777 4843; x_wconf 81' lang='grc' dir='ltr'>μέ-</span> 
     </span>
    </p>
   </div>
   <div class='ocr_carea' id='block_1_103' title="bbox 2180 4865 3776 4938">
    <p class='ocr_par' dir='ltr' id='par_1_103' title="bbox 2180 4865 3776 4938">
     <span class='ocr_line' id='line_1_103' title="bbox 2180 4865 3776 4938; baseline -0.002 -17"><span class='ocrx_word' id='word_1_729' title='bbox 2180 4869 2358 4937; x_wconf 82' lang='grc' dir='ltr'>γεθος,</span> <span class='ocrx_word' id='word_1_730' title='bbox 2389 4871 2488 4938; x_wconf 84' lang='grc' dir='ltr'>τήν</span> <span class='ocrx_word' id='word_1_731' title='bbox 2512 4885 2571 4919; x_wconf 89' lang='grc' dir='ltr'><strong>τε</strong></span> <span class='ocrx_word' id='word_1_732' title='bbox 2604 4866 2766 4936; x_wconf 76' lang='grc' dir='ltr'>φύσιν</span> <span class='ocrx_word' id='word_1_733' title='bbox 2793 4868 2889 4922; x_wconf 68' lang='grc' dir='ltr'>καί</span> <span class='ocrx_word' id='word_1_734' title='bbox 2917 4867 3014 4938; x_wconf 73' lang='grc' dir='ltr'>τὴν</span> <span class='ocrx_word' id='word_1_735' title='bbox 3049 4865 3263 4936; x_wconf 67' lang='grc' dir='ltr'>μορφὴν</span> <span class='ocrx_word' id='word_1_736' title='bbox 3297 4865 3513 4929; x_wconf 81' lang='grc' dir='ltr'>ἐοικὼς,</span> <span class='ocrx_word' id='word_1_737' title='bbox 3539 4866 3776 4938; x_wconf 74' lang='grc' dir='ltr'>ἐμπόρῳ</span> 
     </span>
    </p>
   </div>
   <div class='ocr_carea' id='block_1_104' title="bbox 2177 4954 3774 5028">
    <p class='ocr_par' dir='ltr' id='par_1_104' title="bbox 2177 4954 3774 5028">
     <span class='ocr_line' id='line_1_104' title="bbox 2177 4954 3774 5028; baseline -0.002 -17"><span class='ocrx_word' id='word_1_738' title='bbox 2177 4958 2289 5011; x_wconf 71' lang='grc' dir='ltr'>τινὶ</span> <span class='ocrx_word' id='word_1_739' title='bbox 2356 4954 2774 5026; x_wconf 75' lang='grc' dir='ltr'>προσεληλύθει,</span> <span class='ocrx_word' id='word_1_740' title='bbox 2828 4956 2929 5026; x_wconf 77' lang='grc' dir='ltr'>τῆς</span> <span class='ocrx_word' id='word_1_741' title='bbox 2997 4955 3228 5024; x_wconf 78' lang='grc' dir='ltr'>Ἰνδικῆς</span> <span class='ocrx_word' id='word_1_742' title='bbox 3289 4955 3389 5026; x_wconf 79' lang='grc' dir='ltr'>μὲν</span> <span class='ocrx_word' id='word_1_743' title='bbox 3435 4956 3774 5028; x_wconf 76' lang='grc' dir='ltr'>ὁρμωμένῳ,</span> 
     </span>
    </p>
   </div>
   <div class='ocr_carea' id='block_1_105' title="bbox 2177 5045 3772 5118">
    <p class='ocr_par' dir='ltr' id='par_1_105' title="bbox 2177 5045 3772 5118">
     <span class='ocr_line' id='line_1_105' title="bbox 2177 5045 3772 5118; baseline -0.003 -16"><span class='ocrx_word' id='word_1_744' title='bbox 2177 5049 2304 5118; x_wconf 83' lang='grc' dir='ltr'>ἄρτι</span> <span class='ocrx_word' id='word_1_745' title='bbox 2356 5047 2414 5100; x_wconf 80' lang='grc' dir='ltr'>δὲ</span> <span class='ocrx_word' id='word_1_746' title='bbox 2474 5048 2588 5099; x_wconf 85' lang='grc' dir='ltr'>τῶν</span> <span class='ocrx_word' id='word_1_747' title='bbox 2648 5045 3046 5117; x_wconf 84' lang='grc' dir='ltr'>Ἱεροσολύμων</span> <span class='ocrx_word' id='word_1_748' title='bbox 3095 5046 3318 5114; x_wconf 71' lang='grc' dir='ltr'>ἐξιόντι,</span> <span class='ocrx_word' id='word_1_749' title='bbox 3360 5047 3454 5099; x_wconf 82' lang='grc' dir='ltr'><strong>καὶ</strong></span> <span class='ocrx_word' id='word_1_750' title='bbox 3499 5047 3639 5116; x_wconf 82' lang='grc' dir='ltr'>πρὸς</span> <span class='ocrx_word' id='word_1_751' title='bbox 3674 5050 3772 5118; x_wconf 80' lang='grc' dir='ltr'>τὴν</span> 
     </span>
    </p>
   </div>
   <div class='ocr_carea' id='block_1_106' title="bbox 2184 5140 3776 5216">
    <p class='ocr_par' dir='ltr' id='par_1_106' title="bbox 2184 5140 3776 5216">
     <span class='ocr_line' id='line_1_106' title="bbox 2184 5140 3776 5216; baseline 0.004 -22"><span class='ocrx_word' id='word_1_752' title='bbox 2184 5141 2322 5195; x_wconf 75' lang='grc' dir='ltr'>ἰδίαν</span> <span class='ocrx_word' id='word_1_753' title='bbox 2371 5140 2791 5196; x_wconf 82' lang='grc' dir='ltr'>παλινοστοῦντι</span> <span class='ocrx_word' id='word_1_754' title='bbox 2840 5142 2967 5212; x_wconf 84' lang='grc' dir='ltr'>γῆν,</span> <span class='ocrx_word' id='word_1_755' title='bbox 3015 5141 3192 5213; x_wconf 78' lang='grc' dir='ltr'>τούτῳ</span> <span class='ocrx_word' id='word_1_756' title='bbox 3240 5141 3557 5215; x_wconf 86' lang='grc' dir='ltr'>προσελθὼν</span> <span class='ocrx_word' id='word_1_757' title='bbox 3589 5141 3708 5216; x_wconf 74' lang='grc'><strong>(25)</strong></span> <span class='ocrx_word' id='word_1_758' title='bbox 3747 5148 3776 5199; x_wconf 75' lang='grc' dir='ltr'><strong>ό</strong></span> 
     </span>
    </p>
   </div>
   <div class='ocr_carea' id='block_1_107' title="bbox 546 5427 2074 5505">
    <p class='ocr_par' dir='ltr' id='par_1_107' title="bbox 546 5427 2071 5505">
     <span class='ocr_line' id='line_1_107' title="bbox 546 5427 2071 5505; baseline 0.005 -23"><span class='ocrx_word' id='word_1_759' title='bbox 546 5427 659 5498; x_wconf 73' lang='lat'><strong>(23)</strong></span> <span class='ocrx_word' id='word_1_760' title='bbox 685 5430 953 5505; x_wconf 58' lang='grc' dir='ltr'>Ἐμπόρῳ</span> <span class='ocrx_word' id='word_1_761' title='bbox 969 5430 1162 5505; x_wconf 33' lang='grc' dir='ltr'>τιν-ί)...</span> <span class='ocrx_word' id='word_1_762' title='bbox 1187 5432 1571 5505; x_wconf 77' lang='grc' dir='ltr'>προσελθών.</span> <span class='ocrx_word' id='word_1_763' title='bbox 1592 5433 1823 5505; x_wconf 89' lang='lat' dir='ltr'><strong>Sumpta</strong></span> <span class='ocrx_word' id='word_1_764' title='bbox 1853 5434 1972 5490; x_wconf 82' lang='lat' dir='ltr'><strong>haec</strong></span> <span class='ocrx_word' id='word_1_765' title='bbox 2003 5451 2071 5490; x_wconf 78' lang='lat' dir='ltr'><strong>ex</strong></span> 
     </span>
    </p>
   </div>
   <div class='ocr_carea' id='block_1_108' title="bbox 2174 5427 3770 5505">
    <p class='ocr_par' dir='ltr' id='par_1_108' title="bbox 2174 5429 3770 5505">
     <span class='ocr_line' id='line_1_108' title="bbox 2174 5429 3770 5505; baseline 0.001 -17"><span class='ocrx_word' id='word_1_766' title='bbox 2174 5433 2338 5488; x_wconf 77' lang='grc' dir='ltr'>αὑτοῦ</span> <span class='ocrx_word' id='word_1_767' title='bbox 2392 5430 2710 5504; x_wconf 84' lang='grc' dir='ltr'>Περιὸδων,</span> <span class='ocrx_word' id='word_1_768' title='bbox 2756 5429 2850 5505; x_wconf 77' lang='lat' dir='ltr'><em>Ex</em></span> <span class='ocrx_word' id='word_1_769' title='bbox 2904 5434 3151 5505; x_wconf 77' lang='lat' dir='ltr'><strong>ejusdem</strong></span> <span class='ocrx_word' id='word_1_770' title='bbox 3199 5433 3408 5489; x_wconf 67' lang='lat' dir='ltr'><strong>Thema</strong></span> <span class='ocrx_word' id='word_1_771' title='bbox 3466 5432 3716 5492; x_wconf 77' lang='lat' dir='ltr'><strong>Periodis</strong></span> <span class='ocrx_word' id='word_1_772' title='bbox 3748 5451 3770 5490; x_wconf 90' lang='lat'><strong><em>:</em></strong></span> 
     </span>
    </p>
   </div>
   <div class='ocr_carea' id='block_1_109' title="bbox 473 5498 701 5554">
    <p class='ocr_par' dir='ltr' id='par_1_109' title="bbox 473 5498 701 5554">
     <span class='ocr_line' id='line_1_109' title="bbox 473 5498 701 5554; baseline 0.004 -1"><span class='ocrx_word' id='word_1_773' title='bbox 473 5498 701 5554; x_wconf 60' lang='lat' dir='ltr'><strong>Thomas</strong></span> 
     </span>
    </p>
   </div>
   <div class='ocr_carea' id='block_1_110' title="bbox 474 5569 2070 5640">
    <p class='ocr_par' dir='ltr' id='par_1_110' title="bbox 474 5569 2070 5640">
     <span class='ocr_line' id='line_1_110' title="bbox 474 5569 2070 5640; baseline 0.004 -17"><span class='ocrx_word' id='word_1_774' title='bbox 474 5569 832 5638; x_wconf 75' lang='lat' dir='ltr'><strong>apocrypha;</strong></span> <span class='ocrx_word' id='word_1_775' title='bbox 866 5572 1028 5640; x_wconf 73' lang='lat' dir='ltr'><strong>cuius</strong></span> <span class='ocrx_word' id='word_1_776' title='bbox 1053 5579 1244 5626; x_wconf 90' lang='lat' dir='ltr'><strong>tamen</strong></span> <span class='ocrx_word' id='word_1_777' title='bbox 1267 5572 1433 5628; x_wconf 87' lang='lat' dir='ltr'><strong>Iidem</strong></span> <span class='ocrx_word' id='word_1_778' title='bbox 1474 5569 1554 5628; x_wconf 79' lang='lat' dir='ltr'><strong>sic</strong></span> <span class='ocrx_word' id='word_1_779' title='bbox 1603 5574 1780 5629; x_wconf 61' lang='lat' dir='ltr'><strong>Graeci</strong></span> <span class='ocrx_word' id='word_1_780' title='bbox 1828 5569 1941 5629; x_wconf 71' lang='lat' dir='ltr'><strong>non</strong></span> <span class='ocrx_word' id='word_1_781' title='bbox 1969 5577 2070 5630; x_wconf 90' lang='lat' dir='ltr'><strong>ab-</strong></span> 
     </span>
    </p>
   </div>
   <div class='ocr_carea' id='block_1_111' title="bbox 475 5642 2073 5713">
    <p class='ocr_par' dir='ltr' id='par_1_111' title="bbox 475 5642 2073 5713">
     <span class='ocr_line' id='line_1_111' title="bbox 475 5642 2073 5713; baseline 0.004 -21"><span class='ocrx_word' id='word_1_782' title='bbox 475 5649 659 5713; x_wconf 84' lang='lat' dir='ltr'><strong>nuunt</strong></span> <span class='ocrx_word' id='word_1_783' title='bbox 687 5679 703 5702; x_wconf 95' lang='lat'><strong>,</strong></span> <span class='ocrx_word' id='word_1_784' title='bbox 744 5649 804 5713; x_wconf 83' lang='lat' dir='ltr'><strong>ut</strong></span> <span class='ocrx_word' id='word_1_785' title='bbox 834 5651 890 5693; x_wconf 86' lang='lat' dir='ltr'><strong>et</strong></span> <span class='ocrx_word' id='word_1_786' title='bbox 926 5642 1264 5709; x_wconf 88' lang='lat' dir='ltr'><strong>quibusdam</strong></span> <span class='ocrx_word' id='word_1_787' title='bbox 1322 5643 1569 5713; x_wconf 86' lang='lat' dir='ltr'><strong>antiquis</strong></span> <span class='ocrx_word' id='word_1_788' title='bbox 1604 5644 1768 5700; x_wconf 87' lang='lat' dir='ltr'><strong>libris</strong></span> <span class='ocrx_word' id='word_1_789' title='bbox 1801 5647 2073 5700; x_wconf 87' lang='lat' dir='ltr'><strong>ecclesia-</strong></span> 
     </span>
    </p>
   </div>
   <div class='ocr_carea' id='block_1_112' title="bbox 477 5709 2070 5783">
    <p class='ocr_par' dir='ltr' id='par_1_112' title="bbox 477 5709 2070 5783">
     <span class='ocr_line' id='line_1_112' title="bbox 477 5709 2070 5783; baseline 0.005 -23"><span class='ocrx_word' id='word_1_790' title='bbox 477 5709 636 5783; x_wconf 77' lang='lat' dir='ltr'><strong>sticis</strong></span> <span class='ocrx_word' id='word_1_791' title='bbox 665 5711 940 5783; x_wconf 80' lang='lat' dir='ltr'><strong>ascriptus</strong></span> <span class='ocrx_word' id='word_1_792' title='bbox 963 5713 1226 5777; x_wconf 80' lang='lat' dir='ltr'><strong>habeant,</strong></span> <span class='ocrx_word' id='word_1_793' title='bbox 1258 5725 1314 5767; x_wconf 89' lang='lat' dir='ltr'><strong>et</strong></span> <span class='ocrx_word' id='word_1_794' title='bbox 1339 5709 1556 5783; x_wconf 75' lang='lat' dir='ltr'><strong>partem</strong></span> <span class='ocrx_word' id='word_1_795' title='bbox 1591 5714 1646 5768; x_wconf 90' lang='lat' dir='ltr'><strong>in</strong></span> <span class='ocrx_word' id='word_1_796' title='bbox 1672 5716 1876 5770; x_wconf 63' lang='lat' dir='ltr'><strong>Meliten</strong></span> <span class='ocrx_word' id='word_1_797' title='bbox 1915 5726 2070 5770; x_wconf 84' lang='lat' dir='ltr'><strong>retu-</strong></span> 
     </span>
    </p>
   </div>
   <div class='ocr_carea' id='block_1_113' title="bbox 477 5777 2074 5855">
    <p class='ocr_par' dir='ltr' id='par_1_113' title="bbox 477 5777 2074 5855">
     <span class='ocr_line' id='line_1_113' title="bbox 477 5777 2074 5855; baseline 0.006 -23"><span class='ocrx_word' id='word_1_798' title='bbox 477 5777 668 5842; x_wconf 79' lang='lat' dir='ltr'><strong>ierint,</strong></span> <span class='ocrx_word' id='word_1_799' title='bbox 695 5777 855 5851; x_wconf 72' lang='lat' dir='ltr'><strong>longa</strong></span> <span class='ocrx_word' id='word_1_800' title='bbox 883 5785 1201 5839; x_wconf 86' lang='lat' dir='ltr'><strong>narratione</strong></span> <span class='ocrx_word' id='word_1_801' title='bbox 1251 5777 1359 5839; x_wconf 82' lang='lat' dir='ltr'><strong>hoc</strong></span> <span class='ocrx_word' id='word_1_802' title='bbox 1409 5784 1531 5855; x_wconf 81' lang='lat' dir='ltr'><strong>ipso</strong></span> <span class='ocrx_word' id='word_1_803' title='bbox 1581 5786 1765 5853; x_wconf 90' lang='lat' dir='ltr'><strong>titulo,</strong></span> <span class='ocrx_word' id='word_1_804' title='bbox 1828 5785 1925 5839; x_wconf 68' lang='grc' dir='ltr'><strong>Ἐκ</strong></span> <span class='ocrx_word' id='word_1_805' title='bbox 1961 5786 2074 5842; x_wconf 79' lang='grc' dir='ltr'>τῶν</span> 
     </span>
    </p>
   </div>
   <div class='ocr_carea' id='block_1_114' title="bbox 785 5500 3768 5575">
    <p class='ocr_par' dir='ltr' id='par_1_114' title="bbox 785 5500 3768 5575">
     <span class='ocr_line' id='line_1_114' title="bbox 785 5500 3768 5575; baseline 0.002 -22"><span class='ocrx_word' id='word_1_806' title='bbox 785 5501 999 5575; x_wconf 72' lang='lat' dir='ltr'><strong>eriodis,</strong></span> <span class='ocrx_word' id='word_1_807' title='bbox 1060 5500 1206 5556; x_wconf 89' lang='lat' dir='ltr'><strong>libro</strong></span> <span class='ocrx_word' id='word_1_808' title='bbox 1263 5503 1399 5575; x_wconf 78' lang='lat' dir='ltr'><strong>olim</strong></span> <span class='ocrx_word' id='word_1_809' title='bbox 1459 5500 1759 5575; x_wconf 71' lang='lat' dir='ltr'><strong>reprobate</strong></span> <span class='ocrx_word' id='word_1_810' title='bbox 1791 5521 1857 5560; x_wconf 87' lang='lat' dir='ltr'><strong>ac</strong></span> <span class='ocrx_word' id='word_1_811' title='bbox 1905 5507 2070 5575; x_wconf 88' lang='lat' dir='ltr'><strong>plane</strong></span> <span class='ocrx_word' id='word_1_812' title='bbox 2171 5521 2296 5575; x_wconf 76' lang='lat' dir='ltr'><strong>quae</strong></span> <span class='ocrx_word' id='word_1_813' title='bbox 2323 5500 2577 5574; x_wconf 82' lang='lat' dir='ltr'><strong>perinde,</strong></span> <span class='ocrx_word' id='word_1_814' title='bbox 2612 5503 2800 5573; x_wconf 90' lang='lat' dir='ltr'><strong>paucis</strong></span> <span class='ocrx_word' id='word_1_815' title='bbox 2836 5500 3087 5567; x_wconf 80' lang='lat' dir='ltr'><strong>mutatis,</strong></span> <span class='ocrx_word' id='word_1_816' title='bbox 3127 5504 3320 5575; x_wconf 68' lang='lat' dir='ltr'><strong>Abdia:</strong></span> <span class='ocrx_word' id='word_1_817' title='bbox 3346 5505 3768 5575; x_wconf 81' lang='lat' dir='ltr'><strong>Babyloniino-</strong></span> 
     </span>
    </p>
   </div>
   <div class='ocr_carea' id='block_1_115' title="bbox 2174 5563 3772 5648">
    <p class='ocr_par' dir='ltr' id='par_1_115' title="bbox 2174 5563 3772 5648">
     <span class='ocr_line' id='line_1_115' title="bbox 2174 5563 3772 5648; baseline 0.001 -19"><span class='ocrx_word' id='word_1_818' title='bbox 2174 5563 2574 5648; x_wconf 65' lang='lat' dir='ltr'><strong>minc&#39;vulgatzt</strong></span> <span class='ocrx_word' id='word_1_819' title='bbox 2594 5563 2745 5648; x_wconf 74' lang='lat' dir='ltr'><strong>sunt,</strong></span> <span class='ocrx_word' id='word_1_820' title='bbox 2777 5563 3232 5648; x_wconf 71' lang='lat' dir='ltr'><strong>magisetiamin</strong></span> <span class='ocrx_word' id='word_1_821' title='bbox 3257 5574 3354 5629; x_wconf 91' lang='lat' dir='ltr'><strong>illo</strong></span> <span class='ocrx_word' id='word_1_822' title='bbox 3382 5563 3623 5648; x_wconf 76' lang='lat' dir='ltr'><strong>impura.</strong></span> <span class='ocrx_word' id='word_1_823' title='bbox 3664 5578 3772 5648; x_wconf 70' lang='lat' dir='ltr'><strong>Sy-</strong></span> 
     </span>
    </p>
   </div>
   <div class='ocr_carea' id='block_1_116' title="bbox 2175 5643 3768 5711">
    <p class='ocr_par' dir='ltr' id='par_1_116' title="bbox 2175 5643 3768 5711">
     <span class='ocr_line' id='line_1_116' title="bbox 2175 5643 3768 5711; baseline -0.002 -12"><span class='ocrx_word' id='word_1_824' title='bbox 2175 5643 2491 5708; x_wconf 82' lang='lat' dir='ltr'><strong>naxarium,</strong></span> <span class='ocrx_word' id='word_1_825' title='bbox 2526 5643 2675 5711; x_wconf 80' lang='lat' dir='ltr'><strong>quod</strong></span> <span class='ocrx_word' id='word_1_826' title='bbox 2709 5643 3031 5706; x_wconf 84' lang='lat' dir='ltr'><strong>antecedit,</strong></span> <span class='ocrx_word' id='word_1_827' title='bbox 3068 5644 3266 5699; x_wconf 86' lang='lat' dir='ltr'><strong>iisdem</strong></span> <span class='ocrx_word' id='word_1_828' title='bbox 3300 5643 3490 5700; x_wconf 83' lang='lat' dir='ltr'><strong>verbis</strong></span> <span class='ocrx_word' id='word_1_829' title='bbox 3522 5643 3768 5699; x_wconf 74' lang='lat' dir='ltr'><strong>habetur</strong></span> 
     </span>
    </p>
   </div>
   <div class='ocr_carea' id='block_1_117' title="bbox 2174 5714 3766 5785">
    <p class='ocr_par' dir='ltr' id='par_1_117' title="bbox 2174 5714 3766 5785">
     <span class='ocr_line' id='line_1_117' title="bbox 2174 5714 3766 5785; baseline -0.002 -15"><span class='ocrx_word' id='word_1_830' title='bbox 2174 5717 2229 5770; x_wconf 88' lang='lat' dir='ltr'><strong>in</strong></span> <span class='ocrx_word' id='word_1_831' title='bbox 2263 5715 2477 5785; x_wconf 75' lang='lat' dir='ltr'><strong>magnis</strong></span> <span class='ocrx_word' id='word_1_832' title='bbox 2528 5714 2750 5768; x_wconf 79' lang='lat' dir='ltr'><strong>Menaeis</strong></span> <span class='ocrx_word' id='word_1_833' title='bbox 2802 5723 2858 5769; x_wconf 87' lang='lat' dir='ltr'><strong>et</strong></span> <span class='ocrx_word' id='word_1_834' title='bbox 2923 5714 3108 5768; x_wconf 85' lang='lat' dir='ltr'><strong>Basilii</strong></span> <span class='ocrx_word' id='word_1_835' title='bbox 3163 5715 3515 5785; x_wconf 83' lang='lat' dir='ltr'><strong>imperatoris</strong></span> <span class='ocrx_word' id='word_1_836' title='bbox 3545 5730 3573 5768; x_wconf 86' lang='lat' dir='ltr'><strong>a</strong></span> <span class='ocrx_word' id='word_1_837' title='bbox 3606 5716 3766 5772; x_wconf 77' lang='lat' dir='ltr'><strong>card.</strong></span> 
     </span>
    </p>
   </div>
   <div class='ocr_carea' id='block_1_118' title="bbox 2175 5783 3768 5850">
    <p class='ocr_par' dir='ltr' id='par_1_118' title="bbox 2175 5783 3768 5850">
     <span class='ocr_line' id='line_1_118' title="bbox 2175 5783 3768 5850; baseline -0.001 -8"><span class='ocrx_word' id='word_1_838' title='bbox 2175 5783 2377 5842; x_wconf 84' lang='lat' dir='ltr'><strong>Sirleto</strong></span> <span class='ocrx_word' id='word_1_839' title='bbox 2402 5785 2595 5840; x_wconf 87' lang='lat' dir='ltr'><strong>Latine</strong></span> <span class='ocrx_word' id='word_1_840' title='bbox 2626 5784 2878 5850; x_wconf 82' lang='lat' dir='ltr'><strong>redditis,</strong></span> <span class='ocrx_word' id='word_1_841' title='bbox 2920 5795 2974 5838; x_wconf 88' lang='lat' dir='ltr'><strong>et</strong></span> <span class='ocrx_word' id='word_1_842' title='bbox 3000 5785 3219 5839; x_wconf 86' lang='lat' dir='ltr'><strong>Henrici</strong></span> <span class='ocrx_word' id='word_1_843' title='bbox 3251 5784 3456 5840; x_wconf 84' lang='lat' dir='ltr'><strong>Cauisii</strong></span> <span class='ocrx_word' id='word_1_844' title='bbox 3489 5797 3527 5840; x_wconf 92' lang='grc' dir='ltr'>ι.</span> <span class='ocrx_word' id='word_1_845' title='bbox 3562 5786 3768 5841; x_wconf 78' lang='lat' dir='ltr'><strong>llledi-</strong></span> 
     </span>
    </p>
   </div>
  </div>
