4088 6304
537 407 641 474 139

1740 399 2036 463 NICET/E
2075 399 2606 462 PAPHLAGONIS

3704 384 3809 455 μθ

531 518 907 582 dieatiopibus
940 519 1185 573 animum
1217 531 1282 573 ac
1315 516 1572 572 fiduciam
1603 514 1774 571 addit.
1811 515 1952 582 Quin
1981 522 2037 569 et
2067 515 2122 567 in

2235 516 2499 585 μαθητὴν,
2537 516 2632 568 καὶ
2665 531 2740 584 τῳ
2788 512 3126 585 πεπραμένῳ
3163 510 3507 582 συνέρχεται,
3542 507 3636 562 καὶ
3674 524 3811 578 κρυ-

524 614 751 671 cunctis
777 613 854 668 illi
883 612 988 668 viis
1019 611 1377 682 inaspectabli
1412 611 1624 665 ratione
1661 625 1866 672 comes,
1900 610 1968 663 ab
2002 623 2123 662 om-

530 707 702 775 nique
720 703 967 774 periculo
988 719 1048 756 ac
1069 703 1300 758 adverso
1321 717 1450 756 casu
1475 702 1752 767 liberans;
1787 700 1878 754 ubi
1901 699 2123 768 quidem

527 797 723 853 divina
747 796 1029 852 tractanda
1065 795 1280 860 forent,
1331 795 1646 864 divina'que
1692 792 1977 864 sapientiae
1999 807 2125 847 ver-

531 892 623 948 bis
675 889 742 945 ad
781 889 1042 959 pietatem
1082 885 1414 941 adhortandi
1452 885 1736 941 auditores
1763 892 1971 949 essent,
1999 882 2126 938 vitae

528 997 849 1039 sermonem
881 981 1033 1051 largo
1066 981 1120 1033 in
1152 996 1219 1034 eo
1249 979 1397 1034 fonte
1426 977 1780 1043 effundebat;
1812 975 1905 1032 ubi
1940 987 2124 1031 autem

535 1074 870 1134 declaranda
903 1073 1283 1144 prodigiorum
1324 1073 1525 1136 virtus,
1554 1071 1705 1127 omni
1736 1085 1825 1126 res
1857 1069 2128 1124 miraculo

539 1166 777 1237 majores
814 1161 881 1217 ad
923 1170 1301 1232 spectatorum
1341 1171 1458 1217 tum
1489 1171 1774 1231 stuporem
1810 1168 1926 1214 tum
1962 1158 2124 1216 ﬁdem

536 1265 801 1332 praestare
840 1251 1141 1308 tribuebat.

613 1543 786 1610 Quem
847 1541 903 1596 in
965 1539 1188 1594 modum
1247 1554 1481 1610 magnus
1533 1538 1774 1595 Thomas
1829 1537 1896 1594 ad
1964 1537 2130 1594 Indos

546 1639 822 1693 abductus
874 1645 980 1690 est.
1033 1633 1278 1704 Indeque
1323 1632 1644 1704 Althiopum
1699 1633 1832 1705 ipsis
1882 1632 2128 1704 regibus,

540 1731 866 1799 cunctisque
892 1728 1039 1782 illius
1065 1737 1225 1781 terrae
1261 1727 1498 1798 satrapis
1519 1743 1583 1783 ac
1601 1727 1735 1783 viris
1761 1725 2128 1798 principibus,

541 1834 802 1892 tanquam
836 1820 1178 1874 mirabilium
1221 1834 1448 1889 operum
1485 1827 1728 1891 patrator
1757 1820 1987 1874 illustris
2016 1818 2132 1874 eili—

2223 610 2360 680 φίως
2394 609 2483 663 ἀεὶ
2515 609 2830 681 προσλαλεῖ,
2884 610 2976 661 καὶ
3027 607 3319 673 μυστικαῖς
3351 603 3589 675 ὁμιλίαις
3627 618 3815 672 παρα-

2223 700 2397 766 καλεῖ,
2441 703 2534 754 καὶ
2582 700 3052 771 θεορρημοσύναις
3101 699 3363 769 ὰρρἠοιε
3400 693 3817 764 παρασκευάζει

2225 792 2470 864 θαρρεῖν.
2535 791 2644 844 Καὶ
2707 791 2812 862 μὴν
2874 791 2966 844 καὶ
3014 791 3071 842 ὲν
3119 789 3323 852 πάσαις
3355 785 3504 858 αύτῷ
3531 788 3651 847 ταῖς
3674 784 3818 846 ὁδοῖς

2225 882 2473 954 ἀοράτως
2505 884 2866 951 ἐφεπόμενος,
2890 881 2984 934 καὶ
3025 879 3224 940 παντὸς
3263 876 3512 931 κινδύνου
3551 877 3644 928 καὶ
3679 891 3821 926 πανο

2224 975 2317 1036 τὸς
2343 974 2751 1048 συμπτώματος
2775 971 3249 1042 ἀπολυτρούμενος
3273 987 3290 1002 ο
3349 969 3445 1023 καὶ
3473 963 3536 1024 οὗ
3568 967 3669 1039 μὲν
3701 967 3822 1021 θεο-

2227 1067 2407 1137 λογεῖν
2433 1066 2632 1138 χρεὼν,
2669 1066 2770 1120 καὶ
2811 1067 3021 1138 ῥήμασι
3049 1063 3336 1131 θεοσοφίας
3365 1063 3490 1124 τοὺς
3518 1061 3821 1124 ἀκούοντας

2228 1162 2306 1223 εἰς
2333 1160 2618 1213 εὐσέϐειαν
2665 1158 3024 1230 παρακαλεῖν,
3073 1157 3233 1224 λόγον
3266 1158 3324 1209 ἐν
3363 1156 3515 1224 αὑτῷ
3552 1155 3822 1226 πηγάζων

2229 1252 2407 1323 ζωῆςο
2438 1247 2498 1306 οὗ
2538 1253 2595 1306 δὲ
2641 1253 2738 1305 καὶ
2778 1251 3024 1322 τεράτων
3056 1251 3342 1321 ἐνέργειαν
3369 1249 3652 1317 ἐκφαίνειν
3683 1247 3819 1314 ἔδει,

2231 1347 2422 1418 παρὼν
2465 1348 2536 1403 τά
2595 1348 3026 1419 θαυμασιώτατα
3088 1346 3223 1415 πρδς
3268 1345 3531 1414 ἔκπληξίν
3586 1363 3646 1398 τε
3707 1344 3822 1398 τῶν

2229 1441 2503 1512 δρώντων,
2544 1443 2638 1497 καὶ
2662 1442 2844 1495 πίστιν
2872 1441 3156 1511 χαρίζεται
3187 1440 3344 1511 δρᾷν.

2305 1537 2494 1605 Οὕτως
2524 1540 2604 1602 είς
2643 1538 2843 1602 Ἰνδοὺς
2892 1540 2920 1591 ὸ
2972 1540 3146 1608 μέγας
3173 1535 3408 1606 ἀπήχθη·
3430 1534 3651 1605 Θωμᾶς.
3703 1533 3824 1586 Ἔν-

2232 1632 2424 1688 τεῦθεν
2466 1632 2564 1686 καὶ
2606 1633 2722 1695 τοῖς
2763 1630 2874 1686 τῶν
2922 1629 3200 1684 Αἰθιόπων
3240 1626 3554 1700 βασιλεῦσιν
3580 1625 3656 1689 ὡς
3683 1624 3823 1678 θαυ-

2236 1727 2445 1797 μασίων
2480 1726 2660 1798 ἔργων
2693 1725 2957 1796 ἐργάτης,
2998 1723 3090 1778 καὶ
3124 1723 3260 1778 πᾶσι
3292 1725 3407 1784 τοῖς
3432 1720 3695 1793 κρατοῦσι
3720 1719 3827 1788 τῆς

2233 1821 2340 1890 γῆς
2393 1820 2632 1888 ἐκείνης.
2693 1818 2966 1890 ἐπίσημος
3027 1816 3392 1872 καθίσταται·
3429 1815 3525 1866 καὶ
3563 1811 3756 1882 ὥσπερ
3793 1812 3828 1865 ὁ

539 1915 686 1970 citur
707 1913 772 1968 “.
821 1915 898 1968 Ac
938 1911 1084 1965 sicut
1124 1911 1239 1982 ipse.
1287 1910 1449 1966 Jesus
1486 1911 1741 1967 Christus
1789 1910 1966 1966 factus
2005 1910 2131 1966 obe-

2236 1912 2473 1984 Χριστδς
2495 1913 2656 1977 αὐτὸς
2688 1910 2919 1981 Ἰησοῦς,
2953 1911 3195 1981 ὑπήκοος
3228 1907 3307 1980 τῷ
3337 1906 3502 1961 αὐτοῦ
3527 1905 3828 1975 γενόμενος

539 2008 700 2064 diens
741 2007 926 2072 Patri,
976 2006 1122 2062 servi
1164 2005 1395 2062 formam
1442 2007 1685 2076 accepit,
1732 2021 1900 2077 seque
1951 2006 2130 2076 ipsum

541 2097 858 2170 dignatione
891 2096 1210 2159 bumiiians,
1243 2104 1408 2167 atque
1437 2097 1503 2151 ad
1540 2105 1775 2151 mortem
1805 2112 1980 2168 usque
2006 2111 2133 2167 pro-

543 2191 659 2246 dita
703 2190 1072 2262 subjectioue,
1125 2189 1305 2246 Patris
1357 2189 1530 2260 gratia
1576 2189 1847 2245 exaltatus
1880 2199 1998 2253 est,
2034 2204 2131 2244 su-

545 2300 909 2358 premumque
960 2283 1209 2336 ouiuium
1257 2297 1494 2347 nomen,
1537 2297 1646 2352 qua
1692 2283 1911 2339 ratione
1966 2282 2133 2336 homo

541 2389 662 2445 cst,
713 2385 1069 2440 consecutus,
1130 2376 1187 2431 in
1237 2375 1473 2430 dextera
1533 2375 1834 2444 maiestatis
1883 2374 2038 2430 sedet
2061 2376 2129 2429 ".

543 2475 636 2531 Sic
675 2487 842 2528 verus
883 2470 1228 2541 discipulus,
1265 2469 1494 2540 ipseque
1527 2466 1624 2521 lilii
1657 2466 1942 2538 dignitatis
1978 2480 2134 2523 com-4

542 2583 672 2639 pos,
706 2580 896 2623 secum
941 2565 1127 2617 animo
1169 2561 1386 2617 Domini
1433 2568 1698 2631 reputans
1738 2559 2129 2624 humilitatem,

534 2659 689 2716 servi
739 2658 887 2713 illam
923 2656 1292 2728 dejectionem
1339 2653 1702 2725 habitumque
1748 2669 1858 2709 non
1907 2653 2132 2725 indigne

543 2747 694 2802 tulit.
718 2746 836 2802 Non
866 2745 1096 2800 moleste
1123 2744 1320 2799 habuit
1349 2743 1498 2814 quod
1526 2743 1594 2799 ab
1625 2743 1808 2814 impiis
1829 2753 2129 2801 emeretur:

545 2855 747 2910 nempe
814 2856 925 2895 non
975 2838 1336 2902 n‘iaestitiam,
1387 2836 1484 2893 sed
1531 2838 1972 2909 iucunditatem;
2019 2854 2131 2894 non

544 2931 926 3004 ignominiam,
967 2930 1061 2986 sed
1099 2930 1386 2996 honorem;
1415 2944 1526 2984 non
1557 2929 1824 3000 probrum
1853 2939 1948 2985 aut
1979 2930 2133 2986 dolo-

537 3037 685 3089 rem,
730 3021 826 3078 sed
871 3023 1056 3094 potius
1092 3024 1320 3094 gloriam
1356 3039 1420 3079 ac
1463 3023 1709 3081 laetitiam
1747 3027 1959 3084 ducens
1995 3036 2132 3083 tem-

541 3132 840 3188 poraneam
894 3119 1214 3173 servitutem
1259 3137 1272 3174 :
1323 3135 1496 3191 eaque
1545 3122 1722 3192 palam
1773 3122 2018 3178 a-mulari
2071 3139 2131 3178 se

543 3211 867 3280 magistrum
892 3226 956 3265 ac
989 3210 1219 3281 diligere
1247 3213 1566 3280 ostendens,
1600 3214 1801 3270 nedum
1835 3216 1985 3270 solus
2014 3215 2130 3286 ipse

543 3318 730 3358 veram
763 3303 1076 3358 libertatem
1112 3303 1320 3374 ﬁliique
1353 3305 1524 3361 decus
1557 3306 1723 3362 altius
1753 3308 2130 3378 consequeba-

543 3402 655 3458 tur,
679 3409 872 3450 verum
903 3394 1068 3449 etiam
1097 3393 1422 3452 innumeros
1443 3397 1788 3454 inﬁdelitatis
1811 3401 2132 3471 peccatique

544 3486 796 3542 mnebris
817 3486 1087 3542 obnoxios
1113 3487 1404 3556 liberabat,
1439 3505 1604 3561 atque
1625 3491 1814 3563 gratia:
1840 3492 2035 3561 spiritu
2070 3507 2134 3545 ac

546 3579 806 3650 baptismi
850 3594 992 3650 aqua
1017 3580 1249 3654 mystice
1295 3593 1683 3653 regeneratos,
1729 3583 2132 3638 immaculatam

544 3671 758 3743 prolem
792 3673 1096 3744 plenosque
1129 3674 1290 3741 lucis,
1327 3690 1470 3731 vera:
1502 3675 1626 3732 illos
1653 3691 1968 3748 magmeque
1998 3676 2133 3731 Luci

547 3765 893 3822 admovebat.

619 3970 834 4028 Cuncta
864 3985 998 4026 vero
1031 3980 1115 4028 ter
1149 3971 1468 4028 beatissimo
1500 3972 1714 4031 doctori
1740 3977 1960 4048 egregie
1997 3991 2138 4047 prm-

549 4062 701 4125 stita,
753 4076 1085 4132 omnemque
1133 4063 1282 4118 illius
1325 4079 1646 4121 sermonum
1687 4076 1859 4137 atque
1905 4083 2135 4138 operum

547 4153 845 4217 circulum,
877 4151 1082 4221 quibus
1123 4152 1402 4209 Parthiam
1449 4169 1671 4210 onmem
1708 4165 1764 4211 et
1810 4153 2136 4228 Hyrcaniam

549 4252 606 4298 et
632 4243 980 4298 Bactrianam
1004 4244 1390 4315 evangelizans
1417 4245 1638 4302 Christo
1670 4247 1922 4314 adduxit,
1949 4251 2138 4307 conari

550 4334 832 4406 sigillatitu
863 4335 1051 4390 verbis
1075 4337 1301 4408 exsequi
1329 4347 1387 4393 et
1423 4354 1714 4405 enarrare,
1752 4340 1898 4396 idem
1941 4343 2138 4398 merito

549 4427 651 4493 sit,
698 4443 764 4483 ac
797 4435 1012 4483 tentare
1041 4428 1242 4499 pluviae
1277 4439 1458 4501 guttas
1499 4447 1816 4489 numerare.
1864 4434 1934 4492 Ut
1971 4433 2138 4506 igitur

549 4531 672 4590 qur
701 4528 832 4574 sunt
863 4519 1043 4575 media
1079 4530 1277 4577 cuneta
1321 4524 1664 4590 contraham,
1706 4527 1848 4582 sacri
1877 4528 2136 4583 nimirum

2236 2007 2551 2075 Γεννήτορι,
2597 2004 2814 2076 μορφὴν
2865 2004 3056 2074 εἴληφε
3107 2002 3381 2072 δουλικὴν,
3435 1999 3532 2054 καὶ
3571 1999 3636 2052 δι’
3675 2000 3829 2051 οίκο-

2235 2099 2432 2169 νομίαν
2489 2099 2684 2153 ἑαυτὸν
2739 2095 3177 2162 τεταπεινωκὼς,
3243 2094 3339 2148 καὶ
3391 2092 3553 2164 μέχρι
3579 2091 3824 2144 θανάτου

2226 2193 2335 2263 τὴν
2402 2191 2683 2263 ὑποταγὴν
2755 2190 3110 2259 δειξάμενος,
3171 2186 3528 2258 ὑπερύψωται
3585 2185 3674 2237 διὰ
3722 2182 3828 2237 τοῦ

2236 2284 2474 2357 Πατρδς,
2505 2285 2601 2338 καὶ
2644 2282 2738 2337 τοῦ
2772 2284 3078 2352 ὑπερτάτου
3119 2281 3340 2334 πάντων
3367 2278 3632 2349 ὀνόματος
3725 2276 3826 2330 ἀν-

2236 2375 2455 2448 θρωπος
2526 2374 2851 2447 ἠξιωμένος,
2916 2376 2973 2427 ὲν
3024 2373 3173 2446 δεξιᾷ
3217 2375 3479 2429 κεκάθικε
3517 2375 3618 2445 τῆς
3646 2392 3828 2446 μεγα-

2234 2469 2505 2541 λοσύνης·
2565 2469 2740 2533 οὕτως
2791 2472 2819 2524 ὁ
2873 2469 3092 2538 γνήσιος
3146 2467 3416 2540 μαθητὴς,
3455 2469 3548 2522 καὶ
3576 2470 3678 2538 τῆς
3701 2467 3827 2522 υῑοῦ

2234 2563 2441 2630 τάξεως
2472 2563 2758 2634 ἐπήϐολος,
2792 2562 2930 2632 πρὸς
2977 2562 3075 2634 τὴν
3117 2563 3458 2634 Δεσποτικὴν
3491 2564 3828 2618 ταπείνωσιν

2234 2656 2477 2728 ἀφορῶν,
2507 2655 2566 2709 οὐ
2597 2655 2658 2709 τὸ
2689 2656 2986 2728 πρόσχημα
3012 2658 3112 2726 τῆς
3136 2657 3384 2720 δουλείας
3416 2656 3782 2728 ἐδυσχέρανεν
3805 2672 3824 2688 °

2233 2749 2336 2802 οὐκ
2368 2748 2814 2819 ἀπεδυσπέτησεν
2847 2749 2988 2820 ὑπὲρ
3028 2749 3241 2802 ἀσεϐῶν
3269 2750 3780 2821 ἀπεμπωλούμενος
3803 2766 3820 2784 ο

2232 2841 2295 2894 οὐ
2318 2840 2648 2912 δυσθυμίαν,
2682 2840 2819 2895 ἀλλά
2856 2841 3168 2912 προθυμίαν
3198 2858 3213 2872 '
3261 2843 3363 2895 οὑκ
3410 2841 3661 2912 ἀτιμίαν,
3684 2843 3823 2898 ἀλλά

2233 2933 2400 3003 τιμήν
2436 2949 2447 2962 ·
2479 2934 2588 2988 οὐδ’
2615 2933 2880 3006 αίσχύνην
2919 2935 2952 3006 ἢ
3006 2934 3206 3004 λύπην,
3232 2935 3391 3002 δόξαν
3417 2935 3475 2989 δὲ
3508 2938 3604 2992 καὶ
3627 2938 3813 3007 εὐφρο-

2235 3025 2403 3096 σύνην
2457 3026 2561 3097 τὴν
2617 3027 2954 3098 πρόσκαιρον
3016 3028 3281 3082 δούλωσιν
3339 3030 3669 3100 ἡγούμενος,
3719 3029 3813 3083 καὶ

2227 3118 2404 3191 ταύτῃ
2465 3120 2610 3193 σαφῆ
2641 3122 2741 3190 τὴν
2776 3122 2911 3192 πρὸς
2941 3121 3032 3176 τὸν
3081 3121 3400 3176 διδάσκαλον
3450 3123 3687 3195 μίμησιν
3728 3123 3823 3177 καὶ

2233 3214 2513 3286 ἀγάπησιν
2537 3213 2965 3285 ἐπιδειξάμενος,
2996 3215 3057 3268 οὐ
3093 3215 3254 3285 μόνος
3276 3215 3438 3278 αὐτὸς
3463 3215 3562 3284 τῆς
3587 3213 3826 3287 ἀληθοῦς

2223 3307 2554 3378 ’ἐλευθερίας
2609 3308 2708 3361 καὶ
2755 3307 3101 3379 ὑψηλοτέρας
3162 3307 3410 3378 υίὸτητος
3455 3308 3826 3379 κατηξιοῦτοο

2236 3401 2376 3457 ἀλλά
2406 3402 2502 3455 καὶ
2530 3401 2757 3474 μυρίους
2781 3403 2940 3466 ὅσους
2989 3402 3070 3472 τῷ
3113 3402 3292 3471 σκότῳ
3322 3403 3418 3472 τῆς
3442 3402 3704 3465 ἀπιστίας
3729 3403 3831 3456 καὶ

2238 3497 2517 3568 ἁμαρτίας
2535 3496 3111 3567 καταδεδουλωμένους
3131 3498 3420 3568 ἠλευθέρου
3446 3513 3460 3526 ·
3489 3495 3581 3548 καὶ
3607 3495 3687 3566 τῷ
3717 3496 3831 3566 τῆς

2237 3591 2458 3662 χάριτος
2509 3590 2806 3660 πνεύματι,
2873 3592 2967 3644 καὶ
3021 3593 3101 3661 τῷ
3129 3591 3225 3645 τοῦ
3259 3589 3632 3662 βαπτίσματος
3665 3589 3827 3645 ’ὕδατι

2241 3684 2521 3755 μυστικῶς
2577 3685 2931 3754 ἀναγεννῶν,
2989 3684 3197 3754 ἄμωμα
3265 3686 3428 3739 τέκνα
3499 3684 3598 3738 καὶ
3646 3685 3826 3754 φωτὸς

2239 3778 2470 3851 πλήρεις
2508 3777 2752 3844 τούτους,
2788 3778 2864 3849 τῷ
2887 3779 3130 3851 ἀληθινῷ
3156 3779 3252 3834 καὶ
3277 3777 3815 3851 μεγάλῳξπαρίστησι

2245 3871 2407 3939 φωτί.
2902 3920 2905 3921 ,

2312 3965 2499 4019 Πάντα
2534 3965 2634 4037 μὲν
2666 3961 2760 4020 οὖν
2782 3967 2906 4019 καθ’
2929 3967 2986 4019 ἓν
3029 3964 3287 4031 διεξιέναι
3332 3963 3616 4039 πειρᾶσθαι
3644 3961 3810 4033 λόγῳ,

2239 4058 2340 4112 ὅσα
2369 4057 2448 4128 τῷ
2475 4061 3014 4129 τρισμακαριωτάτῳ
3037 4059 3400 4130 κατώρθωται
3440 4057 3815 4131 μυσταγωγῷ⁹

2234 4151 2336 4206 καὶ
2385 4152 2568 4206 πᾶσαν
2622 4150 2681 4204 δὲ
2719 4151 2831 4204 τῶν
2887 4169 2946 4204 τε
2990 4151 3162 4219 λόγων
3202 4150 3368 4205 αὐτοῦ
3398 4152 3496 4205 καὶ
3527 4150 3703 4221 ἔργων
3724 4147 3828 4218 τὴν

2241 4242 2513 4314 περίοδον,
2539 4235 2621 4306 οἷς
2656 4241 2904 4314 Παρθίαν
2931 4260 2986 4295 τε
3037 4243 3219 4296 πᾶσαν
3259 4243 3354 4296 καὶ
3393 4241 3693 4308 Ὑρκανίαν
3733 4239 3833 4294 καὶ

2242 4337 2587 4408 Βακτριανὴν
2604 4337 3095 4406 εὐαγγελιζόμενος
3117 4339 3437 4410 προσήγαγε
3465 4337 3542 4409 τῷ
3579 4335 3830 4406 Χριστῷ,

2240 4429 2439 4484 ταυτὸν
2469 4431 2538 4483 ἂν
2565 4428 2652 4501 εἴη
2711 4430 2808 4484 καί
2851 4429 3018 4484 ’ὑετοῦ
3073 4431 3343 4498 σταγόνας
3375 4431 3677 4500 ἐπιχειρεῖν
3709 4429 3837 4499 ἀρι-

2244 4523 2423 4594 θμεῖν.
2453 4522 2557 4576 ’⁶Ἰν“
2587 4518 2682 4576 οὖν
2721 4523 2787 4576 τὰ
2820 4523 2876 4575 ὲν
2903 4524 3054 4594 μέσῳ
3085 4523 3289 4576 συνέλω
3319 4522 3514 4590 πάντα,
3557 4521 3656 4593 τὴν
3691 4522 3836 4590 πρὸς

556 4610 828 4680 ρτακοιιίε
861 4610 928 4664 ad
961 4610 1130 4670 ludia:
1165 4628 1347 4683 regem
1391 4614 1808 4683 admissionem,
1856 4619 2018 4688 regiae
2045 4633 2131 4673 ex-

2240 4617 2334 4670 τὺν
2369 4615 2596 4688 βασιλέα
2621 4616 2721 4687 τῆς
2762 4614 2987 4687 Ἰνδικῆς
3007 4616 3100 4669 τοῦ
3133 4617 3279 4688 ἱεροῦ
3313 4617 3553 4686 κήρυκος
3588 4618 3839 4686 εἰσαγω-

554 4700 835 4757 struenda:
860 4701 1336 4772 pollicitationem.
1372 4707 1499 4761 teris
1530 4707 1664 4778 regii
1692 4708 1748 4762 in
1787 4717 1984 4765 tenues
2011 4725 2131 4780 per-

2240 4709 2366 4782 γὴν,
2415 4710 2516 4781 τῆς
2560 4709 2853 4781 οἰκοδομῆς
2902 4709 3011 4763 τῶν
3052 4709 3340 4780 βασιλείων
3381 4711 3480 4779 τὴν
3507 4709 3840 4780 ὑπόσχεσιν⁹

548 4808 713 4848 sonas
762 4791 1227 4863 insumptiouem,
1267 4805 1447 4851 creata
1483 4797 1608 4853 inde
1644 4799 1910 4867 pericula,
1938 4799 2138 4862 minas,

2238 4803 2337 4870 τὴν
2395 4801 2478 4864 είς
2533 4801 2661 4863 τοὺς
2721 4799 2978 4869 μετρίους
3014 4799 3124 4854 τῶν
3173 4800 3471 4871 βασιλικῶν
3528 4799 3843 4870 χρημάτων

545 4885 782 4940 verbera
807 4927 821 4950 ,
876 4900 1154 4952 carceres,
1203 4887 1273 4942 ab
1297 4889 1562 4946 aerumnis
1600 4890 1858 4947 omnibus
1902 4893 2131 4963 propitio

2241 4894 2534 4957 ἀνάλωσιν,
2560 4893 2688 4957 τοὺς
2736 4892 2825 4947 διὰ
2883 4892 3056 4948 ταῦτα
3098 4893 3402 4958 κινδύνους,
3432 4893 3534 4957 τὰς
3573 4893 3841 4960 ἀπειλὰς,

545 4978 786 5033 Numine
839 4978 1275 5049 benignioreque
1324 4983 1666 5050 providentia
1722 4985 2106 5042 liberationem

541 5085 636 5134 ac,
699 5084 767 5124 ne
826 5071 1134 5124 orationem
1199 5071 1416 5143 longius
1473 5075 1824 5144 protraham,
1880 5078 2137 5148 abyssum

549 5163 824 5215 ena'rrans
853 5161 1272 5230 miraculorum,
1304 5181 1467 5235 quam
1497 5167 1686 5224 multis
1733 5171 1956 5239 aegrotis
1991 5173 2140 5226 sani-

549 5263 717 5309 tatem
769 5255 1051 5321 tribue'rit,
1099 5257 1322 5327 quantis
1375 5258 1535 5314 uncis
1581 5261 1795 5327 visum,
1841 5261 2137 5334 surdisque

619 5412 668 5444 °‘
686 5411 930 5483 Philipp.
961 5427 1020 5474 ll,
1045 5411 1098 5467 6.
1170 5412 1213 5444 ⁸⁷
1241 5413 1407 5468 llebr.
1445 5430 1481 5476 I,
1512 5414 1567 5472 5.

548 5546 726 5612 lytnm
757 5550 844 5601 est
889 5544 1128 5612 Martiis:
1170 5545 1367 5600 melius
1405 5545 1547 5600 forte
1595 5543 1819 5606 Mardis,
1864 5542 1958 5612 qui
2003 5551 2135 5598 sunt

553 5563 566 5600 l
609 5563 726 5599 tum
757 5563 844 5601 es:
889 5563 1128 5609 manus:
1170 5563 1367 5600 menus
1405 5563 1547 5600 torte
1595 5563 1819 5606 morata,
1864 5563 1958 5612 qlll
2003 5563 2135 5598 sunt

553 5563 841 5686 Iiyrcauim
866 5603 1052 5686 populi
1080 5617 1222 5686 apud
1253 5616 1601 5678 Strabonem,
1624 5614 1872 5686 Suidam,
1903 5614 2135 5686 Stepha-

553 5684 688 5741 num
729 5704 742 5740 :
776 5684 1091 5742 suntetiam
1115 5684 1296 5742 Persa:
1325 5687 1512 5757 populi
1563 5686 1708 5754 apud
1764 5684 2131 5757 Herodotum.

555 5758 944 5822 Bauehmanes,
982 5774 1122 5872 quos
1150 5756 1361 5815 addunt
1391 5756 1548 5811 novre
1594 5757 1855 5810 llomanze
1913 5756 2132 5819 tabula),

555 5845 666 5872 nnn
705 5841 812 5872 mm
849 5846 992 5872 nnnn
1022 5831 1033 5872 i
1066 5839 1189 5872 eunt
1219 5838 1275 5872 ot
1307 5829 1458 5872 natin
1489 5828 1669 5872 nlimm
1691 5868 1704 5872 -
1760 5842 1924 5872 "nam
1959 5825 2132 5872 nliilo-

555 5845 673 5912 non_
701 5825 1033 5912 ta_m_popu.li
1066 5838 1275 5911 suntet
1306 5829 1458 5910 natio
1478 5828 1670 5912 aliqua
1690 5868 1704 5891 ,
1760 5842 1924 5912 quam
1959 5825 2137 5912 philo-

547 5899 714 5971 sophi
746 5897 1255 5968 [adhc—citerioris,
1309 5899 1404 5970 qui
1447 5898 1528 5955 sic
1578 5897 1758 5954 adhuc
1796 5897 2136 5953 nostratibus

2236 4985 2342 5049 τὰς
2367 4984 2658 5058 μάστιγας,
2694 4984 2794 5048 τὰς
2842 4985 3088 5055 εἱρκτὰς,
3131 4986 3230 5039 καὶ
3282 4985 3384 5055 τὴν
3434 4985 3523 5038 διὰ
3569 4985 3844 5055 προνοίας

2247 5079 2558 5147 κρείττονος
2593 5074 2704 5129 τῶν
2731 5075 3011 5149 δυσχερῶν
3041 5077 3297 5130 ἁπάντων
3337 5076 3692 5146 ἀπαλλαγήνθ
3739 5079 3840 5133 καὶ

2239 5170 2330 5224 ἴνα
2356 5171 2430 5242 μὴ
2463 5171 2674 5240 μακρὸν
2730 5170 3081 5242 ἀποτείναιμι
3117 5171 3295 5239 λόγον.
3336 5171 3574 5224 ἄϐυσσον
3603 5171 3847 5240 ἐξηγού-

2247 5281 2406 5334 μενος
2439 5262 2768 5318 θαυιιάτων·
2822 5263 2970 5327 ὅσοις
3020 5262 3370 5335 ἀρρωστοῦσι
3431 5262 3680 5334 παρέσχε
3731 5263 3846 5334 τὴν

2239 5543 2494 5616 audiunt,
2523 5553 2661 5616 teste
2689 5543 2954 5615 Maphaeo,
2980 5561 3044 5601 ac
3073 5546 3116 5600 si
3159 5547 3286 5616 quis
3321 5547 3628 5604 Druidibus
3651 5547 3838 5616 dicat,

2239 5630 2340 5738 ἢν)
2359 5615 2550 5669 Gallis.
2583 5615 2681 5680 Ac‘,
2725 5631 2856 5669 nuru
2896 5615 3248 5686 Sophronius
3301 5619 3467 5674 etiam
3498 5661 3511 5679 ,
3545 5635 3682 5674 voce
3737 5615 3840 5676 illa

2295 5689 2431 5738 auis.
2469 5686 2759 5738 Persarum
2813 5687 3090 5738 saniemes
3160 5689 3238 5738 (id
3302 5699 3387 5738 est
3447 5690 3838 5738 nhilosonhos\

2295 5689 2431 5763 agis,
2469 5686 2784 5763 Persarum
2813 5687 3090 5756 sapientes
3160 5689 3238 5763 (i_d
3302 5699 3400 5763 e_s_t_
3447 5690 3838 5763 philosophos)

2241 5756 2883 5828 intellexit?_Populum
2945 5767 3127 5813 tamen
3188 5756 3458 5815 Persidis
3501 5756 3836 5828 assignant,

2238 5842 2477 5898 quorum
2506 5826 2641 5883 urbs
2669 5828 2849 5884 Plinio
2895 5836 2951 5884 et
3000 5829 3194 5888 Solino
3240 5831 3542 5902 Palagorda
3594 5826 3835 5888 dicitur.
