4086 6282
291 359 390 429 141

1014 358 1302 427 ORATIO
1337 361 1473 428 VII.
1500 387 1569 400 -
1592 360 1673 422 IN
1716 358 2030 422 LAUDEM
2069 356 2131 419 S.
2170 354 2457 419 THOMIE
2496 353 2884 420 APOSTOLI.

3466 356 3571 423 142

293 477 457 543 ῐασιν,
507 472 658 540 όσοις
698 474 756 530 δὲ
777 475 997 546 τυφλοῖς
1024 477 1240 550 ὅρασιν,
1266 496 1358 531 κα..
1382 477 1593 546 κωφοῖς
1623 475 1868 530 ἀποκαθ-

1974 469 2226 526 auditum
2248 469 2574 533 restituerit,
2602 477 2841 540 quantos
2864 465 3062 525 solutis
3090 466 3359 525 membris
3376 483 3571 528 erexe-

297 564 419 638 ίστη
476 566 580 640 τὴν
617 568 790 640 ἀκοήν
811 584 826 600 ·
860 568 957 623 καὶ
984 569 1142 633 ὅσους
1178 570 1277 641 μὲν
1305 568 1675 642 παρειμένους
1703 566 1878 639 ἀνωρ-

291 659 536 723 θώσατο,
569 661 718 725 ὅσοις
752 662 811 717 δὲ
859 661 1262 736 λελωϐημένοις
1297 664 1361 717 τὸ
1404 662 1589 734 σῶμα,
1624 662 1722 717 καὶ
1752 661 1878 716 καθ’

287 751 454 809 ὅντιν’
506 747 604 806 οὖν
640 745 1068 824 ’πεπηρωμένοις
1119 754 1358 824 τρόπον,
1405 753 1439 826 ἢ
1504 750 1880 825 συμπτώματι

291 844 512 915 φύσεως
559 846 988 915 κεκακωμένοις,
1027 844 1062 918 ἢ
1099 844 1411 916 πνεύματος
1434 843 1748 915 ἀκαθάρτου
1780 842 1879 914 βα-

288 936 670 1009 σανιζομένοις
720 940 977 1012 ἐπηρείᾳ,
1032 942 1132 1012 τὴν
1181 941 1383 997 άπονόν
1428 957 1492 994 τε
1526 938 1619 993 καὶ
1646 936 1877 1011 άμισθον

291 1030 540 1103 ἰατρείαν
565 1030 645 1101 τῷ
671 1030 765 1085 τοῦ
818 1030 995 1102 Ἰησοῦ
1023 1031 1250 1101 ὀνόματι
1287 1031 1609 1104 δεδώρηται.
1643 1032 1740 1084 Ἰν·
1782 1024 1877 1084 οὗν

290 1118 469 1175 ταῦτα
500 1119 765 1191 παρῶμεν
817 1122 1059 1194 ἱστορίας
1086 1121 1270 1195 ἔργον,
1288 1122 1384 1176 καὶ
1412 1123 1472 1178 οὐ
1493 1121 1588 1176 τοῦ
1608 1122 1879 1194 παρόντος

290 1210 427 1266 ὄντα
456 1211 659 1268 σκοποῦ
684 1230 701 1246 ⁸
734 1214 821 1271 ἵνα
869 1214 928 1270 δὲ
965 1215 1061 1269 καὶ
1107 1214 1170 1269 τὸ
1202 1213 1436 1282 πέλαγος
1462 1214 1559 1285 τῆς
1588 1212 1877 1268 ἀποστολι-

292 1306 399 1374 κῆς
460 1304 766 1377 συνέλωμεν
820 1306 1145 1373 θεοσοφίας,
1202 1308 1297 1362 καὶ
1354 1307 1506 1372 ὅπως
1561 1307 1655 1361 τὸν
1700 1307 1875 1377 Λόγον

291 1395 563 1465 ὲθεολόγει
592 1398 689 1467 τῆς
724 1396 892 1469 ζωῆς,
920 1401 978 1453 ἐν
999 1399 1142 1472 ἀρχῇ
1186 1399 1337 1467 ὄντα,
1364 1400 1501 1472 πρὸς
1530 1400 1622 1455 τὸν
1652 1399 1875 1473 Πατέρα

288 1491 380 1545 ἀεὶ
408 1489 555 1557 ὄντα,
587 1492 681 1544 καὶ
710 1492 889 1563 σάρκα
910 1494 1203 1565 γενόμενον
1220 1494 1364 1568 ὑπὲρ
1399 1494 1578 1566 ἡμῶν,
1608 1496 1703 1550 καὶ
1735 1496 1875 1568 ὑπὲρ

287 1580 448 1652 ἡμῶν
478 1580 696 1652 σταυρῷ
726 1584 822 1635 καὶ
853 1582 1087 1654 θανάτῳ,
1114 1584 1211 1638 καὶ
1257 1583 1545 1656 τριημέρσρ
1590 1601 1877 1657 προσωμιοδ

282 1667 497 1740 ληκότα
516 1672 662 1743 ταφῇ
682 1686 699 1703 ⁸
756 1665 902 1738 εἶτα,
949 1673 1261 1729 ἀναστάντα
1304 1675 1405 1746 μὲν
1432 1677 1493 1730 ὲκ
1522 1676 1756 1746 νεκρῶν,
1779 1676 1874 1731 καὶ

283 1762 401 1818 ἀπὸ
434 1767 541 1835 γῆς
567 1764 950 1837 ἀναληφθέντα
998 1769 1080 1830 είς
1102 1761 1333 1838 οὐρανόν
1357 1783 1371 1799 ·
1403 1768 1605 1840 ἥξοντα
1642 1769 1699 1822 δὲ
1735 1768 1874 1840 μετὰ

278 1853 385 1924 τῆς
418 1854 588 1909 αὑτοῦ
649 1856 809 1929 δόξης
862 1854 1019 1922 αὖθις
1080 1860 1314 1925 ἐκεῖθεν,
1376 1861 1474 1913 καὶ
1525 1860 1870 1930 προσάξοντα

279 1945 516 2016 σύμπαν
556 1948 621 2002 τὸ
670 1949 897 2022 πλάσμα
938 1952 1338 2024 κριθησόμενον
1367 1954 1463 2008 καὶ
1490 1951 1650 2023 λόγον
1673 1951 1869 2021 ὑφέξον

275 2037 394 2091 τῶν
426 2037 809 2111 βεϐιωμένων
834 2043 931 2098 καὶ
982 2045 1064 2099 ὅτι
1093 2044 1269 2117 τούτῳ
1300 2045 1681 2109 πιστεύοντας,
1715 2044 1868 2099 ὕδατι

275 2131 376 2184 καὶ⁵
414 2130 698 2206 Πνεύματι
750 2133 1108 2208 καθαίρεσθαι
1145 2137 1278 2205 δεῖν,
1313 2136 1404 2192 καὶ
1450 2137 1631 2208 πάσης
1659 2137 1869 2209 πλάνης

274 2223 539 2295 δαίμονος
566 2266 583 2293 ,
632 2227 729 2281 καὶ
780 2227 964 2300 πάσης
1025 2228 1142 2300 βίου
1191 2231 1393 2297 κακίας
1454 2233 1549 2286 καλ⁵
1604 2231 1869 2304 πονηρίας

274 2318 820 2391 ἀπαλλαττομένους,
848 2322 1017 2393 μόνης
1042 2324 1141 2396 τῆς
1174 2322 1453 2395 βασιλείας
1484 2322 1621 2378 θεοῦ
1648 2325 1741 2378 καὶ
1769 2324 1867 2397 τῆς

276 2409 638 2484 δικαιοσύνης
685 2413 818 2486 ἐρᾷν
860 2415 919 2469 ὲν
968 2413 1192 2488 Χριστῷ
1247 2416 1447 2488 Ἰησοῦ.
1493 2416 1589 2470 ’ἶν’
1633 2410 1728 2472 οὖν
1768 2415 1867 2490 τὴν

1983 564 2075 629 rit,
2109 564 2330 635 quantis
2366 562 2619 634 leprosis,
2661 562 2842 618 aliove
2876 561 3041 617 modo
3067 577 3300 634 corpore
3331 563 3571 632 oblazsis,

1981 663 2078 711 aut
2103 664 2317 711 naturae
2347 654 2484 709 vitio
2512 653 2919 720 laborantibus,
2943 654 3030 710 vel
3053 653 3255 726 spiritu
3282 655 3572 713 immundo

1982 746 2214 813 vexatis,
2250 747 2377 803 sine
2409 746 2603 803 labore
2631 747 2812 802 ullave
2843 746 3123 814 mercede,
3153 747 3282 804 Jesu
3316 749 3573 806 invocato

1980 841 2206 897 nomine
2256 840 2550 896 sanitatem
2604 839 2918 897 donaverit.
2976 840 3141 906 Hac,
3196 842 3452 914 inquam,
3513 850 3575 897 ut

1980 933 2335 1000 omittamus,
2376 934 2473 1005 qui
2513 933 2727 990 scilicet
2764 934 3015 990 historici
3054 934 3237 1006 pensi,
3262 950 3373 990 non
3403 934 3573 1007 hujus

1979 1027 2154 1084 nostri
2195 1026 2435 1083 instituti
2476 1037 2627 1084 sunt.
2668 1027 2738 1086 Ut
2765 1027 3005 1099 denique
3046 1029 3213 1084 etiam
3252 1028 3571 1100 apostolica

1978 1119 2208 1191 pelagus
2237 1118 2523 1191 sapientiae
2563 1119 2986 1186 contrahamus,
3021 1136 3085 1175 ac
3115 1119 3393 1192 quomodo
3426 1122 3569 1177 Ver-

1979 1209 2108 1265 bum
2134 1209 2261 1265 vitae
2284 1210 2469 1267 divine
2499 1211 2844 1282 praedicaret,
2871 1213 3018 1284 quod
3041 1222 3164 1268 erat
3186 1212 3244 1269 in
3266 1214 3566 1285 principio,

1977 1309 2035 1357 et
2085 1308 2205 1357 erat
2255 1317 2477 1372 semper
2517 1301 2663 1371 apud
2710 1302 2962 1365 Patrem,
2998 1316 3062 1357 ac
3091 1318 3192 1372 pro
3231 1302 3395 1358 nobis
3437 1318 3568 1359 caro

1977 1393 2183 1449 factum
2211 1402 2319 1457 est,
2345 1402 2401 1449 et
2433 1403 2662 1465 propter
2693 1408 2797 1449 nos
2820 1392 2971 1449 cruci
3006 1393 3227 1449 affixum
3260 1403 3569 1450 mortuum-

1977 1502 2086 1558 que
2108 1502 2173 1543 ac
2203 1486 2388 1543 triduo
2419 1488 2696 1559 sepultum
2724 1486 2803 1556 ";
2836 1497 3064 1559 tumque
3094 1487 3339 1543 surrexit
3360 1502 3390 1542 a
3419 1502 3568 1542 mor-

1977 1580 2117 1647 tuis,
2149 1596 2215 1636 ac
2252 1597 2283 1636 a
2318 1590 2462 1636 terra
2506 1580 2563 1636 in
2599 1581 2801 1637 cmlum
2852 1590 3132 1651 receptum
3172 1588 3290 1647 est;
3326 1580 3566 1652 indeque

1976 1691 2174 1731 rursus
2229 1675 2459 1731 veniens
2516 1690 2645 1730 cum
2703 1676 2991 1746 majestate
3046 1691 3145 1731 sua
3206 1684 3437 1731 cunctos
3495 1675 3566 1731 ad

1970 1767 2242 1839 judicium
2264 1777 2321 1825 et
2340 1766 2586 1823 rationes
2605 1783 2822 1835 eorum,
2847 1783 2970 1839 quat
2993 1783 3094 1839 per
3114 1768 3283 1823 vitam
3305 1776 3562 1839 egerunt,

1978 1863 2190 1932 Coget:
2239 1861 2501 1932 quodque
2557 1860 2679 1931 ejus
2732 1859 2987 1916 ﬁdelibus
3040 1876 3183 1933 aqua
3233 1876 3297 1916 ac
3352 1860 3565 1931 Spiritu

1976 1953 2312 2020 emundatis,
2341 1954 2602 2024 omnique
2626 1952 2892 2011 daemonis
2917 1967 3107 2009 errore
3132 1952 3344 2019 acvitze
3367 1952 3564 2024 nequi-

1974 2045 2050 2101 tia
2092 2052 2151 2100 et
2197 2045 2405 2101 malitia
2445 2045 2728 2113 liberatis,
2770 2043 2868 2101 Dei
2914 2044 3180 2099 duntaxat
3228 2059 3457 2115 regnum
3503 2052 3562 2100 et

1972 2138 2179 2194 iustitia
2206 2140 2328 2211 ejus
2365 2139 2421 2194 in
2457 2139 2679 2197 Christo
2718 2138 2849 2196 Jesu
2882 2138 3116 2193 amanda
3158 2138 3288 2194 sint.
3326 2137 3559 2194 Tantam

1973 2231 2141 2303 igitur
2161 2231 2472 2289 divinarum
2498 2231 2876 2288 doctrinarum
2899 2232 3289 2301 actionumque
3309 2230 3559 2301 Apostoli

1972 2327 2230 2401 abyssum
2267 2335 2329 2383 ut
2361 2325 2612 2382 historiis
2644 2324 3054 2396 relinquamus,
3082 2325 3210 2380 vitae
3244 2322 3395 2379 illius
3426 2322 3555 2392 ﬁne,

1971 2418 2210 2475 orationi
2232 2417 2395 2473 ﬁnem
2420 2417 2770 2488 imponamus

279 2508 519 2563 ἄϐυσσον
563 2507 772 2579 ταύτην
812 2510 922 2565 τῶν
969 2512 1259 2595 θεολογιῶν
1311 2512 1544 2568 καὶτῶν
1572 2511 1832 2585 πράξεων
1865 2512 1962 2569 τοῦ
2000 2513 2326 2569 ’Δποστόλου
2364 2515 2484 2579 ταῖς
2514 2512 2782 2584 ἱστορίαις
2829 2512 3244 2583 καταλίπωμεν,
3289 2510 3391 2583 τῷ,
3413 2512 3557 2569 τέλει

284 2599 372 2655 τοῦ
402 2601 547 2672 βίου,
586 2603 648 2657 τὸ
684 2601 839 2669 τέλος
869 2605 1216 2677 ἐπιϐάλωμεν
1233 2606 1329 2663 τοῦ
1362 2600 1543 2679 λόγου.

364 2698 519 2753 Ἐπεὶ
550 2699 664 2771 γάρ
720 2701 814 2757 τὸν
850 2703 994 2759 θεῖον
1026 2707 1054 2759 ὁ
1083 2705 1501 2777 μακαριώτατος
1536 2703 1736 2779 δρόμον
1779 2703 1870 2770 ἐξ·

293 2789 484 2857 ανὺων,
516 2794 620 2849 καὶ
651 2798 766 2861 τοῖς
824 2797 1135 2869 εἰρημένοις
1186 2798 1365 2854 ἔθνεσι
1390 2801 1579 2867 πᾶσιν,
1619 2793 1707 2853 οἶα
1734 2799 1868 2853 σπό-

283 2906 381 2959 ρον
398 2891 653 2963 οὐράνιον
673 2890 769 2945 τὸν
790 2889 886 2945 τοῦ
910 2890 1047 2946 Θεοῦ
1066 2893 1440 2966 κατασπείρας
1467 2894 1647 2965 λόγον,
1675 2895 1866 2965 ἀναρι-

276 2981 526 3055 θμήτους
580 2984 681 3055 μὲν
724 2985 1159 3050 πεπιστευκότας
1206 2987 1276 3043 δι’
1317 2986 1485 3042 αὐτοῦ
1525 2990 1868 3060 καρποφορεί

272 3075 354 3146 τῷ
383 3076 636 3147 Χριστῷ,
660 3076 1016 3150 καθαρτηρίῳ
1056 3079 1114 3133 δὲ
1153 3080 1247 3151 τῆς
1279 3079 1701 3151 παλιγγενεσίας
1728 3082 1865 3135 ἀπο-

274 3140 486 3239 σμήχει
523 3140 736 3239 λουτρῷ
755 3184 771 3199 ⁸
1029 3168 1086 3223 δὲ
1118 3140 1263 3243 λάίῲ
1299 3140 1491 3241 σοφίας
1523 3171 1621 3226 καὶ
1648 3140 1869 3243 χάριτος
1895 3140 1940 3203 C

275 3255 645 3325 φωταγωγῶν
694 3257 787 3311 καὶ
827 3257 1225 3331 τελετουργῶν,
1278 3260 1407 3323 τοὺς
1459 3260 1557 3331 μὲν
1600 3258 1869 3325 ποιμένας

278 3348 522 3418 καθίστη
552 3348 641 3402 καὶ
684 3348 1059 3419 διδασκάλους,
1102 3351 1249 3416 ὅσοις
1300 3350 1599 3423 θερμότητι
1628 3352 1865 3415 πίστεως

284 3446 388 3492 καὶ
420 3438 671 3511 εὐθύτητι
693 3441 872 3514 ψυχῆς
910 3443 1113 3512 μᾶλλον
1154 3442 1396 3499 εὐδοκεῖν
1418 3443 1509 3498 τὸν
1537 3442 1703 3497 Θεόψ
1740 3443 1868 3507 τοὺς

294 3527 357 3581 δὲ
388 3530 759 3599 ποιμαίνεσθαι
780 3534 876 3587 καὶ
900 3532 1185 3604 ἄρχεσθαι,
1233 3536 1376 3590 κατὰ
1401 3533 1502 3607 τὴν
1524 3533 1703 3604 ἁγίοις
1732 3533 1868 3607 πρέ-

297 3637 511 3676 πουσαν
535 3622 898 3697 εὐθυμοσύνην
927 3627 1023 3683 καὶ
1054 3627 1206 3692 τάξιν
1238 3627 1399 3699 ἱερῶς
1420 3628 1863 3698 διαταττόμενος,

283 3715 586 3787 εκκλησίας
632 3720 926 3786 καλλίστας
986 3722 1080 3776 καὶ
1122 3720 1383 3787 πλείστας
1413 3721 1756 3793 ἀνεστήσατε)
1787 3720 1865 3793 τῷ

276 3807 540 3881 Χριστῷθ
595 3810 703 3865 ἔδει
749 3811 941 3867 τοῦτον
979 3813 1208 3886 ἔσχατον
1253 3814 1395 3887 ὑπὲρ
1422 3815 1681 3869 ἁπάντων
1719 3814 1865 3870 κατὰ

269 3902 377 3974 τὴν
418 3903 519 3957 τοῦ
574 3902 896 3961 διδασκάλου
970 3907 1202 3978 μίμησιν
1260 3906 1434 3961 θεῖναι
1482 3907 1580 3979 τὴν
1643 3908 1860 3981 ψυχήνο

268 3996 439 4052 τοῦτο
458 3998 573 4070 γὰρ
598 3993 737 4053 εἶναι
782 4001 884 4069 τῆς
924 4000 1139 4064 τελείας
1178 4003 1397 4072 ἀγάπης
1422 4001 1484 4055 τὸ
1516 4002 1819 4073 τεκμήριον
1845 4017 1861 4035 ο

267 4086 358 4142 διὸ
405 4087 503 4141 καὶ
554 4088 660 4143 ὑπὸ
708 4089 818 4144 τῶν
866 4092 1215 4162 ἐμμενόντων
1262 4091 1345 4147 ἔτι
1373 4094 1438 4163 τῇ
1473 4092 1651 4167 πλάνῃ
1677 4093 1863 4161 σαφῶς

269 4176 699 4233 ἑπιϐοολεύεται
732 4194 747 4209 ·
794 4179 890 4233 καὶ
941 4179 1166 4249 λόγχαις
1191 4178 1290 4244 τὰς
1318 4178 1560 4252 πλευράς
1590 4183 1618 4233 ὁ
1650 4180 1865 4251 θαυμαο

273 4269 547 4334 σιιὶιτατος
592 4271 967 4343 ὲκκεντηθεὶς,
999 4271 1098 4345 τὴν
1129 4272 1292 4343 ἁγίαν
1329 4273 1508 4344 ψυχὴν
1541 4272 1636 4327 καὶ
1676 4288 1861 4344 μακα-

277 4363 434 4435 ρίαν,
482 4364 577 4417 καὶ
629 4364 798 4429 ὕντως
859 4366 1185 4437 Χριστοειδῆ
1242 4365 1341 4420 καὶ
1373 4365 1735 4439 Χριστοφιλῆ,
1779 4363 1861 4437 τῷ

276 4454 427 4529 ὑπὲρ
474 4454 644 4510 αὐτοῦ
691 4457 1061 4530 σταυρωθέντι
1103 4458 1198 4513 καὶ
1229 4456 1578 4531 λογχευθέντι
1619 4455 1857 4529 παρατὶ-

273 4549 437 4604 fas-tat

345 4825 485 4880 Οὐδὲ
515 4826 625 4899 γάρ
678 4822 822 4882 εἶναι
847 4828 1077 4899 δίκαιον,
1108 4831 1199 4886 τὸν
1225 4831 1346 4886 ὂλον
1380 4833 1572 4904 ἔχοντα
1601 4833 1693 4888 τὸν
1721 4836 1857 4908 Χρι-

264 4917 401 4972 στὸν
450 4918 510 4972 ὲν
565 4919 765 4991 ἑαυτῷ,
794 4920 889 4974 καὶ
940 4920 1113 4994 τούτῳ
1169 4923 1638 4996 θαυματουργίαις
1687 4926 1855 4996 ὑπερ-

260 5007 629 5080 φυεστὰταις,
682 5008 924 5081 διδαχαῖς
955 5011 1443 5080 θεολογικωτάταις
1474 5013 1570 5066 καὶ
1592 5013 1725 5066 πᾶσι
1753 5015 1853 5084 τῆς

260 5100 477 5170 ἀρετῆς
501 5101 616 5163 τοῖς
639 5100 866 5171 τρόποις
902 5102 1340 5173 ἐξωμοιωμὲνον,
1376 5103 1451 5175 μὴ
1505 5104 1600 5158 καὶ
1623 5104 1765 5159 κατὰ
1792 5104 1855 5158 τὸ

266 5192 444 5255 πάθος
471 5195 771 5246 κοινωνεῖν.
818 5194 928 5246 Καὶ
957 5194 1122 5267 ὣτῆς
1152 5196 1449 5265 προνοίαςι
1485 5196 1531 5250 ὣ
1573 5196 1673 5267 τῆς
1704 5199 1855 5252 οἰκο-

269 5284 504 5354 νομικῆς
527 5284 746 5356 ἐκείνης
771 5286 1101 5357 άμφιϐολίας
1132 5287 1227 5344 τοῦ
1271 5290 1444 5359 Θωμᾶ
1477 5290 1570 5346 καὶ
1599 5290 1858 5363 ψηλαφὴ-

278 5390 430 5442 o=.¢u;,
462 5378 577 5450 ητδ
604 5378 1057 5450 Χριστομίμητον
1110 5380 1259 5453 αὑτῷ
1289 5382 1462 5448 πάθος
1499 5384 1686 5456 ἡρέμα
1720 5402 1858 5455 παρ-

277 5469 577 5539 εσήμανενῑ
612 5471 739 5524 Ὅτι
773 5472 881 5541 γὰρ
909 5472 1001 5525 τὸν
1027 5473 1198 5528 τύπον
1244 5475 1349 5546 τῆς
1390 5475 1591 5550 λόγχης
1639 5478 1857 5548 καὶτῆς

271 5558 605 5632 Δεσποτικῆς
636 5560 882 5631 ἅψασθαι
898 5563 1015 5615 τότε
1038 5566 1351 5639 κατηξιώθη
1378 5568 1641 5641 πλευράς,
1664 5567 1854 5639 ὥσπερ

261 5655 388 5709 τινὰ
414 5656 618 5729 μισθδν
652 5654 757 5726 τῆς
790 5655 1086 5721 πανολϐίας
1134 5658 1353 5731 ἐκείνης
1373 5659 1541 5733 ἁφῆς,
1580 5662 1681 5734 τὴν
1711 5660 1856 5733 ὑπὲρ

338 5834 389 5868 ⁸⁸
414 5836 581 5892 Joan.
617 5847 661 5898 ι.
692 5830 750 5889 1.
823 5832 1048 5890 "Joan.
1094 5848 1183 5902 xv,
1216 5834 1303 5890 15.

2048 2698 2206 2769 Quod
2235 2699 2385 2757 enim
2410 2698 2494 2756 vir
2521 2698 2876 2756 beatissimus
2898 2697 3147 2755 divinum
3171 2713 3399 2756 cursum
3424 2714 3560 2757 con-

1973 2807 2287 2859 summans,
2342 2791 2541 2861 hisque
2585 2790 2878 2857 omnibus,
2923 2806 3061 2863 quas
3087 2790 3232 2859 dixi,
3276 2792 3556 2863 gentibus,

1974 2886 2126 2943 velut
2152 2886 2431 2944 caelestem
2462 2894 2791 2952 sementem,
2823 2884 2923 2941 Dei
2956 2898 3269 2942 sermonem
3303 2886 3558 2943 dissemi-

1973 2995 2132 3048 nans,
2188 2988 2427 3053 quantos
2484 2995 2589 3036 nec
2631 2992 2926 3035 numerare
2971 2977 3098 3052 quis
3139 2978 3314 3050 possit
3365 2977 3558 3037 ﬁdeles

1972 3074 2207 3129 fecunda
2260 3088 2439 3130 messe
2470 3073 2692 3129 Christo
2722 3072 3009 3141 oﬂ'erebat,
3043 3087 3109 3130 ac
3145 3072 3362 3129 lustrali
3397 3089 3557 3147 rege-

1970 3167 2276 3223 nerationis
2311 3169 2559 3231 lavacro,
2605 3166 2866 3223 sordibus
2903 3165 3257 3237 detergebat;
3291 3166 3556 3239 omnique

1968 3259 2251 3329 sapientiae
2282 3271 2446 3330 atque
2476 3258 2665 3330 gratia:
2694 3272 2949 3314 sermone
2984 3257 3302 3315 iiluminans
3333 3274 3399 3316 ac
3424 3275 3555 3333 pcr-

1968 3351 2191 3418 nciens,
2245 3350 2396 3424 alios.
2441 3358 2693 3423 pastores
2758 3348 3123 3420 doctoresque
3182 3349 3555 3407 constituebat

1970 3445 2268 3515 (quotquot
2298 3442 2559 3498 nimirum
2595 3442 2812 3499 fervore
2843 3441 2968 3496 ﬁdei
3001 3441 3284 3512 animique
3319 3443 3554 3498 rectitu-

1968 3536 2096 3593 dine
2126 3536 2239 3592 Deo
2271 3536 2611 3607 acceptiores
2629 3534 2881 3604 noverat)
2905 3576 2920 3600 ,
2944 3533 3068 3589 aliis
3096 3541 3158 3589 ut
3187 3543 3551 3605 pascerentur

1966 3644 2030 3685 ac
2054 3627 2260 3685 subditi
2286 3637 2493 3694 essent,
2514 3629 2666 3700 juxta
2697 3628 3024 3683 concinnam
3056 3625 3204 3682 illam
3229 3627 3551 3699 dispositio-
3598 3690 3601 3691 γ

1968 3735 2115 3783 nem,
2146 3730 2447 3790 aptumque
2482 3718 2734 3775 ordinem
2762 3718 2858 3789 qui
2890 3726 3113 3774 sanctos
3148 3717 3326 3786 decet,
3363 3734 3551 3775 sacra-

1967 3811 2178 3867 tissime
2218 3818 2504 3878 statuens,
2544 3809 2820 3866 Ecclesias
2848 3809 3252 3880 pulcherrimas
3294 3826 3357 3868 ac
3390 3811 3554 3885 longe

1964 3902 2233 3973 plurimas
2277 3902 2500 3959 Christo
2537 3901 2904 3969 excitaverat;
2947 3918 3047 3973 par
3092 3912 3243 3971 erat,
3290 3912 3354 3959 ut
3399 3905 3549 3975 quod

1964 4010 2287 4065 supremum
2326 4004 2431 4062 est,
2484 4010 2586 4067 pro
2637 3996 2929 4065 omnibus,
2980 3996 3227 4068 magistri
3273 3998 3549 4069 exemplo,

1962 4087 2202 4145 animam
2254 4098 2506 4161 poneret.
2559 4088 2675 4144 Hoc
2728 4087 2876 4144 enim
2928 4089 3185 4160 perfectae
3236 4089 3550 4146 dilectionis

1962 4188 2177 4238 certum
2209 4182 2476 4240 indicium
2501 4182 2569 4237 θ’.
2604 4181 2976 4250 Quamobrem
3009 4182 3200 4249 etiam,
3222 4198 3419 4239 eorum
3450 4184 3547 4255 qui

1961 4273 2146 4331 adhuc
2168 4289 2416 4330 errorem
2455 4273 2713 4331 colebant
2742 4290 2922 4346 eoque
2947 4274 3343 4332 obstinatiores
3364 4285 3545 4344 erant,

1962 4364 2180 4422 insidiis
2195 4366 2373 4436 palam
2394 4366 2677 4438 appetitur
2696 4382 2711 4432 ;
2736 4366 3057 4438 lanceisque
3074 4366 3246 4424 latera
3264 4375 3547 4426 transver-

1961 4455 2185 4514 beratus
2224 4459 2311 4514 vir
2344 4474 2558 4515 summe
2594 4459 2897 4527 mirabilis,
2938 4468 3185 4517 sanctam
3217 4460 3546 4533 beatamque

1891 4541 1937 4597 Β
1963 4554 2227 4618 animam,
2256 4568 2497 4625 vereque
2528 4551 2749 4609 Christo
2773 4553 3010 4609 similem
3036 4569 3102 4609 ac
3126 4552 3329 4610 Christi
3353 4570 3544 4611 aman-

1969 4654 2113 4707 tem,
2154 4645 2203 4700 ei
2250 4646 2344 4716 qui
2386 4646 2561 4717 ipsius
2607 4661 2773 4703 causa
2819 4646 2973 4703 cruci
3013 4645 3206 4704 atlixus
3243 4648 3545 4720 lanceaque

1967 4736 2447 4792 transverberatus
2474 4736 2681 4801 fuerat,
2714 4737 2903 4792 tradit.

2035 4826 2153 4882 Non
2190 4828 2337 4883 enim
2368 4828 2621 4895 decebat,
2655 4837 2715 4883 ut
2748 4829 2841 4899 qui
2878 4838 3052 4885 totum
3086 4829 3141 4885 in
3170 4846 3231 4887 se
3257 4829 3541 4888 Christum

1959 4920 2220 4984 haberet,
2268 4921 2431 4991 eique
2478 4922 2895 4992 praemagniticis
2944 4924 3176 4993 patratis
3234 4923 3539 4992 miraculis,

1957 5013 2337 5084 doctrinisque
2364 5014 2744 5080 divinissimis,
2784 5031 2850 5071 ac
2880 5018 3059 5071 modis
3077 5018 3336 5075 omnibus
3367 5018 3542 5074 virtu-

1959 5106 2029 5162 tis
2071 5107 2268 5163 similis
2324 5108 2639 5170 enituerat,
2686 5122 2799 5163 non
2853 5108 3004 5179 paris
3049 5099 3216 5165 etiam
3266 5110 3540 5180 passionis

1959 5199 2143 5256 socius
2162 5199 2485 5256 exsisteret:
2509 5199 2711 5270 Atque,
2734 5214 2767 5255 ο
2785 5200 3208 5272 providentiam!
3253 5218 3286 5257 ο
3308 5194 3536 5259 Thomas

1958 5293 2106 5348 illam
2134 5304 2282 5350 certa
2310 5292 2527 5349 consilii
2554 5292 2764 5348 ratione
2785 5291 3124 5350 dubietatem
3147 5310 3211 5351 ac
3230 5304 3539 5352 contrecta-

1956 5387 2186 5445 tionem.
2213 5402 2337 5457 quae
2367 5386 2446 5442 illi
2480 5386 2716 5442 similem
2747 5385 2968 5444 Christo
2994 5388 3302 5462 passionem
3340 5389 3537 5446 tantis-

1953 5494 2053 5549 per
2091 5478 2434 5550 designaretl
2463 5478 2619 5547 Quod
2654 5480 2803 5535 enim
2836 5480 3042 5538 lanceae
3080 5482 3420 5538 circatricem
3471 5498 3537 5539 ac

1952 5570 2169 5627 Domini
2209 5571 2353 5627 latus
2385 5580 2610 5645 tangere
2642 5582 2775 5631 tunc
2799 5585 3102 5641 meruerat,
3134 5575 3291 5646 quasi
3330 5574 3538 5631 beatis-

1953 5664 2082 5721 simi
2124 5664 2277 5723 illius
2316 5675 2606 5725 contactus
2635 5668 2948 5727 mercedem
2988 5668 3303 5742 quamdam,
3341 5667 3534 5725 lateris
