4086 6282
315 334 422 406 149

1053 333 1336 398 ORATIO
1372 332 1548 397 VIII.
1571 357 1650 371 -·
1681 329 1768 394 IN.
1804 325 2119 391 IAUDEM
2159 328 2220 392 S.
2259 327 2516 392 JACOBI
2555 329 2859 393 ALPHIEI

3485 333 3592 401 150

311 456 427 518 τοῖς
449 451 616 524 tepoi;
641 447 1154 524 ἁνακηρυττόμενος
1173 438 1734 519 Εὐαγγελίοις.οὖτος
1759 444 1905 516 ἡμᾶς

2011 441 2062 496 in
2096 440 2270 498 sacris
2289 441 2602 513 Evangeliis
2629 443 2864 502 celebris
2886 443 3144 502 habetur.
3176 445 3280 503 Hic
3306 449 3592 518 nempead-

309 545 409 600 νῦν
433 547 528 600 ἰπὶ
578 545 681 616 τὴν
712 543 881 599 αὐτοῦ
908 543 1131 614 μνήμην
1179 542 1449 613 ξεναγῶν,
1482 541 1579 596 καὶ
1609 539 1741 604 τοὺς
1799 555 1903 591 συ-

307 638 473 712 χνοῦς
509 637 654 709 ὑπὲρ
691 639 790 690 τοῦ
819 636 1142 692 διδασκάλου
1173 636 1391 700 πόνους.
1419 635 1514 691 καλ⁵
1556 634 1682 698 τοὺς
1717 631 1895 702 ἱεροὺς

305 728 552 798 ἀγῶνας,
576 728 673 782 καὶ
721 727 813 782 τὸν
851 727 991 798 ὑπὲρ
1043 725 1140 781 τοῦ
1196 725 1617 798 ἐσταυρωμένον
1653 721 1897 795 προσαλ-

307 820 543 893 λόμενος
563 819 818 893 σταυρὸν,
853 817 1247 892 λαμπροτάτην
1278 815 1481 889 ψυχαῖς
1518 817 1757 887 εὒωχίαν
1802 813 1900 869 καὶ

307 912 789 984 πολυτελεστάτην
820 913 1112 984 συγκροτεῖ
1143 927 1159 944 ο
1212 910 1308 965 καὶ
1349 910 1412 964 οὐ
1454 909 1583 974 τοὺς
1622 907 1774 962 κάτω
1803 907 1903 976 μό·-

305 1023 402 1060 νον
455 1004 785 1077 ἀνθρώπους
833 1005 972 1078 πρὸς
1016 1004 1120 1074 τὴν
1169 1003 1294 1058 κατ’
1325 999 1492 1058 αὐτὸν
1543 997 1904 1072 χαρμοσύνην

307 1096 578 1166 συγκαλεῖ
608 1136 627 1164 ,
688 1095 871 1167 πολλῷ
913 1095 972 1150 δὲ
1005 1095 1208 1168 μᾶλλον
1235 1093 1335 1159 τὰς
1364 1094 1494 1158 ὅλας
1533 1092 1899 1165 χοροστασίαις

305 1190 423 1245 τῶν
478 1189 651 1259 ἁγίων
682 1204 699 1220 ⁶
754 1190 852 1244 καὶ
879 1188 942 1243 ού
982 1188 1189 1244 τούτων
1238 1189 1422 1259 μόνον,
1484 1186 1624 1243 ἀλλὰ
1665 1186 1762 1241 καὶ⁵
1791 1185 1891 1251 τὰς

315 1282 726 1355 ὑπερκοσμίους
754 1282 1081 1357 ταξιαρχίας
1111 1282 1294 1348 πάσας
1319 1282 1431 1338 τῶν
1456 1280 1622 1352 ιερῶν
1650 1281 1746 1336 καὶ
1777 1298 1906 1335 vos-

324 1373 440 1447 pem
466 1373 598 1428 νόων
631 1387 647 1400 ·
692 1374 790 1428 καὶ
823 1372 930 1446 μὴν
947 1374 1042 1430 καὶ
1069 1372 1233 1429 αὑτὸν
1256 1373 1350 1428 τὸν
1369 1372 1479 1428 τῶν
1504 1372 1644 1427 δλων
1685 1373 1905 1426 Δεσπόο

326 1483 430 1537 την
487 1465 867 1537 ὐπερκοσμίως
937 1465 1336 1520 ὲπευδοκοῦντα
1387 1467 1505 1527 τοῖς
1551 1463 1902 1536 τελουμένοις

329 1555 707 1625 συνεπάγεται.
733 1553 919 1619 οὕτως
966 1554 1119 1609 οὐδὲν
1142 1557 1244 1625 τῆς
1270 1552 1638 1625 ἀποπολικῆς
1689 1552 1897 1607 τελειό-

320 1663 482 1720 τητος
502 1649 986 1721 περιφανέστερον,
1014 1647 1112 1703 καὶ
1125 1646 1277 1702 οὐδὲν
1292 1647 1466 1710 οὕτως
1484 1646 1768 1718 εὐφραίνει
1800 1664 1902 1700 κα-

315 1737 411 1796 λὸν
434 1744 567 1804 τοὺς
592 1739 858 1810 οὐρανοὺς
871 1737 1008 1810 ὁμοῦ
1035 1737 1134 1795 και⁹
1162 1737 1263 1810 τὴν
1283 1738 1408 1810 γῆν,
1439 1737 1516 1804 ὡς
1545 1739 1664 1803 ὲνδς
1677 1738 1788 1794 τῶν
1809 1737 1908 1792 δώ-

308 1831 451 1888 δεκα
472 1833 572 1889 τοῦ
599 1834 737 1888 Θεοῦ
763 1833 970 1890 τέκνων
1006 1831 1169 1907 ιερῶν
1196 1832 1565 1906 ἑκτελουμὲνη
1597 1833 1813 1904 μνήμη.

397 2096 568 2154 una:
594 2097 1106 2172 καρποφορήσωμεν
1131 2098 1226 2154 καὶ
1256 2097 1418 2170 ἡμεῖς
1442 2096 1522 2170 τῷ
1549 2095 1769 2170 μεγάλῳ
1799 2094 1897 2151 τοῦ

305 2191 497 2262 Λόγου
524 2191 764 2263 μαθητῇ,
789 2193 974 2262 μεῖζον
995 2185 1068 2246 ὧν
1094 2190 1290 2263 ἔχομεν
1317 2190 1560 2253 πάντων,
1587 2189 1681 2244 τδν
1715 2188 1896 2258 λόγον⁸

305 2291 412 2346 καὶ
453 2287 532 2360 μὴ
574 2285 832 2340 τοσοῦτον
891 2287 1351 2358 ἀχαριστησωμεν
1400 2283 1435 2357 ἦ
1493 2283 1899 2357 ἀγνωμονήσω-

312 2399 440 2456 μεν,
494 2379 640 2434 ὥστε
683 2377 900 2432 καὶτῶν
923 2376 1148 2449 ἀψύχων
1174 2377 1356 2433 αὐτῶν
1403 2376 1500 2431 καὶ
1531 2375 1643 2430 τῶν
1685 2375 1898 2446 ἀλόγων

310 2476 535 2548 χείρους
567 2469 710 2527 εἶναι
743 2471 940 2528 δοκεῖν.
979 2471 1131 2525 Ἐπεὶ
1145 2469 1239 2526 καὶ
1266 2470 1371 2540 γῆν
1385 2469 1778 2542 ’ἀρουμένην,ἢ
1803 2470 1906 2525 καὶ

319 2565 843 2638 περισκαπτομένην
867 2564 960 2619 καὶ
997 2564 1313 2634 γεωργικῆς
1335 2563 1556 2634 ἀπάσης
1594 2563 1900 2634 τυγχάνου-

326 2676 421 2714 σαν
433 2658 777 2729 ἐπιμελείας,
802 2656 1236 2720 πολλαπλασίους
1265 2656 1573 2710 ἀποδιδόναι
1609 2656 1680 2728 ’,ᾧ
1718 2674 1902 2728 γεωρ-

320 2751 403 2822 νγῷ
431 2753 560 2816 τοὺς
576 2749 829 2823 καρπούς
856 2766 870 2782 ·
897 2751 992 2805 καὶ
1013 2746 1169 2816 ξύλον
1193 2749 1252 2804 δὲ
1285 2748 1643 2822 φυτοκομίας,
1675 2750 1772 2804 καὶ
1798 2750 1902 2821 τῆς

320 2845 679 2918 καθηκούσης
720 2844 980 2916 ὲπιτυχδν
1029 2845 1372 2914 φιλοπονίας,
1428 2838 1574 2899 οἶδεν
1638 2841 1717 2915 τῷ
1767 2844 1902 2916 παρ’

315 2939 517 2995 ἑαυτοῦ
551 2937 646 2993 τὸν
675 2937 1115 3010 ἁνακαθαίροντα
1166 2935 1476 3004 δεξιοῦσθαι
1527 2935 1774 3007 καρπῷ·
1802 2935 1903 2992 καί

317 3033 548 3089 πουκαὶ
598 3032 710 3088 τῶν
757 3031 972 3102 ἀλόγων
1003 3031 1235 3096 ἕκαστα,
1284 3032 1385 3085 οὒκ
1433 3031 1559 3104 είκῆ
1604 3033 1704 3103 τῆς
1748 3031 1902 3103 παρὰ

317 3126 430 3182 τῶν
452 3127 820 3200 κτησαμένων
857 3125 891 3198 ἢ
926 3124 1286 3197 θρεψαμένων
1315 3126 1595 3181 ἀπέλαυσε
1643 3125 1898 3196 κομιδῆςο

318 3177 487 3273 se;
602 3177 730 3272 ’ἑσζι
748 3177 1055 3272 eos;
1071 3177 1732 3290 'Zegﬁerﬂniéitaépoé'.
1764 3177 1908 3271 ἕξιζά
1933 3177 1977 3236 ο

319 3312 422 3383 τὴν
448 3311 635 3366 αὐτῶν
661 3311 912 3381 δύναμιν,
949 3309 1279 3383 ἀμείϐεσθαι
1307 3327 1321 3340 ·
1353 3309 1536 3383 πολλῷ
1567 3310 1740 3382 δήπου
1771 3310 1912 3382 μᾶλ-

321 3403 418 3456 λον
486 3404 785 3475 προσήκειν
838 3402 1082 3475 ἡγοῦμαι
1124 3404 1239 3466 τοῖς
1287 3401 1680 3474 τετιμημένοις
1741 3401 1910 3476 λόγῳ,

334 3497 450 3560 τοῖς
473 3497 647 3551 αὐτῶν
662 3497 1002 3562 διδασκάλοις
1034 3498 1130 3554 τὸν
1161 3499 1262 3569 τῆς
1305 3497 1731 3571 εὐγνωμοσύνης
1768 3515 1908 3569 καρ-

346 3588 828 3660 πδνάφοσιοῦσθαι.
889 3591 1032 3646 [lict
1089 3590 1210 3660 μὲν,
1275 3589 1510 3661 μάλιστα
1558 3591 1615 3644 δὲ
1666 3595 1783 3653 τοῖς
1817 3591 1910 3644 τοῦ

343 3681 520 3750 Λόγου
551 3681 648 3754 μὲν
659 3685 945 3758 μαθηταῖς,
972 3681 1130 3755 ήμῶν
1153 3682 1210 3738 δὲ
1232 3683 1567 3750 παιδευταῖς,
1595 3684 1695 3757 τὴν
1728 3686 1913 3758 κρείτ-

338 3791 417 3829 τω
446 3775 541 3830 καὶ
572 3778 650 3840 εἰς
672 3777 760 3831 ἀεὶ
783 3777 1054 3849 μένουσαν
1075 3775 1362 3830 παίδευσιν
1391 3791 1405 3808 ο
1455 3777 1570 3840 τοῖς
1593 3778 1660 3848 τῇ
1691 3776 1912 3849 παιδείᾳ

329 3869 424 3924 τοῦ
457 3869 663 3942 Κυρίου
687 3869 786 3924 καὶ
807 3868 1045 3924 θεοτελεῖ
1073 3869 1263 3941 διδαχῇ
1285 3869 1354 3924 τὰ
1385 3862 1505 3924 ὦτα
1531 3868 1630 3940 μὲν
1656 3871 1791 3941 ημῖν
1811 3868 1910 3939 τῆς⁹

327 3961 561 4035 καρδίας
606 3961 930 4029 διανοίξασι,
951 3961 1076 4026 τοὺς
1097 3959 1413 4032 ὀφθαλμοὺς
1441 3960 1500 4014 δὲ
1531 3959 1915 4030 καταφωτίσα-

329 4071 432 4122 σιν,
460 4056 540 4120 ὼς
571 4054 811 4110 ἀκοῦσαι
876 4055 973 4108 καὶ
993 4053 1198 4124 γνῶναι
1226 4055 1328 4125 τῆς
1360 4052 1642 4116 εὐσεϐείας
1674 4053 1737 4107 τὺ
1772 4052 1915 4124 μέγα

326 4151 634 4222 μυστήριον
652 4165 668 4180 ο
717 4149 814 4203 καὶ
832 4147 924 4203 τὸν
944 4147 1134 4203 σκότον
1158 4148 1256 4220 μὲν
1287 4147 1540 4212 ἀσεϐείας
1564 4147 1660 4201 καὶ
1687 4147 1914 4218 ματαιό-

319 4260 488 4316 τητος
535 4241 847 4308 ἀπολιπεῖν,
894 4241 974 4314 τῷ
1001 4240 1244 4314 ἀληθινῷ
1294 4241 1354 4296 δὲ
1412 4243 1514 4313 τῆς
1561 4239 1914 4309 δικαιοσύνης

327 4328 477 4408 φωτὶ
510 4335 907 4409 προσδραμεῖν.

2005 533 2180 604 ipsius
2219 549 2322 590 nos
2364 534 2529 591 hodie
2564 539 2887 593 memoriam
2928 536 3182 610 hospites
3225 554 3592 612 congregans,

2006 627 2344 698 crebrosque
2376 628 2433 684 in
2459 629 2704 701 magistri
2741 629 2972 700 gratiam
3023 640 3310 703 susceptos
3344 631 3588 699 labores,

2006 735 2273 793 sacraque
2330 721 2596 780 desudata
2653 723 2978 790 certamina,
3037 739 3104 780 ac
3158 739 3382 780 erucem
3438 724 3593 781 illius

2008 828 2174 870 causa
2219 813 2439 871 fortiter
2468 814 2777 878 toleratam,
2807 815 2902 884 qui
2930 815 3048 887 ipse
3079 817 3235 872 cruci
3263 814 3458 871 aﬂixus
3480 825 3588 882 est,

2007 922 2312 978 apponens,
2342 907 2850 979 splendidissimum
2876 907 3356 981 lautissimumque
3388 909 3595 966 animis

2008 998 2323 1056 convivium
2355 1000 2604 1056 instruit.
2637 1001 2750 1058 Nec
2781 1000 3042 1058 mortales
3075 999 3342 1057 duntaxat
3382 1001 3438 1057 in
3474 1010 3588 1057 ter-

2007 1092 2084 1148 ris
2121 1092 2453 1150 constitutos
2485 1094 2553 1150 ad
2600 1110 2762 1151 suum
2797 1093 2936 1151 illud
2979 1093 3180 1151 festum
3217 1096 3598 1168 gaudiumque-

2010 1184 2227 1251 invitat,
2258 1187 2392 1257 quin
2427 1186 2590 1259 longe
2617 1187 2802 1258 potius
2829 1196 2972 1244 totos
3002 1196 3320 1244 sanctorum
3350 1188 3588 1244 choros:

2007 1295 2113 1337 nec
2145 1295 2278 1337 vero
2307 1281 2528 1336 illorum
2561 1290 2798 1346 tantum.
2835 1295 3027 1338 verum
3067 1281 3236 1337 etiam
3273 1289 3595 1337 sanctarum

2007 1372 2433 1446 intelligentium
2465 1373 2732 1429 mentium
2769 1373 2975 1430 mundo
3015 1374 3334 1446 superiores
3360 1382 3596 1431 cunctos

2009 1466 2238 1523 ordines
2281 1482 2347 1523 ac
2393 1466 2735 1538 principatus
2767 1483 2781 1522 :
2823 1467 2956 1538 quin
2994 1467 3173 1539 ipsum
3205 1483 3425 1540 quoque
3461 1468 3595 1524 uni-

2007 1574 2293 1615 versorum
2349 1559 2643 1615 Dominum
2677 1559 2903 1616 adducit
2939 1574 3004 1616 ac
3043 1560 3209 1631 cegit,
3249 1559 3353 1620 cui,
3390 1557 3600 1616 eximie

2005 1652 2257 1722 placeant
2310 1667 2375 1708 ea
2440 1669 2566 1725 quae
2641 1662 3002 1725 peraguntur.
3074 1655 3168 1711 Sic
3244 1653 3386 1711 nihil
3453 1669 3593 1726 apo-

2009 1743 2203 1800 stolica
2237 1745 2579 1816 perfectione
2622 1745 2916 1814 illustrius,
2952 1747 3279 1818 nullumque
3325 1746 3467 1804 adeo
3493 1747 3597 1805 bo-

2010 1849 2163 1901 num,
2209 1836 2411 1892 coelum
2455 1839 2664 1908 pariter
2692 1844 3010 1908 terramque
3052 1837 3256 1909 gaudio
3295 1835 3485 1903 allicit,
3525 1852 3593 1892 ac

2009 1923 2174 1980 unius
2199 1939 2230 1980 c
2263 1924 2555 1982 duodecim
2597 1941 2882 1982 sacrorum
2911 1926 3008 1984 Dei
3037 1926 3276 1984 ﬁliorum
3305 1927 3464 1984 festis
3493 1926 3592 1983 ho-

2004 2015 2235 2074 noribus
2263 2017 2528 2074 memoria
2557 2019 2913 2075 venerabilis.

2078 2107 2283 2165 Verum
2329 2125 2432 2167 nos
2472 2125 2713 2182 quoque,
2764 2127 2962 2183 magno
3005 2113 3282 2169 sermonis
3310 2111 3592 2182 Verbiquc

2006 2197 2304 2271 discipulo,
2343 2201 2398 2256 id
2425 2201 2572 2274 quod
2604 2202 2660 2257 in
2689 2217 2860 2258 censu
2893 2203 3068 2276 majus
3107 2203 3370 2259 omnibus
3416 2202 3591 2258 babe-

2008 2308 2134 2350 mus
2163 2293 2459 2363 (sermonis
2490 2293 2702 2351 scilicet
2729 2293 2994 2368 l’ructum)
3023 2294 3402 2366 dcpendamus
3437 2311 3452 2362 ;
3488 2311 3593 2352 nec

2009 2387 2067 2441 in
2107 2395 2321 2443 tantum
2364 2388 2567 2460 ingrati
2597 2387 2949 2460 improbique
2988 2403 3118 2446 esse
3162 2389 3420 2453 velimus,
3449 2397 3508 2445 ut
3536 2395 3594 2445 ct

2009 2477 2146 2548 ipsis
2170 2479 2355 2536 anima
2377 2489 2434 2536 et
2471 2495 2639 2536 sensu
2668 2487 2727 2536 et
2756 2494 3014 2537 sermone
3051 2496 3117 2538 ac
3148 2480 3360 2538 ratione
3393 2496 3595 2537 carene

2008 2571 2160 2628 tibus
2185 2571 2492 2629 deteriores
2527 2587 2652 2630 esse
2690 2573 2999 2630 videamur.
3031 2574 3167 2631 Nam
3199 2585 3257 2632 et
3299 2586 3445 2631 terra
3472 2590 3597 2631 ara,

2013 2667 2101 2717 tro
2148 2662 2449 2729 conscissa,
2496 2663 2614 2720 sive
2645 2665 2811 2721 etiam
2845 2665 3230 2732 circumfossa,
3260 2683 3594 2739 omnemque

2009 2755 2241 2813 cultura:
2265 2756 2402 2814 artis
2429 2772 2619 2814 curam
2648 2768 2970 2827 consecuta,
3001 2773 3072 2816 ex
3113 2757 3298 2817 indole
3325 2760 3496 2816 habet
3534 2768 3596 2817 ut

2011 2845 2304 2918 multiplici
2334 2845 2519 2904 fructu
2545 2863 2782 2906 messem
2810 2850 3011 2908 colono
3043 2849 3338 2922 frugesque
3357 2851 3592 2908 reddat:

2011 2937 2244 2996 arbores
2265 2939 2395 2996 item
2417 2939 2670 3012 diligenti
2685 2941 2912 2998 consitae
2932 2957 3121 3008 manu,
3153 2957 3217 2998 ac
3243 2942 3597 3000 convenienti

2011 3035 2260 3094 educatae
2287 3035 2597 3106 adultaeque
2621 3036 2917 3103 industria,
2945 3053 3071 3094 eum
3096 3038 3257 3110 cujus
3286 3037 3599 3095 emundan-

2012 3136 2105 3186 tur
2131 3143 2323 3201 opera.
2352 3131 2554 3201 pomis,
2589 3130 2850 3194 nucibus.
2879 3129 3276 3202 fructuumque
3311 3134 3462 3188 omni
3504 3147 3600 3188 co-

2011 3219 2099 3290 pia
2140 3235 2390 3276 recreare
2440 3230 2662 3276 norunt.
2715 3222 2785 3276 At
2838 3237 2943 3276 nec
2984 3220 3146 3276 bruta
3199 3220 3592 3292 propemodum

2011 3314 2146 3380 ulla,
2194 3313 2402 3370 frustra
2453 3314 2716 3384 nulloque
2766 3328 2996 3369 munere
3031 3319 3124 3368 aut
3149 3313 3461 3380 commodo,
3497 3329 3589 3370 co-

2010 3421 2155 3470 rum,
2187 3405 2284 3478 qui
2326 3405 2536 3462 domini
2575 3413 2706 3462 sunt
2748 3415 2844 3462 aut
2892 3405 3223 3471 educarunt,
3275 3407 3428 3463 curis
3475 3421 3600 3476 pcr-

2009 3497 2274 3555 fruuntur
2299 3515 2316 3548 :
2347 3497 2483 3570 quin
2511 3509 2568 3555 et
2605 3498 2722 3570 ipsa
2771 3507 3110 3570 opportune,
3146 3507 3351 3570 quanta
3399 3513 3597 3554 eorum

2011 3593 2244 3649 facultas
2265 3601 2370 3660 est,
2411 3593 2465 3649 ei
2513 3592 2608 3663 qui
2660 3590 2991 3648 beneﬁcium
3046 3590 3404 3664 impenderit,
3447 3591 3600 3648 vices

2015 3683 2251 3741 reddere
2300 3695 2620 3741 sueverunt.
2675 3683 2864 3754 Longe
2909 3683 3078 3756 igitur
3125 3681 3329 3754 potiori
3383 3682 3600 3739 ratione

2012 3794 2195 3849 opera:
2225 3779 2464 3850 pretium
2493 3780 2657 3845 duco,
2689 3788 2749 3834 ut
2781 3779 2876 3850 qui
2903 3779 3174 3835 sermonis
3203 3779 3256 3833 vi
3283 3794 3349 3835 ac
3378 3780 3592 3836 ratione

2013 3870 2193 3926 ornati
2214 3886 2427 3938 sumus,
2455 3871 2811 3944 gratitudinis
2835 3874 3074 3928 fructum
3099 3872 3375 3946 magistris
3393 3872 3600 3928 nostris

2009 3965 2357 4021 exsolvamus
2389 3983 2404 4018 :
2435 3973 2599 4036 atque
2629 3965 2918 4037 idjcunetis
2937 3966 3183 4036 quidem,
3209 3967 3443 4024 maxime
3464 3983 3598 4024 vero

2010 4057 2290 4114 sermonis
2322 4057 2650 4127 discipulis;
2683 4057 2820 4113 viris
2855 4059 3089 4126 scilicet,
3123 4060 3216 4131 qui
3258 4060 3472 4131 potiore
3491 4059 3597 4116 do-

2011 4152 2211 4215 ctrina,
2240 4164 2305 4206 ac
2330 4165 2452 4221 quae
2479 4151 2532 4206 in
2558 4158 2886 4222 perpetuum
2921 4151 3208 4218 consistet,
3243 4167 3347 4207 nos
3369 4151 3596 4207 erudie-

2014 4249 2197 4295 runt:
2249 4242 2343 4312 qui
2394 4255 2593 4311 nempe
2643 4239 2864 4297 Domini
2923 4240 3238 4312 disciplina,
3293 4241 3601 4312 divinaque

2014 4332 2266 4388 doctrina
2304 4331 2487 4388 cordis
2517 4347 2681 4388 aures
2705 4331 2868 4388 nobis
2887 4341 3249 4399 aperuerunt,
3280 4332 3596 4403 mentisque

323 4431 547 4496 oculos,
577 4445 691 4502 quo
711 4428 902 4486 audire
923 4442 986 4484 ac
1014 4427 1154 4484 scire
1181 4440 1440 4499 magnum
1458 4424 1680 4497 pietatis
1708 4427 2028 4498 mysterium
2061 4429 2278 4495 liceret,
2348 4427 2776 4497 collustrarunt;
2835 4436 2893 4485 et
2953 4435 3011 4482 ut
3067 4427 3367 4499 impietatis
3408 4443 3474 4483 ac
3504 4441 3599 4483 vae

324 4523 527 4581 uitatis
574 4523 782 4579 relictis
824 4521 1088 4589 tenebris,
1127 4519 1195 4577 ad
1230 4533 1417 4576 veram
1454 4517 1684 4591 juStitiae
1728 4518 1906 4574 lucem
1940 4535 2378 4576 accurreremus.

419 4616 736 4688 ’Δποδῶμεν
779 4613 1074 4686 τοιγαροῦν
1116 4612 1443 4683 κσταχρέως
1488 4608 1584 4666 τοῦ
1625 4609 1786 4680 λόγου
1812 4611 1909 4682 τὴν

2093 4613 2408 4669 Rcddamus
2437 4629 2539 4685 pro
2572 4624 2814 4669 munere
2845 4613 3019 4669 sacris
3063 4609 3338 4667 sermonis
3364 4609 3601 4665 aratori-

331 4711 560 4786 ὀφειλὴν
583 4713 696 4777 τοῖς
726 4712 894 4782 ἱεροῖς
921 4709 1145 4781 ἀρόταις
1191 4704 1288 4761 τοῦ
1315 4705 1511 4774 Λόγου,
1536 4702 1633 4758 mi.
1659 4704 1758 4773 τῆς
1783 4704 1919 4773 ἡμε-

327 4806 502 4879 τέρας
531 4805 760 4878 καρδίας
796 4803 1084 4876 γεωργοῖς,
1117 4800 1216 4854 καὶ
1243 4801 1357 4865 τοίς
1385 4797 1660 4870 σωτηρίας
1705 4796 1918 4868 ἱερουρ-

325 4901 472 4971 τοῖς.
552 4897 867 4968 Ἀποδῶμεν
939 4897 1053 4958 τοῖς
1103 4894 1152 4947 τ’
1203 4891 1385 4956 ἄλλοις
1426 4892 1582 4956 πᾶσι,
1637 4889 1732 4944 καὶ
1796 4889 1913 4971 μετ’

326 4993 518 5050 αὐτῶν
540 4992 638 5046 καὶ
665 4991 743 5064 τῷ
769 4993 1009 5064 σήμερον
1038 4989 1117 5053 εἰς
1169 4985 1377 5042 αίνεσιν
1433 4985 1529 5038 καὶ
1583 4983 1740 5049 δόξαν
1778 4998 1913 5053 μνη-

329 5085 693 5159 μονευομένῳ
720 5100 737 5116 ο
790 5084 885 5139 καὶ
912 5079 1379 5153 καρποφορῶμεν.
1419 5077 1469 5130 οἱ
1506 5076 1628 5148 μὲν,
1679 5075 1770 5128 τὸν
1811 5075 1909 5142 τῆς

330 5182 493 5254 ἱερᾶς
516 5180 774 5243 αἰνέσεως
800 5178 896 5232 καὶ
919 5172 1226 5243 δοξολογίας
1241 5171 1477 5241 φθόγγον
1498 5167 1913 5240 ἀνακρούοντες·

329 5277 382 5332 οἱ
409 5274 495 5341 δὲ,
529 5272 843 5347 προθέσεως
879 5269 1198 5339 τελειότητα
1224 5266 1320 5320 καὶ
1371 5263 1596 5317 ἀένναον
1625 5258 1768 5314 κατὰ
1788 5258 1917 5313 νοῦν

338 5367 715 5440 προσάγοντες
732 5362 1061 5437 προσευχήν·
1084 5361 1133 5415 οῑ
1168 5360 1265 5429 μὲν
1300 5356 1480 5410 πίστιν
1503 5355 1788 5410 ἀνόθευτον
1813 5351 1907 5404 καὶ

339 5459 630 5533 εἰλικρινῆ,
653 5460 702 5513 οἱ
717 5459 795 5523 δὲ,
832 5455 996 5510 πόθον
1020 5453 1283 5524 διάπυρον
1312 5449 1406 5503 καὶ
1428 5446 1730 5519 θεοπρεπῆ*
1755 5446 1848 5498 καὶ
1868 5443 1920 5497 οῖ

346 5555 443 5627 μὲν
461 5553 655 5617 αἰσίως
669 5551 761 5606 καὶ
785 5548 976 5616 δεξιῶς
991 5541 1092 5602 τὸν
1121 5545 1292 5617 μέγαν
1309 5544 1362 5596 Ἀ
1372 5539 1629 5594 πόστολον
1661 5537 1802 5593 κατὰ
1822 5535 1923 5627 τὴν

339 5626 471 5719 παρ’
502 5643 674 5701 αὐτοῦ
705 5638 1118 5714 χορηγουμένην
1143 5635 1236 5690 τοῦ
1262 5633 1435 5701 Λόγου
1465 5630 1624 5701 χάριν
1649 5626 1929 5683 ἐπαινοῦνο

335 5756 465 5805 τες,
495 5738 549 5792 oi
603 5735 684 5800 δὲ,
724 5732 959 5794 συνετῶς
989 5728 1086 5784 καὶ
1147 5727 1353 5788 πιστῶς
1384 5724 1446 5778 τὸ
1479 5723 1752 5792 ἐγκώμιον
1798 5737 1929 5776 κατ-

338 5830 670 5894 ακούοντες,
717 5826 795 5889 ὡς
826 5823 894 5879 ἂν
929 5818 1079 5892 αὐτᾷ
1117 5820 1249 5874 πᾶσι
1272 5819 1490 5890 τρόποις
1516 5811 1927 5869 ἐπικοινωνοῦν-

2017 4705 2143 4770 bus,
2176 4706 2449 4762 sermonis
2487 4704 2732 4760 debitum
2759 4747 2774 4772 ,
2811 4705 3099 4775 nostrique
3129 4702 3315 4758 cordis
3359 4702 3596 4769 colonis,

2015 4800 2319 4871 salutisque
2369 4801 2678 4880 cultoribus
2722 4816 2788 4856 ac
2833 4802 3010 4856 sacris
3042 4799 3335 4859 ministris.
3379 4799 3599 4854 Redda-

2014 4907 2157 4956 mus,
2178 4905 2300 4946 cum
2325 4891 2556 4962 reliquis
2573 4891 2851 4955 omnibus,
2878 4901 2993 4947 tum
3016 4891 3227 4961 pariter
3241 4892 3408 4946 etiam
3443 4890 3595 4957 huic,

2012 4985 2171 5055 cujus
2204 4984 2366 5039 hodie
2401 4983 2607 5039 celebri
2639 4984 2790 5040 cultu
2833 4998 2898 5039 ac
2928 4985 3090 5040 laude
3139 4983 3458 5039 memoriam
3481 4984 3597 5056 agi-

2021 5091 2185 5130 mus:
2229 5073 2579 5142 fructumque
2620 5073 2935 5138 alie-ramus,
2982 5075 3057 5129 ita
3102 5073 3366 5129 nimirum
3401 5082 3462 5128 ut
3500 5073 3591 5129 alii

2019 5177 2187 5219 sacrm
2233 5159 2566 5217 laudationis
2601 5175 2666 5215 ac
2707 5159 2909 5215 cantici
2952 5177 3150 5216 suumn
3183 5163 3341 5232 quasi
3386 5161 3595 5231 plectro

2019 5254 2228 5319 edant;
2281 5252 2373 5308 alii
2411 5265 2569 5318 vero,
2621 5252 2792 5308 animi
2851 5252 3248 5324 perfectionem
3295 5255 3595 5326 jugemqnc

2021 5357 2201 5407 mente
2230 5347 2536 5404 orationem
2577 5341 2844 5415 aferant;
2884 5349 2976 5404 alii
3015 5365 3202 5404 veram
3231 5365 3295 5405 ac
3318 5350 3590 5406 sinceram

2017 5439 2203 5508 fidem,
2224 5440 2317 5495 alii
2349 5455 2640 5496 accensum
2672 5439 3031 5509 divinumque
3065 5441 3271 5494 amoris
3296 5440 3548 5494 ardorem
3577 5458 3588 5491 :

2012 5543 2179 5604 atque
2208 5531 2302 5587 alii
2336 5530 2558 5603 quidem
2586 5530 2761 5586 fauete
2796 5546 2860 5586 ac
2885 5533 3117 5588 solerter
3149 5547 3252 5602 pro
3277 5534 3400 5604 ejus
3424 5546 3590 5601 quam

2013 5623 2132 5692 ipse
2178 5637 2362 5678 sermo
2391 5623 2778 5678 subministrat
2810 5624 2998 5694 gratiae
3040 5625 3272 5690 ratione,
3329 5638 3588 5695 magnum

2013 5714 2337 5786 Apostolum
2372 5715 2627 5780 laudent;
2663 5714 2755 5768 alii
2799 5725 3005 5782 autem,
3045 5716 3346 5785 prudenter
3372 5717 3590 5782 ﬁdeque

2013 5810 2384 5868 laudationem
2435 5809 2783 5883 pcraudiaut,
2837 5822 2894 5866 ut
2945 5811 3120 5867 modis
3162 5815 3417 5875 omnibus
3463 5815 3583 5877 eius
