4088 6304
487 340 588 411 151

1680 346 1978 411 NICETIE
2018 351 2107 410 PA
2119 349 2548 412 PIILAGONIS

3659 353 3763 416 153

483 454 793 528 gaudentes
829 453 1191 520 Commercio,
1223 453 1561 525 perfectiora
1595 470 1662 512 ex
1691 457 1785 514 illo
1807 465 2068 529 praestan-

2178 477 2286 523 τες,
2319 461 2660 533 τελειοτέρας
2686 460 2786 529 τῆς
2809 462 3036 534 χάριτος
3061 461 3122 531 ἐξ
3151 461 3319 518 αὐτοῦ
3348 463 3442 518 καὶ
3471 463 3760 534 ἀμείνονος

484 546 723 614 tiorique
774 543 948 616 gratia
1008 543 1410 615 impartiamur.
1476 546 1616 604 Hinc
1659 563 1793 606 vero
1843 547 2067 604 ordien-

482 638 638 694 dum.

556 731 653 785 Vir
680 730 772 785 hic
799 730 1225 802 sacratissimus,
1250 732 1720 803 sanctissimzeque
1755 732 1847 788 Dei
1879 731 2067 804 gratia:

483 823 808 880 verissimus
856 825 1060 892 Filius;
1114 842 1416 897 generosus
1458 835 1622 896 atque
1672 825 1874 881 nobilis
1923 841 2067 881 verae

483 914 615 968 vilis
658 916 900 986 palmes;
934 917 1158 988 pinguis
1193 918 1305 986 ille,
1353 919 1522 990 opimi
1555 920 1769 975 fructus
1794 921 2066 992 longeque

483 1009 692 1078 copiosi
749 1009 943 1076 ferax;
1004 1027 1169 1081 quem
1229 1012 1470 1068 cmlestis
1519 1012 1744 1083 quidem
1801 1013 2064 1085 agricola,

484 1101 648 1156 Pater
670 1109 889 1173 purget,
923 1118 988 1158 ac
1018 1104 1114 1172 qui
1161 1103 1216 1158 in
1259 1105 1397 1159 Filio
1440 1105 1721 1161 radicatus
1752 1107 1873 1162 laete
1915 1107 2065 1163 fron-

484 1192 632 1260 deat,
662 1195 1013 1265 fructumque
1044 1197 1217 1261 ferat;
1253 1198 1458 1269 quique
1489 1198 1710 1254 demum
1733 1199 1893 1256 uberi
1917 1201 2066 1272 jugi-

485 1286 595 1356 que
638 1289 905 1343 Paracleti
946 1289 1157 1360 irriguo
1184 1291 1527 1360 pinguescat,
1578 1307 1674 1347 seu
1718 1293 1885 1348 vitam
1927 1294 2067 1350 hau-

486 1379 594 1433 riat
624 1378 690 1432 “.
746 1379 932 1434 Palma
983 1380 1240 1435 frondosa
1289 1391 1454 1452 atque
1503 1383 1794 1447 sublimis,
1839 1400 1872 1440 e
1918 1395 2065 1440 terra

486 1471 724 1543 primum
770 1488 948 1543 exque
1003 1473 1206 1528 inﬁmis
1254 1485 1395 1540 orta,
1441 1485 1496 1529 at
1543 1491 1664 1545 qure
1711 1477 2064 1547 postmodum

487 1563 706 1618 sublato
734 1564 788 1618 in
815 1567 1014 1621 caelum
1041 1566 1244 1636 stipite,
1271 1567 1338 1621 ad
1362 1569 1532 1624 Deum
1569 1585 1763 1639 usque,
1797 1571 2066 1627 virtutum

487 1658 911 1713 ascensionibus
960 1673 1176 1714 summo
1232 1660 1441 1716 vertice
1489 1662 1726 1717 exaltata
1777 1663 1848 1718 sit
1889 1680 1902 1718 :
1943 1680 2068 1734 quae

487 1747 730 1817 denique
771 1749 851 1804 sic
881 1750 1187 1821 jucundum
1240 1760 1500 1822 tantaque
1543 1753 1848 1824 placentem
1895 1757 2068 1826 pieta-

2179 551 2570 624 μετάσχοιμεν.
2618 554 2878 626 ’Δρκτέον
2908 555 2966 609 δὲ
2993 553 3267 610 ἐντεῦθεν.

2247 726 2418 797 Οὗτος
2468 735 2497 786 6
2545 733 2838 804 ἱερώτατος
2891 733 3054 804 ἀνὴρ,
3121 735 3219 786 καὶ
3268 732 3366 802 τῆς
3412 731 3577 802 ἁγίας
3623 728 3759 783 Θεοῦ

2175 827 2398 899 χάριτος
2418 826 2785 897 γνησιώτατος
2823 826 2938 890 υἱός
2962 842 2978 858 ⁸
3005 826 3066 878 τὸ
3087 824 3308 894 εὐγενὲς
3336 825 3524 896 κλῆμα
3550 825 3644 877 καὶ
3679 824 3735 877 τί
3760 861 3762 863 μ

2179 937 2302 990 μιον
2327 919 2424 990 τῆς
2455 919 2707 986 ἀμπέλου
2749 919 2847 988 τῆς
2876 917 3158 990 ἀληθινῆς,
3196 917 3257 971 τὸ
3291 921 3436 982 πίον,
3471 915 3532 969 τὸ
3560 916 3764 987 εὔκαρ-

2179 1029 2281 1064 πον
2301 1012 2396 1065 καὶ
2441 1011 2813 1082 κατάκαρπον·
2843 1011 2904 1065 τὸ
2933 1010 3037 1065 ὑπὸ
3061 1009 3154 1066 τοῦ
3182 1010 3434 1082 οὐρανίου
3463 1009 3560 1081 μὲν
3582 1024 3764 1079 γεωρ-

2179 1102 2278 1172 γοῦ
2306 1103 2721 1175 καθαιρόμενον,
2743 1102 2836 1158 τοῦ
2868 1103 3081 1174 Πατρός
3113 1118 3128 1134 ⁸
3163 1101 3531 1175 ἐρριζωμένον
3559 1101 3616 1156 δὲ
3665 1100 3762 1153 καὶ

2178 1195 2378 1265 εὐθαλῆ
2423 1196 2519 1250 καὶ
2549 1196 2934 1268 καρποφοροῦν
2979 1196 3039 1249 ὲν
3089 1196 3170 1267 τῷ
3194 1194 3309 1265 Υίῷ
3340 1212 3358 1229 ⁸
3409 1195 3625 1265 δαψιλεῖ
3695 1192 3758 1248 δδ

2178 1289 2275 1343 καὶ
2302 1288 2514 1360 ἀεννάῳ
2539 1285 2634 1342 τοῦ
2667 1288 3026 1360 Παρακλήτου
3053 1288 3423 1359 πιαινόμενον,
3452 1289 3571 1360 ἦτοι
3591 1286 3766 1353 ζωού-

2182 1398 2364 1453 μενον,
2399 1380 2589 1453 ἀρδείᾳ
2617 1396 2632 1412 ⁸
2661 1381 2690 1434 ό
2712 1382 2886 1451 φοίνιξ
2912 1384 2941 1436 6
2989 1381 3223 1451 εὖκομος
3251 1381 3349 1436 καὶ
3373 1381 3636 1453 ὑψίκομος
3667 1395 3684 1413 ·
3731 1379 3762 1431 ό

2177 1472 2420 1527 κάτωθεν
2454 1473 2564 1526 ἀπὸ
2595 1473 2703 1542 γῆς
2739 1473 2959 1544 πρῶτον
3005 1475 3196 1544 ικφίις,
3253 1475 3348 1528 καὶ
3387 1474 3448 1526 τὸ
3505 1473 3761 1543 στέλεχος

2176 1568 2260 1631 είς
2283 1566 2514 1636 οὐρανὸν
2554 1565 2779 1638 ὕστερον
2823 1567 3072 1632 ἀναδοὺς,
3119 1566 3402 1636 καὶμέχρι
3454 1563 3591 1620 Θεοῦ
3637 1568 3761 1628 ταῖς

2179 1660 2480 1716 ἀναϐάσετι
2509 1661 2620 1716 τῶν
2646 1661 2858 1733 ἀρετῶν
2910 1662 3168 1732 ὑψωθείς.
3221 1661 3333 1715 Καὶ
3361 1660 3506 1715 οὕτω
3536 1661 3758 1733 θυμήρη

2179 1756 2274 1809 καὶ⁸
2303 1754 2475 1819 οὔτως
2506 1755 2725 1825 ἣδιστον
2750 1753 2899 1826 αὐτῷ
2925 1757 3025 1826 τῆς
3062 1753 3344 1818 εὐσεϐείας
3372 1751 3760 1819 πεπλεονακὼς

489 1841 562 1898 tis
593 1841 887 1899 dulcedine
923 1844 1283 1914 multiplicem
1308 1848 1359 1901 ei
1388 1849 1630 1903 fructum
1668 1851 1982 1918 protulerit,
2015 1858 2068 1905 ut

2179 1848 2413 1918 καρπὸν,
2438 1847 2514 1912 ὡς
2538 1850 2598 1920 τῇ
2632 1847 2949 1921 ὑψηλοτάτη
2971 1848 3081 1902 τῶν
3101 1847 3414 1903 ἀποστόλων
3440 1847 3534 1902 καὶ
3564 1865 3762 1919 τιμιω-

487 1932 649 2006 longe
697 1936 1002 1992 celsissimo
1035 1939 1624 2012 venerabilissimoque
1656 1941 1914 2000 duodeno
1943 1961 2074 2015 apo-

485 2028 754 2084 stolorum
789 2030 959 2085 choro
985 2033 1266 2088 accenseri
1292 2035 1580 2089 meruerit.

576 2120 678 2178 Hic
735 2123 902 2193 igitur
960 2139 1192 2195 magnus
1252 2141 1316 2181 ac
1377 2127 1737 2186 admirandus
1794 2129 2072 2198 Jacohus;

487 2214 795 2284 disciplina:
837 2216 930 2271 ille
963 2217 1110 2281 (vita:
1138 2218 1372 2287 scilicet)
1413 2221 1586 2276 Filius
1625 2223 1757 2293 (hoc
1778 2225 1926 2279 enim
1962 2224 2070 2279 sibi

487 2305 605 2360 vult
633 2305 840 2377 Alphaei
876 2310 1170 2378 appellatio
1195 2310 1340 2383 (24")
1375 2327 1498 2367 cum
1523 2316 1642 2386 lege
1675 2316 1829 2386 prius
1870 2317 2072 2376 litterae

487 2395 794 2461 institutus,
825 2397 992 2469 inque
1025 2402 1241 2457 umbris
1271 2413 1436 2474 atque
1466 2405 1675 2477 ﬁguris,
1717 2418 1777 2464 ut
1806 2425 1904 2480 par
1927 2422 2069 2480 erat,

484 2506 638 2558 eum,
672 2491 767 2562 qui
811 2507 942 2548 vere
990 2493 1236 2551 Israelita
1282 2495 1502 2554 futurus
1549 2510 1716 2566 esset,
1761 2503 2072 2571 praedoctus

486 2585 684 2642 fuisset
713 2603 777 2642 ac
802 2589 959 2659 quasi
990 2590 1307 2646 rudimento
1329 2592 1595 2658 imbutus,
1628 2603 1687 2649 ut
1723 2596 2071 2655 solummodo

485 2678 729 2750 Spiritus
762 2681 889 2737 vita:
933 2683 1306 2754 legislatorcm
1345 2686 1508 2750 vidit,
1539 2688 1631 2743 ubi
1664 2697 1877 2744 tantum
1904 2692 2071 2746 caele-

485 2781 625 2828 stem
649 2774 993 2829 vocationem
1025 2791 1090 2831 ac
1113 2777 1354 2832 caelestis
1383 2779 1620 2849 Magistri
1645 2797 1836 2838 vocem
1878 2784 2070 2840 audire

484 2864 811 2934 promeruit,
856 2876 1039 2921 mente
1069 2866 1286 2938 ﬁdeque
1331 2869 1631 2927 enitentem
1672 2871 1727 2928 in
1762 2887 1829 2928 eo
1871 2874 2073 2930 verita-

486 2963 597 3011 tem
635 2956 1060 3029 intelligihiliter
1086 2959 1460 3028 persentiscit,
1493 2973 1554 3018 ut
1588 2965 1683 3034 qui
1723 2975 1878 3019 recto
1903 2965 2068 3021 corde

485 3060 551 3100 ac
573 3046 726 3100 verbi
756 3046 1040 3102 studiosus
1066 3057 1211 3104 esset
1235 3066 1249 3104 :
1279 3057 1340 3104 ut
1367 3058 1628 3121 tanquam
1657 3052 1772 3124 ipse
1800 3053 1959 3109 bona:
1984 3054 2070 3110 in-

486 3137 648 3203 dolis,
681 3138 859 3209 ipsqu
889 3151 1082 3196 natura
1106 3142 1318 3198 Bonum
1341 3143 1674 3217 intelligens,
1701 3161 1765 3202 ac
1788 3147 1969 3202 simile
1997 3147 2073 3203 si-

2179 1942 2317 2014 τάτῃ
2343 1942 2791 2016 συναριθμεῖσθαι
2823 1942 3083 1998 δωδεκάδι

2251 2116 2420 2187 οὗτος
2453 2121 2639 2177 τοίνυν
2673 2122 2702 2176 ό
2757 2122 2935 2193 μέγας
2976 2121 3234 2184 Ἰάκωϐος
3279 2117 3377 2176 καὶ
3408 2119 3722 2189 θαυμαστός
3743 2133 3760 2150 ⁸

2178 2215 2207 2267 6
2240 2213 2340 2285 τῆς
2383 2214 2695 2284 μαθήσεως,
2747 2214 2866 2286 ἦτοι
2913 2212 3080 2284 ζωῆς,
3133 2213 3253 2276 υίδς
3310 2211 3490 2282 (τοῦτο
3525 2211 3635 2283 γάρ
3662 2210 3764 2284 τὴν

2177 2305 2274 2361 τοῦ
2316 2306 2572 2376 ’Λλφαίου
2595 2305 2788 2376 δηλοῦν
2827 2305 3251 2378 προσηγορίαν),
3291 2305 3481 2376 ἐπειδὴ
3529 2305 3622 2360 τὸν

2182 2417 2282 2472 μον
2322 2399 2416 2454 τοῦ
2457 2398 2788 2471 γράμματος
2817 2398 3239 2470 προκατηχήθη,
3277 2400 3372 2453 καὶ
3409 2400 3530 2462 ταῖς
3579 2401 3766 2464 σκιαῖς

2178 2493 2273 2546 καὶ
2301 2493 2414 2555 τοῖς
2439 2491 2651 2559 τύποις,
2681 2492 2758 2554 ὡς
2793 2491 2940 2556 εἰκὸς
2965 2485 3034 2564 ἦν
3053 2490 3146 2545 τὸν
3172 2490 3389 2562 άληθῶς
3420 2490 3768 2564 ἰσραηλίτην

2176 2583 2459 2656 ἐσόμενον,
2531 2587 3066 2657 προεπαιδαγωγήθη
3133 2586 3228 2641 καὶ
3290 2585 3763 2657 προκατηρτίσθη⁸

2179 2677 2256 2741 ὡς
2304 2678 2471 2750 μόνον
2521 2675 2628 2733 εἶδε
2683 2679 2776 2734 τὸν
2826 2678 3126 2751 νομοθέτην
3171 2678 3269 2735 τοῦ
3307 2679 3626 2748 Πνεύματος
3663 2680 3765 2749 τῆς

2178 2769 2346 2840 ζωῆς.
2368 2771 2445 2835 ὡς
2469 2772 2629 2841 μόνον
2641 2772 2740 2842 τῆς
2758 2771 3011 2843 οὐρανίου
3034 2772 3302 2844 κλήσεως,
3325 2773 3536 2843 καὶτῆς
3551 2771 3648 2826 τοῦ
3673 2773 3766 2827 οὑ-

2179 2865 2364 2935 ρανίου
2403 2863 2724 2919 διδασκάλου
2749 2863 3060 2934 κατηξιώθη
3090 2865 3295 2935 φωνῆς,
3326 2864 3643 2920 αἰσθάνεται
3663 2864 3763 2935 μὶν

2173 2957 2377 3028 νοερῶς
2405 2958 2500 3014 xci.
2553 2959 2756 3023 πιστῶς
2785 2959 2883 3030 τῆς
2929 2957 3136 3028 νοητῶς
3183 2959 3242 3010 ὲν
3282 2957 3434 3028 αὑτῷ
3464 2957 3754 3028 νοουμένης

2177 3051 2460 3122 ἀληθείας,
2497 3052 2593 3106 ac;
2614 3051 2841 3124 καρδίας
2875 3050 3091 3117 εὐθείας
3115 3052 3210 3106 καὶ
3237 3051 3607 3124 άληθευτικῆς
3633 3051 3704 3107 ὢν
3733 3067 3749 3084 ⁸

2178 3143 2274 3197 καὶ
2303 3144 2380 3208 ὼς
2406 3143 2610 3211 άγαθδς
2640 3143 2715 3197 ὢν
2737 3143 2838 3212 τὴν
2866 3143 3067 3215 ψυχὴν,
3115 3144 3177 3198 τδ
3219 3144 3382 3215 φύσει
3437 3162 3764 3213 κατανενοη-

486 3233 604 3288 mili
628 3234 828 3290 eximia
847 3235 1087 3306 quadam
1123 3237 1338 3295 ratione
1367 3254 1691 3312 agnoscens,
1713 3243 1916 3299 mentis
1943 3259 2068 3299 em

2178 3237 2290 3302 κὼς
2315 3237 2541 3306 ἀγαθὸν,
2565 3239 2660 3294 καὶ
2702 3238 2780 3310 τῷ
2806 3240 2979 3310 όμοίῳ
3004 3214 3070 3292 τὸ
3093 3237 3282 3310 ὅμοιον
3333 3241 3633 3312 ὑπερφυῶς
3663 3243 3762 3296 ἑπ-

485 3323 682 3379 uﬂ‘ectu
709 3324 1096 3396 apprehendit,
1121 3342 1187 3384 ac
1214 3327 1449 3386 indivise
1472 3330 1550 3387 illi
1585 3333 1928 3389 cohaerescit.

557 3498 626 3554 At
658 3514 766 3554 non
824 3500 1022 3571 spiritu
1057 3503 1283 3574 quidem
1307 3513 1603 3577 menteque
1630 3512 1848 3567 vocanti
1887 3510 2072 3570 adhae-

2181 3329 2460 3399 εγνωκὼς,
2493 3331 2923 3402 καταδράττεται
2951 3329 3143 3386 τούτου
3176 3331 3414 3387 διαθέσει
3441 3319 3645 3406 φυχῆς,
3669 3337 3768 3394 καὶ

2175 3424 2332 3477 ἁόιατ
2341 3425 2526 3494 μήτιος
2557 3423 2984 3494 προσκολλᾶται.

2259 3515 2400 3571 Ἀλλ’
2437 3516 2498 3570 οὐ
2527 3515 2802 3586 πνεύματι
2843 3517 2942 3587 μὲν
2968 3517 3064 3573 καὶ
3092 3519 3174 3574 νοῒ
3199 3517 3277 3590 τῷ
3304 3517 3604 3589 κεκληκότι
3637 3538 3766 3574 συνο

483 3593 579 3653 sit,
607 3607 840 3664 corpore
862 3606 995 3650 vero
1018 3595 1086 3650 ab
1112 3610 1180 3652 eo
1201 3597 1415 3670 seiungi
1437 3600 1724 3664 sustinuit,
1746 3619 1850 3661 nec
1870 3609 2068 3676 partim

2178 3609 2394 3679 εφύετο.
2475 3608 2554 3678 τῷ
2607 3607 2823 3679 σώματι
2857 3609 2915 3662 δὲ
2964 3609 3260 3682 διῃρῆσθαι
3306 3612 3501 3665 τούτου
3535 3615 3764 3668 κατεδέ-

487 3683 694 3739 mundo
726 3693 891 3755 atque
926 3687 1114 3743 saeculi
1147 3689 1440 3746 desideriis
1471 3693 1759 3765 turbisque
1783 3697 2068 3768 impende-

2178 3719 2300 3773 χετο
2317 3718 2333 3733 ⁸
2363 3701 2474 3756 οὐδ’
2491 3702 2550 3755 ὲν
2572 3701 2729 3772 μέρει
2751 3704 2848 3772 μὲν
2875 3701 2952 3772 τῷ
2983 3703 3175 3774 κόσμῳ
3195 3703 3291 3759 καὶ
3321 3706 3443 3769 ταῖς
3463 3710 3764 3776 κοσμικαῖς

487 3775 668 3843 batur,
695 3779 1006 3848 partimque
1033 3779 1216 3850 ipsum
1247 3783 1590 3852 sequendum
1626 3788 1870 3854 putavit;
1900 3805 2067 3860 quem

2178 3794 2490 3865 ὶπιθυμίαις
2546 3795 2640 3850 καί¹
2687 3794 2917 3866 τύρϐαις
2959 3796 3330 3869 ἀπησχόλητο,
3361 3800 3422 3853 ὲν
3478 3799 3634 3871 μέρει
3693 3799 3752 3852 δὲ

485 3869 647 3938 plane
678 3886 789 3924 non
828 3872 1048 3938 lateret,
1088 3872 1206 3930 ﬁeri
1245 3889 1356 3929 non
1391 3890 1551 3945 posse
1598 3886 1658 3931 ut
1685 3879 1810 3948 quis
1850 3879 2068 3937 duobus

2178 3887 2344 3958 τούτῳ
2376 3886 2610 3942 ἔπεσθαι
2647 3885 2782 3956 ᾤετο
2818 3888 2949 3951 δεῖν,
2997 3887 3119 3942 δυσὶ
3145 3884 3377 3958 κυρίοις’
3397 3869 3743 3945 δεδουλῶσθαι

481 3960 724 4016 dominis
752 3978 946 4018 servus
970 3965 1224 4021 addictus
1245 3966 1316 4021 sit
1337 3968 1382 3999 "
1412 3985 1422 4020 :
1461 3969 1592 4038 quin
1621 3986 1688 4025 ne
1718 3972 1810 4026 uni
1842 3973 2066 4040 quidem

2178 3980 2486 4036 ἀνένδεκτόν
2531 3978 2691 4043 εἰδὼς
2726 3978 2786 4032 δν
2808 3998 2820 4010 ⁸
2863 3977 2973 4032 οὐδ’
2995 3979 3076 4033 ἑνὶ
3103 3980 3203 4050 μὲν
3237 3982 3332 4036 καὶ
3362 3982 3434 4053 τῷ
3461 3978 3604 4051 αὐτῷ
3645 3997 3748 4034 κα-

478 4053 775 4124 eidemque
797 4055 1225 4127 obsequebatur,
1256 4059 1330 4113 ita
1347 4077 1478 4116 vero
1506 4072 1567 4116 ut
1595 4063 1648 4116 in
1676 4081 1764 4120 res
1785 4082 1910 4125 suas
1935 4069 2067 4125 satis

2178 4073 2431 4145 ταπειθὴς
2453 4070 2542 4145 ἦν,
2563 4072 2685 4127 καθ’
2703 4072 2798 4126 ἕνα
2814 4072 2870 4126 δὲ
2895 4073 3099 4144 τρόπον
3125 4073 3409 4146 αὗταρκες
3433 4073 3752 4144 εὐαρεστεῖν

483 4151 761 4217 putaverit
806 4166 914 4206 una
953 4152 1166 4206 honesti
1207 4155 1451 4225 rectique
1493 4167 1648 4225 parte
1680 4157 1934 4229 defungi;
1972 4169 2066 4216 aut

2178 4169 2375 4239 ἠγεῖτο,
2398 4167 2430 4238 ἢ
2451 4166 2594 4237 λόγῳ
2618 4165 2873 4235 πράξεως
2903 4163 3224 4238 ἀμοιροῦντι
3267 4167 3470 4234 δεξιᾶς,
3498 4167 3532 4238 ἢ
3557 4166 3758 4238 πράξει

478 4239 699 4295 scilicet
741 4257 1019 4308 sermone,
1060 4246 1337 4314 prwclarae
1389 4247 1624 4305 actionis
1660 4265 1765 4320 ope
1817 4262 2062 4318 carente,

2178 4259 2264 4314 τοῦ
2314 4260 2422 4313 τῶν
2477 4259 2650 4326 λόγων
2683 4259 2988 4330 λειπομένη
3013 4257 3190 4326 φωτός
3219 4274 3234 4290 ⁸
3287 4257 3411 4312 κατ’
3479 4257 3651 4327 ἄμφω
3698 4257 3760 4312 δι

479 4343 580 4388 Iut
611 4337 850 4399 actione,
897 4350 1062 4404 quam
1107 4340 1383 4393 sermonis
1433 4339 1524 4396 lux
1573 4356 1637 4395 ac
1679 4341 2060 4398 doctrinarum

2178 4351 2287 4406 λίαν
2305 4351 2542 4420 εὐφυῶς,
2562 4350 2816 4421 καὶπρὸς
2844 4350 2935 4404 τὸν
2964 4350 3289 4405 διδάσκαλον
3317 4350 3600 4421 ἁρμοδίως
3629 4352 3755 4405 δια-

483 4421 749 4478 dcliceret
781 4441 794 4477 :
833 4425 926 4479 sed
965 4425 1213 4496 utrisque
1266 4429 1504 4499 ingenue
1551 4431 1872 4497 admodum,
1904 4442 1961 4488 et
2003 4443 2065 4489 ut

2178 4443 2444 4514 κείμενος,
2475 4441 2573 4495 καὶ
2599 4439 2874 4513 πνεύματι
2912 4440 3031 4506 δλος
3058 4440 3125 4494 δι’
3146 4439 3270 4494 ὅλου
3312 4439 3666 4513 συνήρμοστό
3694 4457 3758 4495 τε

481 4514 747 4586 magistro
776 4531 1080 4588 congruum
1123 4529 1260 4585 erat,
1291 4523 1476 4577 animo
1511 4523 1760 4587 allectus.
1796 4537 1912 4582 tum
1951 4527 2060 4597 spi-

2178 4534 2264 4589 καὶ
2292 4533 2586 4604 συνήνωτο,
2648 4534 2742 4587 καὶ
2792 4532 3008 4604 σώματι
3043 4534 3468 4588 ἀναπόσπαστον
3509 4533 3610 4604 τὴν
3637 4533 3759 4602 μετ’

483 4605 594 4660 ritu
631 4615 778 4663 totus
825 4609 1049 4678 penitus
1083 4611 1162 4666 illi
1203 4621 1494 4670 consertus
1526 4631 1590 4670 ac
1633 4615 1889 4672 counitus
1918 4629 2060 4688 erat,

2178 4627 2335 4683 ιὺτοῦ
2360 4627 2628 4698 πεποίηκε
2649 4626 2958 4700 διατριὸήν⁸
2992 4627 3085 4681 καὶ
3109 4626 3291 4695 λόγοις
3315 4627 3416 4699 μὲν
3430 4627 3625 4696 σοφίας
3661 4627 3758 4682 καὶ

482 4708 599 4754 tum
631 4715 863 4770 corpore
895 4702 1160 4759 indivisas
1180 4721 1304 4760 cum
1331 4707 1424 4761 illo
1451 4723 1634 4762 moras
1659 4709 1944 4778 trahebat;
1976 4728 2064 4767 sa-

2178 4721 2441 4785 συνέσεως
2478 4721 2572 4774 καὶ
2616 4722 2836 4792 χάριτος
2861 4719 3147 4775 εὐσύνετόν
3177 4720 3268 4784 οὓς
3293 4720 3754 4793 παρατιθέμενος,

479 4791 816 4862 pientiaeque
840 4803 897 4848 et
927 4795 1236 4864 prudentim
1285 4808 1450 4868 atque
1491 4800 1680 4869 gratia:
1715 4803 2066 4859 sermonibus
2170 4817 2384 4880 οὐδενὸς
2412 4815 2551 4870 κατὰ
2573 4791 2745 4872 ταῦτα
2769 4816 2876 4870 τῶν
2903 4815 3218 4885 κορυφαίων
3248 4791 3579 4871 ἀπελείπετο
3607 4832 3627 4849 ⁸
3662 4818 3762 4870 καὶ

480 4900 671 4941 aurem
719 4888 891 4957 probe
939 4887 1335 4961 intelligenteiu
1386 4892 1678 4960 adhibens,
1738 4895 1860 4966 ejus
1904 4897 2062 4953 chori

2178 4908 2358 4981 ἔργοις
2406 4909 2461 4964 δὲ
2497 4910 2738 4974 πίστεως
2759 4909 2856 4963 καὶ
2895 4909 3230 4981 ἀγαπήσεως
3283 4909 3485 4981 ὁμοίως
3521 4911 3760 4975 ἐκείνοις

481 4979 794 5049 principum
844 4995 908 5036 ea
942 4991 1098 5052 parte
1140 4983 1274 5038 nulli
1317 4983 1594 5039 secundus
1641 4992 1780 5051 erat,
1829 4985 2064 5059 fideique

2178 4979 2215 5056 ό.
2246 5001 2552 5072 θαυμάσιος
2608 4979 3083 5075 κατηρτισμένος..
3101 5003 3218 5067 πῶς
3265 4979 3365 5058 οὗκ
3388 5002 3613 5074 ἔμελλεν
3658 5003 3756 5075 τῆς

479 5070 747 5139 operibus
784 5086 849 5127 ac
882 5072 1192 5127 dilectionis
1246 5075 1360 5142 pari
1395 5073 1502 5128 illis
1539 5073 1702 5128 modo
1746 5075 1832 5131 vir
1875 5077 2055 5132 admi-

2178 5070 2424 5148 ὶνωτάτω
2467 5095 2560 5149 καὶ
2605 5070 2987 5168 πρεσδυτάτης
3033 5097 3144 5152 τῶν
3193 5070 3510 5152 ἀποστόλων
3547 5070 3755 5165 τάξεως

479 5162 689 5218 randus
721 5165 1018 5234 perfectus,
1045 5164 1136 5233 qui
1175 5165 1327 5220 ﬁeret
1361 5175 1421 5219 ut
1464 5167 1517 5219 in
1566 5182 1879 5236 supremam
1913 5171 2058 5224 anti-

2178 5183 2539 5255 ιιατηξιῶσθαι
2566 5203 2580 5252 ;

479 5253 916 5324 quissimamque
965 5256 1341 5325 apostolorum
1383 5258 1613 5316 classem
1651 5262 1896 5333 cooptari
1950 5277 2058 5319 non

481 5344 828 5396 mereretur?

553 5435 848 5503 Postquam
883 5436 1030 5492 enim
1093 5438 1333 5508 legitima
1393 5441 1470 5496 illi
1530 5444 1881 5500 contubernii
1935 5463 2064 5504 cum

2260 5449 2479 5520 Ἐπειδὴ
2534 5449 2642 5522 γὰρ
2699 5451 2931 5522 νόμιμον
2980 5451 3090 5506 ἔδει
3139 5450 3312 5523 τούτῳ
3352 5450 3610 5520 γενέσθαι
3653 5448 3761 5522 τὴν

474 5524 702 5580 Christo
736 5526 1093 5600 indivisaque
1135 5529 1444 5586 sedulitatis
1475 5533 1613 5589 ratio
1638 5534 1876 5593 incunda
1903 5548 2028 5594 erat
2049 5581 2066 5606 ,

2178 5542 2316 5611 μετὰ
2338 5545 2432 5597 τοῦ
2460 5545 2698 5616 Χριστοῦ
2739 5545 3026 5620 διατριϐήν
3051 5561 3066 5579 ⁸
3120 5545 3286 5618 νόμος
3324 5544 3383 5601 δι
3426 5543 3758 5618 μαθητείαν

554 5686 598 5715 ⁸⁸
636 5686 794 5740 Joan.
827 5702 914 5754 xv,
951 5690 1000 5743 1.
1072 5690 1118 5721 ⁸⁵
1154 5689 1346 5745 Matth.
1405 5707 1453 5746 vt
1483 5731 1498 5760 ,
1544 5691 1636 5749 Ἠ.

549 5828 964 5893 (ΞΗΑΙυίιαξυε.
994 5832 1148 5902 quasi
1187 5833 1382 5899 doctor,
1426 5833 1554 5901 dux,
1583 5835 1736 5893 verb.
1771 5819 1908 5915 1'3"»!
1948 5837 2125 5895 didicit
2154 5823 2270 5921 ηιικ
