4086 6282
321 350 427 413 153

1055 356 1334 420 ORATIO
1370 360 1536 422 νιιῐ.
1573 362 1740 423 -ΙΝ
1782 361 2093 426 LAUDEM
2126 365 2186 427 S.
2230 366 2493 430 JACOBI
2530 367 2854 432 ALPHEI.

3492 371 3593 433 15ι

319 460 688 547 ἀπαρνεῖσθαι
735 462 841 532 μὲν
891 465 1069 519 πᾶσαν
1109 452 1208 538 τήν
1250 472 1642 541 παρεπομένην
1690 472 1911 535 ἔξωθεν.

2023 476 2251 547 ίίεοίρυιί
2279 493 2412 534 vero
2459 480 2546 532 lex
2586 477 2929 545 habebatur,‘
2949 491 3170 531 onmem
3192 487 3312 547 qua:
3347 480 3595 537 exterius

320 544 643 625 πέριουσίαν
673 573 688 588 ο
743 557 1108 628 ἀπαρνεῖσθαι
1156 559 1212 614 δὲ
1249 562 1340 615 καὶ
1375 564 1557 617 πᾶσαν
1605 565 1706 634 τὴν
1756 567 1896 620 κατὰ

321 645 504 716 σάρκα
536 646 800 715 φιλότητα
849 650 944 703 τοῦ
983 651 1281 720 συγγενοῦς
1317 670 1332 684 °
1373 657 1509 724 πρὸς
1536 657 1614 720 δὲ,
1659 660 1754 712 καὶ
1799 658 1894 713 τοῦ

320 738 530 792 οἰκείου
555 739 860 811 θελήματος
894 743 1365 816 ἀπηλλοτριῶσθαι
1407 748 1508 815 τῆς
1555 750 1755 821 ψυχῆς.
1787 751 1901 806 M6-

317 829 405 894 λις
425 830 538 901 γὰρ
570 829 638 885 ἂν
656 831 801 886 οὕτω
841 833 1100 889 δύνασθαι
1130 841 1346 908 συχνοῖς
1389 839 1473 893 ὅτι
1507 840 1745 911 μάλιστα
1801 843 1900 896 πό-

319 938 456 988 νοις,
487 921 583 977 καὶ
604 924 806 996 γνησίᾳ
829 929 895 997 τῇ
930 927 1038 979 τῶν
1057 928 1226 982 θείων
1259 931 1459 1002 μελέτῃ
1487 932 1581 986 καὶ
1613 933 1902 1006 φιλοπονίᾳ.

313 1008 397 1085 τῷ
451 1015 648 1086 ἀγαθῷ
679 1014 776 1070 τοῦ
821 1016 958 1071 Θεοῦ
1012 1018 1282 1090 θελήματι
1333 1023 1616 1093 σχολάσαι,
1682 1027 1778 1080 καὶ
1843 1028 1902 1078 ὲν

314 1105 468 1178 αύτῷ
493 1107 927 1179 κατορθωθῆναι,
953 1112 1049 1165 καὶ
1081 1112 1160 1182 τῷ
1184 1115 1612 1186 ὲπιθυμουμὲνῳ
1646 1120 1746 1188 τῆς
1788 1117 1898 1170 τῶν

313 1195 567 1267 οὐρανῶν
596 1196 878 1266 βασιλείας
904 1199 973 1252 δι’
1002 1200 1168 1255 αὐτοῦ
1209 1204 1577 1274 προσορμίσαι
1628 1209 1902 1275 καταντήο

327 1303 482 1358 post.
541 1288 762 1361 Ἐπειδὴ
801 1286 897 1344 οὖν
921 1291 1111 1347 τοῦτον
1141 1287 1281 1348 εἶναι
1313 1295 1405 1347 τὸν
1425 1295 1590 1364 νόμον
1613 1295 1708 1349 τοῦ
1737 1295 1901 1350 πνεύ·

334 1397 504 1451 ματος
537 1383 565 1436 δ
609 1382 754 1446 θεῖος
794 1381 1052 1448 Ἰάκωϐος
1093 1386 1230 1458 πρὸς
1264 1386 1432 1457 αὐτῆς
1485 1389 1763 1458 ὲπακήκοε
1809 1387 1908 1458 τῆς

2011 582 2196 624 comes
2213 571 2362 624 venit
2384 569 2658 641 abnegare
2686 571 2959 625 bonorum
2980 569 3193 640 copiam
3215 587 3230 633 ;
3261 585 3592 640 omnemque

2010 675 2203 716 eorum
2221 663 2315 731 qui
2328 661 2610 733 sanguinis
2626 660 3031 717 necessitudine
3041 661 3325 729 conjuncti
3339 671 3487 727 sunt,
3504 662 3594 718 ah-

2015 769 2214 823 negare
2241 753 2569 820 amicitiam;
2600 753 2667 808 ad
2700 753 2817 808 haec
2843 769 2977 807 vero
3008 752 3180 822 ipsam
3215 753 3380 807 etiam
3417 753 3588 807 animi

2014 843 2291 915 propriam
2324 845 2581 901 abdicare
2620 844 2983 900 voluntatem.
3017 844 3108 900 Sic
3133 845 3280 899 enim
3305 845 3397 902 vix
3425 861 3590 914 quam

2015 937 2252 992 maxime
2296 936 2510 992 crebris
2548 936 2853 1000 laboribus,
2884 950 3124 1005 veraque
3156 950 3340 990 rerum
3382 935 3596 990 divina-

2015 1041 2137 1080 rum
2165 1025 2523 1080 meditatione
2547 1039 2613 1078 ac
2633 1024 2844 1089 studio,
2873 1024 2970 1079 Dei
2995 1039 3157 1094 posse
3178 1039 3372 1078 vacare
3401 1023 3596 1078 volun-

2013 1119 2134 1181 tati,
2174 1118 2339 1189 inque
2379 1133 2444 1173 ea
2492 1117 2638 1172 felici
2675 1118 2827 1172 exitu
2878 1118 3108 1184 enitere,
3153 1132 3218 1171 ac
3275 1116 3593 1170 desiderato

2013 1220 2248 1259 occursu
2299 1205 2565 1260 caelorum
2614 1221 2844 1276 regnum
2885 1205 3161 1260 obtinere.
3218 1203 3369 1260 lianc
3409 1205 3598 1274 itaque

2016 1296 2257 1369 Spiritus
2303 1296 2479 1367 legem
2528 1295 2751 1351 divinus
2807 1296 3048 1353 Jacobus
3077 1312 3144 1352 ex
3191 1296 3308 1366 ipsa
3360 1303 3598 1350 veritate

2017 1406 2142 1448 cum
2176 1389 2444 1454 audisset,
2477 1405 2586 1445 non
2623 1390 2814 1445 auditu
2845 1390 3114 1455 offensus,
3146 1405 3255 1443 non
3290 1387 3456 1444 corde
3478 1403 3602 1457 gra-

334 1471 606 1542 άληθείας,
629 1473 729 1528 οὐκ
761 1475 1103 1547 ἀπεκναίσθη
1131 1476 1230 1545 τὴν
1253 1478 1422 1551 ἀκοήν
1449 1495 1462 1510 ·
1498 1479 1598 1533 οὐκ
1632 1479 1904 1550 ἐϐαρύνθη

2023 1491 2179 1539 vatus
2206 1493 2311 1547 est,
2349 1498 2459 1538 non
2498 1483 2742 1539 mandati
2773 1482 3116 1538 sublimitate
3151 1480 3339 1536 animo
3378 1480 3454 1534 illi
3483 1480 3568 1534 ha:

331 1564 432 1629 τὴν
457 1564 675 1636 καρδίαν
696 1580 714 1596 ·
757 1564 820 1618 ού
846 1566 980 1634 πρὸς
1006 1568 1066 1621 τὸ
1092 1566 1225 1636 ὕψος
1252 1567 1517 1638 ἰλιγγίασε
1543 1569 1644 1638 τῆς
1665 1569 1906 1640 ἐντολῆς·

2023 1585 2176 1630 rente
2225 1575 2547 1646 perculsus;
2603 1576 2736 1646 quin
2788 1574 2978 1629 innato
3022 1571 3302 1630 desiderio
3354 1571 3410 1625 in
3469 1585 3599 1626 eum

327 1654 552 1726 ἐμφύτῳ
577 1655 636 1709 δὲ
668 1655 820 1727 πόθῳ
862 1658 1000 1729 πρὸς
1036 1661 1133 1712 τὸν
1160 1660 1538 1731 ἐντελλόμενον
1559 1661 1631 1715 τὰ
1667 1663 1910 1734 σωτήρια

2023 1668 2345 1738 praevolans,
2372 1668 2465 1738 qui
2499 1683 2564 1722 ca
2608 1684 2731 1739 quae
2767 1666 2962 1723 salutis
2988 1674 3193 1732 essent,
3227 1661 3600 1735 pra-cipichat,

322 1745 739 1815 ἀναπτερωθεὶς
762 1745 1040 1810 ἐξίσταται
1078 1747 1179 1815 μὲν
1201 1748 1359 1812 εὐθὺς
1396 1748 1595 1811 παντὸς
1625 1750 1911 1819 κτήματος

2023 1777 2045 1817 a
2075 1763 2290 1816 cunctis
2319 1763 2502 1818 statim
2545 1777 2669 1831 qua:
2698 1762 2754 1816 in
2783 1775 2951 1817 censu
2999 1775 3065 1814 ac
3094 1766 3382 1813 numerato
3418 1764 3600 1819 erant,

321 1837 421 1892 καὶ
473 1811 780 1908 χρήματος,
835 1839 936 1891 ὅσα
965 1811 1144 1911 τούτῳ
1217 1840 1429 1910 προσῆν
1460 1854 1474 1869 ·
1527 1811 1808 1906 ἐξίσταται
1853 1811 1911 1892 δὲ

2023 1854 2298 1909 abscedit:
2329 1870 2359 1909 a
2386 1855 2738 1916 necessariis,
2780 1851 3125 1924 parentibus,
3179 1849 3463 1913 fratribus,
3504 1862 3600 1900 co-

317 1930 560 1994 οἱκείων,
617 1931 842 1999 γονέων,
891 1931 1161 2000 ἀδελφῶν,
1222 1932 1522 2002 συγγενῶν,
1575 1933 1769 2003 φίλων,
1815 1932 1915 1986 καὶ

2023 1944 2214 2016 gnatis,
2246 1945 2440 2002 amicis
2491 1948 2815 2015 cunctisque
2844 1945 2953 1999 illis
2989 1943 3085 2014 qui
3127 1958 3196 1996 ex
3233 1957 3436 2012 genere
3464 1955 3604 2010 quo-

317 2023 544 2079 πάντων
571 2025 687 2080 ὅσοι
707 2023 880 2095 τούτῳ
916 2025 1056 2079 κατὰ
1088 2026 1248 2096 σῶμα
1274 2027 1645 2097 προσήκοντες
1666 2042 1680 2058 ·
1709 2025 1803 2080 καὶ
1817 2027 1914 2082 τις

2023 2035 2098 2091 vis
2131 2036 2295 2092 modo
2325 2037 2480 2092 illum
2523 2036 2939 2107 contingebant,
2977 2050 3097 2090 sese
3141 2033 3391 2104 abjungit
3427 2049 3441 2086 :
3484 2032 3600 2100 ipsa

316 2113 434 2181 λος,
464 2116 568 2187 τὴν
600 2115 736 2170 ίδίαν
780 2115 1172 2187 ἀπηρνημένος
1199 2112 1398 2188 ψυχὴν,
1432 2116 1528 2170 καὶ
1573 2118 1774 2180 παντὸς
1809 2134 1913 2188 Xa-

319 2205 597 2278 μαιζήλου
655 2207 752 2261 καὶ
809 2205 1003 2271 πεζίου
1065 2206 1374 2279 θελήματος
1434 2207 1915 2280 ἀλλοτριούμενος,

321 2299 492 2370 μόνον
526 2298 755 2352 ὰνέπνει
802 2299 896 2356 τὸν
946 2298 1177 2365 Ἰησοῦν,
1233 2300 1394 2369 μόνον
1421 2299 1516 2370 ἔζη
1556 2298 1648 2352 τὸν
1687 2297 1916 2368 Ἰησοῦν.

323 2392 474 2467 Πρὸς
500 2391 740 2463 Χριστὸν
792 2393 951 2463 μόνον
980 2391 1302 2463 (irrumpere,
1358 2391 1495 2461 πρὸς
1533 2390 1766 2462 Χριστὸν
1815 2391 1912 2443 ἁν-

2011 2137 2295 2201 postremo
2322 2130 2503 2185 anima
2535 2131 2826 2200 abnegata,
2857 2128 3122 2199 omnique
3147 2126 3344 2182 humili
3374 2140 3438 2180 ac
3471 2141 3603 2180 ver-

2011 2228 2178 2290 gente
2207 2219 2464 2276 abdicata
2496 2220 2804 2286 voluntate,
2839 2220 3066 2276 unicum
3111 2218 3299 2274 Iesum
3331 2215 3602 2288 spirabat,

2015 2313 2204 2370 Jesum
2231 2314 2454 2368 unicum
2481 2312 2736 2380 vivebat;
2769 2311 2827 2367 in
2859 2327 3028 2366 unum
3054 2310 3338 2366 Christum
3370 2323 3605 2379 suspen-

2018 2422 2133 2473 sus,
2158 2417 2340 2462 mente
2366 2406 2420 2463 in
2447 2405 2730 2462 Christum
2759 2405 3028 2470 intentus,
3060 2411 3209 2460 totus
3236 2403 3291 2457 in
3320 2400 3605 2456 Christum

331 2485 574 2540 ετείνιτο
595 2485 688 2538 τὸν
713 2485 857 2540 νοῦν.
885 2485 1046 2547 Ὀλος
1087 2485 1433 2554 ὲπέστραπτο
1469 2483 1605 2555 πρὸς
1653 2483 1918 2554 Χριστόν·

2023 2513 2324 2556 coriversus
2366 2507 2534 2554 erat:
2567 2498 2717 2552 illius
2763 2507 2944 2562 totus,
2980 2511 3094 2551 non
3137 2494 3224 2551 sui
3269 2493 3386 2564 ipse
3439 2500 3606 2548 erat:

329 2575 491 2634 αὺτοῦ
522 2577 647 2640 ὅλος
674 2571 765 2649 ἦν,
788 2577 883 2631 καί
913 2577 1009 2648 οὐχ
1038 2575 1250 2630 ἑαυτοῦ.
1282 2577 1452 2630 Αὐτὸν
1481 2570 1595 2646 εἶχε
1616 2577 1767 2641 Θεὸν,
1813 2576 1918 2630 Κύ-

2023 2590 2204 2662 ipsum
2246 2590 2420 2645 Deum
2448 2589 2764 2656 Dominum,
2809 2587 3154 2659 magistrum,
3186 2600 3393 2657 regem,
3426 2590 3609 2654 pasto-

333 2687 468 2738 ριον,
499 2667 850 2732 διδάσκαλον,
901 2666 1142 2737 βασιλέα,
1184 2669 1437 2738 ποιμένα,
1466 2666 1706 2738 Πατέρα,
1730 2664 1918 2736 Σωτῆ-

2023 2699 2160 2748 rem,
2197 2682 2438 2746 Patrem,
2465 2682 2807 2738 Salvatorem
2828 2696 2892 2736 ac
2917 2688 3312 2751 praeceptorem
3342 2675 3607 2732 habebat.

329 2781 400 2836 ρα
449 2763 548 2818 καὶ
597 2761 977 2832 καθηγεμόνα.
1033 2761 1207 2814 Δύτον
1246 2761 1346 2830 τῆς
1395 2761 1604 2824 οἰκείας
1654 2760 1918 2814 ἐπίστευε

2023 2775 2148 2832 Sua:
2184 2791 2312 2832 eum
2345 2773 2607 2830 credebat
2633 2773 2832 2828 animae
2858 2772 3038 2828 lucem
3074 2787 3138 2825 ac
3179 2768 3372 2829 vitam,
3403 2766 3611 2823 sancti-

321 2856 508 2928 ψυχῆς
541 2852 688 2909 εἶναι
725 2854 842 2924 φῶς
875 2854 970 2909 καὶ
992 2853 1159 2926 ζωὴν,
1192 2852 1464 2925 ἀγιασμδν
1491 2852 1587 2909 καὶ
1613 2852 1918 2925 άιιτολύτρω¹

2025 2869 2336 2924 (irationem
2359 2881 2435 2922 ac
2465 2865 2929 2935 redemptionem,
2958 2863 3192 2918 salutem
3236 2875 3301 2915 ac
3332 2858 3610 2930 iustifica-

321 2966 430 3016 σιν,
469 2948 751 3020 σωτηρίαν
788 2946 886 3001 καὶ
909 2946 1215 3001 δικαίωσιν.
1258 2947 1432 3002 Αὐτὸν
1480 2941 1628 3017 εἶχεν
1683 2946 1918 3013 ἐξουσίαι

2029 2962 2257 3017 tionem.
2297 2960 2481 3030 ipsum
2506 2967 2838 3030 potestatem
2862 2964 2919 3012 et
2945 2963 3116 3025 caput
3142 2953 3419 3018 habebat;
3464 2951 3610 3007 unde

326 3041 423 3094 καὶ
454 3039 706 3109 κεφαλήν
735 3055 752 3071 ·
782 3038 907 3093 ὅθεν
937 3037 1035 3093 καὶ⁵
1063 3039 1111 3092 oi
1148 3039 1419 3110 ὀφθαλμοὶ
1469 3040 1635 3094 αὑτοῦ
1669 3039 1918 3110 διηνεκῶς

2025 3053 2191 3106 etiam
2232 3050 2288 3105 in
2328 3064 2394 3106 eo
2434 3049 2644 3120 iugiter
2680 3046 2854 3118 ipsius
2887 3046 3036 3101 oculi
3082 3054 3241 3101 erant
3265 3045 3312 3078 ⁸⁸
3345 3061 3361 3100 :
3411 3042 3611 3098 mentis

322 3135 381 3186 ἐν
430 3131 604 3204 αὐτῷ.
665 3131 892 3203 Νοερῶς
942 3131 1052 3203 γὰρ
1109 3132 1272 3186 αὑτὸν
1311 3132 1404 3186 καὶ
1464 3132 1821 3198 ἀδιαλείπτως
1851 3135 1918 3188 ἔνι

2037 3145 2183 3200 enim
2216 3140 2508 3214 prtesentia
2552 3141 2956 3204 indesinenter,
3002 3147 3062 3194 ut
3106 3140 3163 3194 in
3206 3137 3453 3206 speculo,
3483 3152 3613 3191 cum

321 3225 653 3298 ωπτρίζετο.
674 3223 850 3279 Τοῦτο
869 3224 976 3298 γὰρ
995 3220 1153 3296 οἶμαι
1201 3227 1296 3280 καὶ
1351 3226 1444 3281 τδν
1492 3225 1918 3299 Ἐκκλησιαστήν

2031 3238 2419 3295 contuebatur.
2471 3234 2645 3306 quue
2688 3233 2868 3305 ipsum
2925 3233 3175 3289 arbitror
3223 3231 3614 3286 Ecclesiastem

321 3321 690 3394 παραδηλοῦν,
756 3320 864 3376 τοῦ
922 3322 1143 3392 σοφοῦ,
1177 3323 1406 3392 λέγοντα
1429 3366 1446 3390 ,
1493 3323 1638 3390 τοὺς
1701 3324 1920 3394 ὀφθαλ-

322 3419 477 3489 μοὺς
526 3412 678 3472 εἶναι
740 3415 813 3471 ἐν
867 3413 944 3485 τῇ
1006 3415 1194 3472 αὑτοῦ
1224 3415 1496 3486 κεφαλῇ’,
1537 3416 1646 3470 τὸν
1690 3415 1925 3487 ἄφρονα

335 3507 407 3562 δὲ
451 3509 801 3576 πορεύεσθαι
860 3508 932 3562 ἐν
979 3509 1205 3564 σκότει.

417 3598 626 3656 Ὠσπερ
653 3596 735 3653 οὖν
759 3600 868 3654 τῶν
900 3601 1171 3670 σωμάτων
1201 3600 1270 3655 τὰ
1323 3598 1750 3669 διαφανέστατα,
1813 3600 1912 3654 ὅλα

350 3689 421 3743 δι’
446 3689 568 3743 ὅλου
616 3688 711 3761 τῆς
749 3689 982 3762 ἡλιακῆς
1037 3690 1275 3757 ἀκτῖνος,
1316 3690 1456 3745 αὑτά
1483 3705 1543 3743 τε
1572 3689 1713 3742 κατὰ
1762 3686 1924 3758 βάθος

339 3777 705 3852 πληρούμενα,
726 3780 822 3835 καὶ
845 3782 959 3842 τοῖς
988 3779 1217 3849 πλησίον
1270 3777 1737 3850 μεταδιδοῦσι“τοῦ
1757 3795 1923 3846 φωτι-

329 3870 492 3944 σμοῦ,
521 3869 668 3927 οὕτω
693 3874 781 3929 cui.
798 3872 982 3937 αὐτὸς,
1000 3864 1044 3927 ὧ
1071 3872 1297 3937 θεόπτας
1323 3873 1442 3936 ταῖς
1471 3872 1651 3925 ἀκτῖσι
1682 3870 1777 3925 τοῦ
1798 3887 1925 3942 νοη-

323 3965 418 4020 τοῦ
436 3964 541 4036 τῆς
557 3964 907 4037 δικαιοσύνης
937 3964 1118 4018 Ἡλίου
1143 3962 1556 4036 προσεσχηκὼς,
1588 3961 1683 4017 καί⁵
1704 3962 1805 4033 τῆς
1836 3963 1929 4016 αὐ-

324 4056 416 4113 τοῦ
438 4058 669 4130 χάριτος
713 4056 832 4122 ὅλος
883 4056 951 4111 δι’
983 4056 1106 4112 ὅλου
1151 4056 1436 4125 πλησθεὶς,
1464 4057 1560 4110 καὶ
1587 4055 1923 4128 διειδεστάτῃ

322 4149 537 4222 διανοίᾳ
607 4149 754 4204 κατὰ
825 4148 987 4220 βάθος
1014 4189 1032 4217 ,
1094 4149 1216 4204 ὅλον
1267 4149 1329 4204 τδ
1373 4149 1662 4220 θεαρχικὺν
1721 4149 1926 4219 φέγγος

325 4243 664 4313 σημειωθεὶς
682 4282 698 4306 ,
729 4242 824 4296 καὶ
848 4243 1172 4314 αὐτόχρημα
1190 4241 1303 4311 φῶς
1341 4244 1486 4295 κατὰ
1515 4240 1735 4312 μέθεξιν
1759 4242 1926 4314 ὕπερ-

325 4334 444 4402 φυᾶ
472 4331 739 4401 γεγονὼς,
795 4333 962 4387 πᾶσιν
993 4333 1171 4387 ἔθνεσι
1209 4331 1587 4404 ἐχρημάτισας
1617 4331 1920 4402 φωτισμός.

397 4423 597 4479 Τοίνυν
623 4423 910 4497 μακαρίζω
949 4441 1042 4478 σου
1073 4424 1135 4478 τὸ
1181 4423 1366 4493 σῶμα,
1388 4423 1450 4477 τὸ
1475 4422 1622 4493 ἱερὸν
1647 4422 1914 4494 σκήνωμα

2029 3331 2282 3394 innuere,
2307 3341 2435 3383 cum
2471 3326 2550 3382 ait
2581 3342 2594 3379 :
2622 3323 2885 3396 Sapientis
2911 3322 3049 3377 oculi
3075 3323 3128 3376 in
3156 3321 3330 3393 capite
3361 3320 3498 3389 ejus,
3526 3320 3614 3374 in-

2026 3422 2222 3491 sipiens
2247 3429 2423 3473 autem
2453 3414 2693 3472 ambulat
2714 3415 2768 3470 in
2796 3413 3022 3470 tenebris
3057 3413 3126 3468 ".

2097 3592 2571 3664 Quemadmodum
2619 3591 2787 3665 igitur
2832 3606 3064 3662 corpora
3107 3589 3270 3661 longe
3315 3586 3614 3659 pellucida,

2029 3698 2144 3742 tota
2186 3701 2415 3757 prorsus
2453 3686 2673 3755 altoque
2700 3684 2848 3749 sinu,
2883 3681 3049 3738 solari
3081 3682 3236 3736 radio
3262 3681 3446 3752 plena,
3475 3679 3617 3735 lucis

2028 3778 2272 3849 fulgores
2302 3779 2467 3833 etiam
2512 3776 2710 3833 vicinis
2756 3773 3131 3848 impartiunt:
3175 3773 3255 3828 sic
3305 3771 3364 3827 tu
3395 3786 3616 3842 quoque

2030 3875 2048 3940 (
2076 3870 2171 3926 Dei
2214 3870 2329 3942 ipse
2364 3870 2542 3925 oculis
2569 3869 2884 3941 inspector)
2918 3864 3426 3939 spiritalisjustitiaa
3473 3864 3616 3919 Solis

2030 3964 2202 4019 radiis
2229 3979 2355 4019 cum
2389 3962 2734 4025 adhaesisses,
2763 3961 2994 4032 ejusque
3017 3968 3164 4014 totus
3189 3958 3362 4029 gratia
3391 3969 3618 4028 prorsus

2031 4056 2334 4117 confertus,
2379 4051 2873 4122 limpidissimaque
2915 4056 3100 4104 mente
3130 4054 3244 4102 toto
3283 4046 3392 4102 alte
3425 4043 3619 4101 divino

2027 4146 2238 4217 fulgore
2287 4145 2568 4210 imbutus,
2613 4143 2818 4213 luxque
2866 4141 3044 4212 reipsa
3071 4179 3090 4208 ,
3137 4138 3336 4194 eximia
3382 4137 3618 4209 quadam

2030 4238 2452 4308 participatione
2482 4234 2716 4291 eﬂ‘ectus
2745 4249 2929 4301 esses,
2960 4232 3174 4288 cunctis
3208 4231 3466 4303 gentibus
3496 4229 3594 4288 illa

2031 4327 2260 4385 minatio
2293 4326 2495 4383 audisti
2519 4367 2534 4382 .

2104 4420 2331 4475 Beatum
2391 4419 2576 4489 itaque
2631 4418 2868 4489 praedico
2922 4431 3140 4472 sacrum
3187 4429 3390 4485 corpus
3438 4421 3617 4479 tuum,

327 4519 518 4587 δόξης
544 4518 642 4573 τοῦ
689 4518 825 4573 Θεοῦ
852 4518 949 4573 καὶ
983 4516 1232 4585 Πατρός,
1265 4515 1361 4569 καὶ
1382 4515 1736 4583 ἁγιότευκτον
1761 4516 1918 4581 ἁγια-

2024 4511 2122 4567 Dei
2146 4527 2212 4566 ac
2236 4511 2412 4566 Patris
2434 4510 2617 4582 gloria
2651 4511 3106 4577 tabernaculum;
3153 4507 3277 4563 Filii
3332 4521 3617 4563 sacrosan-

335 4611 556 4682 στήριον
585 4609 696 4683 (25)
728 4610 826 4664 τοῦ
870 4608 1025 4676 Υίοῦ,
1076 4609 1170 4663 καὶ
1206 4607 1303 4662 τοῦ
1339 4607 1659 4677 Πνεύματος
1689 4607 1924 4678 ὅργανον

334 4703 701 4774 παναρμόνιον
753 4701 1054 4766 καθεστώς.
1113 4699 1306 4772 ’Υμνῶ
1361 4698 1460 4771 τὴν
1517 4697 1732 4771 ψυχὴν,
1785 4698 1844 4752 ὲν

326 4795 622 4866 εὐδόκησεν
647 4795 676 4849 ὅ
704 4794 917 4867 Πατὴρ,
955 4794 1022 4866 ἢν
1071 4794 1324 4866 ήρὲτισεν
1374 4794 1403 4846 δ
1456 4792 1766 4864 Μονογενὴς
1790 4834 1806 4858 ,
1841 4789 1928 4862 ἐφ’

323 4881 448 4962 ᾖτδ
487 4879 713 4959 Πνεῦμα
759 4889 824 4942 τὸ
876 4888 1034 4957 ἇγιον
1090 4885 1420 4958 θαυμαστῶς
1469 4885 1916 4942 ἑπανεπαύσατο.

321 4976 552 5043 Δοξάζω
603 4979 694 5033 τὸν
725 4977 1068 5047 πολύφαντον,
1102 4975 1196 5030 τὸν
1260 4975 1580 5048 ωνθὲωρον
1639 4975 1781 5045 (26),
1825 4975 1922 5030 τὸν

325 5068 585 5142 οὐράνιον
605 5069 750 5124 νοῦνι
773 5069 866 5125 τὸν
883 5070 986 5141 τῆς
1000 5067 1431 5141 ύπεραγνώστου
1460 5069 1554 5122 καὶ
1574 5066 1922 5140 ὖπερφανοῦς

401 5247 455 5282 ⁸⁸
492 5246 673 5305 lCor.
716 5263 780 5316 tt,
830 5248 917 5306 ιθ.
992 5249 1040 5283 ³⁷
1080 5249 1264 5308 Eccle.
1313 5265 1348 5304 ιι
1376 5248 1487 5315 ,M.
1561 5247 1610 5282 ⁸⁸
1642 5248 1844 5319 Ephes.
1873 5263 1911 5313 ι,
1941 5250 2022 5304 l7.

2030 4610 2182 4658 ctum
2218 4603 2591 4657 sanctuarium
2615 4603 2684 4668 ⁵⁸,
2711 4601 2950 4672 Spiritus
2991 4599 3167 4656 sancti
3197 4614 3462 4672 organum
3491 4612 3618 4652 con-

2033 4694 2430 4750 cinnissimum.
2474 4691 2663 4748 Laudo
2690 4693 2929 4748 animam
2961 4708 3027 4748 ac
3053 4707 3213 4757 cano,
3241 4690 3299 4745 in
3331 4704 3440 4760 qua
3471 4687 3618 4744 Patri

2033 4785 2385 4855 complacuit,
2409 4799 2571 4855 quam
2595 4784 2758 4855 elegit
2779 4783 3136 4854 Unigenitus;
3165 4781 3220 4836 in
3243 4797 3351 4850 qua
3377 4777 3620 4849 Spiritus

2036 4885 2260 4934 sanctus
2335 4877 2662 4932 mirabiliter
2723 4875 3014 4947 requievit.
3083 4875 3320 4929 Mentem
3391 4870 3619 4926 celebro

2039 4972 2272 5043 fulgoris
2299 4972 2455 5041 copia
2488 4971 2731 5040 undique
2758 4969 3020 5035 lucidam,
3052 4967 3236 5022 omnia
3263 4970 3619 5021 contuentcm

2034 5075 2201 5137 atque
2262 5066 2588 5123 caelestem:
2629 5064 2872 5119 animum
2929 5076 3096 5132 supra
3154 5073 3331 5131 quam
3392 5057 3615 5133 ignota:-

3189 5344 3208 5385 ι

395 5431 518 5504 (25)
543 5429 961 5504 ’Λτιότσυξιιζον
983 5430 1393 5497 ἁγιασινήριον.
1421 5428 1588 5496 Quasi
1621 5427 1912 5485 sanctitate

2023 5423 2665 5504 voces__compos_itioni_s,
2705 5430 2764 5504 et
2790 5419 3018 5504 quidem
3041 5419 3108 5504 de
3131 5423 3351 5504 mente,_
3373 5431 3470 5504 seu
3491 5417 3617 5500 ani-

335 5500 660 5563 eoncretum
710 5516 778 5558 ac
811 5500 1160 5564 fabricatum,
1217 5508 1507 5569 totumque
1543 5509 1822 5564 sanctum,
1859 5515 1924 5555 ac

405 5573 482 5632 od
509 5570 1244 5637 reddebam,saerosanctum
1275 5569 1676 5635 sanctuarium,‘
1728 5570 1924 5626 eadem

423 5661 514 5701 ma
568 5651 677 5708 est,
725 5642 1061 5712 νσὸτευκτος,
1113 5642 1331 5696 recentis
1360 5639 1622 5712 fabrica.
1656 5648 1738 5712 ,οι
1773 5641 1927 5696 simi-

331 5721 427 5776 lia.
487 5713 583 5771 Sic
644 5712 870 5776 τευκτύς
931 5711 1172 5785 Hesych.
1229 5731 1287 5768 et
1348 5711 1514 5768 Suid.
1576 5711 1920 5767 κατασκευα-

349 5787 504 5848 σούς.

2031 5514 2144 5563 mo,
2171 5487 2530 5554 dictmfAlias
2574 5487 2992 5563 τὸπολύξρωτον
3044 5491 3112 5546 de
3159 5487 3517 5563 candelabro,
3555 5488 3613 5545 in

2028 5557 2141 5638 quo
2170 5567 2283 5623 sint
2311 5569 2497 5623 multa:
2520 5565 2804 5638 lucerna.
2824 5557 2930 5638 ἐἰς
2953 5561 3138 5638 itaque
3170 5575 3326 5638 mens
3359 5557 3615 5638 πολύφω-

2027 5629 2170 5709 τος,
2202 5639 2360 5709 quasi
2398 5637 2644 5709 undique
2698 5636 2865 5709 lucis_
2891 5629 3207 5709 fulgoribus
3235 5629 3466 5709 micans,
3495 5637 3612 5708 tota

2029 5698 2236 5773 lucida,
2283 5709 2523 5779 hincque
2552 5698 2700 5762 adeo
2731 5698 3072 5779 πανθέωρος,
3123 5698 3610 5779 perspicacissima

2027 5768 2336 5852 cunctaque
2361 5768 2700 5850 intelligens,
2726 5791 2852 5852 cum
2883 5768 3068 5830 omnia
3123 5768 3545 5828 iuanifestcntur
3570 5781 3607 5825 ι

418 5855 539 5923 (‘26)
571 5855 682 5911 τὸν
707 5853 1086 5926 ιαῑύφωτον,
1125 5853 1232 5910 τὸν
1248 5853 1621 5924 auratum.
1661 5852 1816 5910 Nota:
1838 5850 1924 5908 ba:
2023 5849 2172 5908 lure.
