4088 6304
509 349 615 417 155

1717 341 2017 404 NICETES
2055 338 2508 401 PAPHLAGON
2515 341 2588 400 IS

3691 337 3790 405 156

503 478 836 534 omnemque
900 463 1040 518 lucis
1100 460 1452 534 splendorem
1510 461 1784 516 vincentis
1842 477 1906 515 ac
1959 460 2083 513 trint

2203 475 2262 509 τε
2291 475 2385 510 και
2414 455 2710 528 τριφανοῦς
2738 454 2998 527 θεαρχίας
3029 456 3141 527 (27)
3167 453 3500 524 ὑψηλότατον
3530 453 3797 528 ὁμιλητὴν-

504 557 742 612 lucentis
766 572 992 612 summae
1027 555 1255 611 Deitatis
1288 554 1746 608 contubernalem
1777 569 1841 607 ac
1877 565 2086 621 specta-

503 657 702 705 torem.
729 649 907 703 Tuum
935 657 1226 715 prmterea,
1253 657 1334 702 ter
1364 647 1702 710 beatissime,
1726 647 2017 716 magniﬁco
2041 655 2100 700 ct

501 741 671 795 adoro
691 751 749 796 et
779 743 1116 810 complector
1144 757 1208 795 ac
1230 741 1410 794 saluto
1437 740 1694 809 spiritum
1716 739 1785 804 ",
1813 739 1959 808 quod
1993 738 2102 792 Do-

510 833 663 886 mino
691 832 899 902 Spiritu
941 832 1149 886 aﬂ‘atim
1197 832 1457 901 repletus,
1487 838 1653 900 atque
1683 831 1736 884 in
1769 846 1836 884 eo
1868 829 2098 901 mystice

505 934 755 991 renatus,
784 926 1124 996 spiritusque
1147 925 1469 997 intelligens,
1504 933 1721 978 sanctus
1754 939 1852 994 pro
1867 923 2097 995 gignen-

502 1019 573 1073 tis
592 1019 953 1074 similitudine
969 1019 1249 1084 factus"",
1266 1019 1322 1072 in
1343 1020 1462 1088 ipso
1478 1015 2098 1088 ipsumsupersubstan-

502 1109 687 1164 tialem
714 1110 1327 1179 supersubstantialiter
1354 1107 1650 1180 agnovisti,
1681 1107 1757 1161 uti
1789 1115 1845 1161 et
1875 1106 2098 1176 agnitus

500 1216 562 1256 es
586 1203 630 1232 '°
657 1218 671 1255 :
706 1217 790 1267 ac,
823 1218 928 1272 qua
954 1202 1028 1256 illi
1051 1201 1458 1256 necessitudine
1491 1201 1825 1270 conjunetus
1862 1215 1944 1264 es,
1966 1197 2100 1251 uni-

506 1307 658 1355 versa
701 1308 1112 1362 supergressus,
1161 1294 1479 1362 mundoque
1510 1291 1855 1360 superiorem
1891 1297 2096 1344 statum

501 1393 857 1448 consecutus,
883 1383 1183 1451 divinaque
1215 1383 1448 1447 aﬂatim,
1480 1381 1633 1436 nullo
1662 1381 1864 1446 medio,
1907 1379 2100 1436 fruens

501 1474 801 1544 colloquio,
853 1475 919 1527 ad
953 1475 1197 1529 divinam
1233 1486 1634 1544 paternamque
1669 1486 1914 1527 mensam
1944 1472 2100 1526 velut

501 1567 859 1624 charissimus
890 1568 1034 1624 {ilius
1063 1569 1338 1624 admissus
1363 1584 1422 1623 es
1447 1570 1539 1634 ‘°",
1557 1583 1682 1622 cum
1709 1583 1776 1621 eo
1795 1567 1886 1637 qui
1915 1567 2095 1637 primo

501 1676 740 1730 vereque
790 1671 952 1733 atquc
1007 1674 1203 1718 natura
1243 1662 1284 1718 F
1290 1663 1417 1717 ilius
1459 1661 1824 1718 cbarissimus
1862 1671 1968 1727 cst,
2009 1676 2097 1717 re-

499 1753 767 1809 cumbens
799 1754 866 1810 “.

570 1859 648 1911 Ac
697 1857 843 1913 sicut
891 1874 988 1928 pro
1035 1873 1120 1922 ea,
1161 1875 1286 1929 qua:
1318 1860 1370 1912 in
1409 1859 1628 1915 mortali
1661 1860 1816 1931 prius
1852 1875 2088 1931 corpore

497 1950 806 2006 connnunis
848 1967 971 2006 cum
1026 1951 1120 2005 illo
1170 1952 1294 2006 vita:
1334 1953 1474 2006 ratio
1517 1968 1682 2022 super
1725 1946 1925 2006 terram
1961 1951 2085 2017 fuit,

495 2060 834 2099 convescens
857 2088 872 2112 ,
907 2046 957 2100 ei
990 2045 1403 2100 contubernalis
1429 2087 1442 2110 ,
1475 2048 1739 2115 omnique
1773 2046 1936 2101 modo
1961 2062 2087 2101 cum

496 2138 587 2192 illo
641 2156 810 2209 agens
882 2155 1220 2209 versansque
1299 2155 1364 2194 ac
1427 2141 1478 2193 ei
1550 2140 1841 2204 assiduus,
1917 2140 2090 2194 subli-

495 2232 775 2300 minmquc
811 2241 1149 2287 secretorum
1187 2233 1386 2304 dignus
1437 2233 1681 2294 habitus.
1744 2235 2082 2288 mirabilium

501 2341 729 2395 operum
758 2336 1032 2396 spectator
1063 2342 1490 2396 sermonumque
1520 2344 1583 2383 ac
1611 2329 1878 2384 doctrina:
1908 2329 2088 2384 ﬁdeli-

493 2419 668 2474 simus
716 2420 958 2484 auditor,
1011 2419 1454 2490 probrorumque
1503 2431 1558 2476 et
1591 2422 1773 2477 crucis
1818 2437 1884 2476 ac
1941 2423 2087 2477 salu—

496 2513 699 2566 tarium
741 2514 1058 2583 passionum
1087 2512 1291 2571 socius.
1326 2513 1885 2584 ressurrcctinnisque
1919 2523 2084 2586 atque

494 2606 549 2660 in
576 2607 775 2662 curlum
792 2606 1146 2676 receptionis,
1166 2606 1608 2677 divinissimique
1627 2606 1867 2676 Spiritus
1889 2610 2006 2679 pari
2026 2623 2088 2663 ac

493 2700 686 2756 Petrus
719 2699 1073 2770 Andreasque
1120 2715 1185 2755 ac
1210 2700 1436 2754 tonitrui
1475 2699 1597 2755 Filii
1635 2716 1865 2757 munere
1910 2702 2085 2772 parti-

491 2809 621 2864 ceps
668 2793 926 2849 exstitisti
983 2810 997 2847 :
1054 2793 1135 2848 sic
1190 2779 1383 2848 rursus
1431 2802 1621 2864 postea
1691 2805 1816 2864 post
1884 2795 2082 2866 longos

493 2884 772 2956 Evangelii
809 2886 1050 2952 labores,
1095 2885 1386 2956 omnisque
1437 2887 1658 2958 generis
1709 2889 1994 2958 angustias
2027 2897 2084 2944 ct

489 2993 766 3033 aerumnas
789 2979 880 3045 ⁶¹·,
926 2987 1051 3049 post
1091 2990 1238 3034 terra
1284 2979 1533 3050 marique
1579 2979 1848 3035 circuitus
1889 2996 1955 3036 ac
2000 2980 2084 3052 ja—

489 3069 781 3135 c1ationes,
805 3071 1116 3127 Judzeorum
1132 3072 1567 3142 persecutiones,
1582 3072 1825 3143 gentium
1845 3074 2085 3131 insultus

2118 1821 2168 1876 Β

2197 552 2294 604 καὶ
2326 550 2632 620 θεωρητὴν.
2666 549 2969 618 Μεγαλύνω
2993 565 3087 602 σου
3116 549 3253 620 πρὸς
3281 548 3512 624 τούτοις,
3553 542 3602 602 ὧ
3633 564 3790 620 τρισο

2205 647 2635 719 μακαριώτατε,
2694 647 2790 699 καὶ
2858 645 3152 715 προσκυνῶ
3202 646 3296 698 καὶ
3355 644 3680 714 ἀσπάζομαι
3733 643 3793 698 τὺ

2198 741 2442 809 πνεῦμα,
2466 743 2549 796 ὅτι
2587 740 2682 794 τοῦ
2732 740 2938 810 Κυρίου
2965 740 3105 792 Πνεύ
3116 755 3284 810 ματος
3311 737 3641 807 κατακόρως
3661 738 3791 792 ἀνα-

2202 834 2490 902 πλησθεὶς,
2522 835 2616 888 καὶ
2671 834 2730 887 ἐν
2764 832 2916 903 αὐτῷ
2975 833 3254 902 μυστικῶς
3297 832 3644 903 ἀνατεχθεὶς,
3702 833 3796 886 καὶ

2197 928 2416 1000 πνεῦμα
2463 929 2678 998 νοερὸν
2706 929 2882 998 ἅγιον
2937 927 3081 982 κατὰ
3131 928 3231 998 τὴν
3259 927 3521 998 ὁμοίωσιν
3554 927 3652 980 τοῦ
3708 943 3798 995 γε·

2198 1024 2532 1094 γεννηκάτος
2593 1023 2984 1092 γεγενημένος,
3033 1022 3093 1074 ὲν
3151 1020 3302 1090 αὐτῷ
3350 1021 3441 1074 τὸν
3467 1020 3797 1089 ὑπερούσιον

2194 1115 2824 1188 ὑπερουσίωςὲπέγνως,
2873 1114 3059 1178 καθὼς
3086 1114 3182 1168 καὶ
3240 1113 3602 1183 ὲπεγνώσθης
3637 1133 3650 1145 ·
3705 1113 3797 1166 καὶ

2195 1214 2262 1282 τῇ
2291 1209 2428 1282 πρὸς
2452 1209 2615 1263 αὐτὸν
2646 1210 2968 1280 οἰκειότητι,
2999 1208 3109 1262 τῶν
3125 1209 3263 1262 ὅλων
3291 1206 3676 1279 ὺπεραναϐἁς,
3707 1207 3798 1260 καὶ

2190 1305 2293 1375 τῆς
2327 1302 2704 1374 ὑπερκοσμίου
2738 1300 3134 1366 καταστάσεως
3164 1300 3514 1370 ἀξιούμενος,
3556 1301 3668 1352 καὶ·
3697 1298 3797 1368 τῆς

2193 1397 2496 1469 θεαρχικῆς
2565 1396 2784 1467 ὁμιλίας
2881 1396 3106 1466 ὰμὲσως
3183 1395 3624 1466 ἐμφορούμενος,
3703 1394 3795 1463 τῆς

2193 1490 2537 1561 Δεσποτικῆς
2572 1489 2857 1562 τραπέζης
2886 1489 2963 1555 ὼς
3009 1490 3296 1560 ἀγαπητὸς
3332 1490 3462 1551 Tib;
3519 1486 3798 1558 κατηξιώ-

2193 1587 2296 1656 θης
2325 1590 2420 1640 καὶ
2454 1584 2752 1658 πατρικῆς,
2787 1585 2924 1656 μετὰ
2951 1584 3046 1639 τοῦ
3077 1584 3310 1651 πρώτως
3333 1584 3427 1638 καὶ
3455 1584 3631 1647 ὅντως
3663 1584 3799 1650 ἁγα-

2196 1680 2376 1753 πητοῦ
2413 1679 2507 1736 καὶ
2544 1677 2715 1749 φύσει
2746 1677 3211 1749 κατακλινόμενος
3241 1666 3399 1731 Υίοῦέ

2268 1860 2379 1915 Καὶ
2410 1859 2603 1932 ὥσπερ
2640 1857 2782 1913 κατὰ
2833 1855 2933 1930 τὴν
2959 1858 3018 1914 ἐν
3067 1860 3146 1931 τῷ
3177 1857 3360 1930 θνητῷ
3405 1856 3633 1927 σώματι
3670 1874 3797 1910 συν-

2197 1953 2548 2025 αναστροφὴν
2583 1951 2850 2023 πρότερον
2898 1953 2992 2006 ἐπὶ
3022 1955 3126 2024 γῆς
3170 1951 3624 2023 συναλιζόμενος,
3676 1969 3800 2005 συν·

2196 2043 2554 2116 διαιτώμενος
2586 2040 2725 2121 (28),
2756 2045 2850 2100 καὶ
2879 2045 3058 2098 πάντα
3079 2044 3283 2115 τρόπον
3313 2044 3624 2112 συνδιὰγων
3655 2042 3800 2114 αὑτῷ

2197 2143 2291 2192 καὶ
2322 2138 2520 2205 συνὼν,
2573 2142 2670 2195 καὶ⁵
2698 2141 2808 2194 τῶν
2859 2138 3084 2210 ὑψηλῶν
3124 2138 3446 2209 μυστηρίων
3496 2137 3797 2204 καταξιού-

2201 2250 2383 2300 μενος,
2415 2234 2525 2287 τῶν
2561 2235 2887 2305 Θαυμασίων
2915 2233 3095 2303 ἔργων
3143 2228 3288 2301 ἦσοα
3342 2231 3658 2303 θεωρητὴς,
3708 2231 3800 2284 καὶ

2195 2327 2305 2378 τῶν
2328 2327 2504 2395 λόγων
2534 2330 2859 2389 πιστότατος
2885 2326 3181 2398 ἀκροατὴς,
3220 2326 3313 2378 καὶ
3336 2323 3444 2378 τῶν
3466 2322 3797 2394 ὀνειδισμῶν

2196 2422 2290 2472 καὶ
2332 2421 2425 2474 τοῦ
2461 2422 2698 2494 σταυροῦ
2725 2422 2818 2475 καὶ
2845 2419 2956 2474 τῶν
2985 2419 3274 2490 σωτηρίων
3300 2418 3488 2473 παθῶν
3506 2418 3795 2482 κοινωνὸς,

2195 2514 2292 2567 καὶ
2320 2516 2420 2586 τῆς
2452 2514 2802 2578 ἀναστάσεως
2852 2515 2944 2568 καὶ
2989 2513 3090 2584 τῆς
3147 2511 3489 2582 ἀναλήψεως,
3564 2512 3659 2566 καὶ
3705 2509 3793 2563 τοῦ

2194 2604 2638 2676 θεαρχικωτὰτου
2671 2605 2991 2674 Πνεύματος
3049 2603 3275 2674 μέτοχος
3308 2603 3400 2656 ῐσα
3431 2602 3657 2672 Πέτρου
3706 2599 3795 2653 καὶ

2205 2699 2480 2769 Ἀνδρέου,
2513 2697 2736 2751 καὶτῶν
2765 2699 2864 2769 τῆς
2913 2696 3147 2769 βροντῆς
3179 2694 3617 2766 κεχρημάτικας
3647 2692 3789 2746 υἱῶν·

2190 2793 2364 2858 οὕτως
2396 2791 2625 2864 ὕστερον
2647 2791 2813 2845 πάλιν
2855 2790 2995 2862 μετὰ
3029 2795 3154 2852 τοὺς
3181 2788 3427 2858 μακροὺς
3448 2787 3603 2856 ὑπὲρ
3623 2786 3790 2852 Εὐαγ-

2192 2889 2376 2958 γε).ί‹συ
2411 2886 2629 2952 πόνους,
2670 2884 2812 2956 μετὰ
2860 2882 2960 2948 τὰς
3011 2879 3364 2944 παντοδαπὰς
3395 2880 3648 2949 ἀγωνίας
3702 2879 3786 2933 καὶ

2188 2980 2565 3052 ταλαιπωρίας
2601 3018 2618 3044 ,
2680 2976 2821 3047 μετὰ
2845 2977 2948 3041 τὰς
3003 2975 3146 3030 κατὰ
3199 2977 3302 3045 γῆν
3360 2975 3456 3026 καὶ
3512 2972 3779 3028 θάλασσαν

2193 3071 2478 3141 περιόδους
2507 3069 2601 3122 καὶ
2633 3066 2957 3137 περιφορὰς,
2988 3065 3088 3129 τὰς
3113 3065 3222 3118 τῶν
3260 3061 3530 3116 Ἰουδαίων
3564 3061 3782 3128 διώξεις,

490 3172 547 3218 ct
568 3164 856 3231 coitiones,
876 3164 1127 3234 injurias,
1148 3166 1399 3230 verbera,
1420 3166 1824 3237 impiorumque
1843 3169 2083 3222 omnium

2199 3166 2298 3229 τὰς
2327 3163 2435 3218 τῶν
2481 3162 2652 3217 ἐθνῶν
2703 3161 3131 3225 ἐπαναστάσεις,
3186 3158 3285 3221 τὰς
3350 3155 3650 3226 ἐπηρείας,
3698 3155 3784 3216 τὰς

490 3252 763 3308 insidias:
818 3263 942 3324 post
984 3255 1225 3326 denique
1282 3270 1505 3310 crucem
1534 3297 1546 3320 ,
1599 3255 1721 3326 ejus
1769 3256 1941 3327 gratia
1990 3257 2086 3327 qui

491 3345 610 3416 ipse
637 3356 795 3402 actus
818 3348 870 3401 in
898 3364 1119 3402 crucem
1141 3358 1247 3413 est,
1272 3357 1428 3402 terra!
1453 3348 1675 3418 quidem
1701 3349 1753 3402 in
1781 3348 2088 3404 sanctiﬁca-

490 3439 719 3505 tionem,
749 3439 1092 3495 sanctiﬁcalo
1131 3455 1362 3510 corpore
1394 3440 1683 3505 derelicto,
1707 3457 1738 3495 e
1780 3449 1929 3495 terra
1953 3457 2085 3497 vero

489 3549 614 3587 cum
649 3533 820 3604 gloria
851 3534 1171 3605 angelisquc
1195 3535 1550 3605 stipantibus,
1583 3535 1781 3605 Spiritu
1811 3534 1877 3588 ad
1907 3536 2082 3590 Deum

489 3636 827 3696 assumptus,
857 3643 1102 3697 pureque
1124 3644 1247 3682 cum
1273 3628 1505 3682 Domino
1532 3638 1647 3694 tuo,
1671 3637 1727 3682 et
1750 3628 1859 3681 Deo
1885 3637 2002 3692 tuo,
2024 3636 2082 3682 et

491 3717 640 3788 Rege
678 3725 773 3772 tuo
798 3717 866 3789 (ο
925 3718 1281 3774 beatitatem!
1318 3736 1351 3774 ο
1402 3719 1807 3791 jucunditatem
1838 3722 1851 3774 !
1887 3722 1904 3789 )
1952 3734 2086 3774 ver—-

491 3824 640 3874 sans,
675 3810 1000 3866 immortalis
1032 3812 1309 3882 nullisque
1351 3811 1534 3866 verbis
1554 3811 1900 3882 explicabilis
1923 3811 2087 3866 clari-

491 3903 621 3959 tatis
654 3920 898 3975 compos,
934 3915 1195 3961 aeternam
1221 3920 1346 3961 cum
1377 3905 1471 3961 illo
1504 3906 1674 3961 vitam
1708 3915 1875 3978 atque
1906 3905 2086 3962 bono-

489 4009 606 4049 rcm
641 3995 874 4067 adeptus
904 4012 965 4053 es
991 3998 1057 4053 ".

556 4158 601 4190 ’
638 4159 678 4212 ll
714 4156 840 4213 Cor.
881 4176 937 4213 ιιι
963 4202 976 4217 ,
1027 4162 1108 4214 l7.

491 4231 558 4263 "°
597 4229 718 4286 Act.
746 4247 784 4296 ι,
817 4232 868 4286 4.

560 4372 672 4440 (27)
699 4366 1115 4440 ’Υπερφανοῦς
1132 4367 1229 4421 καί
1250 4365 1567 4437 τριφανοῦς
1593 4363 2082 4440 θεᾳρχίαςΛιιιὺο

488 4444 607 4497 iure
655 4435 917 4512 'opposita
955 4439 1053 4508 τῷ.
1105 4435 1557 4512 ὑπεραγνῲστου.
1589 4435 1871 4512 _l-lincqu_e
1931 4435 2071 4490 adeo

492 4516 675 4568 Deitas
703 4506 1146 4579 ὖὲιεράγνωστος,
1173 4506 1558 4564 occultissima
1589 4506 2068 4579 ign‘otissimaque,

490 4585 637 4654 quod
675 4575 1173 4654 exim—ia'trinaque
1213 4581 1465 4654 claritate
1495 4594 1559 4633 ac
1606 4575 1925 4654 splendore,
1959 4575 2071 4654 vim

489 4648 710 4711 onmem
736 4653 1051 4711 intellectus
1084 4648 1252 4705 creati
1306 4658 1548 4719 superat,
1583 4664 1687 4702 nec
1741 4649 1905 4703 aliter
1939 4648 2072 4719 quid

487 4736 573 4781 est
600 4726 726 4780 sciri
753 4733 954 4793 potest,
1007 4738 1171 4792 quam
1210 4723 1262 4775 in
1313 4724 1432 4791 ipso
1479 4720 1876 4793 ejus_lumine,
1908 4720 2074 4776 dante

491 4798 662 4866 ipsam
698 4791 1245 4866 potentiamvidendi
1279 4795 1448 4847 Deum
1482 4791 1973 4866 quasiformalcm,
2005 4807 2073 4847 ac

487 4863 819 4931 elevant—ent,
865 4865 1013 4935 quod
1058 4864 1114 4919 in
1147 4873 1401 4920 creatura
1447 4863 1689 4918 radicale
1729 4863 1970 4918 activum
2009 4878 2076 4918 ac

487 4940 652 4994 vitale
679 4946 784 4992 est.

562 5010 674 5081 (28)
705 5007 1206 5081 Σιίναλιζόμενος,
1255 5004 1786 5081 συνδιαιτὼμεῖρς.
1821 5005 2065 5081 Alteram

488 5077 662 5136 altera
692 5095 826 5134 voce
851 5080 1068 5134 Nicetas
1091 5079 1309 5133 videtur
1337 5093 1635 5147 exponere.
1662 5077 1908 5146 Utraque
1924 5078 2072 5132 enim

487 5163 544 5208 et
567 5152 1051 5222 congregationem
1104 5166 1204 5204 seu
1255 5150 1707 5213 contubernium,
1758 5164 1823 5202 ac
1882 5149 2077 5222 convi-

489 5233 638 5279 ctum
675 5219 1137 5291 communesttque
1172 5236 1416 5275 mensam
1445 5229 1624 5282 sonat,
1663 5219 1939 5291 quonme
1972 5235 2070 5274 ve-

491 5306 581 5349 tus
616 5296 847 5364 interpr.
887 5290 1215 5356 convesccns,
1261 5292 1487 5364 fereque
1540 5293 1750 5364 Patres,
1782 5290 2069 5364 Chrysost.

488 5367 556 5421 ad
582 5382 706 5420 cum
743 5361 946 5428 locum,
977 5377 1032 5419 et
1071 5373 1192 5435 post
1220 5380 1345 5418 eum
1399 5361 2073 5435 Τίιρον1ι)“1.,συνηυλίζε-

488 5455 570 5496 το,
601 5438 847 5490 τουτέστι
872 5479 883 5499 ,
918 5433 1191 5489 κοινωνῶν
1224 5435 1369 5489 ἁλῶν
1409 5435 1503 5486 καὶ
1545 5433 1813 5485 κοινωνῶν
1863 5434 2072 5501 τραπέ-

490 5509 892 5576 ζης,εοιιιηιιιιιί
921 5506 1034 5561 sale
1059 5515 1108 5560 et
1133 5523 1313 5560 mensa
1338 5523 1457 5560 cum
1483 5506 1553 5559 eis
1579 5512 1731 5557 utens
1758 5519 1774 5556 :
1807 5512 2072 5573 utnempe

490 5596 586 5651 per
607 5580 853 5651 Aeﬁ‘ecturm
874 5581 1221 5651 comestionis,
1241 5579 1435 5632 veritas
1453 5577 1985 5651 Δριιιιεεσιειίρι-εανιιὲδ,
2009 5585 2068 5630 ut

489 5645 568 5705 ait
590 5645 752 5720 Gr'cg.
789 5650 842 5704 in
892 5649 1039 5704 ltom.
1093 5651 1291 5719 Sicque
1335 5645 1534 5719 saepius
1565 5645 1709 5718 apud
1759 5646 2071 5720 Lucamet

487 5722 648 5778 Joan.
685 5719 783 5792 per
832 5721 1227 5776 comestionem
1263 5721 1654 5792 comprobasse
1704 5719 2069 5792 resurrectio-

491 5808 616 5849 nem
641 5789 794 5847 suam
825 5794 1117 5846 Dominum
1148 5793 1411 5862 legimus;
1439 5789 1644 5846 llieron
1666 5789 1731 5843 ad
1780 5789 2069 5862 lledibiam

495 5863 810 5937 7,!lesych.
857 5863 912 5920 in
947 5864 1121 5920 chit.
1173 5861 1291 5932 vin,
1345 5872 1454 5918 etc.
1509 5862 1814 5933 Meritoque
1869 5861 2067 5934 Zuger,

1183 4161 1248 4192 "‘
1279 4160 1409 4226 Sap.
1428 4177 1521 4226 vn,
1552 4163 1642 4218 23.

946 4232 990 4263 ⁸³
1019 4231 1177 4286 Joau.
1205 4248 1295 4297 xx,
1337 4231 1429 4287 28.

1735 4162 1780 4195 ⁸⁸
1800 4161 1823 4218 Ι
1841 4159 1969 4217 Cor.
2014 4177 2136 4228 xm,
2163 4161 2249 4218 12.

2195 3257 2402 3321 αἰκίας,
2436 3257 2532 3310 καὶ⁸
2566 3257 2750 3319 πάσας
2776 3254 2888 3309 τῶν
2923 3251 3168 3308 εὐσεϐῶν
3196 3252 3298 3317 τὰς
3328 3249 3630 3314 ἐπιϐουλάς
3657 3267 3670 3280 ·
3699 3247 3786 3304 καὶ

2197 3353 2338 3424 μετὰ
2369 3352 2461 3406 τὸν
2490 3351 2633 3422 ὑπὲρ
2679 3351 2776 3405 τοῦ
2808 3349 3232 3422 ἐσταυρωμένον
3297 3349 3552 3420 σταυρὸν,
3607 3351 3670 3418 τῇ
3719 3346 3784 3414 γῇ

2194 3448 2293 3519 μὲν
2320 3445 2590 3518 ἁγιασμὸν
2620 3445 2682 3498 τὸ
2714 3444 3059 3515 ἡγιασμένον
3092 3442 3254 3513 σῶμα
3284 3441 3480 3496 λιπών·
3515 3441 3603 3514 τῷ
3633 3438 3790 3494 πνεὺν

2194 3559 2330 3612 ματι
2374 3541 2432 3595 δὲ
2473 3538 2646 3610 γῆθεν
2682 3536 3041 3609 ἀναληφθεὶς,
3098 3539 3238 3608 μετὰ
3268 3536 3426 3608 δόξης
3482 3536 3583 3590 καὶ
3632 3537 3778 3606 δορυ·

2189 3633 2384 3705 φορίας
2409 3631 2682 3702 ἀγγέλων·
2720 3630 2858 3703 πρὸς
2887 3629 2979 3682 τὸν
3011 3629 3164 3697 Θεὸν,
3199 3629 3296 3682 καὶ
3334 3630 3658 3701 ἀκραιφνῶς
3708 3624 3778 3696 τῷ

2185 3725 2379 3797 Κυρίῳ
2405 3742 2499 3778 σου
2553 3725 2650 3779 καὶ
2699 3723 2821 3793 Θεῷ
2854 3740 2948 3776 σου
3007 3721 3103 3775 καὶ
3150 3722 3374 3776 Βασιλεῖ
3433 3739 3528 3775 σου
3569 3721 3637 3794 (ὢ
3686 3720 3774 3788 τῆς

2187 3817 2619 3890 μακαριότητοςί
2648 3815 2694 3871 ὢ
2724 3816 2827 3888 τῆς
2862 3814 3287 3888 τερπνότητοςί)
3317 3810 3764 3886 προσωμιληκὼςν

2180 3910 2281 3981 τῆς
2312 3908 2595 3981 ἀκηράτου
2645 3906 2743 3963 καὶ
2784 3907 3069 3978 ἀφράστου
3128 3905 3287 3977 δόξης
3335 3907 3510 3973 ἐντὸς,
3559 3901 3758 3969 καὶτῆς

2182 4000 2404 4056 αἰωνίου
2454 3999 2578 4072 μετ’
2622 3999 2790 4054 αὐτοῦ
2839 3999 3190 4072 κατηξιιόθης
3237 3999 3385 4070 ζωῆς
3440 3999 3534 4056 καὶ
3585 3996 3762 4069 τιμῆς.

2344 4162 2414 4194 ⁸⁸⁸
2458 4161 2594 4218 Luc.
2637 4160 2886 4228 xxn,50.
2971 4162 3016 4195 “
3047 4161 3238 4217 Matth.
3288 4177 3371 4226 ιιι,
3414 4161 3519 4229 17;
3575 4157 3772 4225 “11,5-

2187 4366 2387 4444 multis
2412 4368 2646 4444 fratrum
2677 4372 2785 4429 hac
2818 4380 2976 4444 parte
3008 4373 3337 4439 modestior,
3377 4389 3611 4444 quorum
3637 4374 3776 4431 nobis

2185 4443 2498 4517 auctoritas,
2546 4443 2748 4517 inquit,
2797 4443 2967 4517 pluris
2997 4461 3106 4499 esse
3139 4445 3289 4517 debet
3317 4443 3477 4517 quem
3523 4448 3775 4501 recentio-

2099 4543 2152 4602 D
2181 4527 2320 4602 runt,
2353 4512 2566 4602 Erasini
2591 4512 2826 4578 scilicet,
2851 4515 3051 4590 Grotii,
3077 4525 3188 4602 etc.
3225 4512 3564 4602 S‘ie'quoqne
3605 4519 3776 4574 inter-

2181 4590 2365 4663 pretes
2396 4584 2629 4654 Syriac.,
2698 4586 2923 4663 eumque
2952 4589 3260 4663 comedisset
3291 4584 3410 4663 cuin
3450 4584 3524 4663 eis
3550 4605 3773 4659 panem,

2179 4651 2453 4733 {Ethiopg
2482 4664 2532 4710 et
2558 4651 2962 4733 prendens'cum
2993 4660 3085 4733 eis.
3125 4659 3331 4713 Durius
3350 4658 3519 4714 Arab.
3550 4651 3664 4717 hec
3691 4651 3770 4716 sa:

2181 4730 2256 4802 t_is_
2276 4735 2562 4795 perspecta
2595 4730 2648 4782 vi
2682 4731 2884 4802 Grzecte
2909 4731 3089 4802 vocis,
3126 4747 3247 4784 cum
3271 4747 3327 4783 se
3383 4742 3773 4802 congregasset.

2183 4793 2328 4874 sane
2375 4793 2500 4874 cum
2534 4813 2697 4855 voces
2747 4801 2913 4874 rebus
2948 4801 3160 4874 servire
3199 4802 3459 4874 debeant.
3483 4793 3774 4874 possitque

2199 4866 2290 4946 illa
2320 4884 2424 4920 vox
2445 4869 2512 4922 de
2547 4873 2830 4946 communi
2863 4888 2960 4926 usu
2995 4872 3101 4946 sibi
3136 4866 3655 4946 etpotusintélligi,
3677 4866 3776 4946 qui

2185 4936 2302 5014 fere
2329 4954 2518 4994 comes
2547 4951 2690 5014 esset
2710 4943 2828 5012 ejus
2851 4943 3017 5014 quasi
3063 4936 3416 4998 contubernii
3469 4936 3776 5014 quod—lio-

2180 5009 2366 5062 minus
2392 5025 2518 5091 cum
2542 5012 2659 5091 suis
2701 5009 3075 5091 habebatpcr
3099 5015 3220 5070 dies
3259 5009 3622 5091 quadraginta
3661 5033 3774 5075 sua:

2179 5083 2631 5146 resurrectionis.
2664 5083 2899 5139 subinde
2933 5085 3040 5140 illis
3062 5083 3354 5156 apparens,
3386 5100 3450 5140 ac
3468 5083 3553 5141 vel
3577 5088 3633 5143 in
3650 5105 3770 5144 eam

2179 5165 2295 5227 rem
2331 5167 2428 5207 eos
2455 5169 2822 5227 congregans,
2853 5157 2938 5210 vel
2987 5157 3094 5212 illis
3124 5159 3472 5227 congregatis
3501 5173 3631 5214 sese
3677 5161 3770 5214 in-

2180 5173 2295 5204 rem
2331 5173 2428 5207 eos
2455 5173 2820 5225 congregans,
2853 5173 2938 5210 vet
2987 5173 3094 5212 nus
3124 5173 3226 5211 con
3272 5173 3472 5227 regalis
3501 5173 3631 5214 sese
3677 5176 3770 5214 m-

2177 5221 2383 5286 fcrcns,
2411 5233 2468 5277 ut
2497 5226 2699 5294 saepius
2724 5226 2957 5298 legimus
2979 5227 3030 5282 in
3057 5173 3775 5300 meringt'atigeliis(ntaxi-

2183 5308 2383 5369 nmque
2432 5309 2759 5369 argumento
2787 5307 2905 5352 erat
2927 5300 3047 5369 ejus
3077 5299 3355 5354 suscitata:
3389 5299 3598 5365 carnis,
3630 5311 3692 5357 ut
3714 5310 3770 5356 et

2177 5362 2374 5419 Petrus
2397 5366 2447 5420 id
2469 5362 2814 5437 potissimum
2848 5362 3231 5426 attuleritAct.
3252 5387 3307 5433 π,
3336 5372 3398 5426 41
3434 5389 3447 5429 :
3480 5362 3630 5427 Ded-it
3649 5388 3770 5425 eum

2177 5437 2514 5510 manifestum
2564 5438 2702 5507 ﬁeri,
2736 5441 2947 5494 testibus
2977 5443 3351 5510 prwordinatis
3378 5461 3408 5497 a
3442 5442 3546 5498 Deo
3566 5461 3584 5509 ,'
3621 5443 3766 5498 nobis

2175 5509 2266 5574 qui
2314 5511 2750 5584 manducavimus
2783 5520 2846 5584 et
2881 5512 3100 5567 bibimus
3155 5531 3273 5566 cum
3306 5513 3424 5581 illo,
3482 5523 3761 5584 postquam

2180 5582 2469 5633 resurrexit
2494 5580 2825 5656 emortuis),
2863 5585 3071 5656 optime
3092 5593 3307 5656 veteres
3337 5580 3419 5640 sic
3472 5580 3757 5656 exin-csse-

2184 5657 2387 5734 runtlet
2415 5652 2808 5734 reddiderunt;
2826 5669 2856 5707 a
2882 5652 3086 5734 quibus
3118 5655 3310 5734 religio
3337 5666 3421 5710 est
3443 5652 3757 5734 discedere,

2175 5731 2237 5775 ut
2270 5720 2376 5775 sibi
2443 5722 2720 5800 placentes
2770 5720 2944 5780 Graeci
3001 5720 3277 5800 sermonis
3339 5727 3538 5800 peritia
3574 5727 3756 5800 aliqua

2173 5797 2559 5860 grammaticos
2587 5809 2888 5868 sequamur
2919 5797 3094 5870 magis
3117 5813 3282 5869 quam
3324 5799 3628 5872 theologos.
