4086 6282
359 370 461 441 157

1098 373 1379 437 ORATIO
1416 377 1582 441 VIII.
1611 404 1681 416 ·-
1711 378 1793 439 ΙΝ
1832 381 2148 445 LAUDEM
2182 386 2241 448 S.
2279 384 2537 447 JACOBI
2574 385 2893 449 ALPILEI.

3545 391 3649 455 158

439 484 600 540 Ἀλλά
620 483 734 559 γὰρ
762 485 961 543 ἔλαθεν
987 490 1017 544 ό
1041 487 1221 558 λόγος,
1250 489 1439 565 ὥσπερ
1465 493 1631 559 ἵππος
1664 494 1931 561 ὠκύτατος

2120 500 2419 557 Enimvero
2469 504 2598 573 equi
2656 502 2828 559 instar
2876 503 3252 573 pernicissimi
3308 505 3635 578 imprudens

360 580 450 635 τὸν
480 578 765 649 ἀναϐάτην
794 580 1162 653 συνηρπακώς
1192 598 1210 615 ο
1239 584 1336 637 καὶ
1385 584 1495 656 πρὸ
1543 587 1655 640 τῶν
1720 589 1947 658 ἀγώνων

353 673 721 743 ὑπαγορεύων
756 674 886 737 τοὺς
941 674 1258 745 στεφάνους.
1299 674 1463 730 Ἀλλά
1517 676 1593 747 μὴ
1630 678 1951 753 θαυμάσητε

350 767 451 836 τῆς
471 764 801 836 ταχύτητος.
819 765 1033 836 Τρόπον
1060 765 1169 836 γάρ
1188 767 1482 840 ἀστραπῆς
1497 769 1729 836 ἐξάπινα
1743 771 1841 845 τὴν
1870 776 1950 828 οἱ·

351 876 452 912 κου
460 858 635 930 μένην
664 858 1139 931 περιαυγαζούσης
1157 861 1310 933 ὅλην,
1327 863 1577 937 καὶπρὸς
1604 867 1805 937 ἑαυτὴν
1826 866 1951 922 oar.

346 964 443 1003 ιιον
465 951 936 1023 ἀνακαμπτούσης
953 952 1132 1021 λόγου,
1154 954 1376 1027 οὖτωςή
1409 957 1741 1030 ἀποστολικὴ
1767 961 1950 1033 χάρις,

351 1044 573 1114 ἀθρόως
592 1045 694 1109 τὰς
718 1045 829 1099 τῶν
857 1045 1029 1099 ἐθνῶν
1071 1048 1301 1119 καρδίας
1356 1052 1804 1123 περιλάμποντα,
1852 1056 1951 1110 καὶ

352 1137 605 1209 ἀχρόνως
635 1138 737 1210 τὴν
761 1139 932 1209 αὐτῆς
953 1139 1187 1212 δύναμιν
1215 1145 1687 1214 ἀπαστράπτουσα
1704 1185 1720 1210 ,
1748 1149 1950 1219 τρόπον

354 1229 480 1284 τινά
524 1231 725 1300 εαυτῆς
776 1249 837 1285 τε
873 1232 981 1298 ἔξω
1013 1233 1261 1302 γίνεται,
1311 1238 1405 1291 xa‘t
1432 1241 1514 1302 είς
1566 1239 1765 1312 ἑαυτὴν
1795 1237 1951 1306 αὖθις

363 1321 686 1377 ἀνακύπτει.
740 1322 941 1388 Καθὼς
970 1325 1066 1379 οὖν
1094 1322 1207 1389 οἷός
1235 1328 1294 1380 τέ
1320 1329 1459 1394 ἐστι,
1493 1330 1587 1383 καὶ
1610 1332 1639 1384 ό
1670 1332 1798 1403 περὶ
1840 1333 1950 1388 τῶν

370 1412 535 1467 θείων
564 1414 732 1482 λόγος,
774 1419 843 1487 τῇ
878 1418 989 1470 τῶν
1038 1417 1394 1489 ὖμνουμένων
1421 1421 1516 1475 ὑπ’
1560 1422 1729 1477 αὑτοῦ
1766 1442 1945 1497 πρατ-

372 1505 560 1577 paith
587 1506 959 1577 ἐξομοιοῦσθαι
987 1511 1302 1583 γοργότητι,
1332 1513 1449 1584 ἤτοι
1487 1513 1727 1586 θειότητι
1754 1520 1949 1588 πειρᾶ-

366 1614 453 1651 ται
492 1614 507 1629 ο
533 1599 623 1653 καὶ
660 1599 851 1672 ῶσπερ
882 1603 936 1654 αἱ
984 1602 1095 1656 ὁδοὶ
1121 1605 1220 1675 τῆς
1246 1604 1342 1659 τοῦ
1372 1606 1511 1661 Θεοῦ
1536 1606 1730 1679 σοφίας
1757 1610 1814 1663 ἐν
1845 1609 1947 1665 θα-

359 1692 557 1763 λάσσῃ,
606 1692 703 1746 καὶ
748 1694 803 1748 αί
830 1695 1006 1764 τρίϐοι
1038 1696 1210 1768 αὐτῆς
1260 1698 1318 1750 ὲν
1343 1698 1497 1753 ὕδασι
1526 1698 1617 1752 διὰ
1641 1699 1703 1753 τὸ
1735 1702 1945 1755 ἀκατά-

352 1782 560 1849 ληπτον
597 1781 866 1855 ὗμνηνται
908 1786 1145 1852 πολλοῖς,
1188 1789 1285 1843 καὶ
1318 1789 1385 1844 τά
1413 1791 1533 1863 ίχνη
1572 1792 1672 1846 οὐκ
1692 1793 1949 1863 ἐπιγινώ-

2061 591 2242 648 oratio
2275 593 2437 663 longe
2457 610 2728 650 sessorem
2753 595 3052 667 corripuit;
3069 613 3136 653 ac
3156 608 3284 654 ante
3312 603 3648 670 certamina,

2064 698 2298 740 coronas
2334 685 2608 741 edisserit.
2653 688 2732 743 Ne
2764 704 2863 743 vos
2904 698 3085 745 tamen
3128 691 3429 748 celeritatis
3462 695 3647 749 admi-

2065 776 2206 831 ratio
2251 785 2454 832 teneat.
2500 778 2755 849 Fulguris
2790 781 2937 834 enim
2973 781 3029 836 in
3072 798 3305 851 morem,
3351 792 3525 840 totum
3563 802 3651 841 re-

2061 876 2225 936 pente
2279 868 2470 923 orbem
2523 869 3034 941 circunil’ulgentis,
3076 883 3238 944 atque
3292 875 3347 929 in
3402 877 3646 945 seipsum

2059 958 2211 1015 dicto
2253 960 2418 1016 citius
2464 962 2834 1026 recurrentis;
2868 962 2946 1017 sic
2971 964 3262 1033 apostolica
3293 966 3481 1036 gratiae
3511 982 3648 1036 gen-

2062 1052 2199 1108 tium
2223 1062 2452 1123 repente
2484 1054 2945 1108 circumlustrans
2976 1064 3223 1124 pectora,
3252 1068 3646 1128 momentoque

2059 1142 2168 1198 vim
2208 1158 2363 1199 suam
2391 1144 2750 1215 cﬂ‘ulgurans,
2785 1152 2897 1199 tum
2936 1154 3089 1200 extra
3140 1162 3199 1202 se
3238 1148 3645 1217 quodammodo

2057 1235 2192 1299 exit,
2247 1241 2361 1288 tum
2414 1250 2606 1289 rursus
2645 1235 2699 1289 in
2748 1236 2984 1306 seipsam
3020 1237 3264 1295 subsilit.
3289 1238 3481 1306 Quoad
3511 1256 3646 1312 ergo

2058 1341 2157 1397 per
2181 1326 2496 1382 facultatem
2529 1327 2655 1382 licet
2686 1339 2743 1383 et
2768 1328 2885 1399 ipsa
2916 1328 2983 1385 de
3016 1329 3221 1385 divinis
3243 1330 3492 1387 instituta
3519 1348 3646 1389 ora-

2058 1419 2155 1484 tio,
2181 1434 2366 1473 rerum
2392 1434 2529 1488 quas
2558 1419 2751 1475 laudat
2785 1420 3161 1476 incitationem
3192 1437 3258 1478 ac
3291 1424 3642 1480 vivacitatem

2056 1510 2077 1583 (
2100 1511 2447 1567 divinitatem
2477 1512 2692 1568 scilicet
2720 1514 2739 1585 )
2765 1514 3011 1569 aemulari
3033 1509 3344 1572 contendit.
3383 1519 3463 1572 Ac
3491 1519 3643 1573 sicut

2063 1604 2267 1661 divinae
2307 1606 2590 1676 sapientia:
2637 1608 2738 1661 via;
2786 1606 2843 1661 in
2886 1608 3049 1673 mari,
3078 1609 3309 1679 ejusque
3342 1610 3551 1665 semita:
3583 1610 3641 1665 in

2055 1698 2234 1770 aquis,
2276 1690 2345 1756 eo
2383 1700 2530 1770 quod
2576 1701 2741 1773 vulgo
2783 1701 3172 1772 comprehendi
3232 1718 3343 1757 non
3386 1704 3638 1774 possint,

2055 1791 2352 1848 laudantur
2373 1834 2388 1857 ,
2416 1804 2473 1849 et
2498 1794 2728 1865 vestigia
2764 1810 2871 1850 non
2906 1803 3314 1866 cognoscuntur
3341 1813 3355 1850 :
3385 1796 3467 1852 sic
3496 1813 3640 1868 quo-

352 1890 582 1926 σκονται
608 1890 625 1905 ο
683 1873 828 1929 οὕτω
878 1877 973 1929 καὶ
1021 1878 1129 1933 τῶν
1185 1881 1287 1952 τῆς
1338 1882 1533 1952 σοφίας
1564 1884 1794 1952 τέκνων,
1828 1887 1931 1941 τῶν

2050 1902 2159 1956 que
2220 1886 2460 1941 filiorum
2506 1887 2791 1957 sapientiae
2847 1889 2867 1959 (
2922 1888 3368 1944 beatissimorum
3427 1888 3641 1945 scilicet

349 1967 698 2034 πανολϐίων,
730 1970 895 2037 λέγω,
948 1973 1187 2045 Χριστοῦ
1247 1977 1528 2048 μαθητῶν,
1577 1978 1942 2055 δυσθεώρητοι

352 2059 456 2130 μὲν
490 2060 549 2114 ai
597 2061 730 2126 ὁδοὶ,
785 2064 1184 2132 άνεπίγνωστοι
1237 2066 1295 2122 δὲ
1344 2069 1481 2141 πρὸς
1534 2070 1824 2142 ἀκρίϐειαν
1884 2074 1942 2129 αί

349 2151 587 2223 πράξεις
618 2167 637 2185 ·
679 2154 777 2209 καὶ
809 2156 988 2211 πάντα
1023 2156 1170 2224 νοῦν,
1201 2160 1298 2214 καὶ
1322 2161 1502 2216 πάντα
1538 2164 1697 2233 λόγον
1731 2164 1942 2237 ἀνθρώ-

344 2260 504 2299 πινον
525 2247 581 2300 αί
614 2247 820 2302 τούτων
842 2248 1300 2320 ὑπερεκϐαίνουσι
1333 2254 1750 2325 μεγαλουργίαι.

419 2336 594 2393 Ὅθεν
617 2340 714 2393 καὶ
737 2341 869 2411 ἡμῖν
895 2343 924 2395 ό
946 2341 1102 2410 λόγος
1128 2343 1206 2414 τῷ
1218 2345 1316 2415 τῆς
1337 2344 1646 2410 ὑποθέσεως
1666 2347 1940 2420 ἀνεφίκτῳ

344 2429 811 2501 συστελλόμενος,
880 2434 1099 2506 μακρὰν
1168 2436 1385 2508 χαίρειν
1442 2442 1511 2511 τῇ
1583 2441 1939 2515 μακρηγορία

345 2521 532 2593 φησίν.
562 2523 788 2594 Ἀμμον
814 2524 945 2595 γάρ,
969 2525 1045 2592 ῶς
1082 2525 1151 2581 τὰ
1171 2528 1341 2596 Λόγιά
1365 2548 1551 2601 φησιν,
1581 2533 1937 2598 θιιλασσῶν,

343 2613 382 2683 ἢ
412 2614 596 2669 ὑετοῦ
626 2618 953 2686 σταγόνας,
983 2619 1021 2688 ἣ
1050 2618 1276 2690 ἡμέρας
1312 2621 1553 2691 αἰῶνος,
1593 2625 1692 2692 τίς
1738 2626 1939 2695 ἐξαρι-

343 2708 610 2777 aptium;
646 2710 919 2766 ’Δϐυσσον
946 2710 1004 2766 δὲ
1038 2712 1359 2785 θαυμάτων.
1390 2716 1487 2770 καὶ
1520 2717 1615 2771 τοῦ
1643 2716 1939 2774 θεοπτικω-

340 2798 507 2854 τάτου
545 2802 741 2870 σοφίαν
777 2803 1058 2869 Ἰακώϐου,
1074 2805 1424 2873 διδασκαλίας
1448 2826 1506 2862 τε
1534 2809 1813 2882 οὐρανίας,
1837 2813 1935 2866 καὶ

339 2890 625 2961 θεολογίας
681 2892 903 2963 βυθοὺς,
956 2894 1040 2960 τίς
1074 2896 1407 2967 δξιχνιάσεις
1452 2898 1538 2964 τίς
1582 2899 1693 2954 τῶν
1741 2901 1933 2973 δαιμό-

339 3002 446 3038 νων
472 2983 576 3058 τὴν
605 2986 928 3058 καθαίρεσιν
975 2987 1066 3041 καὶ
1104 2990 1400 3057 ἀποδίωξιν
1420 3031 1436 3058 ,
1505 2991 1616 3046 τῶν
1649 2994 1932 3067 ἀνθρωπίο

337 3094 447 3131 νων
468 3076 665 3132 παθῶν
689 3079 784 3134 καὶ
806 3079 976 3134 νόσων
1002 3080 1102 3154 τὴν
1132 3081 1274 3137 ἴασιν
1320 3086 1415 3139 καὶ
1434 3084 1748 3153 ἀφαίρεσιν,
1786 3152 1787 3155 η
1820 3087 1931 3144 τῶν

2050 1977 2256 2034 Christi
2291 1977 2711 2049 discipulorum)
2740 1980 2840 2035 viae
2867 1979 3147 2035 intellectu
3177 1980 3447 2046 difficiles,
3486 1983 3641 2052 igno-

2052 2080 2228 2140 tmque
2254 2070 2273 2141 (
2305 2086 2469 2140 quam
2516 2078 2575 2125 ut
2605 2080 2798 2125 exacte
2840 2070 2965 2140 quis
2997 2070 3268 2141 percipiat
3299 2074 3316 2140 )
3356 2073 3632 2151 actiones:

2050 2159 2271 2215 illorum
2301 2159 2538 2231 denique
2561 2162 2848 2231 magniﬁca
2877 2176 3065 2231 Opera,
3088 2176 3307 2217 omnem
3341 2162 3636 2219 humanam

2045 2250 2352 2306 orationem
2387 2253 2660 2307 excedunt
2696 2267 2760 2307 ac
2790 2252 3065 2307 rationem
3097 2255 3142 2285 "

2115 2340 2482 2409 Quamobrem
2501 2344 2667 2398 etiam
2687 2342 2869 2409 nobis,
2888 2360 2999 2414 pra:
3015 2347 3325 2413 argumenti
3343 2346 3634 2417 dignitate,

2045 2450 2209 2505 quam
2237 2451 2401 2492 nemo
2426 2435 2587 2492 facile
2614 2437 2833 2507 assequi
2858 2438 3051 2507 possit,
3078 2438 3195 2509 ipsa
3220 2454 3280 2494 se
3302 2440 3637 2495 contrahens

2044 2527 2265 2593 oratio,
2322 2528 2549 2598 prolixae
2617 2529 2939 2600 loquacitati
2996 2529 3219 2601 longum
3279 2531 3400 2587 vale
3472 2530 3630 2587 dicit.

2043 2618 2280 2673 Annam
2303 2618 2453 2673 enim
2484 2620 2505 2690 (
2538 2619 2694 2674 aiunt
2724 2617 2912 2674 divina
2935 2620 3158 2674 oracula
3188 2621 3207 2692 )
3232 2621 3465 2675 marium
3491 2661 3507 2686 ,
3537 2629 3633 2676 aut

2042 2710 2234 2783 pluvia:
2260 2720 2459 2783 guttas,
2500 2711 2583 2767 vel
2628 2712 2737 2766 dies
2762 2710 2962 2777 amuli,
3010 2714 3128 2784 quia
3175 2714 3504 2769 enumerabit
3536 2714 3581 2747 ⁸⁸
3608 2715 3636 2769 2

2041 2803 2313 2876 Abyssum
2351 2818 2481 2859 vero
2505 2803 2919 2869 miraculorum,
2952 2803 3379 2874 divinorumque
3400 2803 3633 2861 scientia

2039 2892 2499 2965 perspicacissimi
2525 2892 2712 2949 Jacobi
2750 2891 3095 2963 sapientiam,
3133 2893 3487 2964 emlestisque
3527 2894 3633 2949 do-

2043 2986 2202 3041 trina:
2253 3001 2317 3042 ac
2364 2985 2677 3055 Theologiaa
2724 2985 3017 3056 profunda,
3070 2985 3196 3056 quis
3245 2985 3633 3058 investigabit?

2040 3079 2478 3151 profligationem
2508 3079 2820 3135 daemonum
2844 3089 2902 3136 et
2922 3080 3302 3150 expulsionem
3324 3098 3341 3148 ;
3367 3082 3631 3136 humana-

337 3168 552 3239 νεκρῶν
590 3170 696 3243 τὴν
747 3172 1065 3239 ἀνάστασιν,
1095 3174 1202 3229 τῶν
1230 3175 1423 3246 χωλῶν
1454 3180 1554 3248 τὴν
1598 3179 1931 3250 ἀνάρρωσιν,

2039 3188 2156 3229 rum
2220 3172 2538 3243 passionum
2612 3173 3048 3243 morborumque
3129 3173 3477 3228 curationem
3559 3190 3628 3230 ac

336 3263 446 3318 τῶν
474 3264 699 3334 τυφλῶν
745 3264 848 3335 τὴν
881 3254 1199 3337 ἀνάϐλεψιν,
1252 3268 1349 3324 καὶ
1391 3270 1576 3343 πάσης
1617 3271 1921 3342 πηρώσεως

338 3352 592 3424 σώματος
618 3355 795 3424 τάςξὲν
820 3356 1043 3426 ὀνόματι
1058 3358 1231 3428 Ἰησοῦ
1257 3359 1552 3430 θεραπείας
1573 3363 1924 3436 ἀναγράψαις

340 3445 442 3511 τίς
472 3447 574 3511 τὰς
610 3448 823 3522 μακράς
850 3450 1178 3523 ὁδοιπορίας,
1206 3451 1306 3516 τὰς
1350 3454 1761 3520 ἀκαταστασίας
1795 3455 1929 3530 (ἑθ),

348 3537 481 3600 σοὺς
510 3538 793 3607 κινδύνους,
826 3541 927 3603 τὰς
961 3541 1341 3613 πολυτρόπους
1386 3547 1788 3612 ἐπαναστάσεις
1830 3551 1929 3605 καὶ

356 3630 649 3699 ἐπαγωγὰς
690 3633 794 3688 τῶν
872 3633 1257 3706 Ἐλληνιστῶνς
1325 3638 1426 3692 ὅσα
1496 3640 1555 3693 ιν
1616 3640 1926 3711 Ἐλευθερο-

351 3722 503 3779 πόλει
540 3724 683 3794 παρὰ
709 3727 816 3782 τῶν
844 3730 942 3796 τῆς
972 3727 1227 3793 ἀσεϐείας
1255 3730 1483 3802 ἀνέσχεν
1529 3732 1889 3786 ὑπασπιστῶν
1912 3747 1925 3762 ·

337 3819 439 3873 ὅσα
468 3819 527 3874 ἑν
552 3820 591 3874 Γ
589 3821 697 3893 άζη
724 3822 822 3876 καὶ
848 3822 1030 3896 Τύρῳ,
1059 3825 1153 3878 καὶ
1178 3826 1296 3889 ταῖς
1327 3824 1611 3897 ὶχομέναις
1641 3826 1748 3881 τῶν
1771 3828 1929 3883 ἀλλο-

329 3912 522 3984 φύλων
575 3914 992 3983 κωμοπόλεσιν,
1028 3917 1088 3971 ὲν
1135 3912 1227 3981 αἷς
1284 3918 1315 3971 ὁ
1371 3917 1927 3990 τρισμακαριώτατος

326 4004 723 4075 εὐηγγελίζετο
746 4004 838 4059 τὸν
885 4006 1288 4075 Χριστόνςτίς
1346 4007 1419 4062 τὰ
1466 4008 1646 4083 πλήθη
1702 4010 1815 4065 τῶν
1848 4012 1919 4065 δι’

328 4095 502 4150 αὑτοῦ
554 4096 784 4167 Χριστῷ
815 4099 1270 4170 προσαγομένων,
1297 4100 1392 4153 καὶ
1417 4099 1571 4156 ὕδατι
1606 4102 1701 4157 καὶ
1756 4103 1928 4158 Πνεύ-

327 4204 466 4259 ματι
498 4188 916 4260 καθαιρομένων
969 4191 1064 4245 καὶ
1108 4192 1499 4263 φωτιζομὲνων
1528 4211 1545 4227 ο
1576 4196 1670 4249 καὶ
1697 4196 1786 4250 διὰ
1813 4197 1923 4252 τῶν

326 4282 421 4336 ὑπ’
447 4280 621 4336 αὐτοῦ
679 4282 866 4351 ίερέων
909 4285 1329 4353 καθισταμένων
1382 4287 1479 4341 καὶ
1506 4286 1811 4359 ἀρχιερέων
1837 4292 1920 4355 είς

327 4373 641 4444 ἐκκλησίας
706 4372 784 4444 τῷ
849 4374 1167 4447 ’Υπεραγίῳ
1240 4378 1758 4449 καταρτιζομένωνς
1823 4382 1922 4447 Τίς

327 4463 531 4529 ταῦτα,
580 4465 676 4521 καὶ
729 4466 799 4521 τά
834 4465 1043 4530 τούτοις
1096 4467 1341 4538 ἑπόμενα
1380 4470 1479 4541 τῆς
1508 4470 1920 4541 ἀληθογνωσίας

2042 3265 2409 3331 amotiouem;
2442 3274 2787 3319 mortuorum
2819 3264 3267 3328 suscitationem,
3301 3264 3628 3319 claudorum

2042 3356 2288 3411 ﬁrmatas
2311 3356 2489 3421 bases,
2539 3356 2719 3411 visum
2767 3356 2926 3412 orceis
2980 3356 3280 3421 redditum,
3343 3356 3627 3427 depulsam

2038 3463 2258 3503 omnem
2290 3449 2421 3504 .lcsu
2452 3448 2675 3503 nomine
2706 3464 3002 3519 corporum
3041 3448 3244 3513 labem,
3287 3447 3411 3520 quis
3457 3450 3625 3519 possit

2038 3539 2425 3595 conscribere?
2476 3539 2613 3608 Quis
2661 3541 2822 3611 longa
2871 3540 3098 3606 itinera,
3150 3540 3375 3596 incertis
3402 3541 3627 3596 sedibus

2038 3632 2644 3705 locisquejactationes,
2672 3632 2939 3704 pericula,
2957 3632 3271 3689 Graecorum
3295 3633 3625 3703 multiplices

2040 3724 2282 3780 insultus
2323 3734 2381 3780 et
2426 3725 2833 3797 grassationes?
2882 3732 3089 3795 quanta
3142 3724 3228 3780 vir
3273 3725 3625 3781 beatissimus

2035 3818 2452 3890 Eleutheropoli
2483 3820 2552 3874 ab
2584 3818 2883 3888 impietatis
2910 3816 3294 3873 defensoribus
3318 3818 3581 3873 sustinuit
3605 3836 3622 3886 ;

2038 3919 2246 3981 quanta
2293 3909 2769 3983 Gazae'et-Tyri,
2828 3909 3137 3980 vicinisque
3190 3910 3622 3983 alienigenarum

2042 4002 2276 4058 urbibus
2304 4012 2470 4074 atque
2495 4003 2733 4075 oppidis,
2757 4003 2849 4061 ubi
2877 4006 2924 4059 is
2952 4003 3235 4060 Christum
3273 4005 3622 4077 praedicavit?

2032 4094 2170 4163 Quis
2224 4111 2417 4151 eorum
2469 4096 2881 4151 multitudinem
2934 4097 3029 4166 qui
3083 4113 3183 4167 per
3236 4113 3361 4153 eum
3401 4095 3621 4154 Christo

2030 4189 2387 4254 accedebant,
2411 4199 2574 4260 atque
2600 4205 2739 4259 aqua
2770 4199 2827 4244 et
2861 4189 3067 4260 Spiritu
3090 4190 3537 4245 emundabantur
3554 4206 3619 4245 ac

2031 4280 2529 4347 illuminabantur;
2567 4280 2776 4351 quique
2817 4280 3039 4335 demum
3084 4296 3180 4351 per
3217 4281 3531 4337 sacerdotes
3560 4290 3618 4336 et

2029 4371 2320 4442 episcopos
2366 4372 2437 4426 ab
2474 4371 2568 4427 illo
2611 4372 2944 4427 constitutos
2974 4372 3031 4426 in
3068 4372 3336 4437 Ecclesia,
3379 4372 3490 4427 Deo
3519 4373 3615 4443 qui

2029 4476 2248 4517 omnem
2285 4460 2503 4516 excedit
2552 4462 2919 4525 sanctitatem.
2976 4460 3439 4531 perﬁciebantur?
3480 4462 3615 4529 Quis

334 4556 458 4627 ἢτοι
488 4555 805 4621 θεοσεϐείας
848 4557 1072 4629 ῥήματα
1102 4557 1199 4613 καὶ
1236 4559 1539 4631 πράγματα
1568 4560 1909 4633 διασαφῆσαι

2039 4570 2137 4611 nec
2185 4564 2350 4625 atque
2400 4554 2487 4609 his
2534 4555 2820 4624 sequentia
2882 4569 3023 4608 verae
3080 4552 3361 4625 scienti:e(
3405 4554 3461 4608 id
3504 4562 3609 4620 est,

338 4647 530 4716 λόγοςς
558 4650 684 4703 Οὐδὲ
711 4650 843 4721 μιᾶς
871 4650 1083 4721 ἡμέρας
1115 4651 1483 4723 ἀποστολικὴν
1514 4653 1794 4723 θεολογίαν
1820 4656 1915 4710 κα)⁸

337 4740 538 4812 πρᾶξιν
584 4740 806 4812 θεοτελῆ
880 4740 1085 4796 δύναιτ’
1138 4743 1207 4798 ἂν
1258 4744 1416 4813 λόγος
1490 4746 1571 4809 είς
1622 4748 1913 4819 ἀκρίϐειαν

328 4834 582 4897 διειπείν,
615 4834 691 4909 μὴ
747 4834 830 4889 ὅτι
882 4849 947 4904 γε
1002 4836 1182 4891 πάντα
1226 4835 1467 4907 καθεξῆς
1519 4836 1780 4909 ὑμνῆσαι,
1813 4840 1915 4899 ὅσα

326 4929 570 5001 μακροῖς
602 4926 785 4983 ἐτεσιν
812 4929 871 4981 ὲν
895 4926 974 5000 τῷ
1002 4929 1350 5002 Παρακλήτῳ
1382 4932 1811 5002 κατειργάσατο.

389 5178 460 5212 ⁸⁸⁸
503 5180 647 5239 Psal.
684 5182 840 5249 vat',
865 5182 957 5239 20.
1030 5184 1077 5217 “
1104 5181 1279 5242 Eccli.
1324 5199 1363 5256 ι,
1402 5187 1461 5247 2.

388 5360 506 5440 (g9)
522 5362 662 5440 ’Τάς
688 5363 1182 5440 ἀκιιτιιεγξειᾳζιις.Δ
1201 5366 1356 5422 Alius
1382 5382 1511 5421 usus
1535 5366 1702 5440 hujus
1727 5366 1901 5433 vocis,

2022 4648 2282 4721 pietatis)
2313 4649 2476 4703 verba
2511 4646 2761 4718 factaque
2786 4662 2969 4703 sermo
2991 4656 3157 4718 queat
3174 4648 3466 4718 explanare
3486 4647 3508 4701 τ
3531 4647 3611 4703 Ne

2019 4738 2109 4796 vel
2162 4738 2328 4795 unius
2374 4736 2486 4793 diei
2529 4738 2885 4809 apostolicam
2923 4737 3369 4808 praedicationem
3399 4738 3609 4809 Deique

2019 4848 2252 4887 munere
2293 4834 2590 4905 perfectam
2617 4832 2891 4887 actionem
2926 4838 3183 4887 accurate
3224 4832 3397 4902 possit
3419 4834 3603 4887 oratio

2018 4940 2299 4990 enarrare,
2349 4924 2554 4979 nedum
2597 4935 2796 4981 cuncta
2843 4924 3059 4989 ordine,
3119 4925 3281 4998 longa
3328 4941 3602 4985 annorum

2018 5018 2165 5077 serie
2197 5018 2275 5075 illi
2306 5018 2363 5076 in
2392 5018 2673 5075 Paracleto
2701 5028 2875 5093 gesta,
2907 5018 3156 5080 laudare.

2006 5377 2178 5449 ceret,
2234 5368 2331 5426 sed
2378 5380 2799 5449 necesse‘esset
2854 5386 2922 5449 ex
2976 5371 3082 5449 alia
3103 5369 3167 5449 in
3178 5372 3356 5449 aliam
3397 5376 3592 5449 fugere

320 5429 495 5517 Eaplo
522 5432 705 5517 [φοι-ι
746 5451 858 5517 κιγ,
878 5436 981 5517 ὃξέ
1001 5436 1076 5517 ῼὺ
1119 5429 1226 5517 γάρ
1255 5429 1845 5517 tormentae-casta;
1872 5429 1901 5493 ό

2039 5429 2306 5517 ἰνίιρίθιη,
2332 5440 2595 5517 qugeipsa
2620 5442 2744 5517 fuga
2772 5452 2829 5498 ct
2849 5444 3077 5513 jactatio
3102 5429 3595 5517 inEvangeli’iie—m

323 5502 474 5569 Θεὸς,
510 5504 630 5577 ἀλλ’
658 5507 903 5577 είρήνης.
931 5507 1085 5577 Vulg.
1112 5502 1230 5562 Non
1259 5517 1333 5563 est
1372 5509 1709 5563 dissensionis
1735 5507 1900 5576 Deus,

321 5577 408 5628 sed
432 5576 603 5645 pacis.
658 5576 871 5631 Erasm.
910 5576 1227 5646 confusionis
1284 5590 1488 5642 auctor,
1537 5580 1896 5645 turbationis,

321 5646 632 5713 perturbati
691 5646 926 5702 ordinis.
1008 5647 1054 5704 ll
1119 5648 1247 5704 Cor.
1302 5666 1395 5712 xu,
1439 5650 1529 5711 ΞΟ,
1580 5652 1897 5703 ἀκαταστα-

2004 5511 2297 5585 maximam
2326 5511 2577 5585 cedebat.
2609 5511 2741 5568 dum
2784 5511 2881 5584 per
2923 5532 3045 5569 eam
3081 5516 3286 5585 ubique
3333 5511 3594 5576 Christus

1999 5582 2453 5637 annuntiabatur.
2510 5583 2603 5641 Sic
2661 5582 3039 5650 ἀκατάστατος
3064 5624 3081 5648 ,
3114 5582 3325 5642 certoin
3361 5589 3473 5643 loco
3503 5607 3596 5645 seu

2003 5660 2147 5705 statu
2173 5669 2277 5706 non
2306 5655 2635 5727 consistens
2672 5655 3115 5727 Eleutheropolis
3147 5659 3212 5712 ad
3248 5659 3594 5715 Palaestinam

321 5714 470 5799 σίαι..
518 5715 813 5799 seditiones
824 5758 856 5799 ,ι
889 5718 1036 5799 quod
1068 5720 1255 5799 etiam
1292 5719 1505 5775 Erasm.
1545 5719 1746 5775 reddit.
1799 5721 1899 5799 Hic
2005 5730 2238 5799 spectat,
2270 5724 2509 5799 ‘alialque
2555 5725 2721 5781 urbes
2759 5727 2848 5799 hic
2896 5714 3234 5799 memoratae,
3284 5739 3407 5798 post
3452 5714 3593 5799 quas

319 5786 517 5855 magis,
543 5789 698 5916 vagis
719 5788 947 5869 sedibus
968 5790 1314 5859 jactationes.
1344 5808 1469 5846 cum
1501 5800 1724 5871 propter
1755 5792 1899 5859 peri-

321 5854 447 5911 cula
484 5872 601 5914 uno
649 5868 1064 5916 ocaconsrstere
1114 5859 1319 5916 Christi
1371 5861 1651 5916 diSCiDullS
1673 5878 1782 5916 non
1826 5862 1897 5916 li-

321 5854 447 5911 cata
484 5872 601 5914 uno
620 5854 1064 5917 locaconsistcre
1114 5859 1319 5919 Christi
1371 5854 1651 5934 discipulis
1673 5854 1782 5917 non
1826 5862 1897 5917 li-

2002 5793 2239 5875 Jacobus
2270 5793 2323 5848 in
2350 5794 2641 5924 {Egzvam
2680 5797 2979 5867 profectus,
3001 5798 3057 5854 in
3088 5798 3208 5871 ejus
3236 5793 3373 5857 urbe
3405 5793 3591 5857 ostra»

2003 5880 2125 5920 cma
2156 5873 2419 5924 martyrio
2473 5876 2671 5924 unctus
2685 5877 2790 5924 est.

2003 5873 2125 5920 cina
2156 5873 2419 5937 martyrio

2473 5876 2671 5925 ιωοιυε
2685 5877 2790 5927 οδι.
