4086 6282
461 346 570 417 167
1667 334 1968 398 NICETsﬁ
2002 330 2537 396 PAPHLAGONIS
3643 331 3750 399 153

462 458 645 533 palam
676 453 1107 527 designaverunt
1126 449 1329 516 fontes,
1361 446 1431 504 ad
1470 462 1615 519 quos
1643 446 1859 519 pridem
1896 442 2054 500 lsrael

2168 441 2356 513 σαφῶς
2385 441 2444 495 αἱ
2472 439 2618 495 κατὰ
2652 440 2753 510 τὴν
2796 440 3005 512 ἔρημον
3028 437 3237 496 δώδεκα
3271 436 3607 515 προετῧιιοον
3648 461 3737 516 πη

461 557 881 607 castrametaIus
899 556 1004 613 est,
1025 561 1152 603 cum
1174 543 1516 599 Pharaonem
1534 549 1665 611 atqu
1677 555 1707 595 e
1760 537 2055 610 Egyptum

459 641 785 714 fugisset”.
803 640 913 696 llos
934 653 1154 710 quoque
1176 634 1583 692 lsraelisfontes
1606 634 1784 687 dictos
1800 630 2062 696 arbitror,

461 750 534 793 ex
568 733 775 803 quibus
811 733 868 787 in
896 730 1158 787 Ecclesiis
1185 729 1358 785 Deum
1387 725 1720 783 benedicere
1741 722 1901 796 jubet
1922 721 2055 778 bea-

464 834 554 881 tus
581 824 750 881 David
798 824 867 879 ".
904 823 1081 884 Nullis
1110 821 1263 878 enim
1290 819 1477 875 verbis
1507 816 1821 887 explicabili
1857 814 2059 871 mentis

463 915 758 973 altitudine
797 930 861 972 ac
880 915 1207 985 capacitate,
1234 912 1300 968 ad
1322 911 1607 967 fontanum
1624 908 1804 980 ipsum
1819 907 2057 962 unicun-

464 1018 574 1074 que
604 1002 934 1074 spiritalium
963 1016 1229 1071 aquarum
1259 997 1591 1071 principium
1616 994 1865 1061 deducti,
1899 993 2056 1051 inde-

464 1096 793 1167 quejngiter
822 1093 878 1148 in
918 1108 1017 1147 eos
1055 1106 1286 1147 manans
1321 1087 1730 1144 illuminatricis
1761 1086 2051 1157 theologia:

465 1187 736 1243 ﬂuentum
766 1185 1153 1256 suscipientes,
1181 1192 1347 1252 atque
1376 1195 1446 1237 eo
1473 1179 1680 1235 aﬁ‘atim
1709 1177 1927 1249 repleti,
1958 1179 2053 1250 ju-

468 1284 591 1349 gem
629 1277 890 1332 omnibus
917 1274 1237 1331 sitientibus
1267 1272 1605 1343 uberemque
1636 1270 1905 1326 medelam
1932 1283 2054 1325 sca-

467 1370 708 1425 turiunt.

539 1462 618 1517 Ad
641 1462 776 1517 tales
798 1459 964 1532 igitur
988 1459 1166 1515 fontes
1186 1472 1453 1530 aquarum
1474 1455 1753 1512 desiderio
1784 1454 2050 1522 feramur,

467 1568 869 1623 cervorumque
897 1552 955 1607 in
982 1566 1194 1606 morem
1222 1548 1513 1606 ardentius
1548 1547 2051 1604 siticulosibunccc

464 1645 682 1701 laticem
706 1645 963 1700 ineuntes
976 1653 1139 1714 atque
1152 1642 1350 1713 gaudio
1365 1641 1471 1697 hau
1481 1641 1685 1697 rientes
1696 1641 1785 1706 "',
1798 1649 2048 1694 nostrum

463 1754 531 1793 ex
562 1738 671 1793 illis
688 1738 1022 1794 desiderium
1053 1737 1379 1806 impleamus
1409 1737 1476 1789 ".
1502 1735 1581 1791 Ne
1610 1743 1791 1789 tamen
1824 1733 2053 1804 ingratis

2172 535 2290 604 γαί,
2320 529 2407 599 αἷς
2462 536 2493 588 ὁ
2539 532 2754 605 Ἰσραὴλ
2783 532 2951 587 πάλαι
2983 530 3186 604 Φαραὼ
3229 534 3325 587 καὶ
3351 534 3450 606 τὴν
3478 535 3755 604 Δίγυπτον

2170 626 2543 699 παρενέϐαλεν
2580 623 2856 695 ἐκφυγών.
2886 623 3125 691 Τούτους
3164 626 3409 696 ἠγοῦμαι
3435 627 3532 681 καὶ
3567 628 3755 697 πηγὰς

2168 716 2424 789 εἰρῆσθαι
2449 714 2544 770 τοῦ
2582 713 2823 788 Ἰσραὴλ,
2852 714 2913 783 ἐξ
2939 707 3015 769 ὧν
3051 715 3111 771 ὲν
3160 715 3483 787 ἐκκλησίαις
3510 717 3755 786 εὐλογεῖν

2166 811 2262 866 τὸν
2293 810 2449 875 Θεδν,
2500 810 2529 864 δ
2576 810 2851 881 μακάριος
2878 810 3181 881 προτρέπει
3219 808 3410 865 Δαδίδ.
3458 809 3755 881 Ἀφράστῳ

2167 904 2277 976 γὰρ
2305 902 2543 968 διανοίας
2574 902 2748 975 βάθει,
2786 904 2922 973 πρὸς
2951 900 3125 974 αὐτὴν
3149 901 3263 955 τῶν
3306 903 3515 973 νοητῶν
3542 903 3756 957 ὑδάτων

2164 996 2265 1065 τὴν
2296 995 2537 1065 πηγαξαν
2577 995 2672 1049 καὶ
2721 993 2853 1066 μίαν
2899 994 3076 1067 ἀρχὴν
3112 995 3582 1066 ἀναστομούμενοι
3616 996 3758 1066 Χριο

2168 1088 2313 1157 στὸν,
2352 1087 2610 1144 κάκεῖθεν
2645 1086 3019 1152 ἀνεκλείπτως
3041 1086 3104 1141 τδ
3140 1088 3238 1157 τῆς
3268 1087 3604 1159 φωτιστικῆς
3629 1088 3755 1143 θεο-

2164 1181 2350 1250 λογίας
2381 1181 2597 1254 ρεἰθρον
2623 1178 2710 1244 ἐπ’
2734 1178 2932 1243 αὐτοὺς
2964 1179 3043 1232 ἰὸν
3068 1179 3456 1249 ὑποδεχόμενοι
3485 1180 3581 1234 καὶ
3607 1180 3754 1251 πλη-

2168 1278 2444 1351 ρούμενοι,
2486 1275 2709 1332 ἀένναόν
2760 1293 2820 1330 τε
2870 1276 3005 1330 πᾶσι
3062 1278 3158 1331 καὶ
3189 1274 3423 1346 ἄφθονον
3469 1275 3612 1346 ῐαμα
3635 1276 3755 1342 τοῖς

2164 1371 2392 1441 διψῶσιν
2415 1369 2830 1434 ἀναϐλύζουσιν.

2237 1460 2448 1514 Οὐκοῦν
2485 1460 2914 1531 ἑπιποθήσωμεν
2942 1460 3036 1514 ἐπὶ
3064 1460 3166 1524 τὰς
3194 1459 3454 1525 τοιαύτας
3484 1458 3596 1514 τῶν
3621 1459 3751 1514 ὑδά-

2162 1569 2271 1607 των
2303 1551 2508 1623 πηγὰς,
2535 1551 2631 1606 καὶ
2655 1553 2799 1607 κατὰ
2824 1553 2923 1618 τὰς
2943 1552 3512 1626 δλάςρους,διψητικῶς
3538 1552 3751 1625 σφόδρα

2160 1641 2321 1698 τοῦτο
2370 1644 2432 1696 τὸ
2486 1643 2637 1713 νᾶμα
2692 1644 3008 1714 μετιόντες,
3060 1645 3158 1699 καὶ
3220 1645 3342 1715 μετ’
3398 1642 3750 1714 εὐφροσύνης

2165 1733 2582 1799 ἀπαντλοῦντες,
2630 1732 2695 1800 ἐξ
2738 1733 2904 1789 αὐτοῦ
2934 1734 3033 1806 τὴν
3061 1735 3220 1805 ἡμῶν
3249 1732 3751 1805 ἀποπληρὼσωμεν

465 1828 724 1884 moribus
758 1844 821 1884 ae
854 1830 1147 1883 brutorum
1185 1825 1416 1891 similes,
1452 1825 1676 1897 ingenui
1706 1824 1875 1879 animi
1907 1823 2054 1878 nulla

2163 1825 2481 1897 ἐπιθυμίαν,
2525 1799 2688 1880 Ἀλλά
2733 1826 2810 1899 μὴ
2851 1799 3164 1897 ἀχαρίστοις
3190 1826 3291 1896 τῆς
3318 1799 3526 1897 δωρεᾶ
3550 1864 3568 1892 ,
3606 1799 3749 1897 ιίηδὲ

472 1920 748 1991 probitate
782 1920 988 1975 denum
1020 1916 1291 1987 ejusmodi
1320 1926 1486 1985 atque
1517 1915 1846 1971 beneﬁcium
1878 1929 2063 1969 suma-

464 2026 588 2066 mus
613 2027 626 2063 :
644 2011 737 2066 sed
765 2010 959 2080 repleti
977 2025 1118 2080 aqua
1137 2009 1261 2064 viva
1277 2009 1365 2073 7",
1383 2009 1658 2064 viventem
1672 2007 1906 2063 hostiam
1926 2022 2056 2061 san-

462 2112 629 2165 ctam,
670 2101 998 2157 rationabile
1042 2100 1370 2171 obsequium
1416 2107 1693 2165 nostrum,
1719 2099 1948 2154 honoris
1976 2098 2047 2153 ti-

475 2195 592 2248 tulo
615 2194 691 2248 illi
723 2192 1186 2262 rependamus";
1220 2206 1418 2262 nempe
1441 2190 1702 2246 continue
1723 2190 1885 2261 (quos
1916 2187 2051 2258 dixi)

468 2285 667 2341 vitales
697 2284 1077 2340 benedicendo
1106 2284 1321 2351 fontes;
1345 2300 1412 2340 ac
1434 2300 1533 2355 per
1555 2285 1701 2347 illos,
1726 2285 1792 2339 ad
1821 2284 2056 2338 divinis-

473 2375 675 2431 simum
719 2375 873 2431 illum
907 2389 1190 2444 unumque
1234 2374 1618 2430 universorum
1671 2375 1902 2442 fontem,
1937 2375 2056 2430 lau-

476 2468 603 2524 dem
632 2467 895 2523 ferentes.

537 2560 741 2615 Natura
761 2559 987 2631 quidem
1004 2560 1272 2616 indivisus
1296 2559 1737 2630 indissectusque
1795 2560 2053 2615 sacratis-

472 2655 647 2707 simus
674 2651 963 2709 duodenus
984 2654 1358 2724 apostolorum
1387 2653 1629 2718 chorus;
1659 2668 1725 2707 ac
1747 2653 1893 2708 sicut
1915 2669 2059 2708 unus

476 2744 763 2810 Dominus,
786 2761 1003 2816 unaque
1030 2746 1165 2802 ﬁdes
1185 2756 1241 2803 et
1258 2746 1427 2818 gloria
1447 2757 1505 2802 et
1528 2746 1699 2816 gratia
1724 2746 1836 2799 illis
1858 2745 2058 2809 inerat,

468 2834 551 2891 sic
580 2845 637 2890 et
668 2835 766 2906 ipsi
800 2852 969 2891 unum
988 2835 1193 2892 Christi
1226 2851 1428 2907 corpus
1458 2836 1792 2892 exstiterunt
1819 2837 1921 2889 7":
1952 2835 2063 2893 sic-

466 2941 576 2999 que
598 2928 763 2983 unius
787 2928 927 2991 laus,
949 2930 1257 2984 communis
1281 2928 1669 2984 universorum
1697 2927 1943 2983 laudatio
1963 2943 2061 2982 ex-

468 3018 651 3085 stitit,
676 3020 1139 3090 quemadmodum
1164 3020 1329 3076 etiam
1354 3020 1546 3077 eadem
1570 3036 1710 3091 pene
1739 3036 1931 3075 omnes
1952 3020 2063 3074 vir-

2159 1913 2364 1981 τρόπον
2405 1913 2638 1983 ἀλόγων,
2667 1916 3001 1986 ἀγνωμόνως
3043 1914 3147 1987 τῆς
3179 1914 3437 1986 τοιαύτης
3459 1913 3748 1987 μετάσχω·

2165 2023 2263 2075 μεν
2286 2006 2607 2076 εὐεργεσίας
2624 2021 2639 2036 ⁶
2686 2006 3058 2079 πληρούμενοι
3103 2005 3163 2060 δὲ
3191 2005 3289 2060 τοῦ
3317 2004 3518 2071 ζῶντος
3548 2004 3749 2069 ὕδατος

2160 2099 2343 2163 ζῶσαν
2396 2100 2590 2154 θυσίαν
2609 2140 2624 2165 ,
2654 2102 2839 2171 ἁγίαν,
2889 2100 2990 2170 τὴν
3019 2100 3245 2169 λογικὴν
3276 2098 3433 2171 ἡμῶν
3457 2098 3742 2173 λατρείαν,

2158 2194 2238 2256 εἰς
2265 2192 2421 2261 λόγον
2446 2192 2740 2265 ἀποδῶμεν
2768 2194 2965 2265 τιμῆςο
2997 2193 3281 2265 προσεχῶς
3310 2192 3409 2264 μὲν
3462 2191 3560 2257 τὰς
3591 2192 3749 2263 εἰρη-

2161 2285 2329 2355 μένας
2370 2285 2673 2354 ζωογόνους
2705 2285 3055 2352 εὐλογοῦντες
3097 2286 3313 2357 πηγάς’
3340 2284 3408 2340 δι’
3449 2285 3633 2341 αὐτῶν
3684 2282 3744 2336 δὲ

2155 2378 2258 2447 τὴν
2289 2376 2500 2432 αίνεσιν
2527 2379 2666 2449 πρὸς
2712 2378 2810 2451 τὴν
2843 2377 3307 2450 ζωαρχικωτάτην
3336 2377 3434 2435 καὶ
3462 2378 3595 2451 μίαν
3630 2377 3745 2433 τῶν

2154 2470 2294 2524 ὅλων
2324 2471 2689 2539 ἀναφέροντες
2722 2472 2927 2544 πηγήν.

2253 2561 2585 2632 ’Λδιαίρετος
2617 2564 2719 2630 μὲν
2753 2562 2847 2617 οῦν
2891 2563 3032 2617 κατά
3081 2564 3242 2633 φύσιν
3272 2564 3369 2617 καὶ
3411 2563 3659 2635 ἄτμητος
3708 2566 3743 2636 ἠ

2156 2652 2265 2708 τῶν
2288 2654 2604 2708 ἀποστόλων
2643 2655 2960 2727 πανευαγὴς
2988 2655 3232 2720 Mercii;
3253 2672 3267 2687 ·
3301 2656 3397 2711 καὶ
3440 2656 3635 2729 ὥσπερ
3660 2652 3748 2721 εἷς

2158 2747 2384 2818 Κύριος,
2415 2746 2474 2801 ἓν
2504 2747 2753 2819 Πνεῦμα,
2788 2748 2885 2820 μία
2924 2765 2989 2801 τε
3019 2747 3201 2812 πίστις
3239 2749 3334 2801 καὶ
3368 2748 3498 2813 δόξα
3529 2750 3626 2802 καὶ
3646 2750 3748 2820 χά-

2160 2855 2243 2910 ρις
2274 2839 2478 2906 αὐτοῖς,
2521 2840 2694 2906 οὕτως
2735 2840 2795 2895 ἓν
2839 2839 3003 2913 σῶμα
3054 2839 3290 2913 Χριστοῦ
3342 2841 3621 2912 πεφήνασι
3650 2841 3748 2896 καὶ

2157 2932 2334 2997 αὐτοὶ,
2364 2930 2509 2986 οὕτω
2535 2933 2629 2986 καὶ
2651 2934 2682 2986 ό
2707 2931 2803 2986 τοῦ
2845 2931 2963 2996 ἰνὸς
2994 2930 3183 3003 ὕμνος,
3222 2931 3399 2996 κοινὸς
3436 2932 3549 2987 τῶν
3609 2933 3746 2988 ὅλων

2158 3025 2329 3090 ἐστὶν,
2360 3025 2550 3098 ὥσπερ
2592 3028 2626 3099 ἠ
2680 3027 2806 3079 κατ’
2840 3025 3043 3097 ἀρετὴν
3092 3025 3445 3096 ιύδοκίμησις
3485 3027 3748 3081 ἁπάντων

468 3118 584 3167 tute
612 3112 946 3168 claruerunt.
980 3111 1118 3169 Cum
1171 3124 1355 3169 tamen
1383 3115 1654 3185 cujusque
1686 3115 1915 3169 seorsim
1951 3129 2042 3169 sa-

2160 3118 2345 3189 σχεδὸν
2366 3118 2400 3188 ἡ
2437 3119 2601 3188 αὐτή.
2639 3116 2778 3173 Ἀλλ’
2802 3118 2977 3187 ὅμως,
3006 3116 3115 3171 ἰδία
3148 3115 3356 3171 τούτων
3388 3116 3620 3171 ικάστον
3646 3116 3748 3185 τήν

466 3217 615 3259 cram
632 3205 953 3259 memoriam
970 3205 1337 3268 celebremus,
1357 3221 1420 3260 ac
1435 3208 1587 3260 velut
1607 3204 1838 3261 diversis
1848 3202 2053 3260 Christi

466 3296 752 3361 membris,
784 3300 1103 3371 personales
1124 3311 1316 3352 eorum
1350 3297 1719 3367 proprietates
1744 3297 2053 3369 distinguav

535 3499 587 3572 ’ξ
616 3500 788 3572 Exod.
820 3516 906 3556 xv.
936 3500 1025 3557 27.
1101 3500 1315 3572 "_Psal.
1337 3503 1606 3565 uvtl,27.

463 3568 535 3602 ⁷³⁶
548 3569 745 3641 Ephes.
782 3586 856 3636 tv,
888 3572 941 3627 5.

464 3783 562 3830 aut
587 3771 859 3827 translatze
884 3770 1045 3841 ﬁdem
1079 3770 1427 3840 astringeret,
1453 3771 1686 3841 ejusque
1717 3770 1811 3826 'rei
1862 3770 2048 3841 subsi-

466 3845 561 3900 dio
593 3842 819 3898 ail‘erret
856 3843 989 3909 (uno
1015 3840 1281 3895 duntaxat
1315 3840 1495 3911 allato
1528 3840 1809 3911 Dionysio,
1838 3856 1959 3911 cap.
1990 3840 2047 3904 5.

465 3915 545 3968 De
571 3913 760 3967 divinis
788 3913 1034 3983 nomina,
1056 3911 1160 3966 alia
1191 3910 1374 3983 omnia
1416 3910 1791 3983 monumenta,
1830 3910 2049 3983 ut’ipse

464 3985 615 4040 clare
669 3980 959 4053 proﬁtetur
1010 3982 1062 4036 in
1110 3981 1459 4053 orationibus
1499 3982 1713 4050 pridem
1747 3980 2048 4053 Lipomano

466 4052 683 4117 Latine,
716 4052 849 4105 mihi
882 4059 1117 4118 utraque
1156 4052 1363 4120 lingua.
1402 4052 1810 4120 repraesentatis
1843 4053 2050 4107 auctis-

465 4122 780 4194 que._Quod
813 4132 992 4194 tamen
1044 4123 1161 4194 leve
1196 4121 1509 4194 praesidium
1539 4123 1591 4175 ei
1640 4122 1785 4194 quod
1820 4137 2052 4194 praeser-

467 4191 565 4250 tim
599 4192 867 4264 Maximus
896 4191 1155 4264 Dionysii
1199 4192 1526 4264 scholiastes
1572 4191 1950 4264 gravissimus,
1982 4193 2052 4249 de

465 4264 722 4333 sepulcro
753 4262 1036 4333 Dominico
1057 4262 1324 4333 exponat,
1359 4263 1415 4315 in
1447 4277 1557 4330 quo
1585 4262 1668 4317 sic
1698 4262 1811 4318 vita
1860 4278 2053 4319 susce-

466 4331 584 4404 pta,
616 4349 682 4388 ac
704 4332 850 4402 quod
888 4333 1012 4388 inde
1042 4331 1342 4404 viviﬁcum,
1371 4334 1516 4404 quod
1553 4333 1897 4389 Dominicum
1929 4348 2055 4389 cor-

466 4402 593 4475 pus,
622 4404 976 4475 suscepisset,
1020 4405 1178 4473 isque
1234 4403 1363 4457 inde
1405 4402 1692 4459 triduanus
1739 4419 2052 4475 resurgens,

2161 3210 2314 3279 ἱερὰν
2335 3208 2616 3273 τελοῦντες
2645 3207 3028 3281 μνημοσύνην,
3066 3211 3163 3262 καὶ
3191 3205 3281 3263 οἷα
3311 3209 3579 3277 διαφόροις
3600 3208 3742 3277 Χρι-

2160 3298 2287 3353 στοῦ
2316 3298 2526 3371 μέλεσι,
2555 3297 2655 3363 τὰς
2681 3298 2823 3354 κατά
2851 3299 2950 3371 τὴν
2980 3298 3277 3353 ὑπόστασιν
3323 3296 3496 3353 αὐτῶν
3526 3295 3731 3366 ἰδιότη-

1713 3502 1751 3534 "
1780 3501 1920 3558 Psal.
1952 3518 2057 3567 xu,
2080 3500 2139 3557 2.
2203 3501 2251 3535 "
2274 3500 2418 3557 Psal.
2447 3516 2603 3557 οιτιί
2631 3501 2685 3557 5.
2740 3501 2811 3534 η’
2838 3500 2999 3559 Joan.
3016 3501 3093 3568 iv,
3121 3500 3209 3557 ιο.
3277 3500 3325 3533 ⁷⁸
3355 3500 3519 3557 Rom.
3558 3515 3656 3566 xu,
3686 3500 3739 3557 l.

2157 3780 2388 3855 rentum.
2405 3782 2463 3827 et
2510 3788 2745 3843 quarum
2788 3773 2844 3855 in
2899 3772 3184 3855 Scriptura
3211 3782 3554 3855 consecrati!
3602 3786 3750 3855 esset

2158 3844 2458 3915 memoria;
2497 3842 2731 3913 quarum
2786 3844 2919 3915 ipsa:
2957 3842 3160 3915 prioris
3211 3842 3745 3915 habitationisiadi-

2156 3912 2293 3969 cuiae
2321 3912 2582 3997 Caesarea}
2609 3912 3021 3997 venerati-onem
3050 3914 3345 3997 baberent,
3373 3914 3747 3997 quas_llie_ro-

2158 3998 2357 4055 nymus
2377 3984 2704 4055 cumPaula
2736 3993 3037 4055 exstantes,
3066 3985 3246 4055 adhuc
3302 3984 3581 4041 inviserit.
3622 3986 3750 4043 Haec

2156 4053 2301 4126 forte
2333 4055 2483 4126 justo
2508 4053 2706 4126 fusius.
2736 4054 3084 4126 Unummihi
3119 4054 3266 4110 istud
3309 4055 3608 4111 observare
3642 4071 3747 4126 po-

2160 4124 2345 4180 tuisse
2371 4125 2429 4179 in
2458 4139 2561 4180 suo
2584 4125 2827 4179 Eusebio
2856 4124 3076 4180 videtur
3111 4127 3198 4180 vir
3231 4125 3285 4180 in
3321 4141 3390 4181 eo
3431 4124 3749 4181 versatissi-

2157 4210 2302 4259 mus,
2328 4196 2409 4250 sic
2437 4210 2565 4253 eum
2611 4195 2896 4251 historiam
2930 4195 3232 4265 primorum
3278 4195 3499 4251 illorum
3530 4204 3744 4264 tempo-

2158 4281 2282 4336 rum
2311 4266 2574 4327 texuisse,
2606 4274 2667 4320 ut
2695 4266 2746 4320 ei
2781 4265 3047 4321 duntaxat
3092 4265 3384 4328 insereret,
3402 4280 3526 4336 quae
3558 4267 3647 4322 vel
3678 4282 3743 4321 ex

2159 4334 2582 4407 Seriptura,_vel
2610 4350 2680 4390 ex
2702 4338 2871 4391 certis
2902 4336 3309 4407 theologorum,
3344 4334 3485 4405 quos
3530 4335 3743 4407 laudat,

2160 4405 2530 4460 monumentis
2567 4406 2817 4469 habere',
2867 4421 2977 4461 non
3010 4405 3134 4474 qua;
3164 4406 3249 4460 vel
3285 4406 3427 4461 fama
3468 4406 3744 4476 vulgaret,

465 4473 629 4529 nobis
656 4474 821 4526 vitam
866 4473 1263 4543 incorruptam,
1294 4483 1348 4527 et
1435 4475 1540 4527 uai
1582 4490 1642 4529 se
1674 4473 2049 4545 prteivit,‘ini-
2160 4476 2246 4531 vel
2292 4476 2521 4531 incertis
2560 4478 2883 4532 auctoribus
2925 4473 3238 4546 conscripta
3290 4473 3591 4531 exstarent:
3620 4477 3745 4543 Quo

476 4544 686 4598 tiasset.
727 4541 889 4598 Certe
916 4543 969 4596 in
999 4557 1064 4597 eo
1104 4543 1337 4598 maxime
1382 4489 1636 4598 ﬂuceﬁat
1664 4552 2053 4598 (poterantque
2083 4509 2130 4565 υ
2160 4546 2364 4598 factum
2402 4555 2478 4598 ut.
2514 4547 2696 4598 tacitis
2720 4546 2886 4598 rebus
2914 4546 3103 4598 Jacobi
3125 4546 3353 4598 Alnlmi.
3387 4549 3440 4598 in
3470 4547 3639 4598 rebus
3655 4548 3745 4598 Ja-

1382 4559 1411 4598 ρ

476 4544 686 4615 tiasset.
727 4541 889 4598 Certe
916 4543 969 4596 in
997 4557 1064 4615 eo
1097 4541 1337 4615 maxime
1382 4541 1636 4615 elucebat
1664 4541 2053 4615 (poterantque

469 4614 777 4683 intelligere
798 4614 1033 4683 apostoli
1060 4612 1278 4683 virique
1324 4614 1633 4683 apostolici)
1674 4612 1897 4682 inﬁnita
1942 4612 2053 4668 vir-

464 4688 592 4740 tutis
626 4683 929 4745 ἀσθὲνειαν.
963 4695 1024 4737 ιιι
1059 4683 1262 4738 habent
1291 4700 1483 4738 omnes
1514 4684 1671 4739 codd.
1711 4684 2055 4739 imbecillita~

465 4765 593 4819 tem,
632 4770 763 4819 non,
800 4753 949 4823 quod
990 4754 1174 4809 reddit
1220 4754 1385 4814 ιιιιιι..
1428 4757 1739 4825 potentiam.
1784 4755 2052 4825 quidquid

467 4826 692 4880 tandem
722 4825 775 4878 in
802 4840 905 4879 suo
933 4824 1058 4879 cod.
1101 4825 1380 4885 habuerit,
1433 4824 1519 4879 vel
1568 4824 1646 4879 illi
1689 4824 2001 4893 obrepserit
2038 4844 2051 4880 :

468 4896 586 4951 haec
620 4895 882 4949 nimirum
920 4894 1105 4949 divina
1141 4895 1465 4955 cxinanitio,
1489 4896 1649 4949 nobis
1672 4915 1700 4948 a
1729 4894 1896 4949 Paulo
1915 4912 2054 4964 prae-

468 4966 667 5048 dicata.
712 4964 1065 5048 idqueadeo,
1092 4965 1138 5048 si
1166 4965 1442 5048 (liliiﬁdtls
1476 4965 1638 5048 hujus
1665 4966 1932 5048 Dionysii,
1958 4967 2048 5020 cui

2160 4546 2364 4601 factum
2402 4555 2478 4606 ut,
2514 4547 2696 4602 tacitis
2720 4546 2886 4602 rebus
2914 4546 3103 4603 Jacobi
3125 4546 3353 4616 Alpbazi,
3387 4549 3440 4602 in
3470 4547 3639 4603 rebus
3655 4548 3750 4604 Ja-

2157 4616 2518 4689 cobiiratris
2556 4618 2773 4689 Domini
2821 4628 3066 4689 moratus
3124 4616 3230 4680 sit,
3276 4634 3346 4672 ex
3392 4633 3503 4685 quo
3545 4633 3744 4689 parum

2161 4687 2362 4751 cautis,
2410 4688 2551 4759 alter
2588 4688 2744 4743 alteri
2789 4686 3145 4759 substitutus,
3180 4686 3603 4759 expunctusqtie
3646 4690 3744 4759 qui

2162 4773 2293 4813 vere
2316 4758 2598 4827 apostolus
2627 4771 2684 4811 et
2714 4760 2905 4829 major,
2936 4758 3086 4827 quod
3114 4758 3183 4813 de
3223 4758 3515 4813 duodecim
3543 4775 3559 4813 :
3597 4758 3747 4815 unus

2158 4838 2409 4882 servatus
2452 4829 2548 4896 qui
2594 4844 2664 4883 ex
2696 4828 3073 4899 Septuaginta,
3110 4829 3255 4897 quod
3301 4829 3423 4898 ejus
3472 4844 3581 4891 res.
3630 4846 3742 4885 non

2159 4899 2308 4953 illius
2348 4899 2652 4969 scripserit
2701 4898 3079 4969 llegesippus.
3123 4915 3300 4965 exque
3344 4899 3440 4953 illo
3490 4900 3743 4954 retulerit

2157 4968 2450 5023 Eusebius.
2504 4968 2599 5023 Vel
2654 4968 2803 5026 eruo
2838 4984 3069 5023 summa:
3145 4971 3450 5026 oscitantis:
3506 4970 3735 5025 notandi

469 5036 609 5091 nihil
642 5025 868 5091 necesse
895 5025 1350 5122 istud‘de'h'larise
1373 5025 1652 5104 exsequiis
1693 5025 2055 5122 addere,'eo-
2154 5039 2350 5122 Clem"
2378 5025 2940 5122 Relycratml’apias,
2993 5038 3089 5109 qui
3135 5055 3273 5122 quas
3327 5040 3615 5122 Scriptura
3661 5040 3734 5095 sic

466 5121 578 5177 que
607 5121 832 5178 gravare
855 5106 1001 5174 quod
1030 5105 1209 5178 nullis_
1236 5113 1482 5160 veterum
1518 5107 1892 5178 monumentis
1918 5122 2055 5178 eon-

2162 5110 2340 5178 palam
2374 5106 2514 5180 illius
2559 5106 2815 5178 Philippo
2858 5109 2953 5163 dat
2997 5106 3369 5180 evangelista.
3409 5106 3505 5163 uni
3546 5127 3616 5165 ex
3656 5125 3739 5165 se-

470 5176 655 5250 sonat,
682 5178 1001 5250 respuitque
1039 5177 1154 5246 ipse
1181 5176 1502 5250 BaronAzan.
1520 5176 1608 5250 52.
1632 5176 1891 5250 Sedliatc
1906 5177 2058 5247 justo
2160 5176 2630 5249 ptent,-dederint
2650 5176 2927 5250 Philippo,
2952 5180 3048 5234 uni
3080 5176 3487 5245 ex'duodecim,
3514 5183 3604 5235 vel
3632 5182 3747 5249 ipse

470 5247 765 5327 plura_.‘_Ad
798 5245 921 5327 rem
937 5245 1325 5327 lt_ostram._llti
1352 5246 1689 5327 Magdalena,
1723 5247 1803 5301 sic
1831 5245 2053 5318 quoque
2155 5245 2449 5327 Eusebius,
2479 5245 2851 5327 qui,__relatis'
2879 5265 3070 5327 eorum
3109 5250 3462 5327 testimoniis,
3495 5250 3567 5327 de
3610 5245 3745 5306 Phi—

472 5333 593 5385 qua:
625 5318 899 5387 llierapoli
936 5317 1169 5387 Philippi
1195 5316 1319 5370 ﬁlia:
1354 5317 1597 5385 virgines
1619 5316 2054 5382 consenuerunt,

2155 5320 2306 5390 lippo
2332 5320 2499 5390 primi
2526 5319 2741 5374 ordinis
2768 5320 3041 5389 apostolo,
3076 5320 3388 5375 subdiderit
3413 5322 3569 5390 quasi
3605 5336 3748 5375 con-

470 5396 528 5461 et
556 5389 633 5461 ibi
654 5388 885 5456 sepultae
914 5396 1062 5453 sunt,
1092 5388 1197 5441 alia
1219 5402 1286 5461 ex
1326 5401 1489 5441 causa
1525 5388 1596 5441 ibi
1634 5388 1940 5461 hospitium
1958 5388 2056 5443 de-
2156 5388 2484 5461 ﬁrmationis
2511 5404 2675 5461 causa
2705 5388 2885 5461 locum
2929 5390 3191 5461 Actorum
3224 5390 3291 5445 de
3334 5388 3575 5461 Philippi
3625 5390 3748 5445 dia-

471 5456 724 5527 legerint,
748 5474 927 5529 quam,
957 5467 1023 5529 ut
1047 5467 1199 5527 patre
1231 5460 1566 5529 fruerentur,
1603 5456 1873 5529 quiforte
1910 5458 2057 5513 diem
2157 5460 2283 5514 coni
2308 5460 2547 5515 ﬁliabus.
2573 5459 2730 5526 Quod
2760 5476 2885 5515 cum
2919 5460 3121 5515 durum
3167 5462 3239 5515 sit
3282 5456 3598 5522 admittere.
3631 5476 3753 5515 ma-

473 5526 708 5601 obierat.
740 5526 881 5583 utet
911 5526 1197 5601 Philippus
1245 5527 1362 5601 ipse
1402 5526 1560 5601 primi
1599 5526 1814 5601 ordinis
1842 5539 2061 5601 aposto-
2156 5529 2252 5584 lim
2309 5529 2803 5600 Christopborsoni
2860 5542 2984 5601 post
3052 5531 3309 5585 Ruﬁnum
3354 5530 3747 5601 emendationi

472 5599 579 5659 lus,
608 5609 902 5672 antequam
944 5598 1051 5653 illte
1076 5597 1129 5651 in
1172 5597 1355 5651 Asiam
1410 5598 1603 5672 pedem
1636 5597 1903 5672 inferrent
1936 5600 2060 5672 gsic
2156 5597 2551 5672 staretquam'
2578 5600 2796 5656 Valesio
2830 5597 3041 5655 morem
3084 5617 3307 5672 gerere.
3333 5600 3746 5672 Allieronymus.

473 5684 605 5723 vero
630 5666 907 5736 Hierapoli
937 5677 1363 5732 consummatus,
1397 5668 1616 5736 pietatis
1655 5666 1896 5721 ﬁdeliurn
1929 5668 2053 5735 fuit,

475 5746 534 5791 ut
562 5753 730 5808 prope
773 5736 1014 5808 Philippi
1073 5738 1343 5808 tumulum
1394 5738 1645 5808 religiose
1692 5736 2054 5808 deponerent,

475 5806 744 5880 quasipsa:
778 5806 1128 5879 inter’prima
1154 5806 1586 5865 Christianitatis
1619 5806 1823 5864 lumina
1866 5822 2058 5865 cense-

2160 5679 2219 5723 nt
2251 5668 2357 5724 sibi
2390 5668 2511 5739 ipse
2540 5686 2651 5725 non
2684 5668 3207 5734 committaturfalii
3257 5669 3501 5725 viderint
3534 5668 3747 5727 {certe

2157 5738 2283 5811 aliis
2319 5738 2486 5811 etiam
2532 5740 2673 5796 locis
2721 5758 2919 5811 parum
2963 5742 3047 5796 sui
3101 5756 3421 5805 memorem.
3464 5742 3749 5800 contraria

2154 5808 2404 5867 locutum
2434 5810 2649 5881 liquet;
2677 5808 2800 5882 qua:
2830 5828 2942 5869 non
2967 5820 3049 5871 est
3084 5811 3331 5889 instituti
3354 5825 3576 5883 urgere.

4056 4420 4086 4761 λ

4058 4764 4086 5051 l
