4086 6282
406 459 514 527 169

1167 453 1453 516 ORATIO
1485 451 1595 513 IX.
1621 475 1690 488 ·-
1712 450 1794 512 IN
1835 448 2146 512 LAUDEM
2187 451 2249 511 S.
2290 450 2634 514 PHILIPPI
2665 452 2923 514 APOST.

3585 454 3691 520 170

404 593 505 640 τας
550 568 941 644 ἀφοριζόμενοι
966 608 982 634 ,
1018 565 1162 631 ίδίως
1192 566 1408 635 ἑκάστῳ
1448 565 1547 618 καὶ
1570 563 1664 617 τὸν
1704 562 1865 631 λόγον
1888 562 1991 632 τῆς

2098 576 2239 623 nius,
2274 560 2499 633 proprie
2532 560 2699 617 etiam
2752 563 2954 633 cuique
2984 561 3346 621 laudatoriam
3374 564 3688 623 orationem

404 664 687 736 εὐφημίας
718 661 1095 731 ἀποδώσομεν.

486 757 571 818 τίς
614 754 711 808 οὖν
745 753 927 807 αὐτῶν
976 754 1124 806 ἐστιν
1147 751 1178 805 6
1208 750 1307 805 νῦν
1333 749 1427 805 τὸν
1466 750 1628 821 λόγον
1670 754 1810 823 ἡμῖν
1852 749 1997 824 πρὸς

403 848 505 921 τὴν
540 847 753 902 οἰκείαν
779 846 1058 916 εὐφημίαν
1096 842 1453 914 ξεναγαγὼνς
1485 844 1584 909 Τίς
1612 845 1642 899 6
1668 844 1812 915 μετὰ
1843 844 1996 915 πρῶ-

406 956 501 993 τον
543 938 711 991 ὕπνον
764 937 926 999 εὐθὺς
979 933 1074 1005 ἀφ’
1108 935 1350 1007 ἑσπέρας
1380 936 1553 1007 αὐτῆς
1596 933 1857 1000 ἀνιστῶν,
1898 934 1997 989 καὶ

409 1033 511 1102 τὴν
534 1031 797 1103 ὁκνηρίαν
832 1026 1349 1098 ἀποσκευαζόμενος
1377 1029 1488 1083 τῶν
1519 1028 1732 1099 ψυχῶν,
1782 1031 1878 1084 καὶ
1900 1030 1997 1084 ἄλο

411 1123 505 1177 λον
553 1120 847 1192 ἀλλαχόθεν
883 1118 1021 1191 πρὸς
1052 1120 1179 1183 τοὺς
1222 1119 1334 1173 τῶν
1365 1120 1541 1188 ἁγίων
1577 1120 1761 1184 οἴκους
1791 1121 1997 1191 ,ἱεροὺς

425 1213 713 1282 συγχινῶν,
742 1212 836 1265 καὶ
871 1211 1010 1281 πρὸς
1041 1211 1351 1279 δοξολογίαν
1380 1211 1534 1265 θείαν
1567 1212 1997 1283 προθυμοποιῶν

425 1306 521 1360 καὶ
550 1304 898 1377 ἀναπτερῶνς
934 1304 1007 1357 Ἦ
1039 1304 1173 1358 πᾶσι
1202 1302 1395 1373 δῆλον,
1428 1306 1506 1368 ὡς
1532 1306 1562 1358 6
1593 1304 1772 1374 μέγας
1805 1304 1998 1360 Φίλιπ-

426 1416 527 1462 πος
550 1399 643 1467 τὴν
662 1398 821 1451 αὑτοῦ
852 1398 1097 1467 σήμερον
1128 1395 1392 1450 ἐσάλπισε
1425 1398 1673 1466 μνήμην,
1700 1399 1793 1451 καὶ
1815 1398 1999 1461 πάσας

423 1492 480 1544 ἐν
506 1491 639 1559 αὐτῇ
693 1490 798 1541 τῶν
832 1489 1077 1542 εὐσεϐῶν
1127 1488 1428 1559 ἐκκλησίας
1483 1492 1623 1561 πρὸς
1670 1490 1832 1557 δόξαν
1860 1491 1997 1545 Θεοῦ

419 1583 724 1652 συγκροτεῖ,
756 1575 861 1633 υἷα
890 1580 946 1631 δὲ
972 1578 1072 1651 τὴν
1101 1580 1371 1650 πολυτελῆ
1401 1582 1729 1637 πανδαισίαν
1761 1583 1859 1638 καὶ
1898 1600 2001 1654 μυ⁴

413 1673 622 1745 στικὴν,
655 1672 726 1727 τὰ
753 1675 931 1726 οίκεῖα
961 1672 1065 1739 τῆς
1094 1672 1296 1742 ἀρετῆς
1343 1673 1818 1747 ἀνδραγαθήματα
1863 1692 2002 1747 προσ

409 1764 759 1834 ϐαλλόμενος,
787 1762 996 1826 τούτοις
1027 1761 1298 1827 δεξιοῦται
1326 1764 1455 1827 τοὺς
1477 1763 1645 1818 αὑτοῦ
1670 1765 2000 1836 δαιτυμόνας

408 1859 503 1913 καὶ
535 1858 796 1928 ἐραστάς.
820 1858 1111 1919 Φίλιππος,
1146 1858 1175 1909 6
1212 1855 1470 1918 ἐκλεκτὸς
1504 1856 1600 1909 καὶ
1648 1855 1877 1927 δόκιμος
1903 1856 2001 1909 καὶ

409 1948 603 2012 πιστὸς
624 1948 792 2008 ὅντως
816 1945 911 2000 τοῦ
941 1946 1117 2014 Λόγου
1154 1945 1428 2016 μαθητὴς,
1460 1947 1490 1997 6
1519 1946 1613 2000 τὸν
1644 1946 1996 2017 περιώνυμον

404 2041 509 2110 τῆς
541 2040 839 2103 δωδεκάδος
887 2038 1048 2110 χορὸν
1079 2037 1459 2107 συμπληρῶνο
1490 2038 1519 2090 6
1551 2037 1732 2107 τίμιος
1762 2036 1931 2105 λίθος,
1967 2040 1997 2093 6

407 2128 714 2196 πάγκαλος,
756 2130 783 2182 6
810 2132 1145 2198 πανώραιος,
1174 2129 1206 2178 6
1250 2129 1502 2199 διαυγὴς.
1534 2130 1563 2179 ὁ
1588 2130 1931 2199 χρυσοειδὴς.
1962 2131 1996 2203 ἢ

401 2220 752 2292 χριστοειδής
776 2237 791 2252 ⁸
832 2223 861 2273 6
900 2219 1183 2290 λαμπραῖς
1216 2218 1401 2272 ἀκτῖσι
1437 2221 1537 2288 τῆς
1568 2221 1792 2291 χάριτος
1822 2219 1998 2290 ὑπερ-

401 2313 558 2381 φυῶς
591 2313 991 2382 διηνθισμένος.
1038 2311 1329 2376 Φίλιππος,
1356 2312 1385 2362 6
1414 2310 1568 2363 κάτω
1606 2312 1705 2380 μὲν
1736 2312 1993 2381 πατρίδα,

399 2405 504 2475 τὴν
541 2403 818 2471 Βηθσαϊδὰ
842 2442 859 2467 ,
889 2402 1047 2455 πόλιν
1104 2401 1355 2470 Ἀνδρέου
1406 2402 1501 2454 καὶ
1531 2401 1744 2472 Πέτρου
1776 2399 1959 2470 λαχών
1979 2417 1995 2433 ·

412 2496 522 2550 ἀνω
568 2496 625 2548 δὲ
673 2495 773 2568 τὴν
839 2494 1173 2567 μητρόπολιν
1224 2493 1409 2563 αὐχῶν
1467 2493 1844 2566 Ἰερουσαλὴμ,
1898 2494 1999 2566 τὴν

412 2588 670 2659 οὐρανίαν
721 2587 821 2641 καὶ
877 2587 1093 2655 ζῶσαν,
1150 2588 1246 2644 καὶ
1304 2587 1645 2643 ἀκατάλυτον
1705 2588 1863 2643 πόλιν
1902 2586 1997 2641 τοῦ

412 2680 568 2738 Θεοῦ.

475 2951 653 3015 Οὗτος
696 2950 789 3004 οὖν
833 2952 861 3003 6
893 2952 1444 3021 τρισμακαριώτατος
1472 2948 1635 3022 ἀνὴρ,
1683 2947 1875 3018 ῶσπερ
1902 2948 1999 3003 τοῦ

403 3041 576 3096 αὐτοῦ
605 3042 801 3110 γένους
833 3042 932 3094 καὶ
967 3042 1067 3110 τῆς
1101 3042 1273 3111 αὐτῆς
1320 3040 1583 3111 πατρίδος
1632 3039 1744 3095 τῶν
1776 3038 2001 3111 ὑψηλῶν

404 3135 675 3207 ἐτύγχανε
719 3134 1005 3206 μαθητῶν,
1038 3132 1181 3188 οὕτω
1212 3136 1309 3188 και⁵
1335 3132 1562 3205 γνώμης
1591 3132 1670 3187 ὣν
1692 3133 1797 3201 τῆς
1826 3133 1999 3203 αὐτῆς

2098 653 2427 707 reddamus.
2866 679 2869 683 >

2166 744 2304 811 Quis
2330 743 2500 814 igitur
2531 759 2599 799 ex
2631 752 2852 800 sacrato
2883 746 2979 801 illo
3007 762 3242 803 numero
3266 756 3373 815 est,
3401 748 3496 819 qui
3527 750 3692 808 nobis

2097 835 2595 906 impraesentiarum
2640 835 2708 891 ad
2750 852 2881 892 suas
2925 837 3315 909 depangendas
3358 840 3554 896 laudes
3586 856 3692 898 no-

2096 936 2268 984 stram
2317 929 2629 985 orationem
2672 928 2903 985 ductat‘i
2944 928 3080 996 Quis
3130 931 3226 987 ille
3264 933 3361 1002 qui
3390 934 3482 989 vix
3508 933 3693 1005 primo

2097 1033 2293 1075 somno
2321 1020 2614 1091 degustato
2649 1019 2719 1075 ab
2749 1019 2870 1091 ipsa
2902 1021 3092 1077 statim
3123 1038 3355 1095 vespera
3381 1024 3539 1095 iubet
3566 1042 3692 1081 sur-

2098 1126 2249 1182 gere,
2274 1112 2619 1183 decussaque
2640 1112 2954 1171 animorum
2975 1114 3231 1185 segnitie.
3254 1115 3385 1171 hinc
3405 1116 3535 1172 inde
3556 1117 3696 1173 alios

2098 1204 2349 1273 aliosque
2383 1204 2451 1260 ad
2487 1214 2811 1261 sanctorum
2838 1204 2987 1261 aedes
3016 1222 3202 1262 sacras
3231 1207 3491 1273 concitat,
3528 1221 3695 1279 atque

2099 1295 2167 1350 ad
2196 1295 2414 1351 divinas
2436 1296 2639 1352 animis
2659 1297 2871 1354 alacres
2890 1297 3054 1369 erigit
3078 1297 3290 1365 laudes,
3314 1314 3381 1355 ac
3403 1300 3556 1356 velut
3576 1302 3693 1358 alas

2099 1388 2300 1444 addit?
2338 1390 2537 1444 Annon
2562 1389 2825 1445 omnibus
2846 1389 3042 1461 liquet,
3072 1405 3337 1463 magnum
3374 1392 3691 1464 Philippum

2100 1482 2249 1536 velut
2282 1483 2569 1553 clangente
2606 1483 2739 1538 tuba
2783 1499 2941 1539 suam
2986 1484 3155 1540 hodie
3182 1484 3447 1541 indixisse
3478 1502 3691 1543 memo-

2102 1574 2262 1641 riam,
2297 1585 2637 1646 cunctasque
2672 1578 2729 1633 in
2761 1592 2824 1631 ea
2854 1577 3076 1647 piorum
3110 1587 3325 1633 mentes
3367 1578 3438 1634 ad
3467 1580 3565 1635 Dei
3593 1595 3692 1636 co-

2101 1676 2229 1731 gere
2267 1663 2530 1732 gloriam,
2565 1663 2856 1734 ipsumque
2902 1664 3050 1720 haud
3094 1680 3257 1721 secus
3286 1682 3351 1722 ac
3378 1668 3548 1737 dapes
3576 1668 3692 1723 lau-

2104 1753 2343 1811 tissimas
2383 1764 2551 1825 atque
2584 1757 2866 1827 mysticas,
2910 1758 3173 1828 praeclara
3198 1773 3297 1813 sua
3322 1770 3693 1830 apponentem

2099 1843 2324 1900 virtutis
2342 1846 2608 1910 facinora;
2637 1848 2725 1903 his
2758 1862 2891 1902 suos
2924 1849 3327 1921 praemagnitlce
3344 1850 3607 1907 convivas
3627 1867 3696 1906 ac

2104 1945 2381 1993 amatores
2410 1938 2714 2008 excipere?
2740 1939 3061 2012 Philippum
3111 1956 3330 2012 nempe,
3355 1941 3595 1999 electum
3628 1945 3695 2000 il—

2100 2028 2236 2091 lum,
2268 2030 2569 2099 probatum
2604 2046 2668 2086 ac
2725 2046 2856 2087 vere
2888 2032 3105 2088 ﬁdelem
3134 2032 3303 2091 Verbi
3332 2035 3694 2106 discipulum,

2098 2120 2470 2178 clarissimum
2493 2124 2647 2178 illum
2678 2124 3049 2196 complentem
3075 2126 3396 2183 duodenum
3420 2110 3689 2201 chorum:

2098 2214 2335 2285 lapidem
2358 2218 2684 2286 pretiosum,
2706 2216 3200 2291 elegantissimum,
3228 2219 3690 2290 pulcherrimum.

2098 2307 2457 2376 pellucidum,
2478 2310 2667 2366 aureis
2684 2311 2983 2367 micantem
3004 2310 3337 2383 fulgoribus,
3354 2328 3450 2368 seu
3469 2314 3694 2371 Christo

2100 2398 2370 2468 similem;
2398 2402 2709 2471 splendidis
2733 2405 2927 2475 gratiae
2962 2404 3135 2460 radiis
3167 2405 3571 2477 praemagniﬂce
3602 2408 3693 2461 in-

2100 2492 2453 2549 terstinetum
2498 2504 2665 2565 atque
2703 2495 3030 2565 ﬂorentem;
3069 2498 3404 2569 Philippum,
3446 2497 3691 2569 inquam,

2100 2585 2157 2641 in
2195 2587 2361 2642 terris
2414 2588 2641 2659 quidem
2686 2588 2983 2646 Bethsaida
3031 2597 3257 2645 nactum
3287 2590 3539 2660 patriam,
3574 2590 3693 2646 An-

2099 2676 2248 2733 dreae
2276 2687 2335 2734 et
2378 2679 2529 2735 Petri
2585 2680 2899 2749 civitatem;
2928 2681 3026 2737 sed
3057 2682 3153 2753 qui
3183 2682 3242 2739 in
3271 2681 3449 2746 ccelis,
3473 2682 3697 2740 Jerusa-

2099 2766 2207 2823 lem
2240 2769 2452 2825 cmlesti
2499 2770 2736 2842 vivaque
2764 2770 3084 2842 metropoli,
3149 2772 3548 2844 insolubilique
3595 2773 3695 2830 Dei

2100 2860 2324 2917 civitate
2348 2861 2641 2933 glorietur.

2179 2953 2282 3010 Hic
2315 2955 2504 3026 itaque
2548 2957 2634 3011 vir
2657 2965 2742 3012 ter
2770 2956 3149 3019 beatissimus,
3191 2957 3270 3011 uti
3304 2956 3500 3014 eadem
3539 2965 3696 3013 satus

2100 3047 2377 3119 prosapia.
2420 3048 2726 3121 eademque
2757 3060 2921 3105 natus
2952 3050 3129 3119 patria
3157 3065 3222 3104 ac
3252 3049 3497 3119 praecelsi
3528 3049 3697 3105 disci-

2100 3137 2240 3207 puli,
2266 3138 2350 3193 sic
2371 3138 2622 3208 ejusdem
2653 3153 2874 3208 quoque
2920 3138 3090 3193 animi
3139 3153 3205 3196 ac
3249 3139 3537 3195 sententiae
3566 3154 3695 3194 cum

405 3226 505 3280 καὶ
532 3226 796 3289 διανοίας,
828 3225 920 3278 καὶ
950 3225 1089 3293 πρὸς
1125 3225 1218 3279 τὸν
1250 3224 1383 3277 Θεὸν
1412 3223 1471 3277 δὲ
1506 3223 1870 3295 συνειδήσεως
1898 3223 1994 3277 καὶ

2098 3239 2271 3293 esset;
2297 3228 2390 3283 ubi
2417 3238 2627 3284 tantum
2657 3229 2844 3284 Jesum
2875 3228 3207 3293 invenisset;
3235 3228 3370 3298 quin
3392 3229 3575 3299 potius
3598 3229 3695 3284 illo

401 3317 664 3389 γνώσεως
705 3316 807 3384 τῆς
846 3315 1038 3384 αὐτῆς,
1071 3314 1147 3377 ὡς
1193 3314 1353 3383 μόνον
1404 3314 1569 3369 αὑτὸν
1596 3309 1723 3385 εὗρε
1746 3314 1841 3369 τὸν
1892 3315 1994 3387 ἰη-

408 3408 537 3463 σοῦν
562 3427 576 3438 ·
617 3407 819 3479 μᾶλλον
848 3407 904 3459 δὲ
940 3408 1131 3460 τοῦτον
1170 3407 1199 3459 6
1232 3406 1437 3478 Κύριος
1468 3404 1666 3478 εὑρὼν,
1710 3408 1993 3462 ’Δκολού-

417 3507 504 3557 θοι
528 3519 645 3570 μοι,
666 3501 955 3571 προσεῖπε.
989 3497 1168 3569 πάσης
1218 3497 1423 3561 εὐθέως
1456 3498 1723 3569 ῥήγνυται
1753 3498 1996 3569 σχέσεως

426 3592 765 3660 σωματικῆςο
800 3593 981 3661 πάσης
1004 3608 1070 3644 πε
1078 3590 1364 3663 ρικοσμίου
1387 3589 1764 3659 προσπαθείας
1780 3590 1993 3661 ἁθρόως

424 3680 725 3745 ἀπολυθεὶς,
759 3686 895 3753 πρὸς
930 3683 1303 3754 ὑπερκόσμιον
1338 3682 1639 3752 ἐπιθυμίαν
1698 3682 1992 3752 ἀνεφλέγη.

430 3775 726 3842 Haeduos,
756 3775 942 3845 φησιν,
978 3777 1015 3828 ό
1056 3774 1297 3843 Ἰησοῦς
1320 3774 1596 3839 ἐξελθεῖν
1622 3776 1711 3841 είς
1742 3775 1859 3843 τὴν
1882 3777 1995 3829 Γαι-

403 3867 655 3922 Διλαιάν
676 3882 691 3897 ⁸
725 3870 823 3921 καί
850 3868 1116 3936 εὑρίσκει
1148 3867 1469 3930 Φίλιππον,
1495 3867 1591 3919 καί
1610 3868 1773 3936 λέγει
1799 3864 1959 3931 αὐτῷ
1979 3882 1993 3895 ·

412 3961 765 4016 Ἀκολούθει
792 3978 914 4029 μοι.
953 3959 1026 4013 Οὐ
1070 3960 1300 4031 μακρῶν
1325 3960 1515 4030 ἐδέησε
1548 3959 1688 4029 πρὸς
1730 3958 1829 4029 τὴν
1858 3957 1991 4029 κλῆ·

399 4071 488 4107 σιν
511 4054 895 4125 παραινέσεων
913 4070 928 4086 '
956 4054 1019 4107 οὐ
1048 4053 1331 4124 προέτεινε
1354 4052 1564 4120 δωρεάς
1585 4067 1599 4083 ο
1633 4052 1732 4123 οὐχ
1763 4053 1997 4121 ὑποσχέει

399 4164 542 4201 σεων
574 4148 801 4217 μνήμην
855 4148 1182 4218 ἐποιήσατο·
1237 4147 1298 4199 οὐ
1348 4147 1575 4217 μισθοὺς
1617 4146 1720 4212 τῆς
1763 4146 1993 4199 ἀκολου-

400 4238 617 4309 θήσεως
647 4238 1008 4308 πῳὺὀὰλετο.
1052 4238 1167 4292 Ἑνὶ
1209 4240 1417 4309 ῥήματι
1450 4237 1598 4309 μόνῳ
1644 4238 1782 4308 πρὸς
1820 4237 1987 4306 μαθη-

403 4333 554 4383 τείαν
582 4331 961 4393 ἐπεσπάσατο,
1010 4332 1357 4386 Ἀκολούθει
1409 4349 1526 4393 μοι,
1571 4331 1665 4382 καὶ
1688 4329 1767 4397 τῷ
1802 4329 1996 4400 βραχεῖ

410 4421 583 4491 τούτῳ
606 4424 812 4492 ῥήματι
843 4422 1044 4489 φίλτρα
1068 4421 1279 4495 γονέων
1298 4420 1458 4484 εὐθὺς
1486 4419 1653 4488 εσΰηο
1688 4420 1989 4487 συγγενῶν,

417 4509 605 4577 φίλων.
629 4513 841 4564 οἰκείων
881 4512 1176 4574 διαθέσεως
1210 4510 1506 4581 ὲπελήσθη,
1548 4511 1642 4563 καὶ
1677 4510 1866 4579 κτῆμα
1899 4512 1992 4564 καὶ

2097 3318 2366 3373 Dominus
2410 3319 2667 3384 invento,
2712 3317 2943 3389 Sequere
2985 3335 3068 3373 me
3107 3319 3375 3385 dixisset,
3426 3317 3496 3373 ab
3540 3319 3695 3375 omni

2097 3411 2281 3466 statim
2334 3411 2610 3478 corporali
2658 3411 2923 3480 abreptus
2950 3411 3383 3476 necessitudine,
3429 3412 3695 3483 omnique

2096 3514 2325 3575 repente
2362 3507 2578 3559 solutus
2630 3515 2851 3559 terrena
2885 3504 3202 3571 aﬁectione,
3238 3505 3696 3575 supramundana

2096 3595 2400 3666 cupiditate
2428 3596 2657 3651 exarsit.
2685 3594 2879 3661 Voluit,
2906 3596 3106 3667 inquit.
3135 3596 3289 3651 Jews
3310 3598 3523 3653 exirein
3546 3597 3698 3655 Gali-

2098 3682 2281 3750 (mam,
2302 3694 2352 3738 et
2368 3686 2570 3740 invenit
2606 3685 2934 3757 Philippum,
2954 3694 3002 3740 et
3019 3686 3145 3740 dicit
3165 3686 3235 3750 ei,
3262 3684 3491 3756 Sequere
3513 3703 3594 3742 me
3622 3689 3692 3743 ".

2094 3776 2216 3831 Non
2254 3776 2469 3846 prolixa
2521 3775 2909 3832 adhortatione
2933 3786 2993 3831 ut
3019 3776 3069 3832 is
3090 3777 3311 3832 vocanti
3348 3777 3696 3848 obtempera-

2099 3879 2201 3935 ret,
2231 3870 2470 3940 indiguit
2503 3888 2518 3924 :
2547 3885 2657 3925 non
2704 3885 2936 3926 munera
2985 3870 3189 3928 obtulit
3222 3887 3237 3923 :
3270 3886 3381 3925 non
3416 3870 3694 3941 pollicita-

2098 3962 2312 4018 tionum
2345 3965 2674 4020 memoriam
2716 3965 2928 4037 injecit,
2961 3979 3076 4021 non
3105 3965 3420 4021 mercedem
3456 3980 3523 4021 ac
3551 3980 3695 4037 pm-

2096 4057 2205 4111 mia
2237 4052 2327 4110 his
2347 4058 2442 4126 qui
2476 4066 2848 4126 sequerentur
2863 4054 3073 4122 dedita,
3114 4056 3170 4111 in
3192 4056 3439 4113 medium
3482 4057 3691 4112 attulit.

2097 4149 2217 4206 Uno
2250 4149 2516 4204 duntaxat
2542 4149 2622 4204 illi
2651 4149 2844 4211 verbo.
2890 4148 3122 4220 Sequere
3165 4164 3271 4214 me,
3303 4150 3409 4204 sibi
3440 4149 3690 4220 discipu-

2094 4242 2209 4296 lum
2242 4241 2488 4308 addixit;
2531 4241 2799 4310 brevique
2833 4241 2938 4296 hac
2965 4242 3160 4297 vocula
3184 4250 3474 4312 parentum
3507 4241 3695 4296 statim

2096 4336 2301 4390 amoris
2350 4334 2463 4389 vim
2494 4335 2779 4391 exsﬁuxit.
2816 4334 3213 4405 Cognatornm,
3244 4335 3573 4399 amicorum,
3597 4351 3696 4390 ne-

2095 4427 2462 4483 cessariorum
2478 4427 2687 4483 oblitus
2703 4428 3014 4483 all'eetiunis
3028 4434 3110 4483 est
3144 4426 3396 4497 :praedia,
3422 4426 3694 4497 pecuniae,

2094 4521 2385 4592 omnisque
2402 4521 2530 4577 vitae
2549 4531 2768 4591 spretus
2793 4529 3090 4591 apparatus
3110 4535 3125 4586 ;
3155 4520 3392 4575 carnalis
3411 4520 3593 4575 omnis
3620 4520 3693 4576 li-

412 4604 622 4675 χρῆμα,
676 4607 770 4660 καὶ
810 4607 962 4658 πᾶσα
1010 4603 1106 4658 τοῦ
1154 4603 1271 4675 βίου
1327 4603 1688 4674 παραφαῦλον
1738 4602 1991 4672 ἐλογίσθη

2099 4610 2233 4666 bido
2259 4613 2527 4684 elanguit,
2558 4626 2897 4683 germcnque
2927 4610 3079 4665 aliud
3123 4610 3404 4675 amicitiae,
3436 4627 3502 4666 ac
3539 4626 3694 4666 amor

407 4702 747 4766 κατασκευὴ.
800 4696 897 4749 καὶ
932 4695 1171 4766 σαρκικὴ
1206 4696 1356 4748 πᾶσα
1395 4693 1791 4764 κατεμαράνθη
1844 4710 1997 4765 στορ-

2100 4702 2264 4766 alius,
2294 4703 2537 4758 caelestis
2564 4702 2835 4767 ille,nibil
2860 4711 3121 4758 terrenus
3153 4718 3218 4758 ac
3240 4701 3511 4773 spiritalis
3542 4704 3694 4759 intus

398 4787 472 4855 γῆ
495 4801 511 4816 ·
543 4786 677 4854 ἄλλη
701 4787 761 4840 δὲ
810 4786 1019 4856 βλάστη
1048 4785 1335 4855 φιλότητος
1371 4784 1469 4837 καὶ
1493 4784 1634 4856 ερως
1659 4783 1871 4837 ἔνδοθεν
1903 4783 1997 4837 ἆλ-

2100 4794 2288 4848 animo
2315 4793 2588 4849 reﬂoruit.

390 4876 509 4941 λος.
541 4879 816 4948 οὐράνιος,
851 4875 1016 4939 ἄῦλος
1039 4876 1300 4929 ὰνέθαλλε
1340 4876 1437 4928 καὶ
1462 4876 1851 4945 πνευματικός.

468 4969 661 5032 Ἀπαξ
692 4970 788 5021 τοῦ
818 4969 995 5035 Λόγου
1032 4968 1337 5036 φωνοῦντος
1372 4969 1605 5038 ἠκουσεν
1648 4969 1677 5020 6
1704 4968 1989 5032 Φίλιππος,

2170 4969 2353 5023 Semel
2395 4967 2563 5022 Verbi
2610 4983 2800 5022 vocem
2847 4966 3064 5022 audivit
3098 4965 3408 5037 Philippus,
3459 4965 3692 5036 Sequere

402 5064 756 5118 Ἀκολούθει
768 5081 895 5131 μοι,
927 5064 1023 5115 καὶ
1056 5064 1147 5115 τὸν
1178 5063 1355 5132 ἁληῡῆ
1391 5063 1747 5133 καθηγεμόνα
1782 5062 1856 5132 τῷ
1900 5066 1987 5115 ὲν-

2098 5076 2190 5123 me,
2210 5074 2446 5130 veroque
2468 5070 2809 5130 praeceptore
2831 5075 2898 5113 ex
2913 5058 3164 5129 jussione
3185 5059 3391 5130 agnito,
3414 5075 3525 5113 non
3546 5060 3691 5115 ultra

387 5156 634 5223 τάλματι
662 5155 848 5221 γνοὺς,
883 5155 983 5207 οὐκ
1013 5153 1239 5223 ἔϐλεψεν
1266 5156 1346 5215 εἱς
1374 5158 1443 5205 τὰ
1461 5154 1639 5206 ὀπίσω
1657 5155 1863 5214 λοιπὸν,
1885 5156 1988 5206 οὐκ

2098 5150 2298 5219 aspexit
2342 5160 2510 5215 retro,
2564 5166 2675 5205 non
2729 5150 2901 5205 animi
2951 5166 3157 5219 anceps
3201 5150 3326 5215 fuit,
3372 5167 3485 5206 non
3526 5167 3689 5223 sequ;

390 5246 645 5300 ὲδίστασε
674 5246 777 5314 τὴν
803 5243 1004 5316 ψυχὴν,
1034 5246 1135 5315 τὴν
1181 5244 1543 5313 ἁκολούθησιν
1568 5245 1668 5296 οὐκ
1697 5244 1984 5312 ἐψεύσατο,

2098 5245 2290 5311 renuit,
2320 5259 2431 5300 non
2461 5245 2605 5299 sicut
2651 5242 2879 5299 Elisaeus
2921 5251 3155 5300 vocante
3200 5244 3316 5297 Elia
3368 5246 3602 5315 rogavit,
3630 5253 3690 5299 ut

394 5336 501 5390 οὐδ’
533 5335 728 5405 ὥσπερ
771 5334 1041 5387 Ἐλισσαιὲ
1076 5334 1212 5403 πρὸς
1247 5332 1431 5387 Ἠλιοῦ
1462 5333 1818 5405 καλούμενος,
1854 5335 1985 5407 πρό-

2098 5334 2241 5405 prius
2273 5336 2466 5391 ambos
2492 5344 2749 5406 parentes
2768 5335 3218 5391 osculariliceret
3234 5336 3279 5367 τε
3300 5353 3315 5402 ;
3340 5351 3405 5391 ac
3429 5351 3687 5392 necessa-

393 5444 550 5496 τερον
581 5426 675 5479 τὸν
707 5427 925 5489 πατέρα
972 5428 1068 5479 καὶ
1099 5426 1198 5496 τὴν
1235 5430 1446 5497 μητέρα
1472 5427 1777 5497 παρεκάλει
1809 5443 1980 5480 κατα-

2098 5425 2186 5480 riis
2214 5426 2333 5481 vale
2359 5426 2533 5492 dicto,
2556 5426 2639 5481 sic
2673 5435 3022 5495 sequeretur.
3047 5426 3452 5496 Cognovitovis
3480 5426 3690 5500 bonum

395 5516 592 5584 φιλεῖν,
630 5518 725 5569 καὶ
753 5518 868 5577 τοῖς
902 5515 1122 5579 οἰκείοις
1158 5516 1589 5586 συνταξάμενος,
1626 5517 1801 5579 οὕτως
1844 5519 1977 5571 ἀκοο

2098 5516 2373 5579 Pastorem
2388 5520 2457 5587 ",
2482 5520 2703 5591 citoque
2730 5520 3001 5577 liberatus
3015 5518 3085 5575 ab
3105 5520 3323 5586 alienis,
3345 5536 3445 5591 per
3468 5536 3593 5576 eum
3617 5520 3685 5574 ad

390 5603 626 5660 λουθειν.
660 5604 847 5674 Ἔγνω
876 5606 966 5658 τὸν
1000 5606 1165 5659 καλὸν
1195 5607 1431 5676 ποιμένα
1466 5609 1526 5661 τὸ
1566 5608 1860 5679 πρόϐατον,
1885 5609 1980 5662 καὶ

2098 5625 2383 5681 supernam
2404 5628 2469 5667 ac
2488 5613 2774 5684 mysticam
2795 5611 3032 5667 festinus
3063 5614 3433 5667 contendebat
3450 5612 3684 5668 caulam.

384 5701 603 5771 σπουδῇ
637 5700 748 5754 τῶν
797 5699 1097 5772 ἀλλοτρίων
1130 5700 1685 5773 ἀπαλλοτριούμενος,
1716 5702 1783 5756 δι’
1812 5703 1977 5756 αὑτοῦ

2098 5700 2209 5769 Quo
2253 5702 2421 5759 etiam
2486 5704 2716 5773 posthac
2770 5711 3001 5761 auctore
3052 5703 3291 5759 salutem
3350 5712 3687 5759 consecutus

467 5880 519 5916 ⁷⁵
542 5883 699 5940 Joan.
737 5884 883 5949 1,45.
942 5886 988 5918 ⁷⁸
1026 5882 1094 5939 ιιι
1128 5885 1264 5956 Reg.
1289 5901 1399 5954 xix,
1440 5885 1529 5942 50.
1602 5886 1646 5917 "
1677 5883 1837 5949 Joan.
1874 5903 1928 5951 ι,
1962 5887 2047 5941 ιι.

648 5978 919 6036 Parnm.
967 5980 1014 6038 (ἶ
1028 5998 1083 6039 tt,
1140 5980 1237 6040 CV
1253 6024 1269 6041 .
3315 5974 3349 6030 6
