4088 6304
451 479 552 549 1⁸11

1663 472 1964 537 ΝΙΟΕΤΑΞ
1999 471 2191 530 ΡΑΡΗ
2203 469 2530 530 LAGONIS

3645 465 3751 532 1⁸12

447 592 802 664 sempiternae
853 591 978 647 vitae
1023 600 1079 646 et
1155 605 1358 662 pascua
1439 587 1642 644 insedit
1694 595 1752 644 et
1802 587 1923 643 ioca
1975 598 2053 640 se-

2165 583 2302 656 πρδς
2331 584 2430 652 τὴν
2462 584 2574 637 ἄνω
2605 581 2701 635 καὶ
2727 581 3000 653 μυστικὴν
3040 579 3302 651 ἠπείγετο
3331 578 3507 654 αὐλήν
3525 597 3541 613 ·
3568 581 3640 638 δι’
3687 573 3751 636 οὖ

446 688 676 759 desque.

498 868 625 927 Haac
648 867 913 942 Philippi,
941 883 1051 941 qua
1078 867 1411 939 discipulum
1443 866 1730 937 professus
1752 873 1855 925 est,
1883 879 2050 920 exor-

445 964 554 1019 dia.
575 964 703 1019 Haec
722 961 1200 1017 vocationisillius
1252 976 1318 1014 ac
1373 960 1665 1014 electionis
1691 973 1881 1012 causa.
1921 957 2051 1011 Inde

447 1054 550 1107 toti
575 1053 876 1108 crucifixus
905 1052 1136 1113 mundo,
1161 1051 1266 1104 soii
1295 1048 1546 1104 conﬁxus
1561 1048 1716 1103 cruci
1741 1054 1863 1101 erat
1886 1044 2050 1101 Chri—

446 1153 534 1199 sto
553 1144 621 1197 ".
645 1142 1165 1212 Discipulorumque
1189 1140 1528 1209 primoribus
1559 1140 1640 1209 iac
1678 1137 1835 1193 chori
1858 1136 2052 1207 capiti-

445 1235 575 1298 bus,
601 1250 705 1290 ceu
731 1234 847 1304 pari
874 1235 985 1289 iiiis
1006 1235 1217 1288 honore
1271 1232 1734 1295 succenturiatus,
1765 1231 1833 1285 ad
1872 1230 2051 1285 solum

447 1321 698 1392 Magistri
727 1332 928 1376 nutum
976 1335 1099 1376 sese
1132 1318 1489 1382 extendebat,
1539 1319 1661 1389 ejus
1714 1319 1834 1373 solo
1858 1332 2050 1372 amore

449 1415 766 1479 roboratus,
797 1421 962 1483 atque
993 1413 1061 1467 ad
1085 1413 1309 1467 virtutis
1334 1413 1597 1466 decorem
1636 1411 1931 1474 formatus,
1954 1425 2046 1464 re-

448 1507 654 1577 gnique
708 1506 1101 1576 mysteriorum
1150 1503 1354 1574 dignus
1391 1502 1616 1556 habitus
1654 1508 1906 1570 :quanta
1948 1499 2050 1555 de-

448 1611 603 1653 mum
635 1596 871 1652 facultas
905 1595 1086 1650 Verbo
1120 1600 1497 1649 sacro-sancte
1540 1592 1762 1653 doctori
1793 1591 2048 1656 vinctus,

447 1689 613 1760 eique
640 1688 841 1744 similis
861 1686 1115 1743 effectus.

519 1780 634 1838 Nec
665 1781 784 1852 ipse
822 1779 1048 1851 quidem
1083 1792 1211 1833 eum
1265 1777 1318 1830 in
1356 1775 1582 1829 modum
1614 1774 1760 1828 bono
1787 1772 2046 1843 perfrue-

449 1870 635 1937 batur,
669 1871 912 1942 idipsum
937 1884 1068 1924 vero
1101 1867 1372 1938 proximis
1399 1865 1715 1920 occultabat
1751 1881 1764 1917 :
1796 1865 1892 1919 sed
1917 1878 2041 1917 cum

448 1966 597 2021 bono
631 1961 799 2020 animi
837 1963 1125 2035 proposito
1177 1977 1240 2016 ac
1272 1963 1559 2016 voluntate
1596 1960 1863 2029 praeclare
1908 1958 2052 2013 nite-
2080 1932 2129 1992 Β

447 2065 553 2122 ret,
587 2072 716 2113 cum
745 2055 870 2111 aliis
908 2068 1132 2125 quoque
1159 2051 1369 2108 bonum
1405 2051 1816 2113 communicat;
1853 2050 2049 2104 inven-

447 2161 616 2221 toque
641 2150 882 2220 primum
924 2145 1290 2209 Nathanaeie,
1319 2144 1440 2215 ejus
1467 2144 1564 2213 qui
1584 2151 1856 2197 venturus
1882 2149 2050 2205 esset,

447 2243 749 2298 adventum
778 2238 858 2294 illi
879 2237 1176 2292 nuntiavit.
1215 2233 1340 2288 Non
1367 2235 1478 2300 iam
1501 2232 1754 2302 amplius,
1775 2233 1974 2302 inquit,
1998 2235 2054 2285 in

446 2351 540 2405 spe
558 2341 633 2388 est
655 2330 874 2387 Israelis
897 2328 1063 2384 salus.
1095 2327 1213 2382 Non
1235 2327 1466 2397 amplius
1489 2325 1630 2397 quod
1652 2324 1886 2378 nondum
1912 2339 2052 2392 prae-

447 2443 568 2480 sens
597 2427 838 2489 exsistat,
872 2431 1132 2491 tanquam
1157 2423 1422 2490 futurum,
1444 2418 1659 2471 obscure
1684 2418 1852 2469 animi
1887 2417 2055 2469 ratio-

451 2516 600 2572 uibus
625 2522 1089 2583 repraesentantus.
1120 2512 1283 2566 Adest
1305 2511 1467 2575 enim,
1494 2525 1556 2561 ac
1592 2524 1750 2578 quem
1776 2507 1905 2561 olim
1932 2523 2054 2561 ma-

447 2626 584 2681 gnus
635 2608 803 2664 Moses
849 2616 902 2659 et
941 2606 1212 2676 prophetae
1250 2603 1440 2673 spiritu
1468 2599 1846 2670 prwviderunt,
1883 2606 2055 2652 extre—

451 2701 654 2771 misque
684 2697 1006 2768 temporibus
1047 2694 1243 2749 Israeli
1286 2691 1627 2748 Salvatorem
1685 2691 2054 2744 suscitandum

450 2793 836 2866 praedixerunt,
860 2797 979 2844 cum
1001 2785 1583 2857 inuenerimus(lesum
1639 2781 1838 2838 scilicet
1875 2801 1906 2836 a
1939 2782 2053 2836 Na-

447 2886 657 2954 zareth)
683 2882 994 2947 eximiisque
1007 2881 1124 2950 ejus
1146 2877 1390 2950 operibus
1422 2875 1627 2929 inducti
1648 2873 2049 2935 crediderimus,

450 2993 571 3031 cum
599 2990 660 3028 eo
701 2972 1062 3026 lubentissime
1086 2968 1303 3032 morati,
1345 2968 1567 3036 ejusque
1593 2966 1677 3019 usi
1709 2963 2053 3018 contubernio

448 3083 636 3122 sumus
650 3066 717 3120 ⁷⁸.
740 3065 838 3119 His
856 3064 1043 3133 itaque
1061 3061 1283 3131 penitus
1301 3057 1908 3126 sermonibuscaptum,
1929 3062 2052 3108 tan-

450 3175 616 3229 quam
639 3155 1082 3228 pulcherrimum
1105 3161 1366 3207 venatum
1391 3158 1558 3219 atque
1579 3148 1849 3217 opimum,
1870 3145 2049 3199 virum

449 3247 581 3302 Jesu
611 3242 870 3310 adducit;
905 3241 1123 3310 hocque
1159 3238 1400 3308 primum
1440 3235 1614 3289 animi
1646 3249 1780 3289 vere
1814 3231 2050 3302 impensi

449 3339 673 3411 pignus,
695 3351 764 3392 ac
783 3336 1016 3391 sincera:
1032 3332 1156 3386 ﬁdei
1178 3339 1392 3385 certum
1419 3333 1806 3397 argumentum
1827 3322 2050 3378 Christo
2081 3301 2125 3361 ο

447 3429 723 3494 exhibuit,
755 3442 950 3484 verum
990 3425 1140 3479 illum
1193 3421 1498 3476 lsraelitam
1545 3420 1788 3473 fructum
1815 3415 2024 3470 ferens.

517 3608 749 3666 Cunctis
778 3607 948 3678 igitur
968 3605 1234 3672 deinceps
1258 3601 1447 3673 gratiae
1475 3598 1830 3653 sermonibus
1853 3610 2049 3651 aurem

449 3704 725 3774 praebens,
763 3701 1123 3767 omniumque
1145 3695 1262 3766 ipse
1291 3691 1470 3749 oculis
1505 3689 1844 3746 mirabilium
1872 3690 2056 3756 inspe—

449 3806 572 3852 ctor
590 3794 792 3857 factus,
807 3805 1088 3846 sacrarum
1107 3787 1333 3859 quidem
1358 3783 1738 3839 doctrinarum
1755 3795 1882 3850 Ope,
1902 3779 2052 3833 omni

448 3887 600 3960 quod
631 3885 824 3956 dejicit
873 3881 1246 3953 deprimitque
1293 3888 1462 3947 atque
1517 3873 1772 3944 infringit
1802 3873 2051 3931 animum

449 3979 814 4052 purgabatur,
847 3976 1141 4043 omnisque
1173 3969 1500 4041 ignorantia
1528 3965 1762 4036 depulsa
1790 3964 2048 4052 caligine,

450 4051 654 4125 divinae
695 4067 942 4123 scientiae
971 4062 1339 4129 cmiestisque
1369 4055 1656 4128 sapientia
1704 4055 1830 4110 luce
1882 4051 2054 4124 proli-

451 4162 628 4227 ciens,
662 4159 955 4230 magnifice
1007 4152 1424 4217 iiiustrabatur;
1456 4149 1616 4205 novis
1644 4163 1776 4204 vero
1806 4162 1871 4202 ac
1893 4147 2053 4203 inau-

449 4255 584 4312 ditis
618 4251 886 4322 operibus
915 4247 1177 4304 roborata
1200 4244 1329 4306 ﬁde,
1354 4259 1418 4298 ac
1439 4242 1688 4312 quotidie
1717 4240 1774 4295 in
1795 4240 2048 4295 interiori

449 4355 752 4403 renovatus
797 4341 1024 4397 homine
1054 4349 1111 4394 et
1143 4336 1492 4392 confortatus
1543 4333 1604 4388 in
1656 4333 1840 4388 virum
1870 4331 2051 4403 perfe-

447 4448 624 4502 ctum,
665 4436 723 4490 in
754 4445 1070 4490 mensuram
1119 4427 1404 4484 crescebat
1459 4425 1639 4481 aetatis
1686 4423 2050 4494 plenitudinis

446 4525 658 4584 Christi
689 4526 762 4580 τ’.

518 4619 763 4690 Hujusce
784 4612 1140 4687 perfectionis
1166 4621 1380 4668 certum
1408 4609 1695 4670 indicium,
1729 4619 1934 4664 sancta:
1958 4606 2044 4662 di-

445 4709 708 4768 lectionis
733 4707 1111 4768 conlirmatio,
1150 4719 1320 4774 quam
1351 4717 1583 4772 magnus
1625 4700 1718 4754 ille
1746 4698 2045 4768 Apostolus

2155 676 2250 729 καὶ
2285 675 2478 737 σωθεὶς
2512 674 2653 744 μετὰ
2674 672 2870 735 ταῦτα,
2894 672 3004 727 τῶν
3042 672 3292 740 aurem
3328 672 3505 747 ἐπέϐη
3532 673 3630 728 καὶ
3659 691 3751 728 vos

2158 765 2274 837 μῶν
2298 767 2392 817 καὶ
2421 763 2602 836 μονῶν

2224 857 2399 911 Τοῦτο
2425 856 2698 910 Φιλίππου
2751 859 2852 928 τῆς
2896 855 3201 928 μαθητείας
3250 857 3416 928 ἀρχή.
3465 856 3618 928 Αὕτη
3647 858 3752 929 τῆς

2155 950 2323 1008 αὐτοῦ
2371 952 2618 1022 κλήσεως
2646 953 2741 1006 καὶ
2789 950 3022 1022 ἐκλογῆς
3072 953 3107 1023 ἡ
3144 952 3424 1018 ὑπόθεσις.
3465 953 3754 1008 Ἐντεῦθεν

2152 1045 2261 1113 ὅλῳ
2291 1042 2697 1113 σταυρούμενος
2738 1043 2817 1114 τῷ
2849 1042 3058 1113 κόσμῳ,
3121 1043 3269 1112 μόνῳ
3315 1046 3756 1117 συνεσταυροῦτο

2153 1134 2401 1206 Χριστῷ.
2428 1134 2538 1187 Καὶ
2559 1136 2671 1198 τοῖς
2691 1134 2799 1188 τῶν
2823 1134 3085 1207 μαθητῶν
3109 1122 3541 1209 κορυφαίοις,ὼς
3566 1139 3759 1210 ὁμότι-

2155 1243 2255 1296 μος
2287 1228 2740 1300 συντεταγμένος,
2768 1228 2905 1300 πρὸς
2939 1230 3107 1300 μόνην
3136 1230 3331 1284 ἑαυτὸν
3350 1228 3447 1284 τοῦ
3472 1232 3750 1284 Διδασκά-

2153 1321 2246 1372 λου
2273 1321 2547 1374 συνέτεινε
2568 1321 2669 1391 τὴν
2694 1322 2890 1391 ῥοπὴν,
2917 1321 3066 1392 μόνῳ
3098 1323 3292 1375 τούτου
3313 1321 3392 1392 τῷ
3423 1324 3750 1391 πόθῳ·ῥων-

2154 1415 2408 1483 νύμενος,
2432 1414 2685 1485 καὶπρὸς
2715 1413 2776 1467 τὺ
2803 1413 2902 1484 τῆς
2931 1414 3136 1486 ἀρετῆς
3165 1414 3359 1480 κάλλος
3387 1416 3753 1485 τυπούμενος,

2153 1509 2249 1559 καὶ
2286 1507 2398 1558 τῶν
2440 1507 2542 1576 τῆς
2595 1505 2872 1578 βασιλείας
2920 1505 3238 1578 μυστηρίων
3290 1508 3751 1575 καταξιούμενος,

2153 1595 2249 1649 καὶ⁵
2273 1595 2350 1666 τῷ
2378 1596 2729 1667 μυσταγωγῷ
2758 1595 2917 1666 Λόγῳ
2941 1597 3086 1650 κατά
3118 1597 3181 1650 τὸ
3207 1597 3435 1667 ἐφικτὸν
3460 1598 3581 1650 ὲνού
3591 1615 3758 1668 μενος

2154 1686 2249 1738 καὶ
2278 1685 2720 1756 ἐξομοιούμενος.

2226 1778 2336 1828 Καὶ
2363 1780 2464 1829 οὐκ
2494 1777 2656 1838 αὐτὸς
2709 1777 2810 1846 μὲν
2863 1776 3007 1830 οὕτω
3033 1778 3359 1849 κατετρύφα
3394 1779 3488 1832 τοῦ
3517 1779 3756 1849 ἀγαθοῦ,

2155 1868 2265 1923 ἀπὸ
2292 1870 2350 1922 δὲ
2383 1870 2493 1923 τῶν
2524 1867 2753 1940 πλησίον
2783 1870 2918 1924 αὐτὸ
2947 1872 3376 1944 παρεκαλύψατο
3396 1889 3409 1904 ·
3451 1876 3662 1944 ἀγαθὸς
3696 1876 3756 1929 δὲ

2162 1963 2356 2033 κομιδῇ
2388 1963 2486 2032 τὴν
2527 1963 2628 2032 τῆς
2651 1963 2833 2034 ψυχῆς
2862 1963 3120 2035 πρόθεσιν
3140 1963 3238 2032 ὢν,
3272 1968 3364 2020 καὶ
3391 1967 3528 2035 πρὸς
3558 1966 3760 2032 ἄλλους

2164 2056 2550 2107 κοινοποιείται
2587 2054 2646 2105 τὸ
2691 2052 2896 2121 ἀγαθόν
2920 2067 2934 2083 ’
2973 2057 3069 2108 καὶ
3113 2056 3330 2126 πρῶτον
3361 2056 3619 2129 εὑρηκὼς
3663 2058 3762 2112 τὸν

2162 2143 2482 2213 Ναθαναὴλ,
2529 2143 2630 2213 τὴν
2667 2146 2976 2214 παρουσίαν
3008 2148 3406 2218 εὐηγγελίσατο
3459 2147 3553 2202 τοῦ
3594 2151 3760 2219 ἐρχο-

2165 2235 2352 2306 μένου.
2402 2237 2636 2300 Οὐκέτι,
2697 2239 2886 2306 φησιν,
2928 2244 2996 2292 ἐν
3037 2239 3285 2294 ἐλπίσιν
3322 2239 3405 2304 τῷ
3444 2241 3688 2310 Ἰσραὴλ
3719 2245 3764 2312 τ’(

2161 2330 2444 2397 σωτηρία.
2474 2330 2689 2383 Οὐκέτι
2739 2331 2806 2383 τό
2834 2333 3015 2400 μήπω
3059 2335 3277 2402 παρὸν,
3327 2334 3410 2399 ὡς
3461 2335 3762 2403 ἐσόμενον

2161 2421 2439 2490 ἀμυδρῶς·
2487 2423 2616 2488 ταῖς
2671 2423 2938 2491 ἐννοίαις
3001 2425 3436 2495 φανταζόμεθα.
3494 2426 3764 2496 ΙΙάρεστι

2162 2514 2295 2583 γὰρ,
2325 2513 2445 2578 καὶ,
2483 2515 2595 2566 ’⁸ον
2635 2514 2824 2568 πάλαι
2856 2514 3084 2584 Μωσῆς
3114 2520 3145 2568 ὁ
3169 2517 3362 2585 μέγας
3403 2515 3503 2573 καί
3532 2520 3587 2571 οἱ
3617 2533 3765 2586 προ-

2160 2604 2344 2674 φῆται
2376 2605 2457 2669 τῷ
2486 2605 2781 2673 πνεύματι
2801 2606 3188 2672 προείδοσαν,
3221 2607 3322 2662 καί
3354 2606 3450 2660 ἐπ’
3479 2606 3763 2678 ἐσχάτων

2160 2695 2410 2765 Σωτῆρα
2447 2695 2530 2761 τῷ
2557 2697 2809 2765 Ἰσραὴλ
2858 2697 3319 2766 ἀναστήσεσθαι
3359 2700 3760 2766 προείποσαν,

2159 2786 2378 2841 τοῦτον
2393 2790 2676 2854 εὑρόντες
2701 2789 2893 2857 ἡμεῖς,
2929 2790 3038 2843 τὸν
3063 2790 3183 2845 ἀπὸ
3203 2789 3462 2860 Ναῦφέτ
3500 2789 3759 2859 Ἰησοῦν,

2161 2877 2374 2944 καὶτῷ
2416 2879 2538 2933 τῶν
2581 2880 2772 2949 ἔργων
2825 2881 3013 2937 αὐτοῦ
3057 2881 3538 2947 πεπιστευκότες
3577 2884 3754 2948 ὑπερ-

2160 2972 2320 3040 φυεῖ,
2373 2971 2490 3041 τὴν
2532 2970 2664 3042 μετ’
2705 2972 2897 3027 αὑτοῦ
2947 2973 3338 3042 τρισάσμενοι
3382 2973 3749 3042 πεποιήμεθα

2161 3064 2551 3130 συνοίκησιν.
2585 3062 2809 3128 Τούτοις
2843 3065 3189 3135 κατακράτος
3236 3068 3352 3128 τοῖς
3380 3063 3752 3133 λόγοιςέλὼν,

2161 3152 2356 3227 ὥσπερ
2385 3154 2610 3226 θήραμα
2643 3155 2954 3219 κάλλιστον,
2992 3155 3266 3226 προσάγει
3311 3155 3390 3222 τῷ
3451 3157 3632 3226 Ἰησοῦ
3665 3159 3757 3209 τὸν

2162 3245 2366 3316 ἄνδρα·
2396 3246 2676 3300 καὶτοῦτο
2725 3247 2943 3318 ’πρῶτον
2987 3247 3202 3308 εὐνοίας
3249 3248 3510 3317 ἐνέχυρον
3559 3247 3756 3319 ἀληθι-

2159 3341 2277 3407 νῆς,
2311 3337 2405 3390 καὶ
2433 3336 2725 3410 γνώρισμα
2770 3337 3013 3401 πίστεως
3049 3337 3379 3411 εἰλικρινοῦς
3408 3340 3657 3408 παρέσχε
3681 3339 3764 3410 τῷ

2157 3430 2400 3501 Χριστῷ,
2431 3431 2523 3482 τὸν
2563 3428 2816 3502 ἀληθινὸν
2843 3431 3055 3482 ἐκεῖνον
3094 3429 3441 3502 Ἰσραηλίτην
3467 3447 3760 3502 καρποφο-

2159 3541 2289 3593 ρων.

2229 3617 2402 3669 Πᾶσιν
2433 3615 2528 3669 οὖν
2581 3613 2818 3685 καθεξῆς
2855 3616 2969 3677 τοῖς
3018 3615 3203 3682 λόγοις
3246 3617 3348 3686 τῆς
3377 3615 3606 3687 χάριτος
3655 3618 3759 3672 ὑπ.

2157 3707 2298 3779 ἔχων
2327 3709 2388 3763 τὸ
2419 3709 2513 3772 οὒς
2534 3725 2549 3737 ·
2591 3709 2870 3777 αὐτόπτης
2904 3707 2961 3761 δὲ
2991 3709 3088 3761 καὶ
3119 3709 3231 3764 τῶν
3265 3709 3592 3778 θαυμασίων
3619 3714 3755 3766 πάνθ

2154 3819 2266 3855 των
2319 3802 2634 3865 καθεστὼς,
2705 3803 2827 3864 ταῖς
2873 3803 3048 3870 ἱεραῖς
3111 3803 3213 3872 μὲν
3270 3801 3518 3873 διδαχαῖς
3566 3805 3747 3870 πάσης

2157 3895 2457 3966 μειωτικῆς
2481 3895 2727 3963 ὐφέσεως
2744 3894 3141 3964 ἀνεκαθαίρετο
3165 3909 3176 3924 ο
3197 3895 3294 3948 καὶ
3316 3897 3495 3964 πάσης
3518 3895 3740 3961 ἀγνοίας

2153 3986 2668 4057 ἀποσκευαζόμενος
2688 3986 2787 4058 τὴν
2810 3987 3005 4058 ἀχλὺν,
3032 3988 3174 4056 φωτὶ
3205 3987 3338 4058 θείῳ
3362 3987 3612 4057 γνώσεως
3643 3987 3743 4037 καὶ

2153 4079 2413 4152 οὐρανίας
2477 4079 2672 4146 σοφίας
2743 4077 3075 4150 προκόπτων
3143 4080 3550 4149 κατε-λάμπετο.
3617 4076 3749 4140 Τοῖς

2153 4168 2483 4241 παραδόξοις
2512 4169 2569 4222 δὲ
2599 4168 2710 4223 τῶν
2732 4168 2911 4242 ἔργων
2958 4169 3055 4239 τὴν
3104 4171 3293 4224 πίστιν
3324 4167 3755 4241 βεϐαιούμενος,

2151 4259 2425 4329 ὁσημέραι
2471 4259 2530 4312 δὲ
2563 4260 2661 4312 καὶ
2693 4258 2786 4312 τόν
2829 4259 2982 4320 ἐντὸς
3017 4259 3303 4328 ἄνθρωπον
3346 4259 3757 4328 ἀνακαινούμε-

2153 4369 2243 4415 νος
2277 4354 2367 4404 καὶ
2395 4351 2851 4422 κραταιούμενος,
2871 4355 2954 4414 εἰς
2990 4352 3164 4423 ἄνδρα
3187 4351 3414 4416 τέλειον,
3443 4353 3525 4416 είς
3553 4352 3761 4424 μέτρον

2153 4442 2370 4512 ἡλικίας
2409 4440 2505 4494 τοῦ
2537 4441 2911 4513 πληρώματος
2934 4442 3090 4512 ἀνῄει
3123 4442 3388 4512 Χριστοῦ.

2224 4623 2443 4694 Ταύτης
2497 4623 2800 4692 τεκμήριον
2851 4621 2950 4690 τῆς
2987 4619 3356 4688 τελειότητος,
3388 4622 3422 4690 ἡ
3448 4619 3550 4689 τῆς
3594 4617 3759 4685 ἁγίας

2150 4716 2489 4787 κραταίωσις
2517 4716 2764 4784 ἀγάπης,
2796 4714 2865 4783 ἣν
2893 4712 2922 4762 6
2955 4713 3134 4781 μέγας
3173 4713 3387 4774 ἐκεῖνος
3431 4709 3760 4772 Ἀπόστολος

445 4806 773 4879 perfectam,
805 4809 1054 4858 sanctam
1075 4799 1334 4870 Magistro
1358 4796 1658 4859 devoveas,
1696 4809 1886 4863 parem
1919 4793 2046 4849 inde

2157 4807 2379 4869 τελείαν,
2441 4805 2608 4874 ἁγίαν
2657 4802 3058 4873 ἀφιερούμενος
3119 4797 3198 4868 τῷ
3255 4799 3602 4870 Διδασκάλῳ,
3657 4797 3762 4869 τὴν

445 4917 692 4959 amorem
723 4897 1196 4968 consequebatur.
1246 4893 1533 4961 Quinimo,
1565 4892 1656 4945 ille
1698 4890 1922 4960 quidem
1954 4888 2049 4943 bo-

444 5010 649 5052 norum
704 5001 920 5055 auctor,
965 5005 1032 5044 ac
1088 4987 1182 5058 qui
1221 4994 1420 5041 natura
1466 4983 1691 5038 dilectio
1735 4983 1826 5045 sit,
1863 4982 2065 5059 omnis

445 5102 670 5156 semper
703 5083 928 5138 virtutis
959 5079 1304 5153 perfectione
1335 5077 1530 5149 pollet,
1569 5074 1892 5144 nullamque
1921 5075 2046 5144 ejus

443 5193 674 5252 prorsus
690 5183 786 5230 aut
800 5173 1227 5230 diminutionem
1250 5170 1492 5223 admittit
1511 5178 1606 5222 aut
1629 5167 1999 5222 intensionem
2030 5184 2043 5220 :

442 5282 499 5327 at
521 5270 618 5343 qui
646 5268 1067 5324 exercitationis
1095 5266 1271 5327 cultu,
1297 5263 1413 5318 sive
1448 5261 1758 5316 imitatione
1792 5261 1861 5315 ad
1896 5261 2045 5314 illam

442 5365 762 5426 enituntur,
795 5375 896 5430 pro
923 5366 1077 5413 certa
1102 5355 1386 5426 profectus
1407 5371 1476 5409 ex
1507 5354 1777 5407 virtutum
1804 5354 1928 5407 luce
1957 5369 2045 5405 ra-

443 5458 618 5518 tione,
655 5453 827 5510 etiam
858 5449 1217 5522 perfectionis
1246 5455 1534 5516 compotes
1563 5445 1913 5511 eﬂiciuntur;
1948 5445 2043 5498 alii

441 5546 672 5615 quidem
725 5543 796 5600 ad
849 5541 1090 5596 filiorum
1145 5547 1313 5608 atque
1347 5537 1627 5592 hatredum
1674 5537 2046 5607 provehentes

440 5635 677 5689 classem
709 5650 775 5688 ac
797 5633 1158 5703 dignitatem;
1190 5627 1279 5682 alii
1306 5643 1461 5690 vero,
1492 5626 1761 5694 ﬁdelium,
1802 5627 1896 5697 qui
1922 5643 2043 5682 ser-

441 5731 530 5783 vis
585 5728 954 5796 deputantur,
985 5726 1376 5779 nancisccntes
1411 5721 1688 5774 ordinem.

514 5929 559 5961 "’
586 5929 765 5983 Galat.
807 5944 867 5993 ιι,
901 5930 988 5983 it).
1068 5929 1115 5960 ⁷⁸
1135 5929 1273 5983 Joan
1314 5944 1376 5991 .l,
1411 5926 1502 5980 45.
1582 5925 1628 5955 τ’
1665 5923 1871 5993 Ephes.
1905 5937 1976 5986 Iv,
2008 5919 2093 5974 15.

2150 4898 2275 4967 ἴσην
2301 4894 2511 4950 ἐκεῖθεν
2546 4891 2956 4963 ἁντελάμσανεν
2977 4904 2994 4918 '
3050 4889 3256 4959 μᾶλλον
3302 4888 3382 4951 δὲ,
3411 4891 3441 4942 ὁ
3487 4890 3591 4958 μὲν
3621 4889 3761 4957 ἁγα-

2149 4990 2391 5060 θοδότης.
2418 4988 2513 5042 καὶ
2544 4987 2735 5056 ἀγάπη
2765 4983 2909 5038 κατὰ
2939 4981 3101 5052 φύσιν
3123 4979 3222 5042 ὢν.
3245 4981 3335 5033 ἀεὶ
3364 4981 3426 5034 ὲν
3449 4981 3758 5056 τελειότητι

2149 5083 2334 5152 πάσης
2365 5082 2518 5140 ἐστὶν,
2539 5080 2764 5149 ἀρετῆς,
2803 5075 2921 5128 οὐθ’
2948 5074 3144 5142 ὕφεσιν
3170 5073 3333 5136 ὅλως,
3363 5070 3479 5126 οὐτ’
3507 5072 3603 5127 οὖν
3635 5076 3755 5129 ἐπί·-

2150 5189 2308 5226 τασιν
2337 5171 2735 5242 προσιέμενος’
2769 5167 2821 5220 οἰ
2855 5163 2992 5238 πρὸς
3012 5164 3181 5219 αὐτὸν
3212 5165 3272 5217 δὲ
3315 5162 3386 5217 δι’
3436 5165 3754 5235 ἀσκήσεως,

2151 5266 2273 5334 ἦτοι
2331 5262 2621 5333 μιμήσεως
2674 5258 3104 5326 ἀνατεινόμενοι,
3161 5255 3282 5309 κατ’
3313 5254 3611 5324 ἀναλογίαν
3657 5258 3762 5326 τῆς

2153 5357 2243 5409 διὰ
2296 5354 2405 5408 τῶν
2455 5349 2671 5422 ἀρετῶν
2725 5347 3044 5420 προκοπῆς,
3103 5347 3202 5401 καὶ
3255 5345 3358 5416 τῆς
3411 5347 3763 5418 τελειότητος

2150 5444 2648 5516 κατευστοχοῦσιν⁶
2703 5444 2754 5496 οἱ
2807 5442 2940 5512 μὲν,
2974 5441 3053 5505 είς
3084 5440 3221 5493 υίῶν
3251 5441 3345 5493 καὶ
3394 5439 3761 5511 κληρονόμων

2151 5539 2396 5604 ἀνιόντες
2432 5537 2620 5602 τάξιν·
2657 5537 2707 5588 oi
2747 5535 2826 5601 δὲ,
2879 5535 2960 5598 είς
3005 5532 3211 5587 δούλων
3253 5532 3636 5594 καταντῶντες
3664 5549 3757 5584 περ

2153 5647 2314 5685 στων.
