4086 6282
436 419 539 488 183

1605 421 1902 482 NICET/‘E
1940 421 2393 486 PAPIILAGON
2398 422 2473 484 IS

3606 417 3705 488 184

505 540 938 597 Bartholomazus
968 549 1158 596 autem
1193 556 1224 595 e
1255 537 1504 611 patibulo
1525 538 1835 610 depositus,
1878 553 2020 593 una-

2198 539 2612 610 Βαρθολομαῖος
2636 539 2692 593 δε
2725 537 2818 594 τοῦ
2861 537 3021 604 ξύλου
3054 524 3425 611 καθαιρεθεὶς,
3457 538 3552 592 καὶ
3596 540 3711 611 ἅμα

432 645 540 702 que
583 629 988 700 sapientissima
1027 631 1217 698 Maria,
1277 646 1405 686 cum
1442 630 1832 684 Ghristiferum
1877 629 2015 686 illud

2140 633 2186 702 τῆ
2223 635 2515 706 σοφωτάτῃ
2549 633 2810 703 Μαριὰμ,
2865 632 2928 687 τὸ
2958 633 3335 702 Χριστοφόρον
3399 632 3710 700 σεσασμίως

433 724 853 780 tabernaculum
890 733 1212 780 reverenter
1242 722 1624 796 sepeliendum
1651 733 2019 780 curassentac

432 816 734 872 Ecclesiam
763 817 1203 883 confirmassent,
1249 833 1457 888 eosque
1517 816 1612 887 qui
1656 817 2020 873 accessissent

434 908 873 974 illuminassent;
925 926 988 966 ac
1017 910 1061 964 si
1113 909 1244 979 quid
1303 909 1582 979 reliquum
1627 908 1696 963 ad
1742 907 2020 980 Evangelii

434 999 775 1056 functionem
797 1000 1111 1068 videbatur,
1137 1001 1531 1071 complessent,
1579 1015 1735 1055 suam
1784 1000 2021 1070 quisque

432 1092 578 1149 Viam
601 1107 918 1162 perrexere.

504 1185 588 1239 Tu
612 1200 764 1253 vero,
790 1199 1003 1239 summe
1041 1184 1239 1255 inclyte
1275 1198 1340 1239 ac
1372 1182 1557 1239 divine
1593 1183 1688 1238 Dei
1717 1199 1877 1253 puer,
1911 1197 2005 1238 cc}

433 1276 602 1333 lestes
651 1277 884 1332 festivus
915 1292 1045 1330 axes
1075 1275 1409 1332 inscendens
1454 1275 1766 1344 chorosque
1802 1289 1973 1345 agens
2007 1313 2022 1340 ,

435 1381 499 1421 ac
525 1381 650 1419 cum
672 1365 934 1435 magistro
963 1373 1129 1434 atque
1152 1364 1386 1420 Domino
1410 1365 1466 1418 in
1479 1372 1750 1418 aeternum
1772 1378 2023 1428 versans,

432 1456 611 1527 gaude
635 1457 898 1510 aclmtare
941 1463 1199 1526 tanquam
1229 1454 1327 1509 Dei
1353 1455 1496 1510 illius
1524 1454 1842 1523 adoptione,
1865 1453 2028 1523 quip-

434 1564 504 1618 pe
532 1548 628 1619 qui
671 1549 777 1604 hoc
803 1557 1000 1602 nactus
1028 1547 1123 1612 sis,
1152 1556 1215 1601 ut
1247 1562 1372 1601 cum
1401 1561 1467 1602 eo
1508 1546 1602 1615 qui
1626 1555 1823 1601 natura
1854 1546 2030 1600 Filius

434 1648 539 1702 est,
575 1654 770 1710 regnes
797 1639 1085 1708 vivasque,
1121 1645 1178 1693 et
1207 1637 1265 1692 in
1292 1636 1696 1707 sempiternum
1722 1637 1929 1692 laeteris
1962 1651 2029 1692 ac

435 1731 728 1799 praesentia
759 1731 982 1786 fruaris.

506 1824 717 1890 Gaude,
752 1824 899 1894 quod
935 1824 1151 1879 Patrem
1203 1822 1479 1878 luminum
1527 1823 1718 1879 videre
1748 1821 1973 1892 cupiisti
2011 1839 2028 1887 ;

435 1929 673 1986 eumque
701 1917 897 1972 videns
911 1917 978 1981 ⁸⁸,
999 1925 1356 1988 prototypum
1389 1917 1446 1972 in
1486 1915 1649 1984 Filio,
1676 1932 1739 1972 ac
1767 1926 2028 1986 tanquam

438 2002 491 2054 in
521 2001 756 2071 imagine
785 2000 1006 2066 vidisti;
1039 2002 1301 2072 velutque
1325 2002 1382 2057 in
1419 2002 1596 2068 radio,
1623 2002 1794 2058 solem
1810 2002 1865 2056 in
1889 2001 2028 2057 Uni-

435 2095 642 2165 genito,
687 2093 1009 2151 Genitorem
1042 2094 1375 2165 intelligens,
1406 2110 1553 2150 vera:
1613 2095 1810 2164 plenus
1848 2093 1988 2148 lucis
2009 2131 2027 2158 ,

435 2189 592 2257 quasi
621 2185 766 2243 ﬁlius
791 2189 933 2246 lueis
977 2196 1142 2260 atque
1166 2204 1298 2244 vere
1355 2189 1471 2260 ipse
1522 2189 1618 2244 lux
1675 2186 1950 2243 enituisti.

507 2367 720 2430 Gaude.
749 2365 958 2423 Christi
985 2382 1257 2438 equorum
1315 2367 1721 2423 ferventissime
1750 2380 1815 2421 ac
1843 2363 2031 2436 perni-

440 2463 683 2525 cissime,
707 2477 872 2530 quem
914 2461 1005 2517 ille
1041 2460 1447 2527 conscendens,
1475 2475 1539 2515 ac
1570 2459 1629 2515 in
1685 2473 1840 2514 mare
1879 2457 2030 2528 quod

440 2565 624 2609 mente
656 2553 1006 2624 intelligitur,
1065 2553 1358 2616 inducens,
1407 2552 1658 2622 miraque
1691 2552 1903 2608 ratione
1937 2567 2032 2607 reo

439 2660 595 2718 gens,
626 2643 827 2700 multas
853 2660 1026 2715 aquas
1057 2652 1150 2699 tua
1165 2659 1334 2714 opera
1372 2643 1634 2713 (absurda
1658 2643 1871 2699 scilicet
1894 2658 2031 2714 gena

440 2737 580 2791 tium
605 2751 767 2790 sensa
783 2751 848 2790 ac
877 2733 1129 2806 consilia)
1157 2735 1514 2790 conturbavit
1546 2734 1615 2789 ⁸⁷.

510 2828 720 2892 Gaude,
756 2827 907 2899 quod
946 2827 1280 2900 apiritalium
1308 2828 1405 2884 Dei
1426 2843 1697 2898 equorum
1731 2827 2033 2900 (angeliea-

442 2937 566 2976 rum
615 2921 832 2977 scilicet
858 2920 1219 2992 potestatum)
1255 2922 1540 2977 volatilem
1591 2921 1836 2978 indolem
1865 2933 2032 2992 atque

438 3013 666 3082 agilem,
689 3029 984 3086 acremque
1014 3030 1080 3070 ac
1097 3015 1336 3071 alacrem
1365 3015 1656 3070 aemulatus
1687 3024 1852 3084 atque
1880 3029 2036 3069 amo-

439 3123 499 3161 re
531 3115 877 3176 prosecutus,
903 3122 1005 3177 pro
1018 3105 1261 3162 nominis
1285 3107 1487 3162 merito
1509 3104 1726 3161 ratione
1745 3103 2036 3175 Philippus

2119 723 2515 794 κεκηδευκότες
2532 724 2750 793 σκῆνος,
2770 724 2862 776 καὶ
2878 724 2976 794 τὴν
2992 721 3321 794 Ἐκκλησίαν
3337 722 3711 791 στηρίξαντες,

2120 815 2218 868 καὶ
2237 816 2366 877 τοὺς
2400 818 2726 886 προσιόντας
2757 814 3096 881 φωτίσαντες
3126 855 3140 874 ,
3201 812 3296 866 καὶ
3337 815 3389 867 ετ
3427 830 3480 865 τι
3529 811 3712 866 λεῖπον

2121 907 2219 976 τῆς
2256 905 2570 978 ἱερουργίας
2596 904 2691 959 τοῦ
2736 904 3072 974 Εὐαγγελίου
3121 903 3583 966 συντετελεκότες,
3617 902 3715 956 οῦ-

2123 1015 2204 1052 τω
2239 998 2375 1070 πρὸς
2395 999 2495 1068 τὴν
2527 997 2649 1052 κατ’
2685 997 2884 1060 αὐτοὺς
2909 995 3153 1067 ἐχώρουν
3180 993 3318 1050 ὀδόν.

2197 1177 2270 1230 Σὺ
2303 1176 2360 1230 δέ
2389 1194 2501 1247 μοι,
2531 1176 2853 1248 παναοίδιμε
2883 1177 2979 1230 καὶ
3005 1177 3259 1230 θεσπέσιε
3291 1174 3386 1228 τοῦ
3426 1173 3560 1227 Θεοῦ
3590 1175 3714 1237 παῖ,

2125 1270 2226 1335 τὰς
2248 1271 2506 1341 οὐρανίας
2529 1272 2712 1335 ἑστίας
2730 1269 3064 1340 χοροόατῶν,
3090 1273 3186 1324 καὶ
3210 1269 3289 1340 τῷ
3307 1267 3615 1336 διδασκάλῳ
3643 1264 3718 1318 δι’

2125 1363 2322 1429 αίῷνος
2354 1364 2452 1418 καλ⁸
2492 1364 2684 1434 Κυρίῳ
2719 1365 2916 1429 συνὼν,
2982 1366 3164 1433 χαῖρε,
3218 1363 3314 1416 καὶ
3362 1359 3716 1430 κατατέρπου

2127 1457 2205 1520 ὡς
2247 1455 2362 1518 υἱὸς
2389 1453 2523 1508 Θεοῦ
2559 1455 2725 1522 θέσει,
2755 1455 2837 1526 τῷ
2896 1456 3037 1508 κατὰ
3067 1455 3228 1524 φύσιν
3278 1454 3395 1525 Υἱῷ
3449 1452 3719 1523 συμϐασις

2130 1545 2308 1600 λεῦειν
2342 1543 2543 1616 λαχὼν,
2564 1547 2660 1600 καὶ
2687 1545 2866 1610 συζῶν
2894 1548 2986 1600 καὶ
3018 1547 3549 1618 συνευφραινόμενος
3587 1544 3723 1614 ἄλη-

2133 1657 2239 1694 κτα
2269 1638 2368 1694 καὶ
2395 1637 2724 1710 συνομιλῶν.

2204 1822 2401 1892 Χαῖρε,
2455 1821 2540 1876 δτι
2573 1821 2666 1875 τὸν
2699 1821 2923 1893 Πατέρα
2957 1819 3067 1876 τῶν
3115 1820 3315 1892 φώτων
3362 1820 3727 1891 ἐπεθύμησας

2132 1914 2396 1982 κατιδεῖν,
2429 1914 2524 1970 καὶ
2567 1912 2757 1969 τοῦτον
2791 1914 2958 1986 ὁρῶν,
3014 1914 3298 1986 ἐδιδάχθης
3355 1916 3413 1968 ὲν
3470 1913 3551 1986 τῷ
3606 1913 3730 1983 Υίῷ

2132 2007 2230 2062 καὶ
2283 2007 2361 2072 ὡς
2408 2009 2468 2062 ὲν
2497 2007 2670 2064 εἰκόνι
2697 2007 2760 2062 τὸ
2791 2005 3137 2080 ἀρχέτυπον⁸
3183 2007 3283 2061 καὶ
3328 2006 3404 2070 ὡς
3433 2007 3494 2062 ὲν
3543 2008 3729 2061 ἀπαυ-

2133 2099 2514 2171 γάσματι,τδν
2540 2101 2723 2171 ἥλιονο
2763 2101 2823 2154 ἐν
2874 2099 2954 2171 τῷ
3011 2099 3338 2170 Μονογενεῖ,
3384 2099 3477 2154 τδν
3522 2101 3725 2170 γεννή-

2131 2207 2268 2262 τορα
2296 2191 2604 2258 κατανοῶν,
2636 2192 2858 2264 πλήρης
2909 2188 2962 2246 εἷ
3001 2192 3185 2262 φωτὸς
3215 2192 3474 2264 ἀληθοῦς,
3497 2192 3574 2256 ὠς
3608 2193 3728 2256 υἱὸς

2143 2283 2334 2355 ρωτδς,
2367 2285 2462 2338 καὶ
2488 2283 2738 2353 αὑτοφῶς
2769 2283 3052 2357 πεφηνώς.

2204 2377 2400 2447 Χαῖρε,
2474 2376 2608 2431 ῖππε
2653 2376 2893 2448 Χριστοῦ
2948 2376 3255 2450 θερμότατε
3295 2376 3390 2430 καὶ
3425 2376 3726 2447 ταχύτατα,

2135 2467 2197 2522 ὃν
2230 2468 2429 2533 ἐπιϐὰς
2457 2469 2687 2534 ἐκεῖνος,
2715 2469 2812 2524 καὶ
2832 2470 2914 2533 είς
2938 2469 3038 2539 τὴν
3066 2455 3266 2540 νοητὴν
3291 2468 3571 2523 Θάλασσαν
3597 2469 3726 2524 ἐπι-

2137 2560 2334 2627 6ι6ῶν,
2362 2562 2462 2616 καὶ
2518 2561 2842 2633 θαυμασίως
2892 2561 3150 2634 ἡνιοχῶν,
3185 2561 3355 2616 ὕδατα
3408 2562 3582 2617 πολλὰ
3635 2563 3729 2617 διὰ

2137 2653 2256 2720 σοῦ,
2287 2653 2357 2707 τὰ
2387 2655 2564 2710 ἄτοπα
2586 2655 2838 2726 νοήματα
2876 2653 3241 2728 συνετάραξεν
3272 2654 3385 2708 τῶν
3413 2653 3610 2710 ἐθνῶν.

2211 2834 2409 2902 Χαιρε,
2445 2851 2528 2886 οτι
2566 2833 2675 2887 τῶν
2700 2834 2909 2905 νοητῶν
2939 2832 3032 2888 τοῦ
3061 2821 3410 2888 Θεοῦῖππων
3431 2874 3447 2899 ,
3509 2834 3610 2888 εἴτ’
3636 2833 3733 2889 οῦν

2137 2925 2452 2994 ἁγγελικῶν
2483 2926 2769 2997 δυνάμεων
2821 2928 2917 2998 τὴν
2976 2926 3187 2997 πτηνὴν
3241 2924 3403 2994 φύσιν
3449 2927 3548 2978 κατ.
3597 2943 3730 2998 γορ.

2141 3018 2265 3088 γὴν.
2332 3019 2428 3071 καὶ
2482 3018 2812 3089 δραστήριον
2872 3017 3167 3089 ἐζηλωκὼς
3222 3022 3318 3075 καὶ
3383 3017 3730 3090 πεφιληκὼς,

2146 3105 2378 3171 εἰκότως
2435 3108 2703 3171 Φίλιππος
2747 3109 3220 3181 προσηγορεύθης,
3254 3108 3351 3163 καὶ
3404 3111 3557 3182 ᾰρμα
3590 3107 3728 3163 Θεοῦ

436 3197 744 3269 appellatus
768 3213 849 3264 es,
871 3197 1080 3268 Deique
1110 3213 1329 3263 currus,
1362 3192 1425 3252 ut'
1455 3197 1739 3268 Scriptura
1765 3197 2033 3266 loquitur,

2148 3199 2550 3270 μυριοπλάσιον
2580 3202 2923 3272 ἀνεδείχθης,
2978 3200 3124 3256 κατὰ
3165 3202 3266 3273 τὴν
3312 3201 3550 3271 Γραφὴν,
3581 3202 3640 3254 ἐν
3675 3193 3726 3265 ᾧ

436 3291 629 3346 decem
657 3291 906 3346 millibus
935 3289 1223 3361 multiplex
1267 3289 1577 3356 effectus“;
1607 3289 1664 3344 in
1704 3304 1816 3360 quo
1863 3287 2038 3344 millia

433 3395 649 3447 eorum,
673 3382 769 3453 qui
791 3392 841 3436 te
859 3392 1083 3438 auctore
1105 3381 1465 3438 crediderunt
1482 3382 1759 3451 (Ecclesiae
1779 3379 2038 3451 scilicet),

437 3475 783 3530 abundantes
822 3476 936 3530 Deo
970 3475 1212 3531 Sabaoth
1244 3475 1475 3546 gloriam
1500 3476 1821 3530 concinunt.

510 3564 672 3621 Salve
703 3566 801 3630 sis,
835 3574 893 3621 et
926 3566 1142 3636 exsulta
1184 3581 1249 3621 ac
1297 3566 1500 3621 choros
1570 3565 1777 3629 ducito,
1830 3563 1924 3634 qui
1981 3563 2038 3618 in

441 3659 625 3713 medio
654 3659 1071 3730 coryphaaorum
1097 3673 1365 3713 consessu
1395 3658 1656 3712 thronum
1704 3657 1891 3729 gloria:
1918 3672 2039 3711 sor-

442 3751 577 3806 titus
595 3766 677 3814 es,
700 3765 765 3806 ac
789 3750 984 3821 primis
1000 3750 1264 3820 apostolis
1286 3757 1724 3805 connumeratus
1749 3767 1762 3802 :
1793 3750 2033 3821 primum

439 3839 682 3911 denique
715 3842 864 3912 apud
895 3857 1217 3912 supremum
1247 3841 1494 3895 omnium
1511 3840 1741 3912 Regem,
1767 3840 2036 3895 honorem

441 3943 798 3988 consecutus.

512 4023 671 4079 Salve
709 4023 995 4094 gaudeque
1023 4061 1038 4086 ,
1073 4038 1138 4078 ac
1188 4021 1350 4078 nobis
1405 4037 1627 4092 quoque
1677 4021 1893 4076 afﬂictis
1939 4037 2039 4075 ex-

442 4114 669 4169 sultatio
694 4122 751 4169 et
779 4114 969 4169 laetitia
1008 4121 1067 4168 et
1099 4113 1361 4184 gaudium
1384 4121 1526 4168 esto.
1570 4113 1882 4184 Pauperum
1914 4128 2037 4166 mo-

440 4205 629 4262 lestias
657 4206 778 4261 leva
810 4223 826 4272 ;
854 4205 1120 4262 Ecelesiis
1144 4221 1336 4275 pacem
1353 4204 1607 4266 restitue.
1631 4221 1696 4260 ac
1725 4203 2040 4274 tranquillis

443 4297 694 4352 moribus
733 4297 994 4368 pietatem
1029 4306 1427 4366 :nostramque
1459 4294 1605 4350 hanc
1640 4296 2035 4368 exiguamlau-

440 4390 722 4447 dationcm
745 4397 1029 4459 acceptam
1063 4388 1296 4453 habens,
1355 4389 1677 4445 beatissime
1727 4400 1789 4444 tu
1828 4388 2038 4458 Deique

439 4497 673 4537 munere
716 4480 1059 4542 felicissime,
1135 4479 1286 4549 quod
1326 4496 1396 4534 ex
1447 4481 1777 4536 Christiana:
1814 4478 2038 4550 pietatis

2141 3292 2378 3363 χιλιάδες
2407 3293 2514 3346 τῶν
2540 3293 2629 3347 διὰ
2657 3293 2751 3347 σοῦ
2781 3293 3004 3365 Χριστῷ
3028 3292 3446 3354 πιστευσάντων,
3483 3291 3537 3343 αἱ
3587 3289 3714 3341 Ἐκ-

2143 3383 2364 3454 κλησίαι
2402 3383 2752 3455 εὐθηνοῦσαι,
2794 3385 2955 3451 δόξαν
3008 3384 3408 3456 ἀνακρούονται
3470 3380 3544 3452 τῷ
3590 3376 3712 3450 Θεῷ

2142 3476 2392 3530 Σαϐαὼθ.

2213 3567 2518 3638 Χαῖρε-μοι
2551 3567 2649 3622 καὶ
2679 3566 2880 3638 σκίρτα
2904 3568 3002 3621 καὶ
3059 3568 3277 3641 χόρευε,
3321 3567 3516 3638 θρόνου
3566 3565 3725 3635 δόξης

2144 3659 2202 3709 ἐν
2242 3657 2392 3725 μέσῳ
2431 3657 2538 3710 τῶν
2563 3656 2881 3728 κορυφαίων
2903 3654 3274 3728 εὐμοιρηκὼς,
3305 3657 3400 3708 καὶ
3427 3657 3542 3718 τοῖς
3577 3653 3733 3723 πρώ-

2142 3765 2256 3811 τοις
2269 3747 2378 3801 τῶν
2395 3749 2711 3804 ἀποστόλων
2736 3765 2868 3820 συνη
2877 3748 2962 3820 ριθ
2970 3767 3043 3820 μη
3053 3751 3234 3821 μένος,
3264 3747 3477 3817 καὶτῆς
3505 3745 3736 3818 πρώτης

2144 3839 2298 3912 παρὰ
2330 3838 2408 3912 τῷ
2439 3840 2786 3911 Παμσασιλεῖ
2819 3840 3230 3912 κατηξιωμένος
3252 3840 3442 3911 τιμῆς.

2214 4019 2409 4091 Χαῖρε,
2465 4018 2604 4074 ἀλλὰ
2671 4019 2764 4072 καὶ
2831 4020 2968 4091 ἡμῖν
3013 4016 3350 4091 θλιϐομένοις
3405 4014 3734 4084 ἀγαλλίασις

2143 4113 2296 4182 γίνου
2327 4112 2423 4166 καὶ
2456 4112 2770 4182 εὐφροσύνη
2806 4111 2902 4168 καὶ
2926 4111 3091 4181 χαρά.
3125 4111 3251 4174 Τοῖς
3305 4109 3560 4180 πένησιν,
3604 4109 3732 4161 ἔπιε

2145 4201 2406 4273 κούφισον
2432 4203 2532 4268 τὰς
2556 4204 2874 4276 δυσχερείας
2894 4219 2909 4234 ⁸
2926 4207 3048 4267 ταῖς
3082 4201 3431 4272 Ἐκκλησίαις
3447 4199 3735 4256 ἀποκατά-

2145 4314 2346 4368 στησον
2374 4297 2474 4368 τὴν
2525 4299 2750 4368 εἰρήνην
2803 4296 2902 4352 καὶ
2933 4295 3034 4368 τὴν
3079 4295 3376 4366 εὐνομίανο
3433 4295 3529 4348 καὶ
3571 4291 3736 4364 ἡμῶν

2141 4388 2242 4460 τὴν
2265 4389 2454 4460 ὀλίγην
2481 4388 2690 4460 ταύτην
2717 4388 2926 4443 αἵνεσιν
2952 4387 3378 4459 ἀποδεξάμενος,
3411 4386 3734 4458 πλήρωσον,

2143 4469 2188 4530 ὦ
2221 4475 2496 4546 τρισόλϐιε
2549 4478 2644 4529 καὶ⁹
2671 4475 3100 4547 θεομακάριστε,
3149 4475 3253 4546 τὴν
3301 4475 3446 4529 κατὰ
3491 4473 3736 4544 Χριστὸν

439 4570 751 4626 rationibus
778 4579 883 4636 est,
925 4570 1268 4626 desiderium
1297 4570 1768 4641 imple,hon:zeque
1797 4571 2034 4626 etbene-

2143 4569 2443 4641 ἐπιθυμίαν
2467 4585 2482 4601 ·
2527 4572 2620 4623 καὶ
2650 4569 2789 4639 πρὸς
2814 4570 2874 4622 τὸ
2898 4569 3103 4639 ἀγαθὸν
3157 4571 3254 4623 καὶ
3305 4570 3602 4640 εὐάρεστον
3634 4569 3736 4623 καὶ

439 4658 680 4730 placenti
708 4667 875 4728 atque
909 4657 1165 4729 perfecta:
1207 4665 1404 4727 aptans
1456 4657 1675 4712 Domini
1723 4657 2028 4720 voluntati,

442 4751 799 4810 lnconfusum
822 4751 933 4805 Deo
962 4749 1163 4806 exhibe
1198 4765 1214 4805 :
1270 4748 1326 4804 in
1368 4749 1594 4805 Christo
1622 4749 1757 4805 Jesu
1799 4748 2034 4804 Domino

440 4851 658 4910 nostro,
683 4840 956 4912 cnigloria
974 4849 1032 4896 et
1055 4838 1352 4910 imperium
1375 4838 1434 4892 in
1461 4839 1660 4894 saecula
1683 4838 2034 4896 saeculorum.

442 4937 639 4994 Amen.

768 5067 853 5122 Ex
889 5069 1162 5123 miraculis
1190 5067 1426 5140 Philippi
1459 5065 1707 5139 apostoli.

519 5182 951 5238 Lucidissimmn
1022 5185 1178 5240 sidus
1239 5184 1346 5238 hoc
1409 5197 1756 5253 magnusque
1817 5177 2040 5236 Domini

450 5275 761 5346 apostolus,
787 5292 912 5332 cum
950 5279 1005 5332 in
1040 5277 1317 5332 Galilaeam
1354 5277 1460 5332 iret
1490 5277 1830 5347 praedicans,
1859 5273 2041 5330 adhuc

521 5459 567 5492 “
595 5459 758 5516 Joan.
787 5477 900 5522 xw,
925 5461 979 5515 8.
1055 5446 1116 5495 ’τ’
1160 5463 1367 5520 Hahae.
1417 5479 1500 5530 ιιι,
1547 5465 1602 5520 8.
1678 5466 1724 5496 ⁸⁸
1754 5466 1899 5520 Psal.
1946 5479 2108 5524 ωιτη.

524 5618 637 5687 (59)
678 5618 933 5672 Narratio
987 5620 1124 5685 haec,
1159 5622 1240 5676 sic
1273 5621 1589 5675 Graecorum
1641 5621 1861 5677 Menaeis
1909 5637 2042 5675 eon-

451 5699 686 5761 secrata,
742 5691 1037 5761 maximam
1083 5692 1270 5760 procul
1300 5692 1472 5745 dubio
1520 5691 1640 5746 veri
1671 5693 1908 5761 speciem
1944 5693 2042 5746 ha-

451 5757 569 5824 bet,
603 5757 1150 5832 consentientissiriia
1197 5762 1321 5816 aliis
1381 5777 1502 5832 quae
1527 5763 1581 5816 in
1617 5757 1740 5817 Act.
1773 5762 2042 5816 adversus

453 5830 735 5903 apostolos
756 5839 906 5903 gesta
934 5832 1189 5903 legimus,
1236 5833 1318 5887 vel
1368 5830 1492 5903 qua:
1535 5834 1702 5903 etiam
1729 5848 1773 5903 a7
1793 5832 2042 5903 probatis

450 5899 775 5956 auctoribus
809 5899 1145 5959 referuntur.
1181 5899 1401 5960 Nomen
1427 5902 1682 5960 Archelai
1724 5899 2043 5974 Obrepsisse

2141 4659 2348 4714 τέλειον
2378 4660 2594 4732 θέλημα
2625 4661 2722 4715 τοῦ
2771 4663 3046 4717 Δισπότου
3099 4664 3463 4736 συμϐιϐάσας,
3495 4663 3734 4718 ἀκαταί-

2145 4768 2377 4823 σχνντον
2412 4752 2768 4825 παράστησον
2789 4754 2870 4826 τῷ
2894 4755 3036 4827 Θεῷο
3068 4757 3128 4809 ὲν
3159 4756 3382 4828 Χριστῷ
3421 4755 3600 4828 Ἰησοῦ
3650 4760 3734 4828 τῷ

2144 4841 2340 4914 Κυρίῳ
2363 4843 2558 4915 ἡμῶν,
2579 4837 2623 4912 ᾧ
2653 4845 2835 4916 ηδόξα
2867 4846 2964 4901 καὶ
2992 4845 3054 4899 τὸ
3082 4845 3283 4918 κράτος
3318 4849 3400 4912 είς
3434 4847 3565 4909 τοὺς
3593 4844 3733 4905 αίῶ-

2146 4951 2246 4996 νας
2277 4935 2384 4989 τῶν
2412 4933 2647 4990 αἰώνων.
2681 4937 2890 5009 Ἀμήν.-

2301 5068 2405 5123 Ἐκ
2438 5067 2555 5124 τῶν
2585 5070 2904 5140 θαυμάτων
2934 5071 3042 5126 τοῦ
3073 5072 3428 5128 ἀποστόλου
3461 5071 3604 5143 (59).

2219 5173 2389 5244 Οὗτος
2429 5187 2458 5236 ό
2502 5183 2852 5252 φαεινότατος
2884 5185 3062 5256 ἀστὴρ
3104 5185 3199 5238 καὶ
3246 5184 3313 5257 μέ
3328 5201 3418 5254 (ας
3458 5183 3558 5239 τοῦ
3618 5185 3728 5240 Κυ-

2152 5273 2272 5348 ρίου
2307 5273 2644 5340 ἀπόστολος,
2691 5277 2766 5340 ὠς
2817 5278 2906 5332 ἐπ’
2953 5279 3124 5348 αὐτὴν
3174 5276 3261 5349 ᾔει
3291 5277 3391 5350 τὴν
3435 5278 3732 5333 Γαλιλαίαν

2146 5463 2234 5519 18.

2151 5621 2515 5691 typographo,
2542 5620 2664 5692 rsive
2691 5622 2860 5676 etiam
2900 5623 3232 5691 antiquario,
3263 5637 3330 5676 ex
3356 5638 3469 5692 quo
3502 5622 3596 5678 ille
3630 5638 3732 5678 ex-

2188 5693 2373 5756 ressit,
2406 5691 2756 5746 manifestum
2807 5702 2930 5757 est;
2974 5709 3080 5746 nec
3119 5693 3268 5745 enim
3302 5691 3491 5747 tandiu
3520 5694 3735 5748 Arche-

2171 5778 2270 5816 aus
2325 5771 2605 5830 superstes
2651 5761 2773 5828 fuit,
2832 5770 2929 5816 aut
2959 5763 3100 5816 alius
3119 5763 3238 5830 ejus
3271 5763 3513 5818 nominis
3538 5764 3596 5816 in
3632 5763 3735 5820 Ju-

2147 5831 2287 5896 ἀπα,
2312 5847 2377 5885 ea
2402 5839 2725 5902 tempestate
2754 5847 2848 5886 rex
2884 5831 3006 5894 iuit,
3042 5832 3135 5901 qui
3169 5835 3262 5902 jus
3308 5833 3436 5888 vita:
3474 5849 3539 5902 ac
3578 5833 3734 5888 necis

2145 5903 2256 5958 sibi
2285 5901 2616 5974 indulgeret,
2643 5903 2700 5958 in
2731 5917 2826 5958 eos
2851 5904 2948 5973 qui
2981 5901 3229 5959 Mosaieze
3259 5902 3393 5974 legis
3432 5901 3734 5960 violatores
