4086 6282
363 413 463 478 187

1574 400 1870 461 ΝΙΟΕΤᾹΞ
1909 400 2443 463 PAPHLAGONIS

3557 397 3662 461 188

360 525 465 582 sibi
493 506 741 580 tribunal
770 519 955 591 parari
982 518 1175 591 jubet;
1212 517 1628 588 mutatoriaque
1659 511 1965 583 pontiﬁcali

2074 511 2487 583 χαριζομένων,
2540 511 2750 582 ὑψηλὸν
2779 510 2928 582 αὗτῷ
2956 510 3214 581 γενέσθαι
3255 510 3407 583 βῆμα
3446 524 3665 582 παρηγ-

357 614 650 684 cblamydc
675 619 979 680 assumpta,
1002 608 1264 680 superbia
1286 617 1528 674 tumens,
1546 604 1747 681 iudicii
1771 605 1962 660 sedem

358 704 712 767 conscendit,
758 702 977 758 cunctis
1018 702 1142 773 ejus
1190 700 1387 772 patriae
1435 699 1711 765 eruditis,
1758 710 1826 752 ac
1865 696 1963 767 qui

357 807 624 854 venerant
657 813 784 853 cum
822 812 920 861 eo,
959 793 1155 850 timore
1199 793 1529 849 astantibus.
1565 794 1806 850 Vocatus
1855 789 1966 846 ita-

358 909 467 962 que
500 892 803 963 apostolus,
830 888 1048 944 medius
1075 887 1250 952 stetit,
1275 886 1525 957 pontitici
1557 898 1957 956 responsurus.

359 985 441 1039 Ad
471 999 638 1054 quem
678 983 927 1053 pontifex
964 983 1021 1036 in
1056 980 1176 1036 haec
1207 980 1375 1035 verba
1410 985 1811 1050 percontatur:
1841 976 1963 1033 Non

361 1080 493 1132 satis
540 1077 743 1137 visum,
782 1084 1095 1129 cunctorum
1144 1072 1439 1129 miserrime
1487 1072 1789 1135 hominum,
1824 1069 1965 1141 quod

360 1170 565 1225 Judara:
619 1180 670 1223 et
730 1168 972 1224 Galilaaaz
1028 1176 1077 1221 et
1131 1165 1397 1221 Samaria:
1448 1166 1714 1236 pravitate
1774 1163 1964 1219 mentis

366 1263 683 1333 obrepseris,
734 1260 1187 1331 simplicioresque
1216 1261 1272 1313 in
1305 1260 1382 1313 eis
1414 1246 1594 1312 errore
1619 1256 1963 1322 dementaris,

362 1356 456 1410 sed
488 1363 537 1408 et
564 1355 893 1410 Athenarum
930 1353 1072 1407 urbis
1104 1353 1370 1423 sapientes
1403 1358 1609 1405 tentare
1640 1349 1854 1403 molitus
1886 1363 1964 1414 es,

366 1446 681 1500 existinmas
716 1445 970 1498 nimirum
1004 1445 1144 1497 viros
1178 1450 1325 1496 catos
1358 1448 1518 1513 atque
1554 1440 1838 1512 prudentes
1873 1438 1966 1492 abs

368 1549 419 1594 te
442 1539 719 1594 seductum
744 1538 834 1592 iri.
870 1538 944 1591 Ac
974 1536 1184 1607 quidem
1214 1544 1284 1601 te,
1313 1534 1455 1590 velut
1481 1536 1573 1605 qui
1603 1550 1782 1588 errore
1810 1533 1969 1588 sedu-

368 1639 483 1685 ctus
522 1632 616 1696 sis,
645 1629 715 1683 ad
754 1644 983 1699 praesens
1027 1628 1221 1681 omisso
1261 1634 1558 1697 spretoque,
1591 1625 1661 1679 ad
1696 1626 1836 1679 viros
1874 1640 1967 1677 sa-

369 1724 591 1791 pientes,
613 1737 730 1789 qute
754 1728 859 1775 tua:
880 1720 1144 1792 opinionis
1168 1719 1650 1784 sunt,-edisserens,
1670 1733 1969 1771 sermonem

370 1813 587 1868 habebo.

446 2074 579 2146 Ejus
639 2077 924 2145 magister,
978 2077 1285 2143 auditores,
1336 2094 1457 2132 cum
1517 2078 1811 2134 evertenda:
1867 2080 1971 2151 legi

372 2163 617 2220 Mosaicae
644 2167 796 2221 daret
828 2184 1068 2238 operam,
1088 2169 1245 2236 justa
1282 2186 1313 2222 a
1346 2171 1491 2224 nobis
1529 2169 1639 2240 lege
1676 2180 1731 2225 ut
1762 2188 1971 2225 crucem

374 2258 555 2326 ferret,
582 2258 869 2312 damnatus
902 2266 1011 2312 est.
1039 2259 1314 2330 nudusque
1343 2259 1455 2314 alto
1483 2262 1661 2331 stipite
1687 2276 1971 2330 suspensus

374 2348 673 2414 derelictus,
697 2349 761 2403 ob
790 2350 894 2405 diei
925 2350 1301 2417 celebritatem,
1325 2351 1525 2417 Pilato,
1551 2352 1762 2423 Iosephi
1789 2353 1976 2423 cujus-

373 2440 501 2492 dam
522 2439 624 2493 viri
644 2440 819 2493 divitis
841 2440 1229 2511 supplicatione
1252 2442 1490 2504 inducto,
1511 2438 1805 2509 sepultura:
1827 2440 1974 2494 tradi

373 2530 661 2596 permissus
693 2537 790 2583 est.
819 2530 1187 2601 Amicitiwque
1221 2528 1334 2600 lege
1369 2546 1487 2583 cum
1524 2536 1831 2583 tenerentur
1860 2530 1975 2599 ejus

374 2618 643 2689 discipuli,
673 2620 873 2674 occulte
902 2623 1217 2692 intempesta
1245 2630 1393 2675 nocte
1420 2638 1539 2675 eum
1569 2621 1855 2691 furantur;
1878 2624 1976 2677 hoc

375 2727 560 2781 nempe
578 2723 873 2767 commento
897 2712 1082 2784 vulgus
1104 2714 1350 2767 seducere
1373 2723 1648 2784 parantes.
1667 2712 1975 2785 Sparsaque

374 2802 565 2873 ubique
606 2804 777 2873 fatua,
807 2821 928 2859 eum
972 2824 1007 2860 a
1050 2806 1273 2861 mortuis
1311 2808 1621 2871 surrexisse,
1654 2808 1974 2877 magistrum

374 2895 472 2949 sibi
522 2904 681 2968 atque
725 2898 992 2953 doctorem
1037 2899 1303 2952 hominem
1354 2907 1631 2970 arrogant.
1667 2900 1751 2954 Ea:
1791 2916 1975 2955 eorum

377 2986 597 3059 collegio
622 3006 759 3044 unus
781 2999 858 3044 est
878 3000 929 3044 et
950 2989 1229 3060 Philippus
1257 2993 1373 3055 iste,
1395 2993 1546 3061 cujus
1570 3007 1663 3045 rex
1682 2991 1976 3047 Archeiaus

377 3079 645 3135 desiderat
684 3090 978 3152 compotem
1018 3080 1174 3150 ﬁeri,
1210 3081 1511 3137 ulciscenda
1557 3083 1702 3153 vulgi
1736 3084 1974 3155 injuria,

2064 603 2271 671 γυᾶτο*
2300 603 2396 658 καὶ
2432 602 2535 677 τὴν
2562 603 2786 669 ἑξαλλον
2818 605 2919 675 τῆς
2971 604 3370 675 ἀρχιερατικῆς
3417 604 3666 674 χλαμύδα

2068 691 2405 763 περιεαλὼν,
2437 694 2521 758 είς
2557 695 2649 749 τὸν
2682 695 3001 749 δικαστικὸν
3033 695 3455 765 πεφυσιωμένος
3489 695 3665 749 ἄνεισι

2067 783 2298 855 θρόνον,
2342 785 2565 842 πάντων
2604 786 2718 841 τῶν
2746 786 3052 858 ἐλλογίμων
3080 786 3183 857 τῆς
3234 786 3496 855 πατρίδος
3516 823 3532 849 ,
3572 788 3668 840 καὶ

2066 877 2179 932 τῶν
2231 879 2330 934 σὺν
2373 878 2526 951 αὐτῷ
2580 880 3089 952 παραγενομένων,
3140 879 3281 951 μετὰ
3333 879 3487 942 δέους
3526 893 3670 949 παρ-

2066 969 2407 1041 εστηκότων.
2439 968 2631 1038 Ὅμως
2664 968 3035 1041 προσκληθεὶς
3062 971 3092 1022 ὁ
3120 967 3442 1033 ἀπόστολος,
3478 966 3665 1037 μέσον,

2064 1059 2147 1134 τῷ
2184 1061 2435 1134 ἀρχιερεῖ
2478 1061 2960 1132 ἀπολογησόμενος
3007 1060 3234 1115 ῐστατοο
3269 1060 3367 1114 καὶ
3398 1058 3539 1128 πρὸς
3572 1058 3668 1111 τὸν

2065 1153 2370 1210 ἀπόστολον
2415 1152 2443 1204 ό
2469 1152 2767 1225 ἀρχιερεὺς
2806 1151 2953 1207 οὕτω
2986 1153 3317 1222 προσήρετο⁶
3361 1152 3489 1220 Οὐχ
3536 1151 3670 1203 ικα-

2069 1246 2192 1313 νῶς
2235 1246 2403 1317 ἔχειν
2429 1246 2638 1313 ἔδοξε,
2681 1244 2753 1299 τὸ
2783 1242 3101 1315 μοχθηρῶς·
3134 1243 3527 1300 ὑπεισελθεῖν
3556 1258 3669 1307 σε,

2070 1338 2398 1395 ἁθλιώτατε
2437 1338 2685 1393 πάντων
2731 1336 3064 1406 ἀνθρώπων
3082 1376 3097 1402 ,
3145 1335 3223 1407 τῇ
3267 1334 3520 1403 Ἰουδαίᾳ
3564 1336 3669 1390 καὶ

2072 1432 2374 1499 Γαλιλαίᾳ
2429 1430 2531 1491 καὶ
2581 1428 2916 1498 Σαμαρείᾳ,
2970 1429 3069 1483 καί
3114 1428 3258 1495 τοὺς
3306 1428 3403 1482 ἐπ’
3454 1427 3668 1494 αὐταῖς

2071 1522 2574 1595 ἀσφαλεστέρους
2623 1522 3064 1589 ἀποπλανῆσαι
3087 1560 3105 1584 .
3156 1519 3321 1576 ἀλλὰ
3370 1520 3470 1575 καὶ
3522 1520 3670 1587 τοὺς

2071 1616 2307 1685 σοφοὺς
2357 1613 2478 1669 τῶν
2533 1613 2795 1681 Ἀθηνῶν
2838 1612 3191 1682 ὑπενοήσω.
3247 1611 3669 1683 μεμελετηκὼς

2070 1708 2189 1776 τὴν
2228 1708 2502 1776 ἀπάτην,
2559 1704 3076 1776 πεπυκνωμένους
3118 1704 3347 1775 ἄνδρας
3396 1707 3675 1774 οἰόμενος

2072 1798 2332 1869 ἀπατᾶν.
2358 1799 2469 1855 Kal
2508 1799 2589 1866 ὡς
2615 1795 3033 1867 ἠπατημένον,
3064 1795 3420 1867 καταφρονῶ
3450 1811 3571 1852 σου
3603 1797 3676 1851 τὸ

2071 1893 2300 1960 παρόν·
2337 1892 2436 1946 ἐπὶ
2476 1890 2546 1945 δὲ
2583 1890 2729 1958 τοὺς
2756 1889 3029 1959 σοφοὺς,
3068 1888 3383 1945 διδάσκων
3411 1890 3485 1945 τὰ
3519 1890 3678 1944 κατὰ

2072 1983 2168 2050 σὲ,
2197 1987 2306 2039 τὸν
2332 1984 2523 2053 λόγον
2550 1982 2906 2051 ποιήσομαι.

2156 2076 2218 2129 '0
2249 2077 2468 2130 τούτου
2517 2074 2894 2139 διδάσκαλος
2919 2114 2935 2139 ,
2968 2067 3016 2129 ὦ
3055 2072 3312 2142 ἄνδρες,
3342 2072 3442 2128 ἐπὶ
3480 2089 3676 2141 παρα-

2071 2165 2265 2236 τροπῇ
2294 2166 2403 2221 τοῦ
2426 2164 2757 2220 Μωσατκοῦ
2785 2166 2977 2236 νόμου
3003 2167 3351 2235 γενόμενος,
3377 2166 3481 2234 ὑφ’
3502 2163 3678 2235 ἡμῶν

2073 2260 2317 2329 σταυρῷ
2354 2260 2638 2316 τεθνάναι
2685 2259 2919 2329 εὐλόγῳ
2952 2260 3115 2328 νόμῳ
3161 2258 3479 2326 κατεκρίθη
3506 2273 3521 2288 ο
3572 2259 3674 2313 καί

2072 2351 2304 2422 γυμνὸς
2354 2350 2435 2417 τῷ
2492 2351 2659 2417 ξύλῳ
2717 2349 3157 2418 ἁπῃωρημένος
3210 2349 3633 2418 καταλειφθείς
3657 2389 3673 2414 ,

2074 2442 2173 2496 διὰ
2202 2441 2270 2496 τὸ
2316 2440 2429 2509 τῆς
2453 2439 2681 2511 ἡμέρας
2714 2439 3042 2509 ἐπίσημον,
3072 2439 3179 2494 τοῦ
3206 2439 3496 2504 Πιλάτου,
3550 2440 3675 2494 Ἰω-

2075 2534 2207 2603 σήφ
2266 2550 2435 2600 τινος
2479 2531 2788 2587 πλουσίου
2835 2531 3104 2598 ἱκετηρία
3154 2530 3677 2601 ἐπικαμφθέντος,

2075 2627 2244 2695 τάφῳ
2276 2624 2752 2695 συγκεχώρηται.
2800 2623 2912 2678 Kal
2937 2626 3102 2694 νόμῳ
3129 2624 3336 2692 φιλίας
3360 2625 3415 2677 cl
3453 2623 3678 2677 τούτου

2075 2720 2467 2789 κρατούμενοι
2482 2716 2766 2787 μαθηταὶ,
2791 2716 3092 2783 λαθραίως
3115 2714 3257 2784 ἀωρὶ
3284 2714 3502 2770 τοῦτον
3530 2715 3680 2767 ἀπο-

2076 2810 2407 2872 συλοῦσιν,
2437 2812 2526 2875 εἰς
2547 2805 2803 2862 πολλῶν
2817 2806 3081 2875 ἀπάτην,
3100 2803 3681 2875 ἐπιτεχνευσάμενοι

2076 2902 2289 2956 τοῦτο·
2329 2900 2431 2954 καὶ
2472 2898 2789 2966 πανταχοῦ
2833 2898 3300 2966 ἐπισπείραντες
3340 2896 3410 2950 ἐκ
3446 2894 3685 2964 νεκρῶν

2077 2992 2394 3063 ἐγηγέρθαι
2414 3035 2429 3059 ,
2474 2992 2584 3046 τὸν
2622 2989 2856 3047 ἑαυτῶν
2895 2989 3324 3061 ἐπιφημίζουσι
3379 2990 3681 3047 διδάσκα-

2077 3088 2215 3140 λον.
2265 3084 2365 3149 Ἐξ
2393 3082 2597 3139 αὐτῶν
2629 3077 2719 3150 εἷς
2749 3082 2885 3137 ἐστι
2914 3082 3015 3138 καὶ
3047 3086 3082 3138 ὁ
3120 3084 3423 3151 Φίλιππος
3456 3079 3641 3153 οὗτος
3660 3126 3677 3147 ,

378 3170 530 3227 mala
572 3188 695 3227 eum
730 3183 900 3229 morte
932 3176 1239 3244 perditurus
1273 3191 1292 3232 :
1326 3193 1482 3248 quem
1512 3177 1559 3231 si
1590 3175 1780 3246 vultis,
1812 3194 1972 3251 quam

2081 3173 2153 3233 οὗ
2205 3174 2572 3245 περικρατὴς
2620 3177 2655 3229 ὁ
2704 3174 3008 3242 βασιλεὺς
3057 3175 3344 3244 ἐπιθυμεῖ
3394 3177 3671 3246 γενέσθαι

376 3265 480 3319 cito
505 3266 737 3320 vinctum
770 3265 1193 3340 Hierosolymam
1225 3269 1487 3323 abducite.

454 3536 533 3591 Ac
559 3551 718 3599 vero,
751 3544 1001 3591 cessante
1034 3534 1185 3607 loqui
1218 3534 1480 3605 pontiﬁce
1514 3543 1757 3593 astantes
1787 3537 1972 3592 inten-

384 3630 452 3684 tis
485 3629 663 3684 oculis
699 3630 755 3683 in
786 3629 1106 3699 Philippum
1145 3636 1337 3692 erant,
1369 3627 1500 3698 quid
1535 3628 1759 3684 demum
1795 3630 1889 3685 ille
1920 3631 1972 3685 ei

388 3720 769 3790 responderet.
788 3719 1007 3775 Sensim
1036 3718 1223 3790 itaque
1249 3719 1542 3790 leniusque
1563 3720 1767 3789 apertis
1787 3721 1972 3786 labiis,

383 3814 672 3882 Philippus
718 3812 795 3867 ita
816 3811 1061 3881 pontifici
1113 3811 1235 3866 inﬁt
1269 3830 1285 3867 :
1317 3812 1420 3868 Fili
1462 3814 1715 3877 hominis,
1747 3822 1806 3867 ut
1848 3814 1975 3885 quid

382 3907 560 3977 diligis
588 3907 881 3960 vanitatem
906 3915 956 3959 et
985 3905 1212 3977 loqueris
1243 3904 1621 3961 mendacium?
1648 3905 1715 3962 Ut
1737 3906 1861 3977 quid
1886 3923 1977 3959 cor

384 4008 533 4051 tuum
568 4014 761 4068 gravas
794 3998 850 4050 in
880 3997 1165 4052 vanitate?
1195 3996 1387 4052 Nonne
1428 4006 1483 4050 tu
1526 4012 1661 4051 auro
1697 3998 1977 4051 custodum

385 4106 575 4144 manus
616 4088 878 4159 implesti,
907 4100 962 4143 ut
1002 4091 1426 4153 resurrectionis,
1459 4090 1632 4160 aﬂ'icta
1671 4089 1974 4158 calumnia,

381 4184 543 4255 ﬁdem
586 4182 899 4237 abolerent?
941 4181 1121 4236 Nescis
1164 4198 1281 4252 qua:
1318 4179 1594 4251 signacula
1640 4191 1977 4236 monumento

385 4277 723 4346 apposuisti?
768 4274 891 4329 llwc
940 4276 1193 4328 nimirum
1244 4276 1301 4328 in
1345 4274 1429 4328 die
1468 4274 1566 4328 ira:
1612 4282 1761 4329 tuum
1807 4273 1978 4329 scelus

383 4370 675 4441 ignominia
714 4368 1009 4422 traducem.

2092 3268 2445 3340 Ἀρχέλαος,
2512 3269 2603 3335 είς
2657 3267 2910 3323 πολλῶν
2972 3268 3297 3335 ἐκδίκησιν
3352 3267 3663 3323 άπολέσων

2073 3362 2263 3417 αὐτόν
2286 3380 2301 3392 ·
2334 3361 2523 3431 ὅνπερ
2553 3361 2605 3415 εί
2632 3359 2965 3425 βούλεσθε,
2996 3359 3148 3429 πρὸς
3176 3357 3367 3414 αὑτὸν
3398 3357 3461 3413 τὸ
3483 3355 3652 3427 τάχος

2075 3454 2333 3523 δέσμιον
2358 3456 2445 3521 εἰς
2487 3451 2895 3522 Ἰερουσαλὴμ
2921 3449 3264 3521 ἀπαγάγετε

2146 3548 2258 3602 Καὶ
2292 3547 2358 3618 δὴ
2418 3545 2511 3599 τοῦ
2543 3544 2849 3616 ἀρχιερέως
2888 3542 3201 3609 ’καύσαντος
3235 3541 3334 3598 τοῦ
3384 3542 3549 3613 λόγου
3570 3585 3585 3610 ,
3622 3542 3675 3598 οι

2075 3636 2431 3707 παρεστῶτες
2462 3633 2775 3707 ὲνητένιζον
2805 3631 2886 3704 τῷ
2922 3633 3198 3705 Φιλίππῳ,
3224 3633 3279 3687 τί
3319 3633 3461 3705 πρὸς
3499 3632 3671 3688 αὐτὸν

2080 3728 2318 3797 ἀντερεῖ.
2370 3726 2582 3797 Ἠρέμα
2628 3724 2686 3778 δέ
2734 3741 2854 3786 πως
2882 3726 2995 3788 τοῖς
3041 3724 3279 3795 χείλεσιν
3307 3724 3612 3792 ὕπανοίξας
3642 3727 3674 3781 ὁ

2075 3816 2345 3881 Φίλιππος
2385 3816 2464 3885 τῷ
2503 3817 2760 3887 ἀρχιερεῖ
2798 3814 3001 3887 ἔφησεν
3041 3816 3263 3869 οὑτωσίο
3304 3815 3405 3871 Υἱὲ
3449 3818 3680 3882 ἀνθρώ-

2076 3926 2231 3972 που,
2273 3908 2378 3962 ἵνα
2446 3907 2506 3961 τί
2576 3905 2819 3975 ἀγαπᾷς
2867 3908 3266 3977 ματαιότητα,
3314 3908 3417 3963 καὶ
3462 3909 3679 3975 λαλεῖς

2076 3998 2343 4069 ψεῦδος;
2371 3998 2498 4052 Ἵνα
2525 3998 2582 4052 τί
2603 3997 2705 4051 ἐπὶ
2728 4000 2963 4068 ματαίῳ
2988 3998 3102 4066 τὴν
3124 3997 3379 4067 καρδίαν
3410 4012 3533 4053 σου
3562 3998 3674 4063 ,Βαο

2069 4093 2315 4162 private;
2352 4093 2437 4145 Οὐ
2474 4089 2708 4160 χρυσοῦ
2738 4090 2822 4145 σὺ
2850 4089 2971 4145 τῶν
2998 4090 3294 4160 φυλάκων
3330 4091 3441 4157 τὰς
3471 4090 3673 4160 χεῖρας

2077 4184 2357 4250 ἐπλησας
2376 4220 2392 4248 ,
2417 4183 2509 4249 είς
2534 4180 2605 4235 τὸ
2637 4179 2993 4236 πλάσασθαι
3021 4178 3135 4249 τῆς
3163 4180 3460 4250 ἐγέρσεως
3486 4196 3681 4235 συκο-

2079 4276 2381 4345 φαντίαν;
2414 4274 2530 4328 οὐκ
2571 4269 2743 4338 οἶδας
2770 4271 2843 4340 ἃς
2882 4271 3182 4327 ἐναπέθου
3217 4269 3557 4343 σφραγῖδας
3594 4267 3683 4336 τῷ

2079 4367 2349 4437 μνήματι
2369 4383 2388 4431 ;
2418 4360 2599 4421 αὗταί
2633 4378 2753 4420 σου
2789 4363 2861 4419 ἐν
2907 4361 3103 4434 ἡμέρᾳ
3128 4361 3315 4436 ὀργῆς
3352 4361 3681 4432 στηλιτεύ-

2078 4473 2267 4515 σουσι
2296 4458 2365 4512 τὸ
2396 4457 2700 4527 ἀνόμημα.

456 4569 555 4625 llis
585 4567 831 4638 pontifex
862 4569 1122 4637 majorem
1158 4567 1211 4619 in
1247 4566 1470 4620 modum
1511 4566 1787 4631 turbatus,
1816 4565 1972 4620 furo-

2154 4569 2339 4624 Ταῦτα
2377 4570 2468 4622 τὸν
2497 4567 2761 4639 ἀρχιερέα
2789 4568 3042 4639 μεγάλως
3074 4567 3375 4638 ἐτάραξαν·
3423 4566 3678 4640 Θυμικῶς

386 4677 556 4735 reque
583 4661 803 4715 irruens
828 4669 891 4712 ut
921 4659 1170 4728 apostolo
1194 4673 1390 4712 manus
1416 4657 1669 4720 inferret,
1698 4674 1815 4713 rem
1839 4674 1979 4729 pra:-

385 4759 540 4807 stare
575 4765 687 4805 non
723 4749 930 4821 potuit.
966 4747 1161 4802 Statim
1199 4748 1348 4802 enim
1379 4749 1500 4819 ejus
1532 4748 1756 4819 pupilla:
1786 4748 1976 4804 oculo-

384 4858 510 4903 rum
553 4843 859 4901 obscuratm
902 4848 1059 4904 sunt,
1098 4855 1163 4895 ac
1204 4855 1409 4910 corpus
1448 4841 1727 4910 reliquum
1771 4841 1977 4922 inutile

385 4934 688 4990 redditum.
720 4934 849 4988 Visa
883 4949 974 4989 res
1009 4933 1300 5004 praastigize
1322 4974 1337 4999 ,
1369 4925 1584 5004 his‘qui
1620 4933 1875 4989 aderant.
1907 4933 1979 4990 Ut

386 5039 571 5085 tamen
619 5030 676 5085 in
722 5030 1033 5099 apostolum
1087 5020 1366 5099 impetum
1405 5029 1689 5096 fecerunt,
1722 5029 1977 5102 ejusdem

385 5123 492 5194 ipsi
543 5122 810 5178 caicitatis
859 5124 1169 5193 periculum
1225 5132 1601 5193 sumpserunt.
1639 5122 1797 5190 Quod
1844 5137 1979 5180 vero

386 5216 669 5285 apostolus
711 5231 823 5270 non
865 5216 1106 5270 nesciret
1151 5214 1370 5269 illorum
1412 5215 1859 5271 incredulitatem
1914 5229 1981 5269 ac

390 5303 785 5374 .gnorantiam,
798 5304 947 5373 quod
963 5304 1047 5358 vis
1064 5303 1375 5358 dtemonum
1397 5302 1452 5357 in
1474 5303 1586 5358 illis
1606 5304 1977 5375 prmpolleret,

387 5412 509 5451 eam
545 5396 601 5455 in
634 5411 751 5450 rem
786 5395 993 5466 ingenti
1032 5397 1237 5466 gemitu
1275 5414 1289 5449 :
1326 5395 1455 5460 Tua,
1483 5394 1733 5457 Domine,
1766 5394 1979 5458 aiebat,

389 5490 720 5559 benignitas,
763 5487 879 5558 ipsa
928 5496 977 5541 te
1022 5495 1261 5551 moveat,
1310 5503 1596 5557 eorumque
1639 5476 1979 5540 contritiones

386 5597 549 5643 sana,
576 5586 625 5631 et
658 5587 714 5631 ut
748 5585 796 5632 te
833 5587 1123 5647 agnoscant
1156 5578 1499 5649 credantque,
1524 5575 1741 5631 illorum
1775 5578 1985 5633 animos

390 5673 635 5724 immuta.

465 5760 507 5815 Ε
564 5762 726 5816 terris
780 5761 965 5832 itaque
1015 5762 1264 5831 apostolo
1318 5760 1628 5815 orationem
1678 5758 1978 5825 fundente,

396 5851 611 5909 indulta
641 5869 671 5907 e
695 5853 870 5920 caelis,
900 5855 986 5911 his
1007 5854 1101 5924 qui
1130 5853 1379 5924 percussi
1408 5853 1649 5920 fuerant,
1678 5852 1889 5910 sanitas
1919 5865 1985 5907 ac

2077 4664 2135 4717 δὲ
2182 4662 2485 4734 διορμήσας
2534 4660 2977 4732 διαχειρίσασθαι
3029 4660 3123 4715 τὸν
3173 4659 3514 4725 ἀπόστολον,
3571 4661 3679 4715 οὐκ

2078 4754 2341 4827 ἠδυνήθη.
2405 4752 2663 4823 Παρευθί)
2727 4752 2836 4824 γὰρ
2886 4752 2945 4806 at
3000 4753 3162 4822 κόραι
3210 4752 3321 4806 τῶν
3373 4752 3679 4824 ὀφθαλμῶν

2078 4847 2246 4901 αὐτοῦ
2292 4843 2826 4917 ἀπημαυρώθησαν,
2870 4845 2972 4899 καὶ
3028 4846 3092 4899 τὸ
3136 4844 3456 4918 περίλοιπον
3504 4846 3674 4917 σῶμα

2078 4940 2354 5011 ἄχρηστον
2397 4938 2665 5006 ἐγεγόνει.
2722 4937 2860 4993 Τότε
2908 4940 3025 5003 τοῖς
3055 4936 3436 5011 παρατυχοῦσι
3468 4937 3532 4993 τὸ
3576 4955 3677 5009 γε·

2078 5030 2238 5100 γονδς
2280 5029 2507 5101 γοητεία
2553 5029 2952 5101 προσεδοκᾶτο.
2990 5029 3189 5101 Ὅμως
3220 5031 3366 5086 κατὰ
3396 5028 3493 5084 τοῦ
3538 5032 3670 5087 ἀπο-

2081 5124 2270 5177 στόλου
2299 5124 2666 5193 όρμήσαντες,
2699 5124 2796 5178 καὶ
2830 5123 2987 5178 αὐτοὶ
3019 5123 3124 5193 τῆς
3159 5122 3332 5194 αὐτῆς
3366 5122 3673 5196 πηρώσεως

2078 5214 2274 5282 πεῖραν
2298 5211 2514 5267 ἔλαϐον.
2554 5211 2697 5264 Ἀλλ’
2728 5210 2855 5265 ἐπεὶ
2880 5211 2984 5266 οὐκ
3002 5212 3256 5283 ἠγνοεῖτο
3279 5210 3360 5282 τῷ
3387 5212 3679 5283 ἁποστόλῳ

2079 5307 2114 5376 ἡ
2146 5304 2381 5358 ἀπιστία
2434 5304 2530 5357 καὶ
2574 5305 2609 5375 ἡ
2641 5303 2860 5373 ἄγνοια,
2908 5306 2992 5357 ὅτι
3037 5304 3363 5375 ἐπικράτεια
3401 5304 3679 5374 δαιμόνων

2078 5392 2257 5447 ἔνεστι
2294 5393 2505 5455 τούτοις
2526 5432 2541 5458 ,
2575 5392 2669 5445 ἐπὶ
2700 5393 2878 5464 τούτῳ
2903 5391 3149 5462 οἰμώξας
3182 5392 3347 5463 μέγα,
3376 5392 3681 5459 Δυσωπή-

2080 5480 2215 5553 θητι
2248 5484 2367 5538 ὑπὸ
2403 5483 2517 5553 τῆς
2544 5483 2667 5552 σῆς
2694 5483 3086 5553 άγαθότητος,
3124 5482 3323 5552 Κύριε,
3357 5482 3536 5550 ἔλεγε,
3576 5483 3680 5535 καὶ

2079 5576 2429 5646 ἀμφοτέρων
2459 5576 2631 5630 Ζασαι
2668 5576 2741 5630 τὰ
2766 5574 3203 5646 συντρίμματα,
3238 5575 3335 5629 καὶ
3366 5572 3520 5642 ssde
3558 5574 3680 5634 τὴν

2080 5668 2206 5736 σὴν
2237 5669 2570 5737 ἐπίγνωσιν
2597 5666 2823 5734 αὐτοὺς
2844 5665 3282 5737 μεταποίησον.

2151 5759 2415 5812 Κάτωθεν
2464 5758 2558 5813 οὖν
2607 5758 2703 5813 τοῦ
2752 5758 3055 5814 ἀποστόλου
3102 5757 3202 5829 τὴν
3244 5756 3414 5829 εὐχὴν
3449 5754 3675 5812 ποιοῦν-

2078 5868 2197 5917 τος,
2228 5850 2523 5923 οὐρανόθεν
2567 5854 2602 5923 ὴ
2640 5851 2811 5924 ρῶσις
2848 5851 2963 5919 τοῖς
3012 5849 3304 5923 πληγεῖσιν
3337 5849 3670 5925 ἐχαρίζετο*
