4134 6278
380 344 492 414 201

1069 337 1348 400 ORATIO
1384 335 1543 398 X.—
1574 334 1657 396 ΙΝ
1697 333 2012 396 LAUDEM
2049 333 2108 394 S.
2151 332 2717 396 BARTHOLOM/EI
2751 336 3011 398 APOST.

3486 300 3488 302 ’
3540 343 3654 412 202

379 473 536 532 μενοι
567 453 843 525 κεφαλὴν,
892 449 1126 522 μετρίως
1161 449 1226 502 ἂν
1260 447 1457 511 οὕτως,
1492 441 1671 517 οἶμαι,
1709 463 1966 517 παραμυ-

2077 443 2327 499 Iabimur.
2375 443 2534 500 Nulla
2577 445 2726 500 enim
2771 446 2910 504 adeo
2961 463 3021 504 re
3067 447 3291 507 divinus
3337 450 3654 510 divinorum

378 548 696 620 θησαίμεθα
734 545 828 600 τὸν
859 543 1044 599 πόθον.
1082 542 1273 596 Οὖδενὶ
1303 541 1413 611 γὰρ
1438 540 1584 593 οὕτω
1612 541 1641 593 ὁ
1675 539 1820 604 θεῖος
1857 538 1967 592 τῶν

380 635 542 699 θείων
571 642 734 711 ἔρως,
765 639 844 701 ὡς
865 637 1074 708 ἐπαίνῳ
1103 635 1212 689 τῶν
1237 631 1672 705 ἐπιθυμημένων
1724 633 1823 686 καὶ
1866 649 1970 686 πα-

383 735 710 810 ρακαλεῖται
738 733 833 786 καὶ
865 728 1299 800 παραμυθεῖται.
1357 780 1359 783 ,

446 825 622 898 Δεῦρο
651 825 719 896 δὴ
739 819 857 890 οὖν,
893 815 940 875 ὦ
970 821 1383 888 σεϐασμιὼτστε
1409 819 1504 872 καὶ
1568 816 1926 888 λαμπρότατε
1949 831 1967 850 ο

380 919 546 992 δεῦρό
571 935 686 990 μοι.
720 917 933 988 πάρεσο
976 916 1271 982 πνεύματι,
1327 912 1403 974 ὡς
1453 909 1672 980 πνεῦμα
1717 909 1971 980 καθαρῶ-

379 1030 546 1070 τατον
603 1010 705 1067 καὶ
768 1007 1188 1076 παναγέστατον
1233 1003 1331 1070 ὣν,
1365 1005 1461 1058 καὶ
1515 1004 1612 1057 τοῦ
1667 1001 1824 1069 ἁγίου
1878 1000 1972 1054 καὶ

385 1101 684 1176 θεαρχικοῦ
736 1099 1056 1172 Πνεύματος
1091 1099 1338 1168 γέννημα
1370 1095 1469 1150 καὶ
1515 1095 1794 1166 ὁμοίωμα.
1827 1095 1969 1164 Ἔμο

386 1212 622 1250 πνευσον
647 1192 794 1258 νοῦν,
833 1190 1146 1262 ἐμπνευσον
1196 1188 1356 1256 λόγον
1381 1206 1396 1220 ·
1429 1187 1577 1251 νοῦν,
1635 1185 1972 1257 θεωρητικὸν

390 1292 491 1360 τῆς
516 1288 612 1358 σῆς
639 1283 1033 1355 ἁγιοπρεπείας
1055 1281 1150 1335 καὶ
1183 1280 1440 1351 θεότητος
1468 1295 1481 1308 ·
1513 1279 1694 1347 λόγον,
1712 1277 1813 1347 τῆς
1834 1276 1972 1346 ὑμε-

395 1382 562 1452 τέρας
610 1375 997 1447 ὲκφαντορικὸν
1044 1373 1512 1444 θαυμσιᾶτητος,
1567 1370 1635 1422 ἶν’
1679 1369 1971 1438 ἀμφότερα

397 1476 494 1528 καί
511 1473 634 1536 νοῦς
659 1473 750 1526 καὶ
777 1471 928 1540 λόγος
957 1471 1096 1541 ἡμῖν
1133 1467 1433 1536 ἁγιαζηται
1484 1465 1579 1519 καὶ
1634 1463 1970 1536 λαμπρύνη⁴

397 1581 512 1630 ται,
542 1564 609 1618 τὰ
635 1563 702 1616 σὰ
731 1561 1012 1632 θαυμάσια
1053 1559 1148 1612 καὶ
1185 1555 1591 1627 διανοουμένοις
1621 1555 1716 1609 καὶ
1744 1555 1970 1624 διηγου-

395 1655 580 1725 μένοις
617 1653 780 1706 ’ἐπεὶ
831 1655 924 1705 καὶ
992 1649 1057 1703 τὸ
1110 1650 1203 1704 ἐπὶ
1258 1648 1483 1718 μνήμης
1542 1645 1703 1716 μόνον
1757 1643 1966 1709 λαϐεῖν,

389 1744 659 1816 ἁγιασμός
681 1762 741 1797 τε
763 1743 858 1797 καὶ
874 1740 1178 1813 φωτισμδς,
1198 1741 1298 1810 οὐχ
1324 1733 1488 1812 ἦττον
1520 1738 1656 1809 ἡμῖν
1706 1739 1821 1801 τοῖς
1871 1735 1970 1807 μου

385 1857 466 1912 νῳ
527 1835 1048 1906 κατοπτριζομένοις
1085 1833 1168 1902 τῷ
1225 1831 1519 1901 πνεύματι,
1583 1830 1618 1902 ἢ
1675 1832 1789 1893 τοῖς
1842 1829 1971 1900 πρὶν

391 1933 537 2003 μετὰ
592 1929 688 1983 τοῦ
747 1927 896 2002 ἱεροῦ
953 1927 1188 1998 σκήνους
1244 1924 1446 1998 ὁρῶσιν
1497 1922 1975 1999 ἀναστρεφόμενον

385 2024 637 2099 ὲτεὶ,τῆςο

456 2290 573 2345 Καὶ
600 2286 708 2362 γᾶρ
739 2285 997 2358 νηπιωεν
1029 2285 1148 2350 ὅλος
1177 2283 1556 2357 ἀφιερωμένος
1589 2283 1669 2356 τῷ
1698 2281 1842 2354 Θεῷ,
1876 2282 1974 2336 καὶ

384 2383 634 2455 σχήματι
681 2381 971 2444 εὐλαϐείας
1022 2380 1118 2434 καὶ
1173 2379 1462 2450 πράγματι
1517 2376 1832 2439 θεοσεϐείας
1880 2376 1976 2429 καὶ

384 2471 484 2525 τοῦ
529 2469 696 2539 νόμου
747 2470 948 2542 μελέτη
978 2468 1074 2523 καὶ
1111 2466 1222 2522 τῶν
1265 2467 1497 2522 ἐντολῶν
1543 2467 1783 2538 φυλακῇ,
1837 2466 1974 2539 πρὸς

389 2563 486 2633 τὴν
517 2561 867 2632 τελειοτέραν
899 2559 1567 2633 προπαρασκευαζόμενος
1602 2557 1936 2627 θεογνωσίαν
1958 2570 1974 2587 ⁶

396 2649 530 2710 οίδεν
567 2654 681 2726 γᾶρ
714 2653 922 2726 Κύριος
971 2653 1083 2708 ἀπὸ
1135 2653 1371 2724 γαστρὸς
1428 2652 1692 2722 ἁγιάζειν.
1726 2654 1855 2716 τοὺς
1895 2653 1976 2706 oi-

396 2749 591 2812 κείους,
623 2749 721 2802 καὶ
767 2747 886 2818 ἃμα
933 2749 999 2818 τῇ
1050 2744 1240 2819 πρώτῃ
1289 2748 1618 2800 συνεισιέναι
1653 2743 1848 2799 πλάσει
1883 2745 1978 2798 καὶ

391 2840 639 2913 ἀοράτως
689 2839 1014 2910 ἐφέπεσθαι,
1049 2839 1142 2894 καὶ
1189 2840 1327 2913 πρὸς
1381 2839 1577 2893 ἑαυτὸν
1627 2835 1977 2891 κατευθύνειν

389 2935 487 2987 καὶ
526 2933 813 3006 ποδηγεῖν,
845 2932 1035 3004 ἐπειδὴ
1085 2932 1114 2986 ὅ
1155 2933 1252 3004 τῆς
1300 2931 1537 2996 πίστεως
1587 2929 1834 3002 ἀρχηγὸς
1885 2929 1979 2983 καὶ

386 3025 683 3095 τελειωτὴς
739 3021 988 3094 ἐπεφάνη
1040 3024 1316 3094 Χριστὸς,
1357 3023 1450 3076 καὶ
1491 3023 1675 3076 πᾶσαν
1729 3018 1829 3092 μὲν
1878 3021 1979 3091 τὴν

402 3115 667 3171 Ἰουδαίαν
698 3118 791 3169 καὶ
817 3115 1110 3170 Γαλιλαίαν
1129 3117 1418 3184 ἐπεφοίτα,
1452 3115 1555 3186 τὴν
1585 3113 1696 3168 τῶν
1729 3112 1989 3184 οὐρανῶν·

392 3210 675 3282 βασιλείαν
753 3206 1274 3280 εὐαγγελιζόμενος
1327 3209 1421 3262 καὶ
1480 3208 1810 3279 Θαυμασίοις
1870 3207 1970 3278 μὲν

389 3302 596 3372 λόγοις,
633 3300 1111 3371 θαυμασιωτέροις
1149 3299 1207 3353 δὲ
1229 3298 1437 3369 ἔργοις,
1459 3299 1561 3369 τὴν
1587 3298 1696 3353 τῶν
1727 3299 1973 3368 Εὑαγγε-

393 3393 527 3446 λίων
572 3393 834 3464 ἀλήθειαν
865 3391 1252 3463 πιστούμενος,
1279 3391 1348 3445 τὰ
1376 3389 1694 3444 ἀπολωλότα
1725 3391 1976 3462 πρόϐατα

406 3488 542 3558 πρὸς
568 3488 753 3542 ἑαυτὸν
781 3487 1086 3556 ὲπισυνῆγε
1140 3485 1235 3540 τοῦ
1275 3485 1526 3556 Ἰσραήλο
1581 3485 1702 3538 τότε
1742 3484 1830 3554 δὴ,
1853 3487 1975 3540 τότε

406 3579 513 3634 ,καὶ
543 3576 630 3628 τον
673 3577 914 3650 ἀληθινὸν
958 3578 1148 3632 τοῦτον
1188 3575 1530 3648 Ἰσραηλίτην
1551 3575 1808 3630 ἐκάλεσεν
1832 3576 1976 3647 Βαρ-

415 3666 706 3738 θολομαῖον.

483 3760 549 3816 Τί
575 3757 664 3816 οὖν
715 3757 906 3831 οὗτος;
941 3757 1071 3836 ’Ἆρ’
1101 3763 1418 3836 ἀπηνήνατο
1447 3763 1539 3818 τὸν
1568 3762 1910 3835 κεκληκότας
1939 3763 1974 3834 ἢ

399 3854 648 3910 πιστεύει
703 3856 822 3926 μιν,
853 3857 951 3927 οὐχ
1001 3856 1196 3911 ἓπεται
1250 3855 1342 3923 δὲς
1381 3857 1415 3926 ἢ
1459 3855 1652 3910 ἕπεται
1694 3857 1816 3924 μὲν,
1847 3855 1976 3927 ἄχρι

391 3947 592 4021 καιροῦ
621 3947 720 4017 δέ;
756 3950 789 4023 ἢ
846 3950 1008 4020 μέχρι
1047 3947 1146 4018 μὲν
1175 3949 1383 4011 τέλους,
1413 3947 1490 4012 ὡς
1517 3941 1597 4012 εἷς
1626 3945 1684 4002 δὲ
1715 3947 1808 4002 τοῦ
1835 3949 1975 4020 πλή-

390 4042 519 4106 θους
550 4041 647 4095 καὶ
677 4041 786 4094 τῶν
814 4042 1054 4106 πιστῶν;
1091 4042 1123 4111 ἢ
1154 4042 1266 4105 τοῖς
1319 4039 1588 4109 μαθηταῖς
1623 4040 1721 4110 μὲν
1756 4056 1980 4111 συνηριο

395 4133 612 4204 (linito,
645 4134 744 4203 τῆς
771 4134 1030 4201 δευτέρας
1058 4133 1116 4187 δὲ
1145 4135 1355 4198 τάξεως
1392 4133 1542 4203 παρὰ
1566 4131 1642 4204 τῷ
1671 4132 1977 4203 διδασκάλῳ

394 4225 780 4292 καθεστῶσινς
831 4225 1118 4296 Οὐδαμῶς.
1152 4225 1320 4296 Ὀμοῦ
1377 4224 1431 4279 δὲ
1464 4226 1556 4278 τὸν
1610 4224 1846 4300 ποιμένα
1885 4224 1977 4280 τὸν

396 4317 565 4372 καλδν
591 4311 755 4381 εἶδεν,
787 4317 887 4372 καὶ
913 4311 1068 4381 οὗτος
1095 4317 1256 4371 αὐτὸν
1309 4317 1449 4372 κατὰ
1477 4315 1539 4369 τὸ
1574 4315 1734 4386 βάθος
1761 4316 1978 4385 ἐπέγνω

404 4409 663 4476 διανοίας,
712 4410 1034 4482 ἐπεγνώσθη
1073 4427 1134 4465 τε
1180 4409 1313 4482 παρ’
1351 4407 1542 4473 αὐτοῦ,
1572 4409 1649 4470 ὼς
1698 4408 1799 4481 τῆς
1837 4409 1978 4462 ἀνω-

2074 550 2251 602 amor,
2278 550 2342 590 ac
2366 551 2559 591 eorum
2586 537 2747 593 laude
2772 538 2868 609 qui
2897 540 3071 594 amori
3095 539 3393 610 habentur,
3416 544 3659 601 lenimen

2072 635 2241 698 atque
2277 628 2520 684 solamen
2537 630 2914 687 nanciscitur.

2145 807 2352 863 Adesto
2396 807 2585 878 igitur,
2626 822 2660 862 0
2697 802 3171 866 venerabilissime
3211 826 3277 867 ac
3317 812 3657 881 clarissime;

2076 900 2288 965 adesto,
2346 910 2548 971 pra-sto
2599 902 2676 956 sis
2717 899 2938 971 spiritu,
2981 909 3042 956 ut
3089 903 3184 972 qui
3224 906 3554 974 purissimus
3595 922 3661 963 ac

2077 991 2458 1049 sanctissimus
2498 993 2726 1062 spiritus
2749 994 2846 1059 sis,
2875 996 3162 1066 sanctique
3190 1010 3256 1051 ac
3289 997 3462 1054 divini
3487 998 3660 1068 Spiri-

2078 1092 2170 1141 tus
2207 1085 2428 1141 soboles
2455 1100 2520 1140 ac
2545 1084 2927 1140 simulacrum.
2970 1085 3168 1157 Aspira
3205 1103 3447 1155 sensum,
3478 1091 3662 1160 aspira

2077 1175 2427 1231 orationem:
2475 1191 2700 1230 sensum
2747 1177 3062 1248 mentisque
3112 1178 3554 1251 intelligentiam,
3590 1183 3660 1237 ad

2077 1266 2388 1323 sanctitatis
2413 1283 2480 1323 ac
2507 1268 2730 1324 deitatis
2758 1278 2863 1324 tuae
2892 1270 3369 1340 contemplandam
3409 1273 3663 1344 magnifi-

2077 1362 2348 1426 centiam;
2403 1362 2742 1426 orationem,
2783 1361 2852 1416 ad
2889 1362 3202 1420 mirabilem
3251 1365 3364 1420 oris
3409 1381 3663 1422 sermone

2077 1449 2479 1520 explanandam
2537 1459 2778 1506 vestram
2836 1453 3243 1524 praestantiam;
3295 1471 3407 1524 quo
3452 1456 3664 1513 scilicet

2077 1551 2381 1614 utrumque
2431 1542 2648 1616 (sensus
2679 1545 2890 1616 pariter
2933 1553 3098 1616 atque
3137 1562 3313 1614 mens,
3360 1555 3418 1602 et
3460 1550 3660 1621 oratio)

2077 1636 2449 1708 cogitantibus
2495 1636 2658 1692 nobis
2701 1653 2765 1692 ac
2813 1637 3172 1707 loquentibus
3223 1647 3316 1694 tua
3363 1639 3658 1706 mirabilia,

2076 1730 2454 1786 sanetiticetur
2485 1745 2550 1785 ac
2583 1730 2966 1801 splendescat:
3018 1731 3220 1802 quippe
3252 1747 3378 1788 cum
3417 1734 3502 1810 vel
3543 1733 3663 1804 ipsa

1997 1816 2048 1876 B
2073 1820 2342 1877 duntaxat
2371 1820 2555 1876 animo
2592 1829 2875 1892 assumpta
2911 1822 2990 1877 tui
3027 1816 3311 1888 memoria,
3355 1824 3662 1880 sanctiﬁca-

2079 1912 2284 1967 tionem
2318 1919 2545 1982 praestet
2583 1926 2646 1966 ac
2691 1910 3174 1977 illuminationem,
3219 1921 3336 1968 tum
3372 1913 3533 1970 nobis
3563 1917 3659 1986 qui

2073 2003 2196 2059 solo
2244 2003 2442 2075 spiritu
2487 2003 2643 2058 velut
2681 2004 2737 2058 in
2767 2004 2992 2074 speculo
3041 2006 3380 2062 relucentem
3427 2007 3661 2063 formam

2076 2103 2430 2160 contuemur,
2460 2103 2576 2150 tum
2608 2095 2674 2151 iis
2695 2095 2789 2166 qui
2811 2095 2942 2152 olim
2967 2112 3094 2153 cum
3119 2107 3308 2155 saneto
3331 2103 3662 2173 corpusculo

2061 2179 2390 2244 versantem
2421 2187 2478 2243 in
2508 2197 2657 2244 terra
2684 2187 2995 2244 viderunt.-

2142 2281 2188 2337 A
2220 2296 2395 2352 puero
2416 2296 2655 2352 namque
2690 2281 2982 2338 totusDeo
3011 2295 3387 2352 consecratus,
3409 2285 3661 2357 pietatis-

2076 2389 2186 2445 que
2216 2372 2394 2429 l'orma
2443 2389 2508 2429 ac
2555 2371 2762 2438 indole;
2810 2380 2868 2428 et
2916 2375 3045 2430 vera
3101 2374 3370 2447 religione
3410 2385 3468 2433 et
3525 2377 3662 2450 legis

2077 2465 2438 2522 meditatione
2471 2476 2529 2523 et
2571 2467 2959 2523 mandatorum
2988 2470 3361 2537 observantia,
3408 2471 3481 2527 ad
3529 2488 3661 2544 per-

2078 2558 2364 2616 fectiorem
2409 2559 2507 2614 Dei
2554 2559 2844 2616 scientiam
2899 2561 3174 2633 ﬁdemque
3207 2563 3492 2620 institutus
3535 2581 3662 2621 cum

2075 2657 2223 2704 esset
2253 2649 2429 2720 (novit
2456 2649 2602 2704 enim
2633 2650 2900 2706 Dominus
2925 2667 2995 2708 ex
3018 2661 3182 2716 utero
3211 2655 3307 2725 qui
3346 2655 3432 2711 sui
3461 2655 3572 2711 sint
3598 2672 3664 2713 ac

2077 2740 2400 2806 neccsSarii,
2452 2756 2520 2796 ex
2571 2750 2732 2796 utero
2780 2741 3150 2811 sanctiﬁcare,
3203 2752 3368 2816 atque
3404 2761 3435 2800 a
3486 2747 3664 2818 prima

2079 2835 2264 2891 statim
2310 2834 2638 2891 formatione
2672 2835 2781 2890 illis
2817 2835 2991 2902 illabi,
3038 2852 3208 2908 seque
3256 2838 3340 2894 eis
3382 2839 3666 2912 inaspecta

2078 2925 2292 2982 ratione
2322 2927 2581 2983 comitem
2615 2937 2900 2998 praestare,
2941 2938 3107 2999 atque
3143 2929 3211 2985 ad
3249 2932 3494 3002 seipsum
3523 2933 3664 2988 diri-

2078 3033 2205 3091 gere
2229 3029 2286 3073 et
2313 3017 2560 3091 ducere),
2604 3019 2751 3090 quod
2784 3018 2910 3075 fidei
2941 3029 3136 3076 auctor
3165 3029 3226 3077 et
3252 3034 3667 3081 consummator

2078 3111 2331 3168 Christus
2359 3121 2690 3184 apparuerat
2705 3113 2777 3177 ὀ,
2806 3127 3137 3184 omnemque
3163 3115 3407 3172 Judaeam
3438 3126 3497 3173 et
3519 3117 3666 3175 Gali-

2081 3203 2258 3268 laeam,
2307 3199 2736 3273 evangelizando
2779 3215 3008 3271 regnum
3031 3201 3295 3257 caelorum
3319 3204 3658 3275 peragrabat,

2081 3293 2533 3365 admirandisque
2562 3292 2914 3350 sermonibus
2945 3293 3322 3365 maioremque
3345 3295 3666 3354 admiratio-

2082 3403 2206 3442 nem
2227 3386 2559 3442 facientibus
2573 3387 2837 3457 operibus
2859 3384 3154 3460 Evangelio
3190 3385 3354 3442 [idem
3388 3396 3664 3456 astruens,

2082 3495 2344 3550 ovesque:
2356 3480 2861 3552 perierantisraelis
2874 3480 2942 3536 ad
2959 3495 3017 3537 se
3028 3481 3476 3554 congregabat”
3493 3499 3510 3552 ;
3534 3491 3667 3541 tunc

2080 3575 2263 3644 plane,
2297 3581 2429 3628 tunc
2457 3587 2676 3643 quoque
2703 3587 2898 3628 verum
2927 3572 3078 3630 hunc
3105 3573 3408 3630 lsraelitam
3432 3575 3656 3633 Bartho-

2081 3661 2336 3741 lomaeum
2367 3663 2671 3718 vocavit".

2153 3774 2298 3845 Quid
2343 3774 2698 3847 igiturille?
2741 3774 2884 3832 Num
2927 3785 3217 3833 vocantem
3272 3779 3667 3851 respuitiaut

2082 3869 2262 3927 credit
2304 3869 2552 3940 quidem,
2585 3883 2696 3924 non
2733 3877 2917 3924 tamen
2957 3869 3256 3941 sequitur?
3280 3882 3376 3928 aut
3415 3876 3666 3945 sequitur

2037 4017 2046 4037 ε
2082 3959 2327 4030 quidem,
2372 3973 2564 4014 verum
2610 3959 2678 4014 ad
2730 3969 2980 4030 tempus;
3017 3969 3114 4016 aut
3156 3962 3211 4018 in
3259 3962 3421 4020 linem
3466 3981 3665 4038 usque,

2081 4050 2236 4104 velut
2269 4057 2448 4103 tamen
2479 4063 2624 4104 unus
2666 4064 2698 4104 e
2738 4049 2904 4120 vulgo
2943 4066 3009 4106 ac
3054 4052 3216 4107 turba
3255 4051 3539 4110 ﬁdelium?
3570 4066 3669 4114 aut

2082 4142 2291 4197 relatus
2327 4141 2548 4212 quidem
2579 4150 2664 4197 est
2700 4141 2757 4196 in
2799 4141 3197 4212 discipulorum
3222 4145 3433 4211 album,
3466 4161 3665 4204 verum

2083 4229 2303 4287 illorum
2373 4235 2469 4304 qui
2527 4232 2755 4289 secundi
2807 4234 3021 4290 ordinis
3071 4247 3232 4292 erant
3292 4238 3439 4310 apud
3496 4241 3668 4312 magi-

2082 4326 2389 4380 strum'“?
2435 4325 2826 4396 Nequaquam;
2861 4326 2993 4397 quin
3039 4327 3202 4384 simul
3246 4339 3412 4402 atque
3456 4331 3666 4392 bonum

2082 4425 2359 4487 pastorem
2389 4418 2548 4484 vidit,
2573 4418 2763 4490 sicque
2792 4434 2918 4475 eum
2942 4409 3069 4476 alta
3112 4429 3295 4477 mente
3330 4425 3587 4496 cognovit
3608 4435 3668 4482 et

407 4501 548 4556 τὰτω
595 4501 697 4556 καὶ
751 4500 974 4570 πρώτης
1012 4500 1242 4572 ἐκλογῆς
1290 4499 1684 4576 κατηξιῶσθαι,
1722 4500 1817 4552 καὶ
1864 4503 1975 4565 τοῖς

2085 4511 2154 4566 ab
2183 4527 2251 4566 eo
2283 4511 2501 4582 agnitus
2521 4518 2626 4576 est,
2655 4519 2715 4566 ut
2747 4527 3020 4584 supremae
3048 4510 3348 4586 primasque
3375 4516 3668 4575 electionis

405 4597 729 4668 κορυφαίους
753 4598 860 4651 τῶν
887 4597 1202 4651 ἀποστόλων
1247 4596 1625 4668 συντετάχθαι,
1654 4597 1750 4651 καὶ
1778 4598 1877 4663 τὴν
1909 4595 1984 4646 ls-

402 4685 505 4758 ρὰν
547 4690 644 4743 καὶ
689 4689 878 4760 τιμίαν
930 4689 1229 4743 δυοδεκάδα
1278 4690 1668 4760 συμπληροῦν·
1729 4687 1980 4742 ἐντεῦθεν

397 4782 530 4851 ὃλην
561 4783 982 4851 ἀπανηνάμενος
1013 4781 1111 4852 τὴν
1143 4784 1331 4853 κτῆσιν
1357 4782 1465 4834 τῶν
1492 4781 1586 4834 ἐπὶ
1631 4781 1754 4851 γῆς,
1784 4779 1983 4850 πατρί-

395 4872 488 4935 δι,
518 4875 719 4941 γονεῖς,
753 4876 1060 4943 συγγενεῖς,
1094 4874 1302 4944 φίλους,
1327 4876 1435 4927 πᾶν
1456 4874 1485 4926 ὅ
1505 4890 1555 4927 τι
1581 4873 1744 4926 καλὸν
1771 4868 1982 4942 ἀνθρὼ-

402 4983 532 5030 ποις
564 4967 660 5020 καὶ
686 4967 1158 5038 περισπούδαστον
1179 4984 1194 4998 ⁸
1225 4967 1307 5020 ετι
1333 4967 1392 5021 δὲ
1423 4967 1516 5020 καί
1544 4967 1643 5038 τὴν
1673 4965 1836 5019 αὑτοῦ
1873 4965 1980 5036 ψυ-

400 5061 507 5132 χὴν
533 5060 563 5112 ὁ
593 5058 900 5131 θαυμάσιος
932 5061 1320 5133 ἀπηρνημένος
1340 5075 1355 5091 °
1397 5060 1577 5114 πᾶσαν
1603 5057 1698 5112 τοῦ
1725 5057 1977 5129 σώματος

401 5150 726 5223 ἐπιθυμίαν.
766 5154 859 5206 καὶ
904 5155 1087 5207 πᾶσαν
1138 5152 1359 5222 θέλησιν
1413 5151 1510 5222 τῆς
1568 5149 1704 5215 ἰδίας
1756 5149 1983 5220 καρδίας

402 5245 776 5318 ἁπερῤίψατο,
808 5244 900 5300 ἵνα
942 5246 1043 5315 τῆς
1083 5243 1258 5317 Ἰησοῦ
1281 5243 1486 5314 φιλίας,
1511 5245 1606 5298 καὶ
1630 5242 1974 5316 τελειοτέρας

403 5335 664 5406 γνώσεως
690 5339 753 5392 ἐν
786 5337 1048 5414 μετουσίᾳ
1078 5339 1348 5409 καταστῇ.

484 5520 774 5578 Ἐντεῦθεν
816 5523 963 5579 κατὰ
997 5522 1204 5578 σκοπὸν
1254 5521 1469 5578 διώκων
1497 5523 1590 5578 καὶ
1619 5522 1981 5595 καταλαμϐά-

400 5633 536 5682 νων,
564 5613 663 5670 δτι
699 5613 974 5688 πνεύματι
1019 5613 1128 5681 ζῶν
1183 5613 1524 5689 ἀκραιφνῶς,
1553 5615 1647 5668 καὶ
1706 5614 1980 5684 πνεύματι

513 5793 563 5828 ο·
584 5790 751 5848 llebr.
785 5808 881 5857 ιιι,
909 5776 970 5847 2;
1041 5794 1324 5853 "‘Mattb.
1351 5812 1444 5863 xv,
1471 5795 1566 5851 et.
1628 5793 1848 5852 "Joan.
1876 5809 1916 5858 ι,
1950 5793 1975 5848 4

2115 5793 2182 5826 ἰ’
2206 5794 2363 5850 Joen.
2398 5812 2452 5865 ι,
2495 5795 2581 5852 ll.
2659 5799 2704 5830 ⁹¹
2730 5797 2966 5869 Philipp.
2999 5812 3082 5863 tu,
3118 5795 3200 5852 14.

741 5888 1010 5950 Ρλτιιοι..
1047 5888 1161 5950 Gn.
1197 5890 1322 5952 CV.

2086 4603 2288 4672 dignus
2328 4603 2650 4670 haberetur,
2684 4619 2751 4660 ac
2779 4603 2927 4660 inter
2965 4605 3339 4676 apostolorum
3387 4609 3667 4682 principes

2087 4705 2496 4760 accenserctur,
2534 4711 2860 4768 sacrumque
2883 4712 2947 4753 ac
2969 4688 3342 4755 venerabilem
3373 4700 3667 4758 duodecim

2087 4788 2320 4842 chorum
2365 4789 2692 4857 compleret;
2739 4787 2936 4846 exinde
2995 4788 3146 4845 omni
3206 4797 3423 4848 terrena
3480 4801 3664 4864 spreta

2086 4879 2416 4939 substantia,
2466 4878 2662 4948 patria.
2712 4879 3063 4948 parentibus,
3111 4881 3380 4952 cognatis,
3431 4885 3664 4950 amicis;

2086 4969 2356 5040 quidquid
2398 4969 2715 5023 hominibus
2766 4959 3056 5042 pulchrum
3103 4971 3327 5028 videtur
3358 4989 3422 5030 ac
3464 4975 3666 5034 studiis

2086 5059 2573 5132 prosequendum;
2617 5057 2688 5113 ad
2723 5059 2842 5113 haec
2882 5073 3013 5114 vero
3059 5061 3226 5115 etiam
3263 5061 3530 5134 abnegata
3577 5067 3666 5123 vir

2089 5151 2447 5210 admirandus
2472 5149 2652 5205 anima
2679 5165 2800 5215 sua,
2829 5163 3050 5208 omnem
3075 5152 3324 5222 corporis
3353 5153 3661 5223 libidinem,

2089 5261 2422 5317 omnemque
2487 5243 2671 5300 cordis
2732 5241 2941 5314 proprii
2994 5242 3333 5301 voluntatem
3393 5248 3662 5321 proiecit,

2095 5350 2158 5396 ut
2181 5339 2312 5395 Jesu
2335 5335 2616 5403 amicitia,
2637 5350 2701 5391 ac
2735 5334 2980 5391 scientia:
3009 5334 3360 5406 perfectioris
3388 5341 3665 5415 particeps

2091 5432 2250 5487 ﬁeret
2267 5430 2336 5485 ".

2160 5522 2291 5578 inde
2311 5522 2468 5594 juxta
2495 5517 2828 5575 destinatum
2855 5534 3188 5592 persequens
3211 5536 3277 5577 ac
3303 5525 3664 5594 comprehen-

2087 5612 2247 5675 dens,
2294 5610 2444 5667 velut
2484 5609 2584 5680 qui
2625 5609 2842 5665 sincere
2869 5609 3067 5681 spiritu
3093 5610 3324 5680 viveret,
3351 5615 3549 5685 spiritu
3579 5616 3664 5672 in-

3257 5887 3294 5940 ’1
