4156 6282
452 381 555 450 211

1649 389 1942 453 ΝΙΟΕΤΑΞ
1983 383 2513 454 PAPIILAGONIS

3619 376 3727 440 212

453 503 583 548 ctus
607 502 774 564 atque
797 499 1138 564 compactos,
1159 492 1240 548 sic
1266 507 1298 549 c
1329 508 1560 564 corpore
1591 496 1834 565 perfecte
1860 496 2031 552 evolat

2147 493 2500 563 συνδεόμενος
2533 489 2624 543 καὶ
2665 483 3266 559 συεθαρμολογοῦμενος,
3290 484 3366 557 τῷ
3389 484 3578 539 τοῦτον
3597 489 3728 541 ἀνα-

447 593 506 642 et
545 585 611 642 ad
655 587 827 644 Deum
878 601 1005 644 cum
1050 586 1297 642 claritate
1341 587 1664 659 eommigrat
1711 607 1725 644 :
1771 599 1935 660 atque
1983 600 2031 646 ul

2143 583 2542 656 λαμϐανομένῳ
2569 580 2706 652 πρὸς
2733 579 2825 634 τὸν
2878 579 3110 652 οὐρανὸν
3151 578 3262 635 ἀπὸ
3289 579 3413 660 γῆς,
3441 578 3587 633 οὕτω
3632 597 3724 632 τε·-

449 694 581 736 vcre
618 680 768 737 illius
799 681 867 737 ad
903 681 1122 737 Patrem
1163 680 1307 739 emlo
1349 683 1639 740 celsiorem
1681 683 2039 740 inenarrabili

445 773 817 829 exsultatione
837 774 1133 841 deductus,
1157 775 2038 848 bereditatemiineontaminatam

448 876 614 938 atque
670 868 1004 939 longaevam,
1044 869 1556 939 divinissimamque
1595 871 2036 941 iucunditatem,

442 966 612 1029 atque
654 975 975 1030 supremum
1020 975 1085 1015 ac
1120 960 1361 1031 primum
1405 977 1530 1017 cum
1565 962 1733 1020 Petro
1769 969 1826 1017 et
1868 961 2038 1018 Paulo

444 1051 591 1121 apud
642 1067 922 1108 summum
973 1053 1222 1110 omnium
1269 1054 1476 1126 Regem
1526 1055 1793 1110 honorem
1840 1071 2036 1111 cense-

444 1145 663 1214 quitur.

515 1347 729 1406 Idcirco
767 1351 946 1407 saluto
981 1360 1057 1417 te,
1084 1351 1468 1408 charissimum
1503 1353 1619 1408 Deo
1652 1366 1714 1407 ac
1749 1351 2035 1408 sanctissu-

443 1455 596 1496 mum
640 1451 827 1513 caput.
865 1443 1058 1509 Salve,
1092 1444 1231 1517 lapis
1267 1445 1574 1514 pretiosus,
1609 1459 1752 1500 unus
1787 1461 1851 1499 ex
1894 1444 2034 1499 duo~

442 1534 660 1601 decim,
689 1536 923 1590 'summo
970 1537 1219 1607 angulari
1269 1537 1468 1608 dignus
1514 1537 1731 1606 lapide;
1778 1539 2025 1607 pretioso

442 1627 643 1698 dignus
690 1627 1015 1698 margarito,
1047 1629 1199 1685 velut
1237 1629 1319 1684 illi
1360 1630 1675 1685 immediate
1717 1630 2031 1697 cohaerens,

441 1719 606 1789 eique
643 1727 864 1790 aptatus
899 1729 1066 1790 atque
1101 1731 1426 1788 contextus,
1459 1732 1514 1778 et
1549 1721 1947 1788 coaediﬁcatus,
1978 1722 2034 1778 in

441 1811 821 1868 habitaculum
846 1813 943 1869 Dei
977 1814 1032 1868 in
1064 1814 1296 1884 Spiritu.

510 2014 692 2085 Salve,
711 2019 872 2074 stella
894 2018 1234 2076 lucidissima
1265 2037 1331 2077 ac
1360 2023 1706 2093 spectabilis,
1724 2019 2034 2095 pulcherri-

440 2125 642 2182 maque
675 2129 741 2169 ac
773 2113 883 2169 late
915 2115 1243 2185 conspicua,
1271 2115 1366 2186 qui
1412 2117 1669 2173 undecim
1709 2124 2029 2181 consertus,

448 2204 734 2278 instarque
755 2209 1014 2276 stellre”,
1055 2211 1228 2282 plcxaa
1265 2210 1344 2266 illi
1379 2227 1597 2268 corona:
1620 2209 2032 2283 gloriaeinditus

450 2313 517 2353 ac
547 2301 834 2370 appositus
866 2317 957 2368 es,
982 2317 1148 2372 quam
1183 2303 1425 2360 ccclestis
1458 2320 1721 2374 sponsus.
1748 2312 1810 2358 ut
1841 2317 2030 2359 sacra-

449 2390 723 2448 tissimum
759 2392 926 2451 habet
959 2395 1272 2467 eloquium,
1300 2397 1508 2468 aptavit
1539 2396 1706 2468 capiti
1738 2411 1974 2468 sponsae.

508 2593 712 2661 Salve,
760 2595 1094 2668 Angelornm
1149 2599 1508 2672 iucunditas,
1556 2600 2028 2674 Arebangelornm

437 2704 603 2754 cura,
635 2689 1046 2761 Principatuuin
1075 2691 1263 2749 odoris
1311 2693 1642 2766 fragrantia;
1688 2710 1754 2751 ac
1803 2695 2027 2766 quidem

441 2783 789 2841 Potestatum
836 2786 1132 2857 splendor,
1170 2787 1623 2844 nominationum
1667 2804 1804 2844 vero
1852 2805 2027 2861 augu-

437 2884 586 2932 stum
637 2877 809 2934 decus
863 2897 881 2934 :
929 2879 1024 2950 qui
1067 2879 1311 2936 'l‘bronis
1355 2879 1682 2947 eonsideas;
1724 2879 2027 2937 Chenibim

439 2967 678 3035 sodalis,
702 2985 770 3025 ac
799 2968 1091 3041 Serapbim
1121 2970 1538 3027 contubernalis
1563 2970 1818 3030 exsistas.

511 3080 699 3150 Salve,
714 3083 1092 3154 apostolon
1115 3083 1312 3156 gloria,
1338 3091 1645 3157 martyrum
1673 3081 2026 3150 illuminatio,

444 3184 872 3246 sanctorumque
911 3176 1162 3232 omnium
1192 3175 1561 3234 sanctiﬁcatio
1589 3183 1649 3232 et
1674 3175 2024 3249 iucunditas;

2141 681 2278 742 λέως
2305 680 2610 746 άφίπταται
2643 672 2744 747 μὲν
2768 669 2864 726 τοῦ
2913 670 3190 745 σώματος.
3222 671 3450 742 ἑνδημεῖ
3493 672 3547 725 δὲ
3586 674 3728 743 μετᾶ

2139 773 2296 842 δόξης
2333 772 2469 843 πρὸς
2526 769 2620 822 τὸν
2668 766 2838 823 Θεόνο
2872 765 2968 823 καὶ
3009 763 3085 829 ὡς
3139 765 3358 840 άληθῶς
3408 768 3599 820 τέκνον
3647 767 3730 838 τῷ

2140 862 2522 936 ὑπερουρανίῳ
2541 859 2716 931 [largi
2731 857 3089 931 ἀνεκλαλήτῳ
3122 859 3544 929 προσεληλυθὼς
3565 860 3730 929 ἀγαλ-

2138 957 2386 1029 λιάματι,
2426 955 2527 1024 τῆς
2578 952 2847 1024 ἀμιάντου
2900 951 3267 1023 κληρονομίας
3306 952 3400 1006 καὶ
3445 953 3732 1023 μακραίω-

2136 1067 2228 1112 νος
2247 1091 2260 1111 ,
2296 1047 2396 1117 τῆς
2452 1043 2871 1114 θεοτε).εστάτης
2897 1040 3285 1116 τερπνότητος.
3314 1044 3409 1101 καὶ
3449 1043 3552 1112 τῆς
3581 1045 3724 1097 ἀνω.

2137 1145 2281 1198 τάτω
2311 1143 2404 1196 καὶ
2439 1138 2662 1211 πρώτης
2687 1136 2825 1208 μετὰ
2859 1137 3068 1208 Πέτρου
3105 1137 3201 1191 καὶ
3228 1136 3441 1191 Παύλου
3473 1138 3623 1208 παρὰ
3648 1137 3727 1208 τῷ

2137 1231 2483 1303 Παμὸασιλεῖ
2519 1228 2876 1295 καταξιοῦται
2901 1228 3092 1298 τιμῆς.

2207 1348 2611 1422 Προσαγορεῦω
2667 1363 2728 1402 σε
2775 1345 3086 1418 τοιγαροῦν,
3115 1345 3216 1418 τὴν
3255 1343 3600 1416 τιμιωτάτην
3647 1345 3727 1413 τῷ

2135 1441 2254 1514 Θεῷ
2299 1441 2394 1496 καὶ
2433 1437 2857 1506 παναγεστάτην
2901 1436 3169 1508 κεφαλήν.
3215 1435 3410 1507 Χαῖρε,
3445 1438 3473 1490 6
3517 1436 3667 1500 λίθος
3699 1437 3729 1490 6

2133 1538 2335 1608 τίμιος,
2375 1538 2403 1591 6
2425 1531 2505 1600 εἷς
2530 1533 2641 1589 τῶν
2669 1534 2900 1601 δώδεκα,
2939 1534 2968 1587 6
2991 1532 3142 1598 ἄξιος
3170 1531 3265 1585 τοῦ
3293 1529 3722 1602 ἀκρογωνιαίου,

2133 1632 2283 1697 ἄξιος
2310 1628 2406 1684 τοῦ
2461 1627 2762 1700 πολυτίμου
2813 1624 3188 1699 μαργαρίτου,
3243 1623 3321 1689 ὡς
3370 1623 3522 1694 αὐτῷ
3558 1641 3726 1696 προσ-

2134 1724 2274 1794 εχῶς
2302 1721 2547 1792 ἢγγτκὼς
2582 1715 3032 1790 καὶλσυναραρὼς
3063 1715 3158 1770 καὶ
3189 1716 3604 1786 συνυφασμένος
3631 1715 3722 1770 καὶ

2134 1812 2679 1887 συνῳκοδομημένας,
2732 1811 2816 1876 εἰς
2851 1810 3276 1882 κατοικητήριον
3325 1808 3420 1863 τοῦ
3472 1808 3608 1862 Θεοῦ
3656 1811 3719 1861 ἐν

2063 1879 2109 1937 Β
2136 1879 2278 1964 [ινιιὶ
2289 1879 2440 1980 ματι..

2203 2025 2400 2098 Χαῖρε,
2431 2021 2610 2092 άστηρ
2640 2018 3092 2092 φωτοφανέστατε
3128 2017 3222 2071 καὶ
3251 2017 3536 2087 περίοπτε,
3573 2032 3718 2088 περι-

2132 2117 2463 2177 καλλέστατι
2503 2115 2601 2170 καὶ
2651 2111 3016 2186 περίϐλεπτεο
3052 2114 3080 2164 6
3109 2112 3222 2172 τοῖς
3273 2108 3468 2162 ἕνδεκα
3514 2123 3720 2177 συνηρ-

2135 2213 2425 2286 μοσμένος,
2471 2210 2570 2266 καὶ
2601 2211 2681 2273 είς
2722 2209 2816 2263 τὸν
2845 2207 3109 2276 στέφανον
3163 2205 3256 2258 τὸν
3308 2203 3584 2257 πλακὲντα
3621 2199 3722 2270 τῆς

2129 2307 2288 2379 δόξης
2330 2301 2965 2377 συγκαταπεριζόμενος
2993 2300 3086 2354 καὶ
3118 2296 3566 2367 συνταττόμενος,
3601 2294 3663 2347 όν
3689 2294 3724 2346 6

2130 2401 2380 2474 οὐράνιος
2404 2397 2662 2470 νυμφίος,
2708 2393 2852 2448 κατὰ
2879 2393 2942 2447 τὸ
2976 2389 3390 2476 μυστικώτατον
3419 2387 3622 2457 λόγιον,
3654 2387 3720 2458 τῇ

2130 2491 2230 2561 τῆς
2259 2487 2477 2562 νύμφης
2503 2486 2787 2558 ἐφήρμοσε
2817 2481 3050 2553 κεφαλῇ.

2205 2606 2400 2675 Χαῖρε,
2439 2601 2547 2655 τῶν
2589 2596 2861 2669 Ἀγγέλων
2898 2597 2932 2666 ἡ
2976 2593 3235 2666 θυμηδία,
3263 2591 3373 2648 τῶν
3411 2591 3721 2663 Ἀρχαγγέ-

2129 2701 2237 2754 λων
2286 2700 2319 2768 ἠ
2374 2695 2661 2768 θεραπεία,
2712 2691 2821 2746 τῶν
2862 2689 3075 2760 Ἀρχῶν
3122 2687 3420 2760 ἠεύωδίαο
3469 2683 3564 2738 καὶ
3612 2685 3722 2736 τῶν

2141 2788 2430 2855 Ἐξουσιῶν
2457 2787 2558 2860 μὲν
2590 2787 2624 2857 ἡ
2650 2784 2974 2856 λαμπρότης
3001 2823 3016 2846 ,
3044 2780 3153 2835 τῶν
3197 2778 3554 2853 Κυριοτήτων
3595 2777 3649 2831 δὲ
3685 2778 3722 2846 ἡ

2129 2883 2459 2956 κοσμιότης”
2502 2884 2532 2935 6
2557 2881 2668 2933 τῶν
2697 2877 2916 2950 Θρόνων
2949 2876 3240 2944 σύνθρονος
3261 2915 3278 2940 ,
3326 2875 3422 2929 καὶ
3471 2872 3583 2927 τῶν
3614 2873 3722 2926 Xs-

2132 2975 2362 3050 μουσεὶμ
2400 2970 2709 3045 συνόμιλος,
2732 2970 2828 3025 και
2849 2967 3159 3041 ὁμοδίαιτος
3187 2968 3294 3020 τῶν
3327 2964 3636 3038 Σεραφείμ.

2199 3090 2394 3161 Χαῖρε,
2412 3085 2881 3143 τῶνἎποστόλων
2910 3085 2940 3138 6
2971 3081 3392 3153 καλλωπισμός·
3423 3081 3532 3135 τῶν
3561 3080 3715 3149 Μαρ-

2129 3181 2309 3254 τῦρων
2337 3183 2368 3235 6
2397 3180 2696 3250 φογτισμδς,
2733 3179 2832 3232 καὶ
2855 3176 3074 3231 πάντων
3097 3174 3298 3244 Ἀγίων
3330 3174 3600 3244 ἁγιασμὸς
3626 3173 3720 3225 καὶ

441 3283 533 3325 res
579 3268 693 3324 Deo
741 3243 939 3343 digna.
981 3285 1296 3341 nomenque
1348 3285 1576 3341 prorsus
1622 3243 2023 3336 desiderabile;

2133 3243 2474 3344 άγλαῖσμός·
2648 3270 2892 3339 ἁξιόθεον
2940 3270 3208 3340 πρᾶγμα,
3267 3267 3329 3321 τὸ
3363 3265 3724 3336 ἀξιοπόθητον

439 3359 606 3430 digne
629 3358 930 3431 divineque
956 3375 1059 3431 pro
1089 3359 1332 3416 nominis
1356 3360 1570 3415 ratione
1595 3360 2028 3416 Bartbolomaans

439 3461 823 3523 nuncupatus;
867 3468 1000 3509 vere
1027 3451 1172 3522 ﬂius
1199 3452 1524 3524 suspendens
1553 3468 1725 3523 aquas
1748 3468 1769 3507 :
1794 3450 1850 3508 id
1877 3451 2027 3508 enim

444 3557 645 3599 nomen
670 3551 858 3612 sonat,
882 3543 929 3600 si
960 3544 1086 3616 quis
1112 3543 1535 3616 interpretetur.

516 3658 676 3715 Salve
705 3674 769 3715 ac
797 3659 996 3728 gaude,
1021 3659 1168 3730 quod
1201 3667 1259 3715 et
1288 3659 1405 3732 ipse
1431 3659 1530 3716 Dei
1557 3658 1864 3716 imitatione
1887 3659 2030 3717 sicut

443 3752 541 3805 nni
558 3752 730 3808 Filius
744 3753 914 3808 verbo
928 3768 1100 3824 aquas
1129 3752 1398 3808 sublimes
1423 3769 1554 3810 acre
1581 3753 2032 3821 librat°",levat-

445 3863 553 3914 que
587 3863 618 3901 e
656 3856 832 3913 terra,
860 3847 1066 3917 quibus
1098 3847 1265 3903 etiam
1302 3848 1456 3918 iuxta
1496 3846 1870 3920 Seripturam,
1905 3851 2036 3920 tegit

444 3937 718 3993 εωηαειιία
736 3940 852 4010 ejus
871 3940 888 3971 ¹
919 3955 940 3994 :
964 3939 1044 3994 sic
1058 3955 1277 4012 quoque
1295 3949 1378 4002 tu.
1401 3956 1575 4011 aquas
1597 3941 1798 3997 multas
1827 3942 2034 4013 (humi-

445 4031 528 4085 les
559 4029 772 4086 scilicet
804 4031 1019 4088 animos
1057 4041 1150 4088 tua
1192 4049 1359 4104 opera
1400 4033 1745 4089 credentium
1787 4034 2030 4106 Christo.)

445 4121 835 4192 pradicatione
875 4132 970 4178 tua
1014 4124 1290 4190 sustollis;
1334 4124 1812 4197 spiritalioresque
1850 4143 1880 4182 a
1917 4137 2032 4183 ter-

447 4231 585 4272 reno
618 4216 842 4288 penitus
871 4232 1039 4272 sensu
1069 4217 1436 4289 suSpendens,
1465 4235 1532 4276 ac
1561 4218 1614 4274 in
1647 4221 1819 4276 Deum
1855 4221 2035 4291 perte-

447 4309 592 4365 ctius
621 4310 876 4377 elevans,
901 4310 958 4366 in
996 4310 1110 4367 illis
1140 4311 1236 4382 qui
1270 4311 1498 4366 secundi
1533 4312 1747 4368 ordinis
1777 4323 1934 4376 sunt,
1969 4331 2033 4370 ac

445 4405 861 4460 cmnaculorum
901 4405 1178 4462 rationem
1221 4406 1458 4470 habent,
1525 4409 1743 4466 animos
1784 4407 2030 4464 ﬁdelium

445 4497 607 4570 tegis.

515 4698 678 4757 Salve
719 4699 817 4767 sis,
843 4699 1024 4767 beate,
1051 4700 1253 4774 inclyte
1292 4716 1362 4759 ac
1395 4701 1606 4769 divine,
1636 4705 1730 4774 qui
1771 4722 2031 4778 magnum

444 4806 503 4850 et
525 4794 776 4866 parvum,
796 4798 1030 4858 multum
1060 4810 1115 4853 et
1139 4812 1376 4869 paucum
1407 4800 1649 4856 salutare
1675 4801 2029 4877 Evangelium

445 4887 759 4960 pradicasti
805 4903 874 4946 ac
916 4887 1157 4947 docuisti
1205 4905 1223 4945 :
1269 4905 1530 4964 magnum
1576 4893 1835 4963 quidem.
1881 4894 2030 4967 quod

446 4998 668 5038 omnem
708 4983 911 5042 mentis
947 4985 1159 5040 ratione
1193 4984 1402 5041 utentis
1434 4993 1601 5057 atque
1638 4987 1840 5045 indolis
1874 5004 2028 5047 com-

446 5078 876 5151 prehensionem
899 5079 1161 5146 excedat;
1187 5095 1417 5150 parvum
1446 5096 1598 5146 vero,
1620 5080 1690 5136 ob
1719 5081 2033 5137 inclinatio-

448 5189 578 5228 nem
609 5180 775 5242 atque
805 5171 872 5228 ad
909 5172 1217 5245 terrigenas
1245 5173 1634 5230 demissionem
1655 5217 1671 5241 ,
1699 5190 1763 5229 ac
1795 5190 1919 5230 eum
1949 5174 2033 5230 eis

447 5266 868 5322 similitudinem
890 5311 904 5332 ,
935 5267 1057 5338 eius
1093 5268 1188 5338 qui
1231 5267 1386 5323 cretis
1426 5267 1627 5323 celsior
1663 5266 1896 5323 exsistit.
1933 5267 2030 5325 Vel

446 5375 707 5431 magnum
738 5359 986 5430 quidem,
1021 5359 1094 5416 ob
1124 5359 1354 5415 Deitatis
1385 5359 1755 5430 maiestatem;
1799 5376 2030 5430 parvum

446 5461 654 5517 autem,
685 5454 757 5508 ob
797 5460 1100 5514 extremam
1142 5453 1400 5509 humanae
1441 5464 1652 5510 natura:
1680 5453 1980 5510 exilitatem
2017 5473 2028 5508 :

447 5564 684 5620 quorum
715 5564 857 5603 nova
889 5547 1074 5603 mistio
1098 5556 1156 5603 et
1187 5548 1507 5614 concretio,
1540 5547 1820 5619 Evangelii
1865 5557 2034 5620 caput

448 5655 773 5710 summaque
794 5649 900 5697 est.
921 5639 998 5696 Ae
1021 5642 1252 5696 multum
1273 5641 1523 5712 quidem,
1547 5641 1692 5712 quod
1718 5643 1946 5696 multam
1973 5642 2028 5698 in

451 5749 511 5790 se
538 5750 603 5789 ac
630 5734 954 5790 immensam
985 5733 1359 5806 intelligentiae
1388 5751 1450 5789 ne
1477 5732 1758 5805 sapientiae
1783 5734 2026 5792 abditam

523 5913 569 5947 "
591 5915 764 5980 Apoc.
786 5930 878 5981 xu,
906 5916 954 5971 l.
1033 5915 1098 5948 ’θ’
1121 5914 1227 5973 Job
1276 5933 1423 5986 ium,
1451 5917 1500 5974 8.
1564 5919 1576 5950 '
1610 5917 1756 5975 Psal.
1781 5933 1897 5987 cm,
1917 5918 1972 5972 5.

2129 3368 2337 3438 ὄνομα·
2371 3367 2400 3420 6
2448 3365 2758 3435 ἀξιὼνυμος
2809 3362 2908 3418 καὶ
2956 3360 3237 3430 θεὼνυμος
3279 3360 3675 3432 Βαρθολομαῖος
3697 3373 3716 3390 ο

2146 3463 2208 3515 '0
2233 3460 2470 3529 ἀληθῶς
2489 3461 2680 3515 ὕδατα
2709 3456 3012 3529 κρεμάσας
3037 3456 3201 3525 υἱόςο
3222 3453 3383 3509 τοῦτο
3408 3453 3519 3526 γὰρ
3545 3453 3580 3525 ἡ
3619 3469 3718 3522 an.

2134 3555 2308 3628 μασία
2339 3555 2435 3610 τοῦ
2461 3555 2750 3624 ὀνόματοςρ

2203 3672 2400 3738 Χαῖρε,
2427 3669 2510 3722 ὃτι
2549 3666 2905 3739 θεομιμήτιος
2930 3665 3024 3718 καὶ
3051 3663 3234 3727 αὗτδς,
3272 3660 3528 3733 καθάπερ
3555 3662 3585 3714 6
3625 3659 3726 3714 τοῦ

2130 3762 2268 3818 Θεοῦ
2303 3762 2455 3825 Υἱὸς,
2505 3760 2652 3831 λόγῳ
2679 3761 2748 3813 τά
2779 3759 2946 3813 ὕδατα
2995 3757 3211 3825 διαέρια
3246 3753 3565 3827 μετειορίζει
3622 3753 3719 3807 καὶ

2134 3855 2379 3924 κουφίζει
2409 3853 2508 3923 τῆς
2537 3853 2660 3922 γῆς.
2689 3846 2779 3918 οἷς
2806 3849 2904 3904 καί
2942 3849 3016 3903 τὰ
3057 3845 3302 3917 ὑπερῷα
3325 3845 3531 3907 αὐτοῦ,
3568 3844 3717 3897 κατὰ

2133 3950 2232 4020 τὴν
2260 3947 2435 4020 ἱερὰν,
2459 3945 2747 4015 στεγάζὲι,
2777 3944 3020 4016 Γραφήν’
3050 3943 3194 3996 οὕτω
3220 3940 3314 3995 καὶ
3343 3937 3509 4000 αὐτὸς
3543 3934 3715 3990 ῦδατα

2133 4041 2326 4106 πολλὰ,
2351 4041 2453 4104 τὰς
2482 4040 2788 4112 χαμερπεῖς
2816 4035 3054 4099 διανοίας
3095 4035 3204 4089 τῶν
3251 4033 3339 4088 διὰ
3373 4030 3465 4085 σοῦ
3494 4029 3725 4103 Χριστῷ

2133 4135 2526 4201 πιστευόντων,
2551 4132 2631 4202 τῷ
2679 4131 2999 4201 Εὐαγγελίῳ
3045 4146 3140 4182 σου
3174 4124 3524 4199 μετεωρίζεις
3551 4139 3564 4154 ’
3623 4125 3713 4177 καὶ

2132 4230 2227 4285 τοῦ
2255 4230 2442 4300 γηῖνου
2466 4227 2810 4298 φρονήματος
2831 4226 2958 4286 τοὺς
2976 4221 3521 4292 πνευματικωτέρους
3549 4233 3714 4272 παντ-

2133 4325 2306 4377 άπασι
2357 4321 2662 4393 κρεμάσας,
2699 4318 2796 4374 καὶ
2842 4316 3169 4388 τελεώτερον
3219 4315 3431 4385 ἐπάρας
3463 4313 3598 4384 πρὸς
3629 4311 3718 4364 τὸν

2133 4417 2290 4479 Θεὸν,
2329 4416 2388 4470 ὲν
2438 4412 2621 4477 αῢτοῖς
2666 4413 2764 4477 τὰς
2804 4412 3066 4484 δευτέρας
3118 4408 3328 4476 τάξεως
3383 4405 3586 4472 οῦσας,
3627 4405 3718 4460 καὶ

2135 4509 2403 4580 ὑπερῴων
2429 4507 2588 4577 λόγον
2622 4505 2948 4576 ἐπεχούσας,
3003 4501 3114 4557 τῶν
3162 4499 3372 4555 πιστῶν
3426 4499 3722 4566 σκεπάζεις

2062 4600 2108 4656 D
2136 4600 2337 4672 ψυχάς.

2208 4715 2404 4786 Χαῖρε,
2437 4712 2646 4786 μάκαρ,
2677 4711 2892 4781 ἀοίδιμε
2921 4709 3016 4763 καὶ
3039 4707 3296 4763 θεσπέσιε
3319 4723 3336 4739 ο
3367 4708 3398 4763 6
3435 4707 3583 4779 μέγα
3627 4705 3722 4760 καὶ

2136 4807 2353 4878 μικρὸν,
2412 4805 2549 4860 πολὺ
2606 4805 2698 4858 καὶ
2728 4804 2910 4874 ὀλίγον
2960 4804 3023 4858 τὸ
3062 4803 3333 4872 σωτήριον
3383 4801 3717 4870 θεολογήσας

2131 4901 2482 4972 Εὑαγγέλιον.
2518 4900 2676 4966 Μέγα
2707 4901 2827 4969 μὲν,
2883 4898 2961 4968 τῷ
3009 4899 3192 4970 πάσης
3223 4895 3449 4965 λογικῆς
3475 4893 3719 4957 διανοίας

2132 4997 2227 5050 καὶ
2275 4995 2491 5066 φύσεως
2520 4990 3062 5065 ὕπεραναϐεσηκέναι
3106 4991 3205 5062 τὴν
3237 4988 3577 5058 κατάληψιν
3617 5003 3711 5056 μι-

2131 5089 2263 5160 κρὸν
2297 5089 2375 5145 δὲ.
2414 5087 2500 5141 διὰ
2545 5087 2642 5158 τὴν
2687 5084 3094 5156 συγκατάῦασιν
3143 5083 3238 5138 καὶ
3269 5084 3368 5151 τὴν
3423 5080 3558 5152 πρὸς
3583 5079 3712 5141 τοὺς

2134 5186 2385 5254 γηγενεῖς
2413 5181 2511 5236 τοῦ
2537 5168 2932 5252 ὑπερουρανίου
2956 5179 3320 5250 ταπεινότητα
3348 5175 3441 5230 καὶ
3459 5171 3713 5244 ὁμοιότη-

2131 5293 2221 5330 τα.
2262 5275 2355 5336 Ἦ,
2395 5274 2536 5343 μέγα
2579 5273 2696 5343 μὲν,
2727 5270 2816 5325 διὰ
2853 5269 2915 5325 τὸ
2938 5272 3039 5341 τῆς
3067 5269 3321 5342 θεότητος
3364 5263 3711 5340 μεγαλοπρε-

2133 5368 2270 5432 πές·
2306 5367 2500 5438 μικρὸν
2545 5365 2623 5428 δὲ,
2655 5364 2741 5417 διὰ
2775 5363 2834 5417 τὸ
2868 5365 3242 5436 μικροπρεπὲς
3294 5365 3394 5434 τῆς
3441 5359 3718 5432 ἀνθρωπί-

2132 5481 2227 5532 νης
2259 5461 2518 5531 ἐσχατιᾶς
2539 5501 2553 5522 ,
2586 5451 2663 5512 ὧν
2703 5460 2735 5527 ἠ
2765 5458 2927 5530 καινὴ
2971 5457 3117 5528 μίξις
3145 5458 3237 5509 καὶ
3267 5457 3488 5525 κρᾶσις,
3519 5453 3582 5507 τδ
3619 5471 3717 5506 κε-

2133 5555 2359 5624 φάλαιον
2383 5553 2475 5607 τοῦ
2514 5551 2847 5620 Εὖαγγελίου
2880 5550 3247 5623 χρηματίζει·
3281 5549 3376 5604 καὶ
3403 5548 3540 5604 πολὺ
3591 5548 3715 5617 μὲν,

2131 5647 2210 5717 τῷ
2238 5647 2403 5701 πολὺν
2435 5647 2492 5698 ἐν
2517 5642 2697 5714 ἑαυτῷ
2747 5644 2840 5698 καὶ
2878 5642 3198 5714 ἀμέτρητον
3245 5641 3396 5711 ἔχειν
3444 5639 3718 5701 συνέσεως

2134 5739 2228 5794 καὶ
2254 5720 2447 5809 σοφίας
2478 5737 2537 5791 ὲν
2581 5737 2912 5807 ἀπορρήτοις
2964 5733 3124 5805 βυθόν
3147 5749 3162 5766 ο
3200 5731 3383 5804 ὀλίγον
3426 5731 3487 5788 δι
3528 5728 3717 5795 πάλιν,
