4156 6282
280 390 392 460 225

1045 388 1327 450 ORATIO
1362 388 1559 450 XL—
1590 385 1673 447 IN
1715 383 2033 475 LAUDEM
2073 384 2129 445 S.
2174 382 2544 446 ΜΑΤΤΗΕΙ
2584 385 2843 448 APOST.

3480 392 3592 459 296

282 511 453 565 πᾶσιν
498 506 731 577 ὁμοίως,
760 479 859 559 καὶ
911 504 1246 567 κατάστασις
1279 505 1372 557 καὶ
1419 500 1664 555 πολιτεία
1696 503 1729 571 ή
1755 499 1892 571 αὕτη

2008 507 2102 561 3st,
2136 497 2389 569 ratioque
2425 513 2490 553 ac
2522 500 2649 554 vita:
2674 502 2759 554 lex
2788 498 2984 555 eadem
3005 501 3308 571 omnibus;
3345 516 3598 563 cunctis-

277 601 633 658 διατέτακται
662 598 763 667 τὴν
796 596 1000 667 ἀρχὴν.

360 781 486 848 Ἀφ’
517 770 580 833 οὗ
606 777 665 831 δὲ
690 772 957 846 λογισμὸς
972 773 1273 847 ἀγέρωχος,
1305 773 1401 827 καὶ
1424 773 1530 827 τῶν
1558 773 1699 848 ὑπὲρ
1728 772 1891 843 φύσιν

284 872 574 941 ἀλόγιστος
615 866 913 936 ἐπιθυμία,
971 865 1066 919 καὶ
1090 864 1270 933 base);
1304 866 1403 935 μὶν
1424 863 1712 927 ἐπίϐουλος
1752 881 1892 934 συμο

290 966 479 1039 ϐουλὴ,
514 965 739 1035 ἐντολῆς
772 962 829 1016 δὲ
870 962 1036 1028 ἁγίας
1067 960 1326 1029 ἀθέτησις
1364 962 1462 1016 καὶ
1500 962 1759 1035 παρακοὴ
1789 962 1892 1033 τῆς

294 1057 506 1129 φύσεως
562 1052 1009 1124 καταδραμόντα,
1064 1051 1317 1120 διέστησε
1370 1052 1469 1122 μὲν
1528 1053 1626 1107 καὶ
1672 1054 1891 1123 μακρὰν

296 1146 431 1206 ὦσεν
446 1146 612 1210 Θεοῦ,
638 1144 719 1217 τῷ
750 1144 1012 1217 βασκάνῳ
1050 1144 1105 1196 δὲ
1142 1143 1505 1214 προσεγγίσαι
1545 1142 1894 1215 παρεσκεύα-

298 1263 408 1307 σεν,
438 1241 691 1296 ἐντεῦθεν
714 1241 775 1293 τὸ
804 1236 1070 1307 συγγενὲς
1094 1237 1189 1290 καὶ
1212 1236 1484 1305 ὁμόφυλον
1507 1236 1588 1299 είς
1615 1236 1893 1305 ἀλλοτριό-

295 1356 429 1410 τητα
456 1334 689 1405 γνώμης
727 1334 822 1386 καὶ
850 1330 969 1401 βίον
992 1327 1367 1401 κατεμερίσθη
1390 1328 1590 1400 τομήν.
1608 1327 1890 1385 Ἐντεῦθεν

296 1431 353 1485 σὺ
380 1425 731 1491 δυναστεύον,
752 1422 850 1477 καὶ
879 1424 941 1475 τὸ
962 1422 1426 1491 δυναστευόμενον
1449 1436 1465 1452 ο
1489 1421 1551 1476 τὸ
1567 1422 1888 1493 τυραννοῦν,

295 1524 387 1579 καὶ
441 1521 505 1574 τδ
535 1520 981 1591 τυραννούμενον
1004 1533 1018 1548 ⁸
1049 1516 1145 1568 καὶ
1169 1514 1231 1567 τὺ
1263 1513 1362 1585 μὲν
1382 1514 1637 1569 ἀπαιτεῖν
1664 1514 1887 1587 φόρους,

294 1616 417 1671 τὸδ’
441 1611 825 1669 ἀπαιτεῖσθαιο
856 1610 955 1663 καὶ
984 1608 1045 1661 τὸ
1088 1609 1185 1677 μὲν
1212 1606 1523 1678 ὐπερῆρθαι
1554 1606 1767 1679 θράσει,
1795 1609 1891 1663 καὶ

295 1710 400 1764 τῶν
430 1705 722 1779 ὁμοτίμων
762 1702 842 1767 ὡς
899 1698 1105 1755 δούλων
1160 1696 1687 1764 κατεξανίστασθαι.
1725 1698 1786 1753 τὸ
1832 1700 1891 1754 δὲ

295 1802 711 1872 καταπτήσσειν
737 1796 839 1869 τὴν
865 1794 1183 1867 τυραννίδα,
1222 1794 1316 1849 καὶ
1337 1793 1412 1856 ὡς
1438 1792 1810 1865 ἀπαραίτητον
1826 1794 1891 1847 τὸ

295 1896 510 1966 ἐτήσιον
541 1890 722 1955 τέλος,
754 1887 852 1941 καὶ⁵
880 1886 979 1958 τὴν
1001 1884 1245 1939 δουλείαν
1268 1884 1613 1940 ἀποτιννύειν
1630 1885 1706 1947 ὠς
1738 1886 1893 1955 ὀφει-

294 1988 415 2061 λην.

379 2163 608 2238 ταύτης
628 2164 717 2218 ἀεὶ
739 2164 1051 2234 πράκτορες
1088 2162 1187 2228 τῆς
1216 2161 1398 2230 κακῆς
1437 2162 1815 2233 ἐπιτιμήσεως
1844 2162 1895 2216 οί

320 2254 660 2327 θερμότεροι
695 2253 789 2324 μὶν
811 2253 901 2323 τὴν
932 2251 1100 2321 φύσιν
1146 2254 1246 2305 καὶ
1276 2251 1523 2321 ὀξύτεροι
1543 2267 1561 2283 ο
1592 2250 1893 2317 τουτέστιν,

334 2347 590 2401 συνιέναι
605 2344 700 2398 καὶ
715 2343 1007 2412 λογίσασθαι
1031 2345 1133 2417 τὴν
1152 2346 1527 2423 δασμοφορίαν
1547 2344 1892 2398 ἱκανώτατον

336 2437 805 2511 ἁσυμπαθέστεροι
825 2437 879 2492 δὲ
907 2438 1149 2503 πάντων,
1180 2441 1275 2494 καὶ
1300 2439 1401 2510 την
1435 2436 1665 2510 γνώμην
1690 2437 1898 2491 ἐπίπαν

341 2530 687 2604 ίταμὼίηροι,
718 2529 849 2585 ὥστε
877 2530 1072 2603 μηδενὶ⁸
1124 2531 1235 2585 τῶν
1262 2530 1587 2600 ὀφειλόντων
1640 2546 1901 2601 παραχω-

334 2626 449 2696 ρεῖν
477 2624 621 2696 ἔχειν
668 2626 852 2698 μηδέν.
911 2624 1133 2695 Ταύτης
1183 2624 1466 2689 Ματθαῖος
1500 2624 1773 2696 ἐπήϐολος
1798 2624 1900 2695 τῆς

322 2718 597 2783 πολιτείας
650 2720 917 2793 πρότερον
963 2714 1053 2791 ἦν.
1110 2717 1315 2772 Τούτου
1374 2716 1516 2790 βίου,
1552 2717 1649 2772 ατε
1682 2716 1901 2786 φύσεως

314 2811 563 2884 ἀγχινοίᾳ
586 2812 683 2867 καὶ
698 2812 818 2877 νοὸς
835 2811 1123 2885 ἐντρεχεία
1152 2809 1605 2882 κατευμεγεθῶν,
1627 2811 1729 2881 τὴν
1758 2810 1904 2884 πρώ-

304 2922 407 2983 την
436 2908 498 2963 ἐν
525 2904 794 2971 τελώναις
813 2907 1003 2976 ἐπεῖχε
1030 2904 1203 2971 τάξιν.
1550 2906 1563 2909 ’

357 3089 611 3161 ’Ἐπειδὴ
660 3087 848 3142 τοίνυν
894 3087 964 3142 δι’
1004 3086 1169 3141 αὑτοῦ
1194 3086 1461 3159 παράγων
1514 3083 1543 3138 ὀ
1576 3083 1802 3157 Κύριος,
1826 3085 1905 3155 τῷ

307 3184 407 3257 τῆς
438 3184 675 3256 καρδίας
706 3183 862 3254 βάθει
894 3181 1285 3253 προσέϐλεψεν,
1319 3182 1416 3235 καὶ
1464 3180 1773 3251 κεκρύφθαι
1803 3179 1907 3251 μιν
1932 3212 1977 3273 c

311 3283 371 3334 ἑν
403 3278 556 3349 αὐτῷ
584 3278 685 3346 τῆς
716 3274 921 3347 ἀρετῆς
947 3274 1245 3344 θησαυρὸν,
1274 3271 1477 3339 ἔξωθεν
1508 3271 1567 3327 δὲ
1594 3270 1740 3326 κατὰ
1766 3269 1909 3341 σύμ-

300 3356 473 3429 ϐασιν
524 3374 595 3444 τῇ
651 3369 889 3443 πονηρίᾳ
941 3365 1268 3438 διοχλεῐσθαι
1298 3370 1368 3439 τῇ
1418 3368 1693 3439 κοσμικῇ’
1723 3365 1820 3420 καὶ
1846 3365 1908 3419 τὺ

314 3467 436 3536 μὲν,
468 3462 723 3518 ἑκούσιον
750 3457 895 3516 εἶναι
941 3461 1035 3515 καὶ
1085 3460 1329 3531 Ξμφυτον
1357 3458 1562 3528 ἀγαθόν
1582 3476 1599 3489 ·
1635 3457 1696 3512 τὸ
1722 3455 1783 3512 δὲ
1812 3457 1909 3511 τύ-

310 3576 416 3629 χης
451 3557 726 3628 ἐπήρειαν
755 3555 979 3627 μᾶλλον,
1011 3554 1044 3626 ἢ
1092 3550 1322 3624 γνώμης
1350 3552 1706 3625 ἐκουσιύτητα
1741 3567 1911 3606 κατα-

315 3653 605 3723 νενόηκεν,
630 3649 789 3704 καλεῐ
820 3649 918 3721 μὲν
951 3647 1139 3715 αὐτὸν,
1162 3645 1541 3716 ἐντελλόμενος
1570 3642 1910 3699 ἁκολουθείνο

312 3745 341 3798 ι
374 3743 437 3799 δι
496 3742 779 3807 ἀναστὰς,
839 3741 1002 3805 εὐθὺς
1059 3735 1487 3810 ἰπηκολούθησε.
1544 3738 1620 3793 Οὐ
1679 3736 1910 3811 μακρῶν

310 3836 505 3905 {unde
534 3833 715 3901 λόγων
762 3830 841 3903 τῷ
886 3828 1101 3901 Κυρίῳ,
1153 3828 1220 3883 οὐ
1254 3826 1448 3897 χρόνου
1480 3824 1696 3897 τριθῆς.
1724 3826 1787 3880 ού
1821 3840 1911 3879 τε·

311 3927 591 3999 λειοτέρας
622 3924 946 3989 συνουσίας·
975 3923 1093 3978 ἀλλ’
1137 3920 1263 3976 οὒτε
1289 3920 1568 3989 θεολογίας
1592 3919 1812 3991 συχνῆς,
1844 3918 1907 3973 οὗ

322 4019 661 4093 συμβουλίας
689 4016 947 4088 πιθανῆς,
998 4014 1125 4070 οὔτε
1154 4014 1211 4069 δὲ
1244 4013 1540 4085 θαυμάτων
1570 4013 1907 4079 ἐπιδείξεως,

322 4110 456 4166 ὥστε
481 4113 583 4166 τὸν
619 4108 991 4181 ἀρχιτελὼνην
1022 4107 1123 4179 τῆς
1154 4106 1277 4160 κατ’
1329 4108 1495 4164 αὐτὸν
1546 4104 1909 4176 ἁφαρπᾶισθαι

317 4205 537 4277 σχολῆς,
578 4200 798 4275 παριὼν
818 4200 898 4267 δὲ,
926 4201 1023 4255 καὶ
1056 4202 1156 4273 μιᾷ
1192 4200 1329 4276 μόνῃ
1379 4201 1637 4264 καλέσας,
1667 4199 1912 4254 ἐπεσπά-

321 4314 453 4352 σατο
506 4299 704 4368 φωνῇ’
750 4295 1097 4351 ’.ἀκολούθει
1123 4312 1248 4365 μοι.
1294 4295 1357 4349 '0
1388 4295 1446 4350 δὲ
1485 4295 1587 4350 οὐκ
1639 4294 1907 4364 ἀπήρεισε

336 4390 465 4457 πρδς
506 4390 580 4444 τὰ
628 4388 889 4461 χρήματα
939 4391 1033 4442 τὸν
1064 4388 1357 4458 λογισμόν·
1397 4386 1460 4441 οὐ
1516 4388 1616 4459 τὴν
1651 4387 1761 4442 ἀπὸ
1814 4386 1909 4441 τοῦ

344 4479 559 4547 κέρδους
584 4482 868 4554 ἐνενόησεν
921 4482 1118 4554 ἡδονήν
1140 4499 1156 4514 °
1191 4482 1251 4536 οὐ
1306 4482 1445 4554 πρὸς
1474 4482 1571 4555 τὴν
1604 4482 1763 4548 δόξαν
1800 4481 1911 4534 τῶν

1995 603 2104 661 quc
2134 590 2496 661 similiterque
2514 590 2767 657 libertas,
2800 602 2977 649 status
2999 605 3057 649 et
3080 596 3207 651 vita:
3234 598 3377 654 ratio
3399 599 3594 656 eadem

1995 684 2237 755 primum
2266 686 2565 741 constituta
2608 684 2733 742 l‘uit.

2067 776 2147 832 Ex
2173 792 2286 848 quo
2336 786 2521 833 autem
2574 778 2809 849 superba
2853 780 3015 845 ratio,
3067 795 3364 852 rerumque
3394 790 3594 839 natura

1996 869 2349 939 superiorum
2386 870 2697 927 inconsulta
2731 872 3041 942 cupiditas;
3065 888 3131 929 ac
3164 876 3443 945 serpentis
3468 878 3594 947 qui-

1996 962 2121 1017 dem
2158 962 2487 1018 insidiosum
2515 964 2836 1032 consilium,
2863 965 3151 1037 sanctique
3172 968 3414 1023 mandati
3437 984 3595 1039 spre-

1996 1056 2096 1119 tio,
2146 1062 2203 1109 et
2254 1055 2632 1124 inobedieutia
2687 1066 2902 1112 natura:
2954 1058 3301 1129 ingruentia,
3357 1059 3591 1117 divisam

1994 1146 2143 1202 illam
2162 1149 2357 1217 procul
2379 1164 2409 1202 a
2430 1149 2541 1203 Deo
2566 1148 2924 1220 depulerunt,
2955 1160 3123 1222 atque
3160 1152 3351 1208 invido
3370 1153 3594 1225 adjungi

1993 1241 2373 1312 praestiterunt
2400 1258 2415 1308 ;
2442 1241 2572 1297 inde
2600 1245 2715 1313 jam
2746 1244 2965 1313 cognati
2995 1259 3060 1299 ac
3091 1245 3341 1312 tribules,
3374 1246 3429 1302 in
3458 1246 3595 1302 alie-

1992 1349 2095 1389 nas
2124 1334 2285 1389 scissi
2340 1334 2652 1390 voluntates
2681 1345 2813 1391 sunt
2844 1350 2911 1390 ac
2943 1336 3069 1391 vitae
3116 1338 3321 1392 studia.
3353 1339 3484 1395 Inde
3516 1339 3597 1396 fa-

1992 1434 2143 1481 ctum
2167 1436 2229 1482 ut
2274 1428 2368 1482 alii
2411 1428 2791 1495 dominemur,
2858 1430 2950 1485 alii
3010 1430 3261 1487 dominio
3293 1416 3603 1503 subjiciau-l

1993 1523 2117 1581 tur;
2165 1516 2260 1573 alii
2326 1519 2622 1593 tyrannide
2683 1530 2898 1591 regant,
2949 1521 3043 1577 alii
3085 1532 3390 1593 regantur:
3429 1531 3596 1594 atque

1992 1609 2083 1666 alii
2140 1611 2366 1681 quidem
2418 1611 2625 1667 tributa
2679 1614 2921 1685 exigant,
2977 1614 3048 1669 ab
3083 1614 3206 1671 aliis
3269 1623 3454 1670 autem
3478 1618 3599 1672 exi-

1990 1712 2222 1775 gantur:
2275 1703 2368 1760 alii
2444 1706 2674 1762 audacia
2727 1707 3035 1764 efferantur
3081 1714 3137 1763 et
3185 1708 3464 1763 adversus
3498 1724 3599 1765 eos

1992 1796 2086 1866 qui
2146 1797 2261 1868 pari
2313 1798 2528 1855 honore
2568 1808 2700 1854 sunt
2754 1800 2914 1871 quasi
2967 1798 3237 1856 adversus
3285 1815 3478 1855 servos
3510 1801 3598 1855 in-

1997 1898 2250 1957 surgant;
2282 1889 2373 1944 alii
2402 1890 2710 1961 tyrannidis
2742 1901 2895 1945 metu
2934 1898 3190 1960 paveant,
3229 1904 3294 1945 ac
3331 1899 3594 1961 tanquam

1998 1982 2410 2053 indeprecabilc
2439 2024 2453 2048 ,
2490 1984 2761 2038 tributum
2817 1996 3061 2037 annuum
3084 1982 3305 2037 solvant
3332 1985 3594 2055 velutquo

1999 2075 2273 2141 debitum,
2309 2077 2632 2131 servitutem
2666 2075 2929 2146 pendant.

2072 2167 2247 2239 Hujus
2275 2182 2493 2238 semper
2517 2169 2673 2223 malae
2700 2169 2981 2225 auctionis
3019 2184 3333 2241 censusque
3362 2179 3598 2241 questo.

2004 2276 2113 2322 res,
2142 2259 2238 2331 qui
2262 2258 2550 2315 calentiori
2587 2275 2652 2315 ac
2676 2260 2875 2315 acriOri
2905 2260 3128 2332 ingenio
3154 2270 3284 2316 sunt
3308 2279 3325 2329 ;
3362 2262 3594 2325 hoc‘est,

2002 2350 2383 2408 callentissimi
2420 2352 2762 2408 tributorum
2799 2352 3246 2417 ratiocinatores,
3279 2353 3449 2424 inque
3479 2369 3595 2410 rem

2002 2444 2241 2523 maxime
2273 2443 2483 2501 idonei.
2510 2444 2576 2501 Hi
2606 2460 2742 2501 vero
2765 2446 3013 2500 omnium
3040 2443 3509 2510 inclementiores,
3539 2455 3601 2504 et
3662 2470 3665 2471 ν

2002 2538 2098 2609 qui
2128 2537 2281 2593 nulla
2310 2538 2664 2595 miseratione
2685 2548 3053 2607 moveantur;
3082 2538 3287 2610 ubique
3314 2539 3599 2609 procacio-

2005 2646 2095 2687 res
2126 2630 2434 2701 majorique
2452 2631 2830 2701 improbitate,
2859 2641 2918 2686 ut
2948 2632 3086 2687 nihil
3109 2631 3410 2704 quidquam
3444 2630 3603 2686 debi-

2008 2731 2160 2779 tores
2189 2722 2395 2780 babere
2416 2723 2619 2779 sinant.
2649 2725 2831 2795 Hujus
2861 2725 3150 2781 Mattbzcus
3180 2725 3336 2795 prius
3371 2739 3600 2794 compos

2008 2814 2315 2888 disciplinac
2342 2824 2485 2870 erat.
2511 2816 2688 2885 Hujus
2711 2816 2982 2881 instituti,
3012 2827 3274 2887 tanquam
3295 2815 3488 2870 solerti
3514 2815 3602 2869 vir

2010 2906 2232 2978 ingenio
2255 2907 2569 2976 mentisque
2602 2905 2843 2976 agilitate
2873 2906 3223 2976 praepollens,
3251 2906 3396 2961 inter
3416 2904 3603 2977 publi-

2010 3011 2182 3053 canos
2212 2996 2523 3068 principem
2554 2996 2735 3051 locum
2776 2996 3085 3051 obtinebat.

2079 3088 2238 3158 Quod
2282 3089 2453 3161 igitur
2495 3104 2594 3160 per
2632 3106 2759 3145 eum
2806 3089 3084 3146 transiens
3123 3089 3412 3153 Dominus,
3448 3088 3601 3143 illius

2012 3183 2183 3238 animi
2223 3180 2340 3237 imo
2384 3183 2636 3253 inspecto
2679 3183 2834 3247 sinu,
2866 3182 3131 3237 latentem
3177 3182 3231 3235 in
3270 3196 3338 3236 eo
3377 3181 3601 3235 virtutis

2017 3277 2339 3331 thesaurum
2390 3274 2865 3344 deprehenderat,
2910 3275 3018 3330 etsi
3071 3282 3189 3329 tum
3238 3272 3487 3329 exterius
3532 3289 3604 3329 ex

2012 3368 2287 3425 accidenti
2305 3411 2321 3435 ,
2347 3368 2532 3424 saeculi
2567 3368 2810 3438 pravitas
2840 3383 2906 3423 ac
2933 3368 3181 3437 nequitia
3211 3365 3554 3422 obtundebat
3582 3384 3599 3420 :

2013 3470 2183 3532 atque
2226 3461 2463 3518 alterum
2510 3459 2766 3531 quidem,
2806 3460 3015 3515 bonum
3061 3474 3184 3515 esse
3234 3468 3601 3530 spontaneum

2015 3562 2180 3622 atque
2204 3550 2488 3617 innatum;
2522 3550 2756 3605 alterum
2782 3564 2940 3615 vero,
2972 3547 3209 3604 fortuna:
3238 3546 3425 3619 potius
3452 3546 3603 3620 inju-

2014 3644 2174 3709 τίσω,
2196 3658 2363 3714 quam
2388 3650 2709 3713 spontanee
2734 3640 2938 3697 mentis
2960 3641 3293 3696 sententiam
3320 3637 3606 3695 intellexe-

2015 3746 2123 3801 rat,
2146 3750 2274 3792 eum
2299 3744 2461 3791 vocat
2492 3750 2556 3791 ac
2580 3734 2740 3806 jubet
2768 3735 2927 3806 sequi
2954 3751 2973 3789 :
3004 3736 3098 3805 qui
3125 3748 3382 3806 surgens,
3412 3731 3602 3788 statim

2015 3838 2241 3886 secutus
2276 3837 2382 3883 est.
2413 3828 2534 3885 Non
2581 3827 2760 3899 longis
2798 3825 3032 3884 Domino
3073 3841 3216 3897 opus
3252 3824 3606 3881 sermonibus

2015 3923 2142 3989 fuit,
2166 3938 2277 3977 non
2308 3921 2581 3991 temporis
2607 3935 2781 3987 mora,
2805 3936 2917 3975 non
2943 3919 3138 3992 majori
3168 3917 3601 3983 consuetudine;

2015 4024 2070 4071 at
2096 4030 2277 4086 neque
2305 4014 2501 4070 crebra
2530 4014 2849 4069 divinorum
2880 4013 3153 4078 doctrina,
3178 4026 3290 4067 non
3320 4009 3601 4083 probabili

2015 4107 2250 4165 consilio
2276 4116 2334 4163 et
2358 4106 2635 4173 suasione,
2662 4121 2773 4163 non
2802 4104 3201 4161 miraculorum
3232 4102 3602 4166 exhibitione.

2019 4210 2077 4256 ut
2104 4200 2409 4272 principem
2446 4199 2871 4271 publicanorum
2898 4216 2929 4254 ιι
2958 4213 3060 4254 suo
3089 4197 3184 4253 illo
3213 4196 3399 4253 studio
3443 4195 3605 4252 insti-

2018 4303 2247 4365 tutoque
2273 4294 2586 4366 abriperet;
2614 4293 2711 4349 sed
2745 4293 3043 4359 transiens,
3076 4307 3298 4363 unaque
3335 4290 3604 4346 duntaxat

2017 4386 2417 4442 commonitum
2457 4401 2593 4441 voce
2643 4401 2768 4441 eum
2823 4385 2989 4441 traxit
3026 4401 3043 4439 :
3087 4382 3319 4456 Sequere
3360 4400 3464 4438 me.
3506 4384 3604 4440 Ille

2018 4495 2211 4551 porro,
2247 4496 2359 4535 non
2387 4480 2637 4550 pecuniis
2669 4478 2907 4534 attendit
2933 4479 3214 4541 animum;
3244 4492 3355 4531 non
3387 4491 3509 4548 quae
3533 4491 3605 4533 ex

342 4571 766 4645 συγκαθημένων
818 4572 972 4645 αὐτῷ
1004 4574 1356 4646 διατραπεὶς,
1410 4574 1512 4647 τὴν
1559 4575 1753 4643 κλῆσιν
1801 4577 1907 4630 ἀπ-

2018 4573 2173 4628 lucro
2209 4581 2315 4635 est,
2352 4572 2690 4640 voluptatem
2730 4570 2995 4641 cogitavit
3034 4588 3048 4623 :
3092 4585 3201 4623 non
3240 4583 3435 4623 eorum
3476 4566 3600 4638 opi-

330 4665 606 4721 εσείσατο·
641 4664 781 4736 ὁμοῦ
816 4666 875 4720 δὲ
901 4670 969 4739 τῇ
1023 4670 1174 4738 φωνῇ
1207 4667 1301 4721 τοῦ
1344 4668 1730 4738 πεφωνηκότος
1756 4683 1914 4735 γεγο-

318 4759 427 4827 νὼς
460 4762 607 4827 ὅλος,
641 4761 738 4814 καὶ
788 4759 978 4830 ὥσπερ
1022 4760 1309 4832 ἀστραπῆς
1356 4761 1529 4832 ἀθρόᾳ
1568 4759 1913 4830 λαμπρότητι

311 4854 416 4927 τὴν
474 4853 709 4925 καρδίαν
755 4850 1202 4922 καταλαμφθείς’
1238 4854 1331 4905 καὶ
1368 4852 1475 4904 τῶν
1520 4854 1578 4905 ὲν
1624 4851 1780 4923 χερσὶ
1815 4850 1916 4921 μὲν

314 4947 628 5019 χρημάτων
657 4947 753 4999 καὶ
782 4946 1126 5016 πραγμάτων
1162 4945 1326 5007 εὐθὺς
1360 4944 1758 5014 ἀλλοτριωθεὶς,
1812 4943 1916 5013 τῆς

311 5041 474 5106 θείας
507 5039 567 5095 δὲ
619 5039 866 5111 κλήσεως
898 5038 966 5108 (ὣ
993 5040 1093 5110 τῆς
1124 5038 1358 5103 πίστεως
1378 5040 1418 5108 Ξ)
1446 5038 1721 5111 ἡττηθεὶς,
1745 5055 1915 5091 κατα-

313 5135 500 5190 λείπει
536 5134 644 5206 μὲν
659 5135 790 5198 τοὺς
816 5136 1268 5206 συμπράκτορας,
1300 5134 1616 5189 καταλείπει
1648 5134 1703 5187 δὲ
1732 5132 1793 5187 τὸ
1830 5150 1918 5185 τε·

321 5228 536 5294 λώνιον,
570 5229 669 5282 καὶ
697 5228 879 5282 πᾶσαν
912 5225 1011 5298 τὴν
1061 5227 1120 5279 ἐν
1150 5226 1299 5297 αὐτῷ
1329 5228 1712 5298 πραττομένην
1743 5226 1919 5296 ἀπορ-

332 5322 576 5390 ῥίπτεται
603 5320 928 5395 φορολογίαν
948 5335 965 5352 θ
1002 5319 1204 5393 χρυσοῦ
1235 5321 1294 5374 δὲ
1317 5321 1519 5384 παντὸς
1551 5321 1644 5374 καὶ
1670 5319 1917 5392 ἀργύρου

334 5412 413 5465 τὴν
465 5412 771 5484 πολύτιμον
834 5411 1159 5466 ἀντωνείται
1211 5410 1557 5484 μαργαρίτην
1590 5428 1605 5445 ⁸
1652 5412 1749 5464 καὶ
1808 5411 1919 5464 τῶν

341 5504 531 5570 γηίνων
551 5504 657 5573 τὴν
684 5503 944 5577 ἁρπαγὴν
967 5504 1146 5574 ἀφεὶς,
1164 5504 1262 5577 τὴν
1284 5504 1536 5576 οὐράνιον
1563 5503 1748 5576 τρέχει
1768 5505 1921 5575 διαρ-

338 5593 513 5648 ﬁdem
544 5592 833 5667 βασιλείαν
854 5612 869 5627 ο
910 5594 1115 5665 μᾶλλον
1150 5595 1230 5661 δὲ,
1254 5595 1473 5667 χρυσοῦ
1492 5595 1595 5667 μὲν
1625 5599 1719 5651 καὶ
1742 5596 1920 5667 ἀργύ-

323 5700 421 5756 ρου
452 5686 661 5753 παντὸς
687 5686 1137 5760 τιμαλφεστψαν
1164 5685 1305 5759 ἔχων
1343 5687 1543 5759 ψυχὴν,
1573 5684 1663 5743 οἷα
1688 5688 1746 5743 δὲ
1771 5688 1922 5744 λίθον

246 5795 251 5799 ·
313 5778 506 5848 τίμιον
529 5780 629 5835 καὶ
654 5779 982 5853 ἀξιέραστον
1028 5779 1152 5852 Θεῷ
1179 5780 1457 5852 repeterwa
1488 5781 1582 5834 τὸν
1603 5779 1751 5846 νοῦν,
1805 5779 1921 5835 ἁλί-

319 5887 518 5926 σκεται
549 5873 721 5947 τούτῳ
748 5874 847 5930 καὶ
896 5872 1146 5928 ποθεῖται
1191 5873 1286 5927 καὶ
1335 5873 1581 5947 ζητεῖται
1611 5890 1624 5905 ·
1663 5872 1922 5947 καὶπρὸς

2018 4666 2171 4722 nioni
2209 4666 2305 4737 qui
2346 4668 2467 4736 pari
2506 4667 2759 4722 instituto
2804 4664 2869 4720 ad
2912 4664 3117 4721 telonci
3157 4663 3308 4718 lucra
3349 4660 3603 4717 conside-

2020 4760 2407 4829 bant,'pudore
2431 4773 2719 4829 repressus
2734 4760 3081 4813 vocationem
3097 4756 3338 4826 respuit;
3364 4755 3457 4810 sed
3478 4770 3602 4809 mox

2018 4863 2153 4903 voce
2182 4848 2391 4908 audita,
2424 4857 2571 4902 totus
2594 4849 2810 4903 vocanti
2842 4848 3375 4915 devetus,velutque
3406 4860 3603 4915 repen-

2019 4943 2131 4996 tina
2164 4940 2398 5012 fulguris
2427 4940 2813 4995 ceruscatione
2852 4940 3038 4994 animo
3079 4940 3401 4994 illustratus.
3432 4948 3600 5007 atque

2018 5051 2049 5090 a
2077 5035 2332 5105 pecuniis
2377 5035 2657 5105 rebusque
2686 5049 2825 5104 quas
2853 5034 3108 5089 manibus
3131 5032 3388 5087 versabat
3418 5033 3602 5086 alieno

2018 5127 2201 5187 statim
2231 5126 2411 5181 factus
2439 5127 2662 5191 animo,
2690 5141 2755 5181 ac
2781 5126 3087 5182 vocationis
3111 5129 3167 5195 (ο
3197 5124 3414 5195 (idem!)
3444 5125 3498 5178 in
3533 5139 3601 5179 eo

2018 5217 2273 5283 victoria,
2302 5216 2485 5271 socios
2516 5215 2742 5287 quidem
2773 5224 3076 5286 quaestores
3108 5214 3397 5285 relinquit,
3436 5215 3603 5281 reliq-

2018 5311 2141 5383 quit
2156 5325 2288 5366 vero
2309 5310 2641 5381 portorium,
2658 5309 2998 5378 collectaque
3020 5308 3075 5362 in
3096 5324 3164 5364 eo
3190 5308 3393 5363 tributa
3416 5307 3601 5363 omnia

2021 5405 2243 5478 proiicit
2283 5421 2297 5459 :
2341 5419 2591 5474 auroque
2631 5403 2780 5458 omni
2821 5410 2990 5472 atque
3034 5409 3260 5471 argento
3298 5398 3600 5471 pretiosum
3672 5415 3675 5421 ‘

2020 5497 2378 5570 margaritum
2442 5505 2746 5552 commutat
2815 5512 2831 5552 :
2896 5493 3175 5565 missaque
3252 5500 3601 5548 terrenorum

2019 5591 2213 5663 rapina
2242 5591 2509 5647 caelorum
2539 5604 2769 5662 regnum
2811 5597 3029 5661 raptum
3072 5588 3271 5644 currit.
3318 5584 3600 5654 Quinimo.

2020 5703 2144 5746 cum
2184 5688 2367 5743 anima
2405 5702 2546 5742 auro
2587 5685 2738 5743 omni
2765 5693 2821 5741 et
2850 5693 3076 5755 argento
3104 5682 3435 5755 pretiosiore
3464 5694 3606 5750 prae-

2021 5781 2171 5837 ditus
2195 5789 2365 5837 esset.
2389 5780 2519 5834 dum
2550 5778 2701 5833 velut
2728 5776 2967 5849 lapidem
3001 5775 3305 5848 pretiosum
3329 5770 3605 5840 digneque

2021 5873 2336 5941 amabilem,
2362 5874 2476 5931 Deo
2502 5871 2756 5929 obtendit
2780 5872 3045 5939 animum,
3069 5869 3190 5943 ejus
3213 5868 3303 5925 ille
3328 5863 3606 5923 illecebris
